  <div class='ocr_page' id='page_1' title='image "/cluster/home/n/w/nwhite01/storage/ocr_20150623/14/hvd.32044073501363/192.png"; bbox 0 0 4020 6216; ppageno 0'>
   <div class='ocr_carea' id='block_1_1' title="bbox 345 247 459 304">
    <p class='ocr_par' dir='ltr' id='par_1_1' title="bbox 345 247 459 304">
     <span class='ocr_line' id='line_1_1' title="bbox 345 247 459 304; baseline 0.009 -1"><span class='ocrx_word' id='word_1_1' title='bbox 345 247 459 304; x_wconf 73' lang='grc'><strong>5⁸75</strong></span> 
     </span>
    </p>
   </div>
   <div class='ocr_carea' id='block_1_2' title="bbox 1459 235 2542 300">
    <p class='ocr_par' dir='ltr' id='par_1_2' title="bbox 1459 235 2542 300">
     <span class='ocr_line' id='line_1_2' title="bbox 1459 235 2542 300; baseline -0.008 -1"><span class='ocrx_word' id='word_1_2' title='bbox 1459 239 1809 300; x_wconf 77' lang='grc' dir='ltr'><strong>ῑΟΜΜΕΝΤ.</strong></span> <span class='ocrx_word' id='word_1_3' title='bbox 1851 239 1918 295; x_wconf 82' lang='grc' dir='ltr'>ΙΝ</span> <span class='ocrx_word' id='word_1_4' title='bbox 1956 239 2151 296; x_wconf 68' lang='grc' dir='ltr'>ιυΑΝ.</span> <span class='ocrx_word' id='word_1_5' title='bbox 2195 237 2436 294; x_wconf 73' lang='lat' dir='ltr'><strong>TOMUS</strong></span> <span class='ocrx_word' id='word_1_6' title='bbox 2474 235 2542 290; x_wconf 84' lang='lat' dir='ltr'><strong>X.</strong></span> 
     </span>
    </p>
   </div>
   <div class='ocr_carea' id='block_1_3' title="bbox 3499 228 3607 285">
    <p class='ocr_par' dir='ltr' id='par_1_3' title="bbox 3499 228 3607 285">
     <span class='ocr_line' id='line_1_3' title="bbox 3499 228 3607 285; baseline -0.028 0"><span class='ocrx_word' id='word_1_7' title='bbox 3499 228 3607 285; x_wconf 60' lang='lat'><strong>37$</strong></span> 
     </span>
    </p>
   </div>
   <div class='ocr_carea' id='block_1_4' title="bbox 360 345 1928 435">
    <p class='ocr_par' dir='ltr' id='par_1_4' title="bbox 360 353 1928 435">
     <span class='ocr_line' id='line_1_4' title="bbox 360 353 1928 435; baseline -0.003 -21"><span class='ocrx_word' id='word_1_8' title='bbox 360 360 600 435; x_wconf 79' lang='grc' dir='ltr'>Ἰσραὴλ,</span> <span class='ocrx_word' id='word_1_9' title='bbox 652 359 794 432; x_wconf 77' lang='grc' dir='ltr'><strong>ἡτῷ</strong></span> <span class='ocrx_word' id='word_1_10' title='bbox 843 358 1078 432; x_wconf 81' lang='grc' dir='ltr'><strong>Χριστοῦ</strong></span> <span class='ocrx_word' id='word_1_11' title='bbox 1124 359 1372 428; x_wconf 86' lang='grc' dir='ltr'>σώματι,</span> <span class='ocrx_word' id='word_1_12' title='bbox 1422 361 1552 430; x_wconf 72' lang='grc' dir='ltr'>περὶ</span> <span class='ocrx_word' id='word_1_13' title='bbox 1599 353 1660 412; x_wconf 78' lang='grc' dir='ltr'><strong>οῦ</strong></span> <span class='ocrx_word' id='word_1_14' title='bbox 1690 359 1874 427; x_wconf 75' lang='grc' dir='ltr'>ἔλεγεν</span> <span class='ocrx_word' id='word_1_15' title='bbox 1901 359 1928 410; x_wconf 85' lang='grc' dir='ltr'>ὁ</span> 
     </span>
    </p>
   </div>
   <div class='ocr_carea' id='block_1_5' title="bbox 2030 345 3606 435">
    <p class='ocr_par' dir='ltr' id='par_1_5' title="bbox 2035 345 3606 421">
     <span class='ocr_line' id='line_1_5' title="bbox 2035 345 3606 421; baseline -0.007 -10"><span class='ocrx_word' id='word_1_16' title='bbox 2035 365 2239 421; x_wconf 87' lang='lat' dir='ltr'><strong>nostra,</strong></span> <span class='ocrx_word' id='word_1_17' title='bbox 2274 354 2496 408; x_wconf 90' lang='lat' dir='ltr'><strong>abscissi</strong></span> <span class='ocrx_word' id='word_1_18' title='bbox 2525 349 2734 406; x_wconf 85' lang='lat' dir='ltr'><strong>sumus.</strong></span> <span class='ocrx_word' id='word_1_19' title='bbox 2773 369 2789 401; x_wconf 71' lang='grc' dir='ltr'><strong>ι</strong></span> <span class='ocrx_word' id='word_1_20' title='bbox 2825 349 3032 416; x_wconf 84' lang='lat' dir='ltr'><strong>Quibus</strong></span> <span class='ocrx_word' id='word_1_21' title='bbox 3057 347 3202 402; x_wconf 92' lang='lat' dir='ltr'><strong>enim</strong></span> <span class='ocrx_word' id='word_1_22' title='bbox 3230 345 3444 402; x_wconf 86' lang='lat' dir='ltr'><strong>ossibus</strong></span> <span class='ocrx_word' id='word_1_23' title='bbox 3471 347 3606 400; x_wconf 81' lang='lat' dir='ltr'><strong>dici-</strong></span> 
     </span>
    </p>
   </div>
   <div class='ocr_carea' id='block_1_6' title="bbox 345 450 1931 524">
    <p class='ocr_par' dir='ltr' id='par_1_6' title="bbox 345 450 1931 524">
     <span class='ocr_line' id='line_1_6' title="bbox 345 450 1931 524; baseline -0.001 -18"><span class='ocrx_word' id='word_1_24' title='bbox 345 453 556 524; x_wconf 79' lang='grc' dir='ltr'>Κύριος</span> <span class='ocrx_word' id='word_1_25' title='bbox 579 469 592 483; x_wconf 77' lang='grc' dir='ltr'><strong>ο</strong></span> <span class='ocrx_word' id='word_1_26' title='bbox 627 473 644 504; x_wconf 82' lang='grc' dir='ltr'><strong>ι</strong></span> <span class='ocrx_word' id='word_1_27' title='bbox 682 451 1078 524; x_wconf 76' lang='grc' dir='ltr'>Διεσκορπίσθη</span> <span class='ocrx_word' id='word_1_28' title='bbox 1117 452 1290 505; x_wconf 77' lang='grc' dir='ltr'>πάντα</span> <span class='ocrx_word' id='word_1_29' title='bbox 1321 450 1390 503; x_wconf 84' lang='grc' dir='ltr'>τὰ</span> <span class='ocrx_word' id='word_1_30' title='bbox 1419 451 1555 504; x_wconf 86' lang='grc' dir='ltr'>ὀστᾶ</span> <span class='ocrx_word' id='word_1_31' title='bbox 1586 469 1686 521; x_wconf 88' lang='grc' dir='ltr'><strong>μου</strong></span> <span class='ocrx_word' id='word_1_32' title='bbox 1708 492 1722 516; x_wconf 94' lang='grc'><strong>,</strong></span> <span class='ocrx_word' id='word_1_33' title='bbox 1761 471 1780 502; x_wconf 70' lang='grc' dir='ltr'><strong>ι</strong></span> <span class='ocrx_word' id='word_1_34' title='bbox 1822 450 1931 504; x_wconf 90' lang='grc' dir='ltr'><strong>τῶν</strong></span> 
     </span>
    </p>
   </div>
   <div class='ocr_carea' id='block_1_7' title="bbox 349 542 1932 614">
    <p class='ocr_par' dir='ltr' id='par_1_7' title="bbox 349 542 1932 614">
     <span class='ocr_line' id='line_1_7' title="bbox 349 542 1932 614; baseline 0.002 -21"><span class='ocrx_word' id='word_1_35' title='bbox 349 542 682 612; x_wconf 82' lang='grc' dir='ltr'><strong>σωματικῶν</strong></span> <span class='ocrx_word' id='word_1_36' title='bbox 714 544 914 597; x_wconf 80' lang='grc' dir='ltr'>ὀστέων</span> <span class='ocrx_word' id='word_1_37' title='bbox 942 543 1104 597; x_wconf 83' lang='grc' dir='ltr'>αὐτοῦ</span> <span class='ocrx_word' id='word_1_38' title='bbox 1143 543 1217 614; x_wconf 81' lang='grc' dir='ltr'>μὴ</span> <span class='ocrx_word' id='word_1_39' title='bbox 1247 542 1764 606; x_wconf 80' lang='grc' dir='ltr'><strong>διασκεδασθέντων,</strong></span> <span class='ocrx_word' id='word_1_40' title='bbox 1797 542 1932 596; x_wconf 81' lang='grc' dir='ltr'>ἀλλὰ</span> 
     </span>
    </p>
   </div>
   <div class='ocr_carea' id='block_1_8' title="bbox 352 632 1922 708">
    <p class='ocr_par' dir='ltr' id='par_1_8' title="bbox 352 632 1922 708">
     <span class='ocr_line' id='line_1_8' title="bbox 352 632 1922 708; baseline 0.001 -24"><span class='ocrx_word' id='word_1_41' title='bbox 352 632 489 703; x_wconf 78' lang='grc' dir='ltr'>μηδὲ</span> <span class='ocrx_word' id='word_1_42' title='bbox 524 633 895 708; x_wconf 77' lang='grc' dir='ltr'>συντριϐέντος</span> <span class='ocrx_word' id='word_1_43' title='bbox 933 634 1078 696; x_wconf 76' lang='grc' dir='ltr'>τινὸς</span> <span class='ocrx_word' id='word_1_44' title='bbox 1113 633 1173 698; x_wconf 75' lang='grc' dir='ltr'>ἐξ</span> <span class='ocrx_word' id='word_1_45' title='bbox 1219 633 1400 687; x_wconf 86' lang='grc' dir='ltr'>αὐτῶν</span> <span class='ocrx_word' id='word_1_46' title='bbox 1426 651 1441 699; x_wconf 90' lang='lat'><strong>;</strong></span> <span class='ocrx_word' id='word_1_47' title='bbox 1469 633 1600 688; x_wconf 85' lang='grc' dir='ltr'>Ὅτε</span> <span class='ocrx_word' id='word_1_48' title='bbox 1629 634 1687 687; x_wconf 86' lang='grc' dir='ltr'>δὲ</span> <span class='ocrx_word' id='word_1_49' title='bbox 1715 634 1922 702; x_wconf 87' lang='grc' dir='ltr'>γίνεται</span> 
     </span>
    </p>
   </div>
   <div class='ocr_carea' id='block_1_9' title="bbox 347 723 1932 796">
    <p class='ocr_par' dir='ltr' id='par_1_9' title="bbox 347 723 1932 796">
     <span class='ocr_line' id='line_1_9' title="bbox 347 723 1932 796; baseline 0 -20"><span class='ocrx_word' id='word_1_50' title='bbox 347 723 486 794; x_wconf 82' lang='grc' dir='ltr'>αὐτὴ</span> <span class='ocrx_word' id='word_1_51' title='bbox 517 725 551 794; x_wconf 88' lang='grc' dir='ltr'><strong>ἡ</strong></span> <span class='ocrx_word' id='word_1_52' title='bbox 572 724 868 788; x_wconf 81' lang='grc' dir='ltr'>ἀνάστασις</span> <span class='ocrx_word' id='word_1_53' title='bbox 890 723 985 777; x_wconf 87' lang='grc' dir='ltr'><strong>τοῦ</strong></span> <span class='ocrx_word' id='word_1_54' title='bbox 1015 723 1270 796; x_wconf 77' lang='grc' dir='ltr'><strong>ἀληθινοῦ</strong></span> <span class='ocrx_word' id='word_1_55' title='bbox 1300 725 1395 778; x_wconf 70' lang='grc' dir='ltr'>καὶ</span> <span class='ocrx_word' id='word_1_56' title='bbox 1427 725 1764 795; x_wconf 83' lang='grc' dir='ltr'>τελειοτέρου</span> <span class='ocrx_word' id='word_1_57' title='bbox 1797 725 1932 796; x_wconf 85' lang='grc' dir='ltr'>Χρι-</span> 
     </span>
    </p>
   </div>
   <div class='ocr_carea' id='block_1_10' title="bbox 351 813 1927 886">
    <p class='ocr_par' dir='ltr' id='par_1_10' title="bbox 351 813 1927 886">
     <span class='ocr_line' id='line_1_10' title="bbox 351 813 1927 886; baseline -0.001 -18"><span class='ocrx_word' id='word_1_58' title='bbox 351 813 478 868; x_wconf 89' lang='grc' dir='ltr'>στοῦ</span> <span class='ocrx_word' id='word_1_59' title='bbox 517 813 804 884; x_wconf 84' lang='grc' dir='ltr'>σώματος,</span> <span class='ocrx_word' id='word_1_60' title='bbox 847 814 972 868; x_wconf 86' lang='grc' dir='ltr'>τότε</span> <span class='ocrx_word' id='word_1_61' title='bbox 1022 815 1092 868; x_wconf 79' lang='grc' dir='ltr'>τὰ</span> <span class='ocrx_word' id='word_1_62' title='bbox 1139 814 1277 886; x_wconf 82' lang='grc' dir='ltr'><strong>μέλη</strong></span> <span class='ocrx_word' id='word_1_63' title='bbox 1317 814 1411 868; x_wconf 84' lang='grc' dir='ltr'><strong>τοῦ</strong></span> <span class='ocrx_word' id='word_1_64' title='bbox 1439 813 1674 885; x_wconf 80' lang='grc' dir='ltr'>Χριστοῦ</span> <span class='ocrx_word' id='word_1_65' title='bbox 1707 813 1776 867; x_wconf 73' lang='grc' dir='ltr'><strong>τὰ</strong></span> <span class='ocrx_word' id='word_1_66' title='bbox 1810 814 1927 877; x_wconf 90' lang='grc' dir='ltr'>νῦν,</span> 
     </span>
    </p>
   </div>
   <div class='ocr_carea' id='block_1_11' title="bbox 348 903 1928 976">
    <p class='ocr_par' dir='ltr' id='par_1_11' title="bbox 348 903 1928 976">
     <span class='ocr_line' id='line_1_11' title="bbox 348 903 1928 976; baseline 0.001 -20"><span class='ocrx_word' id='word_1_67' title='bbox 348 905 426 968; x_wconf 86' lang='grc' dir='ltr'>ὡς</span> <span class='ocrx_word' id='word_1_68' title='bbox 457 904 595 976; x_wconf 83' lang='grc' dir='ltr'>πρὸς</span> <span class='ocrx_word' id='word_1_69' title='bbox 618 905 678 958; x_wconf 83' lang='grc' dir='ltr'>τὸ</span> <span class='ocrx_word' id='word_1_70' title='bbox 709 903 924 975; x_wconf 81' lang='grc' dir='ltr'><strong>μέλλον,</strong></span> <span class='ocrx_word' id='word_1_71' title='bbox 955 904 1097 976; x_wconf 85' lang='grc' dir='ltr'>ξηρὰ</span> <span class='ocrx_word' id='word_1_72' title='bbox 1125 905 1261 958; x_wconf 76' lang='grc' dir='ltr'>ὀστᾶ</span> <span class='ocrx_word' id='word_1_73' title='bbox 1291 903 1708 975; x_wconf 78' lang='grc' dir='ltr'>συναχθήσεται,</span> <span class='ocrx_word' id='word_1_74' title='bbox 1737 903 1928 957; x_wconf 82' lang='grc' dir='ltr'>ὀστοῦν</span> 
     </span>
    </p>
   </div>
   <div class='ocr_carea' id='block_1_12' title="bbox 341 993 1929 1066">
    <p class='ocr_par' dir='ltr' id='par_1_12' title="bbox 341 993 1929 1066">
     <span class='ocr_line' id='line_1_12' title="bbox 341 993 1929 1066; baseline -0.002 -17"><span class='ocrx_word' id='word_1_75' title='bbox 341 994 492 1066; x_wconf 64' lang='grc' dir='ltr'>πρὸς</span> <span class='ocrx_word' id='word_1_76' title='bbox 523 994 746 1060; x_wconf 82' lang='grc' dir='ltr'>ὀστοῦν,</span> <span class='ocrx_word' id='word_1_77' title='bbox 789 996 885 1049; x_wconf 74' lang='grc' dir='ltr'>καὶ</span> <span class='ocrx_word' id='word_1_78' title='bbox 915 995 1152 1066; x_wconf 84' lang='grc' dir='ltr'>ἁρμονία</span> <span class='ocrx_word' id='word_1_79' title='bbox 1196 997 1331 1066; x_wconf 85' lang='grc' dir='ltr'>πρὸς</span> <span class='ocrx_word' id='word_1_80' title='bbox 1373 993 1674 1065; x_wconf 81' lang='grc' dir='ltr'>ἁρμονίαν,</span> <span class='ocrx_word' id='word_1_81' title='bbox 1717 993 1929 1057; x_wconf 78' lang='grc' dir='ltr'>οὐδενὸς</span> 
     </span>
    </p>
   </div>
   <div class='ocr_carea' id='block_1_13' title="bbox 253 1074 1931 1158">
    <p class='ocr_par' dir='ltr' id='par_1_13' title="bbox 253 1074 1931 1158">
     <span class='ocr_line' id='line_1_13' title="bbox 253 1074 1931 1158; baseline -0.003 -19"><span class='ocrx_word' id='word_1_82' title='bbox 253 1145 258 1148; x_wconf 46' lang='grc'><strong>,</strong></span> <span class='ocrx_word' id='word_1_83' title='bbox 323 1074 460 1138; x_wconf 54' lang='grc' dir='ltr'>’τῶν</span> <span class='ocrx_word' id='word_1_84' title='bbox 511 1086 897 1158; x_wconf 79' lang='grc' dir='ltr'>ἐστερημένων</span> <span class='ocrx_word' id='word_1_85' title='bbox 937 1086 1200 1158; x_wconf 82' lang='grc' dir='ltr'>ἁρμονίας</span> <span class='ocrx_word' id='word_1_86' title='bbox 1247 1087 1678 1156; x_wconf 86' lang='grc' dir='ltr'>καταντήσοντος</span> <span class='ocrx_word' id='word_1_87' title='bbox 1721 1084 1803 1146; x_wconf 86' lang='grc' dir='ltr'><strong>είς</strong></span> <span class='ocrx_word' id='word_1_88' title='bbox 1843 1082 1931 1135; x_wconf 76' lang='grc' dir='ltr'>τέ-</span> 
     </span>
    </p>
   </div>
   <div class='ocr_carea' id='block_1_14' title="bbox 351 1171 1934 1248">
    <p class='ocr_par' dir='ltr' id='par_1_14' title="bbox 351 1171 1934 1248">
     <span class='ocr_line' id='line_1_14' title="bbox 351 1171 1934 1248; baseline -0.003 -20"><span class='ocrx_word' id='word_1_89' title='bbox 351 1186 489 1230; x_wconf 82' lang='grc' dir='ltr'>λειον</span> <span class='ocrx_word' id='word_1_90' title='bbox 521 1176 711 1248; x_wconf 83' lang='grc' dir='ltr'>ἄνδρα,</span> <span class='ocrx_word' id='word_1_91' title='bbox 747 1195 765 1227; x_wconf 84' lang='grc' dir='ltr'><strong>ι</strong></span> <span class='ocrx_word' id='word_1_92' title='bbox 793 1177 873 1239; x_wconf 84' lang='grc' dir='ltr'><strong>είς</strong></span> <span class='ocrx_word' id='word_1_93' title='bbox 899 1176 961 1229; x_wconf 87' lang='grc' dir='ltr'>τὸ</span> <span class='ocrx_word' id='word_1_94' title='bbox 989 1176 1184 1248; x_wconf 84' lang='grc' dir='ltr'>μέτρον</span> <span class='ocrx_word' id='word_1_95' title='bbox 1211 1175 1312 1246; x_wconf 89' lang='grc' dir='ltr'><strong>τῆς</strong></span> <span class='ocrx_word' id='word_1_96' title='bbox 1342 1175 1557 1246; x_wconf 81' lang='grc' dir='ltr'>ἡλικίας</span> <span class='ocrx_word' id='word_1_97' title='bbox 1591 1173 1685 1227; x_wconf 89' lang='grc' dir='ltr'><strong>τοῦ</strong></span> <span class='ocrx_word' id='word_1_98' title='bbox 1720 1171 1934 1243; x_wconf 85' lang='grc' dir='ltr'>πληρώ-</span> 
     </span>
    </p>
   </div>
   <div class='ocr_carea' id='block_1_15' title="bbox 353 1263 1932 1344">
    <p class='ocr_par' dir='ltr' id='par_1_15' title="bbox 353 1263 1932 1344">
     <span class='ocr_line' id='line_1_15' title="bbox 353 1263 1932 1344; baseline -0.002 -25"><span class='ocrx_word' id='word_1_99' title='bbox 353 1282 519 1338; x_wconf 86' lang='grc' dir='ltr'>ματος</span> <span class='ocrx_word' id='word_1_100' title='bbox 544 1266 638 1320; x_wconf 88' lang='grc' dir='ltr'><strong>τοῦ</strong></span> <span class='ocrx_word' id='word_1_101' title='bbox 688 1265 935 1338; x_wconf 84' lang='grc' dir='ltr'>σώματος</span> <span class='ocrx_word' id='word_1_102' title='bbox 973 1265 1066 1320; x_wconf 90' lang='grc' dir='ltr'><strong>τοῦ</strong></span> <span class='ocrx_word' id='word_1_103' title='bbox 1104 1266 1340 1338; x_wconf 86' lang='grc' dir='ltr'>Χριστοῦ</span> <span class='ocrx_word' id='word_1_104' title='bbox 1365 1283 1379 1296; x_wconf 77' lang='grc' dir='ltr'><strong><em>ο</em></strong></span> <span class='ocrx_word' id='word_1_105' title='bbox 1419 1285 1438 1319; x_wconf 69' lang='grc' dir='ltr'><strong>ι</strong></span> <span class='ocrx_word' id='word_1_106' title='bbox 1469 1265 1585 1344; x_wconf 58' lang='grc' dir='ltr'><strong>κοιλ.⁸</strong></span> <span class='ocrx_word' id='word_1_107' title='bbox 1608 1265 1729 1318; x_wconf 88' lang='grc' dir='ltr'>τότε</span> <span class='ocrx_word' id='word_1_108' title='bbox 1761 1263 1932 1317; x_wconf 79' lang='grc' dir='ltr'>πολλὰ</span> 
     </span>
    </p>
   </div>
   <div class='ocr_carea' id='block_1_16' title="bbox 352 1347 1933 1428">
    <p class='ocr_par' dir='ltr' id='par_1_16' title="bbox 352 1347 1933 1428">
     <span class='ocr_line' id='line_1_16' title="bbox 352 1347 1933 1428; baseline -0.002 -18"><span class='ocrx_word' id='word_1_109' title='bbox 352 1357 490 1428; x_wconf 92' lang='grc' dir='ltr'>μέλη</span> <span class='ocrx_word' id='word_1_110' title='bbox 515 1357 575 1410; x_wconf 79' lang='grc' dir='ltr'><strong>τὺ</strong></span> <span class='ocrx_word' id='word_1_111' title='bbox 606 1357 664 1409; x_wconf 78' lang='grc' dir='ltr'>ἓν</span> <span class='ocrx_word' id='word_1_112' title='bbox 697 1357 849 1410; x_wconf 74' lang='grc' dir='ltr'>ἔσται</span> <span class='ocrx_word' id='word_1_113' title='bbox 884 1355 1041 1428; x_wconf 88' lang='grc' dir='ltr'>σῶμα</span> <span class='ocrx_word' id='word_1_114' title='bbox 1061 1397 1076 1422; x_wconf 92' lang='grc'><strong>,</strong></span> <span class='ocrx_word' id='word_1_115' title='bbox 1131 1359 1350 1412; x_wconf 80' lang='grc' dir='ltr'>πάντων</span> <span class='ocrx_word' id='word_1_116' title='bbox 1391 1356 1487 1410; x_wconf 89' lang='grc' dir='ltr'><strong>τοῦ</strong></span> <span class='ocrx_word' id='word_1_117' title='bbox 1538 1347 1788 1427; x_wconf 81' lang='grc' dir='ltr'>σώματος</span> <span class='ocrx_word' id='word_1_118' title='bbox 1837 1372 1933 1426; x_wconf 86' lang='grc' dir='ltr'>με-</span> 
     </span>
    </p>
   </div>
   <div class='ocr_carea' id='block_1_17' title="bbox 349 1445 1932 1519">
    <p class='ocr_par' dir='ltr' id='par_1_17' title="bbox 349 1445 1932 1519">
     <span class='ocr_line' id='line_1_17' title="bbox 349 1445 1932 1519; baseline -0.001 -20"><span class='ocrx_word' id='word_1_119' title='bbox 349 1446 457 1500; x_wconf 85' lang='grc' dir='ltr'><strong>λῶν</strong></span> <span class='ocrx_word' id='word_1_120' title='bbox 489 1447 698 1501; x_wconf 85' lang='grc' dir='ltr'>πολλῶν</span> <span class='ocrx_word' id='word_1_121' title='bbox 728 1448 899 1502; x_wconf 80' lang='grc' dir='ltr'>δντων</span> <span class='ocrx_word' id='word_1_122' title='bbox 930 1447 1230 1519; x_wconf 81' lang='grc' dir='ltr'>γινομένων</span> <span class='ocrx_word' id='word_1_123' title='bbox 1264 1448 1384 1510; x_wconf 81' lang='grc' dir='ltr'>ἑνὸς</span> <span class='ocrx_word' id='word_1_124' title='bbox 1415 1445 1695 1517; x_wconf 81' lang='grc' dir='ltr'>σώματος’</span> <span class='ocrx_word' id='word_1_125' title='bbox 1737 1448 1841 1518; x_wconf 81' lang='grc' dir='ltr'>τὴν</span> <span class='ocrx_word' id='word_1_126' title='bbox 1873 1445 1932 1499; x_wconf 79' lang='grc' dir='ltr'>δὲ</span> 
     </span>
    </p>
   </div>
   <div class='ocr_carea' id='block_1_18' title="bbox 351 1537 1927 1612">
    <p class='ocr_par' dir='ltr' id='par_1_18' title="bbox 351 1537 1927 1612">
     <span class='ocr_line' id='line_1_18' title="bbox 351 1537 1927 1612; baseline 0 -20"><span class='ocrx_word' id='word_1_127' title='bbox 351 1539 534 1609; x_wconf 82' lang='grc' dir='ltr'>κρίσιν</span> <span class='ocrx_word' id='word_1_128' title='bbox 565 1540 723 1604; x_wconf 73' lang='grc' dir='ltr'>ποδὸς</span> <span class='ocrx_word' id='word_1_129' title='bbox 744 1580 759 1605; x_wconf 89' lang='grc'><strong>,</strong></span> <span class='ocrx_word' id='word_1_130' title='bbox 791 1540 884 1593; x_wconf 77' lang='grc' dir='ltr'>καὶ</span> <span class='ocrx_word' id='word_1_131' title='bbox 914 1540 1097 1612; x_wconf 84' lang='grc' dir='ltr'>χειρὸς</span> <span class='ocrx_word' id='word_1_132' title='bbox 1118 1579 1134 1604; x_wconf 88' lang='grc'><strong>,</strong></span> <span class='ocrx_word' id='word_1_133' title='bbox 1170 1539 1265 1592; x_wconf 72' lang='grc' dir='ltr'><strong>καὶ</strong></span> <span class='ocrx_word' id='word_1_134' title='bbox 1288 1538 1589 1610; x_wconf 81' lang='grc' dir='ltr'>ὀφθαλμοῦ,</span> <span class='ocrx_word' id='word_1_135' title='bbox 1618 1539 1713 1591; x_wconf 79' lang='grc' dir='ltr'>καὶ</span> <span class='ocrx_word' id='word_1_136' title='bbox 1735 1537 1927 1608; x_wconf 86' lang='grc' dir='ltr'>ἀκοῆς,</span> 
     </span>
    </p>
   </div>
   <div class='ocr_carea' id='block_1_19' title="bbox 350 1627 1930 1702">
    <p class='ocr_par' dir='ltr' id='par_1_19' title="bbox 350 1627 1930 1702">
     <span class='ocr_line' id='line_1_19' title="bbox 350 1627 1930 1702; baseline -0.002 -20"><span class='ocrx_word' id='word_1_137' title='bbox 350 1630 444 1683; x_wconf 80' lang='grc' dir='ltr'>καὶ</span> <span class='ocrx_word' id='word_1_138' title='bbox 481 1630 799 1702; x_wconf 81' lang='grc' dir='ltr'>ὀσφρήσεως</span> <span class='ocrx_word' id='word_1_139' title='bbox 827 1629 936 1684; x_wconf 89' lang='grc' dir='ltr'><strong>τῶν</strong></span> <span class='ocrx_word' id='word_1_140' title='bbox 963 1627 1429 1701; x_wconf 86' lang='grc' dir='ltr'>συμπληρούντων</span> <span class='ocrx_word' id='word_1_141' title='bbox 1464 1628 1567 1699; x_wconf 81' lang='grc' dir='ltr'>ίδίᾳ</span> <span class='ocrx_word' id='word_1_142' title='bbox 1596 1627 1693 1696; x_wconf 82' lang='grc' dir='ltr'>μὲν</span> <span class='ocrx_word' id='word_1_143' title='bbox 1715 1627 1814 1697; x_wconf 84' lang='grc' dir='ltr'><strong>τὴν</strong></span> <span class='ocrx_word' id='word_1_144' title='bbox 1838 1644 1930 1680; x_wconf 91' lang='grc' dir='ltr'>κε-</span> 
     </span>
    </p>
   </div>
   <div class='ocr_carea' id='block_1_20' title="bbox 351 1701 2003 1794">
    <p class='ocr_par' dir='ltr' id='par_1_20' title="bbox 351 1701 2003 1794">
     <span class='ocr_line' id='line_1_20' title="bbox 351 1701 2003 1794; baseline -0.001 -19"><span class='ocrx_word' id='word_1_145' title='bbox 351 1721 548 1792; x_wconf 78' lang='grc' dir='ltr'>φαλὴν,</span> <span class='ocrx_word' id='word_1_146' title='bbox 587 1701 692 1792; x_wconf 74' lang='grc' dir='ltr'>ίδίᾳ</span> <span class='ocrx_word' id='word_1_147' title='bbox 719 1722 775 1777; x_wconf 79' lang='grc' dir='ltr'>δὲ</span> <span class='ocrx_word' id='word_1_148' title='bbox 803 1723 930 1784; x_wconf 87' lang='grc' dir='ltr'>τοὺς</span> <span class='ocrx_word' id='word_1_149' title='bbox 956 1722 1146 1785; x_wconf 83' lang='grc' dir='ltr'>πόδας,</span> <span class='ocrx_word' id='word_1_150' title='bbox 1177 1722 1269 1774; x_wconf 75' lang='grc' dir='ltr'>καὶ</span> <span class='ocrx_word' id='word_1_151' title='bbox 1300 1720 1369 1774; x_wconf 82' lang='grc' dir='ltr'><strong>τὰ</strong></span> <span class='ocrx_word' id='word_1_152' title='bbox 1397 1720 1555 1773; x_wconf 81' lang='grc' dir='ltr'>λοιπὰ</span> <span class='ocrx_word' id='word_1_153' title='bbox 1583 1719 1690 1772; x_wconf 91' lang='grc' dir='ltr'><strong>τῶν</strong></span> <span class='ocrx_word' id='word_1_154' title='bbox 1723 1719 1923 1794; x_wconf 85' lang='grc' dir='ltr'>μελῶν,</span> <span class='ocrx_word' id='word_1_155' title='bbox 1959 1701 2003 1760; x_wconf 77' lang='grc' dir='ltr'><strong>Β</strong></span> 
     </span>
    </p>
   </div>
   <div class='ocr_carea' id='block_1_21' title="bbox 347 1813 1921 1884">
    <p class='ocr_par' dir='ltr' id='par_1_21' title="bbox 347 1813 1921 1884">
     <span class='ocr_line' id='line_1_21' title="bbox 347 1813 1921 1884; baseline 0 -20"><span class='ocrx_word' id='word_1_156' title='bbox 347 1813 420 1866; x_wconf 82' lang='grc' dir='ltr'>τά</span> <span class='ocrx_word' id='word_1_157' title='bbox 450 1830 509 1866; x_wconf 88' lang='grc' dir='ltr'><strong>τε</strong></span> <span class='ocrx_word' id='word_1_158' title='bbox 535 1813 922 1884; x_wconf 84' lang='grc' dir='ltr'>ἀσθενέστερα,</span> <span class='ocrx_word' id='word_1_159' title='bbox 957 1815 1051 1866; x_wconf 79' lang='grc' dir='ltr'>καὶ</span> <span class='ocrx_word' id='word_1_160' title='bbox 1080 1813 1433 1883; x_wconf 86' lang='grc' dir='ltr'>ταπεινότερα</span> <span class='ocrx_word' id='word_1_161' title='bbox 1453 1852 1467 1876; x_wconf 92' lang='grc'><strong>,</strong></span> <span class='ocrx_word' id='word_1_162' title='bbox 1501 1813 1593 1865; x_wconf 73' lang='grc' dir='ltr'>καὶ</span> <span class='ocrx_word' id='word_1_163' title='bbox 1617 1813 1921 1882; x_wconf 79' lang='grc' dir='ltr'>ἀσχήμονα,</span> 
     </span>
    </p>
   </div>
   <div class='ocr_carea' id='block_1_22' title="bbox 349 1901 1926 1973">
    <p class='ocr_par' dir='ltr' id='par_1_22' title="bbox 349 1901 1926 1973">
     <span class='ocr_line' id='line_1_22' title="bbox 349 1901 1926 1973; baseline -0.002 -17"><span class='ocrx_word' id='word_1_164' title='bbox 349 1903 446 1956; x_wconf 76' lang='grc' dir='ltr'>καὶ</span> <span class='ocrx_word' id='word_1_165' title='bbox 499 1903 842 1973; x_wconf 80' lang='grc' dir='ltr'>εὐσχήμονα,</span> <span class='ocrx_word' id='word_1_166' title='bbox 900 1903 1061 1972; x_wconf 86' lang='grc' dir='ltr'>μόνου</span> <span class='ocrx_word' id='word_1_167' title='bbox 1113 1901 1244 1956; x_wconf 85' lang='grc' dir='ltr'>Θεοῦ</span> <span class='ocrx_word' id='word_1_168' title='bbox 1291 1904 1407 1955; x_wconf 81' lang='grc' dir='ltr'>ἑστι</span> <span class='ocrx_word' id='word_1_169' title='bbox 1455 1901 1818 1972; x_wconf 88' lang='grc' dir='ltr'>ποιήσασθαι,</span> <span class='ocrx_word' id='word_1_170' title='bbox 1865 1902 1926 1966; x_wconf 83' lang='grc' dir='ltr'>ὃς</span> 
     </span>
    </p>
   </div>
   <div class='ocr_carea' id='block_1_23' title="bbox 349 1991 1926 2067">
    <p class='ocr_par' dir='ltr' id='par_1_23' title="bbox 349 1991 1926 2067">
     <span class='ocr_line' id='line_1_23' title="bbox 349 1991 1926 2067; baseline 0 -21"><span class='ocrx_word' id='word_1_171' title='bbox 349 1993 683 2067; x_wconf 87' lang='grc' dir='ltr'>συγκεράσει</span> <span class='ocrx_word' id='word_1_172' title='bbox 715 1993 777 2046; x_wconf 83' lang='grc' dir='ltr'>τὸ</span> <span class='ocrx_word' id='word_1_173' title='bbox 826 1993 984 2064; x_wconf 87' lang='grc' dir='ltr'>σῶμα</span> <span class='ocrx_word' id='word_1_174' title='bbox 1005 2008 1019 2022; x_wconf 84' lang='lat'><strong><em>°</em></strong></span> <span class='ocrx_word' id='word_1_175' title='bbox 1060 1993 1152 2046; x_wconf 74' lang='grc' dir='ltr'>καὶ</span> <span class='ocrx_word' id='word_1_176' title='bbox 1188 1992 1310 2046; x_wconf 87' lang='grc' dir='ltr'>τότε</span> <span class='ocrx_word' id='word_1_177' title='bbox 1353 1991 1554 2063; x_wconf 79' lang='grc' dir='ltr'>μᾶλλον</span> <span class='ocrx_word' id='word_1_178' title='bbox 1581 1991 1676 2045; x_wconf 89' lang='grc' dir='ltr'><strong>τοῦ</strong></span> <span class='ocrx_word' id='word_1_179' title='bbox 1711 1991 1806 2046; x_wconf 91' lang='grc' dir='ltr'><strong>νῦν</strong></span> <span class='ocrx_word' id='word_1_180' title='bbox 1845 1992 1926 2063; x_wconf 85' lang='grc' dir='ltr'><strong>τῷ</strong></span> 
     </span>
    </p>
   </div>
   <div class='ocr_carea' id='block_1_24' title="bbox 351 2081 1930 2154">
    <p class='ocr_par' dir='ltr' id='par_1_24' title="bbox 351 2081 1930 2154">
     <span class='ocr_line' id='line_1_24' title="bbox 351 2081 1930 2154; baseline 0 -18"><span class='ocrx_word' id='word_1_181' title='bbox 351 2081 671 2153; x_wconf 82' lang='grc' dir='ltr'>ὑστεροῦντι</span> <span class='ocrx_word' id='word_1_182' title='bbox 703 2082 1091 2154; x_wconf 83' lang='grc' dir='ltr'>περισσοτέραν</span> <span class='ocrx_word' id='word_1_183' title='bbox 1111 2082 1288 2145; x_wconf 81' lang='grc' dir='ltr'>διδοὺς</span> <span class='ocrx_word' id='word_1_184' title='bbox 1322 2083 1510 2154; x_wconf 82' lang='grc' dir='ltr'>τιμὴν,</span> <span class='ocrx_word' id='word_1_185' title='bbox 1547 2082 1633 2136; x_wconf 78' lang='grc' dir='ltr'><strong>ἵνα</strong></span> <span class='ocrx_word' id='word_1_186' title='bbox 1667 2083 1930 2154; x_wconf 84' lang='grc' dir='ltr'>μηδαμῶς</span> 
     </span>
    </p>
   </div>
   <div class='ocr_carea' id='block_1_25' title="bbox 345 2169 1932 2248">
    <p class='ocr_par' dir='ltr' id='par_1_25' title="bbox 345 2169 1932 2248">
     <span class='ocr_line' id='line_1_25' title="bbox 345 2169 1932 2248; baseline -0.001 -20"><span class='ocrx_word' id='word_1_187' title='bbox 345 2169 381 2248; x_wconf 81' lang='grc' dir='ltr'>ᾗ</span> <span class='ocrx_word' id='word_1_188' title='bbox 411 2175 618 2245; x_wconf 87' lang='grc' dir='ltr'>σχίσμα</span> <span class='ocrx_word' id='word_1_189' title='bbox 645 2175 704 2226; x_wconf 82' lang='grc' dir='ltr'>ὲν</span> <span class='ocrx_word' id='word_1_190' title='bbox 734 2172 811 2244; x_wconf 85' lang='grc' dir='ltr'>τῷ</span> <span class='ocrx_word' id='word_1_191' title='bbox 838 2173 1079 2244; x_wconf 86' lang='grc' dir='ltr'>σώματι,</span> <span class='ocrx_word' id='word_1_192' title='bbox 1109 2173 1244 2228; x_wconf 83' lang='grc' dir='ltr'>ἀλλὰ</span> <span class='ocrx_word' id='word_1_193' title='bbox 1271 2174 1334 2228; x_wconf 83' lang='grc' dir='ltr'>τὸ</span> <span class='ocrx_word' id='word_1_194' title='bbox 1361 2175 1494 2228; x_wconf 81' lang='grc' dir='ltr'>αὐτὸ</span> <span class='ocrx_word' id='word_1_195' title='bbox 1525 2174 1666 2246; x_wconf 80' lang='grc' dir='ltr'>ὑπὲρ</span> <span class='ocrx_word' id='word_1_196' title='bbox 1697 2174 1810 2246; x_wconf 77' lang='grc'><strong>(12)</strong></span> <span class='ocrx_word' id='word_1_197' title='bbox 1837 2175 1932 2228; x_wconf 82' lang='grc' dir='ltr'><strong>ἀλ-</strong></span> 
     </span>
    </p>
   </div>
   <div class='ocr_carea' id='block_1_26' title="bbox 348 2261 1930 2335">
    <p class='ocr_par' dir='ltr' id='par_1_26' title="bbox 348 2261 1930 2335">
     <span class='ocr_line' id='line_1_26' title="bbox 348 2261 1930 2335; baseline 0.001 -19"><span class='ocrx_word' id='word_1_198' title='bbox 348 2263 524 2335; x_wconf 81' lang='grc' dir='ltr'>λήλων</span> <span class='ocrx_word' id='word_1_199' title='bbox 571 2263 875 2334; x_wconf 86' lang='grc' dir='ltr'>μεριμνῶσι</span> <span class='ocrx_word' id='word_1_200' title='bbox 919 2262 994 2316; x_wconf 81' lang='grc' dir='ltr'><strong>τὰ</strong></span> <span class='ocrx_word' id='word_1_201' title='bbox 1033 2262 1205 2334; x_wconf 86' lang='grc' dir='ltr'>μέλη,</span> <span class='ocrx_word' id='word_1_202' title='bbox 1241 2263 1336 2317; x_wconf 72' lang='grc' dir='ltr'>καὶ</span> <span class='ocrx_word' id='word_1_203' title='bbox 1369 2261 1424 2315; x_wconf 80' lang='grc' dir='ltr'>εἴ</span> <span class='ocrx_word' id='word_1_204' title='bbox 1465 2279 1589 2315; x_wconf 88' lang='grc' dir='ltr'>τινα</span> <span class='ocrx_word' id='word_1_205' title='bbox 1632 2261 1930 2317; x_wconf 71' lang='grc' dir='ltr'>εὐπάθειαν</span> 
     </span>
    </p>
   </div>
   <div class='ocr_carea' id='block_1_27' title="bbox 347 2353 1930 2426">
    <p class='ocr_par' dir='ltr' id='par_1_27' title="bbox 347 2353 1930 2426">
     <span class='ocr_line' id='line_1_27' title="bbox 347 2353 1930 2426; baseline 0 -18"><span class='ocrx_word' id='word_1_206' title='bbox 347 2355 464 2424; x_wconf 72' lang='grc' dir='ltr'>ἔχει</span> <span class='ocrx_word' id='word_1_207' title='bbox 509 2353 701 2424; x_wconf 86' lang='grc' dir='ltr'>μέλος,</span> <span class='ocrx_word' id='word_1_208' title='bbox 745 2354 1132 2426; x_wconf 85' lang='grc' dir='ltr'>συνευπαθὴσῃ</span> <span class='ocrx_word' id='word_1_209' title='bbox 1165 2355 1342 2410; x_wconf 80' lang='grc' dir='ltr'>πάντα</span> <span class='ocrx_word' id='word_1_210' title='bbox 1383 2355 1451 2408; x_wconf 85' lang='grc' dir='ltr'>τὰ</span> <span class='ocrx_word' id='word_1_211' title='bbox 1484 2354 1620 2426; x_wconf 91' lang='grc' dir='ltr'>μέλη</span> <span class='ocrx_word' id='word_1_212' title='bbox 1642 2393 1658 2418; x_wconf 90' lang='grc'><strong>,</strong></span> <span class='ocrx_word' id='word_1_213' title='bbox 1705 2353 1817 2409; x_wconf 75' lang='grc' dir='ltr'>εἴτε</span> <span class='ocrx_word' id='word_1_214' title='bbox 1843 2353 1930 2408; x_wconf 81' lang='grc' dir='ltr'>δο-</span> 
     </span>
    </p>
   </div>
   <div class='ocr_carea' id='block_1_28' title="bbox 349 2443 1247 2517">
    <p class='ocr_par' dir='ltr' id='par_1_28' title="bbox 349 2443 1247 2517">
     <span class='ocr_line' id='line_1_28' title="bbox 349 2443 1247 2517; baseline 0.002 -19"><span class='ocrx_word' id='word_1_215' title='bbox 349 2443 570 2508; x_wconf 78' lang='grc' dir='ltr'>ξάζεται</span> <span class='ocrx_word' id='word_1_216' title='bbox 591 2483 605 2507; x_wconf 94' lang='grc'><strong>,</strong></span> <span class='ocrx_word' id='word_1_217' title='bbox 653 2443 924 2517; x_wconf 80' lang='grc' dir='ltr'>συγχαίρῃ</span> <span class='ocrx_word' id='word_1_218' title='bbox 955 2444 1024 2497; x_wconf 81' lang='grc' dir='ltr'>τὰ</span> <span class='ocrx_word' id='word_1_219' title='bbox 1049 2446 1247 2500; x_wconf 86' lang='grc' dir='ltr'>πάντα.</span> 
     </span>
    </p>
   </div>
   <div class='ocr_carea' id='block_1_29' title="bbox 2037 440 3607 508">
    <p class='ocr_par' dir='ltr' id='par_1_29' title="bbox 2037 440 3607 508">
     <span class='ocr_line' id='line_1_29' title="bbox 2037 440 3607 508; baseline -0.008 -5"><span class='ocrx_word' id='word_1_220' title='bbox 2037 458 2123 503; x_wconf 91' lang='lat' dir='ltr'><strong>tur</strong></span> <span class='ocrx_word' id='word_1_221' title='bbox 2163 465 2175 501; x_wconf 90' lang='lat'>:</span> <span class='ocrx_word' id='word_1_222' title='bbox 2215 463 2233 496; x_wconf 80' lang='grc' dir='ltr'><strong>ι</strong></span> <span class='ocrx_word' id='word_1_223' title='bbox 2269 443 2467 499; x_wconf 81' lang='lat' dir='ltr'><strong>Audite</strong></span> <span class='ocrx_word' id='word_1_224' title='bbox 2517 443 2741 496; x_wconf 83' lang='lat' dir='ltr'><strong>verbum</strong></span> <span class='ocrx_word' id='word_1_225' title='bbox 2805 440 3037 506; x_wconf 91' lang='lat' dir='ltr'><strong>Domini,</strong></span> <span class='ocrx_word' id='word_1_226' title='bbox 3097 458 3114 490; x_wconf 73' lang='grc' dir='ltr'><strong>ι</strong></span> <span class='ocrx_word' id='word_1_227' title='bbox 3173 447 3428 508; x_wconf 92' lang='lat' dir='ltr'><strong>tanquam</strong></span> <span class='ocrx_word' id='word_1_228' title='bbox 3484 452 3607 504; x_wconf 75' lang='lat' dir='ltr'><strong>qua:</strong></span> 
     </span>
    </p>
   </div>
   <div class='ocr_carea' id='block_1_30' title="bbox 2034 525 3604 596">
    <p class='ocr_par' dir='ltr' id='par_1_30' title="bbox 2034 525 3604 596">
     <span class='ocr_line' id='line_1_30' title="bbox 2034 525 3604 596; baseline -0.007 -7"><span class='ocrx_word' id='word_1_229' title='bbox 2034 535 2272 590; x_wconf 89' lang='lat' dir='ltr'><strong>sentiant</strong></span> <span class='ocrx_word' id='word_1_230' title='bbox 2319 534 2542 587; x_wconf 85' lang='lat' dir='ltr'><strong>verbum</strong></span> <span class='ocrx_word' id='word_1_231' title='bbox 2591 530 2824 592; x_wconf 89' lang='lat' dir='ltr'><strong>Domini,</strong></span> <span class='ocrx_word' id='word_1_232' title='bbox 2859 541 3220 596; x_wconf 89' lang='lat' dir='ltr'><strong>tanquamqne</strong></span> <span class='ocrx_word' id='word_1_233' title='bbox 3259 541 3380 595; x_wconf 74' lang='lat' dir='ltr'><strong>quae</strong></span> <span class='ocrx_word' id='word_1_234' title='bbox 3409 525 3517 579; x_wconf 89' lang='lat' dir='ltr'><strong>sint</strong></span> <span class='ocrx_word' id='word_1_235' title='bbox 3551 525 3604 578; x_wconf 94' lang='lat' dir='ltr'><strong>in</strong></span> 
     </span>
    </p>
   </div>
   <div class='ocr_carea' id='block_1_31' title="bbox 2035 619 3657 692">
    <p class='ocr_par' dir='ltr' id='par_1_31' title="bbox 2035 619 3657 692">
     <span class='ocr_line' id='line_1_31' title="bbox 2035 619 3657 692; baseline -0.006 -9"><span class='ocrx_word' id='word_1_236' title='bbox 2035 629 2193 683; x_wconf 91' lang='lat' dir='ltr'><strong>domo</strong></span> <span class='ocrx_word' id='word_1_237' title='bbox 2225 627 2413 690; x_wconf 82' lang='lat' dir='ltr'><strong>Israel,</strong></span> <span class='ocrx_word' id='word_1_238' title='bbox 2460 625 2561 680; x_wconf 86' lang='lat' dir='ltr'><strong>nisi</strong></span> <span class='ocrx_word' id='word_1_239' title='bbox 2603 623 2804 679; x_wconf 78' lang='lat' dir='ltr'><strong>ChriSti</strong></span> <span class='ocrx_word' id='word_1_240' title='bbox 2857 622 3092 692; x_wconf 88' lang='lat' dir='ltr'><strong>corpori,</strong></span> <span class='ocrx_word' id='word_1_241' title='bbox 3138 621 3205 674; x_wconf 92' lang='lat' dir='ltr'><strong>de</strong></span> <span class='ocrx_word' id='word_1_242' title='bbox 3254 635 3362 689; x_wconf 86' lang='lat' dir='ltr'><strong>quo</strong></span> <span class='ocrx_word' id='word_1_243' title='bbox 3392 619 3608 674; x_wconf 88' lang='lat' dir='ltr'><strong>dicebat</strong></span> <span class='ocrx_word' id='word_1_244' title='bbox 3654 633 3657 638; x_wconf 57' lang='grc' dir='ltr'><strong>λ</strong></span> 
     </span>
    </p>
   </div>
   <div class='ocr_carea' id='block_1_32' title="bbox 2033 712 3602 783">
    <p class='ocr_par' dir='ltr' id='par_1_32' title="bbox 2033 712 3602 783">
     <span class='ocr_line' id='line_1_32' title="bbox 2033 712 3602 783; baseline -0.008 -11"><span class='ocrx_word' id='word_1_245' title='bbox 2033 717 2294 774; x_wconf 90' lang='lat' dir='ltr'><strong>Dominus</strong></span> <span class='ocrx_word' id='word_1_246' title='bbox 2339 718 2385 750; x_wconf 82' lang='lat'>”</span> <span class='ocrx_word' id='word_1_247' title='bbox 2433 736 2446 772; x_wconf 88' lang='lat'><strong>:</strong></span> <span class='ocrx_word' id='word_1_248' title='bbox 2504 736 2522 768; x_wconf 79' lang='grc' dir='ltr'><strong>ι</strong></span> <span class='ocrx_word' id='word_1_249' title='bbox 2561 715 2825 783; x_wconf 83' lang='lat' dir='ltr'><strong>Dissipata</strong></span> <span class='ocrx_word' id='word_1_250' title='bbox 2859 725 2986 768; x_wconf 89' lang='lat' dir='ltr'><strong>sunt</strong></span> <span class='ocrx_word' id='word_1_251' title='bbox 3016 712 3198 768; x_wconf 82' lang='lat' dir='ltr'><strong>omnia</strong></span> <span class='ocrx_word' id='word_1_252' title='bbox 3233 725 3356 766; x_wconf 88' lang='lat' dir='ltr'><strong>ossa</strong></span> <span class='ocrx_word' id='word_1_253' title='bbox 3393 724 3536 774; x_wconf 91' lang='lat' dir='ltr'><strong>mea,</strong></span> <span class='ocrx_word' id='word_1_254' title='bbox 3582 727 3602 760; x_wconf 77' lang='grc' dir='ltr'><strong>ι</strong></span> 
     </span>
    </p>
   </div>
   <div class='ocr_carea' id='block_1_33' title="bbox 2031 804 3606 880">
    <p class='ocr_par' dir='ltr' id='par_1_33' title="bbox 2031 804 3606 880">
     <span class='ocr_line' id='line_1_33' title="bbox 2031 804 3606 880; baseline -0.008 -14"><span class='ocrx_word' id='word_1_255' title='bbox 2031 827 2153 868; x_wconf 91' lang='lat' dir='ltr'><strong>cum</strong></span> <span class='ocrx_word' id='word_1_256' title='bbox 2205 810 2408 880; x_wconf 86' lang='lat' dir='ltr'><strong>alioqui</strong></span> <span class='ocrx_word' id='word_1_257' title='bbox 2463 823 2585 863; x_wconf 85' lang='lat' dir='ltr'><strong>ossa</strong></span> <span class='ocrx_word' id='word_1_258' title='bbox 2636 807 2802 877; x_wconf 86' lang='lat' dir='ltr'><strong>ipsius</strong></span> <span class='ocrx_word' id='word_1_259' title='bbox 2857 805 3162 876; x_wconf 77' lang='lat' dir='ltr'><strong>corporalia</strong></span> <span class='ocrx_word' id='word_1_260' title='bbox 3209 804 3467 871; x_wconf 89' lang='lat' dir='ltr'><strong>dissipata</strong></span> <span class='ocrx_word' id='word_1_261' title='bbox 3497 815 3606 855; x_wconf 90' lang='lat' dir='ltr'><strong>non</strong></span> 
     </span>
    </p>
   </div>
   <div class='ocr_carea' id='block_1_34' title="bbox 2031 889 3610 969">
    <p class='ocr_par' dir='ltr' id='par_1_34' title="bbox 2031 889 3610 969">
     <span class='ocr_line' id='line_1_34' title="bbox 2031 889 3610 969; baseline -0.011 -10"><span class='ocrx_word' id='word_1_262' title='bbox 2031 904 2256 968; x_wconf 78' lang='lat' dir='ltr'><strong>fuerint,</strong></span> <span class='ocrx_word' id='word_1_263' title='bbox 2285 903 2379 959; x_wconf 88' lang='lat' dir='ltr'><strong>sed</strong></span> <span class='ocrx_word' id='word_1_264' title='bbox 2433 917 2522 957; x_wconf 92' lang='lat' dir='ltr'><strong>ne.</strong></span> <span class='ocrx_word' id='word_1_265' title='bbox 2555 916 2717 954; x_wconf 89' lang='lat' dir='ltr'><strong>unum</strong></span> <span class='ocrx_word' id='word_1_266' title='bbox 2745 899 2962 969; x_wconf 78' lang='lat' dir='ltr'><strong>quidem</strong></span> <span class='ocrx_word' id='word_1_267' title='bbox 3003 913 3071 951; x_wconf 84' lang='lat' dir='ltr'><strong>ex</strong></span> <span class='ocrx_word' id='word_1_268' title='bbox 3105 895 3234 966; x_wconf 90' lang='lat' dir='ltr'><strong>ipsis</strong></span> <span class='ocrx_word' id='word_1_269' title='bbox 3263 889 3610 948; x_wconf 78' lang='lat' dir='ltr'><strong>contritum?</strong></span> 
     </span>
    </p>
   </div>
   <div class='ocr_carea' id='block_1_35' title="bbox 2031 986 3610 1051">
    <p class='ocr_par' dir='ltr' id='par_1_35' title="bbox 2031 986 3610 1051">
     <span class='ocr_line' id='line_1_35' title="bbox 2031 986 3610 1051; baseline -0.009 -2"><span class='ocrx_word' id='word_1_270' title='bbox 2031 993 2266 1049; x_wconf 89' lang='lat' dir='ltr'><strong>Proinde</strong></span> <span class='ocrx_word' id='word_1_271' title='bbox 2291 1009 2414 1048; x_wconf 90' lang='lat' dir='ltr'><strong>cum</strong></span> <span class='ocrx_word' id='word_1_272' title='bbox 2446 990 3043 1048; x_wconf 72' lang='lat' dir='ltr'><strong>cﬂiciturresurrectio</strong></span> <span class='ocrx_word' id='word_1_273' title='bbox 3079 989 3193 1041; x_wconf 78' lang='lat' dir='ltr'><strong>hzec</strong></span> <span class='ocrx_word' id='word_1_274' title='bbox 3229 986 3345 1040; x_wconf 82' lang='lat' dir='ltr'><strong>veri</strong></span> <span class='ocrx_word' id='word_1_275' title='bbox 3384 992 3438 1038; x_wconf 91' lang='lat' dir='ltr'><strong>et</strong></span> <span class='ocrx_word' id='word_1_276' title='bbox 3484 996 3610 1051; x_wconf 90' lang='lat' dir='ltr'><strong>per-</strong></span> 
     </span>
    </p>
   </div>
   <div class='ocr_carea' id='block_1_36' title="bbox 2032 1071 3604 1152">
    <p class='ocr_par' dir='ltr' id='par_1_36' title="bbox 2032 1071 3604 1152">
     <span class='ocr_line' id='line_1_36' title="bbox 2032 1071 3604 1152; baseline -0.01 -13"><span class='ocrx_word' id='word_1_277' title='bbox 2032 1084 2275 1139; x_wconf 79' lang='lat' dir='ltr'><strong>fectioris</strong></span> <span class='ocrx_word' id='word_1_278' title='bbox 2319 1083 2570 1152; x_wconf 88' lang='lat' dir='ltr'><strong>corporis</strong></span> <span class='ocrx_word' id='word_1_279' title='bbox 2618 1080 2845 1144; x_wconf 88' lang='lat' dir='ltr'><strong>Christi,</strong></span> <span class='ocrx_word' id='word_1_280' title='bbox 2899 1089 3028 1133; x_wconf 93' lang='lat' dir='ltr'><strong>tunc</strong></span> <span class='ocrx_word' id='word_1_281' title='bbox 3082 1075 3323 1131; x_wconf 89' lang='lat' dir='ltr'><strong>membra</strong></span> <span class='ocrx_word' id='word_1_282' title='bbox 3379 1071 3604 1137; x_wconf 92' lang='lat' dir='ltr'><strong>Christi,</strong></span> 
     </span>
    </p>
   </div>
   <div class='ocr_carea' id='block_1_37' title="bbox 2034 1166 3610 1241">
    <p class='ocr_par' dir='ltr' id='par_1_37' title="bbox 2034 1166 3610 1241">
     <span class='ocr_line' id='line_1_37' title="bbox 2034 1166 3610 1241; baseline -0.008 -13"><span class='ocrx_word' id='word_1_283' title='bbox 2034 1176 2288 1229; x_wconf 88' lang='lat' dir='ltr'><strong>nimirum</strong></span> <span class='ocrx_word' id='word_1_284' title='bbox 2321 1187 2445 1227; x_wconf 90' lang='lat' dir='ltr'><strong>ossa</strong></span> <span class='ocrx_word' id='word_1_285' title='bbox 2477 1188 2540 1228; x_wconf 90' lang='lat' dir='ltr'><strong>ea</strong></span> <span class='ocrx_word' id='word_1_286' title='bbox 2574 1187 2694 1241; x_wconf 64' lang='lat' dir='ltr'><strong>qua!</strong></span> <span class='ocrx_word' id='word_1_287' title='bbox 2744 1175 2796 1225; x_wconf 91' lang='lat' dir='ltr'><strong>in</strong></span> <span class='ocrx_word' id='word_1_288' title='bbox 2836 1168 3148 1240; x_wconf 67' lang='lat' dir='ltr'><strong>praesentia,</strong></span> <span class='ocrx_word' id='word_1_289' title='bbox 3181 1166 3346 1220; x_wconf 84' lang='lat' dir='ltr'><strong>futuri</strong></span> <span class='ocrx_word' id='word_1_290' title='bbox 3389 1177 3610 1232; x_wconf 90' lang='lat' dir='ltr'><strong>compa-</strong></span> 
     </span>
    </p>
   </div>
   <div class='ocr_carea' id='block_1_38' title="bbox 2037 1255 3610 1330">
    <p class='ocr_par' dir='ltr' id='par_1_38' title="bbox 2037 1255 3610 1330">
     <span class='ocr_line' id='line_1_38' title="bbox 2037 1255 3610 1330; baseline -0.008 -9"><span class='ocrx_word' id='word_1_291' title='bbox 2037 1266 2270 1330; x_wconf 88' lang='lat' dir='ltr'><strong>ratione,</strong></span> <span class='ocrx_word' id='word_1_292' title='bbox 2299 1274 2426 1325; x_wconf 84' lang='lat' dir='ltr'><strong>sunt</strong></span> <span class='ocrx_word' id='word_1_293' title='bbox 2462 1265 2638 1327; x_wconf 88' lang='lat' dir='ltr'><strong>arida,</strong></span> <span class='ocrx_word' id='word_1_294' title='bbox 2670 1262 3088 1330; x_wconf 81' lang='lat' dir='ltr'><strong>conjungentur,</strong></span> <span class='ocrx_word' id='word_1_295' title='bbox 3119 1272 3181 1312; x_wconf 92' lang='lat' dir='ltr'><strong>os</strong></span> <span class='ocrx_word' id='word_1_296' title='bbox 3209 1256 3417 1312; x_wconf 88' lang='lat' dir='ltr'><strong>scilicet</strong></span> <span class='ocrx_word' id='word_1_297' title='bbox 3450 1255 3516 1308; x_wconf 89' lang='lat' dir='ltr'><strong>ad</strong></span> <span class='ocrx_word' id='word_1_298' title='bbox 3547 1267 3610 1308; x_wconf 89' lang='lat' dir='ltr'><strong>os</strong></span> 
     </span>
    </p>
   </div>
   <div class='ocr_carea' id='block_1_39' title="bbox 2033 1347 3607 1425">
    <p class='ocr_par' dir='ltr' id='par_1_39' title="bbox 2033 1347 3607 1425">
     <span class='ocr_line' id='line_1_39' title="bbox 2033 1347 3607 1425; baseline -0.008 -12"><span class='ocrx_word' id='word_1_299' title='bbox 2033 1372 2214 1424; x_wconf 90' lang='lat' dir='ltr'><strong>suum,</strong></span> <span class='ocrx_word' id='word_1_300' title='bbox 2248 1365 2303 1410; x_wconf 88' lang='lat' dir='ltr'><strong>et</strong></span> <span class='ocrx_word' id='word_1_301' title='bbox 2335 1355 2590 1425; x_wconf 75' lang='lat' dir='ltr'><strong>iunctura</strong></span> <span class='ocrx_word' id='word_1_302' title='bbox 2618 1357 2684 1410; x_wconf 90' lang='lat' dir='ltr'><strong>ad</strong></span> <span class='ocrx_word' id='word_1_303' title='bbox 2707 1354 3018 1420; x_wconf 86' lang='lat' dir='ltr'><strong>juncturam</strong></span> <span class='ocrx_word' id='word_1_304' title='bbox 3045 1350 3162 1384; x_wconf 71' lang='grc' dir='ltr'><em>’θ’θ’</em></span> <span class='ocrx_word' id='word_1_305' title='bbox 3196 1367 3210 1405; x_wconf 88' lang='lat'><strong>:</strong></span> <span class='ocrx_word' id='word_1_306' title='bbox 3243 1350 3484 1412; x_wconf 87' lang='lat' dir='ltr'><strong>nemine,</strong></span> <span class='ocrx_word' id='word_1_307' title='bbox 3515 1347 3607 1417; x_wconf 91' lang='lat' dir='ltr'><strong>qui</strong></span> 
     </span>
    </p>
   </div>
   <div class='ocr_carea' id='block_1_40' title="bbox 2033 1437 3608 1518">
    <p class='ocr_par' dir='ltr' id='par_1_40' title="bbox 2033 1437 3608 1518">
     <span class='ocr_line' id='line_1_40' title="bbox 2033 1437 3608 1518; baseline -0.005 -16"><span class='ocrx_word' id='word_1_308' title='bbox 2033 1449 2275 1518; x_wconf 90' lang='lat' dir='ltr'><strong>privatus</strong></span> <span class='ocrx_word' id='word_1_309' title='bbox 2309 1447 2381 1501; x_wconf 85' lang='lat' dir='ltr'><strong>sit</strong></span> <span class='ocrx_word' id='word_1_310' title='bbox 2423 1446 2705 1514; x_wconf 89' lang='lat' dir='ltr'><strong>jnnctura,</strong></span> <span class='ocrx_word' id='word_1_311' title='bbox 2751 1458 3050 1500; x_wconf 87' lang='lat' dir='ltr'><strong>occursuro</strong></span> <span class='ocrx_word' id='word_1_312' title='bbox 3091 1441 3145 1496; x_wconf 93' lang='lat' dir='ltr'><strong>in</strong></span> <span class='ocrx_word' id='word_1_313' title='bbox 3204 1440 3381 1495; x_wconf 87' lang='lat' dir='ltr'><strong>virum</strong></span> <span class='ocrx_word' id='word_1_314' title='bbox 3431 1437 3608 1509; x_wconf 76' lang='lat' dir='ltr'><strong>perfe-</strong></span> 
     </span>
    </p>
   </div>
   <div class='ocr_carea' id='block_1_41' title="bbox 2032 1529 3609 1603">
    <p class='ocr_par' dir='ltr' id='par_1_41' title="bbox 2032 1529 3609 1603">
     <span class='ocr_line' id='line_1_41' title="bbox 2032 1529 3609 1603; baseline -0.004 -11"><span class='ocrx_word' id='word_1_315' title='bbox 2032 1547 2200 1603; x_wconf 88' lang='lat' dir='ltr'><strong>ctum,</strong></span> <span class='ocrx_word' id='word_1_316' title='bbox 2241 1555 2258 1588; x_wconf 88' lang='grc' dir='ltr'><strong>ι</strong></span> <span class='ocrx_word' id='word_1_317' title='bbox 2303 1538 2354 1591; x_wconf 92' lang='lat' dir='ltr'><strong>in</strong></span> <span class='ocrx_word' id='word_1_318' title='bbox 2404 1551 2711 1591; x_wconf 84' lang='lat' dir='ltr'><strong>mensuram</strong></span> <span class='ocrx_word' id='word_1_319' title='bbox 2746 1534 2922 1589; x_wconf 76' lang='lat' dir='ltr'><strong>aetatis</strong></span> <span class='ocrx_word' id='word_1_320' title='bbox 2957 1531 3308 1601; x_wconf 88' lang='lat' dir='ltr'><strong>plenitudinis</strong></span> <span class='ocrx_word' id='word_1_321' title='bbox 3359 1529 3609 1598; x_wconf 82' lang='lat' dir='ltr'><strong>corporis</strong></span> 
     </span>
    </p>
   </div>
   <div class='ocr_carea' id='block_1_42' title="bbox 2031 1621 3610 1684">
    <p class='ocr_par' dir='ltr' id='par_1_42' title="bbox 2031 1621 3610 1684">
     <span class='ocr_line' id='line_1_42' title="bbox 2031 1621 3610 1684; baseline -0.004 -4"><span class='ocrx_word' id='word_1_322' title='bbox 2031 1625 2232 1680; x_wconf 90' lang='lat' dir='ltr'><strong>Christi</strong></span> <span class='ocrx_word' id='word_1_323' title='bbox 2251 1625 2375 1684; x_wconf 72' lang='grc' dir='ltr'><strong>²ο³⁷ς</strong></span> <span class='ocrx_word' id='word_1_324' title='bbox 2401 1644 2417 1676; x_wconf 75' lang='grc' dir='ltr'><strong>ι</strong></span> <span class='ocrx_word' id='word_1_325' title='bbox 2440 1634 2493 1679; x_wconf 92' lang='lat' dir='ltr'><strong>et</strong></span> <span class='ocrx_word' id='word_1_326' title='bbox 2521 1633 2644 1682; x_wconf 89' lang='lat' dir='ltr'><strong>tunc</strong></span> <span class='ocrx_word' id='word_1_327' title='bbox 2667 1623 2906 1677; x_wconf 91' lang='lat' dir='ltr'><strong>membra</strong></span> <span class='ocrx_word' id='word_1_328' title='bbox 2930 1621 3095 1676; x_wconf 88' lang='lat' dir='ltr'><strong>multa</strong></span> <span class='ocrx_word' id='word_1_329' title='bbox 3120 1637 3283 1674; x_wconf 92' lang='lat' dir='ltr'><strong>unum</strong></span> <span class='ocrx_word' id='word_1_330' title='bbox 3305 1628 3466 1674; x_wconf 89' lang='lat' dir='ltr'><strong>erunt</strong></span> <span class='ocrx_word' id='word_1_331' title='bbox 3487 1634 3610 1675; x_wconf 91' lang='lat' dir='ltr'><strong>cor-</strong></span> 
     </span>
    </p>
   </div>
   <div class='ocr_carea' id='block_1_43' title="bbox 2030 1711 3608 1785">
    <p class='ocr_par' dir='ltr' id='par_1_43' title="bbox 2030 1711 3608 1785">
     <span class='ocr_line' id='line_1_43' title="bbox 2030 1711 3608 1785; baseline -0.003 -16"><span class='ocrx_word' id='word_1_332' title='bbox 2030 1730 2150 1785; x_wconf 87' lang='lat' dir='ltr'><strong>pus,</strong></span> <span class='ocrx_word' id='word_1_333' title='bbox 2212 1730 2336 1769; x_wconf 88' lang='lat' dir='ltr'><strong>cnm</strong></span> <span class='ocrx_word' id='word_1_334' title='bbox 2390 1715 2570 1768; x_wconf 88' lang='lat' dir='ltr'><strong>omnia</strong></span> <span class='ocrx_word' id='word_1_335' title='bbox 2630 1713 2878 1781; x_wconf 90' lang='lat' dir='ltr'><strong>corporis</strong></span> <span class='ocrx_word' id='word_1_336' title='bbox 2925 1711 3208 1778; x_wconf 87' lang='lat' dir='ltr'><strong>membra,</strong></span> <span class='ocrx_word' id='word_1_337' title='bbox 3265 1726 3388 1780; x_wconf 68' lang='lat' dir='ltr'><strong>quae</strong></span> <span class='ocrx_word' id='word_1_338' title='bbox 3439 1713 3608 1765; x_wconf 87' lang='lat' dir='ltr'><strong>multa</strong></span> 
     </span>
    </p>
   </div>
   <div class='ocr_carea' id='block_1_44' title="bbox 2033 1802 3610 1874">
    <p class='ocr_par' dir='ltr' id='par_1_44' title="bbox 2033 1802 3610 1874">
     <span class='ocr_line' id='line_1_44' title="bbox 2033 1802 3610 1874; baseline -0.001 -14"><span class='ocrx_word' id='word_1_339' title='bbox 2033 1815 2179 1871; x_wconf 90' lang='lat' dir='ltr'><strong>sunt,</strong></span> <span class='ocrx_word' id='word_1_340' title='bbox 2217 1806 2346 1861; x_wconf 87' lang='lat' dir='ltr'><strong>lient</strong></span> <span class='ocrx_word' id='word_1_341' title='bbox 2390 1807 2554 1861; x_wconf 87' lang='lat' dir='ltr'><strong>unius</strong></span> <span class='ocrx_word' id='word_1_342' title='bbox 2583 1805 2829 1874; x_wconf 90' lang='lat' dir='ltr'><strong>corporis</strong></span> <span class='ocrx_word' id='word_1_343' title='bbox 2875 1805 2943 1858; x_wconf 85' lang='grc'><strong>³⁸.</strong></span> <span class='ocrx_word' id='word_1_344' title='bbox 2992 1805 3062 1860; x_wconf 81' lang='lat' dir='ltr'><strong>At</strong></span> <span class='ocrx_word' id='word_1_345' title='bbox 3112 1803 3408 1860; x_wconf 90' lang='lat' dir='ltr'><strong>discrimen</strong></span> <span class='ocrx_word' id='word_1_346' title='bbox 3455 1802 3610 1872; x_wconf 85' lang='lat' dir='ltr'><strong>pedis</strong></span> 
     </span>
    </p>
   </div>
   <div class='ocr_carea' id='block_1_45' title="bbox 2031 1892 3607 1965">
    <p class='ocr_par' dir='ltr' id='par_1_45' title="bbox 2031 1892 3607 1965">
     <span class='ocr_line' id='line_1_45' title="bbox 2031 1892 3607 1965; baseline -0.001 -15"><span class='ocrx_word' id='word_1_347' title='bbox 2031 1910 2352 1965; x_wconf 82' lang='lat' dir='ltr'><strong>manusque,</strong></span> <span class='ocrx_word' id='word_1_348' title='bbox 2383 1904 2546 1965; x_wconf 89' lang='lat' dir='ltr'><strong>atque</strong></span> <span class='ocrx_word' id='word_1_349' title='bbox 2597 1895 2763 1961; x_wconf 90' lang='lat' dir='ltr'><strong>oculi,</strong></span> <span class='ocrx_word' id='word_1_350' title='bbox 2797 1909 2862 1949; x_wconf 90' lang='lat' dir='ltr'><strong>ac</strong></span> <span class='ocrx_word' id='word_1_351' title='bbox 2885 1894 3118 1965; x_wconf 86' lang='lat' dir='ltr'><strong>denique</strong></span> <span class='ocrx_word' id='word_1_352' title='bbox 3141 1895 3358 1951; x_wconf 90' lang='lat' dir='ltr'><strong>auditus</strong></span> <span class='ocrx_word' id='word_1_353' title='bbox 3379 1903 3436 1949; x_wconf 90' lang='lat' dir='ltr'><strong>et</strong></span> <span class='ocrx_word' id='word_1_354' title='bbox 3464 1892 3607 1949; x_wconf 81' lang='lat' dir='ltr'><strong>olfa-</strong></span> 
     </span>
    </p>
   </div>
   <div class='ocr_carea' id='block_1_46' title="bbox 2031 1978 3609 2056">
    <p class='ocr_par' dir='ltr' id='par_1_46' title="bbox 2031 1978 3609 2056">
     <span class='ocr_line' id='line_1_46' title="bbox 2031 1978 3609 2056; baseline -0.003 -13"><span class='ocrx_word' id='word_1_355' title='bbox 2031 1995 2178 2051; x_wconf 88' lang='lat' dir='ltr'><strong>ctus,</strong></span> <span class='ocrx_word' id='word_1_356' title='bbox 2204 1986 2401 2055; x_wconf 88' lang='lat' dir='ltr'><strong>quibus</strong></span> <span class='ocrx_word' id='word_1_357' title='bbox 2427 1986 2769 2056; x_wconf 88' lang='lat' dir='ltr'><strong>complentur</strong></span> <span class='ocrx_word' id='word_1_358' title='bbox 2816 1986 3127 2054; x_wconf 76' lang='lat' dir='ltr'><strong>singulatim</strong></span> <span class='ocrx_word' id='word_1_359' title='bbox 3155 1978 3375 2054; x_wconf 86' lang='lat' dir='ltr'><strong>quidem</strong></span> <span class='ocrx_word' id='word_1_360' title='bbox 3417 1993 3609 2056; x_wconf 89' lang='lat' dir='ltr'><strong>caput,</strong></span> 
     </span>
    </p>
   </div>
   <div class='ocr_carea' id='block_1_47' title="bbox 2032 2073 3609 2143">
    <p class='ocr_par' dir='ltr' id='par_1_47' title="bbox 2032 2073 3609 2143">
     <span class='ocr_line' id='line_1_47' title="bbox 2032 2073 3609 2143; baseline 0 -15"><span class='ocrx_word' id='word_1_361' title='bbox 2032 2073 2344 2143; x_wconf 71' lang='lat' dir='ltr'><strong>singulatim</strong></span> <span class='ocrx_word' id='word_1_362' title='bbox 2407 2088 2537 2128; x_wconf 87' lang='lat' dir='ltr'><strong>vero</strong></span> <span class='ocrx_word' id='word_1_363' title='bbox 2584 2074 2752 2141; x_wconf 85' lang='lat' dir='ltr'><strong>pedes</strong></span> <span class='ocrx_word' id='word_1_364' title='bbox 2796 2083 2853 2128; x_wconf 90' lang='lat' dir='ltr'><strong>et</strong></span> <span class='ocrx_word' id='word_1_365' title='bbox 2906 2084 3106 2128; x_wconf 66' lang='lat' dir='ltr'><strong>caetera</strong></span> <span class='ocrx_word' id='word_1_366' title='bbox 3157 2073 3440 2140; x_wconf 87' lang='lat' dir='ltr'><strong>membra,</strong></span> <span class='ocrx_word' id='word_1_367' title='bbox 3493 2083 3609 2128; x_wconf 89' lang='lat' dir='ltr'><strong>tum</strong></span> 
     </span>
    </p>
   </div>
   <div class='ocr_carea' id='block_1_48' title="bbox 2034 2164 3610 2235">
    <p class='ocr_par' dir='ltr' id='par_1_48' title="bbox 2034 2164 3610 2235">
     <span class='ocr_line' id='line_1_48' title="bbox 2034 2164 3610 2235; baseline 0 -15"><span class='ocrx_word' id='word_1_368' title='bbox 2034 2164 2413 2228; x_wconf 80' lang='lat' dir='ltr'><strong>imbecilliora,</strong></span> <span class='ocrx_word' id='word_1_369' title='bbox 2465 2173 2574 2219; x_wconf 90' lang='lat' dir='ltr'><strong>tum</strong></span> <span class='ocrx_word' id='word_1_370' title='bbox 2610 2165 2926 2235; x_wconf 87' lang='lat' dir='ltr'><strong>abjectiora,</strong></span> <span class='ocrx_word' id='word_1_371' title='bbox 2985 2179 3048 2219; x_wconf 90' lang='lat' dir='ltr'><strong>ac</strong></span> <span class='ocrx_word' id='word_1_372' title='bbox 3085 2178 3146 2220; x_wconf 90' lang='lat' dir='ltr'><strong>ea</strong></span> <span class='ocrx_word' id='word_1_373' title='bbox 3178 2179 3298 2234; x_wconf 64' lang='lat' dir='ltr'><strong>quae</strong></span> <span class='ocrx_word' id='word_1_374' title='bbox 3347 2173 3610 2234; x_wconf 89' lang='lat' dir='ltr'><strong>putantur</strong></span> 
     </span>
    </p>
   </div>
   <div class='ocr_carea' id='block_1_49' title="bbox 2030 2256 3610 2327">
    <p class='ocr_par' dir='ltr' id='par_1_49' title="bbox 2030 2256 3610 2327">
     <span class='ocr_line' id='line_1_49' title="bbox 2030 2256 3610 2327; baseline -0.001 -13"><span class='ocrx_word' id='word_1_375' title='bbox 2030 2258 2311 2324; x_wconf 89' lang='lat' dir='ltr'><strong>indecora,</strong></span> <span class='ocrx_word' id='word_1_376' title='bbox 2342 2265 2398 2313; x_wconf 90' lang='lat' dir='ltr'><strong>et</strong></span> <span class='ocrx_word' id='word_1_377' title='bbox 2420 2256 2643 2321; x_wconf 89' lang='lat' dir='ltr'><strong>decora,</strong></span> <span class='ocrx_word' id='word_1_378' title='bbox 2669 2256 2838 2313; x_wconf 91' lang='lat' dir='ltr'><strong>solius</strong></span> <span class='ocrx_word' id='word_1_379' title='bbox 2867 2257 2958 2313; x_wconf 91' lang='lat' dir='ltr'><strong>Dei</strong></span> <span class='ocrx_word' id='word_1_380' title='bbox 2987 2265 3069 2314; x_wconf 89' lang='lat' dir='ltr'><strong>est</strong></span> <span class='ocrx_word' id='word_1_381' title='bbox 3095 2257 3300 2322; x_wconf 80' lang='lat' dir='ltr'><strong>facere,</strong></span> <span class='ocrx_word' id='word_1_382' title='bbox 3327 2257 3419 2327; x_wconf 87' lang='lat' dir='ltr'><strong>qui</strong></span> <span class='ocrx_word' id='word_1_383' title='bbox 3444 2258 3610 2312; x_wconf 88' lang='lat' dir='ltr'><strong>simul</strong></span> 
     </span>
    </p>
   </div>
   <div class='ocr_carea' id='block_1_50' title="bbox 2032 2347 3608 2419">
    <p class='ocr_par' dir='ltr' id='par_1_50' title="bbox 2032 2347 3608 2419">
     <span class='ocr_line' id='line_1_50' title="bbox 2032 2347 3608 2419; baseline -0.001 -14"><span class='ocrx_word' id='word_1_384' title='bbox 2032 2347 2358 2418; x_wconf 87' lang='lat' dir='ltr'><strong>temperabit</strong></span> <span class='ocrx_word' id='word_1_385' title='bbox 2386 2363 2609 2418; x_wconf 89' lang='lat' dir='ltr'><strong>corpus,</strong></span> <span class='ocrx_word' id='word_1_386' title='bbox 2641 2348 2804 2404; x_wconf 78' lang='lat' dir='ltr'><strong>etiam</strong></span> <span class='ocrx_word' id='word_1_387' title='bbox 2846 2348 3019 2419; x_wconf 87' lang='lat' dir='ltr'><strong>magis</strong></span> <span class='ocrx_word' id='word_1_388' title='bbox 3050 2362 3216 2418; x_wconf 90' lang='lat' dir='ltr'><strong>quam</strong></span> <span class='ocrx_word' id='word_1_389' title='bbox 3247 2361 3393 2402; x_wconf 90' lang='lat' dir='ltr'><strong>nunc</strong></span> <span class='ocrx_word' id='word_1_390' title='bbox 3419 2348 3608 2418; x_wconf 91' lang='lat' dir='ltr'><strong>copio-</strong></span> 
     </span>
    </p>
   </div>
   <div class='ocr_carea' id='block_1_51' title="bbox 2031 2442 3612 2510">
    <p class='ocr_par' dir='ltr' id='par_1_51' title="bbox 2031 2442 3612 2510">
     <span class='ocr_line' id='line_1_51' title="bbox 2031 2442 3612 2510; baseline -0.003 -8"><span class='ocrx_word' id='word_1_391' title='bbox 2031 2446 2236 2502; x_wconf 91' lang='lat' dir='ltr'><strong>siorem</strong></span> <span class='ocrx_word' id='word_1_392' title='bbox 2272 2447 2539 2502; x_wconf 89' lang='lat' dir='ltr'><strong>honorem</strong></span> <span class='ocrx_word' id='word_1_393' title='bbox 2575 2445 2783 2501; x_wconf 89' lang='lat' dir='ltr'><strong>addens</strong></span> <span class='ocrx_word' id='word_1_394' title='bbox 2811 2444 2859 2500; x_wconf 90' lang='lat' dir='ltr'><strong>ei</strong></span> <span class='ocrx_word' id='word_1_395' title='bbox 2886 2444 2954 2510; x_wconf 74' lang='grc'><strong>³³,</strong></span> <span class='ocrx_word' id='word_1_396' title='bbox 2987 2443 3072 2499; x_wconf 94' lang='lat' dir='ltr'><strong>cui</strong></span> <span class='ocrx_word' id='word_1_397' title='bbox 3109 2442 3308 2508; x_wconf 79' lang='lat' dir='ltr'><strong>deerit,</strong></span> <span class='ocrx_word' id='word_1_398' title='bbox 3349 2455 3418 2498; x_wconf 88' lang='lat' dir='ltr'><strong>ne</strong></span> <span class='ocrx_word' id='word_1_399' title='bbox 3449 2442 3612 2498; x_wconf 83' lang='lat' dir='ltr'><strong>dissi-</strong></span> 
     </span>
    </p>
   </div>
   <div class='ocr_carea' id='block_1_52' title="bbox 348 2537 3610 2610">
    <p class='ocr_par' dir='ltr' id='par_1_52' title="bbox 348 2537 3610 2610">
     <span class='ocr_line' id='line_1_52' title="bbox 348 2537 3610 2610; baseline 0 -19"><span class='ocrx_word' id='word_1_400' title='bbox 348 2538 496 2591; x_wconf 85' lang='lat' dir='ltr'><strong>dium</strong></span> <span class='ocrx_word' id='word_1_401' title='bbox 526 2539 596 2592; x_wconf 86' lang='lat' dir='ltr'><strong>sit</strong></span> <span class='ocrx_word' id='word_1_402' title='bbox 626 2539 677 2592; x_wconf 92' lang='lat' dir='ltr'><strong>in</strong></span> <span class='ocrx_word' id='word_1_403' title='bbox 709 2552 958 2607; x_wconf 89' lang='lat' dir='ltr'><strong>corpore,</strong></span> <span class='ocrx_word' id='word_1_404' title='bbox 988 2538 1083 2594; x_wconf 88' lang='lat' dir='ltr'><strong>sed</strong></span> <span class='ocrx_word' id='word_1_405' title='bbox 1135 2537 1366 2594; x_wconf 85' lang='lat' dir='ltr'><strong>invicem</strong></span> <span class='ocrx_word' id='word_1_406' title='bbox 1415 2538 1520 2592; x_wconf 88' lang='lat' dir='ltr'><strong>alia</strong></span> <span class='ocrx_word' id='word_1_407' title='bbox 1568 2537 1833 2608; x_wconf 75' lang='lat' dir='ltr'><strong>proaliis</strong></span> <span class='ocrx_word' id='word_1_408' title='bbox 1880 2537 2300 2597; x_wconf 84' lang='lat' dir='ltr'><strong>sollicitudinem</strong></span> <span class='ocrx_word' id='word_1_409' title='bbox 2356 2540 2603 2596; x_wconf 87' lang='lat' dir='ltr'><strong>eamdem</strong></span> <span class='ocrx_word' id='word_1_410' title='bbox 2651 2548 2842 2610; x_wconf 77' lang='lat' dir='ltr'><strong>gerant</strong></span> <span class='ocrx_word' id='word_1_411' title='bbox 2872 2539 3112 2595; x_wconf 86' lang='lat' dir='ltr'><strong>membra</strong></span> <span class='ocrx_word' id='word_1_412' title='bbox 3141 2554 3158 2605; x_wconf 87' lang='lat'><strong>;</strong></span> <span class='ocrx_word' id='word_1_413' title='bbox 3191 2546 3245 2594; x_wconf 91' lang='lat' dir='ltr'><strong>et</strong></span> <span class='ocrx_word' id='word_1_414' title='bbox 3275 2539 3319 2594; x_wconf 92' lang='lat' dir='ltr'><strong>si</strong></span> <span class='ocrx_word' id='word_1_415' title='bbox 3350 2537 3477 2609; x_wconf 92' lang='lat' dir='ltr'><strong>quid</strong></span> <span class='ocrx_word' id='word_1_416' title='bbox 3511 2552 3610 2608; x_wconf 90' lang='lat' dir='ltr'><strong>pa-</strong></span> 
     </span>
    </p>
   </div>
   <div class='ocr_carea' id='block_1_53' title="bbox 351 2629 3610 2708">
    <p class='ocr_par' dir='ltr' id='par_1_53' title="bbox 351 2629 3610 2708">
     <span class='ocr_line' id='line_1_53' title="bbox 351 2629 3610 2708; baseline -0.001 -22"><span class='ocrx_word' id='word_1_417' title='bbox 351 2633 486 2686; x_wconf 87' lang='lat' dir='ltr'><strong>titur</strong></span> <span class='ocrx_word' id='word_1_418' title='bbox 535 2647 699 2686; x_wconf 89' lang='lat' dir='ltr'><strong>unum</strong></span> <span class='ocrx_word' id='word_1_419' title='bbox 756 2633 1105 2698; x_wconf 88' lang='lat' dir='ltr'><strong>membrum,</strong></span> <span class='ocrx_word' id='word_1_420' title='bbox 1163 2633 1328 2688; x_wconf 87' lang='lat' dir='ltr'><strong>simul</strong></span> <span class='ocrx_word' id='word_1_421' title='bbox 1389 2633 1664 2704; x_wconf 87' lang='lat' dir='ltr'><strong>patientur</strong></span> <span class='ocrx_word' id='word_1_422' title='bbox 1731 2635 1910 2692; x_wconf 88' lang='lat' dir='ltr'><strong>omnia</strong></span> <span class='ocrx_word' id='word_1_423' title='bbox 1950 2637 2213 2703; x_wconf 88' lang='lat' dir='ltr'><strong>membra,</strong></span> <span class='ocrx_word' id='word_1_424' title='bbox 2281 2636 2397 2693; x_wconf 84' lang='lat' dir='ltr'><strong>sive</strong></span> <span class='ocrx_word' id='word_1_425' title='bbox 2435 2635 2768 2708; x_wconf 81' lang='lat' dir='ltr'><strong>gloriﬁcatur</strong></span> <span class='ocrx_word' id='word_1_426' title='bbox 2823 2648 2989 2688; x_wconf 90' lang='lat' dir='ltr'><strong>unum</strong></span> <span class='ocrx_word' id='word_1_427' title='bbox 3032 2633 3382 2699; x_wconf 81' lang='lat' dir='ltr'><strong>membrum,</strong></span> <span class='ocrx_word' id='word_1_428' title='bbox 3448 2629 3610 2686; x_wconf 90' lang='lat' dir='ltr'><strong>simul</strong></span> 
     </span>
    </p>
   </div>
   <div class='ocr_carea' id='block_1_54' title="bbox 349 2728 1187 2796">
    <p class='ocr_par' dir='ltr' id='par_1_54' title="bbox 349 2728 1187 2796">
     <span class='ocr_line' id='line_1_54' title="bbox 349 2728 1187 2796; baseline 0.008 -19"><span class='ocrx_word' id='word_1_429' title='bbox 349 2728 666 2796; x_wconf 65' lang='lat' dir='ltr'><strong>gaudebunt</strong></span> <span class='ocrx_word' id='word_1_430' title='bbox 699 2728 879 2782; x_wconf 90' lang='lat' dir='ltr'><strong>omnia</strong></span> <span class='ocrx_word' id='word_1_431' title='bbox 921 2728 1187 2784; x_wconf 91' lang='lat' dir='ltr'><strong>membra.</strong></span> 
     </span>
    </p>
   </div>
   <div class='ocr_carea' id='block_1_55' title="bbox 421 2813 1928 2901">
    <p class='ocr_par' dir='ltr' id='par_1_55' title="bbox 421 2821 1926 2896">
     <span class='ocr_line' id='line_1_55' title="bbox 421 2821 1926 2896; baseline 0.003 -22"><span class='ocrx_word' id='word_1_432' title='bbox 421 2821 509 2874; x_wconf 76' lang='lat'><strong>2|.</strong></span> <span class='ocrx_word' id='word_1_433' title='bbox 544 2822 731 2877; x_wconf 82' lang='grc' dir='ltr'>Ταῦτά</span> <span class='ocrx_word' id='word_1_434' title='bbox 763 2839 854 2894; x_wconf 94' lang='grc' dir='ltr'><strong>μοι</strong></span> <span class='ocrx_word' id='word_1_435' title='bbox 880 2824 981 2876; x_wconf 81' lang='grc' dir='ltr'>οὐκ</span> <span class='ocrx_word' id='word_1_436' title='bbox 1009 2823 1306 2894; x_wconf 83' lang='grc' dir='ltr'>ἀλλοτρίως</span> <span class='ocrx_word' id='word_1_437' title='bbox 1342 2823 1436 2877; x_wconf 91' lang='grc' dir='ltr'><strong>τοῦ</strong></span> <span class='ocrx_word' id='word_1_438' title='bbox 1470 2823 1651 2896; x_wconf 79' lang='grc' dir='ltr'>ἱεροῦ,</span> <span class='ocrx_word' id='word_1_439' title='bbox 1698 2823 1794 2877; x_wconf 81' lang='grc' dir='ltr'>καὶ</span> <span class='ocrx_word' id='word_1_440' title='bbox 1818 2822 1926 2878; x_wconf 86' lang='grc' dir='ltr'><strong>τῶν</strong></span> 
     </span>
    </p>
   </div>
   <div class='ocr_carea' id='block_1_56' title="bbox 2030 2813 3606 2901">
    <p class='ocr_par' dir='ltr' id='par_1_56' title="bbox 2097 2813 3606 2885">
     <span class='ocr_line' id='line_1_56' title="bbox 2097 2813 3606 2885; baseline -0.008 -7"><span class='ocrx_word' id='word_1_441' title='bbox 2097 2823 2191 2878; x_wconf 74' lang='grc'><strong>21.</strong></span> <span class='ocrx_word' id='word_1_442' title='bbox 2230 2819 2357 2876; x_wconf 60' lang='lat' dir='ltr'><strong>Haec</strong></span> <span class='ocrx_word' id='word_1_443' title='bbox 2387 2827 2513 2874; x_wconf 88' lang='lat' dir='ltr'><strong>sunt</strong></span> <span class='ocrx_word' id='word_1_444' title='bbox 2538 2833 2568 2873; x_wconf 87' lang='lat' dir='ltr'><strong>a</strong></span> <span class='ocrx_word' id='word_1_445' title='bbox 2595 2832 2681 2872; x_wconf 90' lang='lat' dir='ltr'><strong>me</strong></span> <span class='ocrx_word' id='word_1_446' title='bbox 2708 2817 2874 2884; x_wconf 88' lang='lat' dir='ltr'><strong>dicta,</strong></span> <span class='ocrx_word' id='word_1_447' title='bbox 2905 2829 3004 2870; x_wconf 90' lang='lat' dir='ltr'><strong>nec</strong></span> <span class='ocrx_word' id='word_1_448' title='bbox 3050 2822 3247 2885; x_wconf 61' lang='lat' dir='ltr'><strong>praeter</strong></span> <span class='ocrx_word' id='word_1_449' title='bbox 3269 2813 3606 2878; x_wconf 89' lang='lat' dir='ltr'><strong>institutum,</strong></span> 
     </span>
    </p>
   </div>
   <div class='ocr_carea' id='block_1_57' title="bbox 345 2903 1923 2982">
    <p class='ocr_par' dir='ltr' id='par_1_57' title="bbox 345 2903 1923 2982">
     <span class='ocr_line' id='line_1_57' title="bbox 345 2903 1923 2982; baseline -0.001 -18"><span class='ocrx_word' id='word_1_450' title='bbox 345 2911 443 2964; x_wconf 79' lang='grc' dir='ltr'><strong>ἀπ’</strong></span> <span class='ocrx_word' id='word_1_451' title='bbox 483 2910 649 2964; x_wconf 81' lang='grc' dir='ltr'>αὑτοῦ</span> <span class='ocrx_word' id='word_1_452' title='bbox 697 2909 1166 2981; x_wconf 74' lang='grc' dir='ltr'>ἐξελαυνομένων,</span> <span class='ocrx_word' id='word_1_453' title='bbox 1200 2911 1329 2982; x_wconf 74' lang='grc' dir='ltr'>περὶ</span> <span class='ocrx_word' id='word_1_454' title='bbox 1375 2903 1436 2964; x_wconf 75' lang='grc' dir='ltr'><strong>οὗ</strong></span> <span class='ocrx_word' id='word_1_455' title='bbox 1469 2911 1614 2980; x_wconf 88' lang='grc' dir='ltr'>λέγει</span> <span class='ocrx_word' id='word_1_456' title='bbox 1646 2911 1676 2963; x_wconf 84' lang='grc' dir='ltr'>ὁ</span> <span class='ocrx_word' id='word_1_457' title='bbox 1705 2911 1923 2982; x_wconf 78' lang='grc' dir='ltr'>Σωτὴρο</span> 
     </span>
    </p>
   </div>
   <div class='ocr_carea' id='block_1_58' title="bbox 354 2995 1927 3073">
    <p class='ocr_par' dir='ltr' id='par_1_58' title="bbox 354 2995 1927 3073">
     <span class='ocr_line' id='line_1_58' title="bbox 354 2995 1927 3073; baseline -0.001 -21"><span class='ocrx_word' id='word_1_458' title='bbox 354 3021 374 3052; x_wconf 75' lang='grc' dir='ltr'><strong>ο</strong></span> <span class='ocrx_word' id='word_1_459' title='bbox 417 3001 476 3054; x_wconf 80' lang='lat'><strong>&#39;0</strong></span> <span class='ocrx_word' id='word_1_460' title='bbox 507 2995 666 3070; x_wconf 82' lang='grc' dir='ltr'>ζῆλος</span> <span class='ocrx_word' id='word_1_461' title='bbox 689 2999 787 3052; x_wconf 88' lang='grc' dir='ltr'><strong>τοῦ</strong></span> <span class='ocrx_word' id='word_1_462' title='bbox 823 2999 977 3053; x_wconf 83' lang='grc' dir='ltr'>οἴκου</span> <span class='ocrx_word' id='word_1_463' title='bbox 1011 3017 1104 3054; x_wconf 92' lang='grc' dir='ltr'><strong>σου</strong></span> <span class='ocrx_word' id='word_1_464' title='bbox 1136 2999 1514 3070; x_wconf 78' lang='grc' dir='ltr'>καταφάγεταί</span> <span class='ocrx_word' id='word_1_465' title='bbox 1561 3017 1630 3071; x_wconf 90' lang='grc' dir='ltr'><strong>με</strong></span> <span class='ocrx_word' id='word_1_466' title='bbox 1651 3039 1667 3064; x_wconf 90' lang='grc'><strong>,</strong></span> <span class='ocrx_word' id='word_1_467' title='bbox 1707 3018 1726 3051; x_wconf 73' lang='grc' dir='ltr'><strong>ι</strong></span> <span class='ocrx_word' id='word_1_468' title='bbox 1775 2999 1927 3073; x_wconf 74' lang='grc' dir='ltr'>εἴρη-</span> 
     </span>
    </p>
   </div>
   <div class='ocr_carea' id='block_1_59' title="bbox 346 3085 1925 3159">
    <p class='ocr_par' dir='ltr' id='par_1_59' title="bbox 346 3085 1925 3159">
     <span class='ocr_line' id='line_1_59' title="bbox 346 3085 1925 3159; baseline 0.003 -21"><span class='ocrx_word' id='word_1_469' title='bbox 346 3104 470 3150; x_wconf 84' lang='grc' dir='ltr'>ται,</span> <span class='ocrx_word' id='word_1_470' title='bbox 520 3085 630 3139; x_wconf 89' lang='grc' dir='ltr'><strong>τῶν</strong></span> <span class='ocrx_word' id='word_1_471' title='bbox 679 3103 739 3138; x_wconf 88' lang='grc' dir='ltr'><strong>τε</strong></span> <span class='ocrx_word' id='word_1_472' title='bbox 769 3085 1065 3140; x_wconf 76' lang='grc' dir='ltr'>αἰτούντων</span> <span class='ocrx_word' id='word_1_473' title='bbox 1111 3089 1339 3159; x_wconf 83' lang='grc' dir='ltr'>σημεῖον</span> <span class='ocrx_word' id='word_1_474' title='bbox 1420 3087 1692 3140; x_wconf 79' lang='grc' dir='ltr'>Ἰουδαίων</span> <span class='ocrx_word' id='word_1_475' title='bbox 1739 3088 1925 3152; x_wconf 79' lang='grc' dir='ltr'>αὐτοῖς</span> 
     </span>
    </p>
   </div>
   <div class='ocr_carea' id='block_1_60' title="bbox 344 3175 1928 3250">
    <p class='ocr_par' dir='ltr' id='par_1_60' title="bbox 344 3175 1928 3250">
     <span class='ocr_line' id='line_1_60' title="bbox 344 3175 1928 3250; baseline 0.001 -20"><span class='ocrx_word' id='word_1_476' title='bbox 344 3177 655 3248; x_wconf 82' lang='grc' dir='ltr'>δειχθῆναι,</span> <span class='ocrx_word' id='word_1_477' title='bbox 685 3177 900 3248; x_wconf 78' lang='grc' dir='ltr'>καὶτῆς</span> <span class='ocrx_word' id='word_1_478' title='bbox 932 3175 1028 3230; x_wconf 90' lang='grc' dir='ltr'><strong>τοῦ</strong></span> <span class='ocrx_word' id='word_1_479' title='bbox 1060 3177 1266 3248; x_wconf 82' lang='grc' dir='ltr'>Κυρίου</span> <span class='ocrx_word' id='word_1_480' title='bbox 1298 3178 1435 3248; x_wconf 81' lang='grc' dir='ltr'>πρὸς</span> <span class='ocrx_word' id='word_1_481' title='bbox 1465 3177 1664 3241; x_wconf 80' lang='grc' dir='ltr'>αὐτοὺς</span> <span class='ocrx_word' id='word_1_482' title='bbox 1695 3177 1928 3250; x_wconf 77' lang='grc' dir='ltr'>ἀποκρίο</span> 
     </span>
    </p>
   </div>
   <div class='ocr_carea' id='block_1_61' title="bbox 346 3269 1922 3343">
    <p class='ocr_par' dir='ltr' id='par_1_61' title="bbox 346 3269 1922 3343">
     <span class='ocr_line' id='line_1_61' title="bbox 346 3269 1922 3343; baseline 0.002 -19"><span class='ocrx_word' id='word_1_483' title='bbox 346 3287 490 3334; x_wconf 86' lang='grc' dir='ltr'>σεως</span> <span class='ocrx_word' id='word_1_484' title='bbox 508 3310 523 3335; x_wconf 95' lang='grc'><strong>,</strong></span> <span class='ocrx_word' id='word_1_485' title='bbox 557 3271 914 3334; x_wconf 79' lang='grc' dir='ltr'>συνάπτοντος</span> <span class='ocrx_word' id='word_1_486' title='bbox 945 3271 1036 3324; x_wconf 84' lang='grc' dir='ltr'>τὸν</span> <span class='ocrx_word' id='word_1_487' title='bbox 1078 3269 1172 3323; x_wconf 91' lang='grc' dir='ltr'><strong>τοῦ</strong></span> <span class='ocrx_word' id='word_1_488' title='bbox 1211 3270 1340 3324; x_wconf 90' lang='grc' dir='ltr'>ναοῦ</span> <span class='ocrx_word' id='word_1_489' title='bbox 1381 3270 1538 3340; x_wconf 88' lang='grc' dir='ltr'>λόγον</span> <span class='ocrx_word' id='word_1_490' title='bbox 1573 3270 1651 3341; x_wconf 86' lang='grc' dir='ltr'><strong>τῷ</strong></span> <span class='ocrx_word' id='word_1_491' title='bbox 1686 3271 1780 3325; x_wconf 89' lang='grc' dir='ltr'><strong>τοῦ</strong></span> <span class='ocrx_word' id='word_1_492' title='bbox 1813 3271 1922 3343; x_wconf 77' lang='grc'><strong>(15)</strong></span> 
     </span>
    </p>
   </div>
   <div class='ocr_carea' id='block_1_62' title="bbox 352 3359 1926 3432">
    <p class='ocr_par' dir='ltr' id='par_1_62' title="bbox 352 3359 1926 3432">
     <span class='ocr_line' id='line_1_62' title="bbox 352 3359 1926 3432; baseline 0.001 -19"><span class='ocrx_word' id='word_1_493' title='bbox 352 3360 482 3414; x_wconf 86' lang='grc' dir='ltr'>ίδίου</span> <span class='ocrx_word' id='word_1_494' title='bbox 523 3359 794 3432; x_wconf 86' lang='grc' dir='ltr'>σώματος,</span> <span class='ocrx_word' id='word_1_495' title='bbox 848 3361 943 3414; x_wconf 77' lang='grc' dir='ltr'>καὶ</span> <span class='ocrx_word' id='word_1_496' title='bbox 976 3360 1278 3431; x_wconf 85' lang='grc' dir='ltr'>φάσκοντος</span> <span class='ocrx_word' id='word_1_497' title='bbox 1299 3377 1312 3391; x_wconf 88' lang='grc'><strong>·</strong></span> <span class='ocrx_word' id='word_1_498' title='bbox 1340 3379 1359 3413; x_wconf 81' lang='grc' dir='ltr'><strong>ι</strong></span> <span class='ocrx_word' id='word_1_499' title='bbox 1401 3361 1614 3415; x_wconf 84' lang='grc' dir='ltr'>Λύσατε</span> <span class='ocrx_word' id='word_1_500' title='bbox 1660 3361 1751 3414; x_wconf 82' lang='grc' dir='ltr'><strong>τὸν</strong></span> <span class='ocrx_word' id='word_1_501' title='bbox 1796 3361 1926 3418; x_wconf 83' lang='grc' dir='ltr'>ναὸν</span> 
     </span>
    </p>
   </div>
   <div class='ocr_carea' id='block_1_63' title="bbox 344 3447 1926 3523">
    <p class='ocr_par' dir='ltr' id='par_1_63' title="bbox 344 3447 1926 3523">
     <span class='ocr_line' id='line_1_63' title="bbox 344 3447 1926 3523; baseline 0.001 -20"><span class='ocrx_word' id='word_1_502' title='bbox 344 3449 566 3516; x_wconf 85' lang='grc' dir='ltr'>τοῦτον,</span> <span class='ocrx_word' id='word_1_503' title='bbox 630 3451 724 3504; x_wconf 74' lang='grc' dir='ltr'>καὶ</span> <span class='ocrx_word' id='word_1_504' title='bbox 787 3451 964 3522; x_wconf 76' lang='grc' dir='ltr'>τρισὶν</span> <span class='ocrx_word' id='word_1_505' title='bbox 1030 3451 1266 3523; x_wconf 77' lang='grc' dir='ltr'>ἡμέραις</span> <span class='ocrx_word' id='word_1_506' title='bbox 1327 3447 1508 3522; x_wconf 72' lang='grc' dir='ltr'>’ἐγερῶ</span> <span class='ocrx_word' id='word_1_507' title='bbox 1571 3449 1753 3505; x_wconf 79' lang='grc' dir='ltr'>αὐτόν.</span> <span class='ocrx_word' id='word_1_508' title='bbox 1794 3450 1926 3504; x_wconf 83' lang='grc' dir='ltr'><strong>Ἀπὸ</strong></span> 
     </span>
    </p>
   </div>
   <div class='ocr_carea' id='block_1_64' title="bbox 347 3541 1924 3613">
    <p class='ocr_par' dir='ltr' id='par_1_64' title="bbox 347 3541 1924 3613">
     <span class='ocr_line' id='line_1_64' title="bbox 347 3541 1924 3613; baseline -0.001 -17"><span class='ocrx_word' id='word_1_509' title='bbox 347 3542 459 3612; x_wconf 78' lang='grc' dir='ltr'><strong>γὰρ</strong></span> <span class='ocrx_word' id='word_1_510' title='bbox 513 3541 701 3596; x_wconf 87' lang='grc' dir='ltr'>τούτου</span> <span class='ocrx_word' id='word_1_511' title='bbox 753 3541 849 3595; x_wconf 89' lang='grc' dir='ltr'><strong>τοῦ</strong></span> <span class='ocrx_word' id='word_1_512' title='bbox 913 3541 1080 3606; x_wconf 86' lang='grc' dir='ltr'>ναοῦ,</span> <span class='ocrx_word' id='word_1_513' title='bbox 1153 3541 1304 3606; x_wconf 82' lang='grc' dir='ltr'>ὀντος</span> <span class='ocrx_word' id='word_1_514' title='bbox 1351 3541 1603 3612; x_wconf 85' lang='grc' dir='ltr'>σώματος</span> <span class='ocrx_word' id='word_1_515' title='bbox 1661 3541 1924 3613; x_wconf 86' lang='grc' dir='ltr'>Χριστοῦ,</span> 
     </span>
    </p>
   </div>
   <div class='ocr_carea' id='block_1_65' title="bbox 349 3633 1925 3704">
    <p class='ocr_par' dir='ltr' id='par_1_65' title="bbox 349 3633 1925 3704">
     <span class='ocr_line' id='line_1_65' title="bbox 349 3633 1925 3704; baseline 0.001 -18"><span class='ocrx_word' id='word_1_516' title='bbox 349 3635 434 3687; x_wconf 82' lang='grc' dir='ltr'><strong>δεῖ</strong></span> <span class='ocrx_word' id='word_1_517' title='bbox 476 3633 873 3688; x_wconf 80' lang='grc' dir='ltr'>ἀπελαύνεσθαι</span> <span class='ocrx_word' id='word_1_518' title='bbox 904 3634 1074 3690; x_wconf 84' lang='grc' dir='ltr'>ταῦτα</span> <span class='ocrx_word' id='word_1_519' title='bbox 1103 3633 1231 3687; x_wconf 74' lang='grc' dir='ltr'>ὄντα</span> <span class='ocrx_word' id='word_1_520' title='bbox 1282 3633 1391 3704; x_wconf 72' lang='grc'><strong>(14)</strong></span> <span class='ocrx_word' id='word_1_521' title='bbox 1439 3633 1643 3702; x_wconf 79' lang='grc' dir='ltr'>ἄλογα,</span> <span class='ocrx_word' id='word_1_522' title='bbox 1677 3635 1770 3687; x_wconf 77' lang='grc' dir='ltr'>καὶ</span> <span class='ocrx_word' id='word_1_523' title='bbox 1825 3637 1925 3704; x_wconf 84' lang='grc' dir='ltr'>έμ-</span> 
     </span>
    </p>
   </div>
   <div class='ocr_carea' id='block_1_66' title="bbox 347 3719 1926 3798">
    <p class='ocr_par' dir='ltr' id='par_1_66' title="bbox 347 3719 1926 3798">
     <span class='ocr_line' id='line_1_66' title="bbox 347 3719 1926 3798; baseline 0.001 -21"><span class='ocrx_word' id='word_1_524' title='bbox 347 3725 585 3796; x_wconf 83' lang='grc' dir='ltr'>πορικὰ,</span> <span class='ocrx_word' id='word_1_525' title='bbox 625 3726 710 3778; x_wconf 76' lang='grc' dir='ltr'>ἵνα</span> <span class='ocrx_word' id='word_1_526' title='bbox 745 3725 942 3797; x_wconf 85' lang='grc' dir='ltr'>μηκέτι</span> <span class='ocrx_word' id='word_1_527' title='bbox 979 3719 1128 3787; x_wconf 81' lang='grc' dir='ltr'>οἶκος</span> <span class='ocrx_word' id='word_1_528' title='bbox 1171 3723 1437 3795; x_wconf 77' lang='grc' dir='ltr'>ἐμπορίου</span> <span class='ocrx_word' id='word_1_529' title='bbox 1580 3725 1692 3777; x_wconf 78' lang='grc' dir='ltr'><strong>Καὶ</strong></span> <span class='ocrx_word' id='word_1_530' title='bbox 1740 3723 1926 3778; x_wconf 89' lang='grc' dir='ltr'>τοῦτον</span> 
     </span>
    </p>
   </div>
   <div class='ocr_carea' id='block_1_67' title="bbox 343 3813 1927 3887">
    <p class='ocr_par' dir='ltr' id='par_1_67' title="bbox 343 3813 1927 3887">
     <span class='ocr_line' id='line_1_67' title="bbox 343 3813 1927 3887; baseline -0.001 -18"><span class='ocrx_word' id='word_1_531' title='bbox 343 3817 441 3869; x_wconf 78' lang='grc' dir='ltr'>τὸν</span> <span class='ocrx_word' id='word_1_532' title='bbox 479 3816 605 3870; x_wconf 80' lang='grc' dir='ltr'>ναὸν</span> <span class='ocrx_word' id='word_1_533' title='bbox 655 3816 882 3887; x_wconf 88' lang='grc' dir='ltr'>λυθῆναι</span> <span class='ocrx_word' id='word_1_534' title='bbox 932 3817 1015 3870; x_wconf 83' lang='grc' dir='ltr'><strong>δεῖ</strong></span> <span class='ocrx_word' id='word_1_535' title='bbox 1059 3815 1166 3869; x_wconf 79' lang='grc' dir='ltr'><strong>ὑπὸ</strong></span> <span class='ocrx_word' id='word_1_536' title='bbox 1217 3815 1326 3868; x_wconf 88' lang='grc' dir='ltr'><strong>τῶν</strong></span> <span class='ocrx_word' id='word_1_537' title='bbox 1361 3813 1815 3868; x_wconf 78' lang='grc' dir='ltr'>ἐπιϐουλευόντων</span> <span class='ocrx_word' id='word_1_538' title='bbox 1847 3814 1927 3884; x_wconf 82' lang='grc' dir='ltr'>τῷ</span> 
     </span>
    </p>
   </div>
   <div class='ocr_carea' id='block_1_68' title="bbox 343 3905 1925 3978">
    <p class='ocr_par' dir='ltr' id='par_1_68' title="bbox 343 3905 1925 3978">
     <span class='ocr_line' id='line_1_68' title="bbox 343 3905 1925 3978; baseline -0.002 -19"><span class='ocrx_word' id='word_1_539' title='bbox 343 3906 492 3978; x_wconf 87' lang='grc' dir='ltr'>λόγῳ</span> <span class='ocrx_word' id='word_1_540' title='bbox 531 3906 626 3962; x_wconf 92' lang='grc' dir='ltr'><strong>τοῦ</strong></span> <span class='ocrx_word' id='word_1_541' title='bbox 671 3908 804 3962; x_wconf 89' lang='grc' dir='ltr'>Θεοῦ</span> <span class='ocrx_word' id='word_1_542' title='bbox 829 3948 845 3973; x_wconf 91' lang='grc'><strong>,</strong></span> <span class='ocrx_word' id='word_1_543' title='bbox 895 3908 990 3961; x_wconf 79' lang='grc' dir='ltr'>καὶ</span> <span class='ocrx_word' id='word_1_544' title='bbox 1049 3906 1190 3978; x_wconf 85' lang='grc' dir='ltr'>μετὰ</span> <span class='ocrx_word' id='word_1_545' title='bbox 1235 3905 1297 3960; x_wconf 83' lang='grc' dir='ltr'>τὸ</span> <span class='ocrx_word' id='word_1_546' title='bbox 1351 3905 1580 3975; x_wconf 89' lang='grc' dir='ltr'>λυθῆναι</span> <span class='ocrx_word' id='word_1_547' title='bbox 1613 3907 1681 3976; x_wconf 80' lang='grc' dir='ltr'>τῇ</span> <span class='ocrx_word' id='word_1_548' title='bbox 1736 3922 1925 3976; x_wconf 86' lang='grc' dir='ltr'>προει-</span> 
     </span>
    </p>
   </div>
   <div class='ocr_carea' id='block_1_69' title="bbox 347 3993 1927 4069">
    <p class='ocr_par' dir='ltr' id='par_1_69' title="bbox 347 3993 1927 4069">
     <span class='ocr_line' id='line_1_69' title="bbox 347 3993 1927 4069; baseline 0 -21"><span class='ocrx_word' id='word_1_549' title='bbox 347 3995 566 4069; x_wconf 80' lang='grc' dir='ltr'>ρημένῃ</span> <span class='ocrx_word' id='word_1_550' title='bbox 619 3998 750 4068; x_wconf 86' lang='grc' dir='ltr'>ἡμῖν</span> <span class='ocrx_word' id='word_1_551' title='bbox 803 3998 960 4068; x_wconf 82' lang='grc' dir='ltr'>τρίτῃ</span> <span class='ocrx_word' id='word_1_552' title='bbox 1016 3996 1201 4068; x_wconf 81' lang='grc' dir='ltr'>ἡμέρᾳ</span> <span class='ocrx_word' id='word_1_553' title='bbox 1268 3995 1381 4066; x_wconf 79' lang='grc'><strong>(15)</strong></span> <span class='ocrx_word' id='word_1_554' title='bbox 1438 3993 1768 4065; x_wconf 75' lang='grc' dir='ltr'>ἐγερθῆναι·</span> <span class='ocrx_word' id='word_1_555' title='bbox 1836 3995 1927 4048; x_wconf 81' lang='grc' dir='ltr'>ὅτε</span> 
     </span>
    </p>
   </div>
   <div class='ocr_carea' id='block_1_70' title="bbox 343 4083 1927 4158">
    <p class='ocr_par' dir='ltr' id='par_1_70' title="bbox 343 4083 1927 4158">
     <span class='ocr_line' id='line_1_70' title="bbox 343 4083 1927 4158; baseline -0.001 -18"><span class='ocrx_word' id='word_1_556' title='bbox 343 4089 443 4140; x_wconf 79' lang='grc' dir='ltr'>καὶ</span> <span class='ocrx_word' id='word_1_557' title='bbox 466 4089 517 4140; x_wconf 84' lang='lat' dir='ltr'><strong>oi</strong></span> <span class='ocrx_word' id='word_1_558' title='bbox 549 4087 806 4158; x_wconf 74' lang='grc' dir='ltr'>μαθηταὶ,</span> <span class='ocrx_word' id='word_1_559' title='bbox 849 4089 930 4141; x_wconf 86' lang='grc' dir='ltr'>ὅτι</span> <span class='ocrx_word' id='word_1_560' title='bbox 968 4087 1119 4156; x_wconf 76' lang='grc' dir='ltr'>ἔλεγε</span> <span class='ocrx_word' id='word_1_561' title='bbox 1150 4088 1276 4158; x_wconf 78' lang='grc' dir='ltr'>πρὶν</span> <span class='ocrx_word' id='word_1_562' title='bbox 1304 4085 1530 4156; x_wconf 88' lang='grc' dir='ltr'>λυθῆναι</span> <span class='ocrx_word' id='word_1_563' title='bbox 1550 4085 1641 4138; x_wconf 80' lang='grc' dir='ltr'><strong>τὸν</strong></span> <span class='ocrx_word' id='word_1_564' title='bbox 1675 4085 1800 4139; x_wconf 83' lang='grc' dir='ltr'>ναὸν</span> <span class='ocrx_word' id='word_1_565' title='bbox 1831 4083 1927 4139; x_wconf 89' lang='grc' dir='ltr'><strong>τοῦ</strong></span> 
     </span>
    </p>
   </div>
   <div class='ocr_carea' id='block_1_71' title="bbox 2029 2904 3607 2981">
    <p class='ocr_par' dir='ltr' id='par_1_71' title="bbox 2029 2904 3607 2981">
     <span class='ocr_line' id='line_1_71' title="bbox 2029 2904 3607 2981; baseline -0.006 -13"><span class='ocrx_word' id='word_1_566' title='bbox 2029 2915 2097 2968; x_wconf 84' lang='lat' dir='ltr'><strong>de</strong></span> <span class='ocrx_word' id='word_1_567' title='bbox 2127 2911 2350 2981; x_wconf 87' lang='lat' dir='ltr'><strong>templo,</strong></span> <span class='ocrx_word' id='word_1_568' title='bbox 2377 2911 2552 2980; x_wconf 89' lang='lat' dir='ltr'><strong>deque</strong></span> <span class='ocrx_word' id='word_1_569' title='bbox 2582 2924 2646 2964; x_wconf 80' lang='lat' dir='ltr'><strong>ex</strong></span> <span class='ocrx_word' id='word_1_570' title='bbox 2679 2909 2796 2977; x_wconf 91' lang='lat' dir='ltr'><strong>ipso</strong></span> <span class='ocrx_word' id='word_1_571' title='bbox 2819 2906 3082 2977; x_wconf 81' lang='lat' dir='ltr'><strong>expulsis,</strong></span> <span class='ocrx_word' id='word_1_572' title='bbox 3111 2905 3180 2960; x_wconf 92' lang='lat' dir='ltr'><strong>de</strong></span> <span class='ocrx_word' id='word_1_573' title='bbox 3207 2919 3314 2974; x_wconf 90' lang='lat' dir='ltr'><strong>quo</strong></span> <span class='ocrx_word' id='word_1_574' title='bbox 3343 2904 3607 2960; x_wconf 87' lang='lat' dir='ltr'><strong>Servator</strong></span> 
     </span>
    </p>
   </div>
   <div class='ocr_carea' id='block_1_72' title="bbox 2029 2995 3607 3064">
    <p class='ocr_par' dir='ltr' id='par_1_72' title="bbox 2029 2995 3607 3064">
     <span class='ocr_line' id='line_1_72' title="bbox 2029 2995 3607 3064; baseline -0.005 -6"><span class='ocrx_word' id='word_1_575' title='bbox 2029 3003 2159 3058; x_wconf 85' lang='lat' dir='ltr'><strong>dicit</strong></span> <span class='ocrx_word' id='word_1_576' title='bbox 2189 3021 2202 3058; x_wconf 91' lang='lat'><strong>:</strong></span> <span class='ocrx_word' id='word_1_577' title='bbox 2238 3021 2257 3055; x_wconf 85' lang='grc' dir='ltr'><strong>ι</strong></span> <span class='ocrx_word' id='word_1_578' title='bbox 2293 3001 2454 3056; x_wconf 85' lang='lat' dir='ltr'><strong>Zelus</strong></span> <span class='ocrx_word' id='word_1_579' title='bbox 2489 3000 2682 3055; x_wconf 87' lang='lat' dir='ltr'><strong>domus</strong></span> <span class='ocrx_word' id='word_1_580' title='bbox 2713 3007 2820 3053; x_wconf 65' lang='lat' dir='ltr'><strong>tua:</strong></span> <span class='ocrx_word' id='word_1_581' title='bbox 2851 2997 3084 3052; x_wconf 90' lang='lat' dir='ltr'><strong>comedit</strong></span> <span class='ocrx_word' id='word_1_582' title='bbox 3129 3011 3217 3051; x_wconf 89' lang='lat' dir='ltr'><strong>me</strong></span> <span class='ocrx_word' id='word_1_583' title='bbox 3263 2995 3354 3057; x_wconf 70' lang='lat'><strong>‘°&#39;:</strong></span> <span class='ocrx_word' id='word_1_584' title='bbox 3389 3013 3409 3048; x_wconf 72' lang='grc' dir='ltr'><strong>ι</strong></span> <span class='ocrx_word' id='word_1_585' title='bbox 3439 3003 3607 3064; x_wconf 86' lang='lat' dir='ltr'><strong>atque</strong></span> 
     </span>
    </p>
   </div>
   <div class='ocr_carea' id='block_1_73' title="bbox 2027 3085 3608 3160">
    <p class='ocr_par' dir='ltr' id='par_1_73' title="bbox 2027 3085 3608 3160">
     <span class='ocr_line' id='line_1_73' title="bbox 2027 3085 3608 3160; baseline -0.006 -12"><span class='ocrx_word' id='word_1_586' title='bbox 2027 3094 2192 3149; x_wconf 90' lang='lat' dir='ltr'><strong>etiam</strong></span> <span class='ocrx_word' id='word_1_587' title='bbox 2225 3093 2290 3147; x_wconf 88' lang='lat' dir='ltr'><strong>de</strong></span> <span class='ocrx_word' id='word_1_588' title='bbox 2311 3091 2514 3146; x_wconf 69' lang='lat' dir='ltr'><strong>Judaais</strong></span> <span class='ocrx_word' id='word_1_589' title='bbox 2545 3088 2858 3160; x_wconf 90' lang='lat' dir='ltr'><strong>petentibus</strong></span> <span class='ocrx_word' id='word_1_590' title='bbox 2891 3087 3107 3156; x_wconf 88' lang='lat' dir='ltr'><strong>signum</strong></span> <span class='ocrx_word' id='word_1_591' title='bbox 3135 3085 3242 3141; x_wconf 90' lang='lat' dir='ltr'><strong>sibi</strong></span> <span class='ocrx_word' id='word_1_592' title='bbox 3271 3085 3514 3151; x_wconf 83' lang='lat' dir='ltr'><strong>ostendi,</strong></span> <span class='ocrx_word' id='word_1_593' title='bbox 3541 3098 3608 3138; x_wconf 89' lang='lat' dir='ltr'><strong>ac</strong></span> 
     </span>
    </p>
   </div>
   <div class='ocr_carea' id='block_1_74' title="bbox 2027 3176 3608 3254">
    <p class='ocr_par' dir='ltr' id='par_1_74' title="bbox 2027 3176 3608 3254">
     <span class='ocr_line' id='line_1_74' title="bbox 2027 3176 3608 3254; baseline -0.007 -13"><span class='ocrx_word' id='word_1_594' title='bbox 2027 3185 2262 3254; x_wconf 87' lang='lat' dir='ltr'><strong>denique</strong></span> <span class='ocrx_word' id='word_1_595' title='bbox 2291 3185 2360 3240; x_wconf 89' lang='lat' dir='ltr'><strong>de</strong></span> <span class='ocrx_word' id='word_1_596' title='bbox 2387 3183 2597 3238; x_wconf 89' lang='lat' dir='ltr'><strong>Domini</strong></span> <span class='ocrx_word' id='word_1_597' title='bbox 2632 3181 2700 3236; x_wconf 89' lang='lat' dir='ltr'><strong>ad</strong></span> <span class='ocrx_word' id='word_1_598' title='bbox 2747 3181 2896 3250; x_wconf 88' lang='lat' dir='ltr'><strong>ipsos</strong></span> <span class='ocrx_word' id='word_1_599' title='bbox 2946 3177 3330 3248; x_wconf 84' lang='lat' dir='ltr'><strong>responsione,</strong></span> <span class='ocrx_word' id='word_1_600' title='bbox 3375 3176 3608 3245; x_wconf 88' lang='lat' dir='ltr'><strong>conjun-</strong></span> 
     </span>
    </p>
   </div>
   <div class='ocr_carea' id='block_1_75' title="bbox 2027 3268 3604 3344">
    <p class='ocr_par' dir='ltr' id='par_1_75' title="bbox 2027 3268 3604 3344">
     <span class='ocr_line' id='line_1_75' title="bbox 2027 3268 3604 3344; baseline -0.005 -12"><span class='ocrx_word' id='word_1_601' title='bbox 2027 3276 2206 3344; x_wconf 77' lang='lat' dir='ltr'><strong>gentis</strong></span> <span class='ocrx_word' id='word_1_602' title='bbox 2243 3288 2554 3330; x_wconf 84' lang='lat' dir='ltr'><strong>sermonem</strong></span> <span class='ocrx_word' id='word_1_603' title='bbox 2591 3272 2777 3343; x_wconf 87' lang='lat' dir='ltr'><strong>templi</strong></span> <span class='ocrx_word' id='word_1_604' title='bbox 2827 3271 3065 3327; x_wconf 86' lang='lat' dir='ltr'><strong>sermoni</strong></span> <span class='ocrx_word' id='word_1_605' title='bbox 3093 3270 3300 3340; x_wconf 89' lang='lat' dir='ltr'><strong>proprii</strong></span> <span class='ocrx_word' id='word_1_606' title='bbox 3329 3268 3604 3340; x_wconf 88' lang='lat' dir='ltr'><strong>corporis,</strong></span> 
     </span>
    </p>
   </div>
   <div class='ocr_carea' id='block_1_76' title="bbox 2027 3359 3606 3433">
    <p class='ocr_par' dir='ltr' id='par_1_76' title="bbox 2027 3359 3606 3433">
     <span class='ocr_line' id='line_1_76' title="bbox 2027 3359 3606 3433; baseline -0.004 -13"><span class='ocrx_word' id='word_1_607' title='bbox 2027 3374 2082 3420; x_wconf 90' lang='lat' dir='ltr'><strong>et</strong></span> <span class='ocrx_word' id='word_1_608' title='bbox 2117 3365 2349 3420; x_wconf 86' lang='lat' dir='ltr'><strong>dicentis</strong></span> <span class='ocrx_word' id='word_1_609' title='bbox 2379 3382 2393 3418; x_wconf 89' lang='lat'><strong>:</strong></span> <span class='ocrx_word' id='word_1_610' title='bbox 2435 3380 2456 3414; x_wconf 82' lang='grc' dir='ltr'><strong>ι</strong></span> <span class='ocrx_word' id='word_1_611' title='bbox 2503 3364 2777 3419; x_wconf 87' lang='lat' dir='ltr'><strong>Destruite</strong></span> <span class='ocrx_word' id='word_1_612' title='bbox 2805 3363 3062 3433; x_wconf 81' lang='lat' dir='ltr'><strong>templum</strong></span> <span class='ocrx_word' id='word_1_613' title='bbox 3106 3361 3236 3427; x_wconf 86' lang='lat' dir='ltr'><strong>hoc,</strong></span> <span class='ocrx_word' id='word_1_614' title='bbox 3269 3369 3322 3416; x_wconf 88' lang='lat' dir='ltr'><strong>et</strong></span> <span class='ocrx_word' id='word_1_615' title='bbox 3346 3359 3399 3414; x_wconf 92' lang='lat' dir='ltr'><strong>in</strong></span> <span class='ocrx_word' id='word_1_616' title='bbox 3433 3359 3606 3414; x_wconf 86' lang='lat' dir='ltr'><strong>tribus</strong></span> 
     </span>
    </p>
   </div>
   <div class='ocr_carea' id='block_1_77' title="bbox 2029 3450 3603 3526">
    <p class='ocr_par' dir='ltr' id='par_1_77' title="bbox 2029 3450 3603 3526">
     <span class='ocr_line' id='line_1_77' title="bbox 2029 3450 3603 3526; baseline -0.003 -16"><span class='ocrx_word' id='word_1_617' title='bbox 2029 3456 2218 3511; x_wconf 89' lang='lat' dir='ltr'><strong>diebus</strong></span> <span class='ocrx_word' id='word_1_618' title='bbox 2262 3458 2472 3526; x_wconf 86' lang='lat' dir='ltr'><strong>erigam</strong></span> <span class='ocrx_word' id='word_1_619' title='bbox 2522 3454 2654 3510; x_wconf 88' lang='lat' dir='ltr'><strong>illud</strong></span> <span class='ocrx_word' id='word_1_620' title='bbox 2708 3454 2778 3508; x_wconf 72' lang='grc' dir='ltr'><strong>δί’.</strong></span> <span class='ocrx_word' id='word_1_621' title='bbox 2833 3473 2856 3507; x_wconf 82' lang='grc'><strong>›</strong></span> <span class='ocrx_word' id='word_1_622' title='bbox 2905 3454 2988 3508; x_wconf 84' lang='lat' dir='ltr'><strong>Ab</strong></span> <span class='ocrx_word' id='word_1_623' title='bbox 3029 3454 3130 3508; x_wconf 87' lang='lat' dir='ltr'><strong>hoc</strong></span> <span class='ocrx_word' id='word_1_624' title='bbox 3179 3452 3326 3507; x_wconf 89' lang='lat' dir='ltr'><strong>enim</strong></span> <span class='ocrx_word' id='word_1_625' title='bbox 3380 3450 3603 3520; x_wconf 88' lang='lat' dir='ltr'><strong>templo,</strong></span> 
     </span>
    </p>
   </div>
   <div class='ocr_carea' id='block_1_78' title="bbox 2027 3541 3609 3616">
    <p class='ocr_par' dir='ltr' id='par_1_78' title="bbox 2027 3541 3609 3616">
     <span class='ocr_line' id='line_1_78' title="bbox 2027 3541 3609 3616; baseline -0.005 -15"><span class='ocrx_word' id='word_1_626' title='bbox 2027 3545 2170 3616; x_wconf 88' lang='lat' dir='ltr'><strong>quod</strong></span> <span class='ocrx_word' id='word_1_627' title='bbox 2204 3556 2291 3602; x_wconf 90' lang='lat' dir='ltr'><strong>est</strong></span> <span class='ocrx_word' id='word_1_628' title='bbox 2334 3560 2535 3615; x_wconf 87' lang='lat' dir='ltr'><strong>corpus</strong></span> <span class='ocrx_word' id='word_1_629' title='bbox 2577 3543 2805 3609; x_wconf 88' lang='lat' dir='ltr'><strong>Christi,</strong></span> <span class='ocrx_word' id='word_1_630' title='bbox 2835 3542 3176 3612; x_wconf 83' lang='lat' dir='ltr'><strong>expellantur</strong></span> <span class='ocrx_word' id='word_1_631' title='bbox 3224 3541 3340 3595; x_wconf 67' lang='lat' dir='ltr'><strong>haec</strong></span> <span class='ocrx_word' id='word_1_632' title='bbox 3389 3547 3609 3608; x_wconf 89' lang='lat' dir='ltr'><strong>oportet</strong></span> 
     </span>
    </p>
   </div>
   <div class='ocr_carea' id='block_1_79' title="bbox 2027 3637 3603 3709">
    <p class='ocr_par' dir='ltr' id='par_1_79' title="bbox 2027 3637 3603 3709">
     <span class='ocr_line' id='line_1_79' title="bbox 2027 3637 3603 3709; baseline -0.007 -15"><span class='ocrx_word' id='word_1_633' title='bbox 2027 3653 2146 3709; x_wconf 64' lang='lat' dir='ltr'><strong>quae</strong></span> <span class='ocrx_word' id='word_1_634' title='bbox 2185 3638 2417 3693; x_wconf 88' lang='lat' dir='ltr'><strong>rationis</strong></span> <span class='ocrx_word' id='word_1_635' title='bbox 2441 3637 2663 3705; x_wconf 86' lang='lat' dir='ltr'><strong>capacia</strong></span> <span class='ocrx_word' id='word_1_636' title='bbox 2695 3649 2800 3690; x_wconf 91' lang='lat' dir='ltr'><strong>non</strong></span> <span class='ocrx_word' id='word_1_637' title='bbox 2838 3642 2966 3690; x_wconf 88' lang='lat' dir='ltr'><strong>sunt</strong></span> <span class='ocrx_word' id='word_1_638' title='bbox 3003 3646 3058 3688; x_wconf 89' lang='lat' dir='ltr'><strong>et</strong></span> <span class='ocrx_word' id='word_1_639' title='bbox 3089 3639 3603 3703; x_wconf 68' lang='lat' dir='ltr'><strong>quaemercaturam</strong></span> 
     </span>
    </p>
   </div>
   <div class='ocr_carea' id='block_1_80' title="bbox 2027 3727 3602 3798">
    <p class='ocr_par' dir='ltr' id='par_1_80' title="bbox 2027 3727 3602 3798">
     <span class='ocr_line' id='line_1_80' title="bbox 2027 3727 3602 3798; baseline -0.005 -12"><span class='ocrx_word' id='word_1_640' title='bbox 2027 3737 2306 3796; x_wconf 79' lang='lat' dir='ltr'><strong>exercent,</strong></span> <span class='ocrx_word' id='word_1_641' title='bbox 2327 3738 2387 3783; x_wconf 93' lang='lat' dir='ltr'><strong>ut</strong></span> <span class='ocrx_word' id='word_1_642' title='bbox 2410 3743 2517 3783; x_wconf 89' lang='lat' dir='ltr'><strong>non</strong></span> <span class='ocrx_word' id='word_1_643' title='bbox 2543 3729 2597 3781; x_wconf 94' lang='lat' dir='ltr'><strong>in</strong></span> <span class='ocrx_word' id='word_1_644' title='bbox 2625 3737 2900 3798; x_wconf 87' lang='lat' dir='ltr'><strong>posterum</strong></span> <span class='ocrx_word' id='word_1_645' title='bbox 2930 3727 3002 3781; x_wconf 91' lang='lat' dir='ltr'><strong>sit</strong></span> <span class='ocrx_word' id='word_1_646' title='bbox 3021 3729 3213 3780; x_wconf 89' lang='lat' dir='ltr'><strong>domus</strong></span> <span class='ocrx_word' id='word_1_647' title='bbox 3240 3733 3602 3780; x_wconf 87' lang='lat' dir='ltr'><strong>mercaturam</strong></span> 
     </span>
    </p>
   </div>
   <div class='ocr_carea' id='block_1_81' title="bbox 2027 3798 3601 3885">
    <p class='ocr_par' dir='ltr' id='par_1_81' title="bbox 2027 3798 3601 3885">
     <span class='ocr_line' id='line_1_81' title="bbox 2027 3798 3601 3885; baseline -0.005 -9"><span class='ocrx_word' id='word_1_648' title='bbox 2027 3819 2424 3876; x_wconf 70' lang='lat' dir='ltr'><strong>exercentium.</strong></span> <span class='ocrx_word' id='word_1_649' title='bbox 2452 3818 2666 3874; x_wconf 90' lang='lat' dir='ltr'><strong>Destrui</strong></span> <span class='ocrx_word' id='word_1_650' title='bbox 2697 3817 2861 3871; x_wconf 84' lang='lat' dir='ltr'><strong>etiam</strong></span> <span class='ocrx_word' id='word_1_651' title='bbox 2890 3818 2994 3872; x_wconf 88' lang='lat' dir='ltr'><strong>hoc</strong></span> <span class='ocrx_word' id='word_1_652' title='bbox 3022 3798 3371 3885; x_wconf 36' lang='lat' dir='ltr'><strong>templum&#39;ab</strong></span> <span class='ocrx_word' id='word_1_653' title='bbox 3395 3814 3481 3868; x_wconf 89' lang='lat' dir='ltr'><strong>his</strong></span> <span class='ocrx_word' id='word_1_654' title='bbox 3505 3813 3601 3883; x_wconf 91' lang='lat' dir='ltr'><strong>qui</strong></span> 
     </span>
    </p>
   </div>
   <div class='ocr_carea' id='block_1_82' title="bbox 2028 3905 3602 3976">
    <p class='ocr_par' dir='ltr' id='par_1_82' title="bbox 2028 3905 3602 3976">
     <span class='ocr_line' id='line_1_82' title="bbox 2028 3905 3602 3976; baseline -0.005 -10"><span class='ocrx_word' id='word_1_655' title='bbox 2028 3910 2354 3966; x_wconf 90' lang='lat' dir='ltr'><strong>insidiantur</strong></span> <span class='ocrx_word' id='word_1_656' title='bbox 2373 3909 2610 3966; x_wconf 86' lang='lat' dir='ltr'><strong>sermoni</strong></span> <span class='ocrx_word' id='word_1_657' title='bbox 2637 3908 2727 3963; x_wconf 91' lang='lat' dir='ltr'><strong>Dei</strong></span> <span class='ocrx_word' id='word_1_658' title='bbox 2746 3921 2968 3964; x_wconf 84' lang='lat' dir='ltr'><strong>necesse</strong></span> <span class='ocrx_word' id='word_1_659' title='bbox 2985 3916 3087 3975; x_wconf 87' lang='lat' dir='ltr'><strong>est,</strong></span> <span class='ocrx_word' id='word_1_660' title='bbox 3107 3921 3340 3976; x_wconf 91' lang='lat' dir='ltr'><strong>cumque</strong></span> <span class='ocrx_word' id='word_1_661' title='bbox 3362 3905 3602 3960; x_wconf 89' lang='lat' dir='ltr'><strong>dirutum</strong></span> 
     </span>
    </p>
   </div>
   <div class='ocr_carea' id='block_1_83' title="bbox 2029 3995 3601 4071">
    <p class='ocr_par' dir='ltr' id='par_1_83' title="bbox 2029 3995 3601 4071">
     <span class='ocr_line' id='line_1_83' title="bbox 2029 3995 3601 4071; baseline -0.004 -15"><span class='ocrx_word' id='word_1_662' title='bbox 2029 4001 2216 4064; x_wconf 81' lang='lat' dir='ltr'><strong>fuerit,</strong></span> <span class='ocrx_word' id='word_1_663' title='bbox 2239 4001 2423 4068; x_wconf 88' lang='lat' dir='ltr'><strong>tertia,</strong></span> <span class='ocrx_word' id='word_1_664' title='bbox 2447 4014 2606 4071; x_wconf 90' lang='lat' dir='ltr'><strong>quam</strong></span> <span class='ocrx_word' id='word_1_665' title='bbox 2625 4000 2995 4070; x_wconf 68' lang='lat' dir='ltr'><strong>praediximus,</strong></span> <span class='ocrx_word' id='word_1_666' title='bbox 3013 3999 3098 4054; x_wconf 92' lang='lat' dir='ltr'><strong>die</strong></span> <span class='ocrx_word' id='word_1_667' title='bbox 3113 3997 3362 4066; x_wconf 87' lang='lat' dir='ltr'><strong>excitari;</strong></span> <span class='ocrx_word' id='word_1_668' title='bbox 3381 3995 3601 4066; x_wconf 89' lang='lat' dir='ltr'><strong>quando</strong></span> 
     </span>
    </p>
   </div>
   <div class='ocr_carea' id='block_1_84' title="bbox 2032 4085 3600 4161">
    <p class='ocr_par' dir='ltr' id='par_1_84' title="bbox 2032 4085 3600 4161">
     <span class='ocr_line' id='line_1_84' title="bbox 2032 4085 3600 4161; baseline -0.005 -16"><span class='ocrx_word' id='word_1_669' title='bbox 2032 4089 2193 4161; x_wconf 78' lang='lat'><strong>199</strong></span> <span class='ocrx_word' id='word_1_670' title='bbox 2222 4090 2385 4144; x_wconf 90' lang='lat' dir='ltr'><strong>etiam</strong></span> <span class='ocrx_word' id='word_1_671' title='bbox 2433 4089 2683 4158; x_wconf 88' lang='lat' dir='ltr'><strong>discipuli</strong></span> <span class='ocrx_word' id='word_1_672' title='bbox 2722 4089 2843 4160; x_wconf 91' lang='lat' dir='ltr'><strong>ejus</strong></span> <span class='ocrx_word' id='word_1_673' title='bbox 2873 4088 3309 4144; x_wconf 86' lang='lat' dir='ltr'><strong>recordabuntur</strong></span> <span class='ocrx_word' id='word_1_674' title='bbox 3341 4087 3484 4154; x_wconf 66' lang='lat' dir='ltr'><strong>quorI</strong></span> <span class='ocrx_word' id='word_1_675' title='bbox 3516 4085 3600 4141; x_wconf 86' lang='lat' dir='ltr'><strong>di.-</strong></span> 
     </span>
    </p>
   </div>
   <div class='ocr_carea' id='block_1_85' title="bbox 342 4170 1928 4250">
    <p class='ocr_par' dir='ltr' id='par_1_85' title="bbox 342 4170 1927 4249">
     <span class='ocr_line' id='line_1_85' title="bbox 342 4170 1927 4249; baseline 0 -21"><span class='ocrx_word' id='word_1_676' title='bbox 342 4176 483 4229; x_wconf 83' lang='grc' dir='ltr'>Θεοῦ</span> <span class='ocrx_word' id='word_1_677' title='bbox 511 4179 540 4229; x_wconf 89' lang='grc' dir='ltr'><strong>ό</strong></span> <span class='ocrx_word' id='word_1_678' title='bbox 571 4178 760 4246; x_wconf 85' lang='grc' dir='ltr'>Λόγος,</span> <span class='ocrx_word' id='word_1_679' title='bbox 783 4177 948 4230; x_wconf 81' lang='grc' dir='ltr'>αὑτοῦ</span> <span class='ocrx_word' id='word_1_680' title='bbox 981 4177 1379 4249; x_wconf 83' lang='grc' dir='ltr'>μνησθήσονται</span> <span class='ocrx_word' id='word_1_681' title='bbox 1412 4170 1473 4230; x_wconf 77' lang='grc' dir='ltr'>οὗ</span> <span class='ocrx_word' id='word_1_682' title='bbox 1506 4175 1680 4244; x_wconf 81' lang='grc' dir='ltr'>ἔλεγε,</span> <span class='ocrx_word' id='word_1_683' title='bbox 1707 4173 1805 4229; x_wconf 76' lang='grc' dir='ltr'>καὶ</span> <span class='ocrx_word' id='word_1_684' title='bbox 1838 4193 1927 4228; x_wconf 88' lang='grc' dir='ltr'>πι-</span> 
     </span>
    </p>
   </div>
   <div class='ocr_carea' id='block_1_86' title="bbox 2030 4170 3596 4250">
    <p class='ocr_par' dir='ltr' id='par_1_86' title="bbox 2032 4176 3596 4250">
     <span class='ocr_line' id='line_1_86' title="bbox 2032 4176 3596 4250; baseline -0.003 -16"><span class='ocrx_word' id='word_1_685' title='bbox 2032 4181 2171 4234; x_wconf 78' lang='lat' dir='ltr'><strong>xerit</strong></span> <span class='ocrx_word' id='word_1_686' title='bbox 2194 4179 2363 4235; x_wconf 87' lang='lat' dir='ltr'><strong>Filius</strong></span> <span class='ocrx_word' id='word_1_687' title='bbox 2392 4179 2526 4247; x_wconf 88' lang='lat' dir='ltr'><strong>Dei,</strong></span> <span class='ocrx_word' id='word_1_688' title='bbox 2561 4187 2853 4250; x_wconf 88' lang='lat' dir='ltr'><strong>antequam</strong></span> <span class='ocrx_word' id='word_1_689' title='bbox 2887 4179 3268 4234; x_wconf 89' lang='lat' dir='ltr'><strong>destrueretur</strong></span> <span class='ocrx_word' id='word_1_690' title='bbox 3313 4176 3596 4247; x_wconf 88' lang='lat' dir='ltr'><strong>templum,</strong></span> 
     </span>
    </p>
   </div>
   <div class='ocr_carea' id='block_1_87' title="bbox 345 4265 1926 4340">
    <p class='ocr_par' dir='ltr' id='par_1_87' title="bbox 345 4265 1926 4340">
     <span class='ocr_line' id='line_1_87' title="bbox 345 4265 1926 4340; baseline -0.001 -21"><span class='ocrx_word' id='word_1_691' title='bbox 345 4268 633 4321; x_wconf 88' lang='grc' dir='ltr'>στεύσουσι</span> <span class='ocrx_word' id='word_1_692' title='bbox 661 4267 795 4340; x_wconf 86' lang='grc'><strong>(16),</strong></span> <span class='ocrx_word' id='word_1_693' title='bbox 834 4268 1215 4339; x_wconf 84' lang='grc' dir='ltr'>τελειουμένης</span> <span class='ocrx_word' id='word_1_694' title='bbox 1257 4267 1434 4320; x_wconf 84' lang='grc' dir='ltr'>αὐτῶν</span> <span class='ocrx_word' id='word_1_695' title='bbox 1476 4267 1598 4320; x_wconf 87' lang='grc' dir='ltr'>τότε</span> <span class='ocrx_word' id='word_1_696' title='bbox 1643 4265 1784 4336; x_wconf 79' lang='grc' dir='ltr'>μετὰ</span> <span class='ocrx_word' id='word_1_697' title='bbox 1823 4265 1926 4335; x_wconf 90' lang='grc' dir='ltr'><strong>τῆς</strong></span> 
     </span>
    </p>
   </div>
   <div class='ocr_carea' id='block_1_88' title="bbox 343 4356 1925 4433">
    <p class='ocr_par' dir='ltr' id='par_1_88' title="bbox 343 4356 1925 4433">
     <span class='ocr_line' id='line_1_88' title="bbox 343 4356 1925 4433; baseline 0.002 -22"><span class='ocrx_word' id='word_1_698' title='bbox 343 4359 600 4429; x_wconf 84' lang='grc' dir='ltr'>γνώσεως</span> <span class='ocrx_word' id='word_1_699' title='bbox 634 4362 727 4415; x_wconf 74' lang='grc' dir='ltr'>καὶ</span> <span class='ocrx_word' id='word_1_700' title='bbox 749 4364 848 4433; x_wconf 81' lang='grc' dir='ltr'><strong>τῆς</strong></span> <span class='ocrx_word' id='word_1_701' title='bbox 869 4363 1124 4428; x_wconf 83' lang='grc' dir='ltr'>πίστεως,</span> <span class='ocrx_word' id='word_1_702' title='bbox 1157 4362 1291 4416; x_wconf 78' lang='grc' dir='ltr'>ἀλλὰ</span> <span class='ocrx_word' id='word_1_703' title='bbox 1315 4363 1406 4415; x_wconf 69' lang='grc' dir='ltr'>καὶ</span> <span class='ocrx_word' id='word_1_704' title='bbox 1427 4361 1506 4432; x_wconf 84' lang='grc' dir='ltr'><strong>τῷ</strong></span> <span class='ocrx_word' id='word_1_705' title='bbox 1521 4361 1663 4431; x_wconf 89' lang='grc' dir='ltr'>λόγῳ</span> <span class='ocrx_word' id='word_1_706' title='bbox 1684 4361 1744 4414; x_wconf 82' lang='grc' dir='ltr'>ὃν</span> <span class='ocrx_word' id='word_1_707' title='bbox 1772 4356 1925 4414; x_wconf 81' lang='grc' dir='ltr'>εἶπεν</span> 
     </span>
    </p>
   </div>
   <div class='ocr_carea' id='block_1_89' title="bbox 342 4451 1924 4522">
    <p class='ocr_par' dir='ltr' id='par_1_89' title="bbox 342 4451 1924 4522">
     <span class='ocr_line' id='line_1_89' title="bbox 342 4451 1924 4522; baseline 0.001 -19"><span class='ocrx_word' id='word_1_708' title='bbox 342 4455 376 4504; x_wconf 82' lang='grc' dir='ltr'>ὁ</span> <span class='ocrx_word' id='word_1_709' title='bbox 415 4451 644 4520; x_wconf 88' lang='grc' dir='ltr'>Ἰησοῦς.</span> <span class='ocrx_word' id='word_1_710' title='bbox 677 4453 788 4506; x_wconf 81' lang='grc' dir='ltr'><strong>Καὶ</strong></span> <span class='ocrx_word' id='word_1_711' title='bbox 811 4453 1038 4516; x_wconf 76' lang='grc' dir='ltr'>ἕκαστος</span> <span class='ocrx_word' id='word_1_712' title='bbox 1062 4452 1119 4506; x_wconf 82' lang='grc' dir='ltr'>δὲ</span> <span class='ocrx_word' id='word_1_713' title='bbox 1152 4452 1260 4506; x_wconf 87' lang='grc' dir='ltr'><strong>τῶν</strong></span> <span class='ocrx_word' id='word_1_714' title='bbox 1279 4451 1520 4517; x_wconf 85' lang='grc' dir='ltr'>τοιῶνδε,</span> <span class='ocrx_word' id='word_1_715' title='bbox 1563 4451 1739 4522; x_wconf 86' lang='grc' dir='ltr'>Ἰησοῦ</span> <span class='ocrx_word' id='word_1_716' title='bbox 1762 4452 1924 4505; x_wconf 81' lang='grc' dir='ltr'>αὑτὸν</span> 
     </span>
    </p>
   </div>
   <div class='ocr_carea' id='block_1_90' title="bbox 345 4541 1925 4613">
    <p class='ocr_par' dir='ltr' id='par_1_90' title="bbox 345 4541 1925 4613">
     <span class='ocr_line' id='line_1_90' title="bbox 345 4541 1925 4613; baseline 0.001 -20"><span class='ocrx_word' id='word_1_717' title='bbox 345 4541 720 4611; x_wconf 83' lang='grc' dir='ltr'>καθαίροντος,</span> <span class='ocrx_word' id='word_1_718' title='bbox 753 4542 1085 4613; x_wconf 79' lang='grc' dir='ltr'>ἀποθέμενος</span> <span class='ocrx_word' id='word_1_719' title='bbox 1111 4542 1180 4596; x_wconf 84' lang='grc' dir='ltr'>τὰ</span> <span class='ocrx_word' id='word_1_720' title='bbox 1203 4542 1369 4611; x_wconf 81' lang='grc' dir='ltr'>ἄλογα</span> <span class='ocrx_word' id='word_1_721' title='bbox 1398 4543 1491 4595; x_wconf 79' lang='grc' dir='ltr'>καὶ</span> <span class='ocrx_word' id='word_1_722' title='bbox 1521 4541 1590 4595; x_wconf 82' lang='grc' dir='ltr'>τὰ</span> <span class='ocrx_word' id='word_1_723' title='bbox 1621 4541 1925 4608; x_wconf 88' lang='grc' dir='ltr'>πωλοῦντα,</span> 
     </span>
    </p>
   </div>
   <div class='ocr_carea' id='block_1_91' title="bbox 343 4617 1928 4705">
    <p class='ocr_par' dir='ltr' id='par_1_91' title="bbox 343 4617 1928 4705">
     <span class='ocr_line' id='line_1_91' title="bbox 343 4617 1928 4705; baseline 0.001 -20"><span class='ocrx_word' id='word_1_724' title='bbox 343 4633 435 4685; x_wconf 70' lang='grc' dir='ltr'><strong>διὰ</strong></span> <span class='ocrx_word' id='word_1_725' title='bbox 465 4633 556 4686; x_wconf 79' lang='grc' dir='ltr'>τὸν</span> <span class='ocrx_word' id='word_1_726' title='bbox 576 4633 670 4687; x_wconf 89' lang='grc' dir='ltr'><strong>τοῦ</strong></span> <span class='ocrx_word' id='word_1_727' title='bbox 697 4635 756 4687; x_wconf 79' lang='grc' dir='ltr'>ὲν</span> <span class='ocrx_word' id='word_1_728' title='bbox 768 4617 951 4698; x_wconf 83' lang='grc' dir='ltr'>αὐτοῖς</span> <span class='ocrx_word' id='word_1_729' title='bbox 970 4635 1142 4703; x_wconf 87' lang='grc' dir='ltr'>Λόγου</span> <span class='ocrx_word' id='word_1_730' title='bbox 1170 4633 1325 4705; x_wconf 82' lang='grc' dir='ltr'>ζῆλον</span> <span class='ocrx_word' id='word_1_731' title='bbox 1351 4632 1803 4704; x_wconf 82' lang='grc' dir='ltr'>καταλυθήσεται,</span> <span class='ocrx_word' id='word_1_732' title='bbox 1833 4634 1928 4687; x_wconf 80' lang='grc' dir='ltr'><strong>ἐπὶ</strong></span> 
     </span>
    </p>
   </div>
   <div class='ocr_carea' id='block_1_92' title="bbox 341 4721 1928 4799">
    <p class='ocr_par' dir='ltr' id='par_1_92' title="bbox 341 4721 1928 4799">
     <span class='ocr_line' id='line_1_92' title="bbox 341 4721 1928 4799; baseline 0.005 -25"><span class='ocrx_word' id='word_1_733' title='bbox 341 4721 427 4790; x_wconf 81' lang='grc' dir='ltr'><strong>τῷ</strong></span> <span class='ocrx_word' id='word_1_734' title='bbox 456 4721 562 4775; x_wconf 81' lang='grc' dir='ltr'><strong>ὑπὸ</strong></span> <span class='ocrx_word' id='word_1_735' title='bbox 613 4722 788 4795; x_wconf 89' lang='grc' dir='ltr'>Ἰησοῦ</span> <span class='ocrx_word' id='word_1_736' title='bbox 835 4723 1146 4795; x_wconf 77' lang='grc' dir='ltr'>ἐγερθῆναι,</span> <span class='ocrx_word' id='word_1_737' title='bbox 1177 4725 1238 4778; x_wconf 77' lang='grc' dir='ltr'>οὐ</span> <span class='ocrx_word' id='word_1_738' title='bbox 1269 4729 1334 4797; x_wconf 82' lang='grc' dir='ltr'><strong>τῇ</strong></span> <span class='ocrx_word' id='word_1_739' title='bbox 1373 4725 1540 4799; x_wconf 76' lang='grc' dir='ltr'>τρίτῃ</span> <span class='ocrx_word' id='word_1_740' title='bbox 1562 4727 1770 4799; x_wconf 75' lang='grc' dir='ltr'>ἡμέρᾳ,</span> <span class='ocrx_word' id='word_1_741' title='bbox 1801 4726 1928 4783; x_wconf 74' lang='grc' dir='ltr'>ὅσον</span> 
     </span>
    </p>
   </div>
   <div class='ocr_carea' id='block_1_93' title="bbox 344 4813 1928 4888">
    <p class='ocr_par' dir='ltr' id='par_1_93' title="bbox 344 4813 1928 4888">
     <span class='ocr_line' id='line_1_93' title="bbox 344 4813 1928 4888; baseline 0.006 -25"><span class='ocrx_word' id='word_1_742' title='bbox 344 4813 443 4864; x_wconf 76' lang='grc' dir='ltr'><strong>ἐπὶ</strong></span> <span class='ocrx_word' id='word_1_743' title='bbox 478 4815 543 4883; x_wconf 81' lang='grc' dir='ltr'>τῇ</span> <span class='ocrx_word' id='word_1_744' title='bbox 587 4815 921 4886; x_wconf 81' lang='grc' dir='ltr'>προκειμένῃ</span> <span class='ocrx_word' id='word_1_745' title='bbox 959 4814 1122 4882; x_wconf 81' lang='grc' dir='ltr'>λέξει·</span> <span class='ocrx_word' id='word_1_746' title='bbox 1163 4816 1223 4869; x_wconf 82' lang='grc' dir='ltr'>οὐ</span> <span class='ocrx_word' id='word_1_747' title='bbox 1262 4817 1370 4884; x_wconf 83' lang='grc' dir='ltr'><strong>γὰρ</strong></span> <span class='ocrx_word' id='word_1_748' title='bbox 1397 4817 1726 4888; x_wconf 78' lang='grc' dir='ltr'>γέγραπταιο</span> <span class='ocrx_word' id='word_1_749' title='bbox 1771 4837 1789 4870; x_wconf 77' lang='grc' dir='ltr'><strong>ι</strong></span> <span class='ocrx_word' id='word_1_750' title='bbox 1826 4819 1928 4873; x_wconf 89' lang='grc' dir='ltr'><strong>Λύ-</strong></span> 
     </span>
    </p>
   </div>
   <div class='ocr_carea' id='block_1_94' title="bbox 347 4904 1926 4980">
    <p class='ocr_par' dir='ltr' id='par_1_94' title="bbox 347 4904 1926 4980">
     <span class='ocr_line' id='line_1_94' title="bbox 347 4904 1926 4980; baseline 0.006 -27"><span class='ocrx_word' id='word_1_751' title='bbox 347 4917 480 4954; x_wconf 87' lang='grc' dir='ltr'>σατε</span> <span class='ocrx_word' id='word_1_752' title='bbox 525 4904 616 4955; x_wconf 84' lang='grc' dir='ltr'>τὸν</span> <span class='ocrx_word' id='word_1_753' title='bbox 652 4904 780 4957; x_wconf 85' lang='grc' dir='ltr'>ναὸν</span> <span class='ocrx_word' id='word_1_754' title='bbox 826 4905 1046 4970; x_wconf 86' lang='grc' dir='ltr'>τοῦτον,</span> <span class='ocrx_word' id='word_1_755' title='bbox 1084 4907 1186 4961; x_wconf 80' lang='grc' dir='ltr'>καὶ</span> <span class='ocrx_word' id='word_1_756' title='bbox 1215 4905 1290 4974; x_wconf 80' lang='grc' dir='ltr'>τῇ</span> <span class='ocrx_word' id='word_1_757' title='bbox 1309 4907 1475 4975; x_wconf 77' lang='grc' dir='ltr'>τρίτῃ</span> <span class='ocrx_word' id='word_1_758' title='bbox 1505 4909 1690 4980; x_wconf 75' lang='grc' dir='ltr'>ἡμέρᾳ</span> <span class='ocrx_word' id='word_1_759' title='bbox 1747 4910 1926 4979; x_wconf 80' lang='grc' dir='ltr'>ὲγερῶ</span> 
     </span>
    </p>
   </div>
   <div class='ocr_carea' id='block_1_95' title="bbox 345 4989 1926 5070">
    <p class='ocr_par' dir='ltr' id='par_1_95' title="bbox 345 4989 1926 5070">
     <span class='ocr_line' id='line_1_95' title="bbox 345 4989 1926 5070; baseline 0.005 -27"><span class='ocrx_word' id='word_1_760' title='bbox 345 4989 534 5058; x_wconf 74' lang='grc' dir='ltr'>αὐτὸν,</span> <span class='ocrx_word' id='word_1_761' title='bbox 577 5011 594 5044; x_wconf 74' lang='grc' dir='ltr'><strong>ι</strong></span> <span class='ocrx_word' id='word_1_762' title='bbox 621 4992 733 5046; x_wconf 80' lang='grc' dir='ltr'>ἀλλ’</span> <span class='ocrx_word' id='word_1_763' title='bbox 777 4995 848 5049; x_wconf 78' lang='grc' dir='ltr'><strong>ἐν</strong></span> <span class='ocrx_word' id='word_1_764' title='bbox 887 4996 1088 5064; x_wconf 79' lang='grc' dir='ltr'>τρισὶν</span> <span class='ocrx_word' id='word_1_765' title='bbox 1115 4995 1384 5066; x_wconf 76' lang='grc' dir='ltr'>ἡμέραις.</span> <span class='ocrx_word' id='word_1_766' title='bbox 1433 4996 1731 5067; x_wconf 84' lang='grc' dir='ltr'>Ἐγείρεται</span> <span class='ocrx_word' id='word_1_767' title='bbox 1760 4997 1868 5070; x_wconf 84' lang='grc' dir='ltr'><strong>γὰρ</strong></span> <span class='ocrx_word' id='word_1_768' title='bbox 1891 5000 1926 5070; x_wconf 87' lang='grc' dir='ltr'><strong>ἡ</strong></span> 
     </span>
    </p>
   </div>
   <div class='ocr_carea' id='block_1_96' title="bbox 2029 4267 3610 4338">
    <p class='ocr_par' dir='ltr' id='par_1_96' title="bbox 2029 4267 3610 4338">
     <span class='ocr_line' id='line_1_96' title="bbox 2029 4267 3610 4338; baseline -0.004 -14"><span class='ocrx_word' id='word_1_769' title='bbox 2029 4269 2267 4338; x_wconf 80' lang='lat' dir='ltr'><strong>perfecta</strong></span> <span class='ocrx_word' id='word_1_770' title='bbox 2293 4278 2420 4324; x_wconf 93' lang='lat' dir='ltr'><strong>tnnc</strong></span> <span class='ocrx_word' id='word_1_771' title='bbox 2446 4283 2567 4324; x_wconf 93' lang='lat' dir='ltr'><strong>cum</strong></span> <span class='ocrx_word' id='word_1_772' title='bbox 2612 4268 2924 4337; x_wconf 79' lang='lat' dir='ltr'><strong>cognitione</strong></span> <span class='ocrx_word' id='word_1_773' title='bbox 2952 4267 3058 4323; x_wconf 77' lang='lat' dir='ltr'><strong>ﬁde</strong></span> <span class='ocrx_word' id='word_1_774' title='bbox 3108 4268 3274 4324; x_wconf 91' lang='lat' dir='ltr'><strong>etiam</strong></span> <span class='ocrx_word' id='word_1_775' title='bbox 3311 4267 3610 4338; x_wconf 79' lang='lat' dir='ltr'><strong>ipsorum,</strong></span> 
     </span>
    </p>
   </div>
   <div class='ocr_carea' id='block_1_97' title="bbox 2029 4355 3602 4428">
    <p class='ocr_par' dir='ltr' id='par_1_97' title="bbox 2029 4355 3602 4428">
     <span class='ocr_line' id='line_1_97' title="bbox 2029 4355 3602 4428; baseline -0.001 -14"><span class='ocrx_word' id='word_1_776' title='bbox 2029 4371 2083 4414; x_wconf 90' lang='lat' dir='ltr'><strong>et</strong></span> <span class='ocrx_word' id='word_1_777' title='bbox 2109 4360 2334 4416; x_wconf 87' lang='lat' dir='ltr'><strong>credent</strong></span> <span class='ocrx_word' id='word_1_778' title='bbox 2369 4359 2629 4424; x_wconf 82' lang='lat' dir='ltr'><strong>sermoni,</strong></span> <span class='ocrx_word' id='word_1_779' title='bbox 2655 4375 2817 4428; x_wconf 90' lang='lat' dir='ltr'><strong>quem</strong></span> <span class='ocrx_word' id='word_1_780' title='bbox 2845 4359 3043 4414; x_wconf 80' lang='lat' dir='ltr'><strong>dixerit</strong></span> <span class='ocrx_word' id='word_1_781' title='bbox 3064 4356 3239 4413; x_wconf 78' lang='lat' dir='ltr'><strong>Jesus.</strong></span> <span class='ocrx_word' id='word_1_782' title='bbox 3274 4355 3414 4424; x_wconf 86' lang='lat' dir='ltr'><strong>Quin</strong></span> <span class='ocrx_word' id='word_1_783' title='bbox 3443 4371 3602 4412; x_wconf 79' lang='lat' dir='ltr'><strong>unus-</strong></span> 
     </span>
    </p>
   </div>
   <div class='ocr_carea' id='block_1_98' title="bbox 2031 4446 3599 4522">
    <p class='ocr_par' dir='ltr' id='par_1_98' title="bbox 2031 4446 3599 4522">
     <span class='ocr_line' id='line_1_98' title="bbox 2031 4446 3599 4522; baseline -0.001 -18"><span class='ocrx_word' id='word_1_784' title='bbox 2031 4451 2267 4522; x_wconf 89' lang='lat' dir='ltr'><strong>quisque</strong></span> <span class='ocrx_word' id='word_1_785' title='bbox 2289 4453 2382 4519; x_wconf 90' lang='lat' dir='ltr'><strong>qui</strong></span> <span class='ocrx_word' id='word_1_786' title='bbox 2417 4452 2526 4506; x_wconf 90' lang='lat' dir='ltr'><strong>erit</strong></span> <span class='ocrx_word' id='word_1_787' title='bbox 2561 4449 2898 4521; x_wconf 86' lang='lat' dir='ltr'><strong>bujusmodi,</strong></span> <span class='ocrx_word' id='word_1_788' title='bbox 2924 4449 3053 4504; x_wconf 83' lang='lat' dir='ltr'><strong>Jesu</strong></span> <span class='ocrx_word' id='word_1_789' title='bbox 3079 4447 3230 4501; x_wconf 90' lang='lat' dir='ltr'><strong>illum</strong></span> <span class='ocrx_word' id='word_1_790' title='bbox 3257 4446 3599 4516; x_wconf 79' lang='lat' dir='ltr'><strong>puriﬁcante,</strong></span> 
     </span>
    </p>
   </div>
   <div class='ocr_carea' id='block_1_99' title="bbox 2032 4531 3670 4610">
    <p class='ocr_par' dir='ltr' id='par_1_99' title="bbox 2032 4531 3670 4610">
     <span class='ocr_line' id='line_1_99' title="bbox 2032 4531 3670 4610; baseline -0.004 -14"><span class='ocrx_word' id='word_1_791' title='bbox 2032 4556 2155 4596; x_wconf 88' lang='lat' dir='ltr'><strong>cum</strong></span> <span class='ocrx_word' id='word_1_792' title='bbox 2185 4541 2488 4610; x_wconf 87' lang='lat' dir='ltr'><strong>deposuerit</strong></span> <span class='ocrx_word' id='word_1_793' title='bbox 2518 4555 2638 4610; x_wconf 64' lang='lat' dir='ltr'><strong>quae</strong></span> <span class='ocrx_word' id='word_1_794' title='bbox 2669 4539 2848 4595; x_wconf 90' lang='lat' dir='ltr'><strong>aliena</strong></span> <span class='ocrx_word' id='word_1_795' title='bbox 2883 4547 3012 4594; x_wconf 87' lang='lat' dir='ltr'><strong>sunt</strong></span> <span class='ocrx_word' id='word_1_796' title='bbox 3041 4553 3072 4591; x_wconf 93' lang='lat' dir='ltr'><strong>a</strong></span> <span class='ocrx_word' id='word_1_797' title='bbox 3099 4539 3330 4604; x_wconf 89' lang='lat' dir='ltr'><strong>ratione,</strong></span> <span class='ocrx_word' id='word_1_798' title='bbox 3367 4551 3433 4591; x_wconf 90' lang='lat' dir='ltr'><strong>ac</strong></span> <span class='ocrx_word' id='word_1_799' title='bbox 3465 4551 3599 4592; x_wconf 85' lang='lat' dir='ltr'><strong>ven.-</strong></span> <span class='ocrx_word' id='word_1_800' title='bbox 3667 4531 3670 4534; x_wconf 77' lang='grc'><strong>’</strong></span> 
     </span>
    </p>
   </div>
   <div class='ocr_carea' id='block_1_100' title="bbox 2032 4629 3598 4702">
    <p class='ocr_par' dir='ltr' id='par_1_100' title="bbox 2032 4629 3598 4702">
     <span class='ocr_line' id='line_1_100' title="bbox 2032 4629 3598 4702; baseline -0.003 -14"><span class='ocrx_word' id='word_1_801' title='bbox 2032 4633 2237 4697; x_wconf 86' lang='lat' dir='ltr'><strong>dentia,</strong></span> <span class='ocrx_word' id='word_1_802' title='bbox 2261 4643 2482 4702; x_wconf 87' lang='lat' dir='ltr'><strong>propter</strong></span> <span class='ocrx_word' id='word_1_803' title='bbox 2517 4632 2878 4687; x_wconf 89' lang='lat' dir='ltr'><strong>inbabitantis</strong></span> <span class='ocrx_word' id='word_1_804' title='bbox 2911 4631 2966 4684; x_wconf 90' lang='lat' dir='ltr'><strong>in</strong></span> <span class='ocrx_word' id='word_1_805' title='bbox 2998 4644 3058 4685; x_wconf 87' lang='lat' dir='ltr'><strong>se</strong></span> <span class='ocrx_word' id='word_1_806' title='bbox 3082 4629 3204 4685; x_wconf 85' lang='lat' dir='ltr'><strong>Filii</strong></span> <span class='ocrx_word' id='word_1_807' title='bbox 3255 4630 3349 4685; x_wconf 88' lang='lat' dir='ltr'><strong>Dei</strong></span> <span class='ocrx_word' id='word_1_808' title='bbox 3395 4630 3598 4699; x_wconf 83' lang='lat' dir='ltr'><strong>zelum,</strong></span> 
     </span>
    </p>
   </div>
   <div class='ocr_carea' id='block_1_101' title="bbox 2031 4707 3602 4793">
    <p class='ocr_par' dir='ltr' id='par_1_101' title="bbox 2031 4707 3602 4793">
     <span class='ocr_line' id='line_1_101' title="bbox 2031 4707 3602 4793; baseline 0 -15"><span class='ocrx_word' id='word_1_809' title='bbox 2031 4724 2358 4788; x_wconf 89' lang='lat' dir='ltr'><strong>destruetur,</strong></span> <span class='ocrx_word' id='word_1_810' title='bbox 2390 4733 2448 4777; x_wconf 90' lang='lat' dir='ltr'><strong>ut</strong></span> <span class='ocrx_word' id='word_1_811' title='bbox 2479 4737 2508 4776; x_wconf 89' lang='lat' dir='ltr'><strong>a</strong></span> <span class='ocrx_word' id='word_1_812' title='bbox 2534 4707 2673 4778; x_wconf 63' lang='lat' dir='ltr'><strong>&#39;Jesn</strong></span> <span class='ocrx_word' id='word_1_813' title='bbox 2697 4723 2937 4792; x_wconf 88' lang='lat' dir='ltr'><strong>erigatur</strong></span> <span class='ocrx_word' id='word_1_814' title='bbox 2966 4739 2982 4777; x_wconf 89' lang='lat'><strong>:</strong></span> <span class='ocrx_word' id='word_1_815' title='bbox 3009 4737 3117 4778; x_wconf 93' lang='lat' dir='ltr'><strong>non</strong></span> <span class='ocrx_word' id='word_1_816' title='bbox 3145 4723 3299 4777; x_wconf 86' lang='lat' dir='ltr'><strong>tertia</strong></span> <span class='ocrx_word' id='word_1_817' title='bbox 3322 4722 3431 4790; x_wconf 86' lang='lat' dir='ltr'><strong>die,</strong></span> <span class='ocrx_word' id='word_1_818' title='bbox 3457 4724 3602 4793; x_wconf 89' lang='lat' dir='ltr'><strong>quod</strong></span> 
     </span>
    </p>
   </div>
   <div class='ocr_carea' id='block_1_102' title="bbox 2030 4811 3604 4884">
    <p class='ocr_par' dir='ltr' id='par_1_102' title="bbox 2030 4811 3604 4884">
     <span class='ocr_line' id='line_1_102' title="bbox 2030 4811 3604 4884; baseline -0.001 -16"><span class='ocrx_word' id='word_1_819' title='bbox 2030 4815 2100 4868; x_wconf 88' lang='lat' dir='ltr'><strong>ad</strong></span> <span class='ocrx_word' id='word_1_820' title='bbox 2132 4814 2460 4884; x_wconf 88' lang='lat' dir='ltr'><strong>propositam</strong></span> <span class='ocrx_word' id='word_1_821' title='bbox 2508 4812 2795 4867; x_wconf 88' lang='lat' dir='ltr'><strong>lectionem</strong></span> <span class='ocrx_word' id='word_1_822' title='bbox 2843 4811 3078 4879; x_wconf 90' lang='lat' dir='ltr'><strong>attinet;</strong></span> <span class='ocrx_word' id='word_1_823' title='bbox 3123 4827 3225 4867; x_wconf 91' lang='lat' dir='ltr'><strong>nec</strong></span> <span class='ocrx_word' id='word_1_824' title='bbox 3269 4813 3412 4868; x_wconf 91' lang='lat' dir='ltr'><strong>enim</strong></span> <span class='ocrx_word' id='word_1_825' title='bbox 3472 4814 3604 4868; x_wconf 90' lang='lat' dir='ltr'><strong>scri-</strong></span> 
     </span>
    </p>
   </div>
   <div class='ocr_carea' id='block_1_103' title="bbox 2032 4903 3598 4974">
    <p class='ocr_par' dir='ltr' id='par_1_103' title="bbox 2032 4903 3598 4974">
     <span class='ocr_line' id='line_1_103' title="bbox 2032 4903 3598 4974; baseline -0.001 -17"><span class='ocrx_word' id='word_1_826' title='bbox 2032 4913 2180 4974; x_wconf 89' lang='lat' dir='ltr'><strong>ptnm</strong></span> <span class='ocrx_word' id='word_1_827' title='bbox 2204 4912 2330 4960; x_wconf 89' lang='lat' dir='ltr'><strong>est:</strong></span> <span class='ocrx_word' id='word_1_828' title='bbox 2367 4922 2384 4955; x_wconf 87' lang='grc' dir='ltr'><strong>ι</strong></span> <span class='ocrx_word' id='word_1_829' title='bbox 2419 4903 2686 4958; x_wconf 87' lang='lat' dir='ltr'><strong>Destruite</strong></span> <span class='ocrx_word' id='word_1_830' title='bbox 2731 4903 2986 4972; x_wconf 86' lang='lat' dir='ltr'><strong>templum</strong></span> <span class='ocrx_word' id='word_1_831' title='bbox 3023 4903 3150 4965; x_wconf 87' lang='lat' dir='ltr'><strong>hoc,</strong></span> <span class='ocrx_word' id='word_1_832' title='bbox 3203 4911 3260 4958; x_wconf 89' lang='lat' dir='ltr'><strong>et</strong></span> <span class='ocrx_word' id='word_1_833' title='bbox 3313 4903 3470 4958; x_wconf 88' lang='lat' dir='ltr'><strong>tertia</strong></span> <span class='ocrx_word' id='word_1_834' title='bbox 3511 4903 3598 4958; x_wconf 90' lang='lat' dir='ltr'><strong>die</strong></span> 
     </span>
    </p>
   </div>
   <div class='ocr_carea' id='block_1_104' title="bbox 2027 4992 3600 5066">
    <p class='ocr_par' dir='ltr' id='par_1_104' title="bbox 2027 4992 3600 5066">
     <span class='ocr_line' id='line_1_104' title="bbox 2027 4992 3600 5066; baseline -0.002 -13"><span class='ocrx_word' id='word_1_835' title='bbox 2027 4992 2160 5052; x_wconf 87' lang='lat' dir='ltr'><strong>illud</strong></span> <span class='ocrx_word' id='word_1_836' title='bbox 2203 4992 2493 5064; x_wconf 61' lang='lat' dir='ltr'><strong>eriganm</strong></span> <span class='ocrx_word' id='word_1_837' title='bbox 2531 4997 2625 5056; x_wconf 82' lang='lat' dir='ltr'><strong>sed</strong></span> <span class='ocrx_word' id='word_1_838' title='bbox 2649 5031 2664 5058; x_wconf 85' lang='grc'><strong>,</strong></span> <span class='ocrx_word' id='word_1_839' title='bbox 2733 5015 2751 5050; x_wconf 84' lang='grc' dir='ltr'><strong>ι</strong></span> <span class='ocrx_word' id='word_1_840' title='bbox 2777 4999 2829 5053; x_wconf 92' lang='lat' dir='ltr'><strong>in</strong></span> <span class='ocrx_word' id='word_1_841' title='bbox 2858 4999 3029 5053; x_wconf 88' lang='lat' dir='ltr'><strong>tribus</strong></span> <span class='ocrx_word' id='word_1_842' title='bbox 3065 4995 3279 5053; x_wconf 84' lang='lat' dir='ltr'><strong>diebus.</strong></span> <span class='ocrx_word' id='word_1_843' title='bbox 3309 5015 3329 5049; x_wconf 76' lang='grc' dir='ltr'><strong>ι</strong></span> <span class='ocrx_word' id='word_1_844' title='bbox 3362 4997 3600 5066; x_wconf 82' lang='lat' dir='ltr'><strong>Erigitur</strong></span> 
     </span>
    </p>
   </div>
   <div class='ocr_carea' id='block_1_105' title="bbox 407 5151 1928 5252">
    <p class='ocr_par' dir='ltr' id='par_1_105' title="bbox 407 5151 1928 5252">
     <span class='ocr_line' id='line_1_105' title="bbox 407 5151 1928 5252; baseline 0.002 -18"><span class='ocrx_word' id='word_1_845' title='bbox 407 5151 470 5252; x_wconf 43' lang='grc' dir='ltr'><strong>’Ὺ</strong></span> <span class='ocrx_word' id='word_1_846' title='bbox 521 5175 660 5252; x_wconf 67' lang='grc' dir='ltr'><strong>Ρωι.</strong></span> <span class='ocrx_word' id='word_1_847' title='bbox 713 5193 827 5244; x_wconf 77' lang='lat' dir='ltr'><strong>xxi,</strong></span> <span class='ocrx_word' id='word_1_848' title='bbox 848 5178 940 5252; x_wconf 67' lang='grc'><strong>15.</strong></span> <span class='ocrx_word' id='word_1_849' title='bbox 970 5179 1132 5252; x_wconf 34' lang='lat' dir='ltr'><strong>h’f&#39;”</strong></span> <span class='ocrx_word' id='word_1_850' title='bbox 1181 5177 1376 5252; x_wconf 10' lang='lat' dir='ltr'><strong>Ezechi.</strong></span> <span class='ocrx_word' id='word_1_851' title='bbox 1405 5195 1609 5248; x_wconf 82' lang='lat' dir='ltr'><strong>xxxvu,</strong></span> <span class='ocrx_word' id='word_1_852' title='bbox 1638 5180 1688 5235; x_wconf 91' lang='lat'><strong>7.</strong></span> <span class='ocrx_word' id='word_1_853' title='bbox 1770 5181 1858 5216; x_wconf 74' lang='grc' dir='ltr'><strong>¹ο³¹</strong></span> <span class='ocrx_word' id='word_1_854' title='bbox 1892 5181 1928 5237; x_wconf 87' lang='grc' dir='ltr'>Ε</span> 
     </span>
    </p>
   </div>
   <div class='ocr_carea' id='block_1_106' title="bbox 2030 5151 3594 5252">
    <p class='ocr_par' dir='ltr' id='par_1_106' title="bbox 2030 5172 3594 5246">
     <span class='ocr_line' id='line_1_106' title="bbox 2030 5172 3594 5246; baseline -0.004 -11"><span class='ocrx_word' id='word_1_855' title='bbox 2030 5195 2091 5236; x_wconf 75' lang='lat' dir='ltr'><strong>:s.</strong></span> <span class='ocrx_word' id='word_1_856' title='bbox 2129 5193 2204 5244; x_wconf 83' lang='grc' dir='ltr'><strong>ιν,</strong></span> <span class='ocrx_word' id='word_1_857' title='bbox 2235 5176 2324 5234; x_wconf 79' lang='grc'><strong>15.</strong></span> <span class='ocrx_word' id='word_1_858' title='bbox 2402 5177 2451 5210; x_wconf 81' lang='grc'><strong>³⁸</strong></span> <span class='ocrx_word' id='word_1_859' title='bbox 2495 5177 2512 5231; x_wconf 97' lang='lat' dir='ltr'><strong>l</strong></span> <span class='ocrx_word' id='word_1_860' title='bbox 2547 5177 2675 5233; x_wconf 90' lang='lat' dir='ltr'><strong>Cor.</strong></span> <span class='ocrx_word' id='word_1_861' title='bbox 2706 5195 2804 5244; x_wconf 86' lang='lat' dir='ltr'><strong>xu,</strong></span> <span class='ocrx_word' id='word_1_862' title='bbox 2848 5178 2932 5242; x_wconf 75' lang='lat' dir='ltr'><strong>I2,</strong></span> <span class='ocrx_word' id='word_1_863' title='bbox 2959 5192 3075 5246; x_wconf 88' lang='lat' dir='ltr'><strong>seq.</strong></span> <span class='ocrx_word' id='word_1_864' title='bbox 3153 5175 3198 5207; x_wconf 82' lang='lat'><strong><em>”</em></strong></span> <span class='ocrx_word' id='word_1_865' title='bbox 3224 5175 3353 5230; x_wconf 88' lang='lat' dir='ltr'><strong>ibid.</strong></span> <span class='ocrx_word' id='word_1_866' title='bbox 3382 5172 3452 5228; x_wconf 68' lang='grc'><strong>24</strong></span> <span class='ocrx_word' id='word_1_867' title='bbox 3480 5186 3594 5243; x_wconf 89' lang='lat' dir='ltr'><strong>seq.</strong></span> 
     </span>
    </p>
   </div>
   <div class='ocr_carea' id='block_1_107' title="bbox 343 5244 1398 5314">
    <p class='ocr_par' dir='ltr' id='par_1_107' title="bbox 343 5244 1398 5314">
     <span class='ocr_line' id='line_1_107' title="bbox 343 5244 1398 5314; baseline 0.008 -15"><span class='ocrx_word' id='word_1_868' title='bbox 343 5244 398 5280; x_wconf 77' lang='grc'><strong>⁸⁸</strong></span> <span class='ocrx_word' id='word_1_869' title='bbox 427 5245 572 5304; x_wconf 86' lang='lat' dir='ltr'><strong>Psal.</strong></span> <span class='ocrx_word' id='word_1_870' title='bbox 594 5263 782 5310; x_wconf 79' lang='lat' dir='ltr'><strong>vant,</strong></span> <span class='ocrx_word' id='word_1_871' title='bbox 808 5248 892 5303; x_wconf 88' lang='grc'><strong>10.</strong></span> <span class='ocrx_word' id='word_1_872' title='bbox 967 5247 1010 5280; x_wconf 77' lang='grc'><strong>⁸⁸</strong></span> <span class='ocrx_word' id='word_1_873' title='bbox 1032 5247 1188 5302; x_wconf 81' lang='lat' dir='ltr'><strong>Joan.</strong></span> <span class='ocrx_word' id='word_1_874' title='bbox 1222 5265 1278 5314; x_wconf 84' lang='grc' dir='ltr'><strong>ιι,</strong></span> <span class='ocrx_word' id='word_1_875' title='bbox 1313 5251 1398 5307; x_wconf 87' lang='grc'><strong>19.</strong></span> 
     </span>
    </p>
   </div>
   <div class='ocr_carea' id='block_1_108' title="bbox 357 5341 1920 5428">
    <p class='ocr_par' dir='ltr' id='par_1_108' title="bbox 357 5341 1920 5428">
     <span class='ocr_line' id='line_1_108' title="bbox 357 5341 1920 5428; baseline 0.004 -32"><span class='ocrx_word' id='word_1_876' title='bbox 357 5341 537 5428; x_wconf 32' lang='lat' dir='ltr'><strong>udi!)</strong></span> <span class='ocrx_word' id='word_1_877' title='bbox 586 5341 773 5410; x_wconf 81' lang='grc' dir='ltr'>Ὑπέρ.</span> <span class='ocrx_word' id='word_1_878' title='bbox 811 5341 886 5396; x_wconf 91' lang='lat' dir='ltr'><strong>Ita</strong></span> <span class='ocrx_word' id='word_1_879' title='bbox 918 5342 1058 5398; x_wconf 86' lang='lat' dir='ltr'><strong>idem</strong></span> <span class='ocrx_word' id='word_1_880' title='bbox 1097 5345 1267 5400; x_wconf 81' lang='lat' dir='ltr'><strong>codex</strong></span> <span class='ocrx_word' id='word_1_881' title='bbox 1311 5345 1668 5411; x_wconf 85' lang='lat' dir='ltr'><strong>Bodleianus;</strong></span> <span class='ocrx_word' id='word_1_882' title='bbox 1700 5345 1920 5417; x_wconf 80' lang='lat' dir='ltr'><strong>Regius,</strong></span> 
     </span>
    </p>
   </div>
   <div class='ocr_carea' id='block_1_109' title="bbox 349 5426 1920 5602">
    <p class='ocr_par' dir='ltr' id='par_1_109' title="bbox 349 5426 1920 5602">
     <span class='ocr_line' id='line_1_109' title="bbox 349 5426 1920 5600; baseline 0.003 -67"><span class='ocrx_word' id='word_1_883' title='bbox 349 5426 664 5600; x_wconf 46' lang='lat' dir='ltr'><strong>:jotéLTé</strong></span> <span class='ocrx_word' id='word_1_884' title='bbox 711 5478 840 5533; x_wconf 80' lang='grc' dir='ltr'>τοῦ.</span> <span class='ocrx_word' id='word_1_885' title='bbox 899 5480 991 5536; x_wconf 86' lang='lat' dir='ltr'><strong>Sic</strong></span> <span class='ocrx_word' id='word_1_886' title='bbox 1045 5484 1219 5538; x_wconf 81' lang='lat' dir='ltr'><strong>codex</strong></span> <span class='ocrx_word' id='word_1_887' title='bbox 1272 5482 1634 5549; x_wconf 84' lang='lat' dir='ltr'><strong>Bodleianus;</strong></span> <span class='ocrx_word' id='word_1_888' title='bbox 1691 5483 1920 5552; x_wconf 80' lang='lat' dir='ltr'><strong>Regius,</strong></span> 
     </span>
     <span class='ocr_line' id='line_1_110' title="bbox 385 5567 606 5602; baseline 0.014 -3"><span class='ocrx_word' id='word_1_889' title='bbox 385 5567 461 5599; x_wconf 85' lang='grc' dir='ltr'><strong>ων</strong></span> <span class='ocrx_word' id='word_1_890' title='bbox 525 5567 606 5602; x_wconf 85' lang='grc' dir='ltr'>ου.</span> 
     </span>
    </p>
   </div>
   <div class='ocr_carea' id='block_1_110' title="bbox 434 5568 606 5602">
    <p class='ocr_par' dir='ltr' id='par_1_110' title="bbox 434 5568 606 5602">
     <span class='ocr_line' id='line_1_111' title="bbox 434 5568 606 5602; baseline 0.012 -4"><span class='ocrx_word' id='word_1_891' title='bbox 434 5568 461 5598; x_wconf 90' lang='grc' dir='ltr'><strong>ν</strong></span> <span class='ocrx_word' id='word_1_892' title='bbox 492 5568 606 5602; x_wconf 81' lang='grc' dir='ltr'>του.</span> 
     </span>
    </p>
   </div>
   <div class='ocr_carea' id='block_1_111' title="bbox 411 5618 1916 5693">
    <p class='ocr_par' dir='ltr' id='par_1_111' title="bbox 411 5618 1916 5693">
     <span class='ocr_line' id='line_1_112' title="bbox 411 5618 1916 5693; baseline 0.007 -24"><span class='ocrx_word' id='word_1_893' title='bbox 411 5618 538 5686; x_wconf 70' lang='grc'><strong>’(11)</strong></span> <span class='ocrx_word' id='word_1_894' title='bbox 585 5621 778 5673; x_wconf 78' lang='grc' dir='ltr'>Ὄντα.</span> <span class='ocrx_word' id='word_1_895' title='bbox 811 5620 901 5675; x_wconf 82' lang='lat' dir='ltr'><strong>Sic</strong></span> <span class='ocrx_word' id='word_1_896' title='bbox 933 5622 1098 5678; x_wconf 77' lang='lat' dir='ltr'><strong>codex</strong></span> <span class='ocrx_word' id='word_1_897' title='bbox 1131 5621 1482 5690; x_wconf 61' lang='lat' dir='ltr'><strong>Bodleianus;</strong></span> <span class='ocrx_word' id='word_1_898' title='bbox 1518 5620 1738 5693; x_wconf 82' lang='lat' dir='ltr'><strong>Regius,</strong></span> <span class='ocrx_word' id='word_1_899' title='bbox 1763 5623 1849 5679; x_wconf 81' lang='grc' dir='ltr'><strong>τά.</strong></span> <span class='ocrx_word' id='word_1_900' title='bbox 1912 5679 1916 5688; x_wconf 83' lang='grc'><strong>,</strong></span> 
     </span>
    </p>
   </div>
   <div class='ocr_carea' id='block_1_112' title="bbox 2098 5339 3593 5413">
    <p class='ocr_par' dir='ltr' id='par_1_112' title="bbox 2098 5339 3593 5413">
     <span class='ocr_line' id='line_1_113' title="bbox 2098 5339 3593 5413; baseline -0.003 -15"><span class='ocrx_word' id='word_1_901' title='bbox 2098 5344 2214 5410; x_wconf 83' lang='grc'><strong>(15)</strong></span> <span class='ocrx_word' id='word_1_902' title='bbox 2255 5343 2482 5413; x_wconf 79' lang='grc' dir='ltr'>Ἡμέρᾳ.</span> <span class='ocrx_word' id='word_1_903' title='bbox 2511 5342 2584 5396; x_wconf 90' lang='lat' dir='ltr'><strong>lla</strong></span> <span class='ocrx_word' id='word_1_904' title='bbox 2619 5344 2758 5398; x_wconf 87' lang='lat' dir='ltr'><strong>idem</strong></span> <span class='ocrx_word' id='word_1_905' title='bbox 2787 5343 2953 5398; x_wconf 80' lang='lat' dir='ltr'><strong>codex</strong></span> <span class='ocrx_word' id='word_1_906' title='bbox 2980 5341 3330 5409; x_wconf 84' lang='lat' dir='ltr'><strong>Bodleianus;</strong></span> <span class='ocrx_word' id='word_1_907' title='bbox 3368 5339 3593 5411; x_wconf 82' lang='lat' dir='ltr'><strong>Regius,</strong></span> 
     </span>
    </p>
   </div>
   <div class='ocr_carea' id='block_1_113' title="bbox 2027 5413 2538 5484">
    <p class='ocr_par' dir='ltr' id='par_1_113' title="bbox 2027 5413 2538 5484">
     <span class='ocr_line' id='line_1_114' title="bbox 2027 5413 2538 5484; baseline -0.01 -15"><span class='ocrx_word' id='word_1_908' title='bbox 2027 5429 2309 5484; x_wconf 76' lang='lat' dir='ltr'><strong>perperam</strong></span> <span class='ocrx_word' id='word_1_909' title='bbox 2330 5457 2344 5474; x_wconf 80' lang='lat'><strong>,</strong></span> <span class='ocrx_word' id='word_1_910' title='bbox 2381 5413 2538 5484; x_wconf 80' lang='grc' dir='ltr'>μετά.</span> 
     </span>
    </p>
   </div>
   <div class='ocr_carea' id='block_1_114' title="bbox 2097 5477 3596 5554">
    <p class='ocr_par' dir='ltr' id='par_1_114' title="bbox 2097 5477 3596 5554">
     <span class='ocr_line' id='line_1_115' title="bbox 2097 5477 3596 5554; baseline -0.001 -18"><span class='ocrx_word' id='word_1_911' title='bbox 2097 5477 2211 5554; x_wconf 79' lang='lat' dir='ltr'><strong>(l6)</strong></span> <span class='ocrx_word' id='word_1_912' title='bbox 2250 5477 2676 5554; x_wconf 65' lang='grc' dir='ltr'>Πισξεύσουσι.</span> <span class='ocrx_word' id='word_1_913' title='bbox 2723 5480 2816 5535; x_wconf 89' lang='lat' dir='ltr'><strong>Sic</strong></span> <span class='ocrx_word' id='word_1_914' title='bbox 2865 5482 3037 5536; x_wconf 86' lang='lat' dir='ltr'><strong>codex</strong></span> <span class='ocrx_word' id='word_1_915' title='bbox 3085 5479 3444 5543; x_wconf 84' lang='lat' dir='ltr'><strong>Bodleianus;</strong></span> <span class='ocrx_word' id='word_1_916' title='bbox 3487 5477 3596 5534; x_wconf 71' lang='lat' dir='ltr'><strong>llo-</strong></span> 
     </span>
    </p>
   </div>
   <div class='ocr_carea' id='block_1_115' title="bbox 2033 5548 2540 5623">
    <p class='ocr_par' dir='ltr' id='par_1_115' title="bbox 2033 5548 2540 5623">
     <span class='ocr_line' id='line_1_116' title="bbox 2033 5548 2540 5623; baseline -0.008 -19"><span class='ocrx_word' id='word_1_917' title='bbox 2033 5548 2170 5623; x_wconf 82' lang='lat' dir='ltr'><strong>gius,</strong></span> <span class='ocrx_word' id='word_1_918' title='bbox 2193 5548 2540 5604; x_wconf 75' lang='grc' dir='ltr'>πιστεύουσι.</span> 
     </span>
    </p>
   </div>
  </div>
