3962 6206
433 236 540 290 375
1905 244 2226 304 ORIGHNIS
3573 259 3681 311 576

431 352 576 403 enim
611 351 790 420 templi
819 353 1042 420 erectio,
1102 364 1396 424 postquam
1427 357 1760 413 destructum
1803 359 1983 426 fuerit,

2092 364 2187 419 τοῦ
2219 365 2345 420 ναοῦ
2392 369 2458 436 τῇ
2493 365 2682 438 πρώτῃ
2736 365 2873 436 μετὰ
2917 366 2976 418 τὸ
3007 367 3228 439 λυθῆναι
3263 369 3444 440 ἡμέρᾳ
3471 372 3570 423 καὶ
3611 374 3678 441 τῇ

432 439 607 508 prima
665 449 720 494 et
773 443 1006 496 secunda
1065 442 1189 507 die;
1244 445 1524 512 perﬁcitur
1557 458 1736 503 autem
1787 449 1983 506 intotis

2095 454 2347 526 δευτέρᾳ,
2382 455 2680 508 τελειοῦται
2709 456 2765 508 δὲ
2794 455 2960 508 αὐτοῦ
2989 458 3023 524 ἡ
3055 456 3271 528 ἕγερσις
3303 460 3360 511 ἐν
3391 439 3538 522 ὅλαις
3560 439 3682 524 ταῖς

434 529 610 582 tribus
646 529 858 585 tliebus.
885 529 1272 597 Quamobrem,
1296 546 1349 588 et
1379 537 1522 591 facta
1545 549 1629 592 est
1650 543 1983 605 resurrectio,

2095 544 2273 613 τρισὶν
2298 543 2552 614 ἡμέραις.
2577 545 2675 597 Διά
2705 544 2860 597 τοῦτο
2883 545 2978 598 καὶ
3001 545 3223 613 γέγονεν
3249 546 3564 614 ἀνάστασις,
3584 549 3681 601 καὶ

430 623 486 666 et
519 616 627 668 erit
656 617 1002 680 resurrectio,
1042 619 1306 688 siquidem
1342 643 1360 674 ι
1386 641 1507 679 cum
1548 626 1766 684 Christo
1805 644 1983 684 conse-

2097 631 2246 685 ἔσται
2273 633 2590 696 ἀνάστασις,
2616 633 2746 701 εἴγε
2769 653 2788 685 ι
2825 635 3202 705 συνετάφημεν
3219 636 3296 707 τῷ
3321 637 3563 708 Χρισςτῷ,
3582 639 3682 691 καὶ

430 701 560 769 pulti
595 717 800 768 sumus,
836 714 891 758 et
937 720 1058 760 cum
1105 709 1221 778 ipso
1270 716 1716 771 consurreximus
1766 717 1832 773 ⁸⁸.
1860 737 1878 770 ι
1933 719 1983 772 Et

2099 721 2499 793 συνανέστημεν
2537 721 2704 792 αὐτῷ.
2751 743 2770 775 ι
2807 725 2916 777 Καὶ⁸
2965 701 3223 779 ἐπεὶ-ὀὐκ
3249 701 3409 798 ἀρκέί
3440 701 3550 796 (ίῆ)
3597 730 3679 792 εἰς

428 791 682 875 quoniam
709 808 812 847 non
848 795 985 851 satis
1011 790 1093 850 est
1117 799 1182 851 ad
1227 799 1494 870 integram
1545 807 1983 864 resurrectionem

2095 811 2192 882 τὴν
2223 810 2350 882 ὅλην
2369 790 2667 866 ἀνάστασιν
2689 812 2770 875 τὸ,
2794 790 3315 884 σ·υνανέσττυιεν,ἰ
3354 819 3412 870 ἐν
3443 790 3681 888 ἰιιῖίΧρι-ἰ

426 861 556 934 illud
605 883 848 952 verbum,
906 904 926 937 ι
967 891 1430 956 consurreximus,
1477 915 1497 946 ι
1560 895 1782 952 additur
1819 915 1832 952 :
1873 917 1892 951 ι
1938 900 1983 954 Ιιι

2098 861 2213 972 στῷ
2243 861 2444 965 πάντες
2469 903 2982 975 ζωοποιηθήσονται,
3030 861 3256 970 ἔκαυστος
3287 907 3344 959 δὲ
3371 909 3430 960 ἐν
3561 861 3683 978 iarzq.

425 971 646 1029 Chrism
676 990 867 1032 omnes
903 979 1340 1049 viviﬁcabuntur,
1390 990 1762 1058 unusquisque
1813 999 1983 1045 autem

2092 971 2356 1062 τάγματισ
2381 993 2606 1063 ἀπαρχὴ
2637 971 2891 1064 Χριστὸς,
2926 994 3116 1048 ἔπειτα
3149 997 3198 1050 οἱ
3226 995 3318 1049 τοῦ
3348 971 3591 1068 Χριστοῦ
3620 971 3683 1051 εἰ.

426 1062 478 1116 in
511 1079 612 1116 suo
640 1068 828 1120 ordine
868 1085 882 1121 :
913 1071 1164 1136 primitiae
1197 1073 1483 1140 Christus,
1521 1077 1716 1133 deinde
1743 1081 1832 1148 qui
1869 1091 1996 1136 sunt

428 1154 664 1221 Christi,
694 1157 746 1209 in
794 1157 1026 1213 adventu
1075 1161 1194 1228 ejus
1235 1181 1250 1216 :
1287 1173 1560 1232 postremo
1595 1168 1718 1222 linis
1739 1169 1803 1222 ⁸³.
1837 1187 1856 1221 ι
1891 1171 1987 1224 Re~

429 1244 788 1300 surrectionis
821 1247 964 1300 enim
1002 1247 1129 1302 illud
1153 1259 1254 1313 est,
1295 1251 1466 1319 prima
1513 1254 1600 1308 die
1646 1257 1698 1310 in
1743 1259 1992 1326 paradiso

425 1345 546 1384 csse
585 1331 714 1398 Dei;
752 1335 1167 1390 resurrectionis
1212 1338 1361 1401 item,
1415 1343 1634 1409 quando
1695 1359 1983 1414 apparens,

430 1420 607 1490 inquit
641 1437 656 1476 :
705 1439 722 1472 ι
752 1421 830 1477 Ne
861 1439 947 1478 me
985 1435 1198 1495 tangas,
1227 1429 1460 1484 nondum
1497 1433 1640 1488 enim
1663 1437 1880 1490 asceudi
1923 1439 1991 1491 ad

425 1511 638 1566 l'atrein
663 1511 748 1580 ⁸⁸;
775 1533 794 1564 ι
828 1523 885 1568 at
913 1516 1153 1584 perfecta
1201 1529 1284 1572 est
1313 1524 1640 1579 resurrectio
1679 1540 1802 1580 cum
1846 1529 1992 1583 vadit

425 1606 490 1655 ad
522 1601 764 1658 Patrem.
805 1603 1072 1673 Quoniam
1120 1623 1251 1663 vero
1287 1612 1507 1678 quidam
1557 1615 1986 1686 confunduntur,

2093 1085 2160 1154 τῇ
2183 1083 2449 1154 παρουσία
2483 1083 2669 1148 αὑτοῦ,
2701 1079 2818 1137 εἶτα
2841 1084 3088 1148 τὸτέλος.
3122 1105 3140 1138 t
3180 1087 3551 1150 ’Δναστάσεως
3567 1086 3683 1158 γάρ

2091 1169 2158 1243 ἦν
2175 1173 2266 1225 καὶ
2290 1173 2350 1226 τὸ
2394 1176 2451 1226 ἐν
2481 1176 2547 1244 τῇ
2579 1173 2767 1246 πρώτῃ
2797 1175 2980 1246 ἡμέρᾳ.
3006 1175 3262 1243 γενέσθαι
3294 1178 3353 1229 ἐν
3388 1177 3462 1247 τῷ
3494 1195 3686 1249 παρα-

2092 1262 2252 1332 δείσῳ
2274 1261 2366 1315 τοῦ
2391 1261 2548 1316 Θεοῦ·
2582 1263 2926 1327 ἀναστάσεως
2947 1263 3026 1328 δὲ,
3045 1263 3140 1318 καὶ
3159 1265 3247 1317 ὅτε
3277 1264 3391 1336 (l8)
3422 1267 3688 1338 φαινόμε-

2093 1352 2181 1414 νός
2212 1368 2363 1423 φησι·
2406 1369 2424 1401 ι
2463 1351 2554 1422 Μὴ
2599 1368 2700 1424 μου
2757 1352 2949 1415 ἆπτον,
2999 1352 3152 1407 olim)
3198 1354 3304 1426 γάρ
3355 1355 3687 1427 ἀναϐέϐηκα

2093 1441 2228 1513 πρὸς
2257 1441 2346 1494 τὸν
2376 1442 2610 1514 Πατέρα·
2649 1461 2667 1493 t
2702 1443 2762 1496 τὸ
2793 1443 2849 1497 δὲ
2868 1443 3070 1497 τέλειον
3096 1445 3194 1516 τῆς
3209 1447 3555 1512 ἀναστάσεως
3582 1443 3679 1520 ἦν,

2091 1533 2180 1584 ὅτε
2201 1532 2408 1600 γίνεται
2435 1533 2570 1605 πρὸς
2587 1535 2676 1587 τὸν
2707 1533 2946 1605 Πατέρα.
2983 1535 3136 1588 Ἐπεὶ
3150 1536 3208 1588 δέ
3241 1539 3289 1590 oi
3317 1538 3682 1609 συγχεόμενοι

2093 1623 2152 1673 ἐν
2201 1619 2279 1692 τῷ
2319 1623 2446 1694 περὶ
2482 1623 2696 1694 Πατρὸς
2735 1624 2831 1677 καὶ
2873 1623 3000 1677 Υίοῦ
3032 1625 3203 1696 τόπῳ,
3236 1626 3559 1694 συνάγοντες
3589 1629 3677 1682 τόο

424 1708 547 1746 cum
570 1695 820 1748 venerint
845 1695 912 1750 ad
961 1696 1136 1753 locum
1165 1700 1232 1755 de
1263 1700 1424 1758 Patre
1454 1714 1507 1758 et
1531 1705 1690 1769 Filio,
1725 1709 1983 1766 adducen-

2100 1729 2118 1761 ι
2158 1691 2540 1782 Εὑρισκόμεθα
2666 1715 2758 1767 καὶ
2785 1691 3230 1787 ψευδομάρτυρες
3270 1691 3559 1781 τοῦ-Θεοῦ,
3591 1719 3680 1772 ὅτι

425 1792 505 1837 tes
542 1783 670 1839 illud
706 1800 719 1836 :
759 1802 777 1836 ι
808 1785 1122 1842 lnvenimur
1169 1799 1350 1846 autem
1393 1801 1447 1847 et
1505 1793 1620 1850 falsi
1662 1806 1826 1855 testes
1873 1801 1989 1865 Dei,

421 1873 566 1940 quod
599 1877 780 1932 testati
814 1875 1077 1934 fuerimus
1098 1879 1359 1937 adversus
1383 1883 1551 1939 Deum
1575 1925 1592 1950 ,
1617 1889 1760 1955 quod
1787 1890 1993 1944 excita-

423 1966 564 2019 verit
617 1967 895 2022 Christum
942 1959 1106 2038 quem
1153 1986 1259 2025 non
1305 1975 1562 2030 excitavit
1616 1978 1749 2042 ⁸⁸;ο
1801 1990 1854 2034 et
1906 1983 1990 2042 his

413 2059 620 2132 similia
651 2059 985 2115 deelarantia
1011 2063 1176 2118 alium
1199 2079 1320 2120 esse
1359 2080 1483 2122 cum
1520 2071 1611 2138 qui
1644 2072 1901 2128 excitavit
1921 2075 1990 2129 ab

421 2165 486 2200 cn
511 2149 600 2218 qui
628 2151 903 2208 excitatus
933 2152 1037 2207 fuit
1063 2171 1077 2219 ;
1109 2164 1163 2210 et
1191 2157 1318 2212 illud
1348 2175 1363 2212 :
1393 2159 1698 2220 «Destruite
1733 2167 1988 2235 templum

411 2240 546 2317 hoc,
572 2249 626 2295 et
655 2241 708 2296 in
744 2243 917 2298 tribus
959 2245 1147 2302 diebus
1181 2251 1386 2319 erigam
1423 2252 1574 2318 illud,
1603 2274 1621 2306 ι
1677 2257 1992 2313 existiman-

425 2341 504 2385 tes
529 2346 594 2386 ex
623 2332 708 2388 his
728 2335 941 2390 ostendi
967 2352 1196 2392 numero
1219 2357 1328 2396 non
1362 2342 1577 2399 diﬂ‘erre
1605 2346 1802 2404 Filium
1827 2366 1856 2404 a
1885 2352 1988 2407 Pa.

421 2431 524 2487 tre,
548 2423 645 2476 sed
673 2435 960 2495 utrumque
987 2444 1092 2484 non
1127 2431 1302 2486 solum
1337 2437 1660 2502 substantia,
1709 2441 1802 2497 sed
1824 2443 1985 2498 etiam

418 2515 663 2582 subjecto
707 2531 870 2568 untttn
899 2557 914 2584 ,
944 2520 1240 2575 secundum
1289 2526 1546 2592 quasdam
1581 2530 1984 2601 intelligentiae.

419 2617 524 2654 non
553 2607 852 2659 secundum
886 2608 1214 2676 hypostasim
1249 2613 1496 2670 diversos
1548 2618 1651 2674 dici
1689 2618 1902 2676 Patrem
1935 2631 1990 2678 et

419 2693 614 2748 Filium
653 2713 666 2748 :
705 2696 812 2750 illis
863 2700 1198 2766 respondere
1234 2704 1514 2772 debemus,
1555 2709 1605 2762 in
1645 2710 1835 2778 primis
1862 2715 1985 2782 qui-

418 2785 538 2838 dem
569 2800 630 2839 ea
663 2789 827 2842 verba
877 2807 996 2860 quae
1029 2797 1306 2866 prmeipue
1355 2809 1598 2855 astruant
1652 2804 1812 2858 alium
1864 2821 1984 2863 esse

417 2876 610 2928 Filium
638 2893 667 2932 a
706 2879 884 2946 Patre,
911 2892 965 2936 et
998 2887 1142 2951 quod
1170 2891 1480 2944 necessario
1511 2891 1679 2948 Filius
1709 2897 1780 2949 sit
1807 2895 1982 2953 Patris

2095 1803 2556 1874 ἐμαρτυρήσαμεν
2589 1804 2730 1856 κατά
2756 1803 2847 1856 τοῦ
2880 1803 3035 1868 Θεοῦ,
3071 1805 3154 1856 ὅτι
3187 1806 3375 1878 ἤγειρε
3408 1807 3497 1860 τὸν
3535 1809 3682 1878 Χρι-

2094 1892 2237 1955 στὸν,
2264 1892 2322 1944 ὃν
2350 1892 2450 1946 οὐκ
2476 1892 2685 1963 ἡγειρεο
2719 1912 2738 1945 ι
2769 1893 2863 1947 καὶ
2891 1893 2960 1946 τά
2998 1894 3206 1958 τούτοις
3230 1896 3390 1965 ὅμοια
3409 1895 3682 1968 δηλοῦντα

2091 1983 2275 2055 ἕτερον
2291 1980 2428 2036 εἶναι
2449 1983 2540 2037 τὸν
2563 1985 2851 2055 ἐγείραντα
2873 1984 3023 2056 παρά
3046 1985 3137 2038 τὸν
3158 1987 3546 2058 ἐγηγερμένον·
3577 1989 3678 2041 καὶ

2087 2077 2169 2130 τόδ
2200 2095 2220 2128 ι
2253 2075 2464 2129 Λύσατε
2514 2075 2605 2128 τὸν
2641 2075 2766 2128 ναὸν
2795 2075 3004 2139 τοῦτον,
3029 2075 3122 2129 καὶ
3151 2077 3208 2129 ὲν
3241 2078 3414 2146 τρισὶν
3436 2079 3678 2150 ἡμέραις

2089 2163 2264 2234 ἐγερῶ
2285 2163 2464 2218 αὐτόν·
2502 2182 2520 2214 t
2542 2158 2652 2217 οἷον
2667 2164 2728 2216 τὸ
2743 2163 2854 2234 (19)
2881 2167 2946 2217 ὲκ
2965 2163 3168 2218 τούτων
3195 2166 3554 2235 παρίστασθαι
3593 2167 3676 2238 μὴ

2087 2255 2363 2326 διαφέρειν
2395 2253 2472 2324 τῷ
2503 2253 2720 2325 ἀριθμῷ
2747 2254 2836 2308 τὸν
2871 2253 2997 2306 Υίὸν
3030 2254 3125 2308 τοῦ
3159 2255 3392 2328 Πατρδς,
3437 2256 3552 2348 ἀλλ’
3587 2257 3674 2322 ἒν,
3712 2321 3724 2348 ζ

2088 2347 2148 2398 οὐ
2181 2346 2339 2416 μόνον
2369 2345 2548 2414 οὐσίᾳ,
2595 2343 2731 2398 ἀλλά
2782 2343 2876 2398 καὶ
2913 2345 3258 2416 ὑποκειμένῳ
3302 2345 3677 2416 τυγχάνοντας

2087 2429 2448 2502 ἀμφοτέρους,
2472 2429 2614 2482 κατά
2636 2446 2786 2491 τινας
2826 2431 3067 2493 ἐπινοίας
3095 2431 3402 2502 διαφόρους.
3425 2434 3486 2488 οὐ
3524 2434 3676 2488 κατὰ

2088 2520 2382 2573 ὑπόστασιν
2423 2518 2676 2588 λέγεσθαι
2709 2519 2926 2591 Πατέρα
2967 2521 3062 2573 καὶ
3095 2521 3492 2588 Υἱόνχλεκτέον
3526 2525 3676 2595 πρὸς

2085 2612 2282 2675 αὐτοὺς
2299 2609 2512 2682 πρῶτον
2550 2611 2646 2681 μὲν
2673 2610 2738 2664 τὰ
2775 2611 3202 2681 προηγουμένως
3228 2630 3673 2668 κατασκευαστι-

2087 2701 2160 2756 κά
2193 2701 2331 2772 ρητὰ
2355 2701 2448 2754 τοῦ
2481 2701 2666 2771 ἕτερον
2689 2697 2824 2753 εἶναι
2858 2701 2949 2753 τὸν
2978 2701 3105 2753 Υἱὸν
3135 2701 3396 2772 παρὼτὸν
3422 2705 3670 2776 Πατέρα,
3721 2705 3733 2730 ⁵

2085 2794 2179 2847 καὶ
2214 2794 2296 2852 ὃτι
2330 2791 2542 2862 ἀνάγκη
2568 2791 2658 2844 τὸν
2685 2789 2814 2842 Υίὸν
2850 2790 3064 2861 Πατρὸς
3085 2787 3224 2843 εἶναι
3261 2791 3408 2854 Υἰὸν,
3454 2795 3550 2846 καὶ
3576 2795 3674 2847 τὸν

2085 2883 2303 2954 Πατέρα
2331 2881 2462 2935 Υἱοῦ
2486 2881 2720 2952 Πατέρα.
2752 2881 2904 2936 Μετὰ
2931 2881 2988 2935 δὲ
3011 2881 3168 2935 τοῦτο
3193 2882 3292 2935 οὐκ
3318 2881 3516 2936 ἄτοπόν
3548 2886 3670 2938 ἐστι

414 2965 602 3030 Filius,
650 2979 704 3022 et
760 2969 920 3027 Pater
975 2974 1093 3029 Filii
1143 2977 1213 3031 sit
1259 2979 1456 3043 Pater;
1517 2992 1627 3038 tum
1683 3000 1813 3039 vero
1869 3002 1976 3041 non

2089 2975 2180 3030 τὸν
2220 2973 2580 3045 ὁμολογοῦντα
2625 2973 2790 3042 μηδὲν
2822 2972 3079 3026 δύνασθαι
3125 2975 3318 3036 ποιεῖν,
3355 2973 3449 3025 ἐὰν
3486 2975 3562 3044 μή
3614 2991 3670 3026 τι

414 3057 705 3112 absurdum
727 3075 863 3128 esse,
884 3078 1004 3118 eum
1029 3067 1118 3134 qui
1147 3067 1378 3124 fateatur
1397 3087 1457 3127 se
1479 3074 1610 3128 nihil
1630 3091 1787 3144 posse
1813 3076 1983 3135 facere

2099 3065 2268 3135 βλέπῃ
2289 3062 2378 3116 τὸν
2401 3062 2618 3132 Πατέρα
2651 3060 2924 3124 ποιοῦντα,
2959 3062 3054 3114 καὶ
3079 3061 3324 3130 λέγοντα,
3353 3062 3434 3115 ὅτι
3459 3081 3480 3113 ι
3521 3065 3590 3116 Ὃ
3621 3063 3668 3116 δ’

411 3149 515 3201 nisi
546 3154 686 3216 quod
706 3152 903 3206 viderit
935 3154 1146 3208 Patrem
1174 3156 1460 3214 facientem
1486 3162 1550 3226 ⁸⁸,
1577 3166 1778 3232 quique
1802 3165 1944 3220 dicat
1970 3186 1984 3223 :

418 3256 436 3286 ι
459 3236 733 3306 Quidquid
766 3251 946 3296 autem
975 3243 1136 3298 Pater
1167 3247 1315 3309 facit,
1355 3251 1604 3305 similiter
1627 3253 1788 3306 etiam
1821 3255 1986 3312 Filius

413 3327 547 3382 facit
589 3328 658 3393 ⁸⁷,
690 3349 708 3382 ι
763 3347 962 3400 corpus
1017 3339 1158 3403 quod
1211 3347 1480 3393 mortuum
1525 3351 1643 3396 erat
1689 3347 1982 3412 excitasse,

409 3417 572 3474 Patre
607 3421 708 3474 hoc
739 3421 814 3476 illi
849 3423 1126 3479 donante:
1165 3427 1255 3496 qui
1298 3427 1456 3484 Pater
1494 3433 1761 3502 praecipue
1802 3437 1985 3492 dicen-

411 3509 512 3562 dus
548 3518 632 3563 est
658 3511 938 3564 Christum
971 3515 1242 3570 excitasse
1271 3533 1302 3572 e
1345 3522 1591 3574 mortuis.
1630 3522 1772 3578 Sane
1817 3523 1985 3579 llcra-

407 3599 566 3654 cleon
603 3601 794 3672 inquit,
831 3621 849 3653 ¢
883 3603 932 3656 in
958 3603 1148 3672 tribus,
1183 3625 1202 3659 ι
1252 3609 1415 3678 200
1447 3625 1540 3680 pro
1576 3627 1639 3666 eo
1691 3616 1834 3683 quod
1875 3626 1979 3683 est,

404 3695 458 3748 in
493 3693 674 3758 tertia,
713 3710 817 3747 non
847 3709 1222 3770 perscrutatus
1263 3701 1544 3770 (quamvis
1571 3706 1774 3759 notarit
1815 3723 1977 3760 vocu-

410 3783 512 3844 las,
538 3781 591 3834 iu
620 3785 810 3852 tribus)
841 3789 1114 3855 quomodo
1164 3787 1216 3842 in
1270 3791 1445 3844 tribus
1476 3791 1664 3847 diebus
1691 3805 1980 3864 peragatur

409 3878 758 3928 resurrectio.
788 3878 979 3932 Adhuc
1013 3889 1192 3934 autem
1231 3892 1286 3936 et
1309 3884 1522 3936 tertiam
1565 3885 1705 3938 diem
1743 3886 1981 3955 appellat

408 3961 766 4029 spiritualem,
798 3966 967 4033 inqua
1003 3967 1277 4023 declarari
1303 3981 1492 4038 putant
1520 3973 1773 4028 Ecclesia:
1799 3990 1978 4033 resur-

409 4049 728 4104 rectionem.
796 4051 888 4105 llis
936 4068 1061 4108 vero
1091 4043 1428 4126 consequens
1448 4071 1534 4116 est
1565 4073 1622 4115 ut
1659 4065 1833 4133 prima
1861 4066 1975 4123 dies

411 4140 706 4201 terrestris,
739 4143 974 4196 secunda
1013 4145 1262 4200 animalis
1287 4148 1520 4214 dicatur,
1551 4165 1657 4205 non
1696 4151 1833 4207 facta
1870 4153 1974 4209 Ec-

410 4228 587 4282 clesiae
617 4232 1017 4285 resurrectione
1049 4233 1100 4284 in
1126 4232 1276 4301 ipsis.
1300 4235 1561 4291 Videntur
1586 4240 1834 4308 equidem
1855 4258 1976 4312 qua:

2093 3154 2159 3208 ἂν
2181 3157 2210 3208 ὁ
2240 3152 2426 3223 Πατὴρ
2454 3154 2614 3216 ποιεῖ,
2664 3151 2834 3206 ταῦτα
2861 3151 3060 3220 ὁμοίως
3087 3153 3181 3204 καὶ
3219 3153 3248 3204 ό
3279 3152 3408 3214 Υἱὸς
3434 3155 3602 3216 ποιεῖ,
3643 3172 3662 3204 ι

2093 3243 2182 3298 τὸν
2219 3243 2427 3314 νεκρὸν,
2451 3243 2586 3312 ὅπερ
2610 3242 2670 3294 τὸ
2702 3239 2859 3310 σῶμα
2887 3236 2975 3312 ἦν,
3011 3241 3389 3313 ἐγηγερκέναι,
3425 3242 3518 3295 τοῦ
3554 3243 3669 3297 Πα-

2092 3333 2218 3405 τρδς
2244 3333 2392 3403 αὐτῷ
2413 3332 2520 3404 (20)
2561 3331 2718 3385 τοῦτο
2751 3331 3127 3402 χαριζομένου,
3153 3333 3212 3385 ὃν
3239 3332 3669 3404 προηγουμένως

2090 3421 2307 3476 λεκτέον
2336 3420 2794 3491 ἐγηγερκέναιτὸν
2827 3419 3060 3491 Χριστὸν
3090 3421 3154 3472 ἐκ
3183 3419 3408 3490 νεκρῶν.
3450 3421 3508 3474 Ὀ
3529 3421 3668 3492 μέν·

2089 3529 2234 3581 τοιγε
2261 3511 2570 3582 ’Πρακλέων
2603 3511 2683 3573 τὸ,
2723 3511 2792 3563 ἐν
2840 3511 3018 3579 τρισὶ,
3054 3512 3237 3582 φησὶν,
3283 3511 3402 3565 ἀντὶ
3438 3511 3556 3579 τοῦ,
3603 3514 3666 3566 ὲν

2087 3601 2266 3672 τρίτῃ,
2301 3599 2375 3671 μὴ
2408 3599 2726 3670 ἐρευνήσας,
2757 3599 2998 3668 καίτοιγε
3020 3602 3324 3671 ,ἐπιστήσας
3350 3600 3428 3672 τῷ
3449 3601 3564 3673 (21)
3591 3602 3660 3656 ἐν

2088 3689 2264 3756 τρισὶ,
2284 3687 2399 3751 πῶς
2425 3690 2481 3740 ἐν
2499 3687 2675 3757 τρισὶν
2703 3688 2736 3756 ἡ
2752 3687 3044 3750 ἀνάστασις
3072 3689 3371 3759 ἐνεργεῖται
3396 3689 3660 3758 ἡμέραις.

2091 3783 2208 3834 Ἔτι
2244 3781 2300 3833 δὲ
2340 3781 2432 3832 καὶ
2471 3779 2568 3850 τὴν
2608 3778 2796 3849 τρίτην
2825 3780 2956 3848 φησι
2983 3779 3083 3850 τὴν
3125 3781 3495 3850 πνευματικὴν
3519 3780 3664 3850 ἡμέ-

2088 3887 2208 3942 ραν,
2243 3871 2299 3922 ἐν
2397 3867 2593 3921 οἴονται
2619 3865 3017 3937 δηλοῦσθαιτὴν
3045 3865 3146 3934 τῆς
3178 3867 3499 3938 Ἐκκλησίας
3527 3868 3666 3923 ἀνά-

2087 3976 2293 4013 στασιν.
2329 3957 2544 4011 Τούτων
2575 3957 2632 4010 δὲ
2667 3955 2952 4008 ἀκόλουθόν
2977 3957 3092 4010 ἐστι
3119 3955 3341 4029 πρώτην
3376 3957 3554 4026 λέγειν
3579 3955 3662 4013 εῖ-

2084 4070 2170 4107 ναι
2187 4051 2283 4122 τὴν
2298 4050 2484 4120 χοῖκὴν
2511 4049 2742 4120 ἡμέραν,
2769 4047 2862 4099 καὶ
2875 4045 2972 4117 τὴν
2987 4046 3245 4118 δευτέραν
3265 4047 3362 4118 τὴν
3392 4047 3659 4120 ψυχικὴν,

2081 4144 2141 4196 οὐ
2181 4141 2549 4211 γεγενημένης
2577 4139 2677 4208 τῆς
2716 4137 3062 4200 ἀναστάσεως
3091 4137 3189 4204 τῆς
3227 4137 3549 4208 Ἐκκλησίας
3597 4141 3660 4194 ὲν

2081 4235 2288 4296 αὑταῖς.
2329 4233 2512 4284 Ἕοικε
2545 4231 2641 4300 μὲν
2680 4231 2858 4283 τοίνυν
2909 4229 2974 4282 τὰ
3010 4229 3114 4282 ὑπὸ
3144 4230 3251 4283 τῶν
3279 4231 3338 4281 ἐν
3373 4229 3453 4300 τῷ
3508 4231 3658 4285 κατά

407 4321 609 4389 scripta
641 4323 842 4377 suntin
876 4323 1166 4393 Evangelio
1214 4328 1512 4382 secundum
1563 4329 1867 4387 Mattlneum
1919 4344 1974 4388 ct

2085 4323 2356 4379 Ματθαῖον
2372 4322 2465 4374 καὶ
2485 4321 2709 4392 Μάρκον
2725 4320 3186 4392 ἀναγεγραμμένα
3202 4320 3516 4392 Εὑαγγελίῳ
3535 4319 3656 4392 (22)

407 4411 647 4467 Marcum
675 4415 740 4468 de
779 4414 933 4469 falsis
962 4415 1213 4482 tesaibus,
1260 4417 1310 4470 in
1342 4417 1448 4474 [ine
1494 4418 1769 4488 Evangelii
1803 4437 1968 4477 accu-

405 4505 657 4560 santibus
687 4506 972 4561 Dominum
1013 4517 1256 4562 nostrum
1279 4505 1461 4563 Jesum
1498 4508 1796 4575 Christum,
1826 4513 1969 4567 rela-

407 4593 606 4648 tionem
634 4595 835 4649 ltabere
869 4595 934 4648 ad
969 4595 1096 4648 illud
1128 4610 1139 4644 :
1183 4614 1200 4648 ι
1224 4594 1496 4653 Destruite
1546 4597 1801 4667 templum
1841 4600 1966 4664 hoc,

402 4693 457 4737 et
481 4697 580 4750 ego
607 4685 659 4738 in
697 4686 870 4741 tribus
899 4687 1087 4740 diebus
1117 4687 1320 4758 erigant
1353 4687 1507 4744 illud.
1541 4707 1560 4741 ι
1597 4687 1691 4742 Ille
1727 4690 1870 4745 enim
1900 4690 1966 4744 de

404 4776 602 4843 templo
650 4779 892 4846 corporis
944 4779 1024 4832 sui
1061 4779 1314 4844 dicebat,
1373 4795 1494 4849 qua:
1524 4780 1595 4834 illi
1628 4782 1969 4850 suspicantes

403 4868 469 4918 de
491 4882 555 4920 eo
587 4867 781 4934 templo
809 4870 913 4925 dici
938 4874 1081 4941 quod
1105 4888 1166 4928 ex
1195 4873 1463 4942 lapidibus
1489 4872 1812 4928 aediﬁcatum
1853 4871 1968 4927 l'ue-

469 5030 514 5061 “
553 5031 713 5088 Rom.
747 5050 819 5100 vn,
847 5037 900 5090 4.
976 5037 1023 5068 ⁸³
1057 5036 1072 5089 Ι
1104 5037 1210 5092 Cor
1255 5053 1342 5100 xv,
1385 5037 1456 5090 ‘22
1507 5051 1660 5106 seqq.
1735 5037 1783 5070 ⁸⁸
1807 5038 2066 5105 Joan.xx,

431 5169 580 5247 .(l'i)
605 5171 736 5255 Ὀὺςι
771 5168 953 5254 ἀρκεῖ.
990 5168 1067 5222 Ita
1099 5169 1237 5222 idem
1271 5168 1438 5223 codex
1473 5169 1829 5237 Bodleianus;
1863 5170 1958 5226 Re-

396 5239 536 5303 gius,
564 5239 625 5290 οὐ
658 5239 838 5290 κάκεῖ.

621 5307 732 5388 Καὶ
798 5306 914 5360 ὅτε.
970 5307 1060 5362 Sic
1113 5306 1281 5362 codex
1339 5305 1702 5375 Bodleiauus;
1769 5309 1968 5380 Regius

398 5376 582 5428 omisit
615 5375 728 5428 καί.

471 5445 583 5513 (19)
627 5440 762 5498 Οἷον
801 5449 886 5499 τό.
927 5445 1288 5501 Scribendum
1322 5447 1541 5502 οἴονται.

448 5514 585 5634 fit);
636 5515 822 5579 Αὐτῷ.
889 5514 979 5572 Sic
1053 5516 1220 5571 codex
1301 5517 1664 5586 Budlcianus;
1727 5518 1963 5590 Regius,

401 5599 499 5634 αυτ
539 5622 553 5634 .

2075 4412 2530 4486 ψευδομαρτύρων
2566 4413 2700 4483 πρὸς
2725 4411 2803 4482 τῷ
2823 4411 2966 4464 τέλει
2989 4411 3083 4464 τοῦ
3117 4411 3443 4480 Εὑαγγελίου
3482 4429 3656 4484 κατη-

2075 4505 2378 4578 γορούντων
2403 4501 2494 4554 τοῦ
2519 4503 2723 4572 Κυρίου
2750 4503 2905 4572 ἡμῶν
2936 4501 3109 4573 Ἰησοῦ
3135 4501 3370 4572 Χριστοῦ
3401 4503 3499 4573 τὴν
3521 4503 3655 4557 ἀνα-

2076 4595 2248 4666 φορὰν
2273 4593 2414 4662 ἔχειν
2439 4592 2530 4644 ἐπὶ⁸
2562 4591 2642 4644 τό·
2684 4609 2702 4643 t
2742 4591 2953 4645 Λύσατε
2985 4592 3077 4644 τὸν
3099 4593 3223 4644 ναὸν
3249 4592 3460 4656 τοῦτον,
3491 4593 3654 4662 κάγώ

2074 4689 2130 4740 ἐν
2165 4685 2340 4756 τρισὶν
2383 4683 2614 4754 ἡμέραις
2661 4683 2836 4754 ἐγερῶ
2872 4683 3049 4736 αὐτόν·
3099 4701 3119 4734 ι
3153 4684 3183 4734 ὁ
3218 4685 3316 4754 μὲν
3349 4684 3458 4756 γὰρ
3492 4685 3650 4753 ἔλεγε

2075 4779 2202 4848 περὶ
2229 4776 2320 4828 τοῦ
2344 4775 2470 4829 ναοῦ
2508 4774 2602 4827 τοῦ
2638 4772 2886 4843 σώματος
2909 4773 3095 4836 αὑτοῦ,
3131 4775 3180 4827 οἱ
3213 4775 3256 4826 δ’
3292 4775 3649 4839 ὑπονοοῦντες

2076 4871 2202 4940 περὶ
2231 4866 2322 4920 τοῦ
2363 4869 2426 4919 ἐκ
2453 4865 2613 4918 λίθων
2656 4864 3095 4935 οἰκοδομηθέντος
3124 4864 3250 4918 ναοῦ
3297 4866 3548 4935 λέγεσθαι
3577 4867 3652 4919 τὰ

2093 5038 2178 5092 l7.
2255 5037 2342 5088 ⁸⁵1
2375 5035 2498 5088 Cor.
2533 5047 2623 5095 xv,
2656 5029 2740 5084 15.
2817 5029 2864 5062 “
2889 5029 3044 5084 Joan.
3083 5044 3134 5094 ν,
3160 5029 3249 5083 l9.
3325 5028 3369 5060 ⁸⁷
3405 5027 3536 5083 ibid.

2169 5175 2262 5247 ει)
2307 5171 2410 5247 ζῷ.
2447 5170 2733 5247 δίοροίίεξι
2776 5167 3387 5247 Bittll_eian_us§_l_{egius,
3416 5166 3496 5247 τό.
3533 5235 3546 5247 ⁹

2169 5237 2259 5312 22)
2300 5240 2660 5312 Ε’ὺιιγπςιι-ῑλίιι)ζ
2705 5240 2782 5292 lta
2814 5239 2983 5312 codegt
3022 5237 3379 5312 Burneianus;
3416 5237 3642 5304 Regius,

2075 5307 2588 5377 ιιιιιἸθ,Ἐὺαγγέλια,
2619 5309 2882 5363 Cit-terum
2911 5307 3138 5377 distorta
3179 5307 3293 5360 hate
3337 5315 3645 5377 sunt,_qn:n

2073 5383 2170 5443 sic,
2205 5391 2260 5432 ut
2305 5375 2584 5431 adnotavit
2621 5377 2864 5436 liuetins.
2894 5376 3168 5440 dirigenda
3215 5385 3370 5429 erant
3407 5391 3420 5427 :
3456 5375 3643 5427 Ἔοικα

2076 5450 2174 5519 μὲν
2217 5448 2392 5501 τοίνυν
2430 5447 2498 5525 τά
2538 5447 2718 5525 ἐν’-τῶ
2768 5446 2908 5525 κατὰ
2954 5443 3228 5525 Ματθαξον
3274 5444 3645 5525 ξιαὶειΜάρκον

2073 5513 2539 5587 ἀναγεγραμμένα
2589 5513 2900 5586 Εὐάγγελίῳ
2938 5516 3062 5586 περὶ
3105 5514 3211 5566 τῶν
3266 5513 3643 5584 ψευδομαρτύ-

2080 5605 2210 5658 ρων,
2236 5602 2336 5643 ιτιιε.
