4020 6216
186 305 356 362 377

1319 312 1678 370 COMMENT.
1720 311 1787 366 IN
1826 309 2021 369 JOAN.
2062 311 2302 368 TOMUS
2347 310 2416 370 Χ.

3369 308 3475 361 578

161 422 462 484 ,ἐνταῦθα’
497 427 763 503 εἰρημένα
804 427 1038 496 ἔφασκον
1079 427 1529 498 κατηγοροῦντες·
1575 443 1593 476 ι
1633 421 1791 490 Οὗτος

1907 437 2011 492 rat,
2043 444 2162 499 quae
2189 428 2276 483 hic
2305 427 2447 482 dicta
2489 432 2646 486 sunt,
2700 423 2954 478 dixerunt
3001 430 3323 477 accusantes
3374 421 3420 454 “
3452 439 3468 475 :

183 516 214 565 ἕ
233 532 332 586 θη·
357 516 603 588 Δύναμαι
644 517 940 571 καταλῦσαι
972 517 1062 570 τὸν
1101 516 1228 571 ναὸν
1250 516 1343 570 τοῦ
1370 514 1530 582 Θεοῦ,
1558 517 1655 571 καί⁵
1709 516 1798 570 διὰ

184 605 377 676 τριῶν
412 608 636 680 ἡμερῶν
665 609 826 661 αὐτὸν
868 608 1241 678 οἰκοδομῆσαι·
1283 627 1300 659 ι
1330 607 1464 677 ἢὼς
1495 609 1524 660 6
1550 608 1794 678 Μάρκος·

197 715 220 746 ι
259 695 461 766 Ἡμεῖς
490 696 805 766 ἠκούσαμεν
830 697 994 750 αὐτοῦ
1014 697 1289 766 λέγοντος,
1323 698 1429 760 ὅτι,
1464 695 1605 764 Ἐγὼ
1628 711 1798 748 κατα·

191 784 359 838 λύσω
389 785 481 838 τὸν
502 787 629 840 ναὸν
661 786 846 840 τοῦτον
873 788 965 840 τὸν
987 787 1385 859 χειροποίητον,
1409 788 1501 840 καὶ
1519 785 1607 838 διά
1628 784 1796 856 τριῶν

191 876 438 947 ἡμερῶν
465 875 621 930 ἄλλον
642 877 1052 950 ἀχειροποίητον
1074 877 1479 947 ἀνοικοδομήσω
1503 876 1636 947 (25)·
1665 893 1684 927 ι
1706 875 1796 928 ὅτε

195 962 305 1015 καὶ
334 965 362 1015 6
394 963 682 1036 ἀρχιερεὺς
723 965 964 1029 ἀναστὰς
1007 961 1160 1018 εἶπεν
1193 964 1362 1035 αὐτῷ·
1400 983 1418 1016 t
1465 965 1632 1018 Οὐδὲν
1664 965 1797 1017 ἀπο-

195 1051 374 1122 κρίνῃ
400 1067 414 1115 ;
451 1051 502 1104 τί
533 1047 676 1106 οὗτοί
717 1070 810 1106 σου
844 1053 1383 1126 καταμαρτυροῦσιν;
1413 1053 1472 1106 Ὀ
1509 1053 1566 1106 δὲ
1592 1052 1798 1122 Ἰησοῦς

193 1143 444 1196 ἐσιώπα·
482 1163 501 1195 ι
533 1146 566 1216 ἦ
596 1145 672 1210 ὡς
699 1147 729 1200 6
757 1147 968 1209 Λουκᾶς
992 1145 1099 1216 (24)
1128 1146 1280 1216 φησί·
1309 1164 1327 1196 ι
1373 1145 1482 1198 Kal.
1504 1143 1744 1206 ἀναστὰς
1769 1146 1799 1197 6

194 1235 502 1305 ἀρχιερεὺς
542 1236 624 1298 είς
662 1234 850 1304 μέσον,
886 1234 1206 1306 ἐπηρώτησε
1230 1236 1323 1290 τὸν
1355 1237 1564 1307 Ἰησοῦν
1595 1236 1793 1306 λέγων·

196 1325 327 1376 Οὐκ
350 1323 616 1396 ἀποκρίνῃ
651 1324 837 1390 οὐδέν;
860 1323 913 1376 τί
943 1320 1085 1377 οὗτοι
1120 1342 1215 1378 σου
1243 1325 1795 1400 καταμαρτυροῦσιν;

213 1416 279 1467 ὐ
321 1415 376 1467 δὲ
411 1415 640 1478 ἐσιώπα,
667 1415 758 1468 καὶ
797 1415 896 1468 οὐκ
928 1416 1262 1488 ἀπεκρίνατο
1289 1418 1465 1470 οὐδέν.
1510 1436 1529 1468 ι
1577 1416 1799 1486 Νομίζω

199 1505 250 1556 δ’
287 1507 607 1575 ἀναγκαίως
622 1507 713 1560 καὶ
745 1506 917 1561 ταῦτα
945 1501 1374 1579 παρατεθεῖσθαι
1401 1508 1500 1580 τὴν
1521 1507 1797 1579 ἀναφορὰν

203 1593 407 1663 ἔχοντα
433 1595 545 1667 (25)
571 1597 662 1650 ἐπὶ
691 1597 754 1650 τὸ
774 1599 832 1651 ὲν
855 1615 914 1668 χε
925 1599 1011 1669 ρσι
1049 1597 1233 1667 ῥητόν.

1905 538 1922 570 ι
1958 519 2056 575 llic
2087 520 2226 575 dixit
2265 537 2279 573 :
2305 517 2533 572 Possum
2566 514 2850 570 destruere
2878 512 3131 579 templum
3158 511 3272 576 Dei,
3301 520 3358 564 et
3379 526 3472 578 per

1901 618 2011 663 tres
2039 609 2156 662 dies
2185 607 2317 662 illud
2343 606 2615 662 aediﬁcare
2649 620 2664 657 :
2710 621 2731 656 ›
2765 602 2850 656 vel
2874 615 2932 656 ut
2961 602 3174 656 Marcus
3196 602 3242 634 ”
3274 619 3292 658 :
3317 620 3336 652 ι
3364 601 3472 654 Nos

1899 701 2204 756 audivimus
2263 700 2407 754 hunc
2467 696 2905 764 dieentem:Ego
2948 695 3162 748 diruam
3216 692 3470 761 templum

1900 794 2002 847 hoc
2034 808 2196 847 manu
2232 791 2464 853 factum,
2497 799 2549 844 et
2580 804 2676 860 per
2702 800 2814 843 tres
2841 789 2953 842 dies
2977 785 3122 840 aliud
3165 800 3274 839 non
3311 799 3470 838 manu

1899 883 2102 938 factum
2143 882 2510 946 reacdillcabo,
2539 899 2558 933 ι
2600 879 2820 949 quando
2840 888 2897 934 et
2932 891 3176 932 summus
3214 875 3470 930 sacerdos

1897 989 2133 1044 surgens
2188 974 2329 1030 dixit
2385 974 2512 1029 illi:
2551 971 2745 1026 «Nihil
2804 969 3140 1038 respondes?
3211 983 3312 1024 cur
3378 966 3467 1021 isti

1898 1061 2184 1117 adversum
2228 1073 2280 1117 te
2335 1059 2742 1118 testiﬁcantur?
2771 1059 2841 1112 At
2886 1055 3049 1112 Jesus
3073 1057 3286 1113 tacebat
3337 1056 3418 1118 “;
3446 1074 3465 1108 ι

1898 1151 1981 1206 vel
2035 1159 2095 1204 ut
2156 1151 2369 1206 Marcus
2431 1151 2608 1220 inquit
2657 1149 2702 1184 ⁵¹
2739 1165 2754 1201 :
2795 1148 2906 1202 «Et
2953 1163 3182 1219 surgens
3233 1161 3474 1202 summus

1899 1242 2154 1296 sacerdos
2193 1242 2247 1295 in
2279 1241 2514 1296 medium
2543 1281 2560 1308 ,
2619 1241 2989 1307 interrogabat
3025 1237 3207 1293 Jesum
3241 1237 3470 1292 dicens:

1902 1329 2018 1385 lNon
2063 1330 2354 1400 respondes
2414 1331 2759 1400 quidquam?
2817 1345 2915 1383 cur
2957 1329 3044 1383 isti
3079 1327 3368 1382 adversum
3422 1333 3476 1380 te

1901 1420 2085 1474 dicunt
2111 1421 2445 1475 testimonia?
2476 1421 2545 1474 At
2566 1419 2656 1474 ille
2689 1421 2927 1484 tacebat,
2961 1431 3134 1488 neque
3175 1417 3472 1486 quidquam

1901 1511 2286 1578 respondebat.
2311 1528 2330 1562 ι
2359 1510 2613 1565 Arbitror
2640 1525 2770 1564 vero
2799 1509 3112 1564 necessario
3147 1508 3314 1562 etiam
3359 1507 3476 1560 haec

1900 1599 2062 1653 citata
2098 1599 2264 1655 fuisse
2296 1600 2614 1654 relationem
2659 1598 2918 1654 habentia
2969 1597 3039 1654 ad
3091 1612 3218 1653 eum
3266 1605 3472 1652 textum

1898 1689 1989 1754 qui
2015 1697 2103 1741 est
2133 1702 2242 1758 prae
2268 1688 2538 1742 manibus.

275 1771 372 1825 ΞΩ.
404 1792 422 1825 ι
461 1771 634 1828 Εἶπαν
659 1769 752 1827 05v
784 1775 835 1826 οἱ
871 1772 1138 1826 Ἰουδαῖοι·
1168 1773 1588 1845 Τεσσαράκοντα
1613 1771 1706 1824 καὶ
1734 1770 1791 1835 ἒξ

1915 1751 1933 1754 _
1967 1777 2058 1832 22.
2101 1751 2434 1832 ι’ῡίιεηηιι
2463 1792 2595 1847 ergo
2637 1776 2808 1834 Judaei
2843 1797 2858 1834 :
2892 1777 3264 1847 Quadraginta
3289 1786 3345 1831 et
3375 1791 3468 1832 sex

205 1862 387 1915 ἔτεσιν
408 1864 729 1935 ᾠκοδομήθη
749 1866 778 1917 6
803 1863 929 1926 ναὸς
969 1856 1141 1926 οὗτος.
1165 1863 1258 1916 καὶ
1293 1863 1357 1915 σὺ
1386 1865 1443 1916 ὲν
1462 1863 1638 1933 τρισὶν
1660 1861 1796 1932 ήμέ-

208 1967 336 2020 ραις
363 1951 580 2021 ἐγερεῖς
597 1951 796 2015 αὑτόνς
836 1971 853 2002 ι
893 1949 1015 2014 Πῶς
1034 1950 1439 2020 τεσσαράκοντα
1468 1949 1562 2001 κα)⁵
1589 1948 1648 2015 ἒξ
1674 1948 1794 2000 ἔτε-

206 2057 296 2093 σιν
326 2040 709 2111 ᾠκοδομῆσθαί
733 2058 864 2111 φασι
894 2041 982 2093 τὸν
1002 2041 1128 2093 ναὸν
1148 2042 1195 2093 οἱ
1227 2040 1468 2094 Ἰουδαῖοι
1494 2039 1674 2108 λέγειν
1695 2039 1796 2092 οὐκ

206 2132 431 2203 ἔχομεν,
478 2136 526 2187 εί
569 2137 634 2205 τῇ
684 2135 890 2205 ἱστορίᾳ
933 2134 1509 2206 κατακολουθήσαιμεν
1535 2134 1668 2204 (‘26).
1701 2135 1798 2188 Γέ-

207 2237 454 2292 γραπται
480 2221 587 2293 γὰρ
617 2226 673 2275 ὲν
702 2226 766 2294 τῇ
795 2224 956 2296 τρίτῃ
969 2223 1074 2276 τῶν
1086 2223 1493 2288 Βασιλειῶν,ὼς
1516 2242 1536 2276 t
1564 2225 1797 2296 ἡτοίμα-

212 2326 316 2363 σαν
373 2312 500 2374 τοὺς
551 2310 750 2376 λίθους,
800 2315 894 2366 καὶ
938 2313 1007 2366 τὰ
1043 2313 1172 2377 ξύλα
1227 2315 1404 2384 τρισὶν
1443 2313 1636 2366 ἔτεσιν.
1707 2315 1796 2367 Ἑν

202 2401 264 2454 δὲ
288 2401 369 2472 τῷ
395 2401 636 2473 τετάρτῳ
668 2402 799 2466 ἔτει,
839 2403 969 2474 μηνὶ
1003 2403 1258 2475 δευτέρῳ.
1301 2403 1676 2473 βασιλεύοντος
1699 2403 1794 2458 τοῦ

206 2490 475 2559 βασιλέως
500 2493 841 2564 Σολομῶντος
872 2495 965 2546 ἐπὶ
992 2493 1226 2566 Ἰσραὴλ,
1257 2493 1558 2548 ἐνετείλατο
1585 2497 1614 2548 6
1642 2495 1791 2565 βασι-

202 2581 358 2644 λεὺς,
383 2581 472 2632 καὶ
498 2581 711 2652 αἴρουσι
751 2581 931 2646 λίθους
967 2582 1233 2653 μεγάλους
1264 2583 1481 2654 τιμίους
1510 2584 1592 2646 είς
1618 2583 1678 2637 τὸ
1703 2583 1794 2637 θε-

201 2655 396 2740 μέλιον
427 2671 519 2725 τοῦ
539 2667 708 2736 οἴκου,
735 2674 828 2726 καὶ
851 2673 1030 2736 λίθους
1063 2673 1448 2746 ἀπελεκήτους·
1483 2674 1577 2728 καὶ
1605 2675 1765 2729 ὲπελέ

201 2773 387 2826 κησαν
435 2761 482 2811 οί
523 2759 630 2812 uio).
685 2759 1046 2830 Σολομῶντος,
1085 2761 1179 2812 καὶ
1205 2763 1255 2813 οί
1294 2761 1408 2814 υίοὶ
1432 2763 1665 2834 Χειράμ·
1700 2765 1796 2817 καὶ

201 2847 403 2902 ἐεαλον
433 2849 628 2914 αὐτοὺς
655 2852 712 2904 ὲν
737 2850 812 2921 τῷ
838 2852 1085 2920 τετάρτῳ
1113 2850 1246 2914 ἔτει,
1292 2852 1386 2904 καὶ
1429 2853 1796 2924 ὲθεμελίωσαν

199 2941 299 2992 τὸν
329 2935 476 2994 οίκον
508 2941 713 3013 Κυρίου
741 2944 798 2995 ὲν
837 2943 966 3012 μηνὶ
986 2940 1188 2994 Νεισάν
1216 2941 1351 3011 (27),
1373 2944 1468 2997 καὶ
1497 2944 1576 3014 τῷ
1614 2945 1796 3000 δευτέ-

206 3047 289 3100 ρῳ
341 3031 490 3100 μηνί·
520 3031 790 3102 ἑνδεκάτῳ
819 3031 1069 3101 ἐνιαυτῷ,
1099 3033 1229 3102 μην)⁹
1279 3032 1447 3098 Βαὰλ,
1493 3034 1553 3099 ὃς
1577 3031 1648 3108 ἦν
1685 3035 1794 3108 μὴν

201 3120 414 3190 ὄγδοος,
451 3121 798 3192 συνετελέσθη
841 3125 869 3175 6
900 3119 1047 3186 οἶκος
1075 3127 1155 3188 είς
1193 3125 1371 3180 πάντα
1411 3128 1570 3196 λόγον
1606 3129 1790 3195 αὑτοῦ,

205 3215 305 3266 καὶ
357 3216 439 3278 εἰς
491 3217 672 3268 πᾶσαν
705 3216 944 3282 διάταξιν
992 3219 1177 3274 αὐτοῦ.
1220 3241 1238 3274 ι
1282 3223 1399 3275 Ἵνα
1441 3219 1536 3277 05v
1565 3225 1660 3278 καὶ
1692 3226 1792 3297 τὴν

204 3306 530 3375 ἑτοιμασίαν
548 3306 712 3360 αὑτοῦ
738 3309 1235 3381 συγκατατάξωμεν
1264 3312 1375 3384 (28)
1395 3313 1474 3384 τῷ
1489 3315 1666 3386 χρόνῳ
1694 3317 1793 3387 τῆς

204 3396 518 3466 οἰκοδομῆς,
546 3397 735 3450 ἕνδεκα
763 3398 855 3468 ἐτη
882 3398 952 3452 τὰ
981 3401 1157 3453 πάντα
1184 3403 1246 3455 οὐ
1269 3404 1682 3476 συμπληροῦται
1714 3407 1795 3472 είς

210 3487 311 3558 τὴν
337 3488 623 3559 οἰκοδομὴν
637 3489 731 3541 τοῦ
757 3489 905 3542 ναοῦ.
925 3489 1050 3554 Πῶς
1077 3487 1172 3544 οὖν
1203 3494 1252 3546 οἱ
1293 3493 1529 3549 Ἰουδαῖοι
1549 3495 1788 3564 λέγουσι⁹

220 3599 237 3628 ι
248 3578 668 3646 Τεσσαράκοντα
680 3580 773 3632 καὶ
783 3579 840 3646 ἓξ
857 3581 1031 3634 ἔτεσιν
1051 3582 1372 3656 ᾠκοδομήθη
1386 3586 1415 3638 6
1431 3586 1558 3650 ναὸς
1571 3581 1724 3650 οὗτος
1739 3604 1752 3653 ;
1767 3607 1784 3640 t

215 3671 263 3722 εἰ
297 3670 370 3740 μὴ
402 3669 510 3741 ἄρα
541 3687 625 3732 τις
654 3669 981 3740 βιασάμενος
1025 3671 1444 3745 φιλοτιμήσηται
1471 3675 1583 3746 (29)
1615 3693 1793 3748 παρα-

217 3761 411 3831 στῆσαι
451 3761 561 3814 τῶν
604 3762 1013 3833 τεσσαράκοντα
1059 3766 1154 3818 καὶ
1197 3764 1257 3829 ἓξ
1295 3766 1432 3819 ὲτῶν
1481 3767 1792 3838 πληρούμε-

215 3867 301 3902 νον
335 3851 445 3919 ('50)
471 3852 677 3923 χρόνον,
705 3853 798 3922 ἀφ’
831 3848 892 3908 05
915 3856 944 3908 6
965 3855 1129 3907 Δαυῖδ
1162 3872 1295 3925 φησι
1323 3855 1460 3926 πρὸς
1489 3857 1677 3913 Νάθαν
1700 3858 1793 3912 τὸν

219 3943 546 4014 προφήτην,
579 3937 1004 4016 βουλευσάμενος
1052 3947 1181 4016 περὶ
1216 3947 1317 4016 τῆς
1363 3947 1654 4018 οἰκοδομῆς
1695 3949 1790 4003 τοῦ

217 4033 361 4086 ναοῦ·
413 4053 432 4085 ι
487 4035 616 4088 Ἰδοὺ
663 4035 774 4103 ἐγὼ
805 4037 1042 4090 κατοικῶ
1086 4039 1145 4090 ὲν
1186 4036 1322 4107 οἴκῳ
1352 4037 1600 4108 κεδρίνῳ,
1629 4039 1725 4092 καὶ
1755 4041 1789 4110 ἡ

217 4122 442 4186 κιϐωτὸς
468 4123 564 4176 τοῦ
585 4124 719 4178 Θεοῦ
749 4126 983 4197 κάθηται
1018 4127 1078 4178 ὲν
1107 4125 1255 4195 μέσῳ
1283 4127 1383 4197 τῆς
1417 4128 1642 4198 σκηνῆς·
1683 4147 1704 4180 ι
1742 4129 1790 4181 εί

216 4213 318 4283 γὰρ
345 4214 669 4276 κεκώλυται,
689 4215 764 4278 ὠς
789 4216 928 4286 ἀνὴρ
956 4216 1202 4286 αἱμάτων
1234 4216 1582 4288 οἰκοδομῆσαι
1605 4217 1798 4287 αὐτὸν,

216 4301 352 4355 ἔοικέ
385 4320 448 4371 γε
497 4305 605 4375 (51)
656 4305 988 4375 ἠσχολῆσθαι
1021 4307 1148 4376 περὶ
1192 4305 1291 4377 τὴν
1319 4306 1642 4374 συναγωγὴν
1686 4307 1789 4377 τῆς

1897 1869 2055 1924 annis
2083 1869 2409 1924 :edillcatum
2433 1882 2516 1924 est
2557 1872 2814 1941 templum
2841 1873 2967 1936 hoc,
3011 1881 3068 1927 et
3111 1880 3166 1924 tu
3203 1870 3262 1924 in
3291 1869 3471 1924 tribus

1897 1957 2091 2012 diebus
2119 1957 2297 2027 eriges
2324 1957 2456 2011 illud
2487 1958 2575 2012 "2
2607 1976 2626 2009 ι
2669 1959 2953 2024 Quomodo
3007 1958 3368 2028 quadraginta
3413 1965 3472 2010 et

1897 2063 1992 2102 sex
2018 2047 2178 2102 annis
2205 2055 2545 2100 exstructum
2568 2046 2738 2102 fuisse
2772 2047 2941 2102 Judaei
2986 2049 3172 2101 dicant
3215 2045 3470 2114 templum

1901 2141 2026 2204 hoc,
2053 2137 2097 2191 si
2127 2137 2415 2190 historiam
2447 2151 2764 2205 sequamur,
2796 2136 2978 2190 dicere
3010 2151 3116 2190 non
3157 2149 3468 2205 possumus.

1898 2228 2030 2282 Nam
2062 2228 2114 2281 in
2147 2227 2308 2280 tertio
2325 2225 2525 2296 Regum
2545 2227 2802 2295 scriptum
2821 2237 2905 2280 est
2931 2226 3003 2290 ⁵⁸,
3029 2227 3172 2295 quod
3203 2243 3223 2276 ι
3259 2238 3470 2294 ρτιερε-

1911 2318 2154 2373 raverint
2201 2317 2406 2387 lapides
2444 2326 2500 2372 et
2543 2318 2686 2387 ligna
2719 2317 2894 2372 tribus
2927 2317 3112 2372 annis.
3167 2315 3225 2372 In
3271 2323 3472 2384 quarto

1895 2419 2074 2463 autem
2106 2423 2272 2472 anno,
2305 2424 2492 2464 mense
2520 2410 2780 2474 secundo,
2829 2417 3088 2479 regnante
3136 2420 3260 2477 rege
3313 2404 3494 2462 Salo-.

1896 2515 2054 2555 mone
2075 2513 2240 2568 super
2265 2498 2455 2564 lsrael,
2479 2500 2759 2554 mandavit
2790 2515 2883 2554 rex
2911 2539 2924 2560 ,
2953 2508 3012 2553 et
3049 2499 3239 2554 tollunt
3264 2498 3472 2567 lapides

1893 2591 2148 2661 grandes,
2175 2589 2384 2659 lapides
2414 2591 2684 2658 pretiosos
2731 2605 2829 2658 pro
2865 2589 3218 2648 fundamento
3253 2590 3468 2651 domus,

1892 2689 2057 2750 atque
2117 2680 2326 2748 lapides
2373 2680 2649 2748 impolitus
2679 2697 2694 2745 ;
2728 2691 2781 2734 et
2832 2681 3176 2746 sculpserunt
3223 2693 3320 2734 eos
3374 2678 3470 2734 [illi

1897 2769 2230 2834 Salomonis,
2291 2778 2348 2824 et
2387 2769 2482 2823 lilii
2539 2770 2759 2826 Chiram
2790 2770 3180 2838 ,jeceruntqne
3231 2784 3325 2824 eos
3370 2783 3470 2837 pro

1895 2860 2213 2916 fundatione
2246 2860 2299 2914 in
2337 2869 2534 2930 quarto
2564 2875 2732 2924 anno,
2771 2871 2825 2914 et
2859 2859 3222 2914 l‘nndarerttnt
3251 2861 3466 2914 domum

1895 2951 2108 3005 Domini
2137 2952 2188 3004 in
2222 2965 2407 3006 mense
2441 2949 2607 3005 Nisan
2648 2951 2718 3021 (is
2759 2960 2843 3006 est
2885 2951 3160 3006 secundus
3204 2951 3464 3018 mensis);

1896 3041 2182 3096 undecimo
2227 3050 2409 3094 autem
2457 3055 2638 3104 anno,
2690 3040 2744 3094 in
2796 3054 2981 3096 mense
3031 3031 3177 3105 Baal,
3231 3038 3324 3107 qui
3377 3047 3462 3091 est

1899 3130 2100 3184 mensis
2161 3130 2318 3198 201
2388 3138 2636 3192 octavus.
2698 3129 2937 3198 perfecta
2989 3139 3072 3184 est
3124 3131 3316 3184 domus
3370 3141 3467 3196 per

1895 3232 2086 3272 omnes
2108 3229 2290 3286 partes
2319 3232 2470 3280 suas,
2509 3226 2560 3270 et
2579 3217 2736 3285 juxta
2766 3225 3025 3270 cunctam
3050 3213 3466 3282 dispositionem

1896 3324 2050 3361 suam
2084 3308 2152 3362 “.
2181 3327 2202 3362 ι
2241 3305 2312 3362 Ut
2340 3321 2472 3376 ergo
2500 3307 2667 3360 etiam
2706 3305 3159 3376 praeparationem
3188 3305 3309 3374 ejus
3337 3319 3464 3358 cum

1899 3405 2137 3464 tempore
2167 3406 2456 3452 structurae
2485 3409 2930 3457 annnmeremus,
2990 3394 3237 3450 undecim
3289 3405 3465 3447 anno-

1897 3501 2014 3547 rum
2051 3500 2308 3541 numerus
2337 3501 2442 3540 non
2477 3485 2780 3552 completur
2809 3483 2876 3536 ad
2904 3493 3232 3537 structuram
3259 3480 3464 3548 templi.

1893 3573 2536 3646 Quatnobreanuomodo
2551 3573 2943 3635 Jndaridicunt,
2975 3589 2993 3622 ι
3026 3571 3384 3640 quadraginta
3413 3578 3468 3622 et

1893 3679 1990 3718 sex
2032 3666 2188 3718 annis
2214 3665 2544 3718 aediﬁcatum
2581 3661 2750 3715 fuisse
2806 3660 3062 3728 templum
3117 3658 3260 3712 hoc?
3303 3676 3322 3708 ι
3352 3655 3465 3710 Nisi

1893 3753 2032 3810 forte
2073 3754 2218 3822 quis,
2268 3755 2364 3822 qui
2403 3727 2716 3821 urgeretur,
2765 3749 3123 3803 contenderet
3177 3747 3467 3802 ostendere

1895 3856 2106 3914 tempus
2132 3845 2488 3914 quadraginta
2517 3852 2572 3896 et
2597 3857 2688 3896 sex
2725 3855 2990 3896 annorum
3017 3837 3274 3910 compleri
3302 3838 3372 3890 ab
3401 3852 3470 3895 ω

1895 3946 2135 4004 tempore
2163 3950 2271 4004 quo
2303 3935 2469 3988 David
2512 3933 2687 4002 inquit
2744 3932 2814 3986 ad
2856 3931 3070 3986 Nathan
3124 3929 3466 4000 prophetam,

1893 4025 2184 4082 consulens
2213 4029 2280 4080 de
2303 4025 2676 4081 :edilicatione
2707 4023 2890 4094 templi
2933 4044 2945 4079 :
2983 4041 3002 4074 ι
3029 4023 3106 4077 Εη
3143 4037 3245 4094 ego
3282 4024 3470 4082 habito

1892 4122 1946 4178 in
1977 4123 2142 4177 domo
2176 4119 2424 4185 cedrina,
2461 4131 2515 4174 et
2540 4134 2665 4174 arca
2703 4119 2796 4173 Dei
2843 4129 3024 4174 manet
3055 4118 3106 4172 in
3139 4120 3313 4176 medio
3347 4129 3470 4174 ten-

1895 4213 2112 4269 torii”.
2141 4231 2161 4264 ο
2207 4211 2342 4268 Nam
2375 4213 2542 4267 etiam
2594 4211 2641 4266 si
2695 4209 3006 4281 prohibitus
3040 4211 3161 4278 fuit,
3226 4227 3326 4266 ceu
3381 4211 3468 4264 vir

1889 4304 2234 4374 sanguinum,
2263 4303 2437 4373 ipsum
2469 4303 2778 4368 aediﬁcare,
2817 4311 2875 4360 at
2914 4303 3106 4357 saltem
3145 4302 3356 4355 videtur
3406 4315 3467 4354 se

217 4393 342 4464 ὕλης
374 4395 468 4448 τοῦ
493 4396 642 4450 ναοῦ.
673 4397 810 4467 Φησὶ
847 4397 976 4464 γοῦν
1021 4398 1079 4449 ὲν
1109 4400 1173 4468 τῇ
1217 4397 1409 4471 πρώτῃ
1440 4398 1559 4452 ,τῶν
1605 4399 1790 4470 Παρα-

1895 4395 2198 4451 cxcrcuisse
2257 4396 2402 4450 circa
2469 4395 2831 4465 colligendam
2904 4395 3186 4448 materiam
3258 4389 3466 4459 templi.

214 4485 545 4556 λειπομένων
598 4487 758 4541 Δαυῒδ
803 4489 833 4540 6
891 4488 1140 4558 βασιλεὺς
1185 4489 1336 4561 πάσῃ
1377 4491 1442 4560 τῇ
1481 4489 1779 4561 ἐκκλησίᾳ·

220 4597 238 4627 ο
266 4578 510 4648 Σολομὼν
532 4581 561 4631 6
603 4581 714 4644 υἱός
743 4598 866 4650 μου,
896 4581 976 4643 εἰς
1005 4579 1065 4633 ὃν
1099 4579 1351 4650 ᾑρέτικεν
1373 4581 1534 4634 αὑτὸν
1560 4581 1782 4652 Κύριος,

213 4667 328 4731 νέος
365 4671 459 4722 καὶ
481 4671 708 4734 ἁπαλὸς,
731 4673 824 4724 καὶ
853 4671 914 4722 τὸ
942 4670 1102 4742 ἔργον
1127 4670 1287 4740 μέγα,
1322 4671 1406 4723 ὅτι
1433 4671 1533 4724 οὐκ
1572 4671 1668 4724 ἀνθ
1679 4671 1785 4742 ρώ-

215 4777 300 4830 πῳ
323 4760 591 4830 οἰκοδομεῖ
613 4763 745 4830 (52),
782 4761 917 4816 ἀλλά
943 4761 1132 4832 Κυρίῳ
1156 4759 1290 4831 Θεῷ·
1326 4759 1466 4814 κατά
1494 4763 1672 4814 πᾶσαν
1686 4762 1786 4832 τὴν

285 4872 330 4903 ⁸⁸
361 4873 550 4928 Matth.
586 4892 734 4932 xva
763 4877 853 4930 6|.
947 4876 992 4909 δ’
1027 4875 1190 4930 Marc.
1221 4892 1336 4938 xw,
1373 4875 1462 4931 58.

1573 4877 1619 4908 ⁸⁸³
1649 4876 1840 4931 Matth.
1869 4891 2019 4941 xxvi,
2050 4875 2140 4931 62.

1889 4484 2070 4556 lnquit
2106 4501 2236 4557 ergo
2269 4487 2322 4541 in
2353 4487 2531 4556 primo
2574 4485 3028 4554 Paralipomenon
3090 4484 3228 4538 libro
3278 4483 3326 4514 “
3371 4497 3466 4536 rex

1893 4580 2059 4636 David
2091 4589 2299 4634 cuncta:
2319 4579 2729 4648 congregationi
2758 4593 2774 4632 :
2804 4578 3094 4633 «Salomon
3121 4575 3260 4629 ﬁlius
3291 4588 3464 4638 mens,

1891 4672 1945 4725 in
1979 4685 2140 4741 quem
2185 4672 2515 4741 complacuit
2561 4671 2664 4726 sibi
2701 4671 2984 4731 Dominus,
3027 4669 3247 4736 juvenis
3279 4674 3363 4724 est
3412 4672 3468 4720 et

1891 4762 2194 4825 delicatus;
2230 4775 2478 4830 opusque
2533 4778 2784 4832 magnum
2834 4770 2962 4826 est,
3046 4760 3304 4832 quoniam
3357 4773 3464 4813 non

2245 4876 2290 4908 “
2327 4875 2494 4930 Mare.
2529 4891 2641 4938 xiv,
2667 4875 2756 4938 60,
2787 4879 2874 4931 6|.
2975 4875 3023 4908 ³²
3063 4874 3220 4929 Joan.
3263 4889 3322 4938 tt,
3370 4871 3462 4928 20.

209 4943 261 4977 ί³
298 4941 359 4996 ιιι
407 4943 539 5012 Reg.
592 4961 646 5007 ν,
678 4947 766 5011 l7,
793 4947 890 5013 1-8;
927 4962 1002 5010 vt,
1040 4947 1092 5001 1.
1165 4945 1214 4978 ⁸⁸
1246 4947 1308 5000 ιιι
1338 4945 1470 5016 lleg.
1499 4961 1576 5012 vr,
1606 4947 1698 5002 58.
1774 4946 1791 4978 '

1926 4945 2066 5017 Reg.
2125 4960 2224 5013 vn,
2284 4945 2340 5000 2.
2415 4945 2463 4976 ³⁸
2509 4944 2530 4998 ι
2578 4945 2816 5016 Paralip.
2850 4961 3002 5011 xxix,
3051 4947 3078 4999 1
3131 4960 3286 5014 seqq.

282 5057 937 5152 (ῗῧξιξζοιξοδομήσακ
969 5059 1060 5114 Sic
1087 5059 1260 5118 codex.
1289 5060 1646 5128 Bodleianus;
1680 5059 1787 5117 Re-
1888 5062 2073 5152 l‘nraice
2095 5069 2170 5152 η,
2213 5063 2414 5152 veteris
2436 5059 2661 5152 :me‘r’ts‘is
2693 5059 2943 5152 l‘lehraici
2977 5061 3321 5152 uernent-qui
3360 5059 3464 5127 ljar

229 5127 368 5205 gius.-
383 5127 743 5205 οἰκοδομήσωΣ

285 5195 398 5270 (ἓξ)
437 5195 695 5270 {to-victim
727 5197 1082 5270 Scribendum
1118 5199 1365 5270 Μάρκος.

223 5333 246 5385 ε
285 5264 396 5385 (ἐξίέ
439 5266 724 5334 Ἔχοντα.
793 5267 887 5322 Sic
935 5270 1103 5324 codex
1154 5264 1516 5335 Bodleianus;
1557 5269 1780 5341 Regius,

245 5353 306 5385 γο
399 5351 448 5385 ς.

281 5350 448 5396 οντος.

245 5353 623 5478 Ξῗξξῧῗξοάεκ-
665 5403 882 5475 Regius,
910 5405 1274 5478 έοίκοδομῆσαί
1331 5424 1462 5474 φασι
1514 5408 1607 5462 τὸν
1651 5408 1781 5464 ναὸν

224 5473 269 5526 οί
300 5473 535 5550 Ἰουδαῖοι
565 5473 842 5542 λέγονται·
877 5477 976 5530 οὐκ
1008 5473 1204 5550 ἔχομεν
1231 5479 1279 5550 εί
1306 5473 1371 5548 τῇ
1409 5477 1619 5550 ἱστορίᾳ
1652 5496 1785 5532 κατ-

223 5541 677 5614 ακολουθήσομεν·
711 5550 804 5599 sed
849 5551 1014 5600 codex
1039 5541 1384 5602 'Bodleianu's
1414 5557 1471 5600 ut
1501 5541 1554 5602 in
1594 5541 1782 5604 nnstro

229 5621 388 5665 textu.

290 5681 398 5752 (‘27)
450 5683 548 5736 Ἔν
578 5683 723 5753 μηνὶ
761 5685 1002 5740 Νεισάν.
1059 5684 1199 5757 Lege
1231 5684 1378 5752 Ζιοῦ,
1414 5686 1514 5742 hoc
1545 5695 1627 5742 est
1673 5685 1780 5740 He-

1866 5129 2136 5202 .Judaico'
2165 5135 2476 5202 respondet.
2529 5130 2664 5186 Vide
2695 5130 2895 5200 .lusepl.
2960 5133 3138 5200 Antig.
3175 5129 3272 5186 lib.
3330 5144 3459 5195 Vm,

1897 5201 2301 5342 “$35,115.22;
2329 5269 2886 5342 συγκατᾳτᾴξωμεν.
2914 5271 2986 5325 Ita
3016 5270 3184 5326 codex
3217 5267 3462 5322 Bodleia-

1885 5339 2278 5412 nusA;A'_Rt-gins,
2315 5339 2833 5412 ωγκαταλάὸωμεν.

1985 5409 2076 5478 29)
2114 5409 2293 5466 Codex
2327 5411 2668 5471 Bodleianus,
2705 5409 3142 5478 φιλοτιμήσαιτο.

1985 5477 2074 5549 50)
2114 5481 2291 5534 Codex
2334 5479 2554 5549 Regius,
2581 5477 2995 5549 πληρουμένων.

1985 5543 2073 5618 51)
2113 5550 2292 5602 Codex
2331 5543 2901 5619 Bodleianns,"_a5i6v,
2931 5547 3044 5601 ἀλλ’
3072 5543 3164 5602 οὖν
3197 5546 3341 5602 ἔοικέ
3369 5562 3454 5619 γε.

1960 5616 2074 5690 (5‘2)
2112 5619 2291 5674 Codex
2330 5617 2548 5686 Regius,
2577 5616 2856 5689 οἰκοδομή.
