4020 6216
516 295 623 352 579

1980 275 2298 338 ORIGENIS

3665 261 3770 314 380

514 409 744 474 homini,
785 408 878 465 sed
921 407 1146 464 Domino
1205 406 1314 462 Deo
1355 404 1605 462 aediﬁcat.
1653 399 1961 470 Prasparavi
2004 396 2078 452 illi

2192 393 2411 463 δύναμιν
2437 389 2712 462 ἡτοίμακα
2739 387 2820 451 είς
2850 378 2998 438 οἷκον
3027 381 3162 436 Θεοῦ
3193 397 3295 452 μου
3318 377 3572 450 χρυσίον,
3602 377 3773 446 ἀργύι

515 517 614 572 pro
649 501 856 556 viribus
881 501 1016 556 meis
1051 499 1116 555 ad
1137 497 1360 554 domum
1389 495 1484 552 Dei
1513 494 1615 550 mei
1637 490 2080 551 construendam,

515 609 735 660 aurum,
765 603 1077 662 argentum,
1130 605 1205 646 aes
1233 598 1290 645 et
1321 587 1550 652 ferrum,
1585 585 1790 655 lignum
1812 623 1830 650 ,
1881 580 2086 651 lapides

516 685 706 753 30cm,
737 693 794 741 et
815 682 1190 754 plenitudinis,
1236 679 1550 749 lapidesque
1597 683 1982 743 sumptuosos,
2031 678 2088 725 et

514 780 722 844 varios,
759 786 816 834 et
846 789 1063 832 omnem
1085 773 1322 843 lapidem
1353 769 1653 842 pretiosum
1687 806 1705 834 ,
1765 772 1819 820 et
1862 763 2082 818 Parium

519 869 768 925 multum.
813 868 1006 923 Adhuc
1052 867 1246 929 etiam,
1303 871 1365 919 ut
1417 859 1814 930 complacerem
1842 856 1896 911 ln
1927 855 2088 910 domo

521 959 615 1015 Dei
663 959 792 1021 mei.
855 966 942 1014 est
992 956 1147 1021 mihi,
1202 955 1346 1024 quod
1411 949 1720 1022 acquisivi,
1767 961 1961 1002 aurum
2033 953 2088 999 et

518 1059 801 1121 argentum
831 1067 848 1106 :
877 1057 932 1104 et
960 1063 1090 1104 ecce
1124 1047 1244 1102 dedi
1277 1046 1330 1099 in
1354 1043 1575 1098 domum
1608 1039 1702 1094 Dei
1740 1036 1844 1092 mei
1880 1036 1932 1089 in
1963 1033 2089 1087 alti-

521 1140 766 1196 tudinem
799 1157 814 1193 :
845 1152 911 1194 ex
953 1144 1032 1191 tot
1057 1133 1358 1205 praeparari
1410 1131 1464 1184 in
1510 1131 1728 1185 domum
1776 1132 2088 1181 sanctorum

520 1233 623 1287 tria
655 1230 827 1287 millia
858 1229 1184 1284 talentorum
1215 1225 1336 1280 auri
1383 1238 1450 1278 ex
1505 1221 1734 1292 Suphir,
1779 1226 1836 1272 et
1881 1224 2087 1285 septem

520 1326 688 1382 millia
735 1325 1060 1380 talentorum
1101 1319 1314 1391 argenti
1349 1315 1604 1390 probati,
1652 1320 1712 1368 ut
1758 1313 2090 1367 incrustetur

517 1431 584 1472 ex
617 1417 749 1485 ipsis
779 1415 972 1470 domus
1002 1413 1095 1468 Dei
1130 1424 1229 1482 per
1259 1423 1458 1464 manus
1485 1405 1783 1462 artilicum.
1815 1422 1836 1456 ι
1873 1402 2088 1473 Regna-

516 1509 596 1560 vit
647 1507 791 1561 enim
834 1505 1003 1560 David
1041 1503 1202 1556 annis
1238 1509 1444 1569 septem
1492 1498 1546 1552 in
1603 1496 1842 1560 Hebron,
1881 1503 1936 1549 et
1989 1493 2088 1547 tria

518 1611 680 1666 supra
709 1595 930 1664 triginta
956 1593 1008 1647 in
1040 1590 1343 1646 Jerusalem
1367 1588 1432 1640 ³⁷.
1459 1585 1640 1653 Quare
1669 1585 1714 1640 si
1744 1583 1942 1654 poterit
1966 1581 2090 1651 quis

517 1683 808 1739 ostendere
853 1679 1180 1752 principium
1213 1674 1624 1748 prmparationis
1669 1671 1852 1741 templi
1885 1671 2087 1735 fuisse,

518 1775 802 1844 colligente
833 1788 899 1829 eo
947 1771 1234 1826 materiam
1285 1766 1700 1822 convenientem
1756 1779 1787 1818 a
1846 1772 2090 1832 tempore

2195 1765 2353 1820 μενος
2405 1747 2532 1817 περὶ
2574 1743 2684 1815 (55)
2712 1743 2821 1796 τῶν
2853 1747 2948 1812 μς¹
2973 1739 3110 1794 ἐτῶν
3137 1735 3333 1792 εἰπεῖν.

517 1864 692 1934 quinti
745 1862 874 1917 anni
919 1860 1075 1930 regni
1117 1859 1227 1923 sui,
1259 1855 1480 1926 poterit,
1522 1856 1567 1909 si
1599 1861 1874 1924 urgeatur,
1908 1853 2093 1908 dicere

517 1957 586 2011 de
629 1952 990 2025 quadraginta
1047 1964 1141 2006 sex
1193 1949 1374 2004 annis.
1434 1947 1589 2001 Alius
1634 1959 1764 2000 vero
1821 1943 2088 2013 quispiam

524 2047 673 2101 dicet
698 2043 958 2114 templum
1014 2040 1158 2108 quod
1213 2038 1536 2103 ostenditur,
1576 2051 1682 2092 non
1737 2049 1858 2091 esse
1896 2033 2026 2089 illud
2059 2048 2090 2088 a

517 2136 812 2192 Salomone
849 2141 1210 2198 exstructum,
1252 2145 1376 2185 nam
1417 2143 1666 2186 eversum
1709 2126 1810 2181 fuit
1845 2141 1877 2182 e
1917 2124 2094 2194 capti-

513 2228 698 2282 vitatis
751 2223 1090 2296 temporibus
1140 2221 1211 2288 ⁸⁸,
1264 2221 1360 2278 sed
1421 2221 1565 2290 quod
1617 2219 1816 2274 Esdras
1852 2217 2127 2272 aadilica-.

515 2319 658 2376 verit
685 2319 730 2352 ⁸⁸
766 2335 782 2382 ;
820 2319 888 2373 de
931 2330 1039 2387 quo
1071 2329 1180 2371 non
1237 2327 1524 2384 possumus
1574 2320 1759 2382 aperte
1805 2309 2092 2365 ostendere

513 2410 812 2466 orationem
855 2422 984 2464 vera
1034 2417 1349 2464 narrantem
1383 2405 1453 2459 de
1492 2401 1849 2471 quadraginta
1904 2409 1958 2455 et
1996 2413 2090 2455 sex

516 2501 694 2557 annis.
726 2501 970 2569 Apparet
995 2499 1163 2555 etiam
1194 2495 1337 2566 apud
1367 2493 1714 2549 Machabaica
1765 2491 1813 2522 ⁶⁰
1863 2489 2088 2544 multam

516 2590 967 2656 inconstantiam,
1029 2597 1090 2643 et
1147 2584 1522 2642 confusionem
1568 2582 1736 2638 fuisse
1771 2581 1921 2638 circa
1956 2592 2092 2637 tem-

513 2681 684 2752 plum,
737 2689 793 2735 et
845 2679 990 2735 circa
1041 2676 1332 2748 populum;
1384 2684 1436 2730 et
1485 2674 1628 2729 haud
1659 2673 1792 2738 scio,
1841 2687 1908 2726 an
1963 2681 2091 2727 tunc

514 2771 903 2829 reatdiﬁcatum
952 2770 1116 2826 fuerit
1175 2778 1255 2825 tot
1312 2767 1492 2823 annis.
1561 2765 1707 2821 Sane
1763 2763 2087 2831 ﬂeracleon,

515 2862 678 2931 202
733 2874 803 2915 ne
848 2860 1096 2929 inspecta
1151 2855 1368 2926 quidem
1413 2854 1686 2918 historia,
1741 2851 2088 2906 Salomonetn

515 2951 694 3022 inquit
714 2949 1074 3021 quadraginta
1103 2956 1158 3003 et
1177 2961 1275 3003 sex
1301 2945 1460 3001 annis
1478 2943 1780 3000 aediﬁcasse
1803 2941 2088 3012 templum,

515 3044 660 3114 quod
694 3050 819 3099 erat
845 3041 1024 3112 imago
1048 3037 1356 3096 Servatoris
1385 3055 1398 3092 :
1429 3052 1494 3092 ac
1542 3050 1638 3092 sex
1691 3049 1975 3090 numerum
2019 3031 2088 3087 ad

517 3134 805 3191 materiam
833 3172 850 3199 ,
881 3133 932 3187 id
967 3141 1054 3188 est
1099 3132 1168 3186 ad
1216 3130 1558 3186 eﬂ‘ectionem
1609 3127 1814 3192 refert;
1849 3124 2088 3195 quadra-

514 3229 662 3296 ginta
696 3231 878 3280 autem
912 3237 1223 3290 numerum,
1270 3221 1363 3290 qui
1396 3230 1502 3284 est,
1548 3219 1756 3288 inquit,
1804 3216 2092 3287 quaternio

515 3316 758 3388 copulari
791 3314 1026 3378 nescius,
1054 3313 1122 3368 ad
1150 3311 1570 3368 insulilationetn
1603 3321 1898 3378 semenque
1922 3304 2092 3362 insuf-

514 3408 776 3464 ﬂationis.
811 3405 892 3461 Tu
947 3417 1079 3460 vero
1125 3403 1246 3459 vide
1296 3418 1424 3458 num
1471 3400 1648 3472 possis
1701 3399 1953 3470 accipere
1996 3410 2094 3467 per

515 3497 1007 3568 quadragenarium
1031 3507 1314 3550 numerum
1333 3505 1566 3564 quatuor
1585 3491 1852 3548 elementa
1882 3489 2089 3556 mundi,

516 3605 638 3659 qua:
703 3595 981 3659 ponuntur
1032 3585 1087 3640 in
1147 3585 1361 3656 angulis
1387 3583 1601 3653 templi;
1655 3597 1753 3653 per
1812 3581 2092 3638 senarium

514 3695 666 3746 vero,
693 3678 977 3735 hominem
999 3688 1156 3734 sexta
1189 3677 1278 3733 die
1302 3675 1529 3734 factum.

588 3770 682 3826 εδ.
719 3788 738 3822 ι
768 3771 839 3824 At
867 3763 958 3824 ille
986 3767 1206 3824 dicebat
1232 3767 1301 3822 de
1333 3765 1532 3835 templo
1555 3763 1799 3833 corporis
1827 3762 1932 3819 sui.
1957 3759 2091 3817 Cunt

514 3875 648 3932 ergo
679 3861 919 3916 surrexit
964 3874 996 3914 e
1032 3859 1301 3924 mortuis,
1346 3856 1616 3914 recordati
1663 3864 1793 3912 sunt
1839 3852 2091 3923 discipuli

515 3950 637 4020 ejus
667 3950 812 4017 quod
857 3949 964 4003 hoc
1009 3948 1254 4011 dixisset,
1297 3956 1352 4002 et
1394 3945 1742 4002 crediderunt
1770 3943 2090 4012 Scriptura,

517 4049 575 4093 et
602 4038 838 4094 sermoni
864 4051 1024 4106 quem
1060 4037 1274 4091 dixerat
1302 4035 1460 4091 Jesus
1487 4035 1556 4100 οι,
1585 4054 1605 4088 ι
1655 4048 1847 4105 nempe
1897 4047 2092 4102 corpus

519 4129 644 4185 Filii
676 4128 861 4184 vocari
900 4127 1160 4198 templum
1189 4127 1329 4196 ejus.
1375 4126 1613 4192 Quaesitu
1647 4134 1831 4180 autem
1865 4124 2092 4193 dignum

518 4228 604 4275 est
631 4217 1023 4288 simpliciterne
1064 4217 1161 4271 hoc
1195 4214 1575 4285 accipiendum
1622 4214 1714 4278 sit,
1751 4227 1817 4266 an
1864 4221 2092 4266 conten-

519 4309 752 4365 dendum
807 4307 880 4362 sit
932 4305 1146 4378 singula
1207 4320 1328 4377 qua:
1380 4305 1448 4361 de
1500 4302 1703 4372 templo
1759 4301 2090 4367 scribuntur,

2188 499 2323 554 ριον,
2362 478 2578 550 χαλκὸν,
2623 479 2715 530 καὶ
2758 475 2998 546 σίδηρον,
3042 470 3220 537 ξύλον,
3257 468 3442 530 λίθους
3475 466 3648 536 Σοὸμ,
3678 465 3767 518 καὶ

2187 571 2540 643 πληρώσεως,
2579 569 2674 621 καὶ
2704 566 2886 628 λίθους
2917 561 3230 622 πολυτελεῖς
3282 557 3418 628 (55),
3467 555 3561 608 καὶ
3596 555 3768 607 ποικί-

2185 663 2328 727 λους,
2361 663 2455 715 καὶ
2481 660 2657 716 πάντα
2681 657 2826 710 λίθον
2855 655 3055 725 τίμιον,
3091 651 3187 706 καὶ
3215 649 3418 720 Πάριον
3451 645 3608 701 πολύ.
3650 646 3766 698 Ἔτι

2185 755 2242 806 ἐν
2267 752 2344 824 τῷ
2372 750 2658 822 εὐὼκῆσαί
2684 766 2750 821 με
2782 750 2840 802 ἐν
2869 747 3003 816 οἴκῳ
3032 741 3168 799 Θεοῦ
3206 759 3328 822 μου,
3359 739 3473 792 ἐστι
3500 755 3592 809 μοι
3619 736 3648 789 δ
3677 752 3762 788 τεε-

2187 843 2549 916 ριπεποίημαι
2582 840 2822 912 χρυσίον,
2855 839 2951 891 καὶ
2981 833 3263 907 ἀργύριον·
3300 831 3395 885 καὶ
3419 831 3530 883 ἰδοὺ
3565 827 3768 880 δέδωκα

2185 937 2264 999 είς
2281 931 2435 988 οἷκον
2457 933 2662 1003 Κυρίου
2683 947 2783 1002 μου
2806 932 2884 994 εἰς
2908 927 3059 998 ὕψος·
3091 928 3155 979 ἐκ
3171 924 3342 976 τόσων
3368 921 3645 992 ήτοίμασα
3661 916 3766 986 (3L)

2186 1028 2266 1089 είς
2285 1026 2374 1078 τὸν
2395 1041 2422 1078 ο
2447 1041 2540 1077 κον
2560 1023 2670 1076 τῶν
2690 1022 2860 1090 ἁγίων
2878 1016 3148 1090 τρισχίλια
3161 1015 3397 1068 τάλαντα
3424 1009 3656 1082 χρυσίου
3673 1005 3766 1061 τοῦ

2186 1119 2251 1170 ὲκ
2285 1117 2535 1186 Σουφεὶρ,
2569 1114 2664 1169 καὶ
2702 1109 3087 1180 ἑπτακισχίλια
3119 1107 3353 1160 τάλαντα
3391 1102 3662 1174 ἀργυρίου
3687 1100 3770 1153 δο-

2187 1209 2370 1279 κίμου,
2393 1206 2748 1276 ἐπαλειφῆναι
2777 1205 2834 1257 ἐν
2855 1200 3175 1264 αὐτοῖςτοὺς
3197 1197 3378 1258 οἴκους
3399 1193 3494 1246 τοῦ
3518 1189 3662 1245 Θεοῦ
3687 1189 3773 1244 διὰ

2187 1294 2365 1365 χειρὸς
2381 1293 2654 1362 τεχνιτῶν.
2686 1311 2704 1344 ι
2755 1289 3101 1345 Ἐσασίλευσε
3127 1285 3235 1357 γάρ
3256 1288 3284 1338 ὁ
3313 1282 3476 1337 Δαυῒδ
3507 1281 3652 1337 ἑπτὰ
3677 1279 3776 1348 ἐτη

2187 1386 2244 1437 ἐν
2277 1383 2522 1454 Χεϐρὼν,
2551 1382 2646 1435 καὶ
2667 1382 2746 1450 λγ¹
2769 1383 2826 1434 ἐν
2860 1377 3234 1449 Ἰερουσαλήμ.
3286 1373 3411 1427 Ἐὰν
3435 1367 3529 1425 οὖν
3563 1368 3772 1440 δυνηθῇ

2188 1473 2467 1538 ἀποδεῖξαι
2495 1471 2592 1543 τὴν
2636 1471 2809 1545 ἀρχὴν
2849 1469 2951 1540 τῆς
2988 1465 3236 1539 περὶτοῦ
3271 1463 3402 1518 ναοῦ
3424 1459 3775 1529 κατασκευῆς

2187 1566 2466 1636 γεγονέναι
2496 1563 2817 1632 συνάγοντος
2845 1561 3009 1616 αὐτοῦ
3038 1559 3136 1630 τὴν
3163 1556 3470 1627 ἐπιτήδειον
3503 1552 3642 1622 ῦλην
3668 1551 3779 1604 ἀπὸ

2187 1657 2280 1710 τοῦ
2304 1663 2343 1708 ε’
2373 1655 2564 1727 χρόνου
2587 1655 2682 1725 τῆς
2716 1653 2992 1724 βασιλείας
3020 1649 3207 1714 αὐτοῦ,
3246 1648 3534 1719 δυνήσεται
3584 1644 3781 1715 βιασά-

3380 1735 3576 1798 ’Δλλος
3607 1733 3669 1787 δέ
3693 1751 3780 1795 τις

2191 1840 2308 1906 ἐρεῖ
2330 1837 2422 1890 τὸν
2450 1834 2799 1904 δεικνύμενον
2834 1831 2908 1902 μὴ
2937 1831 3030 1883 τὸν
3063 1829 3168 1882 ὑπὸ
3202 1823 3545 1897 Σολομῶντος
3579 1823 3784 1894 ᾠκοδο-

2194 1928 2436 1999 μημένον
2469 1921 2628 1986 εἶναι,
2671 1925 2879 1977 ἐκεῖνον
2911 1919 3020 1992 γὰρ
3050 1915 3455 1989 κατεστράφθαι
3495 1915 3611 1984 (36)
3636 1912 3782 1966 κατά

2189 2019 2316 2080 τοὺς
2338 2017 2438 2087 τῆς
2466 2014 2844 2085 αἰχμαλωσίας
2869 2011 3115 2084 χρόνους,
3147 2007 3283 2062 ἀλλά
3322 2005 3412 2058 τὸν
3447 2005 3542 2056 ἐπὶ⁵
3569 2001 3783 2072 Ἔσδρᾳ

2189 2107 2626 2178 οἰκοδομηθέντα·
2674 2105 2802 2176 περὶ
2830 2095 2890 2156 οὗ
2921 2103 3021 2155 οὐκ
3072 2099 3266 2170 ἔχομεν
3297 2095 3509 2169 τρανῶς
3534 2094 3630 2147 τὸν
3667 2092 3782 2145 τῶν

2189 2199 2595 2271 τεσσαράκοντα
2633 2197 2728 2251 καὶ
2759 2195 2819 2260 ἓξ
2864 2193 3001 2247 ἐτῶν
3047 2190 3328 2256 ἀποδεῖξαι
3377 2186 3783 2258 ἀληθευόμενον

2189 2289 2363 2358 λόγον.
2395 2288 2578 2341 Ἐοικε
2599 2287 2656 2340 δὲ
2684 2286 2778 2339 καὶ
2811 2283 2953 2338 κατά
2991 2283 3059 2336 τά
3089 2277 3463 2336 Μακκαϐαῖκά
3489 2276 3657 2344 πολλή
3695 2291 3783 2336 te;

2190 2378 2566 2435 ἀκαταστασία
2609 2376 2888 2446 γεγονέναι
2933 2374 3062 2444 περὶ
3100 2371 3190 2425 τὸν
3211 2371 3338 2424 λαὸν
3378 2369 3473 2422 καὶ
3503 2367 3597 2419 τὸν
3626 2365 3780 2418 ναόν·

2190 2471 2285 2524 καὶ
2316 2471 2418 2525 ούκ
2443 2465 2559 2522 οῖδα
2584 2467 2636 2521 εῐ
2660 2484 2791 2520 ποτε
2818 2463 3211 2536 ἀνῳκοδομήθη
3237 2460 3511 2524 τοσούτοις
3543 2459 3727 2510 ἐτεσιν
3754 2458 3786 2510 ὁ

2189 2562 2336 2626 ναός.
2387 2562 2446 2615 '0
2496 2560 2746 2632 μέντοιγε
2804 2557 3136 2628 Ἡρακλέων,
3185 2553 3318 2624 μηδὲ
3369 2551 3671 2620 ἐπιστήσας
3709 2551 3782 2617 τῇ

2191 2650 2423 2722 ἱστορίᾳ,
2459 2649 2592 2720 φησὶ
2635 2648 2726 2701 τὸν
2775 2645 3097 2716 Σολομῶντα
3124 2643 3532 2713 τεσσαράκοντα
3579 2642 3677 2695 καὶ
3721 2640 3789 2704 ἐξ

2189 2741 2332 2795 ἔτεσι
2356 2735 2923 2793 κατεσκευακέναιτὸν
2949 2733 3096 2796 ναὸν,
3116 2731 3296 2784 εἰκόνα
3321 2731 3658 2799 τυγχάνοντα
3683 2727 3788 2780 τοῦ

2189 2829 2462 2900 Σωτῆρος·
2500 2828 2596 2882 καὶ¹
2624 2827 2715 2880 τὸν
2749 2825 2804 2891 ς’
2847 2823 3079 2895 ἀριθμὸν
3105 2823 3184 2885 είς
3216 2821 3314 2891 τὴν
3350 2819 3502 2890 ὓλην,
3525 2819 3788 2872 τουτέστι

2186 2921 2249 2975 τὸ
2277 2919 2501 2990 πλάσμα
2547 2917 2826 2989 ἀναφέρει·
2858 2916 3007 2970 τόνδε
3034 2915 3143 2968 τῶν
3173 2911 3598 2982 τεσσαράκοντα,
3627 2909 3659 2962 δ
3691 2925 3790 2964 τε·

2191 3013 2326 3085 τράς
2351 3012 2488 3076 ἐστι,
2521 3010 2706 3081 φησὶν,
2737 3011 2771 3080 ἡ
2821 3005 3220 3080 ἀπρόσπλοκος,
3249 3005 3329 3066 είς
3360 3003 3421 3055 τὸ
3447 2999 3788 3072 ἐμφύσημα,

2193 3101 2287 3156 καὶ
2307 3100 2367 3154 τὸ
2398 3102 2456 3154 ἐν
2487 3098 2564 3168 τῷ
2591 3098 2943 3168 ἐμφυσήματι
2966 3093 3212 3165 σπέρμα.
3232 3093 3373 3163 Ὅρα
3393 3090 3448 3143 δέ
3471 3091 3516 3142 εἰ
3545 3088 3789 3142 δυνατὸν

2191 3191 2283 3246 τὸν
2314 3191 2412 3261 μὲν
2449 3196 2499 3261 μ’
2539 3188 2627 3242 διὰ
2675 3186 2747 3240 τὰ
2774 3187 3021 3260 τέσσαρα
3059 3183 3152 3238 τοῦ
3198 3183 3405 3252 κόσμου
3435 3179 3678 3250 στοιχεῖα.
3725 3178 3792 3232 ἐν

2191 3284 2303 3344 τοῖς
2323 3279 2716 3350 ἠγωνισμένοις
2742 3275 2853 3346 (57)
2875 3277 2955 3338 είς
2987 3273 3079 3328 τὸν
3105 3273 3230 3325 ναὸν
3254 3266 3790 3338 ἐγκατατασσόμενα

2191 3371 2508 3444 λαμϐάνειν·
2529 3370 2621 3422 τὸν
2655 3369 2712 3423 δὲ
2743 3375 2795 3433 ς’
2823 3367 2910 3422 διά
2935 3365 2996 3418 τὸ
3013 3362 3086 3436 ’τῇ
3118 3363 3254 3436 ἐκτῃ
3277 3360 3458 3432 ἡμέρᾳ
3490 3357 3791 3428 γεγονέναι

2191 3465 2284 3519 τὸν
2317 3461 2625 3536 ἄνθρωπον.

2259 3767 2350 3822 25.
2387 3784 2407 3818 ‹
2452 3765 2688 3827 Ἐκεῖνος
2711 3762 2768 3816 δέ
2797 3761 2948 3830 ἔλεγε
2984 3761 3112 3831 περὶ
3131 3759 3224 3812 τοῦ
3252 3758 3380 3812 ναοῦ
3405 3756 3494 3810 τοῦ
3515 3754 3792 3825 σώματος

2191 3855 2376 3911 αὐτοῦ.
2403 3858 2531 3909 Ὅτε
2568 3849 2660 3908 οῦν
2701 3851 2906 3924 ἠγέρθη
2955 3854 3019 3905 ἐκ
3059 3850 3289 3920 νεκρῶν,
3324 3846 3674 3920 ἐμνήσθησαν
3729 3847 3788 3899 οἱ

2197 3947 2437 4018 μαθηταὶ
2469 3943 2657 4008 αὐτοῦ,
2694 3944 2776 3997 ὅτι
2799 3941 2958 3996 τοῦτο
3002 3937 3176 4009 ἐλεγε,
3211 3941 3305 3992 και
3343 3939 3674 3991 ἐπίστευσαν
3710 3938 3786 4006 τῇ

2189 4039 2402 4111 Γραφῇ,
2431 4039 2524 4092 καὶ
2546 4037 2625 4108 τῷ
2665 4035 2827 4105 λόγῳ,
2859 4035 2916 4088 δν
2941 4029 3093 4088 εἷπεν
3124 4037 3152 4090 ὁ
3194 4031 3400 4104 Ἰησοῦς
3436 4050 3454 4083 ι
3490 4030 3569 4091 εἰς
3602 4027 3676 4080 τὸ
3699 4029 3792 4082 ὅτι

2189 4130 2251 4182 τὸ
2282 4129 2438 4200 σῶμα
2479 4129 2592 4199 ('58)
2620 4125 2713 4181 τοῦ
2758 4125 2890 4178 Υίοῦ
2918 4125 3047 4189 ναὸς
3079 4123 3245 4178 αὑτοῦ
3270 4123 3500 4195 εἴρηται.
3529 4119 3791 4190 Ζητῆσαι

2190 4221 2247 4274 δὲ
2272 4219 2420 4285 ἄξιον
2449 4221 2675 4291 πότερον
2696 4217 3060 4286 ἁπλούστερον
3088 4217 3246 4270 τοῦτο
3263 4213 3555 4285 ἐκληπτέον
3573 4210 3722 4280 (59),
3749 4211 3790 4282 ἢ

2192 4311 2418 4365 ἕκαστον
2439 4310 2548 4363 τῶν
2570 4308 3070 4381 ἀναγεγραμμένων
3096 4308 3225 4377 περὶ
3241 4305 3333 4358 τοῦ
3355 4303 3481 4358 ναοῦ
3497 4303 3794 4374 φιλοτιμη-

520 4397 727 4454 referre
766 4398 836 4452 ad
882 4411 1187 4453 sermonem
1243 4397 1309 4450 de
1361 4408 1593 4463 corpore
1620 4391 1784 4458 Jesu,
1837 4392 2090 4448 videlicet

2195 4403 2315 4457 τέον
2338 4403 2560 4470 ἀνάγειν
2583 4404 2661 4466 είς
2683 4401 2774 4455 τὸν
2800 4403 2928 4474 περὶ
2957 4399 3051 4453 τοῦ
3083 4398 3337 4470 σώματος
3378 4393 3549 4468 Ἰησοῦ
3593 4393 3792 4462 λόγον,

518 4491 662 4560 quod
691 4489 809 4560 ipse
833 4505 901 4545 ex
939 4487 1160 4558 Virgine
1204 4487 1457 4558 sumpsit,
1509 4483 1599 4540 vel
1646 4485 1715 4539 ad
1766 4481 2085 4550 Ecclesiam,

519 4594 642 4651 qua:
664 4579 782 4648 ipsa
807 4579 973 4635 etiam
1006 4573 1205 4648 corpus
1231 4576 1436 4633 Christi
1476 4575 1698 4642 dicitur,
1732 4582 1788 4628 et
1817 4573 1886 4628 ob
1927 4587 2092 4642 quam

521 4689 620 4729 nos
640 4673 804 4728 etiam
827 4670 1074 4727 membra
1099 4669 1272 4740 ipsius
1300 4666 1506 4724 Christi
1538 4666 1680 4738 apud
1705 4668 2028 4737 Apostolum
2047 4671 2092 4702 ⁶²

523 4763 887 4818 nominamur.
928 4761 1109 4831 Atque
1135 4758 1401 4815 molestiis
1429 4759 1651 4826 quidem
1683 4758 1920 4830 seipsum
1955 4761 2093 4817 libeo

525 4868 653 4909 rans
683 4853 902 4923 aliquis,
933 4861 990 4908 et
1016 4850 1354 4920 desperando
1383 4848 1596 4920 singula
1627 4848 1834 4905 referre
1857 4864 1916 4906 se
1936 4865 2094 4920 posse

521 4939 642 5016 quae
669 4945 740 5002 de
768 4947 970 5014 templo
1009 4943 1266 5000 dicuntur
1295 4942 1364 4998 ad
1398 4956 1619 5013 corpus,
1649 4941 1907 4999 utrolibet
1933 4947 2092 5004 modo

593 5059 640 5094 "
697 5057 764 5113 Ill
819 5056 957 5126 Reg.
1017 5073 1079 5125 tt,
1125 5058 1244 5127 ll._
1287 5056 1336 5127 ξ’
1388 5053 1434 5109 ll
1483 5055 1720 5127 Paralip.
1775 5071 1963 5127 xxxvr,
1996 5062 2085 5120 l9.

521 5131 565 5168 ⁸⁸
593 5128 750 5186 Joan.
777 5144 838 5197 tt,
867 5123 960 5194 21,
987 5123 1080 5182 22;
1157 5123 1244 5180 ⁸³1
1273 5125 1400 5182 Cor.
1439 5141 1536 5192 xu,
1579 5123 1671 5181 27.

589 5246 709 5382 (35‘
742 5245 889 5326 idem
915 5245 1094 5330 codex.
1111 5245 1337 5316 Regius.
1364 5244 1734 5334 πρλυτελείας.

591 5319 688 5382 (54
743 5317 929 5374 Codex
962 5316 1186 5382 Regius,
1213 5315 1369 5380 ἐκτὸς
1394 5333 1469 5370 ων
1497 5314 1733 5382 ὴτοίμασ

743 5315 929 5401 Codex
962 5308 1369 5401 ξεεῖιιθξέκτδς
1394 5308 1469 5370 ὧν
1497 5308 1792 5401 ἡτοίμασα.

616 5386 709 5526 ζιῦς
748 5386 933 5444 Codex
967 5385 1193 5457 Regius,
1225 5403 1310 5451 τις
1343 5401 1439 5454 pro
1473 5385 1635 5458 «apt;

617 5455 686 5512 o6
745 5456 924 5512 Codex
965 5457 1190 5528 llegius,
1212 5456 1632 5528 ᾠκοδομημένον
1662 5451 1802 5509 εἶναι
1832 5452 1926 5510 τὸν
1953 5455 2095 5509 ἐκεῖ-

527 5539 633 5598 κν,
655 5526 1070 5598 κατεστρέφθαι.

565 5595 711 5676 ,(57)
734 5594 1234 5676 -Ὴγὶιψισμένοιςέ
1268 5596 1360 5653 Sic
1385 5597 1566 5676 _codex_
1588 5594 1913 5676 Dodleianus
1933 5634 1949 5662 ,
1985 5594 2089 5676 Be-

526 5665 678 5736 g'rus,
722 5664 1131 5738 ἀγωνισμινοις.
1183 5667 1468 5726 Ferrarius
1518 5668 1730 5724 videtur
1789 5665 1982 5736 legisse
2029 5664 2086 5718 ἐν

2195 4497 2316 4566 ἢτοι
2343 4489 2404 4548 οῦ
2431 4493 2651 4564 εἴληφεν
2686 4495 2751 4546 ὲκ
2782 4493 2883 4562 τῆς
2918 4492 3219 4563 Παρθένου,
3251 4489 3284 4560 ἢ
3312 4489 3410 4559 τῆς
3449 4483 3793 4555 Ἐκκλησίας

2189 4583 2442 4655 σώματος
2483 4581 2646 4636 αὐτοῦ
2691 4579 2990 4652 λεγομένης
3029 4575 3191 4642 εἶναι,
3223 4577 3298 4641 ὡς
3330 4575 3425 4629 καὶ
3459 4574 3604 4644 ἡμᾶς
3637 4570 3790 4641 μέλη

2187 4677 2282 4730 τοῦ
2313 4675 2562 4745 σώματος
2581 4673 2747 4728 αὐτοῦ
2765 4671 2918 4744 παρὰ
2943 4672 3024 4743 τῷ
3065 4669 3373 4738 Ἀποστόλῳ
3392 4662 3788 4736 ὀνομάζεσθαι.

2209 4768 2269 4821 Ὀ
2306 4768 2404 4838 μὲν
2427 4763 2520 4821 οὖν
2560 4783 2666 4831 τις,
2703 4765 3045 4836 πραγμάτων
3093 4763 3256 4817 αὐτὸν
3291 4759 3648 4814 ἀπαλλάττων
3707 4755 3794 4827 τῷ

2201 4858 2596 4928 ἀπογινώσκειν
2651 4857 2881 4911 ἕκαστον
2917 4854 3174 4909 δύνασθαι
3205 4852 3314 4906 τῶν
3345 4849 3490 4904 κατά
3519 4849 3610 4902 τὸν
3653 4848 3794 4901 ναὸν

2198 4951 2489 5024 ἀναφέρειν
2528 4949 2622 5003 ἐπὶ
2669 4948 2731 5002 τὸ
2779 4948 2968 5019 σῶμα,
2995 4946 3272 5018 ὁποτέρως
3313 4943 3380 4998 ἂν
3424 4941 3545 5013 ἔχῃ,
3589 4939 3688 4993 ἐπὶ
3723 4939 3791 4992 τὸ

2161 5065 2210 5097 ³⁵
2251 5065 2318 5120 Ill
2366 5065 2526 5121 Esdr.
2563 5081 2636 5132 γι,
2669 5065 2693 5120 Ι
2725 5079 2881 5134 seqq.
2982 5063 3028 5095 ⁶⁰
3073 5059 3093 5114 1
3131 5059 3379 5116 Machab.
3415 5071 3454 5124 ι,
3501 5055 3576 5109 22
3620 5069 3789 5126 seqq.

2191 5252 2313 5313 ταῖς
2344 5249 2591 5318 γωνίαις,
2618 5247 2713 5318 vel
2737 5246 3196 5318 γεγωνιωμένοις.

2269 5311 2380 5440 $38)
2421 5321 2526 5384 Είς
2553 5311 2632 5398 τὸ
2681 5311 2772 5371 ὅτὶ
2813 5311 2877 5370 τὸ
2908 5311 3100 5386 σῶμα,
3142 5324 3250 5369 etc.
3279 5312 3376 5395 βία
3409 5324 3563 5369 recte
3614 5311 3798 5394 habet

2269 5404 2363 5440 lex
2395 5389 2751 5440 llodletanus:
2781 5385 2923 5440 male
2949 5397 3130 5440 autem
3160 5384 3382 5440 Beatus.
3410 5385 3493 5440 είς
3521 5385 3585 5438 τὸ
3616 5399 3794 5440 σῶμα

2194 5381 2751 5456 codex'Jlod'leianus;
2781 5385 2923 5456 male
2949 5381 3130 5456 autem
3160 5384 3493 5456 Regiuslglc
3521 5385 3585 5438 τὺ
3616 5381 3794 5456 σῶμα

2193 5457 2307 5528 τοῦ
2324 5452 2454 5528 Υίίοῦ
2485 5457 2614 5520 ναὸς
2641 5455 2806 5528 αὐτοῦ
2830 5457 3067 5528 είρηται,
3098 5452 3340 5528 ζητῆσαι,
3366 5452 3539 5518 ἀξιον.

2202 5527 2827 5653 ὲκὲἓὲζέέξκληπτέον.
2855 5520 2952 5584 Sic
2970 5525 3140 5620 codex
3153 5520 3515 5592 'Bodleianus;
3551 5520 3792 5594 Regius,

2232 5614 2507 5654 κΛεκτεον.
3032 5618 3034 5620 ⁷
