4020 6216
275 346 385 405 581

1372 341 1732 400 COMMENT.
1774 340 1842 396 1N
1876 337 2072 397 JOAN.
2110 337 2351 397 TOMUS
2378 336 2450 395 Χ.

3425 331 3537 393 382

271 457 648 529 ἁπλούστερον
680 455 1096 527 καταφεύξεται,
1152 454 1326 523 λέγων
1365 455 1454 507 διά
1497 454 1655 509 τοῦτο
1699 452 1834 524 σῶμ(

1960 466 2020 509 se
2063 453 2285 519 habeat,
2346 452 2415 507 ad
2469 447 2882 520 intelligentiam
2913 448 3296 519 simpliciorem
3341 452 3537 506 coniu-

272 544 557 615 ἑκατέρως
582 545 865 615 νοούμενον
889 544 979 598 τὸν
1015 544 1144 598 ναὸν
1170 542 1505 614 ὠνομάσθαι,
1527 543 1652 597 ἐπεὶ
1669 541 1857 613 ὥσπερ

270 636 303 686 6
328 633 457 697 ναὸς
489 634 644 701 δόξαν
676 631 789 704 εἶχε
821 633 954 686 Θεοῦ
993 634 1444 704 κατασκηνοῦσαν
1477 635 1536 688 ὲν
1564 632 1731 704 αὐτῷ,
1765 631 1859 685 οῦ-

274 741 386 787 τως
408 725 592 778 εἰκόνα
616 724 709 779 καὶ
732 724 887 791 δόξαν
903 723 1037 777 Θεοῦ
1063 724 1376 796 ὑπάρχοντα
1398 725 1489 779 τὸν
1512 724 1857 796 Πρωτότοκον

275 814 463 885 πάσης
507 816 757 879 κτίσεως,
796 816 858 868 τὸ
890 815 1069 887 σῶμα,
1105 816 1140 887 ἢ
1178 817 1277 888 τὴν
1327 816 1647 887 Ἐκκλησίαν
1690 814 1857 883 άγαλ·

280 904 689 975 ματοφοροῦντα
718 905 845 960 ναὸν
866 906 1101 975 εὐλόγως
1126 906 1374 978 εἰρῆσθαι
1404 905 1558 958 Θεοῦο
1583 905 1746 975 ήμετς
1771 903 1851 966 δὲ,

269 993 336 1046 τὸ
367 996 463 1065 μὲν
484 997 611 1066 περὶ
638 996 869 1050 ἑκάστου
896 997 1003 1050 τῶν
1030 1000 1086 1052 ὲν
1112 1000 1178 1069 τῇ
1203 998 1362 1069 τρίτη
1401 996 1510 1051 τῶν
1556 994 1853 1049 Βασιλειῶν

271 1088 410 1157 περί
443 1086 536 1139 τοῦ
566 1087 692 1140 ναοῦ
724 1090 899 1141 εἰπεῖν
929 1088 1282 1159 δυσδιήγητον
1312 1087 1567 1157 ὁρῶντες,
1603 1085 1699 1139 καὶ
1726 1084 1854 1138 πολ-

268 1177 355 1249 λῷ
378 1179 477 1248 τῆς
506 1178 702 1244 λέξεως
727 1179 885 1250 ἡμῶν
916 1179 1117 1249 μεῖζον,
1145 1177 1320 1241 άλλως
1365 1195 1426 1230 τε
1464 1178 1560 1230 κα)⁸
1604 1177 1668 1229 ού
1709 1175 1852 1229 κατὰ

266 1268 375 1339 τὴν
408 1267 687 1338 παροῦσαν
718 1269 953 1339 γραφὴν,
994 1268 1417 1341 ὑπερτιθέμεθα.
1463 1267 1610 1338 Πλὴν
1642 1268 1703 1319 ὲν
1738 1266 1853 1328 τοῖς

267 1358 554 1422 τοιούτοις,
601 1358 831 1429 μάλιστα
851 1358 938 1412 διά
962 1359 1022 1411 τὸ
1049 1360 1189 1431 ὑπὲρ
1212 1359 1311 1431 τήν
1345 1358 1691 1429 ἀνθρωπίνην
1711 1349 1852 1409 εῖναι

268 1448 458 1518 φύσιν,
506 1449 601 1503 κσιί⁵
654 1449 795 1503 κατὰ
839 1448 937 1520 τήν
981 1449 1078 1503 τοῦ
1132 1448 1268 1503 Θεοῦ
1318 1448 1540 1517 σοφίαν,
1597 1446 1657 1500 τὸ
1713 1447 1850 1502 ῐδιον

266 1540 372 1607 τῆς
418 1538 771 1592 θεοπνεύστου
827 1540 1050 1610 Γραφῆς
1094 1539 1453 1610 ἐμφαίνεσθαι
1516 1538 1847 1608 πειθόμενοι,

267 1630 467 1697 σοφίαν
525 1630 582 1682 ὲν
628 1628 911 1700 μυστηρίῳ
950 1628 1048 1699 τὴν
1096 1628 1626 1699 ἀποκεκρυμμένην,
1660 1627 1726 1697 ἢν
1759 1627 1849 1679 ού-

264 1722 380 1784 δείς
412 1722 519 1775 τῶν
544 1722 816 1793 ἀρχόντων
847 1722 940 1775 τοῦ
973 1722 1169 1784 αἰῶνος
1202 1721 1390 1774 τούτου
1416 1722 1639 1788 ἔγνωκε,
1675 1735 1842 1789 παρι-

1958 546 2093 615 giet,
2122 543 2310 600 dicens
2351 543 2557 599 idcirco
2594 555 2797 611 corpus
2850 550 3079 609 utroque
3109 541 3269 596 modo
3316 541 3530 598 intelle-

1956 643 2127 701 ctum,
2170 632 2431 703 templum
2485 638 2856 700 nuncupatum
2910 630 3098 695 fuisse,
3150 634 3295 698 quod
3342 644 3530 700 quem—

1956 724 2246 779 admodum
2308 722 2570 793 templum
2620 720 2751 777 illud
2789 720 3018 791 gloriam
3057 722 3151 776 Dei
3193 721 3424 777 habebat
3474 725 3528 777 iu

1954 814 2133 882 seipso
2158 813 2519 879 habitantem,
2544 812 2618 868 ita
2650 813 2852 882 imago,
2882 820 2937 867 et
2962 811 3130 881 gloria
3149 809 3244 865 Dei
3264 811 3529 866 exsistens

1953 898 2354 968 Primogenitus
2378 900 2560 956 omnis
2599 910 2862 955 creaturae
2888 900 2934 932 ”
2964 909 3361 969 repraesentans
3405 915 3532 953 cor--

1952 1005 2053 1060 pus
2080 1005 2238 1045 suum
2271 990 2351 1046 vel
2376 989 2698 1056 Ecclesiam,
2732 990 2987 1060 templum
3012 991 3106 1045 Dei
3134 988 3530 1046 rationabiliter

1954 1080 2119 1135 fuerit
2142 1081 2373 1137 dictum.
2425 1081 2536 1137 Nos
2570 1096 2721 1149 vero,
2755 1082 2999 1137 videntes
3046 1081 3265 1151 quidem
3311 1079 3529 1136 dimcile

1952 1185 2075 1226 esse
2120 1172 2186 1226 de
2231 1171 2459 1241 singulis
2507 1172 2673 1228 rebus
2719 1172 2904 1241 templi
2964 1172 3235 1227 disserere
3289 1186 3410 1239 qua:
3473 1172 3525 1226 in

1951 1262 2161 1332 Regum
2191 1271 2354 1320 tertio
2383 1266 2429 1298 “
2451 1266 2731 1329 dicuntur,
2776 1264 3041 1335 longeque
3078 1264 3251 1335 majus
3277 1264 3527 1320 oratione

1952 1365 2166 1422 nostra,
2215 1355 2416 1426 alioqui
2463 1356 2627 1411 etiam
2684 1354 2750 1408 ad
2784 1364 3109 1424 praesentem
3168 1354 3523 1424 scriptionem

1951 1460 2059 1499 non
2091 1446 2390 1515 pertinens,
2426 1444 2747 1501 diiIerimus.
2791 1444 3063 1500 Caeterum
3112 1445 3165 1500 in
3213 1445 3523 1515 hujusmodi

1950 1535 2112 1591 rebus
2146 1551 2466 1605 persuasum
2490 1538 2757 1592 habentes
2778 1538 2844 1591 ad
2868 1537 2961 1591 Dei
2996 1536 3322 1606 sapientiam
3354 1538 3524 1605 perti-

1947 1638 2078 1680 nere
2145 1626 2510 1694 proprietates
2566 1624 2840 1695 explicare
2901 1625 3167 1681 divinitus
3239 1625 3520 1695 inspirata;

1949 1714 2286 1784 Scriptura,
2355 1730 2477 1784 qum
2530 1716 2849 1785 sapientiam
2908 1717 3067 1771 docet
3138 1716 3189 1770 in
3261 1700 3521 1787 mysterio

270 1812 478 1881 στάσης
503 1850 517 1876 ,
746 1810 1256 1881 καταλαμϐάνοντες
1331 1787 1609 1879 ἐξαιρέτου
1670 1787 1834 1860 Πνεύ-

1942 1805 2278 1858 reconditam
2303 1846 2319 1873 ,
2364 1819 2525 1875 quam
2560 1806 2740 1861 nuHus
2788 1807 3094 1875 principum
3144 1806 3326 1862 saeculi
3359 1805 3520 1875 hujus

268 1918 441 1972 ματος
488 1902 679 1971 σοφίας
725 1902 954 1964 ἑαυτοὺς
985 1901 1288 1971 δεομένους,
1326 1899 1461 1968 πρὸς
1497 1898 1558 1951 τὸ
1578 1897 1644 1951 τά
1688 1897 1841 1967 τηλι-

265 1993 445 2047 καῦτα
470 1993 810 2065 ἱεροπρεπῶς
840 1992 1047 2063 νοῆσαι,
1077 1992 1151 2055 ὠς
1172 1991 1249 2044 ένι
1281 1990 1514 2062 μάλιστα
1552 1990 1619 2043 δι’
1643 1989 1840 2058 ὀλίγων

262 2083 364 2153 τὴν
397 2083 675 2154 περίνοιαν
705 2082 811 2135 τῶν
836 2081 975 2135 κατά
1018 2081 1107 2135 τὸν
1138 2081 1299 2134 τόπον
1323 2080 1618 2152 διαγράψαι
1641 2096 1838 2151 πειρα-

266 2172 496 2243 σόμεθα,
546 2171 703 2242 σῶμα
742 2170 851 2243 (40)
881 2170 978 2241 τὴν
1021 2170 1363 2240 Ἐκκλησίαν,
1400 2170 1493 2223 καὶ
1522 2164 1670 2222 οἷκον
1700 2166 1837 2222 Θεοῦ

263 2263 331 2316 ὲκ
356 2262 519 2315 λίθων
552 2260 767 2325 ζώντων
788 2259 1255 2331 οἰκοδομούμενον,
1285 2255 1432 2313 οἷκον
1470 2259 1839 2329 πνευματικὸν

262 2355 344 2416 εἰς
386 2354 679 2423 ἱεράτευμα
728 2353 881 2421 ἅγιον
921 2350 1280 2422 μανθάνοντες
1327 2351 1437 2404 άπὸ
1482 2349 1576 2403 τοῦ
1628 2350 1836 2421 Πέτρου

261 2443 549 2513 τυγχάνον,
582 2442 656 2507 ὡς
687 2443 778 2496 τὸν
816 2440 1198 2511 οἰκοδομοῦντα
1242 2440 1334 2494 τδν
1365 2440 1490 2495 ναὸν
1530 2440 1642 2493 υίὺν
1674 2440 1836 2495 Δαυῒδ

260 2534 409 2588 κατὰ
437 2534 592 2587 τοῦτο
640 2533 875 2604 Χριστοῦ
918 2529 1056 2586 εῖναι
1096 2532 1283 2595 τύπον,
1327 2531 1465 2601 μετὰ
1507 2532 1635 2594 τοὺς
1677 2532 1835 2586 πολέ-

262 2642 422 2695 μους,
448 2626 668 2696 είρήνης
695 2624 996 2695 βαθυτάτης
1031 2624 1418 2694 γεγενημένης,
1450 2622 1833 2693 οἰκοδομοῦντα

256 2718 343 2780 εἰς
366 2715 520 2781 δόξαν
545 2716 639 2769 τοῦ
680 2715 813 2769 Θεοῦ
851 2715 942 2769 τὸν
973 2714 1095 2768 ναὸν
1135 2716 1194 2767 ὲν
1220 2716 1285 2785 τῇ
1316 2714 1537 2785 ἐπιγείῳ
1569 2715 1835 2786 Ἰερουσα-

256 2804 395 2877 λὴμ,
413 2807 498 2858 ἴνα
518 2806 711 2876 μηκέτι
732 2804 882 2876 παρὰ
906 2803 1247 2878 μετακινητῷ
1268 2804 1550 2875 πράγματι
1571 2808 1636 2877 τῇ
1659 2809 1830 2878 σκηνῇ

257 2893 487 2965 λατρεία
513 2896 843 2966 ὲπιτελῆται,
864 2895 1092 2949 ἕκαστον
1106 2894 1213 2947 τῶν
1237 2894 1377 2948 κατὰ
1389 2893 1479 2948 τὸν
1490 2895 1615 2951 ναὸν
1631 2898 1710 2960 εἰς
1735 2897 1833 2969 τήν

272 2984 598 3056 Ἐκκλησίαν
630 2986 740 3056 (41)
776 2987 995 3055 ἀνάγειν
1011 2984 1397 3057 πειρασόμεθα.
1417 2986 1567 3056 Τάχα
1592 2985 1700 3059 γάρ
1735 2987 1831 3043 ἐὰν

256 3075 461 3167 πάντες
480 3077 528 3129 οἰ
548 3076 732 3149 ἐχθροὶ
765 3077 1050 3132 ὑποπόδιον
1067 3076 1327 3146 γένωνται
1342 3076 1450 3131 τῶν
1482 3078 1717 3149 Χριστοῦ
1732 3097 1832 3135 πο-
1855 3106 1899 3167 ο

255 3162 385 3228 δῶν,
408 3166 502 3217 καὶ
536 3167 564 3219 6
594 3166 817 3236 ἔσχατος
846 3166 1038 3237 ἐχθρὸς
1069 3165 1293 3229 θάνατος
1321 3166 1669 3239 καταργηθῇ,
1694 3170 1727 3240 ή
1752 3186 1831 3222 τε·

256 3252 506 3326 λειοτάτη
554 3257 742 3327 εἰρήνη
797 3257 948 3311 ἔσται
981 3261 1068 3313 ὅτε
1100 3261 1336 3328 Χριστὸς
1367 3261 1521 3314 ἔσται
1552 3260 1827 3331 Σολομὼν,

254 3344 396 3417 ὅπερ
430 3346 807 3417 ἑρμηνεύεται,
829 3351 1141 3418 εἰρηνικὸς,
1172 3352 1549 3424 πληρουμένης
1577 3352 1676 3422 τῆς
1703 3369 1831 3425 προ-

257 3437 488 3505 φητείας
511 3439 590 3500 εἰς
624 3438 785 3492 αὐτὸν
815 3439 1109 3513 λεγούσηςο
1144 3463 1163 3496 ι
1204 3445 1358 3499 Μετὰ
1386 3444 1493 3498 τῶν
1528 3444 1829 3515 μισούντων

255 3525 357 3594 τὴν
386 3527 607 3598 εἰρήνην
633 3528 778 3601 ἤμην
806 3532 1095 3602 εἰρηνικός.
1128 3553 1147 3586 ι
1168 3535 1279 3588 Καὶ
1310 3534 1427 3588 τότε
1462 3535 1689 3599 ἕκαστος
1720 3536 1827 3591 τῶν

259 3615 475 3680 ζώντων
526 3617 705 3688 λίθων,
748 3625 886 3677 κατά
923 3624 1019 3696 τὴν
1062 3626 1219 3690 ἀξίαν
1260 3624 1356 3680 τοῦ
1408 3627 1640 3681 ἐνταῦθα
1684 3626 1825 3697 βίου,

256 3707 409 3763 ἔσται
439 3709 535 3763 τοῦ
567 3712 694 3766 ναοῦ
724 3712 900 3778 λίθος·
930 3718 958 3770 6
986 3718 1084 3787 μέν
1115 3735 1199 3781 τις
1228 3720 1286 3772 ὲν
1312 3719 1387 3791 τῷ
1423 3720 1655 3791 θεμελίῳ
1688 3719 1825 3773 ἀπό-

259 3799 464 3863 στολος,
505 3800 538 3871 ἦ
582 3805 861 3875 προφήτης
910 3805 1192 3875 βαστάζων
1242 3810 1367 3872 τοὺς
1414 3810 1821 3880 ἐπικειμένουςο

258 3889 289 3941 ὁ
317 3888 373 3941 δέ
401 3905 484 3952 τις
524 3891 659 3960 μετά
680 3894 805 3956 τοὺς
844 3894 901 3947 ὲν
924 3894 999 3964 τῷ
1021 3892 1252 3966 θεμελίῳ
1285 3897 1390 3951 ὑπὸ
1424 3898 1521 3968 μὲν
1555 3898 1663 3951 τῶν
1688 3899 1824 3951 άπο·

260 3981 460 4035 στόλων
494 3982 907 4055 βασταζόμενος,
941 3988 1035 4040 καὶ
1065 3988 1224 4053 αὐτὸς
1256 3990 1352 4042 σὺν
1378 3992 1489 4053 τοῖς
1511 3990 1826 4052 ἀποστόλοις

256 4071 652 4142 συμϐαστάζων
697 4076 824 4137 τοὺς
872 4077 1322 4150 ὑποδεεστέρους·
1377 4080 1473 4132 καί⁵
1525 4079 1555 4131 6
1598 4078 1696 4149 μέν
1742 4095 1827 4142 τις

254 4159 405 4214 ἔσται
438 4160 583 4225 λίθος
619 4162 727 4216 τῶν
769 4161 1085 4232 ὲνδπάτων,
1124 4167 1252 4223 ἔνθα
1290 4170 1323 4240 ἡ
1353 4167 1601 4235 κιϐωτὸς,
1630 4168 1724 4222 καὶ
1756 4168 1823 4221 τά

251 4252 538 4323 χερουϐἰμ,
580 4254 756 4308 καὶτὸ
790 4255 1118 4328 ἱλαστήριον·
1154 4257 1338 4328 ἕτερος
1373 4257 1431 4311 δὲ
1470 4256 1562 4311 τοῦ
1607 4257 1825 4329 περιϐό-

250 4340 367 4405 λου,
405 4344 499 4396 καί
530 4345 686 4409 ἄλλος
726 4345 805 4399 ἔτι
854 4346 957 4411 ἔξω
988 4347 1080 4402 τοῦ
1114 4349 1398 4420 περιϐόλου
1435 4349 1541 4403 τῶν
1582 4348 1823 4404 Λευιτῶν

1939 1894 2190 1962 cognovit
2234 1893 2319 1961 ⁶³;
2374 1910 2500 1949 cum
2548 1895 2601 1949 id
2654 1897 2959 1965 przesertim
3012 1906 3224 1951 naturae
3267 1896 3518 1952 humanae

1938 1994 2155 2056 captum
2234 1993 2492 2054 superet;
2568 1985 3035 2056 deprehendentes
3125 1987 3346 2057 insuper
3416 2003 3519 2044 nos

1939 2077 2088 2147 ipsos
2134 2077 2316 2133 eximii
2355 2075 2588 2146 Spiritus
2635 2077 2901 2146 sapientia
2958 2092 3139 2149 egere,
3188 2079 3255 2133 ad
3309 2080 3513 2134 intelli-

1938 2166 2171 2237 gendum
2233 2165 2357 2220 talia
2389 2202 2406 2229 ,
2493 2172 2552 2219 ut
2631 2165 2975 2219 sacerdotem
3067 2167 3260 2231 decet;
3352 2181 3516 2236 quam

1935 2256 2278 2327 paucissimis
2297 2255 2613 2325 poterimus,
2638 2254 2951 2312 describere
2981 2256 3142 2324 hujus
3174 2256 3277 2312 loci
3314 2257 3517 2312 intelli-

1935 2349 2175 2419 gentiam
2244 2346 2618 2413 tentabimus,
2680 2346 2858 2402 edocti
2928 2361 2958 2401 a
3014 2345 3174 2402 Petro
3226 2347 3272 2379 ⁸⁸
3325 2347 3515 2405 Eccle-

1934 2441 2069 2497 siam
2133 2453 2330 2508 corpus
2384 2453 2504 2494 esse
2551 2447 2606 2494 et
2670 2440 2888 2495 domum
2958 2440 3055 2496 Dei
3105 2456 3172 2495 ex
3244 2441 3515 2512 lapidibus

1932 2529 2235 2586 viventibus
2273 2529 2617 2594 aediﬁcatam,
2672 2530 2888 2586 domum
2948 2531 3283 2601 spiritualem
3350 2533 3511 2605 203

1933 2621 1989 2675 in
2042 2619 2403 2675 sacerdotium
2457 2631 2738 2686 sanctum,
2788 2620 2863 2675 ita
2896 2630 2955 2675 ut
2995 2621 3214 2677 Davidis
3244 2622 3385 2678 ﬁlius
3439 2624 3512 2679 sit

1933 2708 2072 2763 hanc
2099 2710 2168 2764 ob
2189 2722 2408 2763 causam
2439 2706 2641 2764 Christi
2666 2708 2861 2779 ﬁgura,
2891 2709 3164 2766 aediﬁcans
3212 2712 3508 2781 templum;

1931 2801 2022 2869 qui
2081 2809 2203 2869 post
2245 2798 2419 2864 bella,
2475 2814 2607 2868 pace
2664 2800 2927 2856 altissima
2964 2800 3136 2867 facta,
3176 2801 3406 2858 aediﬁcat
3438 2804 3507 2857 ad

1931 2890 2159 2961 gloriam
2188 2889 2279 2945 Dei
2311 2888 2563 2959 templum
2589 2890 2641 2945 in
2667 2892 2912 2948 terrestri
2936 2891 3320 2960 Jerusalem",
3350 2908 3418 2948 ne
3451 2896 3507 2950 in

1930 2990 2204 3050 posterum
2252 2979 2429 3036 cultus
2462 2980 2555 3035 Dei
2587 2980 2900 3051 perﬁciatur
2926 2982 2979 3037 in
3010 2984 3246 3039 tentorio
3276 2984 3507 3039 subinde

1931 3073 2199 3139 mutabili,
2232 3072 2471 3143 singulas
2518 3088 2606 3129 res
2650 3075 2833 3146 templi
2863 3076 2932 3130 ad
2973 3075 3269 3132 Ecclesiam
3300 3075 3507 3131 referre

1936 3162 2277 3219 tentabimus.
2321 3161 2590 3220 Fortassis
2624 3164 2768 3219 enim
2809 3166 2856 3220 si
2888 3166 3092 3221 inimici
3150 3181 3343 3222 omnes
3374 3165 3506 3222 sub-

1930 3252 2140 3309 sellium
2186 3252 2318 3309 ﬁant
2352 3254 2549 3323 pedum
2589 3254 2816 3322 Christi,
2867 3264 2925 3311 et
2971 3256 3193 3312 ultimus
3233 3258 3502 3324 inimicus,

1928 3358 2121 3413 nempe
2160 3359 2327 3410 mors,
2361 3345 2637 3402 aboleatur
2665 3347 2744 3414 °';
2787 3345 3188 3417 perfectissima
3230 3363 3336 3418 pax
3373 3348 3500 3417 erit,

1926 3436 2141 3504 quando
2172 3434 2420 3490 Christus
2454 3435 2562 3491 erit
2604 3436 2882 3501 Salomon,
2908 3451 3069 3507 quem
3096 3438 3141 3493 si
3176 3436 3501 3507 interprete-

1927 3524 2025 3587 ris,
2043 3532 2128 3579 est
2157 3526 2411 3593 paciﬁcus
2434 3526 2515 3591 ης
2547 3524 2766 3594 impleta
2789 3525 2842 3580 in
2864 3526 3038 3596 ipsum
3070 3528 3351 3599 prophetia
3380 3542 3504 3598 qua:

1926 3614 2058 3670 dicit
2077 3615 2158 3670 τοι
2196 3634 2216 3668 ι
2252 3616 2385 3672 Cum
2415 3616 2501 3671 his
2530 3615 2622 3687 qui
2654 3617 2784 3671 odio
2811 3617 3078 3673 habebant
3108 3632 3319 3687 pacem,
3349 3634 3500 3673 erant

1924 3706 2205 3775 paciﬁcus.
2253 3726 2273 3761 ι
2314 3708 2395 3762 Ac
2425 3715 2554 3761 tunc
2593 3708 2964 3776 unusquisque
3007 3709 3197 3764 vivens
3230 3708 3367 3777 lapis
3404 3724 3502 3778 pro

1926 3795 2189 3865 dignitate
2236 3796 2519 3865 praesentis
2557 3797 2683 3851 vita
2736 3796 2844 3851 erit
2893 3796 3078 3868 templi
3130 3797 3267 3868 lapis
3314 3797 3503 3854 :alter

1924 3886 2143 3953 quidem
2185 3885 2240 3939 in
2282 3884 2631 3942 fundamento
2660 3888 2935 3956 apostolus
2966 3888 3050 3943 vel
3087 3890 3344 3959 prapbeta
3370 3905 3500 3961 por-

1926 3984 2049 4031 tans
2091 3978 2578 4048 superimpositos;
2608 3979 2746 4035 alter
2778 3993 2907 4035 vero
2947 3989 3069 4049 post
3112 3994 3207 4037 eos
3238 3982 3331 4051 qui
3371 3991 3500 4038 sunt

1925 4069 1978 4123 in
2021 4067 2389 4135 fundamento,
2417 4079 2660 4139 portatus
2694 4070 2909 4139 quidem
2937 4082 2991 4125 et
3023 4072 3137 4141 ipse
3164 4073 3231 4127 ab
3277 4084 3496 4143 aposto-

1924 4156 2010 4222 lis,
2030 4157 2165 4213 alios
2182 4158 2275 4214 sed
2303 4159 2417 4229 ipse
2436 4160 2599 4229 etiam
2622 4169 2844 4230 portans
2864 4160 3193 4218 inﬁrmiores
3218 4176 3339 4217 cum
3361 4178 3495 4233 apo-

1922 4249 2075 4331 stolis
2103 4265 2120 4315 ;
2152 4256 2315 4318 atque
2347 4250 2510 4304 etiam
2549 4250 2684 4306 alter
2715 4251 2932 4322 quidem
2964 4252 3100 4321 lapis
3124 4253 3231 4307 erit
3273 4254 3497 4321 penitis-

1921 4339 2113 4405 simus,
2139 4340 2229 4395 ubi
2262 4355 2388 4395 arca
2411 4349 2467 4396 et
2488 4340 2772 4396 cherubim
2810 4350 2914 4404 est,
2945 4352 3001 4396 et
3022 4340 3490 4410 propitiatorium;

252 4431 345 4483 καὶ
373 4434 582 4504 ἱερέων,
613 4435 760 4500 λίθος
790 4436 886 4489 τοῦ
931 4436 1310 4511 θυσιαστηρίου
1354 4439 1461 4494 τῶν
1502 4439 1818 4511 όλοκαρπω-

1933 4427 2056 4483 alter
2089 4442 2216 4483 vero
2249 4428 2390 4500 lapis
2438 4430 2710 4495 vestibuli,
2733 4439 2789 4484 et
2835 4430 2976 4485 alius
3014 4430 3188 4485 adhuc
3218 4439 3371 4484 extra
3396 4443 3491 4484 ve-

253 4515 460 4583 μάτων.
489 4518 600 4591 Τὴν
642 4520 698 4574 δὲ
736 4522 862 4593 περὶ
890 4523 1090 4578 τούτων
1117 4527 1424 4596 οἰκονομίαν
1459 4526 1550 4580 καὶ
1582 4527 1823 4599 λειτουρ-

249 4604 376 4670 γίαν
404 4607 900 4680 ἐγχειρισθήσονται
925 4612 1076 4679 άγιαι
1105 4613 1377 4685 δυνάμεις,
1412 4614 1629 4683 ἄγγελοι
1661 4614 1818 4680 Θεοῦ,

248 4696 307 4748 αἰ
336 4696 433 4766 μέν
464 4715 606 4761 τινες
636 4695 790 4754 οὖσαι
827 4702 1161 4775 κυριότητες,
1197 4704 1451 4776 ήθρόνοι,
1487 4706 1519 4777 ἢ
1552 4707 1738 4777 ἀρχαὶ,
1781 4707 1816 4777 ἢ

244 4786 501 4851 ἐξουσίαν
519 4789 639 4841 αἰδὲ
653 4790 861 4855 τούτοις
878 4792 1328 4865 ὑποτεταγμέναι,
1346 4788 1420 4849 ὧν
1435 4796 1593 4849 τύποι
1608 4798 1656 4849 οἰ
1674 4813 1819 4867 τρισ-

245 4875 402 4945 χίλιοι
422 4878 512 4930 καί
536 4874 801 4942 ἑξακόσιοι
826 4881 1081 4951 ἄρχοντες
1099 4882 1404 4950 ἐπιστάται,
1428 4882 1816 4954 καθεσταμένοι

242 4966 457 5020 ἐπὶτῶν
472 4967 649 5039 ἔργων
666 4970 775 5023 τῶν
801 4970 1068 5042 Σολομὼν,
1091 4973 1184 5025 καὶ
1203 4973 1567 5044 ἑϐδομήκοντα
1584 4973 1816 5044 χιλιάδες

242 5075 352 5110 των
377 5058 434 5111 αἰ
442 5059 639 5128 ρόντων
660 5062 837 5131 ἄρσιν,
876 5064 967 5117 καί
995 5065 1051 5117 al
1076 5064 1184 5118 τῶν
1219 5064 1466 5135 λατόμων
1488 5064 1815 5135 ὀγδοήκοντα

243 5146 479 5216 χιλιάδες
511 5150 570 5201 ὲν
600 5149 677 5221 τῷ
704 5151 839 5222 ὄρει,
863 5154 912 5206 οἰ
942 5153 1217 5218 ποιοῦντες
1245 5153 1315 5208 τά
1353 5154 1512 5225 ἔργα,
1542 5155 1639 5207 καὶ
1668 5155 1809 5208 ἑτοι-

242 5235 509 5302 μάζοντες
531 5240 640 5312 (42)
668 5245 795 5307 τοὺς
827 5242 1006 5309 λίθους
1043 5245 1140 5299 καὶ
1178 5244 1247 5299 τὰ
1287 5245 1437 5311 ξύλα.
1481 5246 1809 5318 Παρατηρη-

348 5374 404 5447 ’ξ
418 5375 624 5431 Coloss.
657 5393 696 5439 ι.
727 5379 814 5433 15.
926 5380 975 5411 ⁸⁵
1013 5378 1077 5433 Ill
1108 5380 1241 5445 Reg.
1268 5396 1342 5447 vn,
1373 5396 1470 5445 vn,
1520 5397 1639 5436 vm.

1750 5380 1796 5412 "
1838 5378 1858 5432 l
1894 5378 2018 5435 Cor.
2046 5395 2106 5445 ιι,
2136 5380 2191 5447 7,
2232 5379 2287 5436 8.

1919 4518 2171 4573 stibulutu
2202 4517 2517 4574 chitarum
2546 4528 2601 4574 et
2622 4519 2987 4585 sacerdotum,
3027 4519 3166 4588 lapis
3194 4518 3401 4585 altaris,
3434 4519 3490 4573 in

1921 4622 2026 4677 quo
2068 4607 2373 4665 oil'eruntur
2420 4610 2695 4666 fructuum
2745 4609 3070 4665 oblationes.
3098 4609 3268 4664 Porro
3294 4609 3488 4664 harum

1920 4712 2100 4752 rerum
2139 4699 2436 4753 oeconomia
2485 4707 2537 4753 et
2584 4699 2947 4754 ministerium
2980 4700 3333 4755 concredetur
3358 4714 3488 4755 san-

1917 4788 2022 4843 ctis
2049 4788 2337 4843 virtutibus
2357 4827 2374 4855 ,
2404 4803 2601 4859 nempe
2649 4791 2855 4861 angelis
2896 4790 3013 4857 Dei,
3041 4805 3268 4860 quarum
3297 4791 3489 4860 aliqua:

1915 4878 2132 4948 quidem
2171 4887 2297 4936 sunt
2331 4878 2729 4937 dominationes
2750 4920 2767 4946 ,
2796 4882 2879 4936 vel
2920 4882 3121 4949 throni,
3150 4881 3234 4937 vel
3280 4881 3487 4953 princi-

1914 4976 2093 5037 patus,
2144 4965 2231 5021 vel
2262 4976 2592 5037 potestates;
2636 4970 2831 5040 aliqua:
2884 4987 3013 5029 vero
3052 4972 3137 5027 bis
3183 4972 3483 5043 subjectae;

1913 5073 2141 5128 quarum
2171 5057 2394 5128 ﬁguram
2433 5069 2628 5131 gerunt
2657 5064 2894 5119 sexcenti
2930 5064 3008 5120 illi
3041 5077 3201 5134 supra
3227 5064 3328 5118 tria
3367 5061 3487 5117 mil-

1916 5149 1987 5205 lia
2033 5149 2312 5219 praefecti,
2366 5151 2605 5221 prazl‘ecti
2670 5154 2941 5229 principes
2996 5156 3274 5212 constituti
3321 5166 3487 5222 super

1914 5257 2076 5313 opera
2106 5240 2456 5311 Salomonis;
2502 5253 2558 5301 et
2599 5248 2937 5318 septuaginta
2966 5245 3227 5302 chiliades
3265 5252 3482 5315 gestan-

2394 5378 2440 5411 “
2465 5376 2488 5432 Ι
2514 5376 2662 5435 Petr.
2694 5394 2755 5448 ιι,
2788 5378 2845 5435 5.
2954 5378 3001 5412 ⁸⁷
3024 5377 3093 5434 lli
3112 5379 3245 5452 Reg.
3272 5395 3327 5452 ν,
3357 5382 3482 5440 εις.

251 5437 334 5498 ⁸⁸1
366 5444 493 5499 Cor.
522 5461 612 5514 xv,
643 5437 737 5513 25,
768 5448 859 5504 26.
933 5449 979 5484 θ’
1005 5448 1022 5503 Ι
1050 5437 1283 5519 Paralip.
1313 5437 1563 5515 x'xtt,'9.'
1606 5449 1654 5484 τ’
1683 5449 1826 5505 Psal.

1933 5465 1998 5517 ιι,
2030 5437 2118 5505 73.

294 5561 430 5643 μθ)
467 5564 1047 5643 Σῶμα.“1)εείᾱει·θιιιιο
1082 5567 1135 5622 ἰιι
1170 5568 1357 5624 codice
1385 5567 1574 5639 Regio,
1602 5569 1696 5626 sed
1727 5584 1807 5626 re-

241 5634 481 5689 stituitur
508 5648 537 5687 e
572 5634 885 5692 Bodleiano.

307 5701 421 5772 (il)
459 5704 562 5770 Εἰς
589 5704 702 5773 τὴν
743 5706 1122 5774 Ἐκκλησίαν.
1146 5706 1221 5766 ita
1248 5705 1418 5765 codex
1445 5707 1801 5774 Bodleiauus;

1912 5569 2041 5639 Regi
2052 5585 2150 5640 us,
2166 5568 2260 5622 καί¹
2292 5569 2416 5640 τὴν-Λ
2428 5568 2775 5640 Ἐκκλησίαν.

1978 5636 2101 5711 (ιε),
2141 5636 2733 5711 Ἐτοιμᾶζοντεςζδίε
2766 5638 2935 5696 codex
2970 5638 3321 5711 Bodleianus;
3371 5642 3482 5700 Rea

1908 5709 2047 5777 gius,
2086 5706 2493 5777 ἑτοιμάσαντες.
