3878 6210
433 307 537 364 ῑδῖ
1895 292 2021 351 οιιιι

2131 291 2222 350 ιιι
3604 302 3711 362 388

431 433 580 490 runt,
613 421 707 495 qhi
751 434 842 481 res
881 420 1181 479 Rebraicas
1227 417 1284 474 in
1313 415 1561 472 Graecum
1594 410 2008 470 transtulerunt.

2131 409 2266 477 ναοῦ,
2299 408 2624 482 τιμιώτερον
2672 407 3009 480 τυγχάνοντα
3058 407 3193 480 (5'5).
3226 411 3416 467 Πάντα
3462 411 3714 486 μέντοιγε

428 517 667 572 Abusive
699 524 880 570 autem
914 513 1135 581 quidam
1174 511 1318 566 hunc
1347 508 1529 564 locum
1573 507 1829 566 dixerunt
1876 511 2019 558 tem.

2131 500 2327 572 χρυσὸς
2366 499 2434 553 τά
2487 499 2628 554 κατά
2666 499 2759 554 τδν
2800 495 2949 554 οῐκον
2993 501 3300 572 γεγένηται,
3332 503 3414 566 είς
3445 503 3712 575 σύμδολον

431 607 576 675 plum
603 607 746 678 quod
787 604 1162 661 honorabilius
1185 602 1384 673 templo
1416 599 1725 658 exsisteret.
1751 594 2020 652 Caeterum

2131 589 2222 646 τοῦ
2263 589 2638 662 τελειουμένου
2680 589 2898 657 πάντως
2933 592 3026 648 νοῦ
3061 592 3199 665 πρὸς
3234 594 3336 666 τὴν
3367 594 3480 649 τῶν
3510 598 3712 666 νοητῶν

431 710 550 764 qua:
574 697 629 750 in
654 694 813 750 domo
829 693 1036 759 sunt”,
1064 691 1200 748 fiunt
1222 699 1336 747 tota
1359 704 1543 756 aurea,
1568 687 1622 742 in
1644 686 1855 756 signum
1877 681 2021 754 quod

2131 683 2334 755 ἀκριϐῆ
2363 683 2624 750 ἀπόταξιν
2663 682 2771 754 (54)
2792 700 2809 716 ο
2843 683 2966 738 ἐπεὶ
3007 684 3066 738 δὲ
3099 685 3445 740 παντάπασιν
3469 685 3576 739 οὐκ
3599 687 3714 741 ἐστι

433 805 591 846 mens
617 788 842 846 omnino
871 787 1116 858 perfecta
1143 791 1456 840 accuratam
1493 777 1884 845 discretionem
1917 775 2020 831 ha-

432 882 562 938 beat
606 895 788 936 rerum
844 893 968 951 quae
1021 881 1204 934 mente
1261 873 1674 946 percipiuntur;
1720 881 1843 939 qua:
1899 880 2027 935 quo-

432 973 580 1027 niam
608 972 832 1028 omnino
874 970 1061 1043 pervia
1092 977 1150 1025 et
1190 962 1584 1038 cognoscibilia
1611 975 1720 1018 non
1761 965 1910 1024 sunt,
1944 953 2028 1010 fa-

2130 773 2269 846 βατὰ
2290 775 2386 828 καὶ
2417 773 2653 844 γνωστὰ,
2682 774 3040 846 οἰκοδομεῖται
3072 777 3472 849 καταπέτασμα
3492 777 3592 850 τῆς
3621 778 3716 831 αύ-

2128 865 2246 938 λῆς,
2280 866 2394 928 τοῖς
2435 863 2651 928 πολλοῖς
2676 863 2784 920 τῶν
2815 864 3007 937 ἱερέων
3036 866 3132 921 καὶ
3173 867 3418 923 Λευιτῶν
3446 867 3552 922 οὐκ
3585 867 3717 923 ἀπο-

2133 955 2558 1028 καλυπτομένων
2577 955 2688 1010 τῶν
2719 956 3006 1010 ἐνδοτάτω.
3755 955 3764 966 ’

432 1064 678 1122 bricatur
727 1062 971 1118 velamen
1021 1058 1189 1125 aulae,
1237 1053 1591 1128 penitissimis
1640 1066 1746 1107 non
1800 1046 2021 1105 retectis
2051 1047 2361 1104 Levitarum
2389 1056 2446 1101 et
2475 1046 2824 1102 sacerdotum
2856 1047 3252 1117 compluribus.

429 1165 435 1218 ἑ
503 1157 668 1229 206
706 1157 798 1214 25.
841 1158 1086 1226 Quaesitu
1116 1167 1296 1212 autem
1346 1155 1568 1225 dignum
1616 1158 1702 1208 est
1754 1146 2024 1220 quomodo

437 1257 693 1321 tanquam
738 1264 837 1304 rex
879 1249 1096 1304 dicatur
1129 1246 1386 1304 Salomon
1417 1243 1689 1300 mdilicare
1732 1238 2019 1310 templum,

435 1349 491 1397 et
520 1339 743 1396 Chiram
789 1347 1051 1409 tanquam
1095 1336 1429 1393 architectus
1454 1333 1502 1365 ⁸⁸
1535 1348 1550 1384 :
1593 1345 1755 1402 quem
1786 1328 2023 1383 accitum

2196 1145 2290 1200 25.
2328 1143 2510 1207 ’Ἄξιον
2537 1141 2595 1196 δὲ
2626 1141 2859 1214 ζητῆσαι
2895 1143 3011 1206 πῶς
3041 1143 3118 1207 ὼς
3149 1144 3249 1215 μὲν
3279 1144 3536 1216 βασιλεὺς
3561 1147 3720 1202 Σολο-

2130 1234 2249 1309 μὼν
2293 1236 2389 1290 καὶ
2427 1234 2726 1305 οἰκοδομεῖν
2757 1234 2848 1288 τὸν
2878 1233 3006 1289 ναὸν
3048 1235 3283 1304 λέγεται,
3315 1239 3391 1300 ὼς
3417 1239 3464 1292 δ’
3496 1241 3720 1312 ἀρχιτέ.

2126 1344 2270 1381 κτων
2315 1327 2374 1380 ὃν
2420 1326 2609 1381 ἔλαϐεν
2655 1325 2982 1389 ἀποστείλας
3025 1327 3056 1380 ὁ
3094 1325 3345 1398 Σολομὼν
3387 1331 3615 1402 Χειράμ
3655 1333 3722 1386 ἐκ

435 1430 640 1501 recepit
663 1427 921 1486 Salomon
953 1429 1126 1484 lilium
1167 1425 1414 1497 conjugis
1455 1424 1633 1479 viduae
1663 1437 1730 1476 ex
1759 1419 1905 1491 Tyro
1926 1458 1942 1484 ,
1969 1426 2021 1473 et

2131 1419 2328 1490 Τύρου,
2365 1418 2477 1471 υἱὸν
2504 1417 2760 1486 γυναικὸς
2791 1419 2986 1488 χήρας,
3016 1419 3112 1472 καὶ
3140 1414 3294 1484 οὗτος
3322 1420 3431 1474 ἀπὸ
3469 1422 3578 1492 τῆς
3622 1440 3720 1492 φυ-

434 1531 592 1590 patre
630 1518 816 1590 Tyrio,
857 1527 912 1573 et
937 1530 971 1572 e
1001 1517 1146 1572 tribu
1186 1513 1533 1584 Nephthalim
1553 1529 1571 1579 ;
1594 1511 1750 1567 faber
1775 1509 2022 1574 aerarius,

435 1619 492 1666 et
519 1608 706 1680 plenus
742 1606 1007 1678 sapientia
1042 1615 1098 1662 et
1122 1605 1399 1676 agnitione
1423 1606 1491 1658 ad
1526 1601 1830 1657 faciendum
1860 1613 2024 1654 omne

436 1711 572 1766 opus
608 1711 676 1752 ex
709 1711 848 1762 tere;
878 1695 971 1765 qui
1019 1709 1146 1750 cum
1178 1693 1446 1748 adductus
1478 1689 1672 1745 fuisset
1720 1687 1789 1742 ad
1842 1700 2022 1756 regem

2127 1512 2226 1583 λῆς
2257 1509 2595 1580 Νεφθαλεὶμ,
2642 1509 2737 1563 καὶ
2775 1510 2803 1561 ὁ
2845 1511 3027 1583 πατὴρ
3055 1511 3218 1564 αὐτοῦ
3252 1511 3469 1584 Τύριος,
3508 1513 3720 1568 τέκων

2129 1601 2356 1674 χαλκοῦ,
2384 1602 2478 1655 καὶ
2509 1599 2936 1672 πεπληρωμένος
2960 1601 3059 1672 τῆς
3081 1602 3348 1666 συνέσεως
3368 1605 3464 1657 καὶ
3485 1604 3724 1673 ἐπιγνώ-

2131 1709 2288 1756 σεως,
2327 1689 2420 1744 τοῦ
2470 1691 2645 1743 ποιεῖν
2693 1691 2802 1744 πᾶν
2850 1693 3007 1761 ἔργον
3049 1692 3108 1744 ὲν
3159 1691 3366 1763 χαλκῷ,
3393 1693 3451 1756 ὃς
3484 1695 3720 1767 εἰσήχθη

438 1785 804 1851 Salomonem,
847 1785 980 1842 fecit
1025 1784 1210 1841 omnia
1242 1796 1429 1852 opera.
1475 1778 1715 1835 Proinde
1755 1777 2014 1848 inspicito

2131 1781 2258 1854 πρὸς
2285 1781 2376 1834 τὸν
2413 1779 2635 1850 βασιλέα
2668 1780 2942 1852 Σολομὼν,
2998 1782 3092 1834 καὶ
3143 1783 3368 1854 ἐποίησε
3414 1784 3602 1839 πάντα
3651 1787 3723 1839 τά

435 1893 507 1936 an
536 1878 675 1934 forte
697 1877 952 1934 Salomon
977 1877 1149 1946 accipi
1172 1876 1344 1946 possit
1369 1873 1424 1928 in
1450 1871 1879 1939 Primogenitum
1901 1884 2020 1924 om-

437 1974 525 2030 nis
552 1981 818 2030 creatura:
841 1971 910 2040 ⁸³,
929 1971 1151 2026 Chiram
1181 1983 1312 2024 vero
1343 1968 1398 2023 in
1435 1967 1712 2022 hominem
1739 1977 1900 2034 quem
1932 1961 2022 2018 hic

437 2065 839 2135 Primogenitus
867 2060 1161 2132 assumpsit
1192 2061 1261 2116 ab
1290 2059 1574 2115 hominum
1602 2055 2021 2128 congregatione

436 2159 620 2228 (sonat
637 2156 782 2212 enim
813 2154 985 2226 Tyrii,
1010 2153 1056 2210 si
1086 2166 1182 2208 eos
1199 2151 1646 2222 interpretemur,
1670 2145 2016 2209 continentes)

437 2248 710 2303 hominem
760 2255 954 2301 natura
995 2258 1169 2314 genus
1211 2244 1606 2306 continentem,
1634 2239 1728 2308 qui
1766 2238 2022 2310 impletus

436 2335 587 2394 omni
630 2345 770 2402 arte,
809 2343 864 2390 et
897 2334 1148 2400 scientia,
1179 2343 1235 2389 et
1271 2333 1569 2404 agnitione,
1605 2330 1870 2386 adductus
1916 2339 2021 2396 est,

437 2443 741 2500 cooperans
770 2425 1138 2497 Primogenito
1175 2424 1356 2480 omnis
1380 2430 1670 2488 creaturae,
1703 2428 1763 2474 ut
1791 2419 2023 2474 aediﬁcet

441 2519 705 2591 templum
739 2518 793 2572 in
826 2532 935 2586 quo
971 2523 1259 2572 struuntur
1299 2515 1464 2569 etiam
1485 2511 1754 2581 {fenestrae
1797 2508 2024 2565 occulta:

443 2611 664 2682 oblique
685 2625 752 2665 ex
780 2608 891 2663 alto
920 2605 1359 2676 introspicientes
1384 2604 1452 2669 ⁸⁸,
1477 2611 1537 2658 ιιι
1554 2601 1869 2672 splendores
1888 2599 2023 2655 lucis

439 2701 537 2756 Dei
567 2701 686 2771 capi
722 2698 952 2769 possint,
979 2708 1034 2752 et
1061 2705 1122 2752 ut
1155 2695 1398 2752 Ecclesia
1437 2693 1589 2765 (quid
1631 2693 1775 2747 enim
1808 2698 2025 2762 oportet

440 2805 528 2847 me
559 2789 765 2860 singula
795 2802 1081 2844 recensere
1101 2787 1168 2857 ?),
1197 2787 1462 2842 rationem
1496 2782 1702 2839 habens
1726 2780 2023 2852 spiritualis

441 2883 636 2938 domus
657 2888 714 2936 et
737 2878 920 2949 templi
953 2878 1070 2946 Dei,
1111 2878 1420 2932 inveniatur
1454 2888 1653 2944 corpus
1691 2871 1915 2928 Christi.
1951 2869 2024 2926 Ut

439 2971 585 3028 enim
615 2970 862 3042 praedixi,
888 2969 1156 3040 sapientia
1181 2980 1405 3038 egemus
1433 2980 1497 3022 ea
1527 2979 1648 3035 quae
1673 2963 1724 3018 in
1761 2961 2023 3032 mysterio

441 3073 529 3119 est
558 3059 836 3118 recondita
861 3059 932 3125 ",
951 3069 1006 3115 et
1029 3073 1152 3131 quae
1175 3057 1274 3112 soli
1303 3055 1378 3110 illi
1409 3065 1492 3111 est
1526 3053 1900 3125 perceptibilis
1927 3050 2021 3122 qui

441 3157 627 3212 dicere
655 3163 877 3224 potest:
913 3169 934 3205 ι
975 3126 1085 3207 Nos
1115 3160 1295 3206 autem
1332 3157 1567 3204 mentem
1611 3144 1813 3202 Christi
1858 3144 2024 3199 habe-
2049 3126 2093 3185 θ

442 3262 565 3303 mus
589 3244 656 3314 ⁸⁸,
694 3263 714 3298 ι
740 3254 799 3300 ιιι
829 3241 1038 3312 singula
1066 3257 1187 3312 qua:
1214 3241 1360 3297 dicta
1393 3249 1519 3295 sunt
1552 3237 1909 3308 spiritualiter
1939 3234 2025 3289 in-

441 3345 804 3408 terpretemur
825 3332 978 3404 juxta
1011 3332 1156 3388 illius
1191 3329 1522 3386 voluntatem
1544 3328 1639 3398 qui
1666 3325 1936 3396 disposuit
1967 3331 2027 3378 ut

441 3429 560 3486 hate
584 3426 975 3484 scriberentur.
1008 3422 1226 3492 Alioqui
1255 3422 1419 3478 etiam
1465 3418 1674 3489 singula
1713 3417 1831 3472 haec
1855 3429 2025 3485 expo-

441 3535 575 3578 nere
593 3533 700 3576 non
729 3526 812 3575 est
850 3515 1135 3588 pmsentis
1177 3513 1445 3570 lectionis.
1479 3509 1844 3580 Quamobrem
1878 3505 2026 3563 sulli-

442 3611 594 3668 ciant
629 3611 745 3666 haec
769 3608 837 3664 ad
885 3607 1174 3663 videndum
1206 3603 1481 3676 quomodo
1518 3620 1538 3656 ι
1578 3601 1669 3659 ille
1711 3600 1928 3658 dicebat
1958 3599 2026 3656 de

432 3701 644 3773 templo
669 3698 915 3772 corporis
943 3697 1028 3754 sui
1052 3697 1122 3754 ”.
1164 3714 1184 3748 ι

511 3886 604 3940 26.
631 3884 898 3940 (laterum
929 3881 1152 3953 dignum
1177 3888 1263 3937 est
1294 3886 1354 3935 ut
1382 3887 1505 3951 post
1523 3879 1641 3935 harc
1670 3877 2023 3948 inspiciamus

443 3987 513 4028 an
553 3970 714 4026 facile
759 3970 905 4025 factu
947 3970 1040 4036 sit,
1091 3979 1148 4024 ut
1187 3970 1303 4024 haec
1329 3984 1448 4040 qua:
1473 3969 1701 4024 historia
1737 3965 1906 4022 refert
1938 3966 2023 4020 fa-

443 4070 530 4114 cta
556 4059 720 4114 fuisse
759 4059 812 4113 in
845 4057 1066 4128 templo,
1105 4058 1384 4113 evenerint
1411 4057 1706 4128 aliquando
1731 4071 1825 4113 seu
1861 4069 2027 4112 even-

446 4160 567 4205 tura
614 4147 725 4204 sint
779 4146 930 4202 circa
979 4147 1198 4202 domum
1250 4147 1608 4216 spiritualem.
1634 4145 1863 4201 Videtur
1892 4160 2022 4201 vero

443 4256 550 4299 nos
594 4241 847 4310 utrinque
884 4253 1079 4308 urgere
1112 4237 1286 4301 ratio;
1319 4251 1440 4291 nam
1483 4236 1599 4292 sive
1632 4238 1876 4293 dicamus
1907 4236 2021 4293 fieri

444 4346 606 4404 posse
634 4338 694 4385 ut
730 4331 848 4386 haec
878 4329 1033 4394 (lant,
1059 4329 1144 4384 vel
1175 4330 1408 4398 quadam
1433 4331 1647 4384 ratione
1689 4329 1830 4385 facta
1854 4329 2022 4387 fuisse

446 4425 500 4479 in
527 4425 692 4480 domo
720 4421 1010 4494 spirituali,
1055 4431 1275 4493 gravate
1306 4421 1615 4486 admittent,
1654 4421 1744 4490 qui
1771 4423 2016 4488 audiunt,

445 4513 632 4570 talium
654 4513 920 4570 bonorum
949 4511 1488 4578 transmutationem;
1513 4511 1746 4582 primum
1777 4514 2016 4583 quidem,

2119 1872 2277 1944 ἔργα.
2327 1871 2618 1942 Ἐφίστημι
2660 1871 2719 1925 δὲ
2754 1871 2962 1944 μήτοτε
2997 1872 3026 1924 ὁ
3059 1873 3158 1943 μὲν
3200 1873 3452 1945 Σολομὼν
3502 1877 3586 1940 εἱς
3627 1877 3722 1931 τὸν

2121 1964 2470 2036 Πρωτότοκον
2508 1963 2688 2034 πάσης
2720 1964 2950 2027 κτίσεως
2986 1963 3357 2036 λαμϐάνεσθαι
3402 1968 3653 2037 δύναται,
3689 1971 3723 2024 6

2119 2056 2177 2110 δὲ
2209 2057 2448 2128 Χειρὰμ,
2482 2057 2563 2120 εἱς
2607 2055 2666 2108 ὃν
2711 2055 3004 2126 ἀνείληφεν
3048 2050 3224 2123 οὗτος,
3269 2058 3559 2130 ἄνθρωπον
3603 2061 3721 2115 ἀπὸ

2119 2145 2222 2216 τῆς
2252 2146 2362 2201 τῶν
2403 2145 2705 2218 ἀνθρώπων
2745 2145 2976 2216 συνοχῆς
3004 2145 3216 2218 (Τύριοι
3245 2147 3355 2220 γὰρ
3387 2150 3723 2220 ἑρμηνεύον-

2120 2254 2210 2291 ται
2225 2237 2593 2307 συνέχοντες
2615 2235 2777 2309 [55]),
2801 2240 2868 2308 τῇ
2892 2236 3049 2306 φύσει
3076 2239 3139 2290 τὸ
3157 2238 3313 2307 γένος
3327 2238 3540 2309 ἔχοντα,
3565 2241 3724 2306 ὅστις

2122 2329 2550 2400 πεπληρωμένος
2603 2327 2784 2400 πάσης
2833 2328 3050 2399 τέχνης,
3108 2329 3205 2382 καὶ
3258 2330 3564 2396 συνέσεως,
3619 2333 3727 2387 καὶ

2121 2415 2488 2485 ἐπιγνώσεως,
2526 2418 2774 2490 είσήχθη,
2819 2417 3094 2490 συνεργῶν
3124 2418 3204 2490 τῷ
3241 2420 3581 2493 Πρωτοτόκῳ
3611 2422 3726 2479 πά-

2123 2525 2224 2581 σης
2253 2510 2504 2576 κτίσεως,
2532 2511 2620 2564 ἵνα
2647 2511 2975 2584 οἱκοδομήσῃ
3002 2511 3096 2565 τὸν
3124 2511 3271 2580 ναὸν,
3304 2515 3362 2567 ὲν
3403 2507 3449 2582 ᾧ
3473 2517 3576 2568 καὶ
3619 2514 3724 2568 θυι

2127 2601 2268 2674 ρίδες
2322 2601 2811 2672 παρακυπτόμεναι
2874 2604 3114 2674 κρυπταὶ
3171 2605 3717 2671 κατασκευάζονται,

2123 2692 2260 2764 πρὸς
2293 2693 2390 2757 τὰς
2414 2692 2710 2764 ἐλλάμψεις
2753 2693 2848 2748 τοῦ
2895 2694 3072 2764 φωτὸς
3112 2690 3210 2749 τοῦ
3253 2694 3388 2749 Θεοῦ
3426 2697 3726 2768 σωτηρίως

2121 2782 2414 2854 δυνηθῆναι
2439 2784 2832 2856 χωρῆσαι,(καὶ
2851 2785 2903 2838 τί
2930 2803 2998 2857 με
3020 2787 3104 2840 δεῖ
3121 2786 3298 2856 λέγειν
3318 2787 3422 2842 καθ
3431 2786 3664 2844 ἑκαστον
3682 2788 3726 2862 ς)

2124 2875 2211 2930 ῐνα
2239 2875 2434 2947 εὑρεθῇ
2464 2878 2525 2928 τὸ
2561 2875 2721 2947 σῶμα
2765 2877 3004 2948 Χριστοῦ
3032 2879 3066 2949 ἡ
3113 2879 3406 2950 Ἐκκλησία
3437 2878 3529 2934 τὸν
3556 2880 3727 2948 λόγον

2123 2966 2322 3038 ἔχουσα
2351 2967 2446 3020 τοῦ
2476 2967 2845 3038 πνευματικοῦ
2898 2970 3052 3023 οῑκου
3099 2971 3196 3025 καὶ
3233 2970 3364 3025 ναοῦ
3409 2969 3504 3024 τοῦ
3551 2971 3722 3027 Θεοῦ.

2134 3059 2225 3123 Ὠς
2251 3059 2360 3130 γὰρ
2393 3062 2674 3131 προεῖπον,
2706 3060 2806 3131 τῆς
2850 3062 2910 3114 έν
2952 3061 3240 3133 μυστηρίῳ
3283 3063 3730 3134 ἀποκεκρυμμέ-

2125 3169 2223 3224 νης
2253 3151 2486 3223 δεόμεθα
2505 3152 2637 3222 (56),
2658 3153 2851 3221 σοφίας
2881 3154 3137 3225 χωρητῆς
3163 3154 3538 3225 τυγχανούσης
3566 3155 3726 3226 μόνῳ

2125 3243 2204 3314 τῷ
2228 3244 2506 3315 δυναμένῳ
2529 3246 2734 3297 είπεῖν·
2775 3263 2794 3295 ι
2845 3244 3037 3314 Ἡμεῖς
3074 3245 3132 3298 δὲ
3169 3244 3293 3300 νοῦν
3316 3245 3553 3318 Χριστοῦ
3589 3247 3724 3320 έχοο

2130 3353 2250 3408 μεν,
2277 3355 2296 3388 ι
2321 3337 2408 3391 ἵνα
2431 3335 2574 3390 κατὰ
2593 3335 2656 3389 τὸ
2677 3335 2922 3408 βούλημα
2943 3338 3038 3392 τοῦ
3066 3340 3519 3410 οίκονομήσαντος
3539 3340 3725 3396 ταῦτα

2125 3427 2403 3500 γραφῆναι
2430 3429 2814 3500 πνευματικῶς
2835 3429 3153 3501 ὲκλάὸωμεν
3179 3430 3408 3484 ἕκαστον
3435 3431 3545 3484 τῶν
3569 3432 3726 3504 εἱρη-

2128 3518 2326 3590 μένων.
2359 3517 2568 3582 ’Λλλως
2595 3518 2652 3571 δὲ
2685 3518 2780 3572 καὶ
2809 3519 2870 3571 ού
2901 3519 3041 3572 κατά
3087 3520 3148 3573 τὸ
3184 3522 3358 3593 παρόν
3397 3523 3550 3575 ἐστιν
3578 3523 3724 3577 ἀνά-

2125 3619 2356 3674 γνωσμα
2381 3603 2610 3658 ἕκαστον
2645 3605 2848 3658 τούτων
2877 3606 3214 3661 ἀναπλῶσαι.
3263 3610 3372 3664 Καὶ
3410 3610 3587 3664 ταῦτα
3619 3608 3724 3667 οῦν

2124 3693 2374 3765 αὐτάρκη
2423 3695 2562 3765 πρὸς
2612 3696 2672 3749 τὸ
2727 3696 2854 3749 ίδεῖν
2899 3696 3018 3761 πῶς
3076 3717 3097 3750 ι
3147 3700 3354 3764 ἐκεῖνος
3414 3701 3474 3754 δὲ
3526 3701 3727 3772 ἔλεγεν

2125 3786 2255 3858 περὶ
2283 3785 2378 3840 τοῦ
2409 3785 2539 3841 ναοῦ
2569 3786 2665 3840 τοῦ
2698 3786 2951 3858 σώματος
2975 3787 3163 3844 αὐτοῦ.
3205 3809 3226 3842 ι
3273 3839 3282 3844 -

2193 3877 2284 3932 26.
2318 3878 2498 3954 Ἄξιον
2523 3878 2579 3932 δὲ
2610 3878 2748 3950 μετά
2770 3878 2942 3932 ταῦτα
2972 3880 3101 3934 ίδεῖν
3131 3884 3180 3936 εί
3221 3881 3445 3936 δυνατὸν
3473 3883 3539 3936 τὰ
3569 3884 3726 3938 ἱστο-

2126 3967 2364 4040 ρούμενα
2381 3969 2662 4040 γεγονέναι
2687 3971 2827 4024 κατὰ
2854 3971 2946 4024 τὸν
2974 3972 3100 4025 ναὸν
3125 3973 3528 4044 συμϐεϐηκέναι
3557 3975 3717 4041 ποτὲ,

2123 4060 2157 4131 ἢ
2193 4060 2569 4132 συμϐήσεσθαι
2597 4062 2727 4131 περὶ
2757 4061 2848 4115 τὸν
2879 4063 3250 4133 πνευματικὸν
3282 4060 3448 4118 οἷκον.
3479 4064 3632 4132 Δόξει
3656 4067 3721 4121 δὲ

2123 4153 2152 4204 ὁ
2188 4151 2344 4220 λόγος
2372 4151 2575 4205 θλίὸειν
2612 4151 2952 4224 ἑκατέρωθεν
2971 4169 2986 4186 ⁸
3022 4154 3078 4207 εἱ
3104 4171 3164 4208 τε
3201 4154 3310 4226 γὰρ
3338 4155 3572 4226 ἐροῦμεν
3601 4152 3721 4211 οἷόν

2121 4261 2182 4298 τε
2204 4243 2478 4324 γενέσθαι,
2501 4245 2537 4316 ἢ
2562 4244 2843 4314 γεγονέναι
2869 4245 2990 4299 τινὰ
3003 4245 3160 4315 λόγον
3176 4249 3289 4310 τοῖς
3307 4247 3446 4300 κατὰ
3463 4247 3571 4320 ’τὴν
3597 4249 3719 4320 (57)

2125 4335 2365 4407 ἱστορίαν
2393 4335 2524 4407 περὶ
2565 4335 2658 4388 τὸν
2703 4334 2853 4399 ναὸν,
2918 4335 3190 4401 δυσόκνως
3223 4339 3572 4410 μετάπτωσιν
3600 4339 3723 4395 τῶν

2121 4425 2456 4496 τηλικούτων
2524 4425 2747 4493 ἀγαθῶν
2815 4426 3206 4498 παραδέξονται
3263 4431 3312 4482 οί
3380 4429 3715 4496 ἀκούοντεςο

2126 4517 2337 4590 πρῶτον
2373 4518 2472 4588 μὲν
2503 4518 2592 4571 διὰ
2618 4519 2679 4570 τὸ
2709 4517 2784 4588 μὴ
2815 4516 3118 4586 βούλεσθαι,
3146 4519 3396 4591 δεύτερον
3430 4521 3488 4574 δὲ
3523 4521 3615 4576 διὰ
3651 4524 3721 4576 τὸ

441 4607 568 4676 quia
600 4607 708 4662 illis
735 4607 814 4662 sic
841 4622 945 4662 non
975 4605 1190 4671 lubeat,
1217 4605 1412 4662 deinde
1441 4606 1584 4676 quod
1611 4605 2015 4661 dissentaneum

2131 4608 2489 4680 άπεμφαίνειν
2511 4609 2720 4681 τροπὴν
2745 4608 2854 4663 τῶν
2877 4610 3098 4679 ἀγαθῶν
3125 4611 3358 4666 ἔσεσθαι.
3392 4614 3456 4666 Ei
3484 4613 3563 4678 δὲ,
3595 4613 3722 4684 βου-

441 4698 515 4753 sit
540 4699 805 4754 bonorum
831 4703 1338 4756 Iransmutationem
1366 4698 1602 4760 futuram
1627 4712 1768 4754 esse.
1805 4696 1898 4751 Sin
1934 4712 2021 4751 ve-

2131 4702 2334 4772 λόμενοι
2364 4701 2609 4774 ἄτρεπτα
2640 4705 2828 4774 τηρεῖν
2860 4702 2929 4756 τὰ
2962 4702 3110 4768 ἅπαξ
3137 4703 3355 4758 δοθέντα
3389 4708 3501 4768 τοῖς
3532 4706 3722 4774 ἁγίοις

444 4803 508 4844 ro
523 4791 767 4848 volentes
795 4793 1154 4849 immutabilia
1182 4804 1425 4857 servare,
1459 4803 1579 4859 qua:
1615 4787 1782 4844 semel
1817 4787 2021 4843 sanctis

2131 4792 2317 4862 ὶγαθά,
2361 4793 2463 4846 οὐκ
2509 4792 2894 4865 ὲφαρμόσομεν
2939 4794 3010 4848 τὰ
3043 4793 3146 4865 τῆς
3193 4796 3454 4868 ἱστορίας,
3481 4797 3720 4867 δόξομεν

441 4879 571 4936 data
590 4881 808 4939 fuerunt
833 4885 999 4950 bona,
1025 4898 1131 4939 non
1155 4882 1687 4939 accommodabimus
1704 4895 1824 4951 quae
1849 4880 2018 4934 histo-

2131 4884 2294 4956 lp.0t6v
2321 4902 2374 4938 τι
2399 4887 2514 4948 τοῖς
2541 4884 2650 4938 ἀπὸ
2678 4884 2787 4937 τῶν
2806 4883 2919 4956 (58)
2940 4886 3207 4957 αἱρέσεων
3231 4887 3288 4940 ὲν
3311 4887 3485 4958 τούτῳ
3508 4891 3714 4954 ποιεῖν,

445 4975 527 5030 ria
581 4985 804 5042 narrat;
851 4978 1105 5046 quiddam
1157 4975 1428 5030 haereticis
1482 4973 1661 5030 simile
1709 4971 2013 5027 videbimur

2131 4975 2209 5047 τὴν
2260 4977 2580 5048 συμφωνίαν
2613 4976 2714 5048 τῆς
2754 4975 3063 5047 διηγήσεως
3105 4977 3231 5048 τῶν⁸
3255 4978 3488 5050 Γραφῶν
3530 4979 3714 5051 ἀρχῆ-

516 5087 562 5121 ³⁸
580 5087 643 5143 [ll
677 5086 808 5158 Reg.
841 5102 916 5154 νι,
945 5087 1040 5142 32.
1111 5085 1160 5119 “
1189 5085 1255 5142 Ill
1278 5086 1410 5157 Reg.
1435 5101 1533 5152 vn,
1565 5084 1655 5152 15,
1682 5085 1769 5143 14.
1845 5083 2021 5142 “Coit

444 5159 492 5192 ”
523 5157 675 5214 Joan.
722 5174 786 5222 Il,
815 5158 906 5212 2|.

2141 5107 2181 5158 ι,
2210 5091 2296 5148 l5.
2375 5091 2423 5124 ⁸⁸
2441 5091 2508 5148 ΙΙΙ
2525 5093 2662 5165 Reg.
2678 5108 2752 5162 vr,
2775 5095 2830 5150 4.
2904 5097 2950 5130 ⁸⁷
2975 5095 2996 5151 ι
3017 5095 3141 5152 Cor.
3175 5110 3236 5162 ιι,
3259 5096 3313 5152 7.
3385 5095 3432 5126 ⁸⁸
3458 5093 3592 5149 ibid.
3618 5092 3712 5150 l6.

517 5279 631 5350 (55)
673 5279 889 5347 Regius,
915 5277 1199 5350 τυγχάνον.
1220 5275 1425 5331 Ibidem
1457 5273 1799 5339 Bodleianus,
1825 5273 2013 5330 Πάντα

447 5349 696 5421 μέντριγξ
727 5350 916 5421 χρυσᾶ.
941 5349 1030 5413 τάν
1050 5359 1162 5421 ἕω·

541 5418 631 5486 54)
683 5413 1010 5484 Ἆῖὶόταξιν.
1049 5416 1209 5471 Forte
1243 5415 1586 5471 scribendum
1613 5413 1904 5486 διάκρισιν.

498 5485 657 5571 55)
715 5489 928 5571 ΔΤύριοι
1162 5487 1602 5571 ,ξρμηιοεύοχται
1677 5485 2009 5571 συνέχοντες.

446 5555 583 5613 Vide
637 5555 753 5610 not.
811 5555 1106 5627 etipra'ad
1159 5555 1410 5628 Origcnis
1461 5555 1910 5610 Commentariun:
1957 5555 2014 5608 in

450 5627 644 5680 Matth.
671 5642 759 5680 xv.
789 5626 877 5679 2i.

450 5636 644 5685 Malm.
671 5642 759 5686 XV,
789 5636 850 5679 21
863 5663 877 5678 .

518 5696 631 5766 (56)
671 5695 852 5752 Codex
877 5693 1096 5764 Regius,
1117 5695 1622 5768 ἀποκεκρυμμένης
1651 5690 1719 5768 ἧς
1750 5693 2010 5766 δεόμεθα,

2121 5279 2214 5332 sed
2249 5272 2316 5344 ἧς
2347 5290 2451 5330 non
2478 5284 2757 5344 comparet
2783 5275 2838 5330 in
2867 5273 3186 5334 Bodleiano.

2191 5343 2306 5416 (57)
2344 5348 2540 5416 Λόγον
2568 5343 2694 5412 τοῖς
2736 5346 2887 5416 κατὰ
2929 5347 3064 5415 τήν,
3091 5359 3196 5402 etc.
3257 5345 3351 5416 Sic
3383 5345 3551 5400 codex
3601 5343 3714 5416 Bo:

2121 5414 2395 5491 dlleianus;
2419 5414 2620 5491 Regius
2649 5416 2810 5491 habet
2830 5414 3117 5491 λόγονςτοῖς
3138 5415 3292 5491 παρὰ
3312 5417 3433 5487 τήν,
3451 5425 3586 5477 etc.,
3610 5414 3712 5468 sed

2123 5485 2190 5540 in"
2206 5497 2437 5557 utroque
2465 5485 2655 5557 codice
2685 5485 2908 5557 videtur
2931 5488 3133 5557 aliquid
3167 5485 3378 5542 deesse.

2193 5556 2328 5627 (58),
2357 5556 2510 5627 ’4de
2537 5553 2674 5610 τῶν.
2714 5552 2806 5610 Sic
2840 5552 3039 5614 codex'
3061 5556 3423 5621 Bodleianus;
3476 5555 3706 5627 Regius.

2121 5627 2280 5692 male,
2310 5625 2415 5678 ὑπὸ
2445 5625 2574 5683 τῶν.
