3948 6206
168 331 274 386 389
1263 340 1622 401 COMMENT.
1657 345 1725 400 IN
1762 344 1959 405 JOAN.
1997 344 2234 401 TOMUS
2270 344 2333 399 X.
3325 350 3436 411 390

168 449 259 499 θεν
284 448 445 521 μέχρι
466 450 650 515 τέλους
678 452 752 523 μὴ
772 452 1146 522 φυλάττοντες.
1176 456 1238 509 El
1263 458 1511 527 μέντοιγε
1536 458 1611 529 μὴ
1636 458 1714 529 μέ]

1817 458 1960 516 Lhac
2015 457 2065 510 in
2122 473 2179 512 re
2226 456 2425 520 facere,
2453 451 2820 511 enarrationis
2868 455 3275 525 Scripturarum
3300 476 3436 517 con-

165 536 328 607 λομεν
353 542 615 611 γραωδῶς
636 544 727 596 καὶ
760 545 1063 609 Ἰουδαϊκῶς
1090 546 1189 611 τὰς
1220 548 1372 619 παρὰ
1404 552 1518 613 τοῖς
1540 551 1714 620 προφή

1862 548 2166 603 sonantiam
2244 564 2349 602 non
2426 548 2770 603 servantibus
2837 561 2868 602 a
2930 549 3196 619 principio
3267 566 3438 621 usque

162 644 300 691 ταις,
330 631 565 700 μάλιστα
583 634 639 685 δὲ
669 634 746 704 τῷ
773 634 972 707 Ἡσαΐᾳ
998 637 1500 711 ἀναγεγραμμένας
1524 641 1714 709 ὲπαγγε

1861 638 1929 692 ad
1998 638 2182 692 ﬁnem.
2246 636 2360 693 Nisi
2429 637 2648 692 aniliter
2713 646 2935 705 tamen,
2996 649 3157 708 atque
3226 638 3412 695 Judaeo

165 720 288 783 λίας
316 724 482 781 νοεῖν,
512 723 588 786 ώς
608 724 869 796 ἐσομένας
886 728 998 799 (59)
1027 732 1156 800 περ)⁸
1184 730 1282 801 τὴν
1312 731 1405 784 ἐπὶ
1432 731 1538 802 γῆς
1557 732 1714 803 Ἰεροι

1858 743 1979 782 rum
2055 743 2253 795 more,
2313 728 2704 797 promissiones
2768 742 2863 782 eas
2922 744 3042 798 qua:
3104 730 3244 799 apud
3311 746 3410 799 pro

162 811 366 882 σαλὴμ,
398 813 613 886 ἀνάγκη
636 816 737 884 ἔτι,
764 820 812 871 εί
846 819 983 887 μετὰ
1002 820 1102 890 τὴν
1130 822 1506 893 αἰχμαλωσίαν
1530 825 1624 877 καὶ
1653 823 1714 894 τὴ

1856 820 2049 890 pbetas
2100 828 2152 875 et
2214 821 2518 891 praesertim
2590 819 2785 876 Isaiam
2820 820 3039 892 scriptae
3090 832 3238 889 sunt,
3274 822 3429 892 207

160 905 545 987 καταστροφήν
592 903 686 959 τοῦ
714 909 840 963 ναοῦ
874 910 1091 979 λέγεταί
1139 932 1259 967 τινα
1302 914 1487 979 ἔνδοξα
1545 916 1714 987 συμδε

1857 920 2113 980 tanquam
2174 920 2466 966 eventuras
2521 918 2752 966 terrenae
2822 910 3165 978 Jerusalem,
3225 912 3436 967 intelle-

158 992 358 1062 δῆσθαι
391 998 470 1060 είς
495 998 781 1070 οἰκοδομὴν
810 1001 906 1055 τοῦ
932 1004 1083 1067 ναοῦ,
1115 1005 1208 1058 καὶ
1240 1005 1334 1076 τὴν
1363 1007 1714 1062 ἀποκατάστα

1852 1002 1994 1057 cturi
2020 1016 2232 1069 sumus,
2261 1001 2400 1073 [(60)
2435 1002 2481 1057 si
2514 1010 2636 1070 post
2663 1003 3034 1071 captivitatem
3061 1004 3434 1059 eversionem-

160 1101 248 1139 σιν
282 1086 376 1139 τοῦ
410 1086 541 1141 λαοῦ
576 1090 685 1143 ἀπὸ
713 1093 813 1163 τῆς
846 1095 1243 1164 αἰχμαλωσίας,
1276 1096 1453 1165 λέγειν
1477 1098 1625 1168 ἡμᾶς
1654 1116 1714 1166 γε

1851 1106 1957 1161 qne
2010 1093 2198 1163 templi
2249 1093 2508 1148 nonnulla
2558 1093 2815 1163 praeclara
2874 1094 3122 1148 evenisse
3176 1094 3244 1148 ad
3294 1104 3433 1149 tent-

155 1178 374 1245 γονέναι
427 1180 520 1232 τὸν
567 1182 695 1235 ναὸν
724 1223 739 1247 ,
794 1184 888 1237 καὶ
946 1186 1396 1256 ᾐχμαλωτεῦσθαι
1438 1188 1530 1241 τὸν
1569 1189 1695 1242 λαὸν

1848 1181 1923 1250 pli
1975 1182 2396 1238 aediﬁcationem
2449 1183 2742 1253 populique
2769 1192 2969 1239 statum
2999 1193 3053 1255 et
3087 1184 3433 1239 constitutio-

155 1269 616 1326 ἐπανελεύσεσθαι
648 1274 705 1326 δὲ
739 1274 831 1327 ἐπὶ
855 1274 954 1346 τήν
977 1278 1261 1344 Ἰουδαίαν,
1286 1282 1383 1332 καὶ
1410 1278 1510 1351 τὴν
1537 1280 1714 1351 Ἰερουη

1850 1288 1972 1327 nem
2031 1288 2061 1326 a
2112 1274 2434 1342 captivitate
2482 1274 2785 1338 dicantur,
2841 1273 3046 1345 dicere]
3101 1290 3199 1330 nos
3261 1274 3429 1331 fuisse

157 1362 340 1434 σαλὴμ
371 1403 386 1427 ,
444 1366 541 1418 xal.
589 1368 1105 1441 οίκοδομηθήσεσθαι
1157 1374 1269 1435 τοῖς
1302 1372 1542 1443 ὲντίμοις
1573 1372 1710 1425 λίθοι

1847 1362 2105 1432 templum
2161 1379 2388 1420 necesse
2438 1374 2545 1427 est,
2597 1373 2652 1417 et
2685 1365 3016 1433 captivatum
3067 1364 3235 1421 fuisse
3257 1381 3426 1435 popu-

153 1450 255 1522 τήν
297 1453 668 1528 Ἰερουσαλήμ.
728 1459 840 1513 Οὐκ
898 1458 1015 1514 οῖδα
1068 1462 1124 1515 δὲ
1174 1464 1223 1515 εί
1261 1467 1500 1535 μακραῖς
1532 1466 1714 1537 χρόνωι

1847 1452 1978 1517 lum,
2007 1454 2100 1509 sed
2134 1456 2437 1509 rediturum
2466 1456 2535 1509 ad
2555 1454 2794 1510 Judzeam
2826 1464 2882 1510 et
2907 1453 3232 1521 Jerusalem,
3262 1467 3426 1527 atque

153 1543 427 1613 περιόδοις
470 1547 965 1621 ἀνακυκλουμέναις
1034 1553 1104 1607 τὰ
1162 1556 1521 1627 παραπλήσια
1577 1557 1714 1611 πάλιε

1844 1543 2112 1612 lapidibus
2140 1547 2392 1615 pretiosis
2442 1546 2748 1601 Jerusalem
2799 1548 2970 1618 ipsam
3025 1549 3423 1605 aediﬁcandam.

150 1632 378 1688 δυνατὸν
421 1638 693 1705 γενέσθαι,
738 1640 813 1705 ὼς
852 1643 945 1696 ἐπὶ
991 1643 1053 1696 τδ
1111 1647 1313 1715 χεῖρον.
1352 1647 1502 1717 Ἔχει
1552 1648 1609 1701 δὲ
1666 1649 1714 1702 τέ

1842 1634 1994 1691 llaud
2027 1638 2139 1691 scio
2171 1646 2353 1692 autem
2386 1655 2455 1692 an
2495 1648 2801 1708 temporum
2828 1640 3069 1708 periodis
3097 1641 3273 1709 longis
3331 1657 3418 1697 re—

149 1721 260 1774 τῶν
295 1726 636 1793 ἐπαγγελιῶν
694 1729 752 1781 ὲν
802 1728 883 1799 τῷ
936 1730 1137 1803 Ἡσαΐᾳ
1176 1732 1378 1796 οὕτως·
1422 1753 1441 1785 ι
1465 1734 1592 1788 Ἰδοὺ
1622 1735 1714 1804 ἐγιὶ

1838 1728 2034 1783 volutis
2080 1728 2286 1783 similia
2318 1729 2435 1785 ﬁeri
2464 1730 2699 1799 possint,
2732 1730 2904 1786 veluti
2954 1733 3007 1787 in
3062 1734 3243 1804 pejus.
3306 1734 3416 1789 Ha-

147 1816 424 1887 ἑτοιμάζω
454 1836 535 1871 σοι
562 1818 811 1891 ἄνθρακα
843 1820 936 1874 τὸν
963 1821 1107 1875 λίθον
1140 1840 1255 1886 σου,
1305 1825 1397 1878 καὶ
1445 1824 1514 1877 τὰ
1570 1824 1714 1897 θεμέ-

1837 1816 1963 1872 bent
2000 1825 2179 1873 autem
2213 1820 2609 1887 promissiones
2639 1821 2781 1890 apud
2806 1819 3002 1877 Isaiam
3034 1824 3179 1880 hunc
3208 1826 3261 1879 in
3295 1841 3416 1881 mo-

145 1906 239 1959 λιά
284 1924 381 1961 σου
446 1910 782 1981 σάπφειρονο
823 1911 916 1965 καὶ
972 1912 1119 1982 θήσω
1175 1912 1275 1976 τὰς
1328 1913 1581 1979 ἐπάλξεις
1638 1932 1714 1969 σοι

1833 1907 1960 1961 dum
1996 1907 2082 1961 ὀι
2120 1926 2140 1961 ι
2178 1907 2256 1963 En
2290 1924 2393 1980 ego
2440 1926 2686 1981 praepara
2714 1911 2812 1967 tibi
2843 1914 3230 1971 carbunculum
3279 1917 3415 1986 lapi-

146 1999 369 2063 ίασπιν,
414 2000 639 2064 καὶτὰς
675 2001 847 2065 πύλας
880 2018 976 2055 σου
1016 2001 1196 2066 λίθους
1237 2005 1592 2074 κρυστάλλου,
1638 2007 1734 2060 καὶ

141 2088 236 2143 τὸν
270 2091 559 2162 περίϐολόν
594 2110 687 2147 σου
714 2093 888 2157 λίθους
916 2094 1225 2160 ἐκλεκτοὺς,
1254 2099 1348 2150 καὶ
1374 2098 1581 2162 πάντας
1606 2100 1734 2162 τοὺς

139 2179 295 2241 υἱούς
324 2197 418 2233 σου
450 2181 729 2245 διδακτοὺς
763 2182 896 2235 Θεοῦ
917 2199 932 2214 ⁸
966 2184 1061 2237 καὶ
1109 2184 1168 2237 ὲν
1226 2184 1392 2255 πολλῇ
1443 2187 1634 2257 είρήνῃ
1664 2185 1733 2239 τὰ

138 2271 319 2325 τέκνα
359 2288 488 2335 σου,
529 2273 622 2325 καὶ
654 2273 713 2325 ὲν
752 2273 1067 2347 δικαιοσύνῃ
1100 2275 1521 2348 οἰκοδομηθήσῃ.
1563 2296 1581 2327 ι
1621 2276 1731 2330 Καὶ

140 2362 266 2433 μετ’
296 2363 452 2430 ὀλίγα
497 2364 634 2434 πρὸς
679 2364 776 2435 τὴν
821 2365 991 2435 αὐτὴν
1038 2365 1415 2437 Ἰερουσαλήμ·
1483 2384 1502 2418 ι
1536 2368 1644 2420 Καὶ
1696 2368 1729 2438 ή

133 2452 272 2517 δόξα
298 2452 389 2505 τοῦ
420 2453 651 2507 Λιϐάνου
703 2455 838 2524 πρὸς
874 2455 933 2508 σὲ
974 2455 1094 2526 ἥξει
1146 2456 1204 2509 ὲν
1251 2456 1597 2529 κυπαρίσσῳ,
1629 2460 1725 2513 καὶ

136 2543 346 2613 πεύκη,
385 2543 479 2596 καὶ
539 2544 720 2615 κέδρῳ
769 2545 883 2616 ἃμα
931 2545 1216 2610 δοξάσουσι
1252 2548 1345 2601 τὸν
1378 2548 1541 2602 τόπον
1572 2549 1728 2619 ἅγιόν

137 2650 275 2704 μου.
307 2635 416 2688 Καὶ
447 2635 804 2705 πορεύσονται
832 2636 970 2706 πρὸς
995 2637 1057 2688 σὲ
1082 2636 1376 2701 δεδοικότες
1405 2639 1510 2691 υἱοὶ
1536 2655 1729 2692 ταπει-

132 2725 430 2779 νωσάντων
458 2727 552 2779 καὶ
595 2726 1014 2797 παροξυνάντων
1040 2744 1097 2779 σε
1123 2744 1137 2759 ο
1169 2728 1261 2781 καὶ
1299 2728 1544 2801 κληθήσῃ
1575 2728 1728 2793 πόλις

134 2815 348 2885 Κυρίου
404 2815 544 2870 Σιὼν
582 2817 736 2885 ἁγίου
784 2816 1002 2889 Ἰσραὴλ
1025 2858 1040 2882 ,
1072 2816 1160 2870 διὰ
1194 2817 1255 2870 τὸ
1288 2818 1612 2890 γεγενῆσθαί
1658 2836 1719 2871 σε

133 2904 733 2975 ὲγκαταλελειμμένην,
770 2906 864 2958 κα)⁸
897 2906 1299 2977 μεμισημένην,
1335 2908 1427 2960 καὶ¹
1455 2909 1554 2960 ούκ
1584 2902 1652 2979 ἦν
1695 2908 1725 2962 6

137 2994 372 3066 βοηθῶν.
422 2996 533 3049 Καὶ
570 2995 718 3066 θήσω
761 3014 820 3049 σε
879 2997 1191 3067 ἀγαλλίαμα
1239 2997 1486 3064 αἰώνιον,
1524 2999 1723 3072 εὐφρο-

135 3086 306 3156 σύνην
357 3086 561 3156 γενεῶν
610 3089 856 3155 γενεαῖς·
890 3088 984 3140 καὶ
1018 3088 1273 3159 θηλάσεις
1318 3089 1460 3157 γάλα
1504 3089 1675 3145 ὲθνῶν
1705 3130 1720 3155 ,
1747 3126 1795 3189 c

136 3177 234 3231 καὶ
262 3176 493 3230 πλοῦτον
522 3178 785 3247 βασιλέων
814 3178 1071 3248 φάγεσαι,
1108 3181 1200 3233 καὶ
1243 3181 1425 3253 γνώσῃ
1447 3221 1462 3247 ,
1495 3181 1578 3235 ὅτι
1609 3181 1721 3251 ἐγὼ

133 3267 343 3339 Κύριος
388 3270 418 3321 6
473 3268 662 3333 σώζων
716 3286 775 3321 σε
801 3308 818 3334 ,
888 3270 981 3322 καὶ
1043 3268 1426 3342 ἐξαιρούμενός
1479 3287 1538 3323 σε
1588 3271 1720 3337 Θεὸς

145 3359 384 3431 Ἰσραήλ.
421 3361 533 3414 Καὶ
562 3361 683 3413 ἀντὶ⁸
728 3359 930 3429 χαλκοῦ
957 3359 1089 3413 οἴσω
1118 3377 1200 3413 σοι
1232 3362 1476 3431 χρυσίον,
1507 3362 1630 3416 ἀντὶ
1662 3362 1719 3415 δὲ

136 3450 357 3522 σιδήρου
406 3450 538 3503 οἴσω
564 3467 645 3502 σοι
674 3450 965 3521 ἀργύριον·
1008 3451 1132 3504 ἀντὶ
1174 3451 1231 3503 δὲ
1275 3450 1446 3515 ξύλων
1473 3453 1604 3505 οῐσω
1634 3470 1717 3506 σοι

135 3541 360 3612 χαλκὸν,
395 3543 513 3595 ἀντὶ
558 3542 615 3594 δὲ
654 3542 816 3595 λίθων
857 3541 1106 3613 σίδηρονδ
1142 3542 1237 3595 καὶ
1268 3541 1425 3595 δώσω
1462 3543 1589 3606 τοὺς
1620 3544 1719 3614 ἄρ-

132 3632 327 3701 χοντάς
356 3649 447 3685 σου
469 3634 524 3685 ὲν
558 3632 770 3703 είρήνῃ,
825 3632 918 3686 καὶ
975 3632 1101 3695 τοὺς
1150 3633 1480 3697 ἐπισκόπους
1531 3650 1623 3685 σου
1656 3634 1715 3687 ἐν

130 3722 449 3793 δικαιοσύνῃ
470 3738 485 3753 ’
518 3724 613 3775 καὶ
650 3723 752 3775 οὐκ
782 3722 1181 3792 ἀκουσθήσεται
1218 3722 1295 3776 ἔτι
1334 3723 1516 3777 ἀδικία
1549 3725 1607 3777 ἐν
1643 3726 1711 3794 τῇ

133 3813 203 3882 γῇ
228 3828 349 3875 σου,
365 3811 482 3864 οὐδὲ
512 3810 826 3881 σύντριμμα
846 3812 942 3864 καὶ
966 3810 1308 3882 ταλαιπωρία
1337 3813 1519 3874 ἐντοῖς
1543 3812 1712 3881 ὁρίοις

135 3918 279 3956 σου·
333 3901 467 3955 ἀλλὰ
514 3902 843 3973 κληθήσεται
898 3902 1160 3972 σωτήριον
1226 3901 1295 3955 τὰ
1355 3901 1506 3971 τείχη
1581 3918 1709 3965 σου,

129 3995 230 4047 καὶ
269 3996 327 4047 αί
362 3994 527 4047 πύλαι
574 4012 665 4047 σου
699 3994 950 4064 γλύμμα.
991 3992 1098 4046 Καὶ
1142 3991 1242 4045 οὐκ
1273 3991 1423 4044 ἔσται
1456 4008 1537 4044 σοι
1570 3991 1650 4044 ἔτι
1683 3994 1712 4045 6

127 4085 284 4155 ἥλιος
317 4086 396 4148 είς
425 4084 539 4154 φῶς
566 4085 800 4157 ἡμέρας,
831 4083 951 4137 οὐδὲ
983 4082 1215 4154 ἀνατολὴ
1248 4082 1474 4153 σελήνης
1522 4084 1713 4151 φωτιεῖ

128 4192 212 4227 σοι
248 4175 345 4245 τὴν
387 4175 587 4228 νύκταο
619 4175 733 4228 ἀλλ’
774 4174 925 4227 ἔσται
957 4190 1039 4226 σοι
1064 4172 1298 4244 Χριστὸς
1324 4172 1438 4241 φῶς
1469 4170 1705 4235 αἰώνιον,

128 4266 227 4318 καὶ
258 4268 289 4319 6
322 4266 459 4329 Θεὸς
482 4266 609 4332 δόξα
644 4282 724 4318 σοι
743 4282 758 4295 ·
784 4266 845 4319 οὐ
870 4265 977 4335 γὰρ
1001 4264 1217 4317 δύσεταί
1248 4281 1330 4317 σοι
1356 4265 1384 4315 6
1411 4263 1582 4333 ἥλιος,
1612 4264 1707 4317 καὶ

122 4361 160 4428 ἡ
199 4359 397 4429 σελήνη
434 4375 517 4412 σοι
558 4359 660 4412 οὐκ
691 4357 959 4426 ἐκλείψει·
1012 4356 1162 4409 ἔσται
1219 4356 1326 4427 γὰρ
1366 4354 1570 4427 Κύριός
1622 4372 1703 4408 σοι

1834 1998 1953 2053 dem
1985 2009 2158 2065 tuum,
2181 2009 2235 2055 et
2257 2000 2608 2057 fundamenta
2641 2014 2731 2058 tua
2762 2005 3079 2075 sapphirum
3100 2025 3115 2061 :
3137 2019 3193 2061 et
3218 2022 3412 2075 ponam

1832 2091 2238 2160 propugnacula
2287 2102 2376 2147 tua
2421 2093 2648 2162 jaspin,
2698 2102 2753 2149 et
2794 2106 2985 2164 portas
3041 2106 3162 2152 tuas
3207 2097 3414 2165 lapides

1833 2176 2103 2246 crystalli,
2136 2186 2191 2233 et
2220 2177 2446 2235 loricam
2481 2194 2763 2235 murorum
2811 2176 3028 2237 tuorum
3070 2183 3278 2251 lapides
3302 2185 3414 2239 cle-

1833 2278 1969 2335 ctos,
2002 2278 2056 2324 et
2081 2285 2275 2327 omnes
2322 2272 2461 2327 filios
2489 2281 2610 2327 tuos
2638 2288 2667 2327 a
2712 2272 2818 2327 Deo
2851 2273 3042 2329 doctos
3072 2293 3085 2329 :
3114 2284 3169 2329 et
3195 2275 3249 2330 in
3273 2290 3413 2342 pace

1832 2359 2002 2414 multa
2033 2360 2127 2416 lilii
2158 2361 2255 2428 tui,
2286 2371 2341 2416 et
2372 2363 2427 2415 in
2454 2361 2663 2429 iustitia
2696 2363 3076 2419 aediﬁcaberis.
3109 2383 3128 2417 ι
3158 2364 3225 2419 Et
3248 2366 3413 2435 paulo

1829 2458 1953 2519 post
1984 2450 2050 2503 ad
2104 2451 2273 2520 ipsam
2296 2450 2595 2506 Jerusalem
2624 2453 2668 2484 ⁸³
2708 2469 2725 2508 :
2762 2470 2781 2503 ι
2815 2454 2883 2507 Ει
2910 2454 3084 2525 gloria
3114 2454 3306 2511 Libani
3342 2458 3409 2511 ad

1829 2549 1884 2597 te
1927 2542 2108 2597 veniet
2142 2543 2205 2598 in
2256 2545 2559 2615 cyparisso,
2592 2554 2647 2600 et
2679 2546 2826 2614 pino,
2862 2556 2917 2602 et
2950 2548 3116 2603 cedro
3143 2564 3247 2604 una
3279 2566 3405 2606 cum

1828 2633 2263 2703 gloriﬁcantibus
2290 2633 2468 2689 locum
2514 2645 2767 2691 sanctum
2819 2652 3021 2693 meum.
3059 2639 3125 2694 Et
3149 2640 3309 2696 ibunt
3336 2642 3406 2697 ad

1829 2734 1885 2780 te
1932 2723 2298 2782 timenteslilii
2320 2741 2535 2792 eorum,
2567 2727 2657 2796 qui
2693 2737 2744 2783 te
2778 2727 3223 2795 humiliaverunt,
3251 2741 3307 2787 et
3328 2734 3406 2788 ir--

1828 2815 2131 2870 ritaverunt
2182 2826 2362 2873 te:et
2415 2819 2705 2873 vocaberis
2756 2819 2952 2875 civitas
2997 2820 3213 2876 Domini
3267 2821 3400 2879 Sion

1828 2908 2003 2961 sancti
2040 2907 2297 2975 lsraelis,
2344 2922 2443 2977 pro
2494 2922 2561 2964 eo
2594 2909 2741 2978 quod
2789 2908 2963 2965 fueris
3011 2910 3295 2977 derelicta,
3347 2922 3404 2969 et

1828 2998 1952 3052 odio
2007 2998 2215 3064 habita,
2267 3013 2367 3052 nec
2402 3006 2588 3064 esset,
2642 2998 2733 3068 qui
2790 3001 2883 3055 tibi
2922 3016 3078 3071 opem
3112 3000 3302 3058 ferret.
3333 3004 3401 3059 Et

1827 3102 2021 3156 ponam
2052 3096 2104 3142 te
2130 3089 2546 3144 exsultationem
2566 3091 2983 3160 sempiternam,
2998 3092 3395 3160 jucunditatem

1825 3180 2231 3248 generationunt
2280 3179 2863 3250 generationibuszet
2914 3197 3075 3251 suges
3125 3182 3208 3239 lac
3260 3199 3396 3255 gen-

1822 3266 1978 3330 tium,
2008 3275 2064 3321 et
2095 3282 2281 3338 regum
2306 3268 2524 3323 divitias
2550 3269 2824 3333 comedes,
2849 3279 2904 3325 et
2933 3285 3231 3342 cognosces
3252 3273 3398 3343 quod

1819 3369 1922 3425 ego
1952 3354 2215 3412 Dominus
2257 3372 2487 3413 servans
2518 3366 2597 3424 te,
2629 3367 2685 3413 et
2712 3374 2913 3433 eruens
2956 3371 3008 3416 te
3033 3363 3174 3417 Deus
3204 3361 3391 3422 Israel.

1822 3446 1889 3500 Et
1916 3462 2017 3516 pro
2045 3462 2153 3503 aere
2178 3447 2403 3503 ali‘eram
2434 3450 2531 3504 tibi
2570 3463 2783 3518 aurum,
2825 3461 2879 3506 et
2911 3468 3010 3522 pro
3045 3453 3193 3508 ferro
3224 3455 3396 3531 addu-

1817 3551 1936 3591 cam
1969 3538 2062 3593 tibi
2094 3549 2380 3609 argentum
2414 3558 2429 3598 :
2460 3557 2559 3611 pro
2599 3542 2760 3612 lignis
2805 3554 2987 3599 autem
3035 3542 3261 3598 aﬂ'eram
3293 3546 3391 3600 tibi

1816 3643 1909 3692 aes,
1943 3632 2146 3697 et‘pro
2198 3629 2469 3700 lapidibus
2519 3632 2771 3688 ferrum:
2806 3643 2864 3688 et
2917 3632 3059 3688 dabo
3114 3634 3389 3703 principes

1816 3726 1936 3772 tuos
1962 3717 2017 3771 in
2048 3732 2205 3787 pace,
2252 3729 2307 3774 et
2335 3720 2622 3790 episcopos
2652 3730 2777 3777 tuos
2822 3722 2876 3776 in
2908 3722 3161 3792 iustitia:
3194 3731 3251 3777 et
3277 3724 3385 3778 ini—

1812 3809 1992 3877 quitas
2022 3822 2127 3862 non
2158 3809 2409 3863 audietur
2438 3809 2580 3864 ultra
2613 3811 2665 3865 itt
2696 3821 2842 3867 terra
2877 3821 2964 3867 tua
2986 3851 3003 3879 ,
3036 3826 3212 3882 neque
3250 3827 3389 3870 con-

1815 3898 1983 3962 tritio,
2013 3908 2068 3953 et
2103 3898 2324 3953 miseria
2361 3898 2413 3953 in
2447 3901 2698 3957 terminis
2727 3901 2832 3958 tuis
2861 3919 2876 3959 :
2911 3903 3008 3958 sed
3044 3904 3388 3959 vocabuntur

1810 3989 2050 4045 salutare
2100 3989 2244 4044 muri
2284 3990 2357 4044 tui
2384 4029 2399 4056 ,
2436 4000 2489 4047 et
2520 4001 2694 4062 portae
2745 4005 2851 4050 tuae
2881 3993 3179 4064 sculptura.
3208 3995 3274 4051 Et
3304 3994 3388 4053 sol

1810 4094 1916 4134 non
1945 4080 2052 4135 erit
2087 4080 2179 4135 tibi
2225 4080 2364 4135 ultra
2394 4082 2446 4136 in
2476 4081 2648 4137 lucem
2679 4084 2810 4149 diei,
2856 4100 3034 4156 neque
3061 4094 3211 4142 ortus
3244 4086 3384 4141 lunas

1808 4170 1991 4227 lumen
2039 4172 2300 4242 praebebit
2345 4173 2442 4229 tibi
2478 4184 2641 4231 noctu
2674 4178 2809 4233 :sed
2840 4179 2947 4233 erit
2982 4178 3078 4233 tibi
3128 4177 3381 4233 Christus

1807 4263 1898 4317 lux
1932 4264 2285 4333 sempiterna,
2322 4272 2377 4319 et
2421 4264 2562 4320 Deus
2588 4264 2762 4337 gloria
2800 4274 2891 4322 tua
2927 4282 3079 4323 :non
3104 4267 3249 4320 enim
3282 4280 3375 4319 oc-t

1805 4352 1951 4407 cidet
1980 4352 2078 4407 tibi
2129 4350 2250 4418 sol,
2280 4361 2335 4407 et
2382 4353 2508 4408 luna
2547 4364 2638 4409 tua
2670 4370 2777 4411 non
2813 4356 3035 4411 deﬁciet
3063 4372 3077 4408 :
3104 4354 3210 4409 erit
3234 4354 3378 4408 enim

127 4448 248 4517 φῶς
300 4448 514 4501 αἰώνιον
547 4487 563 4512 ,
612 4449 706 4502 κα)⁸
766 4447 1214 4518 πληρωθήσονται
1256 4447 1313 4500 αἱ
1362 4446 1570 4517 ἡμέραι
1608 4445 1703 4500 τοῦ

1817 4441 2070 4496 Dominus
2101 4441 2197 4497 tibi
2232 4442 2322 4496 lux
2348 4445 2701 4511 sempiterna,
2742 4451 2797 4499 et
2821 4443 3240 4512 complebantur
3263 4441 3380 4495 dies

126 4539 361 4602 πένθους
389 4556 537 4592 σου.»
567 4539 750 4593 Ταῦτα
777 4539 886 4609 γὰρ
920 4537 1101 4606 σαφῶς
1136 4537 1265 4608 περὶ
1295 4536 1389 4589 τοῦ
1426 4536 1707 4607 μέλλοντος

123 4628 327 4692 αἰῶνος
356 4630 756 4701 προφητεύεται
787 4631 900 4692 τοῖς
926 4631 984 4681 ὲν
1025 4626 1366 4698 αἰχμαλωσίᾳ
1395 4623 1544 4680 οὖσιν
1573 4628 1707 4690 υἱοῖς

136 4718 384 4789 Ἰσραὴλ,
423 4720 506 4787 ἐφ’
537 4718 632 4782 οὓς
675 4714 837 4790 ἦλθεν
880 4716 991 4789 (61)
1040 4716 1365 4779 ἀποσταλεὶς
1407 4717 1436 4768 6
1490 4715 1662 4785 λέγων
1686 4732 1700 4747 ·

129 4826 152 4861 ι
191 4809 308 4863 Οὐκ
334 4809 646 4881 ἀπεστάλην
678 4810 727 4862 εἰ
763 4807 839 4880 μή
890 4809 969 4870 εἰς
1010 4805 1081 4860 τὰ
1130 4805 1378 4877 πρόϐατα
1403 4805 1470 4858 τὰ
1495 4805 1704 4859 ἀπολω-

121 4900 258 4953 λότα
281 4899 434 4953 οἴκου
475 4896 712 4969 Ἰσραήλ.
748 4915 767 4948 ι
798 4898 861 4950 El
884 4895 943 4949 δὲ
980 4894 1315 4964 αἰχμάλωτοι
1346 4893 1498 4956 ὄντες
1531 4893 1705 4946 ταῦτα

122 4990 183 5042 ὲν
238 4990 302 5058 τῇ
349 4986 562 5057 πατρίδι
608 4984 787 5039 αὐτῶν
817 4983 1210 5060 ἀπολήψονται,
1259 4981 1347 5033 ὅτε
1376 4980 1472 5033 καὶ
1503 4980 1708 5051 προσή-

122 5080 272 5132 λυτοι
314 5077 766 5149 προσελεύσονται
812 5075 999 5136 αὐτοῖς
1052 5072 1141 5126 διὰ
1186 5071 1280 5124 τοῦ
1312 5069 1579 5141 Χριστοῦ,
1611 5071 1706 5124 καὶ

125 5170 211 5220 ἐπ’
256 5169 453 5231 αὐτοὺς
476 5166 901 5237 καταφεύξονται
932 5162 1076 5218 κατὰ
1105 5163 1166 5216 τὸ
1196 5162 1503 5233 λεγόμενον
1534 5180 1551 5212 ι
1576 5160 1702 5213 Ἰδοὺ

127 5258 455 5330 προσήλυτοι
483 5255 934 5330 προσελεύσονταί
964 5270 1048 5307 σοι
1072 5253 1139 5306 δι’
1178 5250 1340 5323 ἐμοῦ,
1388 5250 1481 5304 καὶ
1518 5251 1613 5303 ἐπὶ
1640 5249 1700 5303 σὲ

131 5348 576 5417 ωταφεύξονται,
596 5366 614 5400 ›
641 5347 797 5417 δῆλον
814 5384 829 5409 ,
865 5345 948 5398 ὅτι
983 5345 1111 5415 περὶ
1137 5344 1229 5397 τὸν
1255 5342 1381 5397 ναὸν
1402 5342 1698 5412 τυγχάνον-

129 5437 218 5501 τές
274 5455 405 5492 ποτε
459 5440 507 5492 oi
563 5435 1130 5509 αἰχμαλωτευθέντες,
1178 5435 1273 5487 καὶ
1308 5432 1471 5488 πάλιν
1518 5434 1696 5485 ἐκεῖσε

201 5531 246 5561 ’⁸
269 5532 372 5585 Isa.
404 5545 514 5592 Ltv,
547 5532 607 5585 ll
640 5544 757 5600 seq.
850 5530 894 5564 ⁹¹
920 5529 1019 5584 Isa.
1054 5543 1147 5594 ιιι,
1181 5528 1248 5582 l3
1282 5540 1399 5595 seq.

192 5622 307 5691 (59)
358 5621 696 5691 Ἐσομένας.
735 5620 826 5676 Sic
854 5603 1420 5683 codexliodleianus;
1460 5615 1684 5687 Regius,

119 5707 409 5761 perperam
422 5732 436 5757 ,
470 5691 801 5763 σεσωμένας.

1806 4531 1983 4587 luctus
2013 4534 2110 4587 tui.
2168 4550 2189 4587 ι
2225 4532 2351 4588 Haec
2397 4534 2541 4589 enim
2593 4542 2782 4606 aperte
2825 4534 2892 4589 de
2936 4533 3118 4588 futuro
3178 4530 3377 4586 saeculo

1807 4623 2097 4690 prophetat
2124 4620 2251 4676 ﬁliis
2290 4622 2457 4676 Israel
2493 4622 2545 4676 in
2582 4622 2901 4691 captivitate
2929 4620 3281 4690 degentibus,
3306 4621 3377 4674 ad

1804 4724 1940 4778 quos
1969 4710 2170 4763 missus
2199 4710 2355 4764 venit
2398 4709 2490 4763 ille
2544 4711 2635 4778 qui
2689 4710 2902 4765 dicebat
2930 4711 3022 4763 ἐς
3066 4726 3086 4760 ι
3125 4709 3237 4778 Ego
3269 4722 3377 4763 non

1804 4815 1924 4856 sum
1958 4800 2180 4864 missus,
2226 4800 2333 4854 nisi
2364 4799 2429 4853 ad
2466 4812 2597 4855 oves
2628 4800 2874 4869 perditas
2904 4800 3097 4854 domus
3128 4799 3313 4855 Israel.
3347 4817 3370 4854 ι

1806 4890 1961 4957 Quod
1991 4890 2035 4945 si
2070 4889 2270 4959 captivi
2302 4890 2630 4945 exsisteutes
2673 4890 2789 4947 haec
2821 4890 2874 4945 in
2899 4890 3077 4961 patria
3103 4905 3198 4946 sua
3236 4891 3376 4945 reci-

1807 4982 1977 5051 pient,
2006 4978 2225 5049 quando
2259 4980 2422 5034 etiam
2450 4978 2710 5051 proselyti
2739 4979 2806 5034 ad
2842 4979 2988 5050 ipsos
3014 4979 3237 5034 venient
3273 4992 3375 5046 per

1805 5070 2107 5135 Christum,
2159 5077 2215 5124 et
2242 5067 2309 5123 ad
2342 5067 2490 5139 ipsos
2521 5069 2687 5139 208
2730 5067 3030 5139 diffugient,
3076 5067 3373 5122 secundum

1804 5160 1949 5232 quod
1981 5160 2179 5215 dicitur
2207 5159 2253 5192 ’³
2282 5177 2297 5214 :
2331 5177 2350 5211 ι
2387 5159 2527 5215 Ecce
2554 5159 2812 5231 proselyti
2841 5160 2909 5214 ad
2945 5169 2997 5213 te
3024 5156 3245 5212 venient
3275 5170 3374 5225 per

1805 5261 1892 5303 me
1917 5286 1933 5313 ,
1967 5257 2022 5302 et
2068 5248 2136 5303 ad
2188 5256 2240 5303 te
2289 5246 2570 5320 dill‘ngient
2596 5288 2611 5312 ,
2652 5267 2672 5301 ι
2724 5248 3071 5318 perspicuum
3106 5253 3192 5299 est
3224 5245 3368 5314 quod

1800 5340 1999 5410 captivi
2035 5340 2128 5409 qui
2179 5339 2235 5395 in
2290 5340 2491 5409 templo
2529 5340 2681 5395 fuere
2728 5339 3041 5408 aliquando,
3085 5336 3251 5391 etiam
3298 5335 3368 5389 ad

1806 5431 1937 5488 illud
1973 5447 2164 5487 rursus
2216 5431 2467 5486 redibunt
2524 5430 2923 5495 remdillcandi,
2978 5426 3364 5499 pretiosissimi

1492 5525 1540 5556 “
1570 5524 1765 5581 Matth.
1795 5539 1889 5589 xv,
1912 5522 2016 5578 24.‘
2080 5523 2127 5555 ⁹⁸
2152 5520 2256 5579 Isa.
2291 5536 2398 5584 t.tv,
2437 5522 2524 5576 15.

1868 5612 1983 5681 (60)
2021 5612 2148 5681 Haec
2178 5611 2542 5681 sttpplcvimns
2566 5626 2630 5666 ex
2667 5610 2938 5666 Perionio.

1865 5678 1980 5757 (61)
2019 5678 2650 5748 Ἶμθενζύεεὶιιοηιιιι·
2689 5682 2740 5738 in
2775 5683 2962 5737 codice
2993 5680 3309 5739 Bodleiano.
