3878 6210
389 269 624 376 ’.591

1897 339 1899 341 ι
1999 301 2086 354 OF

2196 301 2286 357 ΞΝΙ
2296 303 2335 357 S
2683 336 2700 350 .
3661 275 3743 330 392

528 432 737 502 lapides
765 429 923 496 lacti.
949 427 1087 482 Nam
1121 425 1343 482 vincens
1385 423 1654 493 quispiam
1699 421 1750 476 in
1773 420 2086 490 Apocalypsi

2199 417 2652 472 ὲπανελεύσονται
2677 417 3318 496 ἀνοικοδομηθήσόμενοι,
3349 420 3649 489 τιμιώτατοι
3663 433 3712 492 γε

526 524 668 595 apud
692 521 958 579 Joannem
981 521 1061 584 νδ..
1086 516 1500 586 promissionem
1552 516 1718 570 habet
1760 524 1818 568 ut
1860 512 1930 567 sit
1959 512 2099 566 colu-

525 627 660 670 mna
697 613 750 666 in
785 611 881 666 Dei
932 609 1153 679 templo,
1180 617 1344 663 extra
1376 622 1482 661 non
1536 607 1798 659 exiturus.
1831 603 2097 658 Cazterum

523 705 644 759 lucc
669 702 901 756 omniaa
933 715 1021 754 me
1049 700 1190 754 dicta
1229 704 1377 762 sunt,
1408 708 1467 752 ut
1520 698 1741 752 brevem
1792 695 1980 751 saltem
2010 695 2097 748 in-

527 793 886 863 telligentiam
939 793 1234 846 habeamus
1286 805 1468 845 rerum
1521 789 1745 858 templi,
1801 798 1860 843 et
1904 789 2100 842 domus

525 887 643 949 Dei,
679 894 734 939 et
770 882 1062 944 Ecclesiae,
1093 890 1150 936 et
1175 879 1507 944 Jerusalem,
1532 880 1598 934 de
1627 879 1825 948 quibus
1853 878 2099 948 singula-
2151 929 2170 934 ..

526 977 620 1031 tim
659 975 840 1030 dicere
871 987 976 1027 non
1015 981 1099 1026 est
1138 971 1422 1042 prasentis
1454 969 1730 1038 temporis.
1761 966 1832 1023 At
1866 983 2094 1026 accura-

526 1069 791 1122 tissimam
827 1064 1251 1133 diligentemque
1293 1061 1374 1115 vel
1401 1062 1470 1116 ad
1498 1061 1777 1133 vulgarem
1811 1074 1982 1128 usque
2014 1059 2097 1111 iu-

520 1152 870 1223 quisitionem
905 1131 1049 1204 circa
1083 1149 1198 1203 haec
1250 1148 1451 1202 faciant
1489 1131 1544 1202 hi
1603 1162 1826 1203 necesse
1870 1157 1956 1202 est
2005 1147 2096 1214 qui

521 1260 628 1299 non
665 1239 1284 1311 defatigauturlegeudo
1309 1238 1622 1308 prophetias
1653 1251 1896 1306 quaerere
1930 1237 1982 1290 in
2017 1236 2098 1290 eis

521 1334 860 1406 spiritualem
917 1347 1158 1388 sensum.
1209 1331 1318 1386 Sed
1381 1329 1645 1386 hactenus
1698 1346 1718 1380 ι
1777 1330 1844 1385 de
1895 1328 2097 1397 templo

523 1428 774 1497 corporis
807 1425 891 1481 sui
921 1426 990 1480 ⁸³.
1018 1443 1038 1478 ι

600 1601 690 1653 27.
712 1597 912 1651 Verum
936 1594 1211 1649 enimvero
1232 1593 1483 1662 quoniam
1511 1611 1529 1643 ι
1557 1592 1714 1646 s’mul
1734 1602 1894 1662 atque
1912 1607 2088 1648 surre-

2203 503 2494 580 γενημένοι
2509 510 2690 564 λίθων·
2709 511 2876 565 νικῶν
2908 510 3017 581 γάρ
3047 527 3132 572 τις
3159 510 3253 563 καὶ
3273 511 3424 582 ’πταρῖι
3441 510 3516 581 τῷ
3554 513 3736 587 Ἰωάννῃ

2199 599 2259 652 ὲν
2294 602 2367 670 τῇ·
2400 599 2763 670 Ἀποκαλύψει
2795 600 3127 668 ἐπαγγελίαν
3173 599 3284 669 ἔχει
3329 599 3515 662 στῦλος
3555 601 3737 658 ἔσεσθαι

2200 693 2258 744 ὲν
2289 689 2368 761 τῷ
2400 690 2516 762 ναῷ
2547 691 2641 744 τοῦ
2684 690 2842 754 Θεοῦ,
2881 690 2956 762 μὴ
2989 689 3403 760 ὲξελευσόμενος
3438 691 3555 756 ἔξω.
3588 693 3738 748 Ταῦτα

2197 779 2255 834 δέ
2290 799 2380 851 μοι
2412 781 2590 835 πάντα
2618 781 2831 854 εἴρηται
2865 781 3007 853 ὑπὲρ
3039 781 3134 834 τοῦ
3167 780 3271 834 κᾶν
3301 782 3362 834 ὲν
3406 781 3622 854 βραχείᾳ
3663 803 3738 837 πε-

2199 870 2375 942 ρινοίᾳ
2402 871 2652 940 γενέσθαι
2681 873 2828 942 ἡμᾶς
2862 870 2972 923 τῶν
3011 870 3153 925 κατὰ
3196 870 3288 923 τὸν
3341 871 3491 934 ναὸν,
3542 874 3628 925 καὶ
3667 875 3740 928 τὸν

2197 957 2342 1015 οἷκον
2370 961 2464 1016 τοῦ
2490 963 2645 1028 Θεοῦ,
2674 962 2769 1016 καὶ
2798 961 2896 1033 τὴν
2937 962 3261 1032 Ἐκκλησίαν
3281 1003 3296 1027 ,
3330 964 3424 1017 καὶ
3449 964 3547 1036 τὴν
3579 966 3741 1040 Ἰερου-

2200 1051 2381 1124 σαλὴμ
2407 1054 2770 1124 πραγμάτων,
2803 1054 2933 1124 περὶ
2960 1046 3034 1105 ὧν
3059 1053 3158 1105 οὐκ
3185 1053 3298 1106 ἔστι
3318 1051 3412 1106 νῦν
3434 1054 3608 1123 λέγειν
3627 1061 3742 1112 κατά

2166 1211 2171 1216 Α
2201 1143 2382 1213 μέρος.
2420 1145 2530 1215 Τὴν
2564 1145 2622 1197 δὲ
2657 1143 3058 1216 ἀκριϐεστάτην
3088 1143 3183 1197 καὶ
3211 1145 3372 1216 μέχρι
3401 1145 3494 1199 τοῦ
3523 1148 3742 1216 τυχόντος

2164 1292 2167 1294 _
2198 1234 2326 1304 περὶ
2347 1234 2773 1307 ταῦτα’ὲπιμελῆ
2803 1235 3046 1302 ἐξέτασιν
3075 1238 3326 1308 ποιητέον
3354 1241 3466 1302 τοῖς
3497 1240 3569 1311 μὴ
3592 1243 3741 1296 ἀπαυο

2197 1323 2330 1377 δῶσι
2360 1324 2496 1396 πρὸς
2517 1327 2644 1388 τοὺς
2671 1327 2730 1378 ὲν
2761 1324 2839 1396 τῷ
2879 1326 3227 1396 ἐντυγχάνειν
3264 1331 3384 1392 ταῖς
3417 1331 3742 1401 προφητείαις

2195 1414 2378 1486 ζητεῖν
2417 1415 2508 1468 τὸν
2545 1417 2603 1468 ὲν
2640 1418 2832 1478 αὑταῖς
2889 1417 3256 1486 πνευματικὸν
3298 1417 3422 1470 νοῦν
3473 1420 3741 1489 καμάτους.

2194 1505 2304 1559 Καὶ
2327 1504 2499 1557 ταῦτα
2525 1503 2624 1574 μὲν
2646 1523 2664 1554 ‹
2695 1504 2824 1576 περὶ
2854 1504 2949 1559 τοῦ
2977 1503 3108 1560 ναοῦ
3137 1503 3231 1558 τοῦ
3269 1506 3519 1576 σώματος
3547 1509 3737 1561 abacis

2263 1593 2355 1648 27.
2399 1595 2552 1646 Ἐπεὶ
2584 1593 2639 1646 δὲ
2674 1611 2692 1645 ι
2721 1595 2810 1646 ὅτε
2835 1593 3042 1664 ἠγέρθη
3073 1595 3136 1647 ὲκ
3165 1595 3396 1666 νεκρῶν,
3427 1598 3743 1668 ἐμνήσθησαν

531 1688 611 1746 xit
633 1702 663 1740 e
689 1685 932 1748 mortuis,
961 1681 1222 1737 recordati
1248 1689 1374 1735 sunt
1398 1681 1644 1751 discipuli
1670 1681 1787 1750 ejus
1811 1683 1954 1750 quod
1986 1683 2086 1736 hoc

2196 1682 2240 1734 οί
2271 1681 2511 1752 μαθηταὶ
2543 1681 2707 1734 αὑτοῦ
2729 1720 2744 1741 ,
2777 1681 2859 1733 ὅτι
2907 1680 3064 1733 τοῦτο
3097 1681 3248 1749 ἔλεγε
3269 1721 3286 1743 ,
3324 1683 3419 1734 καὶ
3451 1683 3745 1734 ἐπίστευσαν

534 1776 748 1839 dixerit,
784 1783 839 1828 et
870 1747 1213 1828 crediderunt
1237 1747 1551 1840 Scriptum,
1575 1781 1630 1826 et
1659 1747 1896 1828 sermoni
1927 1787 2086 1840 quem

2196 1747 2284 1843 τῇ-
2309 1747 2498 1844 Γραφῇ
2527 1811 2541 1830 ,
2582 1771 2677 1826 καὶ
2720 1770 2798 1841 τῷ
2838 1771 3000 1841 λόγῳ,
3030 1771 3087 1824 ὃν
3113 1747 3266 1825 εἶπεν
3297 1775 3326 1826 ὁ
3365 1772 3590 1842 Ἰησοῦς,
3618 1792 3634 1824 ι
3665 1777 3743 1826 ἐκ·

534 1866 668 1921 dixit
696 1865 851 1919 Jesus
884 1865 950 1926 ’°,
993 1881 1011 1912 ι
1046 1862 1448 1932 intelligendum
1481 1871 1592 1925 est,
1618 1862 1759 1932 quod
1788 1862 1854 1939 ad
1887 1871 2087 1916 textum

534 1957 745 2019 attinet,
777 1952 1086 2022 discipulos,
1116 1961 1396 2020 postquam
1427 1950 1686 2004 Dominus
1709 1965 1739 2005 e
1767 1953 1993 2005 mortuis
2015 1967 2092 2006 re-

535 2042 935 2106 resurrexisset,
955 2040 1282 2095 intellexisse
1298 2053 1416 2108 qua:
1425 2038 1492 2092 de
1505 2037 1704 2106 templo
1719 2038 1858 2093 dicta
1880 2039 2093 2094 fuerant

524 2147 722 2204 referri
769 2147 834 2200 ad
862 2147 1166 2215 passionem
1197 2145 1314 2212 ejus
1339 2153 1398 2198 et
1425 2144 1898 2217 resurrectionem,
1930 2159 2088 2213 repe-

493 2281 500 2292 .
531 2246 708 2292 tentes
735 2238 876 2306 quod
923 2236 1086 2291 verba
1129 2235 1215 2289 illa
1249 2252 1260 2288 :
1296 2255 1314 2286 ι
1348 2235 1407 2287 ln
1453 2233 1624 2288 tribus
1660 2233 1849 2288 diebus
1890 2233 2088 2303 erigam

531 2327 661 2380 illud
681 2327 747 2390 "’,
781 2344 799 2378 ι
822 2327 1265 2380 resurrectionem
1287 2325 1628 2380 declarabant
1656 2342 1669 2378 :
1695 2325 1907 2394 quando
1929 2324 2090 2378 etiam

531 2417 878 2472 crediderunt
904 2416 1195 2485 Scriptura:
1220 2423 1275 2469 et
1308 2413 1541 2469 sermoni
1581 2429 1739 2482 quem
1765 2412 1972 2466 dixerat
1998 2411 2090 2465 1e—

531 2523 643 2572 sus,
665 2523 788 2587 cum
812 2516 966 2560 antea
989 2505 1117 2560 dicti
1141 2521 1248 2560 non
1272 2504 1472 2572 fuerint
1492 2503 1783 2587 credidisse
1804 2501 2092 2572 Scriptura:

530 2615 586 2660 et
615 2607 872 2670 sermoni,
902 2622 1062 2676 quem
1090 2607 1221 2662 dixit
1241 2608 1416 2663 Jesus.
1447 2607 1581 2662 Nam
1617 2605 1750 2662 ﬁdes
1779 2609 1996 2679 proprie
2029 2609 2092 2662 il-

531 2695 636 2749 lius
662 2704 745 2750 est
773 2696 866 2765 qui
896 2705 1004 2750 tota
1031 2696 1208 2751 anima
1241 2696 1473 2752 admittit
1513 2697 1642 2752 illud
1669 2699 1812 2767 quod
1851 2699 2090 2754 creditur

509 2786 588 2842 .in
619 2786 905 2854 baptismo.
936 2785 1089 2852 Quod
1128 2795 1308 2841 autem
1335 2789 1400 2840 ad
1428 2787 1760 2854 superiorem
1792 2787 2092 2858 intelligen-

508 2913 512 2917 ρ
535 2875 660 2930 tiam
684 2876 893 2940 attinet,
917 2877 1168 2945 quoniam
1195 2876 1446 2945 praedicta
1471 2877 1570 2930 fuit
1594 2877 1748 2930 nobis
1771 2877 2093 2932 resurrectio

536 2967 697 3021 totius
730 2967 972 3035 corporis
1017 2966 1222 3020 Domini
1269 2981 1299 3020 e
1330 2967 1579 3027 mortuis,
1617 2967 1850 3020 sciamus
1880 2977 2092 3035 oportet

2194 1865 2412 1918 δεκτέον
2434 1903 2448 1927 ,
2477 1864 2554 1927 ὼς
2589 1863 2729 1918 κατὰ
2756 1862 2855 1931 τὴν
2883 1861 3048 1927 λέξιν,
3078 1863 3163 1915 ὃτι
3194 1864 3244 1916 oi
3277 1862 3520 1934 μαθηταὶ
3550 1863 3675 1933 μετᾶ
3695 1865 3744 1917 τὸ

2194 1953 2493 2027 ὲγηγέρθαι
2530 1956 2594 2008 ὲκ
2629 1955 2838 2026 νεκρῶν
2871 1953 2962 2006 τὸν
2997 1953 3220 2024 Κύριον,
3253 1954 3494 2024 συνῆκαν
3539 1955 3603 2007 τά
3637 1956 3743 2026 περὶ

2193 2045 2287 2099 τοῦ
2317 2045 2444 2100 ναοῦ
2471 2043 2736 2116 εἰρημένα
2765 2042 3131 2111 ἀναφέρεσθαι
3160 2045 3239 2108 εἰς
3263 2043 3323 2096 τὸ
3357 2043 3528 2108 πάθος
3560 2045 3704 2098 αὐτοῦ
3725 2084 3740 2107 ,

2195 2137 2288 2192 καὶ
2314 2137 2411 2208 τὴν
2443 2136 2757 2194 ἀνάστασιν.
2795 2133 3234 2210 ὑπομνησθέντες
3264 2133 3398 2203 (62),
3427 2135 3509 2186 ὅτι
3530 2135 3604 2187 τόδ
3633 2154 3648 2185 ι
3669 2136 3742 2187 Ἐν

2193 2224 2369 2296 τρισὶν
2403 2224 2639 2295 ἡμέραις
2673 2222 2848 2295 ἐγερῶ
2887 2222 3082 2288 αὑτὸν,
3109 2240 3138 2296 1»
3184 2223 3284 2292 τὴν
3316 2223 3608 2278 ἀνάστασιν
3637 2225 3740 2294 ὲδή-

2187 2318 2285 2371 -λου
2307 2334 2320 2348 ·
2352 2317 2443 2370 ὅτε
2474 2317 2564 2369 καὶ
2593 2315 2919 2368 ἐπίστευσαν
2959 2317 3024 2386 τῇ
3056 2314 3273 2383 Γραφῇ,
3305 2315 3398 2367 καὶ
3441 2315 3518 2384 τῷ
3544 2314 3672 2384 λόγῳ
3696 2315 3745 2366 ὃν

2191 2403 2344 2461 εἶπεν
2385 2409 2414 2460 ό
2457 2406 2692 2479 Ἰησοῦς,
2726 2399 2992 2477 πρότερον
3037 2406 3097 2458 ού
3146 2405 3626 2476 μεμαρτυρημένοι
3665 2423 3746 2458 πε-

2191 2499 2543 2552 πιστευκέναι
2577 2501 2643 2569 τῇ
2677 2498 2864 2568 Γραφῇ
2892 2537 2906 2561 ,
2955 2496 3076 2550 οὐδὲ
3105 2496 3182 2566 τῷ
3210 2496 3354 2566 λόγῳ
3383 2496 3560 2566 τούτῳ
3591 2497 3647 2550 ὃν
3684 2492 3747 2550 εἷ-

2191 2608 2294 2644 πεν
2339 2591 2368 2643 ὁ
2435 2589 2674 2659 Ἰησοῦςσ
2712 2589 2918 2661 κυρίως
2965 2586 3072 2659 γὰρ
3117 2587 3298 2650 πίστις
3347 2587 3468 2640 ἐστὶ
3515 2588 3650 2640 κατά
3695 2589 3747 2639 τὸ

2192 2679 2475 2751 βάπτισμα
2501 2669 2724 2752 τοῦὸλῃ
2750 2678 2895 2749 ψυχῇ
2931 2676 3372 2748 παραδεχομένου
3413 2677 3479 2730 τὸ
3527 2677 3748 2731 πιστευό-

2192 2788 2352 2842 μενον
2372 2788 2386 2801 ο
2418 2769 2494 2833 ὡς
2525 2770 2583 2823 δὲ
2629 2769 2765 2840 πρὸς
2797 2770 2895 2838 τὴν
2925 2768 3247 2838 ἀναγωγὴν,
3287 2767 3411 2820 ἐπεὶ
3447 2768 3748 2839 προείρηται

2189 2865 2322 2936 ἡμῖν
2349 2866 2382 2935 ἡ
2411 2864 2476 2916 ὲκ
2500 2861 2708 2934 νεκρῶν
2750 2859 3045 2921 ἀνάστασις
3085 2857 3176 2911 τοῦ
3207 2858 3407 2922 παντὸς
3436 2859 3534 2912 τοῦ
3565 2858 3748 2930 Κυρίου

2193 2953 2464 3026 σώματος,
2495 2952 2691 3007 εἰδέναι
2725 2950 2852 3023 χρὴ,
2881 2950 3036 3003 ὃτιοὶ
3068 2948 3308 3019 μαθηταὶ
3335 2949 3750 3022 ὑπομνησθέντες

533 3057 675 3125 quod
717 3033 976 3110 admoniti
1021 3057 1269 3126 discipuli
1326 3072 1424 3126 per
1471 3057 1698 3111 eﬂectus
1759 3033 2086 3126 Scriptura,

2196 3044 2280 3100 διὰ
2329 3043 2437 3098 τῶν
2488 3041 2944 3111 ἀποτελεσμάτων
2987 3040 3120 3109 τῆς,
3147 3039 3234 3092 ὅτε
3263 3033 3402 3109 ἦσαν
3451 3041 3512 3092 ὲν
3539 3038 3613 3108 τῷ
3641 3037 3748 3108 βίῳ,

533 3162 694 3215 quam
729 3155 908 3211 antea,
941 3147 1158 3215 quando
1207 3155 1363 3200 erant
1412 3145 1466 3199 in
1512 3147 1640 3210 vita,
1684 3155 1934 3200 accurate
1980 3161 2086 3200 non

2196 3135 2269 3206 μὴ
2302 3131 2687 3205 ὴκριὸωμένης
2728 3130 2910 3192 αὐτοῖς
2946 3127 3056 3199 (65)
3085 3127 3124 3179 Γ
3130 3127 3328 3198 ραφῆς,
3362 3126 3467 3180 ὑπὸ
3518 3127 3638 3197 aq,“
3676 3144 3749 3195 γι..

535 3215 932 3303 intelligebant,
963 3234 1065 3287 sub
1107 3243 1381 3303 aspectum
1425 3233 1577 3287 factae
1615 3242 1670 3288 et
1714 3233 2088 3301 manifestata},

2188 3223 2420 3294 νομένης
2446 3260 2460 3284 ,
2518 3221 2610 3274 καὶ
2642 3219 3086 3290 φανερουμένης,
3136 3217 3297 3270 τίνων
3335 3235 3396 3270 τε
3431 3217 3752 3288 ἐπουρανίων

534 3325 900 3392 admonitique
947 3339 1175 3393 quorum
1224 3325 1521 3379 caelestium
1563 3324 1804 3393 exempla
1850 3336 2003 3378 erant
2034 3335 2086 3381 et

2196 3313 2495 3384 ὑπόδειγμα
2521 3313 2615 3365 καὶ
2644 3311 2771 3366 σκιά
2803 3311 3087 3382 ἐτύγχανε,
3115 3310 3463 3363 πιστεύουσιν
3491 3309 3549 3362 οἶ
3582 3309 3753 3380 πρότε-

536 3413 724 3468 umbra
753 3413 820 3478 ⁸⁸,
845 3414 1005 3468 rebus
1047 3413 1151 3467 illis
1193 3413 1540 3468 crediderunt
1568 3414 1762 3482 quibus
1785 3425 1940 3468 antea
1977 3429 2086 3468 non

2196 3420 2282 3475 ρον
2307 3402 2408 3456 οὒκ
2436 3402 2754 3464 ἐπίστευον,
2785 3401 2880 3454 καὶ
2911 3398 2988 3470 τῷ
3013 3397 3157 3468 λόγῳ
3184 3398 3276 3450 τοῦ
3313 3395 3511 3468 Ἰησοῦ,
3563 3395 3621 3450 ὃν
3660 3395 3753 3466 πρὸ

529 3506 890 3571 crediderant,
921 3517 1082 3576 atque
1121 3509 1354 3564 sermoni
1381 3508 1534 3574 Jesu,
1563 3524 1724 3579 quem
1757 3518 1882 3566 ante
1908 3525 2086 3567 resur-

2196 3494 2285 3563 τῆς
2313 3491 2687 3554 ἀναστάσεως,
2720 3489 2796 3554 ὡς
2830 3489 3082 3544 ἐϐούλετο
3112 3491 3141 3542 ό
3173 3487 3366 3555 λέγων,
3392 3487 3453 3540 ού
3492 3488 3750 3568 συνίεσαν.

519 3599 850 3663 rectionem,
873 3599 951 3655 sic
980 3599 1192 3655 volente
1217 3599 1309 3654 illo
1330 3600 1420 3670 qui
1445 3601 1782 3670 loquebatur,
1805 3616 1916 3655 non
1937 3601 2086 3656 intel-

2196 3583 2313 3647 [ίῶς
2339 3583 2448 3654 γὰρ
2479 3583 2700 3636 δύναταί
2724 3599 2808 3645 τις
2841 3581 3116 3635 πιστεύειν
3165 3580 3366 3652 κυρίως
3405 3579 3661 3649 λέγεσθαι
3697 3580 3754 3647 τῇ

523 3687 796 3746 .lexerunt.
827 3689 932 3754 Qui
967 3689 1111 3744 enim
1143 3688 1259 3744 ﬁeri
1284 3667 1472 3760 lpotest
1495 3667 1554 3744 ut
1582 3690 1798 3761 proprie
1825 3691 1947 3762 quis
1968 3706 2086 3746 cre-

2196 3673 2414 3742 Γραφῇ,
2447 3670 2539 3724 τὸν
2569 3671 2626 3722 ὲν
2659 3671 2797 3742 αὐτῇ
2831 3671 2941 3742 (64)
2970 3669 3065 3723 τοῦ
3105 3669 3261 3738 ἁγίου
3297 3669 3617 3740 Πνεύματος
3644 3667 3755 3722 νοῦν

528 3778 657 3834 dere
677 3777 968 3848 Scriptura
990 3780 1200 3836 dicatur
1221 3797 1329 3836 non
1347 3760 1716 3850 contemplans
1735 3760 1955 3838 sensum
1974 3782 2086 3852 Spi-

2196 3764 2269 3836 μὴ
2300 3761 2539 3833 θεωρῶν,
2574 3761 2633 3815 ὂν
2659 3760 3010 3814 πιστεύεσθαι
3051 3760 3250 3831 μᾶλλον
3280 3763 3308 3814 ὁ
3332 3761 3465 3824 θεὸς
3494 3760 3754 3830 βούλεται,

530 3865 664 3917 ritus
689 3867 860 3920 sancti
889 3867 981 3935 qui
1004 3867 1056 3920 in
1085 3869 1197 3937 ipsa
1225 3878 1325 3932 est,
1351 3885 1510 3938 quem
1541 3870 1684 3924 credi
1711 3871 1916 3925 mavult
1943 3851 2086 3926 Delus

2196 3859 2221 3930 ἢ
2256 3857 2316 3912 τὸ
2345 3856 2437 3910 τοῦ
2453 3855 2780 3927 γράμματος
2803 3853 3034 3924 θέλημα;
3060 3851 3217 3906 Κατὰ
3235 3851 3394 3904 τοῦτο
3411 3851 3639 3905 λεκτέον
3665 3869 3756 3921 μη-

528 3961 690 4016 quam
721 3950 912 4004 littera:
936 3953 1299 4008 voluntatem?
1323 3955 1480 4010 Juxta
1512 3955 1653 4010 hanc
1679 3957 2086 4028 intelligentiam

2196 3949 2315 4004 δένα
2345 3947 2455 4002 τῶν
2486 3946 2628 4001 κατά
2653 3945 2832 4016 σάρκα
2862 3941 3305 4016 περιπατούντων
3339 3939 3624 3994 πιστεύειν
3658 3942 3756 3998 τοῖς

531 4035 712 4090 nullus
732 4052 799 4092 ex
825 4039 910 4092 bis
935 4040 1025 4108 qui
1055 4042 1353 4096 secundum
1381 4055 1597 4098 carnem
1638 4046 1934 4110 ambulant,
1966 4062 2086 4102 cre-

2196 4041 2577 4110 πνευματικοῖς
2605 4036 2701 4090 τοῦ
2731 4035 2921 4105 νόμου,
2961 4030 3042 4099 οἷς
3075 4035 3210 4108 μηδὲ
3237 4035 3337 4107 τὴν
3365 4035 3543 4108 ἀρχὴν
3571 4034 3759 4105 φαντά-

415 4159 422 4164 -
531 4125 657 4178 derc
685 4127 943 4182 dicendus
973 4138 1054 4182 est
1077 4130 1239 4183 rebus
1263 4131 1632 4198 spiritualibus
1673 4134 1827 4204 legis,
1853 4151 2083 4205 quarum

2196 4131 2362 4196 ἵεται.
2429 4129 2601 4200 Πλὴν,
2639 4129 2773 4198 φασὶ
2829 4127 3274 4199 μακαριωτέρους
3325 4122 3467 4180 εἶναι
3519 4129 3650 4190 τοὺς
3691 4124 3756 4196 μὴ

531 4213 852 4284 principium
909 4231 978 4270 ne
1033 4215 1351 4286 imaginatur
1401 4220 1638 4288 quidem.
1685 4221 1875 4277 Verum
1927 4225 2086 4294 209

2196 4222 2400 4286 ἰδόντας
2445 4221 2539 4274 καὶ
2590 4218 2988 4282 πιστεύσαντας
3017 4219 3126 4272 τῶν
3157 4219 3480 4290 ἑωρακότων
3521 4219 3622 4272 καὶ
3667 4233 3756 4269 πε-

531 4303 798 4359 beatiores
824 4305 912 4374 qui
946 4320 1055 4359 non
1089 4305 1344 4360 viderunt
1371 4315 1426 4360 et
1457 4309 1838 4372 crediderunt,
1870 4313 1954 4365 his
1994 4314 2084 4382 qui

2191 4311 2561 4364 πιστευκότων
2587 4348 2602 4371 ,
2654 4305 3114 4381 παρεκδεξάμενοι
3136 4311 3197 4362 τὸ
3218 4311 3276 4362 ὲν
3300 4308 3379 4380 τῷ
3406 4310 3554 4364 κατὰ
3594 4309 3760 4362 Ἰωάν-

529 4393 782 4449 viderunt
843 4404 897 4448 et
949 4393 1332 4455 crediderunt,
1376 4393 1662 4463 inquiunt;
1705 4398 1758 4450 hi
1801 4414 2080 4468 perperan‘

2196 4421 2285 4474 νην
2314 4403 2406 4456 ἐπὶ
2451 4403 2601 4456 τέλει·
2647 4401 2935 4472 εἰρημένον
2977 4399 3113 4470 πρὸς
3144 4397 3234 4451 τὸν
3273 4397 3478 4472 Θωμᾶν
3512 4399 3622 4451 ὑπὸ
3670 4395 3758 4449 τοῦ

521 4499 846 4557 acceperunt
873 4493 1016 4560 quod
1039 4493 1093 4547 in
1120 4494 1227 4549 line
1261 4496 1532 4568 Evangelii
1561 4495 1793 4554 Joannis
1815 4501 1944 4556 dicit
1973 4503 2078 4558 Do-

519 4577 699 4632 minus
741 4579 809 4633 ad
850 4578 1112 4636 Thomam
1151 4600 1165 4636 :
1203 4603 1221 4635 ι
1265 4583 1417 4660 Beati
1461 4587 1554 4655 qui
1600 4603 1708 4643 non
1736 4589 1988 4646 viderunt
2020 4603 2076 4647 et

519 4665 863 4723 crediderunt
889 4671 955 4723 ”.
1005 4689 1024 4721 ι
1053 4671 1157 4727 Sed
1196 4688 1305 4727 non
1353 4674 1618 4731 beatiores
1659 4677 1831 4747 inquit
1859 4694 1953 4736 eos
1983 4681 2073 4750 qui

518 4771 628 4810 non
663 4758 914 4836 viderunt
955 4771 1010 4816 et
1055 4762 1418 4827 crediderunt,
1465 4765 1549 4820 his
1593 4767 1684 4836 qui
1728 4769 1979 4825 viderunt
2020 4784 2075 4828 et

517 4848 892 4918 crediderunt;
919 4852 1135 4922 alioqui,
1158 4854 1311 4924 juxta
1329 4857 1471 4910 hanc
1497 4857 1924 4930 intelligentiam,
1951 4876 2074 4930 apo-

510 4957 664 5012 stolis
709 4957 1036 5044 posteriores
1086 4958 1360 5012 beatiores
1407 4966 1536 5012 sunt
1587 4943 1848 5024 apostOlis
1903 4958 2035 5030 ipsis
2064 5001 2081 5026 ,

510 5050 656 5118 quod
702 5061 785 5106 est
819 5049 1188 5106 fatuissimum
1220 5050 1482 5104 omnium.
1519 5048 1756 5104 Proinde
1787 5061 1970 5106 mente
1999 5053 2077 5106 vi-

507 5143 634 5197 deat
658 5148 876 5210 aportet
904 5154 1029 5208 quat
1059 5140 1359 5194 creduntur
1379 5138 1473 5207 qui
1509 5137 1704 5192 beatus
1729 5137 1942 5196 laturus
1971 5153 2077 5208 est,

570 5280 626 5314 ὀδ
646 5281 817 5349 Apoc.
850 5295 932 5347 Ill,
964 5279 1053 5334 12.
1143 5279 1187 5310 ⁸⁸
1217 5273 1372 5333 Joan.
1418 5292 1472 5341 ιι,
1501 5275 1590 5330 21.
1676 5275 1740 5345 ,⁸³
1802 5276 1928 5333 ibid.
1975 5281 2045 5336 ει

543 5461 554 5474 θ
580 5391 691 5465 (62)
743 5391 1274 5462 Ὑπομνησθέντες.
1299 5390 1648 5446 Desideratur
1679 5389 1733 5444 in
1757 5391 1944 5448 codice
1974 5391 2080 5448 Re-

507 5477 691 5600 81((65)
728 5532 961 5598 Αὐτοῖς.
1001 5531 1161 5600 Deest
1190 5531 1242 5584 in
1271 5533 1456 5586 codice
1485 5529 1795 5600 Bodleiano.

578 5599 692 5670 (64)
737 5602 850 5654 Τὸν
887 5603 960 5673 ἐν
990 5599 1256 5673 αῠτῇηιιι
1297 5603 1481 5673 codice
1520 5599 1693 5670 [legio
1725 5603 1876 5659 deest
1917 5603 2074 5673 αὐτῇ,

506 5674 653 5741 quod
686 5672 993 5727 remituitur
1017 5685 1048 5726 e
1078 5670 1264 5726 codice
1300 5671 1620 5726 Barberiuo.

2116 5285 2160 5327 ον
2199 5275 2333 5333 ibid.
2384 5271 2472 5326 i9.

2192 4495 2424 4567 Κυρίου·
2455 4514 2474 4546 ι
2513 4495 2787 4563 Μακάριοι
2812 4493 2861 4546 οί
2893 4491 2967 4563 μὴ
2987 4491 3180 4554 ἰδόντες
3201 4489 3751 4551 κα“ιπιστεύσαντεςί

2189 4589 2250 4644 ού
2281 4587 2390 4658 γὰρ
2445 4585 2892 4657 μακαριωτέρους
2947 4584 3056 4655 (65)
3094 4578 3232 4636 εἶναι
3277 4583 3426 4650 τοὺς,
3453 4581 3529 4652 μὴ
3559 4579 3760 4641 ἰδόντας

2189 4682 2282 4736 καὶ
2333 4679 2725 4740 πιστεύσαντας
2771 4675 2880 4730 τῶν
2919 4675 3237 4746 ἑωρακότων
3277 4674 3369 4726 καὶ
3405 4671 3762 4726 πεπιστευκό-

2187 4791 2297 4829 των
2316 4790 2330 4804 ο
2361 4771 2504 4826 κατά
2530 4769 2658 4839 γοῦν
2687 4767 2784 4840 τὴν
2812 4767 3037 4838 ἐκδοχὴν
3070 4766 3249 4820 αὐτῶν
3294 4765 3404 4818 τῶν
3451 4764 3764 4817 ἀποστόλων

2191 4866 2594 4938 μακαριώτεροι
2633 4863 2683 4914 οἱ
2720 4859 2856 4932 μετά
2879 4858 3010 4922 ’τοὺς
3051 4857 3382 4922 ἀποστόλους
3421 4857 3582 4920 εἰσιν,
3629 4857 3766 4924 ὅπερ

2187 4959 2306 5013 ἐστὶ
2356 4957 2572 5010 πάντων
2628 4950 3000 5024 ἡλιθιώτατον.
3046 4949 3192 5003 Ἰδεῖν
3221 4949 3277 5002 δὲ
3305 4948 3383 5020 τῷ
3416 4947 3529 5018 (66)
3569 4945 3650 5017 νῷ
3697 4946 3765 4997 τὰ

2187 5047 2550 5118 πιστευόμενα
2577 5044 2667 5098 τὸν
2705 5043 2961 5113 ἐσόμενον
2993 5041 3282 5113 μακάριον,
3333 5040 3409 5103 ὡς
3441 5041 3492 5092 οἱ
3527 5036 3763 5106 ἀπόστο-

2182 5142 2300 5205 λοι,
2331 5137 2624 5209 δυνηθέντα
2660 5133 2880 5189 ἀκούειν
2902 5133 2994 5187 τό·
3027 5152 3047 5184 ι
3083 5132 3363 5202 Μακάριοι
3403 5131 3453 5183 oi
3493 5125 3767 5197 ὀφθαλμοὶ

2572 5269 2618 5302 ’⁸
2644 5267 2808 5324 llebr.
2840 5281 2956 5329 vui,
2987 5265 3042 5322 5.
3134 5265 3182 5297 ”
3203 5263 3363 5319 Joan.
3399 5277 3492 5325 xx,
3521 5259 3616 5313 29.

2259 5387 2373 5458 (65)
2416 5386 2519 5458 01’2_
2544 5385 2656 5454 γὰρ
2699 5378 3196 5458 μάκαριιιλιτέέκνυς⁹
3237 5387 3345 5458 etc.
3390 5372 3768 5458 Supplendum

2186 5447 2520 5530 tpqoi,_'qtlod
2550 5447 2795 5509 'lo'rta'sse
2821 5447 3193 5530 supplendum
3213 5447 3430 5516 reliquit
3466 5447 3766 5511 Origenes,

2183 5520 2266 5584 vel
2301 5520 2554 5580 librarius
2584 5520 2946 5592 praetermisit.

2257 5578 2388 5666 (66)
2421 5578 2795 5666 vagienti;
2818 5589 2934 5666 νῷ.
2982 5587 3296 5666 Legendum
3334 5584 3586 5642 fortasse,
3631 5578 3770 5632 ἰδεῖν

2183 5667 2240 5720 δὲ
2265 5657 2362 5719 ’δεῖ
2386 5664 2463 5734 τῷ
2495 5662 2599 5734 νῷο
2631 5662 2830 5732 alioqui
2867 5673 2974 5716 non
3006 5657 3278 5714 constabit
3305 5666 3519 5711 sensus.
