3948 6206
255 324 360 379 595

1338 312 1691 373 COMMENT.
1720 310 1794 369 ΙΝ
1827 308 2021 365 ΙΟᾹΝ.
2067 303 2307 363 τοιιυε
2342 303 2410 358 X.

3391 291 3495 346 τοι

245 420 423 493 ὑμῶν,
453 420 537 475 ὅτι
572 419 845 492 βλέπουσι,
865 415 961 469 καὶ
979 413 1048 469 τὰ
1073 407 1187 467 ὦτα
1218 412 1371 484 ὑμῶν
1401 412 1485 465 ὅτι
1506 410 1782 464 άκούουσι’
1799 427 1816 456 ι

1938 403 2150 469 perinde
2175 412 2339 470 atque
2367 395 2600 467 apostoli
2635 394 2764 450 illud
2789 393 2976 449 audire
3014 380 3201 444 valens
3231 406 3245 444 :
3280 405 3300 439 ι
3343 387 3495 442 Beati

247 513 342 566 καὶ
383 511 471 565 τό·
503 531 520 561 ι
544 509 737 564 Πολλοὶ
765 506 1036 578 προφῆται
1069 505 1164 559 καὶ
1213 502 1412 557 δίκαιοι
1469 499 1820 572 ἐπεθύμησαν

246 601 377 657 ἰδεῖν
403 603 440 657 ὃ.
476 601 720 672 βλέπετε,
751 598 844 652 καὶ
877 598 978 652 οὐκ
1007 591 1167 659 εἶδον,
1200 595 1294 648 καὶ
1326 593 1558 649 ἀκοῦσαι
1580 591 1616 646 ἃ
1639 589 1826 645 ἀκούε-

239 710 323 754 τε,
360 693 456 745 καὶ
486 692 586 745 ούκ
616 691 870 760 ἥκουσαν.
904 707 923 739 ι
972 685 1281 758 ’Λγαπητὺν
1322 683 1380 738 δὲ
1423 683 1519 738 καὶ⁵
1551 680 1643 735 τὸν
1693 682 1826 734 ὑπο-

239 782 526 855 δεέστερον
556 781 741 837 λαϐεῖν
789 778 1137 852 μακαρισμὸν
1187 777 1439 848 λέγοντα’
1499 795 1518 827 ι
1549 772 1824 844 Μακάριοι

239 874 290 928 οί
318 872 393 946 μὴ
431 872 629 936 ίδόντες
652 872 747 926 καὶ
779 869 1184 932 πιστεύσαντες.
1217 888 1238 921 ι
1276 867 1400 931 Πῶς
1441 865 1500 919 δὲ
1543 863 1825 937 μακαριώ-

243 981 391 1037 τεροι
418 966 468 1018 οἱ
503 962 772 1035 ὀφθαλμοὶ
802 962 852 1016 οἱ
891 961 996 1016 ὑπὸ
1028 961 1120 1016 τοῦ
1167 957 1342 1033 Ἴησοῦ
1374 958 1482 1031 (67)
1523 953 1825 1029 μακαριζό-

249 1076 399 1129 μενοι
440 1057 533 1110 ἐπὶ
564 1058 679 1121 τοῖς
708 1053 1137 1127 τεθεωρημένοις
1162 1093 1178 1117 ,
1227 1051 1336 1105 τῶν
1373 1050 1448 1123 μὴ
1499 1048 1823 1119 φθασάντων

247 1149 338 1203 ἐπὶ
362 1149 460 1221 τὴν
486 1146 595 1202 τῶν
619 1145 878 1201 τοιούτων
911 1146 1037 1199 θέαν
1058 1162 1072 1176 ·
1115 1144 1173 1198 ’0
1196 1141 1254 1196 δὲ
1273 1140 1499 1213 Συμεὼν
1521 1140 1711 1210 ἀγαπᾷ
1744 1141 1824 1202 εἰς

244 1238 343 1303 τὰς
371 1237 619 1308 ἀγκάλας
653 1235 835 1291 λαϐὼν
858 1236 919 1290 τὸ
950 1234 1215 1307 σωτήριον
1235 1230 1330 1286 τοῦ
1364 1230 1523 1296 Θεοῦ,
1568 1231 1662 1285 καὶ
1698 1229 1826 1283 θεα-

247 1329 479 1400 σάμενος
512 1330 644 1384 αύτδ
682 1325 834 1384 εἵπετ’
875 1346 895 1379 ι
923 1326 1037 1380 Νῦν
1065 1324 1320 1388 ἀπολύεις
1356 1323 1447 1377 τὸν
1476 1319 1662 1377 δοῦλόν
1706 1338 1824 1385 σου,

245 1422 511 1486 Δέσποτα,
542 1421 683 1476 κατά
719 1422 781 1475 τὸ
805 1418 958 1494 ῥῆμά
1003 1434 1120 1483 σου,
1161 1418 1221 1471 ὲν
1254 1416 1468 1490 εἰρήνῃ·
1492 1415 1575 1468 ὅτι
1603 1411 1740 1467 εἶδον
1774 1412 1823 1466 oi

242 1510 508 1583 ὀφθαλμοί
546 1530 646 1584 μου
662 1512 722 1565 τὸ
747 1509 1010 1583 σωτήριόν
1036 1527 1148 1563 σου.
1177 1528 1196 1561 ι
1222 1508 1421 1578 Διόπερ
1450 1504 1826 1576 φιλοτιμητέον

242 1603 480 1672 ἀνοίγειν
521 1603 647 1667 τοὺς
684 1600 1019 1673 ὀφθαλμοὺς,
1048 1598 1189 1654 κατὰ
1220 1598 1312 1653 τὸν
1341 1596 1658 1668 Σολομῶντα
1681 1635 1695 1660 ,
1738 1594 1827 1647 ἴνα

243 1693 423 1766 ἄρτων
458 1693 886 1767 ὲμπλησθῶμεν.
942 1693 1083 1764 Φησὶ
1128 1690 1270 1763 γάρ’
1335 1708 1353 1741 ι
1382 1687 1652 1754 Διάνοιξον
1700 1686 1825 1747 τοὺς

1924 495 2066 550 oculi
2100 494 2261 549 vestri
2292 490 2431 563 quia‘
2447 489 2651 553 vident,
2681 496 2735 542 et
2771 500 2933 539 aures
2985 492 3177 537 vestrm
3222 480 3351 550 quia
3406 494 3500 533 au-

1927 582 2083 636 diunt
2119 581 2174 646 ';
2214 598 2232 632 ι
2269 588 2323 634 et
2353 577 2530 631 illud:
2570 593 2590 627 ι
2634 573 2785 629 Mulli
2818 573 3094 642 prophetae
3128 581 3184 625 et
3223 568 3354 638 justi
3400 582 3495 623 cu-

1927 673 2142 742 pierunt
2170 671 2354 724 videre
2382 683 2504 738 qua:
2535 667 2751 730 videtis,
2775 674 2830 719 et
2856 681 2960 718 non
2997 664 3278 727 viderunt;
3311 671 3366 713 et
3397 674 3500 714 au-

1927 762 2045 818 dire
2075 775 2196 831 qum
2242 760 2465 823 auditis,
2496 768 2550 812 et
2587 774 2693 812 non
2752 756 3044 810 audierunt
3077 756 3121 812 '.
3184 772 3202 805 ι
3254 751 3502 807 Amabiie

1928 858 2111 908 tamen
2165 851 2332 907 etiam
2367 859 2452 905 est
2503 848 2768 903 minorem
2805 849 3055 916 accipere
3109 845 3500 901 beatitudinem

1926 945 2201 1000 dicentem
2232 960 2249 1000 :
2286 956 2305 993 ι
2347 940 2495 997 Beati
2541 940 2631 1011 qui
2685 954 2790 995 non
2837 940 3088 992 viderunt
3148 946 3204 992 ct
3257 935 3503 991 cretlideo

1928 1047 2055 1091 runt
2089 1034 2133 1088 ³.
2179 1053 2197 1087 ι
2230 1033 2517 1102 Quomodo
2563 1031 2707 1087 enim
2747 1046 2853 1086 non
2888 1018 3161 1085 beatiores
3211 1028 3352 1084 oculi
3411 1026 3504 1097 qui

1927 1142 1956 1181 a
1990 1126 2117 1182 Jesu
2152 1124 2536 1182 beatiﬁcantur
2559 1125 2628 1178 ob
2660 1136 2748 1178 res
2781 1123 2950 1190 visas,
2986 1120 3073 1176 his
3101 1121 3193 1192 qui
3239 1135 3345 1174 non
3381 1134 3507 1189 per-

1929 1225 2198 1272 venerunt
2225 1216 2292 1270 ad
2326 1213 2515 1269 talium
2570 1227 2755 1268 rerum
2786 1213 3096 1267 visionem?
3131 1212 3350 1267 Sintcon
3399 1211 3505 1272 igi-

1932 1318 2040 1371 tur,
2084 1314 2375 1361 contentus
2405 1303 2707 1373 sumpsisse
2734 1304 2790 1358 in
2821 1302 2982 1359 ulnas
3012 1305 3251 1360 salutare
3293 1304 3413 1368 Dei,
3441 1303 3508 1358 il-

1933 1396 2140 1469 ludque
2171 1396 2575 1467 contemplatus
2602 1433 2619 1461 ,
2673 1394 2814 1450 dixit
2847 1414 2861 1451 :
2907 1413 2926 1447 ι
2958 1394 3109 1452 Nunc
3140 1396 3367 1451 dimittis
3393 1409 3509 1450 ser.

1931 1506 2056 1546 vum
2108 1498 2259 1546 tuum
2283 1529 2300 1555 ,
2341 1490 2572 1545 Domine
2595 1528 2611 1554 ,
2661 1488 2956 1543 secundum
2990 1489 3212 1543 verbum
3268 1497 3419 1542 tuum
3452 1488 3505 1542 in

1932 1597 2093 1653 pace;
2120 1580 2377 1652 quoniam
2412 1579 2823 1635 videruntoculi
2850 1579 2957 1637 mei
2980 1580 3217 1633 salutare
3241 1576 3449 1633 tuum‘.
3482 1597 3503 1632 ι

1930 1673 2199 1739 Quocirca
2236 1672 2630 1726 contendamus
2670 1684 2891 1725 necesse
2937 1680 3020 1726 est
3050 1672 3266 1741 aperire
3299 1669 3508 1734 oculos,

242 1759 554 1856 όςρθαλμούς
583 1759 699 1847 σου,
731 1759 826 1838 καὶ
860 1759 1220 1854 ἔιμπλῆσθήτι⁷
1239 1779 1469 1852 ἄρτων.»
1505 1777 1614 1831 Καὶ
1645 1775 1819 1830 ταῦτά

1944 1773 2068 1818 uxta
2117 1761 2490 1829 Salomonem,
2525 1772 2588 1816 ιιι
2634 1762 2963 1832 impleamur
3027 1762 3279 1832 panibus.
3328 1759 3510 1832 inquit

246 1893 338 1948 μοι
370 1875 461 1930 διὰ
489 1875 571 1929 τό·
595 1895 614 1928 ι
637 1872 996 1931 Ἑπίστευσαν
1019 1864 1083 1943 τῇ
1116 1872 1326 1942 Γραφῇ,
1363 1869 1457 1922 καὶ
1473 1867 1550 1939 τῷ
1571 1866 1735 1937 λόγῳ,
1760 1865 1818 1918 ὂν

240 1961 401 2020 εἶπεν
424 1967 453 2020 ὁ
487 1963 695 2037 Ἰησοῦς
718 2004 735 2030 ,
767 1983 786 2014 ι
812 1961 1080 2036 εἰρήσθωο
1110 1962 1196 2015 ἵνα
1241 1961 1303 2014 τὸ
1342 1958 1543 2013 τέλειον
1588 1959 1687 2030 τῆς
1726 1957 1818 2010 πί-

240 2073 418 2121 στεως
466 2059 532 2111 ὲκ
564 2055 674 2110 τῶν
702 2054 831 2128 περὶ
868 2053 1104 2117 πίστεως
1150 2051 1534 2123 ὲξητασμένων
1585 2049 1824 2103 καταλά-

238 2149 432 2221 ϐωμεν
486 2148 618 2220 ἡμῖν
665 2145 983 2218 δοθήσεσθαι
1036 2147 1094 2199 ὲν
1142 2147 1209 2216 τῇ
1249 2143 1460 2217 μεγάλῃ
1510 2145 1576 2196 ὲκ
1610 2141 1823 2213 νεκρῶν

242 2240 540 2296 ἀναστάσει
584 2238 677 2293 τοῦ
716 2237 917 2302 παντὸς
971 2236 1147 2307 Ἰησοῦ
1206 2234 1490 2308 σώματος,
1527 2234 1630 2305 τῆς
1662 2233 1825 2302 άγίας

255 2331 582 2404 Ἐκκλησίας
612 2328 800 2384 αὑτοῦ.
833 2330 1013 2401 Ὅπερ
1037 2328 1149 2400 γὰρ
1179 2327 1272 2382 ἐπὶ
1304 2327 1560 2397 γνώσεως
1584 2325 1819 2397 εἴρηταιο

248 2443 267 2474 ι
293 2425 454 2496 ’Δρτι
504 2421 761 2491 γινώσκω
803 2420 869 2476 ὲκ
915 2421 1134 2493 μέρους,
1166 2439 1185 2473 ι
1221 2419 1341 2474 τόδε
1382 2419 1477 2473 καὶ
1505 2419 1597 2472 ἐπὶ
1623 2416 1825 2481 παντὸς

244 2513 411 2568 καλοῦ
456 2511 747 2568 ἀκόλουθον
787 2507 939 2583 οἶμαι
972 2510 1151 2582 λέγειν
1170 2528 1183 2543 ·
1232 2511 1291 2564 ἒν
1335 2510 1393 2565 δὲ
1434 2509 1546 2564 τῶν
1585 2509 1761 2565 ἄλλων
1788 2508 1823 2580 ἡ

245 2607 447 2670 πίστις.
477 2604 697 2678 Διόπερ,
736 2624 755 2656 ι
790 2605 948 2678 ’Δρτι
986 2622 1005 2656 ι
1036 2602 1311 2657 πιστεύω(
1352 2604 1415 2655 ὲκ
1445 2603 1662 2674 μέρους·
1695 2600 1825 2655 ὅταν

240 2695 304 2752 δὲ
327 2696 455 2769 ἔλθῃ
486 2696 549 2750 τὸ
589 2696 797 2750 τέλειον
835 2714 856 2749 ι
908 2695 1008 2767 τῆς
1060 2693 1325 2757 πίστεως,
1354 2710 1372 2743 ι
1420 2692 1483 2745 τὸ
1524 2693 1590 2745 ὲκ
1627 2691 1826 2764 μέρους

244 2787 742 2860 καταργηθήσεται,
766 2806 786 2839 ι
840 2786 941 2858 τῆς
986 2785 1076 2841 διὰ
1131 2785 1304 2849 εἴδους
1359 2785 1593 2847 πίστεως
1646 2782 1826 2856 πολλῷ

242 2878 607 2953 διαφερούσης
637 2879 760 2951 τῆς,
788 2879 856 2933 ἵν’
877 2877 1050 2943 οὕτως
1074 2875 1235 2942 εἴπω,
1260 2877 1327 2930 δι’
1359 2877 1621 2948 ἐσόπτρου
1646 2876 1743 2931 καὶ
1769 2878 1826 2931 ὲν

249 2970 553 3044 αἰνίγματι,
575 2971 780 3043 ὁμοίως
804 2973 873 3043 τῇ
906 2969 1003 3025 νῦν
1041 2967 1261 3039 γνώσει,
1285 2969 1541 3033 πίστεως.

319 3244 412 3301 28.
446 3262 466 3298 ι
493 3244 651 3308 mss
680 3239 751 3316 ἦν
783 3245 842 3298 ὲν
872 3246 985 3309 τοῖς
1011 3242 1405 3316 Ἱεροσολύμοις
1433 3244 1491 3297 ὲν
1516 3242 1593 3316 τῷ
1617 3243 1831 3315 Πάσχα,

248 3339 308 3393 ἐν
327 3341 395 3410 τῇ
424 3338 609 3411 ἑορτῇ,
659 3336 842 3391 πολλοὶ
882 3337 1208 3391 ἐπίστευσαν
1235 3338 1316 3400 είς
1343 3333 1406 3388 τὸ
1437 3334 1607 3406 ὄνομα
1641 3333 1831 3400 αὑτοῦ,

249 3429 584 3504 Θεωροῦντες
626 3429 791 3485 αὐτοῦ
825 3430 895 3484 τὰ
934 3432 1173 3500 σημεῖα,
1206 3426 1243 3483 ἃ
1273 3428 1467 3482 ἐποίει.
1507 3426 1683 3491 Αὐτὸς
1713 3427 1775 3480 δὲ
1805 3429 1835 3481 ὁ

261 3520 472 3595 Ἰησοῦς
499 3522 600 3576 οὐκ
634 3520 951 3575 ἐπίστευσεν
994 3520 1156 3575 αὑτὸν
1208 3520 1393 3584 αὐτοῖς
1447 3518 1535 3573 διὰ
1578 3518 1640 3572 τὸ
1670 3518 1834 3572 αὐτὸν

249 3612 545 3683 γινώσκειν
572 3612 781 3678 πάντας
800 3652 815 3677 ,
866 3611 961 3666 καὶ
998 3611 1082 3667 ὅτι
1111 3613 1173 3666 οὐ
1213 3612 1401 3684 χρείαν
1430 3608 1595 3683 εἶχεν,
1630 3610 1719 3666 ἴνα
1750 3627 1834 3674 τις

250 3704 582 3778 μαρτυρήσῃ
612 3706 740 3775 περὶ
771 3700 1078 3775 ἀνθρώπου.
1112 3702 1283 3767 Αὐτὸς
1333 3702 1442 3775 γάρ
1488 3701 1751 3771 ἐγίνωσκε
1779 3700 1834 3754 τί

249 3794 325 3871 ἦν
354 3799 417 3852 ὲν
440 3795 517 3868 τῷ
548 3795 818 3870 ἀνθρώπῳ
852 3794 984 3866 (68).
1026 3813 1044 3846 ι
1093 3794 1335 3864 Ζητήσαι
1360 3809 1444 3857 τις
1473 3792 1541 3846 ἂν
1574 3790 1692 3855 πῶς
1723 3793 1836 3855 τοῖς

256 3887 770 3963 μεμαρτυρημένοις
816 3885 1130 3949 πιστεύειν,
1176 3882 1367 3935 ἑαυτὸν
1414 3882 1517 3935 ούκ
1551 3880 1837 3934 ἐπίστευεν

252 3980 367 4052 (69)
391 3982 421 4034 ὁ
457 3979 686 4051 Ἰησοῦς.
714 3977 948 4032 Λεκτέον
972 3975 1031 4030 δὲ
1060 3974 1197 4047 πρὸς
1227 3973 1404 4039 τοῦτο,
1452 3974 1534 4027 ὅτι
1577 3972 1700 4043 06x1
1726 3975 1837 4036 τοῖς

252 4072 607 4125 πιστεύουσιν
634 4070 714 4134 εἰς
742 4068 906 4123 αὐτὸν
935 4067 996 4121 οὐ
1030 4064 1276 4120 πιστεύει
1311 4065 1503 4118 ἑαυτὸν
1539 4066 1568 4115 ὁ
1607 4062 1836 4136 Ἰησοῦς,

251 4163 394 4218 ἀλλὰ
439 4165 553 4226 τοῖς
606 4159 953 4215 πιστεύουσιν
977 4160 1057 4221 εἰς
1093 4157 1156 4211 τὺ
1179 4157 1350 4228 ὄνομα
1373 4155 1559 4212 αὑτοῦ·
1591 4154 1839 4226 διαφέρει

250 4254 364 4326 γὰρ
393 4254 488 4310 τοῦ
536 4253 809 4308 πιστεύειν
856 4255 936 4317 είς
967 4251 1130 4306 αὑτὸν
1156 4251 1219 4304 τὸ
1251 4248 1526 4305 πιστεύειν
1557 4249 1636 4313 είς
1668 4248 1840 4320 ὄνομα

250 4347 445 4404 αὐτοῦ.
490 4346 550 4402 ’0
575 4345 705 4417 γοῦν
736 4345 826 4400 διά
859 4345 1041 4399 πίστιν
1084 4343 1158 4417 μὴ
1187 4343 1582 4416 κριθησόμενος
1633 4341 1711 4413 τῷ
1759 4343 1841 4407 είς

254 4437 419 4492 αὐτὸν
471 4435 748 4491 πιστεύειν
787 4435 849 4489 ού
895 4435 1159 4508 κρίνεται,
1191 4435 1312 4506 οὐχὶ
1352 4435 1410 4489 δὲ
1447 4435 1529 4498 εἰς
1568 4434 1629 4487 τὸ
1668 4433 1842 4504 ὄνομα

252 4530 441 4586 αὐτοῦ·
474 4529 610 4602 φησὶ
634 4528 744 4601 γάρ
765 4529 795 4582 ό
826 4526 1058 4599 Κύριος
1090 4548 1108 4579 ι
1147 4528 1205 4582 '0
1240 4527 1506 4582 πιστεύων
1539 4528 1619 4591 εἰς
1645 4526 1747 4597 ἐμὲ
1772 4525 1834 4580 ού

254 4619 534 4691 κρίνεται·
575 4637 595 4670 ι
626 4618 746 4689 οὐχὶ
773 4617 853 4681 δὲ,
892 4617 950 4671 '0
979 4617 1250 4672 πιστεύων
1292 4619 1372 4683 είς
1407 4617 1468 4683 τὸ
1513 4617 1686 4690 ὄνομά
1732 4635 1834 4690 μου

254 4712 316 4765 οὐ
348 4711 627 4784 κρίνεται⁶
673 4711 855 4767 οὐκέτι
901 4712 959 4766 δέ
991 4727 1176 4782 φησιν,
1222 4710 1279 4764 '0
1320 4710 1589 4764 πιστεύων
1624 4710 1705 4774 εἰς
1737 4710 1837 4781 ἐμὲ

255 4803 358 4875 ἤδη
393 4803 674 4878 κέκριται·
718 4806 861 4876 τάχα
906 4803 1016 4876 γὰρ
1042 4805 1072 4857 ό
1104 4802 1374 4857 πιστεύων
1421 4803 1504 4866 είς
1548 4802 1610 4856 τὸ
1664 4803 1837 4874 ὄνομα

257 4894 426 4949 αὐτοῦ
460 4896 704 4950 πιστεύει
736 4898 856 4968 μὲν,
889 4897 1079 4968 διόπερ
1110 4896 1212 4949 οὐκ
1248 4892 1396 4948 ἔστιν
1433 4893 1583 4960 ἄξιος
1610 4894 1711 4965 ήδη
1746 4911 1838 4948 κε-

256 4985 503 5059 κρίσθαι,
532 4986 770 5040 ἐλάττων
798 4986 909 5060 (70)
955 4987 1016 5042 δέ
1051 4988 1168 5040 ἐστι
1216 4984 1310 5040 τοῦ
1368 4983 1714 5049 πιστεύοντος
1760 4987 1841 5051 εἰς

258 5077 445 5132 αὐτόν.
490 5079 591 5133 Διὰ
622 5076 779 5132 τοῦτο
814 5079 894 5152 τῷ
927 5075 1235 5132 πιστεύοντι
1268 5077 1350 5142 είς
1376 5074 1438 5130 τὸ
1469 5075 1640 5147 ὄνομα
1672 5077 1838 5130 αὐτοῦ

256 5169 453 5223 ἑαυτὸν
483 5171 544 5225 ού
594 5172 840 5227 πιστεύει
871 5173 900 5226 ό
943 5169 1169 5243 Ἰησοῦς.
1203 5166 1376 5222 Αὐτοῦ
1430 5166 1609 5221 τοίνυν
1639 5168 1839 5238 μᾶλλον

334 5313 351 5340 ¹
382 5309 567 5367 Matth.
598 5328 720 5371 xm.
755 5311 838 5367 16.
959 5312 979 5342 ¹
1001 5311 1130 5365 ibid.
1156 5310 1249 5366 τι.
1345 5309 1368 5342 ³
1402 5307 1557 5366 Joan.
1596 5325 1689 5372 xx,
1714 5309 1804 5364 29.

256 5379 277 5409 ⁷
318 5379 493 5436 lCor.
527 5398 648 5448 xm,
679 5383 767 5438 Η.
860 5382 883 5415 ⁸
919 5382 1049 5436 ibid.
1085 5381 1174 5438 10.
1249 5380 1434 5437 "ibid.
1464 5380 1553 5435 12.

255 5494 449 5618 Θεὲἓῖ)
499 5494 716 5564 Ἰησοῦ.
781 5495 873 5551 Sic
941 5494 1113 5551 codex
1175 5492 1538 5559 Bodleianus;
1600 5492 1837 5563 Regius,

306 5580 449 5703 εῗιῖέ)
501 5635 598 5689 Ἐν
652 5633 735 5702 τῷ
782 5634 1089 5704 ἀνθρώπῳ.
1140 5631 1493 5704 Desidet-ator
1539 5633 1592 5687 in
1647 5634 1836 5691 codice

260 5701 457 5776 negas,
483 5707 578 5760 sed
612 5701 918 5760 restituitur
941 5722 973 5760 e
1000 5704 1191 5759 codice
1223 5701 1527 5758 Bodleiano.

539 5799 815 5863 Punct.
846 5800 966 5861 (in.
1001 5797 1172 5864 XIV.

1904 5311 1926 5342 ⁸
1957 5308 2087 5365 Luc.
2121 5325 2184 5373 ll,
2215 5309 2309 5374 29,
2343 5308 2432 5365 '50.
2529 5308 2552 5341 ⁸
2577 5308 2731 5365 Prov.
2762 5324 2855 5372 xx,
2891 5307 2977 5363 i5.

1653 5381 1696 5410 ³⁸
1724 5378 1885 5435 Joan.
1922 5397 1980 5443 tt,
2004 5379 2076 5434 25
2111 5395 2229 5451 seq.

1926 1856 2071 1911 enim
2101 1871 2117 1908 :
2157 1873 2174 1907 ι
2208 1854 2370 1924 Aperi
2395 1854 2603 1919 oculos,
2636 1863 2689 1910 et
2722 1856 2966 1926 repleare
2992 1856 3221 1926 panibus
3250 1856 3294 1910 ⁸.
3337 1866 3357 1907 ι
3401 1856 3507 1910 Sed

1927 1948 2188 2003 hactenus
2225 1947 2293 2003 de
2321 1963 2388 2002 eo
2408 1985 2425 2012 ,
2456 1946 2601 2016 quod
2632 1946 2831 2002 dicitur
2859 1965 2874 2005 :
2914 1967 2933 2001 ι
2967 1948 3329 2004 Crediderunt
3355 1947 3511 2004 Scri-

1930 2047 2099 2105 ριιιιιειξ
2124 2077 2138 2098 ,
2172 2048 2224 2091 et
2272 2037 2515 2092 sermoni
2547 2053 2711 2108 quem
2741 2038 2879 2093 dixit
2917 2035 3076 2094 Jesus
3105 2034 3147 2104 ⁸,
3183 2056 3203 2090 ι
3243 2047 3303 2093 ιιι
3325 2054 3392 2093 ex
3427 2039 3514 2095 bis

1931 2144 2051 2199 quae
2081 2129 2146 2184 de
2189 2128 2296 2184 [ide
2324 2130 2727 2199 exquisivimus
2751 2173 2766 2198 ,
2801 2129 3191 2200 perfectionem
3227 2133 3350 2188 ﬁdei
3394 2133 3512 2188 dari

1933 2221 2093 2276 nobis
2149 2222 2687 2289 comprehendamus
2741 2224 2794 2278 in
2854 2238 3053 2294 magna
3114 2226 3515 2280 resurrectione

1935 2315 2105 2369 totius
2144 2315 2390 2385 corporis
2424 2314 2652 2382 Christi,
2707 2332 2903 2388 nempe
2952 2327 3155 2374 sanctae
3203 2318 3372 2388 ipsius
3412 2318 3515 2373 Ec-

1932 2403 2135 2461 elesim.
2194 2402 2328 2457 Nam
2395 2404 2538 2474 quod
2594 2405 2663 2461 de
2720 2407 3032 2476 cognitione
3087 2417 3173 2485 est
3243 2407 3448 2463 dictum
3496 2424 3514 2464 :

1936 2512 1957 2547 ι
1992 2496 2146 2551 Nunc
2176 2509 2447 2565 cognosco
2475 2510 2541 2550 ex
2574 2504 2728 2566 parte
2756 2498 2800 2565 ⁷,
2834 2516 2853 2551 ι
2887 2498 2941 2553 id
2981 2498 3149 2554 etiam
3177 2514 3521 2571 censcquen-

1934 2599 2015 2645 ter
2046 2591 2115 2646 de
2143 2590 2337 2660 quovis
2372 2590 2516 2644 bono
2534 2589 2638 2644 dici
2673 2589 2937 2656 arbitror,
2967 2606 3201 2663 quorum
3230 2609 3397 2647 unum
3431 2602 3519 2649 est

1930 2685 2095 2739 etiam
2129 2684 2283 2738 tides.
2335 2682 2727 2750 Quamobrem,
2772 2685 2937 2739 credo
2974 2703 2993 2736 ι
3030 2699 3173 2739 nunc
3210 2699 3277 2739 ex
3311 2695 3465 2755 parte
3496 2701 3514 2741 ι

1932 2786 2058 2833 cum
2117 2791 2249 2831 vero
2297 2777 2507 2830 venerit
2559 2776 2822 2847 perfectio
2858 2794 2878 2829 ι
2917 2776 3040 2832 ﬁdei
3070 2817 3085 2843 ,
3134 2795 3155 2831 ι
3200 2779 3517 2835 destruetur

1933 2868 2078 2940 quod
2125 2883 2189 2924 ex
2229 2877 2388 2938 parte
2424 2878 2510 2925 est
2535 2869 2594 2936 ⁸;
2634 2887 2653 2921 ι
2691 2870 2795 2925 ﬁde
2853 2885 2916 2925 ea
2972 2885 3094 2939 quze
3147 2887 3247 2943 per
3284 2870 3519 2927 formam

1934 2959 2206 3024 subsistit,
2236 2957 2399 3029 longe
2445 2959 2790 3030 praecedente
2820 2960 2913 3015 illa
2953 2959 3060 3017 ﬁde
3091 2976 3212 3032 qua:
3264 2979 3361 3034 per
3388 2979 3519 3034 spe-

1934 3051 2142 3119 culum,
2175 3061 2234 3106 ut
2266 3051 2340 3106 ita
2368 3052 2585 3122 loquar,
2608 3063 2714 3119 est,
2754 3054 2876 3108 etin
2915 3055 3263 3125 muigmate’,
3292 3057 3518 3127 perinde

1854 3135 1898 3194 ϐ
1933 3151 2097 3214 atque
2129 3158 2373 3214 praesens
2400 3146 2664 3216 cognitio.

2001 3236 2095 3293 28.
2134 3253 2153 3288 ι
2193 3236 2329 3291 Cum
2361 3248 2541 3292 autem
2572 3247 2719 3293 esset
2765 3235 3127 3307 Jerosolymis
3174 3238 3228 3293 in
3283 3237 3515 3303 Pascha,

1935 3328 1990 3385 in
2039 3329 2131 3385 die
2162 3329 2323 3396 festo,
2354 3330 2510 3386 multi
2543 3330 2896 3385 crediderunt
2930 3331 2982 3385 in
3011 3332 3231 3387 nomine
3259 3332 3402 3403 ejus,
3436 3346 3520 3385 γ.-

1935 3422 2128 3476 dentes
2177 3422 2350 3492 ipsius
2401 3421 2553 3492 signa
2583 3436 2706 3492 quae
2738 3421 2995 3477 faciebat.
3044 3424 3164 3492 Ipse
3202 3439 3330 3479 vero
3356 3421 3521 3479 Jcsns

1937 3530 2043 3569 non
2076 3516 2334 3571 credebat
2357 3515 2596 3585 seipsutn
2636 3513 2764 3580 illis,
2793 3531 2861 3569 eo
2896 3515 3037 3584 quod
3078 3514 3193 3585 ipse
3225 3531 3518 3586 eugnosce-

1937 3619 2020 3663 ret
2059 3623 2276 3675 omnes,
2322 3622 2422 3663 nec
2449 3622 2588 3677 opus
2627 3607 2856 3664 haberet
2890 3619 2950 3662 ut
2978 3609 3367 3663 testiﬁcaretur
3397 3607 3523 3676 quis

1936 3699 2007 3757 de
2039 3700 2281 3756 homine.
2329 3701 2449 3770 Ipse
2481 3700 2630 3754 enim
2658 3701 2867 3755 sciebat
2896 3700 3026 3770 quid
3074 3707 3221 3755 esset
3251 3699 3303 3752 in
3338 3699 3522 3753 bomi~

1937 3793 2096 3850 ne".
2138 3812 2157 3846 ι
2218 3792 2439 3859 Quterat
2495 3790 2694 3861 aliquis
2741 3790 2906 3862 210
2955 3790 3229 3861 quontodo
3277 3791 3522 3861 seipsum

1940 3902 2050 3941 non
2098 3883 2350 3941 crederet
2376 3880 2538 3937 Jcsus
2586 3879 2675 3935 bis
2700 3881 2768 3937 de
2795 3881 2995 3950 quibus
3029 3887 3290 3935 testatum
3348 3878 3528 3933 fuerat

1939 3979 2084 4050 quod
2118 3977 2411 4034 crederent
2445 3990 2460 4031 :
2495 3977 2561 4030 ad
2614 3975 2759 4044 quod
2805 3976 3097 4031 dicendum
3127 3983 3232 4039 est,
3278 3987 3384 4030 non
3435 3972 3525 4028 bis

1940 4073 2032 4142 qui
2063 4072 2300 4128 credunt
2356 4069 2408 4123 in
2466 4068 2644 4139 ipsum
2683 4085 2789 4124 non
2818 4083 2879 4124 se
2908 4068 3136 4124 credere
3179 4065 3387 4133 lusum,
3424 4062 3524 4122 sed

1945 4167 2028 4220 his
2059 4166 2149 4235 qui
2176 4166 2408 4219 credunt
2438 4164 2489 4216 in
2527 4161 2747 4218 nomine
2794 4160 2933 4232 ejus.
2973 4159 3166 4216 Diﬂ'ert
3195 4160 3346 4214 enim
3391 4173 3519 4215 cre-

1942 4257 2074 4312 dere
2104 4256 2156 4310 in
2193 4255 2393 4324 ipsum,
2420 4253 2489 4309 ab
2525 4269 2590 4310 eo
2621 4256 2765 4325 quod
2802 4264 2885 4309 est
2926 4256 3152 4309 credere
3190 4253 3242 4307 in
3303 4252 3526 4309 nomine

1946 4348 2142 4417 ipsius.
2194 4343 2384 4414 Itaque
2438 4344 2530 4415 qui
2582 4360 2680 4415 per
2709 4343 2870 4399 ﬁdem
2922 4359 3032 4399 non
3063 4352 3149 4399 est
3176 4342 3523 4412 iudicandus,

1948 4455 2053 4494 non
2080 4438 2355 4507 iudicatur
2383 4452 2448 4492 eo
2474 4439 2619 4507 quod
2648 4438 2837 4492 credat
2865 4436 2918 4491 in
2956 4437 3157 4507 ipsum,
3196 4450 3304 4490 non
3342 4444 3522 4490 autem

1944 4546 2009 4585 eo
2036 4531 2181 4601 quod
2216 4530 2405 4585 credat
2437 4529 2488 4583 in
2527 4530 2749 4582 nomine
2793 4528 2985 4597 ipsius.
3029 4526 3205 4596 Inquit
3231 4526 3379 4580 enim
3419 4526 3527 4582 Ι)οο

1947 4625 2126 4678 minus
2159 4641 2173 4677 :
2219 4647 2236 4673 ι
2270 4622 2374 4690 Qui
2414 4623 2590 4678 credit
2627 4624 2681 4675 in
2711 4636 2819 4687 me,
2857 4637 2962 4676 non
2989 4619 3268 4689 iudicatur
3297 4619 3376 4688 “;
3417 4638 3438 4673 ι
3468 4629 3529 4675 at

1948 4730 2057 4769 non
2085 4715 2216 4770 item
2238 4754 2254 4778 ,
2279 4716 2372 4785 qui
2404 4717 2577 4772 credit
2610 4716 2662 4770 in
2694 4714 2915 4769 nomine
2945 4728 3068 4770 meo
3102 4728 3206 4768 non
3226 4710 3525 4782 iudicatur.

1947 4805 2058 4863 Nec
2091 4814 2270 4863 tamen
2307 4808 2502 4880 inquit,
2534 4807 2638 4875 Qui
2668 4807 2843 4863 credit
2876 4806 2929 4861 iu
2963 4821 3069 4872 me,
3098 4806 3213 4878 jam
3247 4806 3528 4876 judicatus

1948 4907 2052 4954 est.
2099 4897 2374 4953 Fortassis
2422 4897 2569 4952 enim
2605 4896 2697 4967 qui
2748 4896 2927 4953 credit
2976 4896 3030 4952 in
3084 4899 3304 4953 nomine
3333 4897 3524 4968 ipsius,

1945 4989 2119 5046 credit
2150 4988 2393 5060 quidem,
2438 5003 2612 5058 quare
2657 4990 2911 5060 indignus
2941 5000 3024 5045 est
3050 4992 3142 5060 qui
3171 4990 3284 5063 jam
3303 4988 3522 5058 judica-

1948 5094 2033 5138 tus
2059 5082 2265 5147 sit,sed
2298 5082 2476 5136 minor
2503 5097 2569 5138 eo
2601 5090 2685 5138 est
2709 5082 2801 5153 qui
2831 5082 3005 5137 credit
3036 5081 3087 5135 in
3126 5082 3321 5151 ipsum.
3351 5080 3522 5147 Quam

1944 5177 2013 5231 ob
2041 5191 2263 5230 causam
2299 5175 2545 5231 credenti
2575 5175 2629 5230 in
2660 5175 2879 5230 nomine
2917 5175 3091 5244 ipsius
3116 5175 3357 5242 seipsutn
3413 5187 3521 5227 non

3075 5306 3097 5337 ⁸
3129 5305 3289 5363 Joan.
3323 5322 3389 5371 tt,
3426 5305 3518 5360 ‘29..

2309 5381 2348 5412 “
2389 5381 2544 5436 Joan.
2585 5379 2787 5450 "1,18.

2016 5466 2130 5565 (69)
2169 5493 2351 5557 Codex
2386 5493 2606 5564 Regius,
2640 5490 2916 5546 πιστεύειν
2949 5492 3038 5545 ἐπ’
3062 5491 3245 5559 αὐτὸν,
3271 5491 3374 5547 οὐκ
3401 5488 3523 5548 11d-

1948 5580 2311 5705 στῗξδῗνίιιοιη
2337 5633 2505 5693 codex
2543 5631 2765 5703 Regius,
2801 5646 3113 5706 perperam,
3142 5631 3391 5690 ἔλαττον.

3208 5788 3284 5850 13
