3878 6210
393 302 499 356 395

1835 303 2160 361 ORIGENIS

3547 320 3646 374 3%

396 419 568 472 credit
593 417 772 474 Iesus.
808 418 983 489 ipsum
1022 420 1205 490 igitur,
1251 422 1431 492 potius
1455 439 1616 491 quant
1647 440 1802 480 suum
1869 442 1962 480 no-

2075 427 2107 498 i‘,
2144 425 2233 479 τοῦ
2267 426 2531 497 ὀνόματος
2557 427 2721 482 αὑτοῦ
2754 428 2974 498 ἔχεσθαι
3001 429 3098 495 δεῖ,
3131 431 3218 484 ἵνα
3273 431 3369 502 μὴ,
3417 437 3495 508 τῷ
3542 433 3647 486 όνόο

397 528 518 566 men
566 514 862 567 habeamus
893 528 1115 568 necesse
1143 524 1247 578 est,
1287 530 1352 570 ne
1385 516 1436 570 in
1467 519 1684 574 nomine
1711 519 1829 589 ejus
1858 521 1966 574 vir-

397 613 540 658 tutes
579 604 842 659 iacientes
873 605 1161 659 audiamus
1191 623 1311 674 qua:
1346 608 1412 662 ab
1458 609 1578 679 ipso
1609 611 1752 666 dicta
1785 613 1969 666 audie-

398 708 520 750 runt
555 697 645 765 qui
694 697 1067 765 gloriabantur
1098 698 1150 750 in
1187 699 1405 753 nomine
1435 701 1623 769 ipsius,
1674 703 1767 758 sed
1794 707 1966 758 conﬂ-

396 789 591 841 damus
624 788 929 842 imitatores
966 787 1090 842 facti
1118 787 1266 842 Pauli
1294 791 1478 846 dicere
1507 809 1522 848 :
1565 811 1583 844 ι
1623 793 1814 848 Omnia
1845 810 1970 864 pos-

399 895 515 932 sum
565 880 618 933 in
673 876 799 936 Jesu
849 879 1064 936 Christo
1097 895 1182 934 me
1215 885 1612 942 eorroborante
1650 889 1713 942 ¹².
1757 906 1775 940 ι
1835 889 1965 943 Illud

394 981 571 1026 autem
603 972 1001 1028 observandum
1033 986 1114 1029 est
1140 1015 1155 1040 ,
1185 977 1326 1044 quod
1368 979 1617 1046 superius
1645 981 1860 1048 quidem
1893 983 1970 1036 di-

393 1076 483 1118 cat
521 1064 564 1096 ¹³
598 1081 760 1134 prope
786 1080 909 1120 esse
953 1066 1157 1124 Pascha
1189 1066 1527 1133 .ludzeorum,
1563 1072 1651 1125 hic
1689 1086 1815 1126 vero
1859 1088 1964 1127 non

393 1162 445 1214 in
477 1157 743 1214 Pasehate
769 1157 1101 1224 Jndmorum,
1124 1161 1216 1214 sed
1238 1161 1289 1214 in
1325 1160 1590 1218 Pasehate
1616 1161 1968 1235 Jerosolymis

393 1262 509 1310 erat
561 1256 718 1306 Jesus
758 1252 836 1315 ¹⁸;
887 1263 939 1304 et
973 1253 1081 1305 illic
1108 1254 1326 1322 quidem
1387 1256 1608 1324 quando
1658 1254 1964 1312 Judreorum

397 1347 596 1400 dicitur
620 1344 855 1408 Pascha,
885 1359 990 1398 non
1022 1345 1223 1400 dictum
1254 1356 1332 1400 est
1367 1346 1482 1402 dies
1511 1348 1700 1414 festus,
1726 1350 1811 1404 hic
1840 1365 1966 1405 vero

394 1438 655 1507 scriptum
693 1436 858 1490 l‘nisse
886 1433 1070 1490 Jcsum
1102 1451 1224 1492 esse
1260 1438 1313 1491 in
1347 1439 1432 1492 die
1473 1439 1610 1495 h-sto
1644 1460 1659 1498 :
1690 1439 1964 1513 Jerosoly-

396 1531 499 1584 mis
525 1530 666 1583 enim
697 1531 965 1583 exsistens
995 1528 1244 1584 Christus
1282 1529 1334 1584 in
1375 1529 1640 1586 Paschate
1674 1541 1791 1586 erat
1823 1543 1875 1586 et
1911 1534 1962 1587 in

393 1624 478 1677 die
537 1623 716 1689 festo,
761 1621 942 1676 multis
999 1622 1356 1677 credentibus
1418 1624 1581 1677 etiam
1641 1623 1691 1676 in
1749 1625 1964 1679 nomine

391 1716 580 1786 ipsius.
616 1716 690 1768 Ac
727 1714 972 1784 profecto
1009 1713 1140 1768 illud
1193 1716 1359 1769 etiam
1408 1715 1813 1771 observandum
1857 1726 1960 1782 est,

2080 535 2208 586 ματι
2254 518 2416 571 αὑτοῦ
2466 519 2723 590 δυνάμεις
2756 519 3054 587 τωιοῦντες,
3089 522 3410 594 ἀκούσωμεν
3451 525 3522 579 τὰ
3564 528 3652 580 ἐπὶ

2074 607 2152 678 τῷ
2211 609 2432 679 ὀνόματι
2493 609 2639 680 μόνῳ
2683 613 3112 682 καυχησαμένων
3149 612 3316 666 αὑτοῦ
3348 616 3612 686 εἰρημένα
3637 636 3650 646 ·

2075 698 2209 753 ἀλλὰ
2255 699 2617 772 θαρρήσωμεν
2674 702 2904 772 μιμηταὶ
2963 702 3058 755 τοῦ
3130 703 3346 758 Παύλου
3387 707 3653 776 γινόμενοι

2074 793 2280 844 εἰπεῖν·
2320 811 2338 842 ι
2381 793 2566 846 Πάντα
2598 793 2766 864 ἰσχύω
2798 795 2856 846 ὲν
2883 793 2962 864 τῷ
3000 794 3384 866 ἐνδυναμοῦντί
3423 816 3487 868 με
3523 801 3654 870 Χρι-

2076 883 2185 955 στῷ
2230 885 2424 956 Ἰησοῦ.
2451 905 2470 937 ι
2509 886 2931 958 Παρατηρητέον
2965 887 3021 940 δὲ
3051 888 3146 940 καὶ
3185 888 3362 953 τοῦτο,
3397 891 3478 943 δτι
3519 892 3654 944 ἀνω-

2071 977 2216 1048 τέρω
2251 979 2347 1048 μὲν
2377 980 2544 1047 ἐγγύς
2571 995 2735 1048 φησιν
2760 974 2900 1031 εἶναι
2932 979 2992 1031 τὸ
3020 979 3210 1049 Πάσχα
3242 979 3352 1050 (71)
3375 979 3483 1033 τῶν
3524 982 3654 1035 Ἰου-

2071 1070 2255 1132 δαίων,
2287 1070 2472 1124 ἐνθάδε
2504 1070 2560 1124 δὲ
2593 1071 2694 1124 οὐκ
2736 1072 2792 1124 ὲν
2830 1070 2907 1140 τῷ
2946 1071 3138 1141 Πάσχα
3182 1072 3290 1124 τῶν
3342 1073 3614 1126 Ἰουδαίων
3637 1113 3654 1138 ,

2072 1161 2185 1216 ἀλλ’
2215 1163 2272 1214 ὲν
2301 1161 2378 1231 τῷ
2409 1163 2600 1232 Πάσχα
2639 1161 3029 1234 Ἰεροσολύμοις
3058 1158 3125 1232 ἦν
3157 1164 3186 1216 6
3231 1163 3454 1233 Ἰησοῦς·
3496 1166 3658 1218 κάκεί

2075 1247 2196 1317 μὲν,
2227 1248 2314 1300 ὅτε
2358 1248 2626 1302 Ἰουδαίων
2675 1249 2894 1317 λέγεται
2934 1250 2996 1302 τὸ
3035 1249 3228 1322 Πάσχα
3251 1292 3266 1315 ,
3300 1253 3400 1305 ούκ
3436 1254 3655 1325 είρηται

2073 1339 2232 1411 ἑορτή
2255 1357 2267 1370 ·
2301 1338 2486 1394 ἐνθάδε
2517 1339 2572 1393 δὲ
2605 1343 2633 1393 6
2670 1339 2877 1412 Ἰησοῦς
2926 1341 3336 1413 ἀναγέγραπται
3400 1339 3543 1396 εἶναι
3599 1347 3654 1397 ἐν

2070 1434 2135 1502 τῇ
2176 1432 2371 1502 ἑορτῇ·
2429 1432 2487 1485 ὲν
2520 1435 2631 1495 τοῖς
2696 1432 3088 1504 Ἰεροσολύμοις
3125 1434 3233 1504 γὰρ
3267 1435 3552 1504 τυγχάνων
3597 1437 3653 1487 ὲν

2072 1527 2263 1596 Πάσχα
2291 1527 2384 1580 καὶ
2408 1529 2566 1599 ἑορτῇ
2591 1523 2679 1600 ἦν,
2713 1529 2924 1582 πολλῶν
2955 1531 3317 1584 πιστευόντων
3351 1531 3453 1584 κᾶν
3478 1532 3564 1594 εἰς
3595 1532 3655 1582 τὸ

2069 1617 2238 1691 δνομα
2272 1619 2456 1674 αὑτοῦ.
2490 1621 2600 1674 Καὶ
2631 1623 3048 1692 παρατηρητέον
3077 1639 3140 1690 γε
3161 1661 3176 1687 ,
3223 1623 3304 1675 ὃτι
3337 1621 3526 1675 πολλοὶ
3556 1623 3655 1674 οὐκ

2069 1713 2148 1773 εἰς
2177 1711 2357 1774 αὑτὸν,
2378 1710 2490 1763 ἀλλ’
2515 1711 2596 1773 εἰς
2618 1710 2679 1762 τὸ
2698 1710 2866 1782 ὖνομα
2893 1711 3055 1764 αὑτοῦ
3085 1711 3359 1764 πιστεύειν
3380 1710 3656 1780 λέγονται.

393 1808 590 1862 multos
621 1807 726 1862 dici
761 1808 982 1862 credere
1014 1823 1120 1862 non
1157 1807 1208 1860 in
1262 1807 1436 1877 ipsum
1471 1849 1487 1874 ,
1525 1809 1619 1864 sed
1654 1809 1706 1862 iu
1746 1810 1962 1865 nomine

2070 1803 2129 1854 (li
2158 1801 2213 1854 δὲ
2253 1803 2332 1866 εἰς
2360 1802 2521 1855 αὑτὸν
2551 1802 2902 1866 πιστεύοντες
2949 1807 3031 1867 εἰς
3057 1803 3155 1876 τὴν
3213 1805 3404 1876 στενὴν
3438 1804 3534 1856 καὶ
3571 1821 3655 1856 τε-

391 1899 580 1970 ipsius.
638 1899 736 1966 Qui
775 1914 902 1954 vero
945 1899 996 1953 in
1039 1899 1188 1953 illum
1248 1900 1517 1964 credunt,
1573 1901 1628 1953 hi
1686 1910 1814 1954 sunt
1869 1901 1959 1970 qui

389 1990 668 2045 ambulant
707 2005 801 2060 per
827 1991 965 2044 viam
997 1999 1204 2050 arctam
1251 1998 1415 2060 atque
1445 1998 1729 2059 angustam
1761 1991 1963 2045 ducen-

390 2094 495 2138 tem
530 2083 594 2136 ad
625 2083 811 2148 vitam,
851 2097 970 2151 qua:
997 2097 1025 2135 a
1054 2081 1577 2152 quampaneissimis
1605 2082 1877 2136 invenitur
1896 2083 1958 2138 ".

392 2173 535 2228 Fieri
567 2182 804 2228 attamen
831 2181 1008 2243 potest
1042 2182 1100 2227 ut
1136 2172 1290 2226 multi
1324 2188 1390 2226 ex
1421 2173 1504 2226 his
1539 2173 1631 2241 qui
1660 2174 1710 2227 in
1744 2173 1964 2228 nomine

391 2263 562 2334 ipsius
596 2263 846 2329 credunt,
894 2264 1212 2318 recumbant
1234 2278 1356 2316 cum
1381 2262 1681 2330 Abraham,
1703 2274 1756 2318 et
1787 2264 1960 2331 Isaac,

389 2355 632 2412 etJacob
676 2355 728 2409 iu
763 2370 928 2424 regno
961 2354 1259 2418 etelorum;
1295 2355 1553 2424 quoniam
1611 2375 1628 2407 ι
1686 2356 1836 2410 multi
1894 2358 1962 2413 ab

391 2449 613 2506 Oriente
639 2456 694 2502 et
725 2445 1019 2501 Occidente
1066 2446 1304 2509 venient,
1364 2457 1416 2500 et
1468 2446 1786 2501 rccumbent
1837 2463 1960 2503 cum

391 2540 688 2606 Abraham,
715 2547 765 2592 et
796 2536 968 2600 Isaac.
994 2547 1047 2592 et
1071 2535 1237 2592 Jacob
1259 2536 1313 2591 in
1349 2551 1516 2608 regno
1545 2538 1804 2594 caelorum
1833 2539 1897 2604 ",
1937 2559 1955 2592 ι

389 2647 509 2701 qua:
539 2631 731 2686 domus
759 2639 844 2684 est
886 2627 1090 2692 Patris,
1146 2629 1198 2682 in
1255 2645 1360 2699 qua
1411 2630 1726 2685 mansiones
1781 2631 1963 2686 multa:

389 2731 512 2776 sunt
554 2723 613 2777 "’.
651 2722 828 2789 Atque
861 2720 1022 2774 etiam
1062 2720 1161 2773 hoc
1194 2719 1592 2774 observandum
1626 2729 1730 2784 est,
1763 2721 1962 2775 multos

389 2815 679 2868 credentes
729 2814 780 2865 in
826 2811 1045 2866 nomine
1097 2811 1306 2880 ipsius,
1363 2827 1468 2866 non
1507 2811 1959 2880 quemadmodum

388 2907 656 2968 Andreas,
705 2914 759 2958 et
808 2902 1026 2966 Petrus,
1086 2911 1139 2956 et
1193 2901 1518 2969 Natbanael,
1555 2913 1610 2957 et
1655 2903 1958 2974 Philippus,

389 2999 612 3054 credere
666 2998 730 3061 "',
761 2997 855 3050 sed
911 2995 1221 3050 testimonio
1276 2993 1502 3050 Joannis
1553 3011 1745 3065 parere
1778 2997 1961 3052 dicen-

392 3093 459 3144 tis
485 3090 526 3122 ¹⁹
560 3107 574 3144 :
611 3108 628 3140 ι
657 3087 794 3142 Ecce
825 3089 1009 3156 Agnus
1045 3087 1133 3140 ille
1169 3086 1260 3140 Dei
1293 3103 1306 3152 ;
1344 3105 1360 3137 ι
1405 3086 1486 3140 vel
1522 3087 1830 3141 Christoah
1859 3089 1961 3141 An-

388 3185 518 3238 drea
550 3190 786 3252 reperto,
813 3179 893 3232 vel
927 3178 1024 3248 ipsi
1055 3177 1180 3232 Jesu
1205 3179 1404 3232 dicenti
1435 3179 1502 3232 ad
1527 3179 1830 3250 Philippum
1863 3181 1906 3211 ²⁰
1943 3196 1960 3233 ;

393 3293 412 3324 ι
448 3273 694 3342 Sequere
745 3285 865 3334 me;
909 3288 928 3321 ι
965 3268 1046 3322 vel
1083 3267 1325 3337 Philippo
1359 3267 1559 3322 dicenti
1594 3269 1635 3298 ¹¹
1671 3285 1685 3324 :
1731 3287 1748 3320 t
1785 3270 1957 3334 Quem

387 3363 610 3433 scripsit
658 3361 908 3431 Moyses,
951 3370 1006 3414 et
1055 3359 1370 3428 prephetzr,
1426 3359 1728 3414 invenimus
1771 3360 1958 3416 Jesum

392 3455 558 3508 ﬁlium
587 3451 784 3520 Joscph
815 3468 842 3504 ει
876 3449 1038 3520 211
1069 3447 1406 3502 Nazareth.)
1439 3448 1498 3502 Ili
1533 3459 1710 3504 autem
1743 3469 1760 3501 ι
1793 3452 1964 3506 credi-

388 3548 587 3600 derunt
633 3545 685 3597 in
718 3543 938 3597 nomine
972 3542 1112 3611 ejus,
1147 3541 1394 3595 videntes
1445 3540 1619 3610 ipsius
1650 3543 1802 3613 signa
1832 3558 1954 3614 quae

394 3635 718 3702 fat-iebat";
751 3653 770 3686 ι
808 3641 969 3700 atque
999 3632 1152 3701 signa
1206 3630 1554 3686 credentibus
1609 3647 1714 3686 non
1773 3634 1824 3687 in
1877 3633 1960 3702 ip-

389 3745 532 3793 sum,
569 3728 660 3782 sed
701 3728 754 3782 in
799 3727 1019 3782 nomine
1051 3725 1186 3793 ejus,
1221 3739 1325 3778 non
1371 3725 1626 3780 credebat
1678 3723 1836 3781 Jesus
1877 3741 1963 3780 se-

391 3823 564 3890 ipsutn
594 3821 694 3882 eis,
754 3835 943 3874 omnes
981 3832 1306 3889 agnoscens,
1335 3824 1388 3870 et
1425 3833 1531 3873 non
1584 3834 1720 3888 opus
1750 3819 1963 3874 habens

390 3925 446 3966 ιιι
477 3913 598 3980 quis
659 3910 1041 3964 testificaretur
1099 3912 1166 3964 de
1217 3911 1456 3976 homine,
1494 3925 1558 3964 eo
1591 3911 1732 3979 quod
1793 3926 1963 3981 agno-

387 4013 567 4056 secret
600 3998 910 4067 singulatim
971 3998 1098 4067 quid
1146 4009 1290 4053 esset
1363 4000 1416 4054 in
1472 4015 1797 4071 unoquoque
1862 4004 1964 4058 ho-

391 4097 554 4150 mine.

455 4186 546 4240 29.
601 4182 724 4238 llaec
761 4183 922 4236 verba
945 4224 959 4247 ,
993 4199 1010 4232 ι
1037 4197 1142 4236 non
1187 4197 1325 4252 opus
1363 4182 1598 4240 habebat
1634 4194 1692 4237 nt
1732 4189 1853 4256 quis
1879 4197 1960 4242 te-

391 4280 725 4334 stiﬁcaretur
747 4276 811 4328 de
846 4274 1084 4337 homine,
1115 4291 1133 4324 ι
1155 4283 1458 4342 Opportune
1501 4277 1698 4329 utenda
1734 4287 1864 4330 sont
1894 4276 1961 4330 ad

391 4369 879 4426 demonstrandum
924 4366 1067 4434 quod
1120 4365 1290 4420 Filius
1341 4365 1433 4420 Dei
1475 4380 1503 4419 a
1550 4366 1728 4436 seipso
1773 4369 1964 4422 videre

2066 1893 2364 1966 θλιμμένην
2397 1894 2536 1947 εἰσὶν
2565 1894 2863 1960 ὁδεύοντες,
2895 1897 3216 1965 ἀπάγουσαν
3246 1898 3326 1959 εἰς
3351 1897 3451 1969 τὴν
3480 1896 3652 1968 ζωὴν,

2063 1987 2186 2040 ὅσον
2209 1988 2313 2039 ὑπ’»
2327 1987 2436 2040 τῶν
2464 1987 2662 2056 ὀλίγων
2692 1989 3108 2061 εὑρισκομένην.
3139 1991 3371 2044 Δυνατὺν
3400 1991 3651 2060 μέντοιγε

2064 2080 2291 2144 πολλοὺς
2335 2079 2444 2133 τῶν
2494 2081 2572 2144 είς
2601 2081 2660 2133 τὸ
2689 2081 2860 2152 ὄνομα
2901 2082 3066 2135 αὐτοῦ
3116 2083 3478 2137 πιστευόντων
3519 2084 3652 2137 ἁναο

2064 2173 2325 2245 κληθῆναι
2360 2171 2498 2243 μετὰ
2538 2172 2807 2243 Ἀϐραὰμ,
2841 2173 2936 2227 καὶ
2989 2172 3194 2237 Ἰσαὰκ,
3235 2175 3327 2227 καὶ
3365 2174 3563 2228 Ἰακὼϐ
3595 2177 3652 2227 ἐν

2063 2268 2128 2336 τῇ
2163 2263 2410 2334 βασιλείᾳ
2449 2262 2557 2316 τῶν
2603 2263 2877 2332 οὐρανῶν·
2921 2265 3044 2318 ἐπεὶ
3082 2284 3100 2316 ι
3138 2265 3320 2319 πολλοὶ
3350 2265 3443 2318 ἀπ’
3491 2265 3654 2317 Ἀνα-

2063 2355 2225 2425 τολῆς
2287 2354 2382 2408 καὶ
2434 2353 2666 2424 Δυσμῶν
2735 2353 2924 2425 ἥξουσι
2948 2393 2963 2419 ,
3027 2356 3121 2410 καὶ
3194 2355 3651 2426 ἀνακλιθήσονται

2066 2448 2201 2518 μετὰ
2264 2446 2557 2518 Ἀϐραὰμ,
2609 2447 2702 2500 καὶ
2786 2448 2991 2512 Ἰσαὰκ,
3059 2449 3153 2501 καὶ
3219 2448 3410 2502 Ἰακὼό
3466 2451 3526 2501 ἐν
3584 2453 3650 2520 τῇ

2065 2537 2310 2611 βασιλείᾳ
2360 2538 2465 2592 τῶν
2495 2538 2762 2609 οὐρανῶν,
2795 2558 2812 2590 ι
2851 2539 3192 2613 τυγχανούσῃ
3225 2542 3370 2614 οἰκίᾳ
3394 2539 3490 2594 τοῦ
3537 2542 3653 2594 Παο

2062 2630 2210 2702 τρδςν
2252 2631 2310 2684 ἐν
2432 2630 2626 2685 πολλαὶ
2670 2631 2824 2702 μοναί
2873 2632 2998 2684 εἰσι.
3061 2633 3170 2686 Καὶ
3203 2631 3358 2686 τοῦτο
3389 2631 3446 2684 δὲ
3475 2648 3648 2703 τηρη-

2062 2720 2180 2773 τέον
2201 2761 2214 2784 ,
2253 2722 2334 2774 ὃτι
2392 2720 2596 2784 πολλοὶ,
2653 2721 3002 2786 πιστεύοντες
3036 2724 3117 2786 εἰς
3147 2723 3206 2776 τὸ
3237 2723 3405 2794 ὄνομα
3440 2723 3611 2776 αὑτοῦ
3633 2761 3653 2786 ,

2063 2810 2160 2880 οὐχ
2191 2811 2266 2873 ὠς
2307 2809 2580 2881 Ἀνδρέας,
2629 2811 2724 2863 καὶ
2772 2811 3012 2882 Πέτρος,
3065 2813 3159 2866 καὶ
3206 2812 3520 2884 Ναθαναὴλ.
3559 2815 3656 2868 καὶ

2062 2902 2326 2964 Φίλιππος
2360 2904 2737 2955 πιστεύουσιν·
2783 2903 2918 2956 ἀλλὰ
2969 2907 3034 2975 τῇ
3083 2905 3356 2977 μαρτυρία
3396 2907 3655 2960 Ἰωάννου

2064 2992 2338 3045 πείθονται
2382 2993 2634 3060 λέγοντος
2657 3009 2670 3023 ·
2705 3014 2722 3043 ι
2768 2993 2897 3046 Ἰδοὺ
2929 2995 2957 3046 6
2999 2995 3189 3066 Ἀμνδς
3224 2996 3316 3049 τοῦ
3365 2996 3525 3049 Θεοῦ·
3567 3017 3584 3048 ι
3619 2998 3652 3068 ἢ

2063 3083 2254 3154 τῷύπ’
2297 3083 2545 3155 Ἀνδρέου
2591 3085 2868 3156 εὑρεθέντι
2917 3085 3178 3158 Χριστῷ,
3234 3087 3268 3156 ἢ
3311 3086 3390 3157 τῷ
3435 3087 3656 3140 εἰπόντι

2078 3174 2251 3246 Ἰησοῦ
2294 3174 2372 3245 τῷ
2411 3175 2680 3247 Φιλίππῳ·
2733 3196 2750 3226 ι
2805 3177 3112 3230 Ἀκολούθει
3158 3195 3271 3249 μοι,
3306 3199 3323 3230 ι
3373 3178 3514 3250 ῆτῴ
3551 3179 3651 3248 φά-

2065 3283 2248 3320 σκοντι
2326 3267 2603 3338 Φιλίππῳ·
2664 3288 2681 3319 ι
2725 3269 2820 3322 *ον
2879 3268 3086 3340 ἔγραψε
3133 3270 3408 3340 Μωύσῆς,
3464 3271 3563 3324 καὶ
3609 3273 3657 3323 οἰ

2063 3359 2378 3429 προφῆται,
2412 3361 2726 3432 εὑρήκαμεν
2766 3360 2970 3431 Ἰησοῦν
3011 3363 3123 3415 υίδν
3161 3360 3255 3414 τοῦ
3299 3361 3498 3432 Ἰωσὴφ
3544 3361 3662 3414 ἀπὸ

2063 3452 2336 3524 Ναζαρέτ.
2366 3473 2383 3504 ι
2421 3447 2578 3507 Οὗτοι
2603 3453 2660 3507 δὲ
2682 3473 2700 3504 ι
2722 3455 3046 3508 ἐπίστευσαν
3077 3457 3156 3518 εἰς
3178 3455 3240 3507 τὸ
3261 3453 3431 3526 ὄνομα
3458 3453 3656 3518 αὐτοῦ,

2065 3543 2394 3616 θεωροῦντες
2413 3543 2576 3598 αὐτοῦ
2614 3543 2682 3597 τά
2725 3547 2946 3616 σημεῖα,
2978 3544 3014 3598 ὃ.
3051 3545 3291 3598 ἐποίευν
3325 3544 3420 3597 καὶ
3448 3547 3656 3616 σημεῖα

2065 3635 2408 3688 πιστεύουσιν
2433 3636 2532 3688 ούκ
2563 3637 2641 3696 εἰς
2668 3635 2826 3688 αὑτὸν
2850 3675 2866 3698 ,
2899 3636 3011 3690 ἀλλ’
3057 3638 3136 3700 εἰς
3176 3635 3236 3688 τὸ
3265 3636 3434 3707 ὄνομα
3461 3637 3656 3698 αὑτοῦ,

2065 3730 2092 3781 6
2121 3727 2326 3798 Ἰησοῦς
2348 3729 2448 3781 ούκ
2464 3728 2782 3781 ἐπίστευσεν
2815 3728 3003 3781 ἑαυτὸν
3030 3729 3232 3792 αὐτοῖς,
3257 3727 3463 3791 πάντας
3487 3729 3658 3797 γινώ-

2068 3835 2230 3882 σκων,
2267 3821 2359 3872 καὶ
2389 3818 2462 3890 μὴ
2496 3818 2680 3891 χρείαν
2709 3818 2876 3888 ἔχων,
2912 3819 2997 3872 ἵνα
3034 3837 3116 3883 τις
3149 3820 3475 3892 μαρτυρήσῃ
3522 3823 3654 3892 περὶ

2067 3912 2376 3985 ἀνθρώπου,
2409 3913 2486 3984 τῷ
2515 3911 2802 3981 γινώσκειν
2836 3912 2890 3965 τί
2923 3916 3067 3967 ἐστιν
3092 3914 3148 3966 ὲν
3181 3913 3395 3983 ἑκάστῳ
3420 3912 3532 3967 τῶν
3560 3915 3657 3966 άν-

2067 4003 2321 4075 θρὼπων.
3029 4003 3032 4006 ’

2137 4187 2224 4242 29.
2261 4187 2350 4257 Τῷ
2387 4187 2475 4241 δέ·
2515 4207 2532 4238 ι
2571 4188 2646 4240 Οὐ
2680 4188 2868 4258 χρείαν
2911 4181 3054 4256 εἶχεν
3087 4186 3172 4238 ἴνα
3202 4203 3285 4249 τις
3324 4187 3656 4258 μαρτυρήσῃ

2067 4282 2195 4352 περί
2220 4279 2529 4351 ἀνθρώπου,
2572 4301 2590 4332 ι
2624 4281 2895 4351 εὐκαίρως
2927 4280 3224 4352 χρηστέον,
3261 4281 3342 4342 εἰς
3378 4279 3655 4350 παράστα-

2070 4389 2154 4426 σιν
2180 4372 2273 4424 τοῦ
2307 4370 2437 4424 Υἰοῦ
2467 4371 2560 4425 τοῦ
2589 4371 2724 4425 Θεοῦ
2753 4372 2845 4441 ἀφ’
2871 4370 3064 4424 ἑαυτοῦ
3096 4371 3391 4441 δυναμένου
3425 4370 3653 4441 θεωρεῖν

391 4461 631 4530 singulas
669 4474 756 4514 res
802 4457 1079 4512 hominum
1109 4457 1301 4520 valeat,
1330 4455 1588 4527 nulloque
1617 4457 1844 4512 omnino
1875 4467 1950 4513 te-

2070 4463 2190 4534 περὶ
2219 4461 2448 4515 ἑκάστου
2485 4462 2592 4515 τῶν
2640 4461 2941 4536 ἀνθρώπων
2962 4504 2976 4527 ,
3005 4463 3098 4516 καὶ
3133 4461 3403 4532 μηδαμῶς
3439 4478 3621 4533 μαρτυ
3643 4492 3654 4500 -

390 4552 643 4608 stimonio
685 4549 1010 4619 cujusquam
1059 4565 1180 4604 eum
1230 4564 1410 4618 egere.
1467 4547 1736 4604 Caeterum
1795 4550 1961 4604 verba

392 4644 509 4708 illa,
553 4662 573 4697 ι
604 4659 708 4698 non
749 4658 883 4713 opus
925 4643 1157 4698 habebat
1205 4651 1262 4696 ut
1304 4642 1428 4712 quis
1465 4642 1854 4697 testiﬁcaretur
1895 4643 1962 4698 de

390 4736 604 4790 homine
629 4755 647 4788 ι
689 4734 1068 4802 distinguenda
1097 4743 1225 4790 sunt
1259 4737 1326 4790 ab
1359 4733 1466 4789 illis
1499 4752 1512 4787 :
1541 4733 1657 4788 Non
1695 4750 1831 4804 Opus
1866 4736 1962 4789 ha—

388 4829 477 4882 hct
509 4837 567 4880 ut
602 4827 724 4896 quis
754 4836 984 4881 testetur
1026 4827 1093 4882 de
1133 4828 1333 4896 aliquo.
1364 4825 1496 4882 Nam
1528 4826 1571 4880 si
1605 4827 1744 4881 hanc
1771 4841 1960 4881 vocem

385 4918 616 4982 homine,
663 4933 942 4971 sumamus
972 4918 1036 4970 de
1064 4918 1258 4987 quovis
1304 4918 1394 4987 qui
1448 4920 1515 4970 sit
1567 4916 1632 4969 ad
1669 4917 1958 4986 imaginem

389 5010 506 5076 Dei,
536 5008 618 5062 vel
654 5009 719 5062 de
742 5010 888 5062 omni
918 5009 1144 5062 rationis
1173 5016 1444 5076 compote,
1481 5023 1584 5060 non
1627 5022 1762 5076 opus
1789 5007 1960 5062 habe-

388 5103 466 5156 bit
493 5101 740 5156 Christus
775 5110 832 5154 ut
856 5101 975 5169 quis
1007 5101 1070 5154 de
1101 5101 1216 5168 ipso
1256 5109 1485 5153 testetur
1523 5099 1609 5169 (de
1633 5113 1963 5167 quocunque

460 5293 504 5362 [ι
532 5291 747 5362 Philipp

388 5362 429 5391 ’³
464 5359 620 5417 Joan.
650 5359 689 5428 ι,
718 5359 884 5415 40-ιί
911 5376 1030 5430 seq.

751 5333 764 5344 .
798 5307 872 5353 tv,
905 5291 993 5347 l3.
1071 5290 1113 5320 ³³
1140 5287 1296 5342 loan.
1325 5301 1384 5350 ιι,
1424 5286 1508 5340 i3.
1587 5286 1632 5316 "
1675 5286 1804 5339 ibid.
1835 5285 1928 5340 25.

464 5513 578 5587 (Ἠ)
616 5513 796 5568 Codex
844 5514 1065 5585 Regius,
1103 5516 1300 5580 habet,
1351 5515 1537 5584 ἐγγὺς,
1588 5516 1773 5584 φησὶν,
1809 5510 1876 5587 ἦν
1907 5516 1967 5570 τὸ

407 5585 621 5646 Ιιάσία,

464 5655 578 5725 (7'2)
621 5654 1102 5730 Λσμϐᾳιῖόμειξοικ
1170 5656 1458 5711 Ferrarius
1490 5655 1636 5726 legit
1692 5655 1966 5730 λαμϐάνο-

398 5741 516 5797 μεν,
556 5729 696 5790 quod
741 5725 869 5778 mihi
901 5727 1180 5790 probatur.

2009 5289 2050 5320 "
2077 5287 2262 5342 Matth.
2298 5303 2394 5346 vn.
2431 5287 2516 5338 l4.

1105 5361 1146 5391 ¹⁹
1181 5359 1312 5413 ibid.
1343 5357 1434 5413 56.
1509 5357 1552 5387 ²⁰
1584 5357 1714 5413 ibid.
1747 5357 1836 5411 45.
1917 5359 1958 5388 ’⁸
1995 5360 2123 5413 ibid.
2151 5358 2242 5410 45.

2064 4555 2181 4626 ρίου
2204 4553 2409 4606 δεῖσθαι
2438 4553 2531 4606 τοῦ
2562 4554 2669 4607 ἀπό
2700 4571 2864 4617 τινος.
2891 4552 2964 4606 Τὸ
2989 4553 3045 4606 δέ
3070 4571 3082 4582 ·
3121 4572 3138 4603 ι
3170 4553 3243 4604 υύ
3285 4551 3476 4621 χρείαν
3506 4548 3652 4621 εἶχεν

2061 4646 2148 4698 ἵνα
2174 4663 2256 4708 τις
2285 4648 2608 4717 μαρτυρήσῃ
2634 4647 2760 4716 περί
2788 4645 3098 4716 ἀνθρώπου,
3127 4664 3145 4696 ι
3177 4642 3647 4697 άντιδιασταλτὲον

2061 4737 2197 4809 πρὸς
2220 4737 2416 4802 τὸ,ιού
2443 4738 2629 4808 χρείαν
2661 4736 2772 4806 ἔχει
2799 4738 2884 4789 ἵνα
2921 4737 3250 4808 μαρτυρήσῃ
3272 4733 3400 4805 περί
3429 4750 3576 4796 τινος
3597 4749 3645 4784 ἰ

2061 4828 2106 4880 εἰ
2143 4829 2241 4898 μὲν
2281 4832 2388 4900 γὰρ
2431 4829 2493 4881 τὸ
2539 4829 2890 4896 ἀνθρώπου,
2940 4827 3349 4898 λαμϐανόμενον
3397 4825 3510 4895 (72)
3557 4827 3652 4876 ἐπ.

2068 4919 2269 4983 παντὸς
2300 4920 2394 4972 τοῦ
2438 4922 2556 4973 κατ’
2600 4920 2780 4972 εἰκόνα
2810 4917 2974 4983 Θεοῦ,
3010 4919 3044 4989 ἢ
3081 4917 3279 4980 παντὸς
3316 4913 3556 4983 λογικοῦ,
3588 4913 3650 4967 ού

2067 5010 2254 5081 χρείαν
2284 5011 2397 5078 ἕξει
2436 5013 2520 5064 ἵνα
2549 5029 2632 5076 τις
2673 5011 2999 5083 μαρτυρήσῃ
3033 5010 3160 5080 περὶ
3193 5007 3360 5060 αὑτοῦ
3381 5047 3395 5072 ,
3429 5009 3556 5079 περὶ
3586 5001 3652 5059 οὗ

2069 5101 2267 5174 δήποτε
2303 5104 2412 5175 (75)
2439 5105 2546 5157 τῶν
2573 5102 2805 5171 λογικῶν
2823 5142 2838 5167 ,
2871 5103 2962 5171 ἀφ’
2994 5100 3187 5154 ἑαυτοῦ
3214 5099 3496 5170 γινώσκων
3526 5100 3649 5160 τοὺς

2597 5287 2640 5316 ¹⁶
2663 5283 2848 5338 Matth.
2871 5299 2988 5350 viti,
3020 5284 3107 5338 Η.
3187 5283 3228 5314 ¹⁷
3258 5279 3415 5339 Joan.
3454 5295 3571 5345 xxv,
3593 5280 3647 5336 ἓ.

2351 5359 2395 5388 ¹¹
2426 5354 2585 5410 Joau.
2621 5372 2678 5420 ιι,
2707 5355 2899 5410 23-25.

2147 5516 2256 5588 (75)
2297 5515 2431 5582 Περί
2461 5515 2668 5588 αὐτοῦ,
2700 5515 2828 5582 περί
2856 5510 2931 5588 οὗ
2955 5514 3332 5588 (ingentem.
3359 5515 3451 5588 Sic
3474 5513 3649 5588 sodes

2077 5576 2434 5658 Boilleianus:
2476 5585 2697 5658 Regius,
2748 5576 2877 5658 περί
2927 5576 3091 5658 αὐτοῦ
3140 5576 3237 5658 τοῦ
3283 5585 3412 5656 περὶ
3444 5576 3507 5658 οῦ
3558 5583 3650 5658 3+,-

2077 5673 2226 5727 ποτε,
2249 5668 2355 5710 etc.
2385 5654 2544 5709 Forte
2576 5653 2882 5726 legendum,
2913 5657 3041 5726 περί
3061 5653 3374 5727 ἀνθρώπου,
3401 5654 3495 5708 καὶ
3523 5657 3644 5722 περὶ

2075 5723 2137 5776 οὗ
2167 5727 2390 5799 δήποτε,
2413 5736 2516 5780 etc.
