3948 6206
316 320 421 376 897

1400 316 1750 376 (ΣΟΜΜΕΧΤ.
1792 314 1857 370 ΙΝ
1894 308 2083 371 ΏΟΑΝ.
2125 314 2363 370 'I‘OMUS
2400 313 2467 368 X.

3425 317 3532 373 393

316 446 527 501 πάντας
572 437 713 491 κατά
759 438 852 510 τὴν
893 436 1179 507 δεδομένην
1218 435 1366 506 αὑτῷ
1396 435 1625 506 δύναμιν
1655 433 1763 488 ἀπὸ
1786 430 1881 484 τοῦ

1998 429 2201 485 tandem
2249 428 2456 484 dixeris
2494 427 2723 481 rationis
2757 427 3048 495 compote),
3084 442 3112 480 a
3139 427 3316 494 scipso
3346 443 3550 497 cogunt

317 525 556 598 Πατρός.
591 527 653 579 Ei
701 526 759 580 δὲ
798 526 859 579 τὸ
894 524 1207 594 ἀνθρώπου
1254 526 1596 597 τηρήσαιμεν
1641 521 1745 576 ὑπὸ
1783 520 1879 574 τοῦ

313 614 514 688 θνητοῦ
576 616 791 685 λογικοῦ
859 614 1167 687 ζωουμένου
1213 615 1398 688 (74),
1430 618 1459 669 ὁ
1510 614 1609 685 μέν
1636 630 1721 677 τις
1765 613 1885 683 ipsi

314 705 506 778 χρείαν
535 705 674 776 ἔχειν
703 705 985 769 αύτὺν,ἴνα
1001 724 1085 771 τις
1117 708 1436 780 μαρτυρήσῃ
1460 708 1588 780 περὶ
1612 706 1723 759 τῶν
1741 702 1882 774 ὑπὲρ

313 796 407 851 τὸν
430 796 713 869 ἄνθρωπον
734 837 749 861 ,
781 798 902 852 οὐδὲ
932 799 1204 871 ἀρκοῦντα
1233 801 1431 872 ὁμοίως
1467 801 1578 862 τοῖς
1604 796 1881 868 ἀνθρωπί-

314 903 428 952 νοις
468 886 756 958 γινώσκειν
794 890 888 943 καὶ
933 889 1003 944 τά
1054 890 1180 961 περὶ
1208 890 1447 943 ἐκείνων.
1486 886 1677 950 ’Δλλος
1717 884 1773 939 δέ
1801 884 1883 948 τίς

316 994 452 1049 φησι
477 978 567 1032 τδν
594 978 904 1034 κενώσαντα
940 980 1130 1034 ἑαυτὸν
1161 979 1234 1051 μὴ
1262 978 1446 1051 χρείαν
1475 976 1617 1048 ἔχειν
1637 1016 1651 1040 ,
1684 977 1771 1030 ἵνα
1800 993 1885 1039 τις

319 1072 642 1142 μαρτυρήσῃ
672 1071 802 1143 περὶ
827 1069 1130 1144 ἀνθρώπου,
1160 1070 1347 1143 χρείαν
1367 1069 1424 1124 δὲ
1455 1069 1599 1140 ἔχειν
1625 1086 1690 1121 πε
1700 1067 1752 1139 pi.
1778 1068 1883 1121 τῶν

316 1159 640 1230 κρειττόνων
670 1159 703 1231 ἢ
736 1160 873 1215 κατά
905 1159 1202 1231 ἄνθρωπον.

388 1426 475 1484 50.
495 1429 603 1482 Καὶ
617 1426 773 1483 τοῦτο
791 1429 847 1484 δὲ
867 1428 1148 1501 ζητητέον,
1167 1430 1309 1483 πόσα
1332 1433 1534 1502 σημεῖα
1560 1427 1722 1485 αὑτοῦ
1753 1427 1888 1482 θεω-

319 1519 540 1588 ροῦντες
563 1522 611 1573 οἱ
656 1520 836 1574 πολλοὶ
870 1520 1154 1576 ἐπίστευον
1195 1523 1275 1586 εις
1313 1523 1477 1576 αὐτόν
1500 1539 1512 1552 ’
1540 1522 1599 1575 οὐ
1629 1522 1737 1593 γάρ
1760 1522 1889 1574 ἀνα-

317 1612 621 1683 γέγραπται
665 1617 868 1685 σημεῖα
901 1613 1261 1685 πεποιηκέναι
1297 1616 1355 1669 ὲν
1394 1613 1810 1688 Ἱεροσολύμοις·
1840 1614 1887 1665 εί

320 1701 398 1773 μὴ
427 1701 535 1773 ἄρα
563 1703 849 1779 γεγένηται
883 1703 981 1774 μὲν
1013 1707 1233 1775 σημεῖα,
1257 1706 1355 1760 οὐκ
1382 1705 1787 1776 ἀναγέγραπται
1805 1703 1881 1757 δέ.

1984 535 2145 576 scens
2183 532 2373 575 omnes
2418 517 2576 586 juxta
2617 516 2924 572 facultatem
2967 532 2997 571 a
3045 516 3205 571 Patre
3241 518 3343 572 sibi
3378 521 3550 572 tradi-

1988 622 2119 665 tam.
2152 610 2253 665 Sin
2295 622 2426 665 velo
2466 608 2605 663 hanc
2654 622 2868 669 vocem,
2912 607 3141 673 homine,
3175 609 3549 663 observaveri-

1984 716 2106 759 mns
2154 703 2222 756 de
2269 702 2484 755 mortali
2523 699 2799 753 animante
2848 698 3075 753 rationis
3116 708 3383 768 compote,
3412 700 3551 756 alius

1986 791 2205 863 quidem
2243 790 2493 847 dicturus
2540 797 2623 845 est
2651 787 2926 851 Christum
2959 788 3132 858 ipsum
3161 804 3296 858 opus
3327 789 3548 855 habere,

1989 892 2047 937 ιιι
2075 883 2195 952 quis
2223 889 2452 936 testetur
2487 883 2553 935 de
2601 878 2690 934 his
2732 895 2851 948 qua:
2892 887 3020 934 sunt
3051 894 3217 947 supra
3255 880 3550 945 hominem.

1989 984 2051 1029 ιιι
2094 974 2191 1044 qui
2236 972 2378 1035 hmc,
2427 971 2649 1041 perinde
2700 978 2860 1040 atque
2914 974 3173 1036 humana,
3222 987 3555 1043 cognoscere

1989 1080 2096 1120 non
2141 1063 2402 1120 sutliciat.
2457 1062 2610 1116 Alius
2652 1068 2830 1115 autem
2880 1062 3150 1132 quispiam
3206 1063 3381 1134 inquit
3429 1079 3552 1121 eum

1990 1156 2082 1224 qni
2131 1154 2368 1223 seipsum
2406 1151 2653 1214 inanivit,
2684 1165 2790 1205 non
2832 1166 2969 1219 opus
3012 1153 3212 1207 habere
3240 1163 3299 1207 ut
3328 1153 3450 1223 quis
3477 1163 3556 1208 te-

1993 1253 2168 1298 stetur
2196 1245 2264 1298 de
2293 1244 2537 1307 homine,
2566 1243 2660 1296 sed
2699 1255 2833 1310 opus
2874 1241 3075 1297 habere
3102 1251 3160 1297 ut
3179 1244 3302 1312 quis
3328 1252 3556 1300 testctur

1995 1336 2063 1391 de
2091 1335 2174 1388 his
2204 1333 2295 1402 qui
2330 1331 2736 1403 pmstautiorcs
2776 1340 2906 1387 sunt
2936 1332 3267 1388 hominibus.

2064 1424 2156 1479 50.
2197 1424 2340 1490 Quin
2375 1425 2480 1479 hoc
2523 1424 2693 1479 etiam
2732 1423 3084 1493 quarrendum
3111 1432 3214 1488 est,
3245 1433 3378 1494 quot
3402 1425 3554 1497 signa

1995 1511 2166 1582 ipsius
2222 1512 2377 1567 multi
2443 1513 2712 1581 ridentes,
2753 1513 3101 1583 crediderunt
3150 1514 3203 1569 in
3251 1529 3396 1570 eum.
3441 1516 3555 1570 Non

1994 1603 2135 1656 enim
2164 1603 2427 1671 scriptum
2475 1610 2559 1657 est
2602 1602 2756 1672 signa
2808 1602 3004 1658 fecisse
3051 1604 3424 1676 Jerosolymis,
3454 1607 3554 1662 nisi

1995 1691 2231 1749 fortasse
2268 1693 2411 1747 facta
2456 1693 2611 1765 signa
2662 1693 2864 1762 scripta
2902 1711 3008 1750 non
3038 1695 3281 1756 fuerunt.
3326 1697 3557 1755 Proinde

317 1793 516 1848 Σκόπει
563 1793 621 1847 δὲ
655 1795 704 1847 εί
734 1794 959 1849 δυνατὸν
998 1797 1078 1859 είς
1111 1799 1309 1867 σημεῖα
1343 1795 1653 1867 λογισθῆναι
1695 1796 1757 1848 τὸ
1788 1810 1887 1847 πε-

1998 1786 2276 1841 considera
2309 1800 2381 1841 an
2417 1786 2558 1840 inter
2583 1790 2736 1858 signa
2769 1788 3010 1858 reputari
3041 1790 3210 1859 poSsit
3241 1792 3382 1859 quod
3415 1792 3558 1847 fece-

318 1885 603 1957 ττοιηκέναι
629 1887 947 1957 φραγέλλιον
975 1889 1039 1941 ἐκ
1060 1887 1303 1959 σχοινίων
1323 1926 1340 1953 ,
1376 1888 1470 1941 καὶ
1504 1888 1711 1952 πάντας
1735 1888 1890 1943 ἐκϐε-

317 1974 578 2047 ϐληκέναι
605 1975 699 2029 τοῦ
734 1975 900 2049 ίεροῦ,
927 1976 995 2030 τά
1020 1993 1080 2030 τε
1114 1977 1388 2048 πρόϐατα,
1422 1977 1518 2033 καὶ
1559 1979 1686 2042 τοὺς
1738 1977 1887 2049 βόας,

318 2067 418 2120 καὶ
455 2065 562 2120 τῶν
593 2066 950 2121 κολλυϐιστῶν
974 2068 1043 2121 τά
1085 2068 1334 2139 κέρματα
1363 2068 1717 2140 ὲκκεχυκὲναι
1739 2110 1755 2134 ,
1796 2071 1892 2123 καὶ

315 2156 418 2220 τὰς
461 2157 738 2228 τραπέζας
778 2159 1228 2231 ἀνατετραφὲιαι.
1275 2160 1421 2229 Πρὸς
1472 2160 1724 2232 μέντοιγε
1766 2162 1893 2224 τοὺς

321 2245 720 2317 ὑπονοήσαντας
756 2247 822 2301 ἀν
868 2248 994 2320 περὶ
1034 2249 1209 2320 μόνων
1246 2249 1549 2322 ἀνθρώπων
1584 2252 1658 2322 μὴ
1699 2250 1892 2323 χρείαν

321 2336 463 2409 ἔχειν
494 2338 651 2393 αὐτὸν
681 2339 994 2412 μαρτύρων,
1023 2340 1207 2411 λέγει,
1237 2343 1321 2396 ὅτι
1349 2342 1443 2396 δύο
1473 2342 1622 2414 αὑτῷ
1653 2345 1682 2397 ό
1714 2344 1893 2412 E2317-

322 2428 574 2502 γελιστὴς
607 2431 1018 2503 μεμαρτύρηκε,
1048 2432 1109 2485 τό
1138 2449 1197 2487 τε
1224 2430 1510 2503 γινώσκειν
1539 2433 1768 2498 πάντας,
1797 2434 1892 2488 καὶ

321 2517 385 2569 τὸ
417 2515 491 2588 μὴ
521 2518 709 2593 χρείαν
739 2518 881 2590 ἔχειν
913 2520 1001 2573 ἴνα
1025 2536 1111 2583 τις
1145 2522 1465 2594 μαρτυρήσῃ
1506 2522 1635 2594 ’περὶ⁵
1677 2520 1890 2594 ἀνθρώ-

323 2622 459 2660 που·
495 2610 544 2662 εί
571 2606 678 2682 γάρ
706 2609 915 2674 πάντας
942 2610 1256 2681 ἐγίνωσκεν,
1275 2612 1337 2664 οὑ
1366 2612 1525 2683 μόνον
1547 2611 1889 2685 ἀνθρώπους,

325 2697 463 2754 ἀλλὰ
486 2699 580 2753 καὶ
605 2701 675 2754 τά
712 2701 853 2773 ὑπὲρ
875 2701 968 2755 τὸν
995 2703 1279 2774 ἄνθρωπον
1309 2704 1569 2773 ἐγίνωσκε
1590 2746 1604 2771 ,
1637 2705 1730 2759 καὶ
1757 2704 1894 2758 πάν-

323 2804 424 2853 τας
449 2791 573 2855 τοὺς
606 2790 710 2856 ἔξω
738 2793 993 2847 τοιούτων
1031 2792 1297 2865 σωμάτων
1315 2810 1328 2825 ·
1364 2795 1623 2864 ἐγίνωσκέ
1651 2812 1710 2850 τε
1737 2795 1791 2848 τί
1826 2792 1895 2868 ἦν

323 2882 384 2936 ιν
427 2882 505 2954 τῷ
545 2882 845 2956 ἀνθρώπῳ,
887 2885 983 2939 ἅτε
1029 2884 1229 2958 μείζων
1279 2888 1560 2959 τυγχάνων
1592 2887 1701 2941 τῶν
1735 2888 1793 2942 ὲν
1814 2887 1896 2960 τῷ

324 2973 689 3045 προφητεύειν
734 2976 1060 3049 ἐλεγχόντων
1089 2977 1230 3049 (75).
1258 3021 1272 3035 .
1292 3017 1306 3032 .
1324 3018 1338 3032 .
1367 2981 1459 3032 καὶ
1485 2979 1775 3051 κρινόντων
1802 2980 1894 3032 καὶ

322 3062 394 3116 τά
422 3065 640 3136 κρυπτὰ
663 3066 764 3137 τῆς
789 3066 1013 3140 καρδίας
1042 3070 1121 3133 είς
1149 3070 1379 3141 φανερὸν
1408 3069 1647 3139 ἀγόντων
1676 3070 1891 3124 πάντων

320 3148 397 3208 ὧν
420 3155 530 3226 (76)
556 3154 619 3209 τὸ
641 3157 861 3229 Πνεῦμα
885 3156 1170 3214 ὑποϐάλλει
1208 3161 1409 3226 αὐτοῖς.
1443 3159 1671 3214 Δύναται
1702 3161 1760 3215 δὲ
1788 3161 1851 3214 τό
1874 3176 1889 3191 ·
1919 3141 1962 3199 C

328 3265 350 3300 ι
393 3246 685 3317 Ἑγίνωσκε
712 3248 765 3303 τί
805 3245 875 3322 ἦν
916 3251 974 3303 ὲν
1014 3250 1094 3323 τῷ
1126 3252 1395 3324 ἀνθρώπῳ
1418 3293 1433 3318 ,
1469 3271 1488 3305 ι
1524 3253 1890 3325 λαμϐάνεσθαι

323 3338 418 3391 καὶ
441 3339 534 3392 ἐπὶ
557 3338 664 3390 τῶν
695 3339 1029 3410 ὲνεργουσίῦν
1052 3341 1332 3414 δυνάμεων
1363 3345 1617 3416 χειρόνων
1647 3345 1679 3415 ἢ
1712 3362 1893 3416 κρειτ-

324 3431 493 3484 τόνων
516 3432 574 3484 iv
610 3429 943 3503 ἀνθρὼποις’
976 3435 1024 3487 εί
1054 3435 1151 3506 μὲν
1183 3434 1292 3508 γάρ
1312 3434 1495 3490 δίδωσί
1516 3453 1600 3500 τις
1623 3437 1786 3491 τόπον
1812 3437 1890 3508 τῷ

323 3520 590 3593 διαϐόλῳ,
635 3523 935 3595 εἰσέρχεται
978 3526 1059 3591 είς
1105 3526 1267 3579 αὑτὸν
1310 3529 1340 3581 ό
1389 3527 1659 3590 Σατανᾶν
1703 3525 1892 3599 ὥσπερ

324 3608 522 3665 ἔδωκεν
568 3610 795 3677 Ἰούδας,
845 3632 866 3665 ι
899 3613 992 3668 τοῦ
1036 3614 1281 3670 διαϐόλου
1315 3617 1636 3689 βεϐληκότος
1682 3620 1763 3682 εἰς
1793 3620 1894 3691 τὴν

326 3701 552 3773 καρδίαν
591 3704 786 3769 αὐτοῦ,
818 3705 905 3760 ῐνα
950 3707 1178 3778 παραδῷ
1215 3709 1308 3764 τὸν
1330 3696 1578 3781 Ἰησοῦν·
1621 3730 1640 3761 ι
1682 3711 1762 3765 διὸ
1798 3713 1893 3767 καὶ

333 3812 352 3845 ι
388 3795 526 3864 μετά
550 3796 612 3850 τὸ
656 3797 867 3869 ψωμίον
905 3798 1149 3869 εἰσῆλθεν
1181 3802 1260 3864 είς
1283 3801 1444 3855 αὑτὸν
1483 3802 1512 3855 ὁ
1543 3803 1785 3866 Σατανᾶς
1809 3820 1823 3832 ·
1869 3822 1888 3855 ι

328 3890 376 3942 εί
408 3889 464 3942 δὲ
494 3887 672 3942 δίδωσι
698 3890 858 3944 τόπον
883 3890 962 3961 τῷ
982 3889 1121 3961 Θεῷ,
1150 3892 1416 3962 μακάριος
1438 3890 1644 3960 γίνεται
1665 3911 1678 3926 ·
1716 3912 1736 3945 ι
1772 3894 1896 3949 Μα-

329 3979 517 4051 κάριος
545 3979 650 4051 γὰρ
681 3974 742 4035 οῦ
769 3984 914 4035 ἐστιν
935 3981 1217 4052 ἀντίληψις
1243 3982 1408 4037 αὑτοῦ
1439 3983 1589 4055 παρά
1616 3983 1709 4037 τοῦ
1737 3983 1895 4047 Θεοῦ,

329 4072 424 4127 καὶ
452 4072 711 4137 ἀνάϐασις
752 4076 810 4127 ὲν
856 4077 922 4146 τῇ
973 4075 1170 4148 καρδίᾳ
1215 4075 1379 4130 αὑτοῦ
1412 4094 1431 4129 ι
1472 4075 1581 4129 ἀπὸ
1610 4074 1704 4129 τοῦ
1739 4074 1894 4131 Θεοῦ.

328 4162 619 4228 Γινώσκεις
649 4165 701 4218 τί
732 4161 799 4237 ἣν
831 4167 889 4218 ὲν
916 4166 993 4238 τῷ
1024 4165 1294 4238 ἀνθρώπῳ
1321 4169 1350 4220 ό
1382 4165 1665 4236 γινώσκων
1697 4167 1895 4233 πάντα,

329 4256 425 4310 Υἱὲ
450 4256 543 4311 τοῦ
562 4257 716 4312 Θεοῦ.
743 4258 879 4330 Ἤδη
908 4258 965 4313 δὲ
985 4257 1080 4329 τὴν
1106 4259 1354 4332 αὐτάρκη
1386 4259 1728 4333 περιγραφὴν
1754 4259 1900 4331 εἰλη-

329 4347 488 4416 φότος
518 4348 613 4402 καί⁵
637 4347 730 4401 τοῦ
761 4348 984 4402 δεκάτου
1018 4349 1127 4420 (77)
1160 4350 1326 4421 τόμον
1345 4388 1360 4413 ,
1394 4348 1628 4405 ἐνταῦθά
1665 4366 1768 4402 που
1801 4366 1898 4402 κα-

327 4437 695 4509 ταπαύσωμεν
721 4438 811 4493 τὸν
836 4438 991 4507 λόγον
1015 4439 1067 4511 (7
1072 4440 1144 4509 8).

406 4596 453 4628 "
474 4592 636 4651 Joan.
673 4612 735 4660 ιι,
766 4595 854 4651 15.

330 4679 565 4731 unm,
593 4666 651 4722 6.

383 4825 517 4913 ⁹(Ἡ)
556 4821 927 4913 ζωουμένου.
957 4823 1048 4879 Sic
1085 4823 1249 4879 codex
1289 4820 1643 4888 Bodleiauus;
1676 4820 1895 4890 Regius,

332 4897 473 4963 ζώου
513 4897 691 4967 μόνον.
1770 4959 1782 4971 ι
1850 4958 1863 4970 .

402 4966 518 5032 (75)
552 4966 674 5019 Post
701 4964 1034 5037 ἐλεγχόντων
1068 4961 1393 5033 relinquitur
1423 4962 1477 5017 in
1509 4967 1897 5030 manuscriptts

332 5037 613 5093 codicibus
641 5036 876 5103 spatium
899 5048 1164 5103 jacuum.

403 5104 517 5173 (76)
574 5097 822 5161 Hdi'wr
887 5097 1008 5168 ὧν,
1070 5112 1175 5157 etc.
1246 5101 1603 5159 Scribendum
1682 5097 1893 5155 videtur

337 5176 508 5231 πάντα
533 5178 596 5241 ἃ,
623 5188 727 5230 etc.

929 4595 1013 4648 “l
1040 4594 1165 4651 Cor.
1194 4610 1304 4663 nr,
1330 4595 1420 4663 24,
1456 4594 1547 4651 25.
1624 4597 1671 4629 "
1723 4595 1883 4650 Joan.
1932 4612 1990 4662 ιι,

1992 1878 2061 1933 rit
2098 1893 2129 1934 e
2176 1878 2434 1934 funiculis
2486 1877 2783 1949 ﬂagellum,
2809 1894 2998 1935 omnes
3038 1896 3069 1936 e
3104 1881 3304 1951 templo
3331 1881 3557 1949 eiicien-

1989 1969 2076 2033 do,
2103 1976 2214 2023 tum
2249 1982 2400 2035 oves,
2448 1976 2561 2022 tum
2607 1970 2797 2037 boves,
2823 1981 2986 2041 atque
3029 1972 3458 2040 argentariorum
3484 1990 3559 2026 ωε

1989 2058 2332 2127 eﬂundeudo,
2362 2067 2417 2114 et
2455 2074 2672 2115 mensas
2716 2060 3083 2115 subrertendo
3098 2061 3166 2116 ”.
3206 2060 3287 2115 Ad
3316 2078 3408 2116 eos
3436 2078 3559 2133 pro.

1992 2150 2135 2209 fectu
2170 2151 2262 2221 qui
2291 2152 2641 2221 suspicantur
2669 2154 2736 2208 de
2759 2152 2889 2209 solis
2922 2153 3257 2218 hominibus,
3288 2171 3394 2210 non
3423 2171 3560 2226 opus

1993 2243 2194 2301 habere
2219 2245 2394 2316 ipsum
2429 2244 2678 2313 testibus,
2712 2245 2896 2302 dicere
2941 2255 3158 2317 oportet
3185 2248 3291 2304 duo
3328 2263 3561 2319 evange-

1991 2338 2172 2394 listam
2202 2336 2276 2392 illi
2301 2338 2618 2395 attribuisse
2643 2358 2658 2393 :
2681 2340 2936 2405 alterum,
2970 2342 3113 2409 quod
3141 2350 3398 2412 agnoscat
3436 2356 3557 2396 om-

1995 2442 2130 2497 nes;
2164 2427 2413 2492 alterum,
2450 2430 2591 2499 quod
2628 2446 2764 2501 opus
2804 2446 2909 2487 non
2937 2430 3136 2487 habeat
3163 2442 3220 2487 ut
3245 2432 3366 2502 quis
3395 2441 3561 2489 teste-

1995 2528 2082 2575 tur
2104 2519 2170 2574 de
2201 2519 2441 2574 homine.
2485 2518 2617 2574 Nam
2652 2521 2699 2576 si
2744 2537 2934 2579 omnes
2960 2523 3309 2592 agnoscebat,
3342 2539 3448 2579 non
3472 2540 3562 2580 so-

1995 2609 2103 2664 lum
2132 2610 2399 2674 homines,
2435 2608 2531 2664 sed
2562 2611 2732 2666 etiam
2763 2627 2884 2683 quae
2915 2629 3079 2684 supra
3108 2614 3381 2671 hominem
3411 2625 3557 2679 sunt,

1994 2702 2157 2759 etiam
2192 2716 2382 2758 omnes
2409 2698 2500 2769 qui
2533 2712 2716 2758 essent
2758 2712 2914 2759 extra
2956 2705 3071 2760 hate
3112 2720 3360 2776 corpora,
3394 2721 3561 2777 agno-

1994 2795 2202 2864 scebat,
2244 2804 2407 2867 atque
2455 2796 2583 2868 quid
2619 2805 2766 2852 esset
2806 2797 2858 2851 in
2911 2797 3132 2852 homine
3170 2808 3188 2849 :
3227 2797 3423 2868 quippe
3465 2798 3558 2868 qui

1998 2886 2171 2957 major
2202 2890 2492 2945 exsisteret
2520 2890 2629 2954 his,
2674 2889 2769 2960 qui
2815 2889 2866 2944 in
2906 2889 3281 2960 prophetando
3332 2890 3562 2946 manife-

1997 2984 2165 3045 stant,
2185 2986 2239 3033 et
2260 2979 2529 3049 jndicant,
2557 2962 2767 3036 occulta
2785 2978 2970 3034 cordis
2996 2979 3162 3034 etiam
3189 2978 3370 3033 omnia
3397 2978 3561 3050 212

1998 3082 2120 3139 qua:
2143 3068 2383 3139 Spiritus
2414 3068 2522 3123 illis
2545 3069 2811 3141 suggerit,
2848 3071 2900 3123 in
2933 3080 3182 3139 apertum
3212 3069 3471 3124 ducentes
3493 3070 3562 3124 “.

1997 3158 2266 3214 Cancrum
2312 3159 2476 3228 illud,
2514 3177 2534 3212 ι
2571 3159 2899 3231 agnoscebat
2941 3159 3070 3228 quid
3120 3169 3264 3216 esset
3308 3159 3361 3215 iu
3388 3161 3565 3217 homi-

1996 3251 2147 3319 ne",
2177 3270 2197 3304 ι
2227 3251 2369 3308 sumi
2418 3252 2581 3307 etiam
2616 3262 2796 3324 potest
2832 3254 2897 3308 de
2951 3253 3239 3310 virtutibus
3283 3254 3440 3310 malis
3479 3254 3564 3310 vel

1996 3340 2171 3410 bouis,
2215 3345 2566 3416 operantibus
2623 3346 2679 3401 in
2726 3346 3055 3402 hominibus.
3089 3345 3225 3400 Nam
3258 3348 3303 3402 si
3354 3347 3567 3403 dederit

1995 3438 2117 3506 quis
2159 3437 2336 3493 locum
2384 3436 2620 3504 diabolo,
2655 3439 2958 3508 ingreditur
3013 3440 3069 3494 in
3115 3436 3267 3493 illum
3309 3437 3564 3504 Satanas,

1996 3527 2448 3598 quemadmodum
2503 3528 2652 3583 dedit
2695 3526 2886 3590 Iudas.
2945 3549 2964 3582 ι
2995 3546 3119 3586 eum
3159 3530 3274 3598 jam
3322 3529 3567 3587 diabolus

1998 3617 2234 3673 misisset
2270 3617 2324 3671 in
2358 3632 2453 3672 eor
2480 3614 2618 3683 ejus,
2668 3625 2727 3669 ut
2777 3619 3015 3672 traderet
3048 3616 3232 3673 Jesum
3255 3616 3332 3683 ²⁶;
3356 3636 3375 3669 ι
3403 3633 3564 3685 quam

1996 3709 2066 3763 ob
2091 3724 2311 3764 causam
2357 3726 2376 3760 ι
2402 3718 2520 3777 post
2546 3707 2849 3764 buccellam
2885 3706 3109 3764 intravit
3140 3709 3194 3762 in
3229 3708 3378 3762 illum
3411 3707 3569 3765 Sata-

1999 3798 2185 3852 nas".
2214 3817 2235 3851 ι
2269 3797 2365 3851 Sin
2401 3807 2583 3850 autem
2615 3796 2725 3852 Deo
2756 3797 2934 3853 locum
2965 3799 3194 3865 dederit,
3230 3799 3423 3855 beatus
3459 3798 3517 3854 tit
3549 3816 3564 3853 :

2004 3906 2022 3938 ι
2057 3886 2251 3942 Beatus
2280 3906 2299 3939 ι
2328 3888 2499 3955 enim,
2534 3905 2553 3941 ι
2578 3887 2732 3957 cujus
2771 3900 2854 3944 est
2883 3888 2957 3945 illi
3005 3889 3290 3946 retributio
3316 3909 3337 3946 ι
3370 3906 3399 3945 a
3437 3891 3566 3955 Deo,

2004 3996 2023 4030 ι
2046 3986 2099 4033 et
2132 3979 2378 4032 ascensio
2421 3977 2490 4043 in_
2521 3979 2686 4034 corde
2723 3979 2838 4049 ejus
2867 3998 2885 4031 ι
2916 3995 2946 4033 a
2974 3981 3080 4036 Deo
3098 3979 3164 4036 ³³.
3192 3979 3370 4047 Quare
3392 3996 3565 4051 agno-

2001 4070 2131 4134 scis,
2158 4085 2192 4124 o
2222 4070 2325 4124 Fili
2363 4068 2454 4125 Dei
2480 4070 2660 4125 omnia
2700 4085 3018 4143 agnoscens,
3048 4069 3177 4140 quid
3204 4070 3273 4126 sit
3298 4069 3349 4125 in
3387 4069 3563 4124 homi-

2003 4179 2088 4219 ne.
2127 4163 2232 4218 Sed
2262 4178 2385 4218 cum
2430 4163 2539 4232 jam
2584 4164 2719 4220 satis
2747 4163 3059 4235 scriptionis
3085 4163 3380 4233 sumpserit
3417 4162 3566 4219 deci-

2003 4271 2121 4309 mus
2149 4266 2343 4321 tomus,
2375 4254 2461 4309 hic
2490 4253 2741 4311 finiemus
2767 4271 3101 4313 sermonem.

2046 4594 2138 4646 25.
2236 4594 2285 4625 “
2337 4590 2495 4647 Joan.
2532 4607 2652 4657 xui,
2709 4594 2767 4644 2.
2871 4592 2915 4623 ’⁷
2976 4589 3107 4643 ibid.
3159 4585 3252 4639 27.
3328 4584 3375 4618 ⁸³
3420 4584 3565 4642 Psal.

2072 4819 2183 4891 (77)
2223 4818 2401 4898 tjodet
2451 4817 2774 4898 liudtejanus
2828 4815 3003 4898 habet
3031 4815 3093 4898 in_
3128 4824 3278 4898 textu
3320 4812 3567 4898 ξωδςκάέ

1998 4884 2122 4971 ¹Σοῦἱ
2146 4884 2280 4971 etin
2318 4888 2561 4958 margine
2601 4885 2850 4949 δεκάτου,
2879 4887 2957 4940 uti
2992 4886 3187 4958 legitur
3229 4886 3281 4941 in
3319 4884 3487 4956 Regio
3516 4896 3570 4938 et

2001 4960 2322 5013 Barherino.

2220 5028 2402 5084 Codex
2444 5025 2642 5097 Regius
2707 5026 2898 5091 habet,
2946 5025 3010 5083 τὸ
3072 5023 3275 5095 βιϐλίον
3324 5038 3425 5095 pro
3455 5021 3560 5098 ,τὸν

2061 5114 2174 5167 γον.
