3878 6210
337 290 442 344 599

1769 278 2090 336 ORIGENIS

3469 275 3586 328 A00

345 418 3572 472 Mm

1499 586 2441 720 ΩΡΙΓΕΝΟΥΣ

969 823 1108 878 ΤΩΝ
1139 823 1258 876 ΕΙΣ
1299 823 1384 876 T0
1414 821 1596 876 ΚΑΤΑ
1634 814 1978 874 [ΩΔΝΝΗΝ
2001 815 2464 871 ΕΥΑΓΙἘΛΙΟΝ
2484 813 2950 868 ΕΞΙΙΓΗΤΙΚΩΝ

1673 979 2049 1068 ΤΟΜΟΣ
2101 979 2261 1064 ΙΓ¹.

1631 1317 2304 1433 ORIGENIS

1045 1538 1811 1604 COMMENTARIORUM
1856 1539 1939 1600 IN
1968 1537 2493 1601 EVANGELIUM
2526 1537 2854 1600 JOANNIS

1145 1693 1552 1810 TOMUS
1627 1717 2147 1809 DECIMUS
2216 1718 2774 1809 TERTIUS.

414 2029 464 2080 l.
502 2023 621 2080 Tibi
673 2022 915 2093 quidem,
975 2019 1070 2076 Dei
1116 2018 1490 2075 amantissime
1537 2034 1602 2075 ac
1657 2019 1903 2089 piissime

2076 2020 2127 2076 1.
2157 2022 2314 2085 Ἴσως
2341 2021 2439 2092 μὲν
2462 2018 2698 2086 ἂνέδοξέ
2725 2036 2806 2072 σοι
2823 2017 2954 2089 (Ἰ9),
2985 2017 3343 2087 φιλοθεώτατε
3373 2017 3468 2073 καὶ
3487 2017 3585 2074 εὕ-

343 2117 612 2179 Ambrosi,
655 2130 763 2168 non
791 2113 1078 2168 videbatur
1113 2110 1344 2166 fortasse
1369 2109 1702 2166 scindendus
1727 2124 1907 2168 sermo

343 2205 707 2270 Samaritidis,
745 2205 819 2259 ita
867 2214 923 2258 ut
950 2203 1095 2259 illius
1139 2218 1268 2272 pars
1303 2215 1448 2259 esset
1491 2204 1547 2258 in
1589 2202 1908 2259 duodecimo

344 2309 510 2360 torno,
547 2306 601 2352 et
625 2295 867 2364 reliqua,
899 2308 1020 2364 quae
1055 2295 1354 2359 restabant,
1397 2294 1452 2348 in
1483 2294 1642 2349 tertio
1671 2294 1903 2350 decimo.

345 2388 449 2443 Sed
496 2389 752 2458 quoniam
789 2385 1107 2440 videbamus
1147 2383 1520 2438 duodecimum
1567 2383 1908 2440 Commenta-

345 2479 546 2531 riorum
581 2485 783 2530 tomum
829 2473 967 2528 satis
1009 2473 1366 2541 scriptionum
1408 2471 1704 2542 accepisse,
1734 2473 1907 2529 visum

346 2577 427 2624 est
459 2567 615 2623 nobis
656 2563 906 2620 desinere
937 2562 990 2616 in
1022 2577 1332 2617 sermonem
1360 2561 1786 2630 Samaritidis",
1815 2564 1905 2620 ubi

349 2659 672 2730 loquebatur
717 2655 832 2725 ipsa
892 2654 958 2708 de
1016 2662 1201 2722 puteo,
1255 2654 1705 2724 quemadmodum
1739 2653 1907 2712 Jacob

343 2748 474 2803 illud
502 2745 733 2810 dederit,
763 2753 818 2800 et
851 2743 964 2813 ipse
995 2757 1062 2798 ex
1113 2757 1178 2799 eo
1226 2743 1442 2811 biberit,
1473 2753 1529 2800 et
1561 2745 1656 2801 lilii
1693 2743 1828 2814 ejus,
1853 2754 1908 2801 et

345 2851 539 2907 pecora
571 2834 708 2904 ejus,
736 2833 954 2888 tertium
997 2833 1267 2890 decimum
1322 2843 1525 2889 tomum
1589 2835 1905 2906 incepturis,

348 2928 435 2982 ubi
464 2925 724 2982 Dominus
756 2925 823 2981 ad
854 2926 1024 2996 ipsam
1074 2925 1401 2996 respondet.
1439 2943 1459 2978 ι
1487 2925 1784 2996 Respondit
1813 2924 1906 2982 Je-

347 3036 439 3075 sus
469 3030 524 3076 et
563 3019 700 3074 dixit
738 3018 816 3073 illi
848 3017 1079 3075 :Omnis
1121 3018 1214 3087 qui
1256 3017 1454 3072 biberit
1483 3032 1550 3072 ex
1603 3032 1742 3087 aqua
1783 3017 1903 3086 hac,

349 3113 497 3168 sitiet
526 3113 720 3168 iterum
748 3127 763 3176 ;
800 3109 890 3180 qui
922 3119 1100 3164 autem
1129 3109 1326 3162 biberit
1349 3123 1414 3164 ex
1447 3123 1587 3177 aqua
1623 3124 1783 3178 quam
1810 3123 1908 3180 ego

348 3203 422 3257 illi
459 3202 674 3268 dedero,
706 3201 798 3255 tiet
827 3200 946 3256 fons
996 3201 1052 3253 in
1091 3213 1158 3253 eo
1205 3213 1358 3266 aqua:
1385 3197 1629 3254 salientis
1663 3199 1904 3254 invitam

345 3291 689 3348 aeternam“.
717 3311 736 3344 ι
769 3290 880 3346 lloc
921 3290 1210 3358 respondet
1243 3288 1484 3344 secundo
1518 3287 1675 3344 Iesus
1707 3291 1771 3344 ad
1803 3290 1907 3346 Sa-

2011 2113 2293 2166 σεϐἑστατε
2333 2112 2646 2185 Ἀμϐρόσιε,
2674 2111 2765 2164 τὸν
2793 2109 2922 2180 περὶ
2948 2109 3046 2179 τῆς
3076 2108 3464 2181 Σαμαρείτιδος
3493 2109 3590 2164 λό-

2007 2221 2103 2274 γον
2132 2203 2207 2277 μὴ
2240 2205 2594 2276 διακοπῆναι,
2628 2202 2703 2268 ὥς
2735 2219 2795 2256 τε
2832 2202 2994 2274 μέρος
3037 2201 3137 2272 μέν
3165 2218 3219 2254 τι
3245 2200 3411 2256 αὐτοῦ
3440 2197 3590 2256 εἶναι

2007 2298 2064 2350 ὲν
2098 2295 2176 2367 τῷ
2211 2295 2496 2366 δωδεκάτῳ
2535 2295 2716 2366 τόμῳ,
2746 2291 2812 2347 τά
2834 2293 2892 2346 δὲ
2932 2291 3056 2362 ἑξῆς
3081 2292 3138 2345 ὲν
3161 2290 3240 2362 τῷ
3269 2291 3587 2362 τρισκαιδε-

2007 2389 2158 2460 κάτῳ
2179 2405 2191 2418 °
2210 2387 2322 2442 ἀλλ’
2351 2387 2472 2441 ἐπεὶ
2494 2385 2752 2458 ἑωρῶμεν
2783 2383 3032 2455 αὐτάρκη
3062 2383 3405 2454 περιγραφὴν
3431 2381 3592 2452 εἰλη-

2007 2480 2163 2550 φέναι
2193 2479 2284 2532 τὸν
2321 2477 2620 2531 δωδέκατον
2661 2473 2769 2530 τῶν
2809 2473 3206 2546 Ἐξηγητικῶν,
3237 2473 3413 2538 ἔδοξεν
3446 2475 3590 2545 ἡμῖν

2007 2570 2304 2642 καταλῆξαι
2365 2570 2445 2630 εἰς
2486 2569 2577 2623 τὸν
2627 2567 2728 2637 τῆς
2787 2565 3177 2640 Σαμαρείτιδος
3233 2565 3390 2634 λόγον
3451 2568 3594 2639 περὶ

2005 2659 2099 2714 τοῦ
2151 2660 2264 2731 (80)
2301 2658 2591 2730 λεγομένου
2625 2658 2716 2711 ὑπ’
2755 2655 2927 2725 αὐτῆς
2966 2655 3199 2727 φρέατος
3221 2691 3238 2718 ,
3279 2654 3356 2720 ὡς
3396 2657 3426 2709 6
3489 2656 3598 2710 Ἰα-

2007 2750 2122 2806 κὼϐ
2155 2751 2352 2806 ἔδωκεν
2384 2750 2542 2815 αὐτὸ,
2574 2749 2666 2803 καὶ
2708 2747 2867 2812 αὐτὸς
2911 2748 2972 2814 ὲξ
3001 2747 3166 2802 αὑτοῦ
3199 2747 3320 2800 ἔπιε
3344 2789 3360 2815 ,
3394 2747 3490 2802 καὶ
3531 2750 3591 2802 οἱ

2007 2842 2111 2896 υίοί
2137 2840 2301 2896 αὐτοῦ
2326 2880 2341 2906 ,
2371 2839 2467 2894 καὶ
2505 2839 2574 2893 τὰ
2614 2837 2904 2910 θρέμματα
2932 2837 3119 2902 αὑτοῦ,
3171 2838 3258 2891 ἵνα
3289 2837 3591 2910 ἀρξώμεθα

2006 2933 2100 2988 τοῦ
2131 2931 2576 3005 τρισκαιδεκάτου
2617 2929 2725 2984 ἀπὸ
2747 2931 2844 3002 τῆς
2879 2929 3222 3001 ἀποκρίσεως
3253 2929 3344 2983 τοῦ
3374 2930 3588 3002 Κυρίου

2007 3021 2140 3092 πρὸς
2173 3021 2283 3091 (81)
2331 3020 2515 3091 αὑτήν.
2555 3036 2574 3070 ι
2621 3018 2917 3091 Ἀπεκρίθη
2948 3020 2978 3071 6
3018 3017 3256 3090 Ἰησοῦς,
3295 3019 3391 3072 καὶ
3429 3016 3592 3075 εἶπεν

2005 3113 2144 3183 αὐτῇ
2169 3129 2181 3142 ·
2212 3113 2326 3176 Πᾶς
2349 3113 2378 3164 6
2407 3111 2576 3164 πίνων
2609 3112 2673 3164 ὲκ
2734 3109 2829 3164 τοῦ
2899 3109 3089 3174 ὕδατος
3144 3110 3330 3166 τούτου
3371 3112 3591 3184 διψήσει

2009 3203 2196 3258 πάλινο
2222 3203 2280 3266 ὃς
2305 3203 2349 3257 δ’
2372 3203 2438 3256 ἂν
2467 3203 2570 3276 πίῃ
2590 3203 2653 3256 ὲκ
2681 3202 2773 3256 τοῦ
2802 3202 2991 3266 ὓδατος
3016 3195 3079 3255 οὗ
3103 3201 3214 3271 ἐγὼ
3238 3203 3393 3257 δώσω
3412 3205 3592 3275 αὐτῷ,

2009 3294 2296 3365 γενήσεται
2329 3293 2478 3365 πηγὴ
2507 3295 2566 3345 ὲν
2593 3291 2742 3362 αὐτῷ
2782 3291 2972 3356 ὓδατος
3009 3292 3302 3364 ἁλλομένου
3334 3296 3415 3358 εἰς
3439 3295 3595 3368 ζωὴν

349 3384 686 3450 maritidem,
719 3383 949 3451 primum
982 3381 1196 3451 quidem
1227 3379 1415 3435 dicens
1447 3397 1461 3431 :
1495 3399 1512 3432 ι
1544 3379 1598 3434 Si
1626 3380 1798 3436 scires
1817 3382 1910 3436 do-

2013 3383 2246 3440 αἰώνιον.
2288 3405 2306 3436 ι
2339 3383 2598 3455 Δεύτερον
2626 3382 2785 3437 τοῦτο
2813 3383 3165 3455 ἀποκρίνεται
3191 3387 3325 3457 πρὸς
3355 3387 3454 3458 τὴν
3478 3389 3593 3442 Σα-

349 3489 476 3530 num
506 3473 620 3540 Dei,
648 3481 704 3528 et
735 3473 858 3543 quis
889 3479 968 3528 est
1025 3472 1114 3541 qui
1144 3471 1276 3526 dicit
1313 3471 1404 3526 tibi
1437 3489 1450 3526 :
1483 3470 1559 3526 Da
1606 3473 1735 3526 mihi
1767 3473 1911 3541 quod

347 3568 553 3631 bibam,
586 3575 640 3620 tu
676 3564 927 3620 fortassis
958 3565 1027 3619 ab
1049 3579 1114 3620 eo
1149 3563 1426 3633 petiisses,
1455 3574 1508 3620 et
1539 3565 1773 3620 dedisset
1815 3565 1910 3620 tibi

348 3670 540 3726 aquam
563 3655 740 3710 vivam
760 3652 842 3719 ³¹;
871 3671 890 3705 ι
921 3664 978 3708 et
1000 3667 1142 3706 nunc
1165 3651 1376 3721 quando
1402 3651 1696 3706 admonens
1720 3651 1911 3720 ipsam,

347 3739 506 3818 213
539 3755 597 3801 ut
625 3757 834 3815 peteret
862 3760 1056 3816 aquam
1084 3744 1282 3809 vivam,
1310 3741 1441 3798 dicit
1478 3757 1596 3811 qua
1640 3740 1914 3796 recensui-

350 3854 502 3903 mus;
535 3847 588 3893 et
614 3839 680 3892 ad
715 3838 942 3904 primam
969 3835 1190 3905 quidem
1214 3835 1626 3904 responsionem
1656 3831 1792 3888 nihil
1828 3832 1912 3887 lo-

348 3930 533 3998 quitur
579 3926 884 3988 Samaritis,
935 3926 1029 3979 sed
1077 3927 1363 3981 addubitat
1395 3927 1462 3982 de
1504 3925 1914 3996 comparatione

349 4031 647 4087 aquarum;
699 4023 818 4080 post
848 4015 1139 4067 secundam
1180 4031 1312 4070 vero
1353 4015 1570 4072 Domini
1605 4015 1914 4086 responsio-

351 4123 472 4162 nem
513 4104 805 4159 admittens
849 4117 974 4171 qttae
1015 4102 1084 4156 ab
1136 4104 1256 4172 ipso
1303 4106 1449 4160 dicta
1501 4105 1751 4161 fuerant:
1780 4123 1799 4158 ι
1839 4106 1910 4160 Da

350 4197 477 4252 mibi
526 4196 688 4260 hanc,
752 4192 963 4263 inquit,
1025 4209 1220 4262 aquam
1247 4195 1314 4249 ³¹¹.
1349 4213 1368 4246 ι
1437 4187 1910 4251 Ροτιίιεείεόιιίηι

350 4291 543 4357 dogma
564 4296 668 4351 est,
707 4285 974 4341 neminem
1001 4286 1200 4340 donum
1230 4286 1469 4340 divinum
1489 4287 1740 4356 accipere
1767 4301 1910 4357 pra:-

352 4393 434 4435 ter
463 4386 736 4450 petentem
779 4375 928 4432 illud.
953 4375 1310 4443 Quamobrem
1347 4374 1693 4430 Servatorem
1736 4376 1911 4445 ipsum

352 4471 513 4526 Pater
555 4471 669 4540 ipse
715 4480 899 4540 petere
939 4467 1192 4523 admonet
1229 4481 1326 4538 per
1370 4465 1671 4536 psalmum,
1697 4467 1772 4519 uti
1809 4465 1911 4524 sibi

351 4563 600 4625 donetur,
641 4557 1090 4628 quemadmodum
1131 4558 1287 4612 docet
1328 4571 1428 4612 nos
1454 4557 1567 4625 ipse
1611 4556 1802 4621 Filius,
1827 4555 1914 4611 di-

352 4650 546 4706 cens”
578 4669 591 4706 :
625 4669 643 4702 ι
681 4649 938 4706 Dominus
986 4648 1124 4704 dixit
1172 4649 1239 4703 ad
1281 4663 1365 4702 me
1393 4665 1406 4702 :
1433 4646 1600 4703 Filius
1648 4663 1801 4703 meus
1852 4662 1912 4704 es

351 4755 406 4797 ιιι
441 4761 454 4796 :
487 4741 694 4812 postulo
721 4758 750 4795 a
781 4755 885 4805 me,
917 4751 972 4796 et
1015 4739 1154 4796 dabo
1177 4739 1273 4794 tibi
1319 4749 1508 4808 gentes
1543 4738 1911 4794 haereditatent

352 4845 520 4902 tuam,
551 4841 604 4887 et
635 4832 1028 4900 possessionem
1071 4839 1220 4884 tuam
1272 4831 1531 4884 terminos
1564 4839 1742 4884 terra}.
1776 4847 1794 4881 ι
1825 4828 1914 4884 Di-

350 4925 424 4978 trit
450 4922 610 4979 etiam
645 4922 900 4977 Servator
927 4937 941 4976 :
985 4939 1004 4973 ι
1032 4921 1226 4987 Petite,
1259 4931 1314 4976 et
1338 4921 1556 4976 dabitur
1581 4922 1734 4976 vobis
1762 4935 1915 4975 :om-

351 5013 436 5070 nis
464 5012 607 5069 enim
635 5012 726 5082 qui
755 5015 906 5081 petit,
934 5009 1210 5080 accipit“.
1248 5029 1266 5062 ι
1302 5009 1461 5065 Paret
1481 5012 1694 5080 quidem
1727 5011 1916 5066 Sama-

354 5106 472 5162 ritis
503 5115 564 5160 ut
594 5113 742 5175 petat
788 5118 986 5172 aquam
1021 5116 1049 5155 a
1094 5100 1244 5166 Jesu,
1278 5104 1457 5172 imago
1512 5103 1804 5166 exsistens,
1854 5112 1913 5156 ut

456 5241 678 5301 "Joan.
707 5241 891 5308 1ν,12.
976 5239 1022 5272 ³⁸
1053 5241 1182 5296 ibid.
1230 5240 1316 5295 15.
1390 5239 1432 5270 ³⁸
1460 5239 1590 5294 ibid.
1619 5241 1705 5295 10.

427 5361 541 5432 (79)
579 5363 678 5415 Ἂν
725 5359 1061 5432 ἐδοεέίσοι.
1115 5360 1206 5415 Sic
1252 5370 1398 5416 recte
1446 5359 1647 5416 habent
1700 5358 1916 5432 codices

357 5430 684 5504 Barberinus
709 5442 768 5504 et
799 5431 1144 5504 llotlleianus,
1179 5445 1461 5504 perperam
1492 5439 1674 5485 autem
1719 5430 1916 5500 legitur

357 5503 409 5554 in
441 5499 624 5566 Regio,
653 5499 887 5565 ἀνέδειξέ
919 5518 1020 5555 σοι.

578 5569 756 5642 podex
791 5568 1012 5642 lit-gius,
1039 5569 1199 5642 male,
1229 5571 1356 5642 περί
1387 5568 1598 5642 τούτῳ.

427 5635 539 5713 (81)
579 5638 720 5693 idem
748 5635 915 5692 codex
949 5638 1166 5708 Regius,
1205 5635 1411 5714 Κυρίου
1439 5639 1614 5714 ἡμῶν.

2014 3479 2259 3547 μαρεϊτιν
2281 3475 2310 3528 6
2354 3473 2580 3544 Ἰησοῦς,
2622 3475 2883 3547 πρότερον
2914 3475 3012 3546 μὲν
3042 3475 3214 3544 λέγων
3237 3493 3250 3506 ·
3283 3495 3304 3528 ι
3337 3477 3398 3530 Εἰ
3438 3477 3596 3548 ᾕδεις

2011 3567 2110 3637 τὴν
2141 3565 2347 3636 δωρεὰν
2380 3563 2472 3618 τοῦ
2503 3563 2660 3632 Θεοῦ,
2694 3565 2790 3618 καὶ
2818 3565 2900 3629 τίς
2925 3566 3071 3618 ἐστιν
3094 3567 3123 3618 6
3153 3564 3325 3634 λέγων
3354 3568 3454 3621 σοι’
3473 3571 3594 3634 Δός

2005 3673 2105 3724 μοι
2131 3654 2316 3718 πιεῖν,
2359 3655 2423 3708 σὺ
2477 3653 2543 3707 ἂν
2575 3653 2782 3724 ᾔτησας
2806 3653 2966 3707 αὑτὸν
2985 3693 3002 3719 ,
3037 3655 3130 3708 καὶ
3175 3655 3372 3709 ἔδωκεν
3403 3656 3467 3711 άν
3503 3673 3593 3710 σοι

2013 3745 2158 3816 ὕδωρ
2194 3743 2302 3808 ζῶν
2327 3761 2342 3774 ο
2383 3762 2403 3796 ι
2435 3745 2530 3798 καὶ
2569 3745 2686 3810 νῦν,
2715 3745 2791 3808 ὡς
2838 3745 3160 3816 προτρέπων
3197 3744 3363 3816 αὐτὴν
3403 3746 3498 3800 ἐπὶ
3529 3747 3594 3799 τὸ

2011 3835 2229 3906 αἰτῆσαι
2261 3834 2322 3889 τὸ
2349 3832 2456 3899 ζῶν
2487 3834 2629 3907 ὕδωρ
2654 3874 2668 3899 ,
2709 3834 2858 3902 λέγει
2885 3835 2954 3888 τὰ
2993 3835 3288 3906 ἐκκείμενα
3312 3852 3326 3866 ο
3354 3837 3449 3889 καὶ
3494 3837 3597 3890 ἐπὶ

2015 3927 2112 3997 μὲν
2139 3927 2217 3998 τῷ
2243 3927 2491 3999 προτέρῳ
2521 3927 2621 3979 οῦκ
2649 3921 2803 3978 εἶπεν
2829 3926 2980 3978 οὐδὲν
3011 3925 3144 3997 (82),
3177 3926 3290 3980 ἀλλ’
3323 3927 3600 3999 ἐπαπορεῖ

2013 4018 2140 4090 περὶ
2163 4017 2263 4088 τῆς
2290 4017 2624 4091 συγκρίσεως
2651 4016 2756 4070 τῶν
2784 4015 2990 4070 ὑδάτων
3019 4019 3052 4088 ἡ
3075 4017 3428 4090 Σαμαρεῖτις’
3451 4020 3596 4088 μετὰ

2009 4109 2064 4164 δὲ
2093 4109 2190 4182 τὴν
2221 4105 2475 4180 δευτέραν
2499 4109 2787 4180 ἀπόκρισιν
2809 4107 2902 4162 τοῦ
2935 4108 3135 4178 Κυρίου
3166 4108 3595 4180 παραδεξαμένη

2010 4202 2078 4254 τὰ
2106 4201 2368 4272 εἰρημένα
2395 4200 2554 4270 φησί·
2590 4217 2609 4250 ι
2651 4198 2749 4262 Δός
2797 4215 2886 4270 μοι
2913 4198 3071 4252 τοῦτο
3095 4197 3155 4252 τὺ
3183 4197 3346 4270 ὕδωρ.
3385 4219 3405 4251 ι
3437 4200 3598 4270 Τάχα

2011 4292 2120 4364 γὰρ
2145 4292 2317 4363 δόγμα
2342 4291 2395 4344 τί
2437 4293 2582 4354 ὲστι,
2625 4289 2826 4360 μηδένα
2872 4288 3166 4360 λαμϐάνειν
3198 4289 3348 4344 θείαν
3379 4291 3596 4362 δωρεὰν

2011 4384 2119 4438 τῶν
2145 4384 2218 4455 μὴ
2244 4381 2536 4436 αἰτούντων
2561 4382 2749 4452 αὑτήν.
2776 4382 2886 4435 Καὶ
2906 4382 3066 4435 αὑτὸν
3089 4380 3220 4450 γοῦν
3241 4382 3332 4435 τὸν
3361 4383 3593 4454 Σωτῆρα

2010 4475 2098 4530 διὰ
2121 4475 2215 4528 τοῦ
2243 4474 2458 4546 ψαλμοῦ
2489 4473 2784 4546 προτρέπει
2812 4475 2983 4528 αἰτεῖν
3009 4475 3037 4527 6
3069 4473 3257 4544 Πατὴρ
3274 4512 3290 4537 ,
3317 4474 3404 4527 ἶνα
3437 4475 3594 4545 αὑτῷ

2011 4567 2320 4639 δωρήσηται
2343 4584 2356 4598 ’
2384 4566 2459 4630 ὡς
2487 4565 2646 4630 αὐτὸς
2683 4566 2792 4638 (85)
2817 4567 2964 4637 ἡμᾶς
3005 4565 3246 4619 διδάσκει
3286 4568 3315 4620 6
3343 4566 3469 4630 Υἱὸς
3504 4567 3593 4620 λέ·-

1938 4693 1981 4751 C
2013 4675 2124 4728 γων
2147 4675 2160 4687 ·
2195 4677 2214 4708 ι
2251 4659 2452 4729 Κύριος
2493 4654 2614 4711 εἷπε
2647 4657 2784 4730 πρός
2827 4675 2893 4729 με
2918 4676 2932 4689 ’
2961 4657 3089 4720 Υἱός
3120 4675 3222 4728 μου
3271 4653 3323 4711 εἴ
3353 4658 3417 4712 σύ
3441 4674 3458 4691 ο
3499 4659 3592 4713 at-

2019 4766 2177 4819 τησαι
2206 4751 2336 4821 παρ’
2357 4748 2513 4820 ἐμοῦ,
2543 4750 2636 4802 καὶ
2659 4749 2812 4802 δώσω
2844 4766 2925 4803 σοι
2953 4748 3079 4819 ἔθνη
3106 4749 3203 4819 τὴν
3228 4748 3594 4822 κληρονομίαν

2020 4858 2112 4894 σου
2133 4881 2148 4901 ,
2183 4842 2274 4893 καὶ
2309 4840 2406 4912 τὴν
2435 4839 2762 4910 κατάσχεσίν
2795 4856 2888 4892 σου
2919 4839 2989 4892 τὰ
3023 4839 3234 4910 πέρατα
3263 4841 3362 4911 τῆς
3402 4841 3528 4911 γῆς.
3567 4862 3585 4893 ι

2020 4933 2129 4986 Καὶ
2152 4934 2180 4986 6
2205 4933 2395 5004 Σωτήρ
2423 4948 2586 5004 φησιν
2609 4947 2623 4962 ·
2662 4951 2682 4982 ι
2717 4932 2949 4996 Αἰτεῖτε,
2982 4931 3076 4985 καὶ
3104 4931 3389 5002 δοθήσεται
3423 4932 3552 5002 ὑμῖν
3574 4949 3588 4962 ·

2020 5023 2134 5085 Πᾶς
2161 5022 2270 5093 γάρ
2307 5024 2336 5076 6
2379 5022 2542 5075 αἰτῶν
2590 5021 2872 5091 λαμϐάνει.
2913 5041 2933 5072 ι
2981 5020 3232 5076 Πείθεται
3265 5022 3513 5093 μέντοιγε
3554 5027 3588 5095 ἡ

2021 5110 2348 5182 Σαμαρεῖτις
2381 5109 2601 5180 αἰτῆσαι
2640 5107 2730 5163 τὸν
2785 5107 2994 5180 Ἰησοῦν
3042 5109 3222 5180 ὕδωρ,
3269 5109 3464 5176 εἰκὼν,
3513 5110 3590 5176 ὡς

1781 5241 1825 5271 ³²
1847 5238 2008 5299 Joan.
2053 5256 2127 5308 Iv,
2176 5243 2258 5298 l5.
2335 5244 2380 5275 ⁸³
2403 5243 2543 5298 Psal.
2575 5259 2636 5309 tt,
2663 5243 2718 5307 7,
2743 5242 2798 5296 8.
2875 5242 2920 5274 “
2957 5241 3146 5298 Matth.
3179 5257 3280 5308 νη,
3303 5243 3359 5308 7,
3391 5243 3447 5297 8.

2096 5362 2220 5444 ςκεελ
2246 5360 2453 5444 ρίνόἐν.
2481 5360 2640 5416 Deest
2667 5361 2720 5415 in
2745 5361 2934 5416 codice
2956 5359 3144 5432 Regio,
3161 5360 3254 5415 sed
3283 5359 3592 5415 restituitur

2021 5449 2054 5488 e
2085 5433 2399 5489 Bodleiano.

2040 5572 2054 5590 ,
2397 5501 2598 5567 αὐτός.
2636 5497 2729 5555 Sic
2757 5498 2925 5556 codex
2975 5498 3336 5570 Bodleianus;
3369 5498 3590 5570 Regius,

2023 5587 2303 5636 ωσαυτως.
