3948 6206
265 325 362 380 401

1318 317 1672 375 COMMENT.
1717 315 1782 371 IN
1819 315 2011 373 JOAN.
2055 313 2288 370 TOMUS
2326 311 2462 368 XIII.

3401 305 3512 358 “1‘2

259 441 632 513 προείπομεν,
681 442 1014 512 τυγχάνουσα
1080 437 1303 510 γνώμης
1362 434 1834 507 ἐτεροδοξούντων,

1945 436 2312 506 praediximus,
2342 444 2529 486 eorum
2561 429 2651 496 qui
2689 427 2758 481 ab
2785 425 3036 482 Ecclesia!
3072 426 3306 482 decretis
3341 429 3506 483 dissi-

260 533 390 604 περὶ
435 534 535 596 τὰς
578 533 727 596 θείας
773 531 1180 603 ἀσχολουμένων
1224 528 1475 600 Γραφάς,
1514 529 1604 581 ὅτε
1647 526 1834 580 ἀκούει

259 623 392 693 περὶ
428 625 526 693 τῆς
569 623 904 694 συγκρίσεως
949 621 1272 693 ἀμφοτέρων
1312 619 1420 673 τῶν
1465 619 1692 675 ὑδάτων.
1725 618 1836 672 Καὶ

255 709 364 779 ὅρα
390 710 449 776 ἐξ
479 704 554 764 ὧν
578 711 880 776 ἐπεπόνθει,
909 711 1024 775 πῶς
1058 711 1290 764 πίνουσα
1327 711 1392 762 ἐκ
1416 707 1511 762 τοῦ
1543 708 1834 779 νομιζομέ-

256 817 354 854 νου
389 802 526 872 αὐτῇ
561 800 767 871 βαθέως
791 798 930 856 εἶναι
955 803 1210 874 φρέατος,
1238 803 1339 856 οὐκ
1369 799 1668 856 ἀνεπαύετο
1701 800 1834 872 (84),

258 890 382 944 οὐδὲ
415 891 514 961 τῆς
540 891 698 962 δίψης
725 892 1115 965 ἀπηλλάττετο.

333 980 387 1034 2.
420 981 642 1052 Ἰδωμεν
671 979 766 1036 οὖν
791 984 845 1037 τί
873 985 1194 1055 σημαίνεται
1222 985 1286 1037 ἐκ
1314 982 1408 1037 τοῦ
1432 999 1446 1014 °
1484 1003 1503 1036 ι
1532 984 1649 1048 Πᾶς
1689 986 1718 1038 6
1745 984 1837 1038 πί-

259 1089 371 1126 νων
410 1073 474 1126 ἐκ
511 1071 604 1126 τοῦ
647 1070 838 1138 ὓδατος
867 1075 1056 1128 τούτου
1084 1075 1295 1144 διψήσει
1333 1075 1516 1129 πάλιν.
1551 1095 1569 1127 ι
1603 1075 1839 1130 Ἐστιδέ

259 1168 329 1222 ἐκ
365 1168 464 1239 τῆς
493 1166 683 1238 διψῆν
731 1171 912 1242 φωνῆς
937 1210 952 1235 ,
988 1170 1078 1224 καὶ
1107 1173 1170 1224 ἐκ
1197 1171 1297 1241 τῆς
1345 1167 1584 1236 πεινῆν,
1613 1169 1754 1222 κατά
1779 1169 1840 1222 τὸ

263 1261 576 1330 σωματικὸν
597 1300 614 1325 ,
643 1259 736 1315 δύο
761 1261 1148 1333 σημαινόμενα,
1182 1262 1240 1315 ἐν
1272 1261 1369 1332 μὲν
1408 1261 1529 1315 καθ’
1559 1261 1588 1314 6
1609 1261 1841 1331 δεόμεθα

259 1351 489 1423 τροφῆς,
519 1353 860 1418 κενωθέντες.
892 1355 985 1408 καὶ
1014 1354 1330 1424 ὀρεγόμενοι
1371 1354 1542 1424 αὐτῆς
1563 1395 1578 1418 ,
1613 1353 1718 1406 ὑπὸ
1743 1352 1840 1406 τοῦ

261 1441 434 1515 ὑγροῦ
468 1445 598 1515 ἡμῖν
642 1444 982 1508 ἐπιλιπόντος
1004 1443 1117 1515 (85)
1142 1460 1156 1473 ·
1189 1442 1376 1514 ἕτερον
1409 1443 1466 1496 δέ
1494 1443 1614 1496 καθ’
1658 1443 1687 1495 ὃ
1711 1441 1840 1494 πολε

259 1532 418 1596 λάκις
463 1535 510 1587 oi
543 1535 790 1606 πένητες,
832 1535 926 1589 καὶ
973 1538 1031 1588 ἐν
1057 1534 1265 1607 ἀπορίᾳ
1303 1534 1490 1598 ὄντες.
1514 1533 1620 1588 τῶν
1649 1535 1841 1603 ἐπιτη-

259 1623 417 1678 δείων
461 1627 593 1694 φασὶ
638 1626 1024 1698 κεκορεσμένοι
1065 1625 1128 1680 τὸ
1169 1628 1394 1697 πεινῆν,
1437 1625 1470 1696 ῆ
1512 1622 1691 1694 διψῇν.
1733 1623 1844 1675 Kal.

263 1715 562 1787 μαρτύριόν
596 1734 660 1786 γε
699 1716 793 1771 τοῦ
843 1719 941 1789 μὲν
987 1719 1204 1789 πρώτου
1253 1717 1310 1770 ἐν
1345 1720 1410 1788 τῇ
1461 1715 1692 1786 Ἐξόδῳ,
1730 1715 1840 1782 ὅτε,

1937 527 2148 590 dentes,
2177 533 2304 579 sunt
2329 522 2383 576 itt
2419 520 2616 575 divinis
2641 518 2940 588 Scripturis
2957 519 3259 584 exercitati,
3290 523 3509 590 quando

1936 618 2086 672 audit
2133 617 2201 672 de
2249 613 2656 682 comparatione
2713 620 3066 679 utrarumque
3122 626 3400 678 aquarum.
3445 612 3510 665 Et

1936 711 2060 764 vide
2101 723 2169 764 ex
2217 707 2304 762 his
2333 720 2454 777 qua:
2494 719 2652 774 passa
2695 702 2893 769 fuerat,
2923 702 3192 772 quomodo
3228 701 3413 756 bibens
3441 717 3508 757 ex

1939 811 2118 872 puteo,
2171 815 2334 870 quem
2409 798 2526 866 ipsa
2574 794 2922 850 existimabat
2991 792 3351 864 profundum,
3391 807 3490 848 nec

1939 890 2334 946 reiocillaretur
2371 901 2473 942 nec
2497 901 2527 941 a
2552 885 2644 940 siti
2678 885 3024 939 liberaretur.

2005 982 2060 1036 2.
2099 981 2338 1037 Proinde
2375 979 2662 1032 videamus
2701 976 2829 1046 quid
2865 991 2932 1030 ex
2977 975 3085 1030 illis
3132 973 3314 1030 verbis
3344 975 3513 1041 signi-

1941 1073 2156 1138 ﬁcetur,
2195 1088 2214 1122 ι
2263 1069 2443 1124 omnis
2497 1066 2588 1136 qui
2633 1065 2835 1120 biberit
2881 1078 2946 1118 ex
2998 1063 3102 1118 hac
3161 1077 3321 1132 aqua,
3369 1063 3516 1116 sitiet

1940 1165 2138 1219 iterum
2154 1162 2226 1218 ³⁸.
2259 1179 2278 1214 ›
2313 1160 2482 1214 Porro
2526 1157 2676 1211 vocis
2719 1154 2938 1210 sitiendi
2966 1163 3021 1209 et
3065 1154 3215 1208 vocis
3243 1153 3512 1207 esuriendi

1941 1255 2120 1328 quoad
2143 1268 2368 1310 sensum
2403 1251 2662 1306 humilem
2693 1259 2747 1302 et
2777 1247 3119 1316 corporalem
3161 1247 3372 1311 attinet,
3399 1247 3518 1302 dua:

1943 1354 2068 1400 sunt
2097 1341 2531 1414 signiﬁcationes
2561 1363 2574 1395 :
2612 1339 2786 1392 altera
2804 1353 2924 1390 cum
2944 1335 3098 1390 vacui
3150 1337 3270 1389 cibo
3297 1351 3515 1403 egemus

1943 1437 2058 1500 illo,
2091 1434 2234 1504 quod
2263 1432 2590 1502 appetimus,
2625 1427 2846 1483 humido
2888 1427 3163 1486 destituti:
3195 1427 3364 1481 altera
3395 1442 3521 1482 cum

1943 1540 2086 1597 saepe
2142 1537 2437 1594 pauperes,
2477 1528 2533 1574 et
2573 1517 2669 1589 qui
2698 1529 2827 1573 sunt
2856 1519 2909 1572 iu
2941 1527 3181 1587 egestate
3208 1533 3386 1572 rerum
3422 1534 3518 1573 ne-

1943 1614 2306 1670 cessariarum
2341 1610 2555 1673 dicunt,
2591 1606 2805 1661 etiamsi
2843 1605 3027 1659 satiati
3063 1603 3283 1669 fuerint,
3316 1620 3374 1660 se
3397 1621 3517 1659 csu-

1946 1709 2054 1763 rire
2082 1707 2168 1761 vel
2223 1706 2400 1761 sitire.
2435 1703 2632 1758 Prima:
2664 1699 2887 1769 quidem
2940 1699 3309 1753 testimonium
3352 1697 3526 1756 habes

261 1777 890 1877 ἀποβάντες-τροφῶνί
925 1809 992 1877 τῇ
1019 1777 1465 1878 ἐννεακαιδεκάτῃ
1493 1777 1688 1876 ἡμέρᾳ,
1705 1777 1836 1876 (86),

1948 1799 2000 1854 in
2045 1797 2232 1854 Exodo
2252 1797 2321 1864 ³⁸,
2349 1795 2568 1866 quando
2619 1801 2841 1860 egentes
2883 1789 3022 1844 cibis
3077 1807 3096 1841 ι
3123 1789 3331 1876 decima
3377 1802 3517 1844 nona

261 1891 341 1962 τῷ
371 1894 501 1964 μηνὶ
529 1894 607 1965 τῷ
631 1895 868 1968 δευτέρῳ
899 1895 1292 1966 ἐξεληλυθότων
1320 1895 1498 1948 αὐτῶν
1524 1897 1588 1948 ἐκ
1619 1895 1724 1966 γῆς
1751 1897 1844 1949 Δί-

259 1982 502 2052 γύπτου,
554 1984 842 2054 διεγόγγυζ
848 2003 874 2038 ε
915 1987 1062 2040 πᾶσα
1103 1987 1390 2058 συναγωγὴ
1443 1985 1575 2040 υίῶν
1630 1985 1845 2057 Ἰσραὴλ

263 2075 358 2126 ἐπὶ
389 2075 630 2146 Μωῦσῆν
654 2075 748 2129 καὶ
793 2075 1002 2148 Ἀαρὼν
1024 2116 1039 2141 ,
1069 2077 1164 2130 καὶ
1193 2071 1352 2132 εἶπαν
1386 2078 1524 2149 πρὸς
1564 2079 1765 2142 αὐτοὺς
1793 2079 1842 2132 oi

260 2167 372 2219 uloi.
421 2167 672 2240 Ἰσραήλ⁶
729 2168 957 2237 Ὄφελον
1002 2169 1348 2242 ἀπεθάνομεν
1396 2171 1696 2242 πληγέντες
1739 2171 1845 2225 ὑπὸ

261 2257 468 2328 Κυρίου
497 2259 554 2312 ἐν
583 2261 648 2329 γῇ
672 2259 954 2330 Αίγύπτῳ,
986 2261 1113 2316 ὅταν
1142 2261 1476 2332 ἐκαθίσαμεν
1502 2261 1594 2315 ἐπὶ
1619 2263 1726 2316 τῶν
1758 2261 1846 2316 λε-

261 2349 441 2420 ϐήτων
462 2349 570 2403 τῶν
601 2353 810 2424 κρεῶν,
842 2352 938 2406 καὶ
969 2353 1230 2425 ῆσθίομεν
1263 2355 1460 2426 ἀρτους
1485 2357 1565 2420 είς
1597 2355 1843 2427 πλησμο⁹

261 2442 358 2510 νήν
374 2457 386 2470 °
416 2441 496 2494 ὅτι
518 2441 811 2513 ἐξηγάγετε
838 2445 986 2515 ἡμᾶς
1007 2447 1085 2509 είς
1109 2445 1209 2516 τὴν
1237 2445 1439 2517 ἔρημον
1458 2446 1683 2518 ταύτην,
1713 2450 1843 2503 ἀπο-

263 2533 464 2586 κτεῖναι
490 2531 601 2602 (87)
635 2535 814 2589 πᾶσαν
857 2536 956 2607 τὴν
992 2539 1312 2610 συναγωγὴν
1345 2537 1548 2611 ταύτην
1577 2541 1634 2592 ἐν
1671 2540 1836 2612 λιμῷ.

263 2616 398 2674 Εἷπε
440 2621 497 2675 δὲ
521 2622 723 2694 Κύριος
755 2625 894 2697 πρὸς
942 2627 1214 2698 Μωῦσῆν·
1251 2627 1379 2681 Ἰδοὺ
1427 2627 1536 2697 ἐγὼ
1589 2627 1670 2683 ὓω
1701 2630 1830 2701 ὑμῖν

260 2712 460 2783 ἄρτους
483 2714 548 2767 ἐκ
584 2707 678 2769 τοῦ
710 2715 944 2788 ούρανοῦ
963 2757 979 2783 ,
1003 2717 1100 2772 καὶ
1130 2717 1464 2786 ἐξελεύσεται
1495 2721 1524 2773 6
1550 2719 1677 2786 λαδς
1695 2762 1710 2786 ,
1744 2723 1839 2776 καί⁹

262 2803 572 2870 συλλέξουσι
599 2805 660 2860 τὸ
679 2807 780 2879 τῆς
802 2809 1019 2880 ⁴ἡμέρας
1045 2811 1126 2874 είς
1158 2810 1391 2883 ἡμέραν,
1425 2811 1572 2875 ὅπως
1596 2814 1840 2885 πειράσω

260 2895 460 2959 αὐτοὺς
486 2897 535 2950 εί
568 2896 929 2969 πορεύσονται
953 2899 1031 2972 τῷ
1059 2900 1208 2972 νόμῳ
1233 2918 1358 2972 μου,
1382 2901 1414 2973 ἦ
1439 2901 1522 2956 οὖ.
1553 2921 1572 2956 ι
1604 2901 1838 2959 Πεινών-

258 3005 370 3042 των
395 2987 505 3060 γάρ
531 2990 624 3042 καὶ
649 2989 998 3063 ἀπορούντων
1028 2992 1127 3063 τῆς
1158 2992 1458 3060 ἀναγκαίας
1485 2993 1689 3065 τροφῆς
1714 2995 1838 3050 ὅσον

258 3080 573 3151 γογγυσμδν
610 3082 825 3137 ἐποίουν
862 3085 912 3137 οί
947 3083 1094 3152 λόγοι
1129 3083 1239 3156 (88)
1263 3100 1277 3115 ο
1327 3084 1462 3139 ἀλλὰ
1513 3085 1606 3138 καὶ
1649 3084 1837 3150 ὓδατος
1864 3110 1906 3166 c

257 3169 592 3241 ἀποροῦντες
616 3172 709 3226 καὶ
727 3171 986 3242 διψῶντες
1006 3172 1350 3243 διεγόγγυζον
1377 3173 1517 3227 κατά
1537 3173 1834 3239 Μωῦσέως’

267 3279 286 3312 ι
324 3262 389 3314 Τί
422 3262 658 3334 πιόμεθα
688 3280 703 3329 ;
747 3283 766 3316 ι
797 3266 887 3318 ὅτε
917 3283 937 3318 ι
969 3265 1163 3338 ἐϐόησε
1185 3266 1424 3336 Μωῦσῆς
1460 3265 1596 3338 πρὸς
1617 3265 1840 3337 Κύριον,

261 3353 359 3404 καὶ
389 3351 586 3418 ἔδειξεν
631 3355 779 3426 αύτῷ
807 3356 1010 3429 Κύριος
1028 3356 1312 3422 ξύλον,καὶ
1331 3356 1579 3410 ἐνέϐαλεν
1602 3357 1733 3414 αὐτὸ
1765 3359 1844 3421 είς

259 3441 324 3494 τδ
350 3441 492 3516 ὕδωρ
512 3483 526 3506 ,
576 3447 672 3499 καὶ
727 3446 1028 3520 ἐγλυκάνθη
1067 3448 1129 3502 τὸ
1154 3446 1319 3519 ὕδωρ.
1363 3467 1382 3499 ι
1407 3448 1518 3501 Καὶ
1549 3449 1663 3518 μετ’
1687 3447 1842 3517 ὀλίγα

263 3533 424 3604 ἡνίκα
452 3529 613 3606 ἦλθεν
643 3539 721 3602 είς
765 3539 1035 3608 Ῥαφιδεὶν
1055 3578 1069 3605 ,
1097 3540 1404 3613 γέγραπται
1423 3579 1438 3604 ,
1473 3539 1555 3593 ὅτι
1587 3539 1840 3613 ἐδίψησεν

261 3626 292 3676 6
336 3623 461 3689 λαδς
503 3627 619 3680 ἐκεῖ
656 3627 848 3696 ὕδατι,
882 3630 977 3684 καὶ
1017 3629 1316 3700 ἐγόγγυζεν
1360 3631 1391 3683 6
1431 3630 1560 3694 λαὸς
1592 3632 1710 3684 ἐκεῖ
1747 3628 1836 3686 ἐπὶ

263 3715 520 3787 Μωῦσῆν.
549 3716 701 3782 Δόξει
743 3718 798 3772 δέ
828 3717 924 3772 τοῦ
959 3720 1213 3792 δευτέρου
1264 3720 1374 3775 τῶν
1421 3713 1835 3792 σημαινομένων

264 3802 401 3858 εἶναι
432 3807 580 3880 παρά
608 3808 686 3880 τῷ
711 3810 907 3881 Παύλῳ
943 3811 1291 3882 παράδειγμα
1334 3811 1574 3879 λέγοντι’
1613 3829 1631 3862 ι
1674 3811 1838 3882 ’Δχρι

263 3897 362 3968 τῆς
392 3897 516 3968 ἀρτι
537 3897 686 3970 ὧρας
723 3901 818 3954 καὶ
859 3899 1136 3972 πεινῶμεν
1159 3939 1174 3964 ,
1207 3901 1303 3954 καὶ
1333 3899 1597 3971 διψῶμεν,
1621 3900 1714 3953 καὶ
1743 3916 1838 3968 γυ-

267 3987 618 4059 μνητεύομεν.
655 4007 674 4040 ι
706 3991 778 4043 Τὸ
807 3990 904 4060 μὲν
943 3986 1035 4046 οὗν
1078 3990 1295 4063 πρῶτον
1327 3993 1519 4062 πεινῇν
1558 3990 1654 4044 καὶ
1679 3989 1837 4061 διψῇν

263 4079 574 4147 ἀναγκαίως
593 4079 798 4149 γίνεται
822 4084 931 4146 τοῖς
952 4082 1248 4152 ὑγιαίνουσι
1277 4080 1490 4153 σώμασι
1507 4099 1519 4112 ο
1545 4083 1606 4135 τὸ
1630 4081 1687 4136 δὲ
1714 4080 1833 4134 δεύ-

261 4185 416 4240 τερον
452 4172 564 4235 τοῖς
605 4172 925 4242 πενομένοις
973 4173 1282 4244 συμϐαίνει.
1317 4173 1586 4246 Ζητητέον
1611 4168 1703 4226 οὖν
1743 4171 1838 4226 καὶ

261 4260 326 4313 ἐκ
353 4258 472 4313 τοῦ⁶
508 4278 528 4312 ι
566 4263 680 4326 Πᾶς
699 4265 728 4316 6
765 4264 932 4317 πίνων
957 4265 1020 4317 ἐκ
1060 4264 1250 4318 τούτου
1277 4263 1372 4319 τοῦ
1409 4265 1599 4330 ὓδατος
1624 4264 1838 4336 διψήσει

261 4351 443 4418 πάλιν,
483 4372 502 4404 ι
538 4356 687 4407 ποῖον
707 4353 952 4425 διψήσει
987 4355 1222 4424 λέγεται.

329 4621 387 4676 3.
415 4623 638 4694 Πρῶτον
675 4626 752 4691 ὡς
791 4629 883 4683 ἐπὶ
917 4631 1227 4702 σωματικοῦ
1262 4633 1294 4704 ἢ
1346 4633 1439 4688 καὶ
1468 4633 1578 4705 (89)
1605 4635 1743 4705 τάχα
1766 4636 1827 4689 τὸ

258 4713 580 4786 δηλούμενόν
613 4719 794 4784 ἐστιν,
824 4720 906 4774 δτι
947 4721 1050 4776 κᾶν
1080 4724 1216 4796 πρὸς
1247 4725 1308 4778 τὸ
1354 4727 1526 4797 παρὸν
1569 4727 1826 4799 κορεσθῇ,

255 4799 373 4853 ἀλλ’
397 4802 595 4869 εὐθέως
622 4805 1073 4875 ὑποὸισασθέντος
1095 4811 1189 4866 τοῦ
1213 4815 1402 4880 ποτοῦ,
1421 4815 1483 4868 τὸ
1499 4816 1629 4869 αὐτὸ
1659 4816 1831 4880 πάθος

258 4891 506 4945 πείσεται
564 4896 594 4946 6
655 4892 825 4962 πιὼν,
884 4899 1128 4954 τουτέστι
1201 4903 1414 4974 διψήσει
1494 4904 1696 4970 πάλιν,
1752 4907 1831 4968 είς

257 4980 451 5049 ὁμοίαν
507 4983 646 5056 (90)
701 4986 778 5059 τῷ
823 4990 1062 5062 ἀρχῆθεν
1113 4993 1496 5060 dir-commata;
1522 5013 1536 5029 ·
1582 4997 1832 5069 ἐπιφέρει

1945 1893 2052 1958 die,
2085 1904 2275 1946 mense
2330 1887 2591 1950 secundo,
2618 1900 2740 1941 cum
2791 1887 2993 1953 egressi
3033 1869 3267 1938 fuissent.
3294 1900 3315 1934 ι
3345 1880 3516 1936 Judaei

1951 2003 1969 2035 ι
1991 1999 2023 2039 e
2057 1993 2200 2037 terra
2252 1979 2496 2050 Egypti,
2522 1980 2888 2034 murmuravit
2935 1977 3188 2032 universa
3225 1990 3518 2046 congrega-

1947 2076 2022 2130 tio
2070 2074 2300 2129 ﬁliorum
2353 2072 2520 2127 Israel
2555 2071 2817 2125 adversus
2863 2069 3080 2140 Moysen
3135 2077 3190 2123 et
3238 2069 3437 2131 Aaron,
3465 2079 3511 2121 ei

1944 2163 2202 2218 dixerunt
2256 2161 2322 2215 ad
2374 2163 2518 2230 ipsos
2582 2162 2678 2215 ﬁlii
2729 2161 2893 2215 lsrael
2951 2179 2963 2215 :
3015 2159 3232 2216 Utinam
3264 2159 3516 2229 periisse-

1947 2271 2068 2309 mus
2103 2254 2344 2324 percussi
2389 2269 2419 2306 «ι
2447 2252 2678 2308 Domino
2727 2253 2780 2308 in
2833 2263 2979 2308 terra
3033 2252 3516 2324 IEgypti,quando

1945 2345 2271 2400 scdebamus
2301 2359 2468 2415 super
2493 2345 2697 2400 lebetes
2747 2346 3014 2412 carnium,
3051 2355 3106 2400 et
3158 2345 3374 2414 quando
3424 2360 3518 2398 co-

1945 2435 2292 2492 tnedebamus
2348 2451 2514 2505 panes
2559 2438 2626 2488 ad
2673 2436 3043 2502 saturitatem;
3075 2436 3327 2505 quoniam
3385 2436 3518 2492 edu-

1943 2531 2100 2586 xistis
2141 2545 2240 2584 nos
2271 2531 2338 2584 ad
2373 2530 2512 2584 hanc
2543 2529 2918 2593 solitudinem,
2963 2529 3029 2582 ad
3079 2529 3516 2585 interﬁciendum

1944 2620 2085 2675 fame
2131 2631 2384 2676 cunctam
2434 2621 2908 2690 congregationem
2959 2621 3119 2674 hanc.
3153 2622 3299 2675 Dixit
3333 2633 3518 2677 autem

1943 2711 2204 2768 Dominus
2230 2713 2297 2766 ad
2327 2711 2544 2783 Moysen
2579 2728 2591 2762 :
2617 2713 2754 2766 Ecce
2793 2726 2897 2782 ego
2937 2711 3062 2782 pluo
3089 2714 3244 2768 vobis
3289 2728 3455 2783 panes
3483 2730 3515 2769 ε

1941 2803 2100 2867 caelo,
2146 2811 2202 2859 et
2237 2804 2549 2873 egredietur
2588 2803 2843 2872 populus,
2884 2814 2939 2858 et
2987 2804 3244 2876 coliigent
3289 2805 3516 2876 singulis

1941 2895 2153 2958 diebus,
2182 2905 2242 2950 ut
2273 2904 2472 2950 tentem
2510 2910 2576 2948 an
2605 2895 2932 2950 ambulaturi
2977 2897 3084 2951 sint
3122 2897 3172 2951 in
3209 2896 3324 2967 iege
3369 2913 3514 2967 mea,

1942 3000 2042 3040 nec
2082 3001 2168 3040 ne.
2199 3003 2217 3037 ι
2265 2983 2645 3040 Esnrientibus
2678 2985 2823 3039 enim
2853 2996 2908 3040 et
2935 2989 3225 3056 egentibus
3255 3005 3511 3045 necessa-

1939 3077 2025 3131 rio
2053 3077 2197 3140 cibo,
2231 3090 2480 3146 magnam
2524 3077 3009 3132 murmurationem
3053 3078 3323 3136 faciebant
3360 3081 3507 3150 ipso-

1944 3183 2062 3222 rum
2099 3183 2413 3235 sermones;
2445 3170 2577 3238 quin
2607 3170 2771 3227 etiam
2815 3186 2951 3240 aqua
2993 3171 3156 3244 214
3179 3184 3422 3242 egentes,
3458 3183 3514 3228 et

1942 3259 2191 3314 sitientes
2253 3259 2667 3315 murtnurabant
2711 3261 2978 3316 adversus
3033 3262 3272 3334 Moysen,
3327 3265 3513 3320 dicen-

1941 3357 2022 3406 tes
2053 3351 2137 3404 ":
2172 3371 2190 3405 ι
2212 3351 2351 3420 Quid
2393 3352 2688 3409 bibemus?
2721 3373 2738 3406 ι
2776 3354 2998 3423 quando
3034 3375 3053 3407 ι
3080 3356 3337 3410 clamavit
3361 3353 3512 3428 Moy-

1939 3454 2026 3494 ses
2062 3442 2125 3494 ad
2163 3442 2471 3508 Dominum,
2500 3451 2557 3498 et
2588 3443 2845 3499 Dominus
2887 3446 3128 3500 ostendit
3171 3447 3246 3502 illi
3283 3447 3512 3519 lignum,

1938 3540 1987 3583 et
2011 3529 2239 3598 proiecit
2261 3531 2392 3586 illud
2426 3531 2478 3585 in
2507 3547 2726 3600 aquam,
2752 3541 2807 3586 et
2825 3531 3003 3586 dulcis
3031 3533 3170 3587 facta
3198 3545 3282 3588 est
3311 3549 3507 3604 aqua.»

1942 3618 2009 3672 Et
2049 3619 2208 3690 paulo
2243 3628 2386 3690 post,
2423 3637 2548 3676 cum
2601 3623 2878 3677 venissent
2919 3624 2972 3677 in
3023 3623 3336 3694 Raphidim,
3370 3626 3504 3680 seri-

1941 3721 2088 3782 ptum
2116 3722 2198 3768 est
2231 3712 2488 3784 populum
2517 3714 2701 3770 sitisse
2734 3717 2846 3772 illic
2880 3727 3104 3789 propter
3126 3734 3342 3786 aquam,
3373 3717 3509 3772 illir-

1941 3817 2047 3871 que
2103 3817 2472 3857 murmurasse
2528 3803 2783 3872 populum
2858 3807 3122 3860 adversus
3195 3804 3415 3876 Moysen
3440 3806 3506 3860 "'.

1943 3892 2112 3948 Porro
2143 3895 2395 3948 secundae
2419 3893 2838 3966 signiﬁcationis
2865 3897 3173 3966 exemplum
3198 3898 3337 3966 apud
3378 3896 3512 3950 Pan-

1945 3981 2054 4035 lmn
2074 3982 2318 4052 reperias
2337 3983 2604 4038 dicentem
2641 4002 2653 4038 :
2687 4001 2706 4036 ι
2733 3983 2913 4054 Usque
2943 3986 3011 4039 ad
3049 3987 3237 4041 horam
3271 4000 3512 4056 przesen-
3551 4023 3557 4030 .

1939 4083 2068 4140 tetu,
2096 4083 2152 4129 et
2190 4075 2483 4142 esurimus,
2520 4085 2576 4130 et
2615 4076 2856 4143 sitimus,
2901 4086 2956 4132 et
3005 4077 3134 4132 nudi
3178 4092 3366 4133 sumus
3391 4077 3456 4130 ⁸⁸.
3483 4096 3506 4128 ›

1940 4166 2121 4222 Primo
2164 4166 2324 4220 modo
2354 4167 2508 4222 sitire
2543 4177 2591 4223 et
2630 4168 2842 4225 esurire
2891 4171 3199 4225 necessario
3245 4171 3510 4240 contingit

1936 4258 2087 4312 sanis
2127 4258 2478 4326 corporibus;
2512 4258 2684 4314 altero
2710 4259 2870 4314 modo
2911 4260 2998 4314 his
3030 4259 3120 4327 qui
3151 4269 3278 4314 sunt
3309 4275 3506 4326 panpe-

1866 4337 1911 4393 Ῑ)
1943 4365 2049 4404 res.
2090 4347 2259 4419 Igitur
2311 4350 2662 4418 quaerendum
2711 4349 2874 4405 etiam
2909 4359 2995 4404 est
3039 4364 3102 4403 ex
3154 4349 3240 4402 his
3288 4348 3504 4403 verbis:

1944 4441 2169 4499 «Omnis
2202 4442 2293 4510 qui
2328 4442 2525 4498 biberit
2580 4458 2649 4497 ex
2696 4456 2835 4511 aqua
2881 4442 3005 4508 hac,
3037 4442 3184 4496 sitiet
3233 4440 3447 4506 iterum,
3479 4459 3501 4494 ι

1929 4539 2076 4610 quali
2111 4539 2420 4609 signiﬁcatu
2447 4538 2765 4594 vocabulum
2791 4539 2932 4593 sitiet
2957 4539 3195 4592 dicatur.

2000 4635 2054 4688 5.
2094 4633 2274 4702 Atque
2298 4635 2350 4688 in
2375 4633 2564 4702 primis
2599 4635 2816 4704 quidem
2844 4633 3059 4688 etiamsi
3103 4632 3245 4702 quod
3279 4633 3345 4686 ad
3376 4648 3506 4688 scn-

1932 4741 2050 4781 sum
2076 4724 2332 4780 humilem
2367 4734 2422 4778 et
2464 4725 2801 4795 corporalem
2833 4726 3046 4788 attinet,
3095 4733 3280 4795 aperte
3320 4725 3497 4780 decla-

1935 4824 2102 4878 retur,
2137 4814 2279 4884 quod
2306 4816 2554 4882 quamvis
2585 4816 2814 4870 satietur
2837 4819 2904 4871 ad
2945 4831 3185 4886 praesens
3220 4816 3265 4871 is
3295 4817 3384 4886 qui
3415 4816 3498 4870 bi-

1935 4905 2098 4966 berit,
2125 4917 2247 4956 mox
2289 4911 2492 4967 tamen,
2533 4905 2810 4960 subtracto
2840 4917 2994 4976 potu,
3023 4908 3266 4963 eamdem
3292 4909 3500 4977 passio-

1937 5011 2057 5051 nem
2085 4993 2157 5050 sit
2187 5007 2568 5062 perpessurus,
2599 4995 2700 5050 hoc
2726 5007 2808 5050 est
2857 5014 3069 5054 rursum
3113 4999 3380 5063 sititurns,
3411 4998 3512 5052 siti

313 5117 358 5149 ⁸⁵
388 5115 546 5176 Joan.
583 5135 654 5186 tv,
685 5122 771 5177 15.
847 5125 891 5157 “
910 5125 1081 5182 Exod.
1108 5143 1216 5195 ιιι,
1245 5130 1266 5184 l
1298 5144 1415 5200 seq.
1490 5129 1534 5162 ³⁷
1559 5130 1723 5187 Exod.
1743 5148 1832 5200 xv,

1945 5171 1962 5198 ,
1985 5129 2075 5184 25.
2151 5127 2193 5159 ³⁸
2218 5125 2386 5182 Exod.
2417 5141 2548 5192 xvu,
2587 5125 2699 5182 1-3.
2765 5127 2982 5186 “ICor.
3011 5143 3082 5192 tv,
3108 5129 3191 5181 ll.

333 5257 445 5343 (βε)
480 5259 861 5342 ’Ἂνειπαύετα
892 5264 967 5319 Ita
995 5268 1161 5322 codex
1204 5268 1558 5336 Bodleianus;
1599 5271 1822 5343 Regius,

257 5327 325 5381 ἂν
358 5329 604 5385 ἐπαύετο.

333 5397 444 5479 (ξὸ)
488 5399 599 5454 Tui)
640 5401 824 5479 ὐῖροᾷ
873 5402 1018 5474 ἡμῖν
1041 5404 1465 5479 ἐπιλιπόντος.
1516 5409 1609 5465 Sic
1653 5411 1820 5464 codex

262 5466 624 5534 liouleiauus;
683 5466 927 5542 Regius:
964 5472 1154 5528 τούτου
1216 5477 1382 5548 ὑγροῦ
1427 5466 1567 5550 ’ἡμῖν
1621 5479 1823 5533 ἐπιλεί-

261 5552 472 5600 ποντος.

331 5604 456 5726 ς86),
495 5605 1020 5680 Ἑννεακαιδεκὰτῃ
1085 5613 1304 5696 ᾑμέρᾳ.
1361 5613 1529 5695 Exod.
1573 5632 1659 5670 xw
1683 5659 1697 5681 ,
1753 5618 1819 5681 l;

263 5675 584 5749 lieiratcum
639 5681 936 5745 exemplar,
977 5693 1030 5736 et
1086 5692 1561 5749 interpretationes
1631 5704 1820 5743 onmes

264 5748 480 5816 habent,
510 5748 986 5825 πεντεκαιδεκάτῃ.
1026 5748 1288 5809 Ilumtus.

2001 5270 2121 5341 (87)⁸
2163 5269 2543 5326 Ἀποκτεῖναι.
2587 5270 2766 5326 Codex
2821 5268 3176 5332 Bodleiauus,
3219 5269 3312 5324 καὶ
3357 5271 3495 5324 ἀπέ-

1931 5356 2164 5394 κτειναν.

1999 5409 2112 5478 (88)
2155 5410 2356 5479 ’Ὂσοκ
2392 5406 2738 5479 τοτγυσμὸῖ
2787 5406 3034 5479 ἐποίουν
3078 5409 3132 5461 οι
3175 5411 3360 5479 λόγοι.
3419 5413 3490 5466 ita

1931 5475 2294 5532 Itui'tc'lucnm
2347 5478 2398 5528 in
2451 5475 2638 5530 codice
2695 5475 2860 5542 Regio
2914 5477 3198 5540 vitiatum,
3256 5475 3496 5536 restituit-

1931 5548 2097 5600 rodex
2131 5545 2485 5616 Bodleianus._
2515 5543 2678 5616 lfanlo
2707 5555 2826 5616 post
2865 5559 2962 5612 pro
2999 5548 3139 5600 κατὰ
3185 5551 3492 5616 Μωϋσέως.

1932 5616 2137 5683 Ilcgius
2171 5615 2334 5683 habet
2360 5612 2499 5665 κατὰ
2531 5613 2760 5683 Μωῦσῆ,
2801 5616 2961 5669 male.

1999 5681 2110 5757 (ssi)
2151 5685 2220 5757 ᾚ
2246 5681 2364 5757 καὶ,
2390 5692 2492 5757 etc.
2529 5681 2884 5757 Scrihcinlmn
2923 5687 2980 5741 ΕΞ
3019 5688 3279 5757 καὶ,ειε.,

2001 5751 2112 5828 (UO)
2167 5753 2424 5822 Ὀμιαίαικ
2457 5751 2629 5826 Lego,
2667 5754 2868 5824 ὁμοῖον.
