3948 6206
289 5678 296 5684 -
405 5657 590 5722 ruptus
625 5647 712 5712 sit,
739 5656 793 5700 et
841 5647 991 5717 legen

398 232 492 288 ὅθ’]

1836 236 2154 292 ORIGENIS

3513 233 3618 290 ιοι

393 348 666 416 superiora
713 349 796 404 his
819 367 938 421 qua-
968 351 1166 420 scripta
1194 360 1342 416 sunt,
1375 351 1474 406 nisi
1497 351 1586 420 qui
1613 349 1950 405 assimilatas
1974 351 2138 406 fuerit
2185 351 2334 422 ipsis,
2382 367 2448 406 ne
2486 351 2800 422 objurgetur
2847 350 3071 406 audiens
3103 365 3116 403 :
3148 367 3166 400 ι
3195 347 3272 403 Te
3319 345 3619 402 diﬂiciliora

390 456 459 498 ne
481 457 709 512 qumras,
757 452 810 496 et
847 453 898 496 te
925 443 1145 498 fortiora
1175 457 1241 496 ne
1277 447 1477 512 vestiga
1495 444 1560 499 ⁸³.
1593 461 1612 494 ι

459 531 512 588 6.
553 530 704 596 Quod
758 532 803 585 si
853 533 1084 586 dicimus
1132 532 1312 604 aliqua
1373 548 1494 589 esse
1542 549 1703 604 supra
1739 547 1802 588 ea
1835 547 1954 601 qua:

2126 529 2178 584 6.
2225 529 2350 582 Ἐὰν
2388 528 2442 580 δὲ
2480 527 2725 598 λέγωμεν
2767 527 2833 581 τὰ
2875 527 3014 596 ὑπὲρ
3059 523 3094 577 ἃ
3123 523 3438 594 γέγραπται
3483 514 3623 574 εἷναί

387 623 588 691 scripta
615 631 762 684 sunt,
797 637 901 676 non
944 623 1047 678 hoc
1075 625 1306 682 dicimus
1333 641 1393 680 ea
1427 641 1587 695 posse
1623 625 1803 678 inultis
1833 637 1954 677 esse

391 714 656 779 nota,sed
694 711 916 779 Joanni,
949 717 1038 784 qni
1074 717 1318 783 audiens,
1359 719 1600 772 scribere
1643 717 1803 770 etiam
1831 728 1957 784 qna-

388 805 457 859 lia
487 816 674 860 essent
712 820 774 858 ea
821 807 1122 862 tonitruum
1160 810 1323 862 verba
1361 824 1463 863 non
1515 807 1950 874 permittitur”;

385 911 618 964 cumque
668 912 729 950 ea
771 896 1072 965 didicisset,
1109 914 1170 953 ea
1225 915 1330 954 non
1382 900 1595 964 scribit,
1651 909 1708 952 ut
1769 907 1956 968 parcat

387 986 591 1040 mundo
622 1003 636 1039 :
667 987 889 1040 rebatur
923 988 1069 1041 enim
1118 1003 1184 1042 ne
1241 989 1414 1058 ipsum
1449 991 1665 1058 quidem
1697 989 1951 1043 mundum

387 1087 694 1146 capturum,
740 1078 828 1147 qui
879 1079 1269 1142 scriberentur,
1305 1080 1471 1135 libros
1495 1080 1562 1134 ⁸⁵.
1595 1080 1733 1146 Quin
1761 1079 1948 1144 etiam,

387 1187 508 1240 qua:
570 1169 768 1223 Paulus
816 1171 1023 1234 didicit,
1083 1179 1209 1225 sunt
1259 1186 1420 1240 supra
1478 1187 1539 1226 ea
1595 1187 1717 1240 qna-
1751 1170 1953 1238 scripta

388 1270 535 1322 sunt,
590 1263 1026 1329 quandoquidem
1069 1263 1317 1317 homines
1366 1279 1430 1317 ea
1480 1264 1641 1317 locuti
1681 1272 1850 1324 sunt;
1899 1270 1954 1315 et

387 1365 506 1418 qua:
531 1349 719 1404 oculus
755 1365 860 1404 non
899 1351 1035 1405 vidit
1056 1351 1124 1415 '°,
1157 1358 1282 1404 sunt
1312 1365 1474 1416 supra
1502 1363 1563 1402 ea
1605 1363 1724 1417 quae
1747 1347 1951 1415 scripta

387 1451 546 1507 sunt;
578 1450 634 1494 et
675 1454 793 1509 qum
827 1442 973 1494 auris
998 1455 1102 1494 non
1146 1439 1353 1494 audivit
1375 1440 1444 1504 ⁸⁷,
1483 1438 1646 1494 scribi
1695 1452 1799 1492 non
1833 1451 1958 1506 pos-

389 1541 534 1587 sunt.
588 1531 727 1598 Quin
776 1539 830 1585 et
869 1545 988 1600 quae
1029 1531 1082 1584 in
1126 1546 1223 1585 cor
1260 1531 1498 1585 hominis
1548 1544 1654 1584 non
1690 1529 1955 1583 ascende-

391 1621 600 1686 runt”,
648 1620 796 1677 fonte
842 1621 1010 1677 Iacob
1053 1631 1179 1676 sunt
1217 1619 1451 1688 majora,
1498 1620 1698 1690 quippe
1749 1631 1872 1686 qua:
1923 1631 1952 1670 a

389 1715 535 1769 fonte
558 1728 711 1784 aqua:
748 1713 992 1768 salientis
1021 1715 1087 1768 ad
1115 1713 1282 1767 vitam
1316 1721 1574 1766 a-ternam
1601 1709 1954 1764 manifestan-

391 1816 477 1859 tur
523 1806 606 1860 his
643 1804 734 1874 qui
783 1819 879 1858 cor
920 1804 1154 1858 hominis
1194 1819 1298 1858 non
1349 1803 1580 1871 amplius
1611 1801 1832 1864 habent,
1860 1799 1952 1854 sed

391 1897 570 1952 dicere
599 1895 775 1950 valent
806 1913 820 1949 :
861 1916 877 1946 ι
911 1893 1017 1950 Nos
1049 1906 1231 1949 autem
1283 1903 1516 1948 mentem
1561 1891 1758 1947 Christi
1792 1890 1952 1944 habe-

393 2004 530 2050 mus,
588 1998 642 2042 ut
688 1987 964 2041 videamus
1006 2002 1125 2055 qua:
1152 2002 1180 2040 a
1212 1986 1320 2039 Deo
1354 1985 1550 2039 donata
1596 1991 1722 2038 sunt
1757 1983 1952 2046 nobis;

392 2093 512 2146 qua:
551 2088 604 2132 et
645 2077 913 2146 loquimur
951 2091 1056 2131 non
1087 2077 1141 2130 in
1173 2076 1345 2131 doctis
1380 2077 1633 2130 humanas
1677 2075 1955 2144 sapientia:

392 2169 590 2232 verbis,
619 2169 713 2224 sed
760 2172 815 2223 in
863 2167 1113 2222 doctrina
1151 2165 1386 2236 Spiritus
1405 2167 1474 2218 ".
1500 2184 1518 2218 ι
1555 2165 1622 2221 Et
1652 2165 1858 2236 inspice
1887 2179 1953 2217 an

394 2263 506 2316 tieri
540 2260 710 2330 possit
738 2269 795 2314 ut
828 2260 1062 2312 humana
1104 2256 1370 2327 sapientia
1411 2271 1516 2310 non
1542 2256 1790 2324 loquatur
1823 2252 1954 2307 falsa

390 2355 672 2422 dogmata,
718 2351 811 2405 sed
857 2364 976 2419 quae
1021 2349 1302 2402 veritatem
1337 2347 1685 2409 conﬁrment,
1711 2343 1872 2414 217
1905 2351 1958 2396 et

393 2447 458 2500 ad
489 2445 738 2499 homines
769 2441 1098 2512 posteriores
1147 2439 1500 2508 perveniant;
1537 2453 1658 2506 quae
1687 2453 1812 2491 vero
1834 2434 1958 2504 Spi-

394 2538 532 2596 rjtus
577 2537 793 2595 edocet,
837 2534 950 2588 sint
979 2531 1211 2587 fortasse
1256 2530 1379 2584 fons
1426 2544 1579 2598 aquae
1621 2528 1863 2583 salientis
1889 2530 1956 2582 ad

395 2629 564 2681 vitam
601 2635 858 2681 mternam
877 2625 945 2678 ‘°.
993 2622 1425 2678 lntroductiones
1465 2637 1594 2692 ergo
1631 2630 1759 2676 sunt
1811 2621 1955 2674 Scriv

395 2732 586 2788 pturaa,
611 2735 640 2772 a
665 2719 864 2787 quibus
894 2727 1148 2772 accurate
1175 2716 1491 2783 intellectis,
1530 2723 1586 2770 et
1617 2729 1760 2769 nunc
1787 2715 1958 2768 nomi-

398 2813 541 2865 natis
599 2809 718 2863 t‘ons
765 2807 953 2875 Iacob,
1004 2805 1408 2861 ascendentium
1453 2814 1537 2860 est
1569 2807 1633 2859 ad
1668 2803 1874 2866 Iesum,
1901 2811 1960 2856 ut

397 2902 553 2956 nobis
610 2899 876 2968 largiatur
936 2897 1138 2952 fontem
1193 2912 1346 2966 aqua:
1392 2896 1636 2951 salientis
1689 2895 1756 2948 ad
1795 2895 1956 2948 vitam

392 3003 676 3048 aeternam.
721 2991 987 3045 Caeterum
1033 3004 1139 3044 non
1190 2987 1445 3043 similiter
1483 2988 1661 3041 omnis
1712 2985 1888 3040 haurit
1927 2998 1958 3038 e

397 3085 545 3138 fonte
592 3079 793 3146 Iacob;
849 3094 974 3133 nam
1029 3079 1194 3133 etiam
1235 3078 1280 3132 si
1314 3077 1527 3132 bibebat
1553 3075 1738 3136 Iacob,
1777 3084 1830 3128 et
1859 3073 1956 3127 lilii

1984 1867 2027 1921 Β

2054 638 2194 683 τινα,
2225 621 2285 674 ού
2307 620 2464 674 τοῦτό
2493 636 2688 690 φαμεν,
2717 619 2798 672 ὅτι
2823 617 3038 686 γνωστά
3084 619 3193 677 τοῖς
3239 612 3448 672 mihi;
3484 607 3624 666 εἶναι

2054 713 2294 776 δύναται,
2342 711 2477 765 ἀλλὰ
2523 713 2739 783 Ἰωάννῃ
2781 709 3052 770 ἀκούοντι,
3087 709 3183 760 καὶ
3215 707 3450 776 γράφειν
3487 702 3625 758 αύτὰ

2057 805 2131 876 μὴ
2166 804 2596 874 ἐπιτρεπομένῳ,
2617 801 2773 855 ὁποῖα
2797 798 2865 872 ἦν
2895 801 2963 854 τά
2981 798 3089 852 τῶν
3118 796 3354 868 βροντῶν
3381 796 3623 866 ῥήματα,

2055 898 2148 950 καὶ
2177 896 2519 966 μανθάνοντι,
2563 895 2656 948 καὶ
2685 893 2771 946 διὰ
2797 893 2858 946 τό
2885 890 3158 961 φείδεσθαι
3195 887 3290 940 τοῦ
3324 887 3537 956 κόσμου
3564 886 3624 936 ού

2054 988 2314 1058 γράφοντι
2357 986 2530 1039 αύτά·
2577 985 2712 1056 ᾤετο
2729 985 2838 1055 γὰρ
2894 983 3028 1054 μηδὲ
3071 979 3231 1035 αὐτὸν
3272 980 3364 1032 τόν
3418 978 3627 1048 κόσμον

2052 1081 2246 1150 χωρεῖν
2271 1078 2338 1131 τὰ
2362 1079 2678 1148 γραφόμενα
2707 1076 2904 1147 βιϐλία.
2947 1074 3105 1128 Ἀλλά
3138 1075 3232 1127 καί
3260 1073 3401 1142 ἅπερ
3425 1071 3454 1123 ό
3480 1068 3629 1122 Παῦ-

2053 1171 2144 1234 λος
2173 1169 2487 1241 μεμάθηκεν
2514 1169 2726 1240 apsqu
2768 1167 3007 1238 ῥήματα.
3048 1163 3187 1234 ὑπὲρ
3221 1162 3256 1216 ἃ
3287 1162 3624 1232 γέγραπται,

2054 1263 2108 1316 εί
2132 1279 2194 1330 γε
2228 1263 2295 1315 τὰ
2337 1260 2695 1332 γεγραμμένα
2739 1258 3014 1329 ἄνθρωποι
3055 1255 3417 1325 λελαλήκασιο
3457 1252 3556 1305 καὶ
3589 1251 3625 1303 a

2053 1353 2327 1425 ὀφθαλμὸς
2353 1354 2451 1405 οὐκ
2471 1348 2623 1415 εἶδεν,
2652 1350 2797 1405 ἐστιν
2827 1349 2968 1420 ὑπὲρ
2997 1347 3066 1400 τά
3095 1345 3482 1417 γεγραμμένα·
3533 1344 3628 1396 καὶ

2052 1445 2088 1500 ἃ
2115 1443 2208 1509 οὖς
2235 1447 2332 1498 οὐκ
2353 1446 2572 1516 ἤκουσε,
2605 1441 2880 1513 γραφῆναι
2914 1441 2976 1493 ού
3018 1439 3274 1492 δύναται·
3307 1438 3403 1489 καὶ
3427 1436 3496 1488 τὰ
3533 1435 3627 1486 ἐπὶ

2054 1540 2280 1612 καρδίαν
2307 1540 2364 1593 δὲ
2391 1537 2676 1609 ἀνθρώπου
2717 1537 2789 1608 μὴ
2829 1531 3220 1604 ἀνεϐεϐηκότα,
3256 1532 3479 1604 μείζονᾶ
3507 1533 3627 1584 ἐστι

2053 1633 2154 1702 τῆς
2185 1631 2276 1684 τοῦ
2319 1629 2512 1684 Ἰακὼϐ
2553 1630 2754 1700 πηγῆς,
2798 1628 2906 1682 ἀπό
2945 1627 3128 1698 πηγῆς
3170 1625 3360 1688 ὕδατος
3392 1623 3626 1693 ἁλλομέ-

2054 1738 2144 1774 νου
2179 1722 2260 1784 είς
2283 1719 2424 1790 ζωὴν
2461 1717 2676 1772 αἰώνιον
2725 1709 3098 1789 φανερούμενα
3129 1717 3238 1778 τοῖς
3272 1713 3456 1767 οὐκέτι
3488 1729 3627 1783 καρ-

2055 1812 2172 1866 δίαν
2220 1810 2509 1882 ἀνθρὼπου
2561 1811 2806 1880 ἔχουσιν,
2851 1807 2984 1862 ἀλλὰ
3034 1805 3352 1876 δυναμένοις
3404 1805 3622 1872 λέγειν·

2061 1922 2079 1956 t
2125 1903 2314 1973 Ἡμεῖς
2339 1901 2395 1954 δὲ
2414 1901 2538 1956 νοῦν
2555 1899 2790 1972 Χριστοῦ
2825 1899 3037 1969 ἔχομεν,
3066 1899 3153 1950 ῖνα
3182 1897 3382 1964 ἴδωμεν
3411 1896 3476 1948 τὰ
3521 1893 3628 1947 ύττό

2054 1996 2148 2050 τοῦ
2187 1994 2320 2048 Θεοῦ
2359 1992 2684 2065 χαρισθέντα
2722 1993 2884 2063 ἡμῖν’
2928 1990 2963 2044 ἂ
2991 1991 3085 2043 καὶ
3109 1987 3376 2058 λαλοῦμεν
3419 1988 3521 2040 οὐκ
3569 1987 3626 2037 ὲν

2054 2088 2320 2151 διδακτοῖς
2364 2085 2707 2156 ἀνθρωπίνης
2748 2083 2937 2152 σοφίας
2981 2081 3192 2150 λόγοις,
3235 2079 3348 2133 ἀλλ’
3388 2079 3445 2131 ὲν
3479 2077 3626 2130 διδα-

2055 2183 2202 2243 κτοῖς
2235 2177 2566 2250 Πνεύματος.
2606 2195 2624 2227 ι
2660 2177 2768 2228 Καὶ
2811 2175 3100 2246 ἐπίστησον
3143 2175 3190 2226 εί
3235 2167 3344 2226 οἷόν
3389 2173 3436 2222 τ’
3474 2171 3626 2223 ἐστὶν

2056 2268 2399 2340 ἀνθρωπίνην
2441 2266 2631 2336 σοφίαν
2672 2265 2746 2336 μὴ
2795 2263 2864 2317 τὰ
2906 2263 3074 2334 ψευδῆ
3129 2260 3314 2315 καλεῖν
3355 2260 3624 2329 δόγματα,

2057 2360 2191 2414 ἀλλά
2235 2361 2304 2414 τὰ
2350 2355 2724 2429 στοιχειωτικά
2768 2355 2869 2425 τῆς
2908 2353 3184 2425 ἀληθείας,
3235 2352 3331 2405 καὶ
3381 2353 3462 2411 είς
3496 2349 3628 2410 τοὺς

2057 2449 2136 2504 ἔτι
2163 2447 2482 2521 ἀνθρώπους
2509 2447 2832 2516 φθάνονταςο
2863 2443 2933 2498 τὰ
2958 2444 3015 2498 δὲ
3053 2441 3276 2497 διδακτὰ
3307 2439 3628 2508 Πνεύματος

2055 2541 2196 2611 τάχα
2225 2540 2370 2593 ἐστὶν
2396 2540 2430 2610 ἡ
2463 2537 2614 2609 πηγὴ
2656 2535 2751 2589 τοῦ
2795 2535 3090 2606 ἁλλομένου
3133 2533 3322 2595 ὓδατος
3363 2533 3443 2593 είς
3477 2528 3626 2598 ζωὴν

2057 2629 2291 2684 αίώνιον.
2349 2627 2665 2695 Είσαγωγαὶ
2711 2621 2804 2679 οὖν
2857 2627 2992 2678 εἰσιν
3020 2625 3078 2676 αί
3129 2621 3361 2693 Γραφαὶ,
3416 2621 3508 2687 ἀφ’
3551 2611 3626 2670 ὧν

2057 2721 2301 2794 ἀκριϐῶς
2327 2720 2694 2790 νενοημένων,
2729 2717 2825 2770 νῦν
2859 2714 3274 2788 ὀνομαζομένων
3309 2710 3492 2781 πηγῆς
3529 2709 3626 2763 τοῦ

2070 2815 2280 2881 Ἰακὼϐ,
2326 2814 2633 2870 ἀνελθετέον
2689 2813 2824 2884 πρὸς
2857 2811 2948 2865 τόν
2995 2808 3220 2880 Ἰησοῦν,
3265 2808 3332 2859 ἵν’
3372 2802 3464 2858 οὖν
3493 2805 3629 2874 ἡμῖν

2058 2911 2349 2982 χαρίσηται
2403 2906 2582 2978 πηγὴν
2626 2904 2719 2958 τοῦ
2765 2902 3055 2973 ἁλλομένου
3120 2899 3312 2960 ὓδατος
3355 2898 3434 2960 είς
3480 2895 3627 2964 ζωὴν

2058 3001 2291 3056 αἰώνιον.
2319 3001 2429 3069 Οὐχ
2458 2998 2655 3069 ὁμοίως
2687 2996 2743 3049 δὲ
2783 2995 2892 3057 πᾶς
2921 2991 3103 3046 ἀντλεῖ
3145 2989 3252 3043 ἀπὸ
3290 2989 3389 3058 τῆς
3443 2987 3628 3056 πηγῆς

2057 3093 2152 3146 τοῦ
2199 3090 2420 3146 Ἰακώϐ·
2465 3091 2513 3142 εί
2545 3088 2652 3160 γὰρ
2692 3087 2842 3140 ἔπιεν
2902 3082 3093 3138 Ἰακὼϐ
3138 3081 3195 3148 ἐξ
3238 3080 3426 3151 αὐτῆς,
3461 3080 3556 3132 καὶ
3577 3078 3626 3129 οῖ

397 3175 533 3243 ejus,
563 3183 618 3228 et
671 3187 867 3242 pecora
902 3171 1019 3241 ejus
1043 3171 1109 3236 “,
1143 3180 1307 3240 atque
1349 3169 1513 3223 etiam
1547 3167 1836 3222 Samaritis
1869 3165 1956 3220 illa

2062 3189 2168 3243 υἱοὶ
2193 3186 2381 3250 αὐτοῦ,
2416 3185 2511 3238 καὶ
2543 3183 2611 3236 τὰ
2649 3179 2938 3252 θρέμματα
2977 3175 3163 3240 αὑτοῦ,
3205 3173 3414 3244 διψῶσα
3446 3172 3500 3224 δὲ
3535 3172 3631 3224 καὶ

398 3269 543 3322 venit
573 3266 641 3321 ad
680 3267 882 3321 fontem
922 3264 1120 3332 ipsum,
1147 3269 1202 3316 et
1241 3260 1446 3325 haurit,
1479 3259 1600 3314 vide
1628 3275 1694 3312 ne
1721 3257 1878 3312 aliter
1905 3268 1959 3312 et

397 3359 692 3428 prudenter
719 3355 917 3411 biberit
945 3351 1118 3408 Iacob
1143 3367 1264 3406 cum
1298 3349 1446 3415 (iliis,
1479 3349 1640 3403 aliter
1665 3359 1718 3403 et
1747 3347 1956 3416 simpli-

395 3451 512 3504 cius
545 3462 798 3516 moreque
827 3445 996 3516 magis
1029 3442 1257 3514 pecuino
1289 3442 1523 3497 biberint
1560 3454 1753 3510 pecora
1795 3439 1911 3507 ejus
1942 3459 1956 3496 :

401 3557 590 3599 rursus
631 3541 829 3596 biberit
867 3537 1030 3592 etiam
1078 3535 1238 3589 aliter
1281 3549 1442 3604 quam
1479 3532 1645 3588 Iacob
1687 3542 1740 3586 et
1777 3531 1870 3585 lilii
1907 3541 1960 3586 et

399 3648 595 3704 pecora
622 3633 758 3702 ejus,
795 3629 1084 3686 Samaritis
1115 3627 1225 3683 illa.
1260 3626 1361 3694 Qui
1389 3626 1533 3681 enim
1565 3623 1708 3678 docti
1744 3633 1868 3677 sunt
1905 3622 1958 3676 in

400 3725 717 3796 Scriptnris,
755 3724 942 3778 bibunt
992 3719 1132 3774 sicut
1162 3716 1331 3774 Iacob
1372 3723 1427 3772 et
1463 3715 1555 3770 lilii
1591 3713 1745 3783 ejus;
1774 3713 1960 3767 rudio-

401 3834 487 3872 res
514 3835 640 3873 vero
667 3827 720 3872 et
749 3815 1126 3884 simpliciores,
1163 3811 1254 3881 qui
1289 3811 1544 3864 dicuntur
1569 3823 1698 3862 oves
1729 3805 1953 3868 Christi,

401 3909 593 3965 bibunt
626 3907 850 3972 perinde
902 3912 1065 3970 atque
1098 3917 1227 3957 oves
1255 3899 1462 3966 Iacob;
1497 3908 1608 3953 tum
1643 3898 1807 3967 aliqui
1845 3897 1963 3950 lau-

402 4004 588 4052 dantes
619 3995 956 4063 Scripturas,
989 4004 1042 4046 et
1076 3993 1320 4060 quaedam
1378 3992 1770 4046 constituentes
1823 3993 1964 4044 male

399 4087 566 4149 dicta,
625 4091 892 4155 praetextu
931 4083 1077 4152 quod
1108 4095 1202 4133 eas
1236 4080 1628 4141 intellexerint,
1663 4096 1767 4133 non
1804 4094 1964 4134 secus

402 4176 592 4229 bibunt
621 4182 782 4242 atque
819 4169 1035 4225 bibebat
1075 4167 1362 4223 Samaritis
1406 4167 1495 4220 illa
1528 4178 1817 4237 antequam
1848 4183 1963 4223 cre-

402 4267 558 4322 deret
584 4265 640 4321 in
674 4267 878 4322 Jesum.

471 4457 524 4509 7.
550 4472 570 4506 ι
601 4452 740 4508 Dicit
760 4452 825 4506 ad
860 4449 1008 4504 illum
1041 4448 1268 4502 mulier:
1299 4447 1544 4510 Domine,
1577 4449 1642 4500 da
1673 4447 1801 4499 mihi
1825 4446 1965 4500 hanc

2061 3282 2094 3352 ἡ
2134 3279 2460 3350 Σαμαρεῖτις
2500 3274 2772 3345 διέρχεται
2811 3271 2898 3324 ἐπ’
2933 3267 3119 3334 αὐτοῦ,
3157 3267 3252 3320 καὶ
3287 3264 3488 3323 ἀντλεῖ.
3527 3265 3633 3352 μή·

2061 3351 2190 3422 ποτε
2237 3368 2331 3421 καὶ
2359 3365 2533 3428 ἄλλως
2586 3363 2756 3426 ἔπινε,
2807 3361 2900 3416 καί
2952 3357 3328 3428 ἐπιστημόνως
3355 3355 3383 3406 ό
3435 3351 3632 3406 Ἰακὼϐ

2063 3461 2158 3514 σὺν
2189 3462 2297 3522 τοῖς
2322 3460 2483 3522 υίοῖς·
2515 3456 2683 3518 ἄλλως
2705 3455 2762 3508 δὲ
2783 3453 2876 3507 καὶ
2903 3451 3284 3521 ἁπλούστερον,
3308 3447 3401 3500 καὶ
3421 3461 3635 3514 κτηνω-

2061 3553 2328 3622 δέστερον,
2370 3549 2464 3602 καὶ
2499 3547 2568 3600 τὰ
2601 3546 2895 3618 θρέμματα
2937 3540 3130 3597 αὐτοῦ·
3169 3539 3343 3600 ἄλλως
3386 3536 3444 3589 δὲ
3478 3534 3632 3605 παρὰ

2061 3643 2151 3696 τὸν
2188 3639 2398 3702 Ἰακὼϐ,
2422 3641 2515 3693 καὶ
2543 3639 2668 3701 τοὺς
2697 3638 2866 3700 υἱοὺς,
2915 3635 3010 3688 καὶ
3038 3631 3106 3685 τὰ
3143 3631 3434 3703 θρέμματα
3463 3624 3632 3679 αὐτοῦ

2062 3735 2096 3805 ή
2123 3734 2478 3804 Σαμαρεῖτιςο
2509 3731 2559 3782 oi
2598 3729 2694 3801 μὲν
2735 3727 2843 3799 γὰρ
2875 3725 3015 3779 κατὰ
3060 3723 3158 3788 τὰς
3205 3719 3430 3792 Γραφάς
3482 3718 3637 3785 σοφοὶ

2066 3824 2330 3886 πίνουσιν,
2377 3818 2450 3884 ὡς
2489 3822 2518 3874 ό
2571 3818 2784 3885 Ἰακὼϐ,
2833 3818 2927 3872 καὶ
2976 3817 3026 3870 oi.
3075 3815 3184 3868 υἱοὶ
3236 3811 3436 3866 αὐτοῦ’
3482 3810 3532 3862 οἱ
3577 3808 3636 3860 δὲ

2067 3915 2441 3986 ἁπλούστεροι,
2469 3913 2561 3967 καὶ
2589 3911 2938 3982 ἀκερέστεροι
2973 3908 3070 3979 (4),
3103 3909 3152 3960 οἱ
3185 3903 3470 3974 λεγόμενοι
3498 3901 3636 3969 πρό-

2067 4005 2206 4059 ϐατα
2239 4001 2496 4076 Χριστοῦ,
2550 4002 2796 4054 πίνουσιν
2842 4000 2916 4064 ὼς
2954 3998 3022 4052 τὰ
3063 3996 3355 4070 θρέμματα
3387 3991 3481 4045 τοῦ
3531 3992 3638 4044 Ἰα-

2066 4096 2183 4150 κώϐ
2199 4113 2212 4126 ο
2241 4097 2290 4148 οἱ
2315 4095 2371 4148 δὲ
2393 4093 2847 4165 παρεκδεχόμενοι
2875 4091 2972 4154 τὰς
2993 4087 3236 4160 Γραφάς,
3261 4087 3354 4140 καὶ
3376 4081 3640 4153 δύσφημὰ

2065 4207 2186 4242 τινα
2225 4187 2584 4247 συνιστάντες.
2631 4183 2898 4255 προφάσει
2947 4180 3040 4234 τοῦ
3083 4178 3392 4250 νενοηκέναι
3445 4175 3635 4236 αὐτὰς,

2069 4281 2312 4333 πίνουσιν
2336 4277 2469 4348 ὼςή
2506 4275 2613 4348 πρό
2639 4275 2730 4328 τοῦ
2767 4271 3052 4328 πιστεῦσαι
3087 4272 3166 4334 είς
3213 4267 3420 4341 Ἰησοῦν
3453 4268 3639 4337 Σαμα-

2069 4373 2236 4443 ρεῖτις
2261 4369 2430 4420 ἔπινε.

2142 4455 2408 4524 Ἱ.‹Λέγει
2438 4454 2574 4526 πρὸς
2623 4454 2783 4508 αὑτὸν
2829 4455 2862 4524 ἡ
2911 4453 3080 4524 γυνή’
3180 4449 3373 4521 Κύριε,
3416 4449 3504 4511 δός
3551 4465 3639 4517 μοι

404 4563 622 4620 aquam,
670 4560 738 4600 ne
788 4543 995 4607 sitiam,
1024 4554 1199 4608 neque
1230 4539 1444 4595 veniam
1475 4539 1584 4595 huc
1610 4541 1678 4594 ad
1705 4539 1958 4594 haurien-

2068 4550 2225 4605 τοῦτο
2257 4548 2318 4602 τὸ
2351 4525 2510 4618 ὕδωρ,
2541 4547 2628 4599 ἵνα
2663 4545 2736 4617 μὴ
2763 4545 2919 4615 διψῶ,
2954 4544 3086 4616 μηδὲ
3118 4543 3419 4614 διέρχωμαι
3450 4539 3638 4593 ἐνθάδε

401 4643 527 4698 dum
548 4639 615 4692 “.
646 4656 667 4691 ι
698 4635 816 4694 Iam
833 4639 1068 4690 secundo
1085 4635 1341 4706 praedicat
1364 4632 1650 4688 Samaritis
1681 4633 1962 4689 Dominum

405 4734 775 4790 Servatorem,
817 4727 1052 4796 primum
1087 4742 1210 4782 cum
1240 4726 1372 4781 dicit
1399 4741 1413 4779 :
1446 4741 1465 4776 ι
1497 4723 1742 4792 Domine,
1793 4741 1965 4795 neque

400 4821 736 4880 haustorium
773 4818 959 4884 habes,
991 4828 1048 4873 et
1076 4830 1270 4888 puteus
1297 4818 1434 4873 altus
1477 4827 1561 4873 est
1581 4817 1665 4885 “;
1700 4837 1719 4871 ι
1750 4822 1965 4888 quando
2007 4823 2013 4828 “

401 4917 565 4969 etiam
615 4912 936 4979 interrogat,
978 4911 1120 4964 unde
1171 4911 1366 4964 habeat
1419 4925 1613 4979 aquam
1667 4912 1866 4974 vivam,
1911 4924 1965 4966 et

405 5020 533 5060 num
585 5001 759 5071 major
798 5001 871 5054 sit
915 4997 1107 5064 Iacob,
1155 5000 1246 5067 qui
1293 5001 1586 5068 putabatur
1640 5015 1764 5055 esse
1814 5010 1966 5070 pater

404 5096 519 5164 ejus
544 5112 560 5151 :
580 5103 633 5148 et
657 5106 799 5148 nunc
819 5090 1005 5155 etiam,
1031 5091 1247 5159 quando
1269 5091 1400 5158 petit
1425 5105 1621 5160 aquam
1647 5090 1816 5155 illam,
1847 5108 1968 5160 qua:

402 5188 455 5242 in
487 5187 706 5241 bibeate
731 5182 789 5237 lit
811 5179 934 5237 fons
955 5196 1109 5252 aquae
1134 5179 1382 5236 salientis
1405 5183 1471 5236 ad
1495 5183 1660 5235 vitam
1682 5193 1964 5248 aeternam,

2070 4643 2299 4698 ἀντλεῖν.
2342 4661 2360 4692 ι
2391 4640 2528 4711 Ἤδη
2557 4637 2804 4710 δεύτερον
2837 4637 3037 4708 Κύριον
3064 4634 3384 4706 ἀναγορεύει
3411 4632 3502 4685 τὸν
3523 4631 3641 4683 Σω-

2070 4734 2210 4805 τῆρα
2249 4734 2282 4802 ἡ
2316 4731 2674 4801 Σαμαρεῖτις
2711 4728 2974 4799 πρότερον
3011 4726 3108 4797 μὲν
3141 4727 3228 4778 ὅτε
3275 4724 3438 4795 φησί’
3479 4742 3498 4774 ι
3539 4722 3644 4774 Ku-

2029 4812 2051 4826 Ρ
2072 4843 2173 4898 ριε,
2203 4823 2326 4877 οὔτε
2359 4822 2600 4891 ἄντλημα
2635 4821 2798 4891 ἔχεις,
2829 4820 2920 4873 καὶ¹
2959 4820 3019 4873 τὸ
3049 4819 3222 4891 φρέαρ
3263 4819 3378 4871 ἐστὶ
3408 4816 3543 4886 βαθύ
3563 4833 3578 4845 ’
3617 4835 3636 4866 ι

2066 4917 2155 4970 ὅτε
2187 4917 2280 4970 καὶ
2302 4913 2552 4967 ἐπιποθεῖ
2576 4913 2650 4983 (ὅ)
2674 4912 2835 4966 πόθεν
2864 4909 2977 4980 ἔχει
3014 4911 3073 4964 τὸ
3105 4910 3213 4975 ζῶν
3254 4909 3420 4981 ὕδωρ,
3465 4909 3558 4962 καὶ
3591 4909 3640 4959 εί

2073 5007 2274 5078 μείζων
2301 5007 2384 5077 εἴη
2424 5004 2516 5058 τοῦ
2561 5002 2915 5076 νομιζομένου
2957 5003 3159 5073 πατρὸς
3186 5001 3355 5071 αὐτῆς
3411 4998 3636 5053 Ἰακὼϐ’

2070 5096 2164 5149 νῦν
2191 5095 2246 5150 δὲ
2275 5097 2362 5149 ὅτε
2391 5095 2482 5149 καὶ
2504 5097 2675 5148 αἰτεῖν
2703 5092 2811 5147 ἀπὸ
2837 5093 2930 5146 τοῦ
2975 5094 3184 5157 ὓδατος,
3217 5092 3312 5146 τοῦ
3352 5090 3640 5161 γινομένου

2073 5187 2255 5257 πηγῆς
2281 5189 2337 5240 ὲν
2363 5185 2438 5256 τῷ
2461 5185 2665 5240 πίνοντι
2692 5184 2881 5249 ὕδατος
2904 5184 3194 5256 ἁλλομένου
3227 5185 3307 5247 εἰς
3341 5181 3482 5252 ζωὴν
3510 5179 3642 5234 αἰὼ-

472 5345 698 5400 ⁸³Εοοιί.
718 5361 802 5407 ιιι.
833 5345 923 5400 22.
998 5345 1228 5414 “Apoc.
1259 5361 1314 5410 ι,
1343 5343 1396 5398 5.
1473 5345 1518 5377 ³⁸
1543 5341 1698 5398 Joan.
1723 5360 1838 5403 xxi.
1859 5347 1948 5401 25.

2062 5349 2071 5379 ‘
2101 5348 2261 5403 lCor.
2285 5347 2418 5412 ",9.
2495 5347 2538 5378 "
2569 5345 2700 5401 ibid.
2775 5348 2822 5379 ⁵³
2850 5347 2979 5402 ibid.
3057 5347 3102 5379 ³⁸
3137 5346 3266 5400 ibid.
3321 5347 3405 5407 12,
3439 5345 3520 5409 13,
3559 5345 3641 5400 lii.

403 5419 448 5452 ‘°
481 5415 640 5471 Iuau.
673 5431 746 5479 Iv,
779 5418 864 5470 M.
945 5416 987 5447 ⁶¹
1022 5417 1150 5470 ibid.
1196 5415 1277 5469 12.
1355 5416 1399 5445 θ’
1422 5415 1546 5469 ibid.
1579 5415 1640 5469 15

477 5509 554 5574 (1)
591 5506 999 5575 Ἀκερέστεροι.
1048 5509 1246 5564 Notent
1297 5509 1632 5579 grammatici
1687 5509 1828 5565 hanc
1869 5527 1964 5566 vo-

477 5597 543 5632 m.
573 5580 724 5632 mtasi
757 5579 823 5630 ab
856 5580 1080 5632 ἀκεοήε.
1124 5580 1228 5632 nisi
1257 5579 1488 5632 fortasse
1523 5579 1612 5632 ille
1649 5579 1800 5632 locus
1841 5597 1964 5632 cor-

405 5596 543 5631 t‘t‘tll.
573 5593 724 5631 (ιιιιιδι
757 5593 823 5630 ill)
856 5593 1080 5631 ακεοήε.
1124 5595 1228 5631 11151
1257 5593 1488 5631 Ιοηιιεεο
1523 5593 1612 5631 Ille
1649 5593 1800 5631 IOCUS
1841 5597 1964 5631 cor-

437 5597 543 5639 ιιιιι,
573 5580 724 5656 quasi
757 5579 823 5630 ab
856 5580 1080 5700 dxepﬂg,
1124 5580 1228 5659 nisi
1257 5579 1488 5634 fortasse
1523 5579 1612 5632 ille
1649 5579 1800 5633 locus
1841 5597 1958 5635 cor-

438 5657 590 5722 upttts
625 5653 712 5712 stt,
739 5656 793 5700 et
841 5649 991 5717 lcgcn
1035 5666 1121 5704 um
1173 5658 1244 5704 snt
1277 5649 1532 5712 fortasse,
1567 5650 1958 5723 ἁκεραιότεροι,

1779 5417 1825 5448 ⁸³
1851 5418 1980 5472 ibid.
2024 5422 2108 5475 H.

2070 5515 2174 5584 vel.
2201 5511 2673 5584 ἀκραιφνέστεροι.
2713 5509 2970 5584 libertus.

2141 5583 2218 5648 (5)
2281 5577 2343 5636 ἰιι
2385 5577 2648 5650 ἰιιιινείιιο
2714 5582 2920 5635 codicis
2984 5579 3258 5650 Bodleianl
3313 5577 3508 5650 legitur
3562 5577 3642 5629 ἔτι

2075 5653 2233 5718 αἰτεῖ,
2274 5668 2432 5722 quant
2461 5648 2749 5707 lectionem
2782 5661 2996 5706 secutus
3021 5661 3101 5707 est
3129 5648 3428 5706 Ferrarius.
