3948 6206
220 288 332 351 ιυθ

1281 303 1638 361 COMMENT.
1677 303 1742 359 ΙΝ
1779 305 1969 362 1οᾹΝ.
2014 306 2250 362 TOML‘S
2291 305 2426 361 XIII.

3355 307 3460 362 410

219 430 370 468 νιονο
401 418 496 469 καὶ
553 415 707 489 εἴπερ
744 419 936 489 ἀληθὲς
976 419 1069 472 τό·
1106 440 1123 470 ι
1165 420 1236 473 Σὺ
1272 421 1338 475 ἂν
1375 421 1583 492 ⁴ᾔτησας
1614 421 1786 486 αὑτὸν,

1899 434 1954 479 et
1983 424 2028 479 si
2067 424 2285 494 quidem
2320 438 2505 477 verum
2546 430 2629 478 est
2668 422 2835 479 illud:
2869 443 2887 476 ι
2910 423 2989 478 Τιι
3020 424 3244 479 forsitan
3277 427 3463 493 petiis-

218 505 318 558 καὶ
357 506 560 561 ἔδωκεν
581 510 646 564 ἀν
674 528 753 563 σοι
775 509 915 581 ὕδωρ
952 510 1081 575 ζῶν,
1123 530 1141 562 ι
1173 511 1352 579 δῆλον,
1391 513 1495 578 ὅτι,
1531 513 1790 567 εἰποῦσα·

222 613 243 645 ι
285 596 386 659 Δός
414 615 504 668 μοι
534 599 688 652 τοῦτο
708 601 767 651 τὸ
796 599 958 670 ὕδωρ,
1004 620 1021 650 ι
1067 600 1223 653 ἔλαϐε
1256 601 1317 654 τὸ
1352 599 1462 665 ζῶν
1506 602 1671 674 ὓδωρ,
1708 604 1795 656 ἵνα

221 688 423 756 μηκέτι
451 689 629 760 ἀπορῇ
650 690 877 759 διψῶσα,
911 690 1044 760 μηδὲ
1069 691 1345 763 διέρχηται
1376 694 1466 746 ἐπὶ
1486 695 1586 765 τὴν
1616 695 1795 767 πηγὴν

217 774 315 829 τοῦ
358 776 570 841 Ἰακὼϐ,
613 779 700 832 διὰ
734 780 795 832 τὸ
834 780 1063 845 ἀντλεῖν,
1105 781 1239 835 ἀλλὰ
1276 783 1443 853 χωρὶς
1478 782 1573 835 τοῦ
1605 784 1794 847 ὓδατος

217 866 315 920 τοῦ
370 867 563 921 Ἰακὼϐ
604 869 875 940 θεωρῆσαι
914 872 1013 943 τήν
1054 872 1310 942 ἀλήθειαν
1358 874 1662 941 ἀγγελικῶς
1700 875 1793 929 καὶ

216 958 364 1030 ὑπὲρ
420 958 700 1031 ἄνθρωπον
752 961 953 1031 δυνηθῇ
999 962 1096 1033 (6).
1149 963 1283 1017 Οὑδὲ
1327 963 1434 1035 γὰρ
1479 966 1526 1017 οί
1575 964 1791 1041 ἄγγελοι

214 1050 429 1104 δέονται
469 1052 568 1122 τῆς
612 1052 705 1105 τοῦ
771 1053 965 1106 Ἰακὼϐ
1009 1056 1210 1125 πηγῆς,
1262 1056 1350 1109 ἵνα
1407 1056 1627 1120 πίωσιν,
1674 1057 1791 1112 ἀλλ’

214 1140 450 1205 ἕκαστος
488 1142 544 1194 ἐν
582 1142 760 1213 ἑαυτῷ
794 1143 905 1214 ἔχει
939 1145 1118 1216 πηγὴν
1160 1145 1350 1209 ὓδατος
1386 1146 1681 1217 ἁλλομένου
1714 1150 1795 1213 είς

217 1228 371 1299 ζωὴν
398 1228 611 1283 αἰώνιον
643 1233 1033 1305 γεγενημένην,
1068 1234 1160 1287 καὶ
1188 1235 1660 1303 ἀποκαλυφθεῖσαν
1686 1237 1794 1290 ἀπό

214 1319 387 1372 αὑτοῦ
423 1320 516 1372 τοῦ
553 1322 751 1389 Λόγου,
786 1323 879 1376 καὶ
902 1323 1069 1393 αὐτῆς
1091 1324 1191 1393 τῆς
1226 1326 1439 1393 σοφίας.
1468 1327 1542 1379 Οὑ
1571 1326 1792 1381 δυνατὸν

216 1407 485 1478 μέντοιγε
496 1408 558 1461 τό
578 1409 762 1480 ἕτερον
788 1411 940 1482 παρὰ
960 1412 1020 1464 τὸ
1043 1413 1107 1464 ἐκ
1126 1413 1226 1482 τῆς
1255 1414 1438 1484 πηγῆς
1462 1413 1556 1467 τοῦ
1597 1414 1793 1468 Ἰακὼϐ

213 1499 366 1571 ὕδωρ
405 1502 649 1573 χωρῆσαι
680 1503 741 1555 τὸ
765 1503 870 1557 ὑπὸ
898 1503 992 1557 τοῦ
1032 1505 1206 1573 Λόγου
1244 1504 1541 1575 διδόμενον,
1570 1508 1643 1577 μὴ
1675 1508 1793 1559 ἐπι-

218 1592 522 1662 μελέστατα
546 1593 910 1665 ἀσχοληθέντα
941 1595 1005 1648 ἑκ
1030 1595 1127 1647 τοῦ
1152 1594 1332 1665 διψᾷν,
1362 1596 1490 1667 περὶ
1526 1596 1620 1649 τοῦ
1645 1596 1790 1668 διέρ-

214 1682 408 1752 χεσθαι
468 1684 544 1754 (7)
601 1684 697 1738 καὶ
747 1685 958 1738 ἀντλεῖν
1024 1684 1307 1749 ἐντεῦθεν,
1377 1686 1453 1750 ὡς
1513 1687 1605 1740 τὸν
1650 1687 1792 1741 κατὰ

214 1775 378 1829 τοῦτο
411 1777 581 1831 πολλὰ
611 1777 816 1830 ἑνδεινα
851 1776 926 1846 (8)
964 1779 1079 1839 τοῖς
1123 1776 1335 1838 πολλοῖς
1382 1776 1457 1839 ὠς
1509 1777 1784 1829 ἐπιπλεῖον
1824 1755 1863 1808 Β

212 1869 751 1939 ἑγγεγυμνασμένοις
791 1866 871 1937 τῷ
912 1866 1120 1920 ἀντλεῖν
1168 1865 1273 1918 ἀπὸ
1307 1866 1403 1936 τῆς
1445 1866 1539 1919 τοῦ
1592 1867 1783 1921 Ἰακὼϐ

216 1959 423 2031 πηγῆς.

284 2049 338 2102 8.
384 2069 401 2099 ι
433 2050 598 2117 Λέγει
623 2050 757 2121 αὐτῇ
778 2067 790 2080 ο
827 2050 1061 2117 ’Υπαγε,
1092 2046 1337 2120 φώνησόν
1366 2067 1458 2102 σου
1485 2050 1576 2102 τὸν
1597 2051 1782 2121 ἀνδρα,

214 2140 310 2193 καὶ
343 2139 469 2192 ἐλθὲ
499 2139 701 2193 ἐνθάδε.
752 2140 1041 2211 Ἀπεκρίθη
1069 2142 1101 2210 ἡ
1130 2140 1289 2211 γυνὴ,
1320 2142 1413 2193 καὶ
1444 2137 1597 2193 εἶπεν
1616 2158 1630 2172 υ
1672 2142 1786 2194 Οὐκ

217 2228 327 2297 ἔχω
370 2228 556 2298 ἄνδρα.
614 2246 632 2279 t
696 2228 981 2298 Ἑλέγομεν
1019 2227 1112 2280 καὶ
1146 2229 1203 2279 ἑν
1234 2232 1348 2291 τοῖς
1394 2229 1650 2300 ἀνωτέρω
1696 2229 1788 2283 τὸν

217 2321 453 2391 ἄρχοντα
477 2320 579 2389 τῆς
599 2319 777 2389 ψυχῆς
805 2320 990 2389 νόμον,
1017 2313 1061 2387 ᾧ
1094 2320 1323 2383 ἕκαστος
1352 2320 1615 2387 ὑπέταξεν
1642 2316 1784 2374 ⁷ἐαυ-

216 2411 328 2474 τόι,
358 2411 542 2464 τοῦτον
568 2406 703 2464 εἶναι
730 2410 822 2463 τὸν
855 2410 1043 2481 ἀνδρα.
1066 2408 1180 2462 Νῦν
1206 2408 1262 2461 δὲ
1297 2411 1389 2462 καὶ
1411 2410 1505 2463 τοῦ
1531 2410 1785 2463 Ἀποστό-

215 2505 310 2556 λου
359 2505 422 2556 ἐκ
456 2504 555 2572 τῆς
617 2501 754 2574 πρός
806 2501 1110 2571 Ῥωμαίους
1142 2500 1459 2571 Ἐπιστολῆς
1490 2503 1571 2565 εἰς
1622 2500 1781 2554 τοῦτο

219 2593 517 2665 μαρτύριον
591 2589 1053 2664 παραθησόμεθα,
1121 2590 1369 2659 λέγοντος
1439 2590 1549 2661 (9)ο
1616 2608 1635 2641 ι
1699 2592 1773 2644 Ἦ

215 2686 481 2753 ἀγνοεῖτε,
534 2682 769 2751 ἀδελφοὶ,
816 2681 1180 2753 (γινώσκουσι
1239 2681 1349 2752 γὰρ
1404 2681 1564 2751 νόμον
1603 2681 1782 2752 λαλῶ)

215 2777 296 2829 δτι
329 2777 358 2826 ό
382 2775 544 2844 νόμος
574 2774 816 2846 κυριεύει
861 2774 954 2827 τοῦ
1002 2772 1291 2843 ἀνθρώπου
1322 2774 1405 2840 ἐφ’
1435 2772 1557 2826 ὅσον
1595 2772 1785 2842 χρόνον

215 2865 315 2936 ζῇς
354 2885 372 2917 ι
395 2865 489 2929 Τίς
514 2866 571 2919 δὲ
599 2867 699 2935 ζῇς
740 2864 872 2917 Ἀπὸ
894 2864 1073 2918 κοινοῦ
1098 2863 1480 2934 λαμδανόντων
1509 2862 1665 2934 ήμῶν
1694 2863 1784 2917 τὸν

217 2958 399 3028 νόμον,
418 2957 448 3009 ό
465 2956 641 3025 νόμος.
662 2952 772 3008 Εἶτ’
793 2955 992 3020 εὐθέως
1021 2956 1183 3026 φησίν
1202 2973 1215 2986 ·
1228 2974 1246 3006 ι
1271 2957 1333 3008 Ἡ
1352 2954 1617 3025 ὕπανδρος
1636 2954 1773 3025 γυνὴ

1899 527 1991 568 ses
2026 513 2093 567 ab
2128 527 2214 577 eo,
2250 523 2305 567 et
2352 511 2592 567 dedisset
2631 510 2727 565 tibi
2766 526 2957 580 aquam
2988 512 3159 565 vivam
3185 512 3253 578 “,
3284 532 3301 565 ι
3337 529 3463 583 per-

1896 606 2143 675 spicuum
2216 613 2331 671 est,
2373 620 2438 659 eo
2486 604 2627 672 quod
2680 602 2881 657 dixerit
2916 621 2931 658 :
2965 622 2984 655 ι
3014 603 3087 657 Da
3147 604 3274 657 mihi
3321 606 3459 659 hanc

1897 710 2116 765 aquam,
2139 714 2158 747 ι
2192 695 2469 763 accepisse
2500 695 2766 747 viventem
2820 708 3040 761 aquam,
3073 709 3140 748 ne
3184 695 3237 747 in
3282 708 3459 762 poste~

1899 804 2017 842 rum
2049 798 2233 857 egeret
2274 787 2487 850 sitiens,
2525 800 2697 854 neque
2732 788 2945 841 veniret
2975 787 3041 841 ad
3065 787 3267 841 fontem
3294 784 3462 841 .Iarob

1896 876 2177 932 hauriendi
2212 893 2400 943 causa,
2435 876 2528 931 sed
2564 886 2741 945 posset
2788 877 2907 930 siue
2935 892 3072 945 aqua
3101 875 3271 931 Jacob
3301 893 3463 945 attge-

1896 966 1998 1023 liee
2027 968 2212 1024 videre
2255 968 2541 1024 veritatem
2570 982 2735 1035 supra
2773 969 3045 1022 hominem
3073 970 3458 1023 exsistentem:

1896 1073 2020 1115 nam
2047 1071 2223 1129 neque
2255 1058 2431 1130 angeli
2459 1066 2618 1128 egent
2645 1057 2794 1111 l'onte
2826 1056 2995 1111 Jacob
3033 1070 3090 1112 ut
3127 1056 3337 1123 bibant,
3365 1059 3460 1113 sed

1894 1151 2274 1220 unusquisque
2298 1152 2535 1219 ipsorqu
2561 1150 2613 1204 in
2650 1153 2829 1219 selpso
2854 1148 3056 1203 fontem
3104 1151 3270 1206 habet
3305 1166 3461 1219 aqua:

1895 1237 2145 1293 salientis
2185 1240 2249 1292 ad
2282 1240 2451 1292 vitam
2481 1249 2765 1302 aeternam,
2793 1240 3059 1294 orientem
3097 1256 3161 1294 ac
3190 1247 3457 1294 retectum

1894 1327 1963 1379 ab
2006 1328 2121 1396 ipso
2165 1326 2427 1382 Sermone
2470 1327 2564 1381 Dei
2607 1327 2767 1392 Filio,
2810 1336 2972 1397 atque
3013 1329 3280 1397 sapientia
3318 1329 3456 1397 ipsa.

1894 1415 2080 1487 Neque
2120 1420 2265 1473 enim
2318 1418 2473 1474 facile
2511 1420 2654 1475 factu
2685 1428 2849 1474 estut
2884 1435 3081 1487 squam
3110 1436 3230 1491 quae
3257 1437 3285 1474 a
3314 1421 3454 1480 Filio

1892 1507 1987 1562 Dei
2035 1508 2216 1574 datur,
2270 1509 2541 1564 diversam
2588 1513 2940 1566 exsistentem
2980 1510 3048 1565 ab
3097 1527 3234 1581 aqua
3290 1513 3458 1570 fontis

1888 1595 2058 1652 Iacob
2102 1599 2333 1666 accipiat
2380 1600 2600 1669 aliquis,
2648 1601 2741 1669 qui
2796 1614 2856 1655 se
2904 1615 3010 1655 non
3040 1601 3457 1670 diligentissime

1892 1686 2195 1741 exercuerit
2230 1687 2516 1751 veniendo,
2557 1696 2611 1742 et
2655 1687 2781 1741 inde
2834 1688 3159 1752 hauriendo,
3201 1703 3267 1743 eo
3312 1691 3455 1757 quod

1887 1774 2068 1842 sitiat;
2115 1778 2280 1848 213
2340 1777 2565 1848 perinde
2622 1787 2785 1847 atque
2851 1778 2940 1834 ille
2989 1780 3081 1849 qui
3131 1783 3263 1849 petit
3315 1780 3457 1836 bane

1887 1882 2080 1938 aquam
2107 1868 2419 1939 frequenter
2447 1871 2584 1924 inter
2612 1870 2808 1925 multos
2844 1886 3066 1941 magnos
3095 1873 3365 1937 homines,
3395 1882 3455 1925 ut

1888 1959 1977 2028 qui
1998 1956 2199 2011 diutius
2226 1957 2451 2012 exerciti
2476 1956 2679 2012 fuerint
2701 1959 3000 2014 hauriendo
3022 1974 3054 2013 e
3092 1960 3237 2015 loiite
3264 1959 3452 2015 Iacob.

1957 2048 2011 2101 8.
2056 2065 2075 2099 ι
2106 2047 2245 2101 Dicit
2273 2048 2345 2101 illi
2378 2066 2392 2103 :
2420 2046 2590 2112 Vade,
2631 2063 2763 2103 voca
2800 2050 2971 2103 virum
3027 2058 3199 2112 tuum,
3250 2062 3304 2106 et
3333 2053 3455 2106 veni

1888 2138 2010 2191 httc.
2065 2138 2359 2203 Respondit
2414 2137 2626 2205 mulier,
2673 2150 2729 2194 et
2778 2140 2959 2194 dixit:
2994 2139 3109 2195 Non
3164 2142 3337 2196 habeo
3384 2144 3433 2195 vi

1888 2241 2006 2279 rmn
2024 2226 2122 2280 ⁸⁸.»
2159 2225 2403 2280 Diximus
2431 2225 2592 2281 etiam
2624 2228 2678 2282 in
2706 2230 3077 2297 superioribus
3110 2230 3253 2285 hunc
3284 2232 3454 2287 virum

1886 2331 2007 2371 esse
2046 2316 2239 2385 legem,
2279 2332 2399 2385 qua:
2443 2318 2694 2387 princeps
2748 2320 2822 2373 sit
2869 2321 3083 2384 animm,
3121 2320 3268 2393 [nam
3297 2323 3460 2379 habet

1888 2405 2257 2474 unusquisque
2302 2407 2551 2461 instituta
2581 2410 2851 2477 quaedam,
2875 2426 2941 2466 ac
2985 2426 3184 2478 mores,
3212 2414 3312 2467 sub
3336 2416 3457 2483 qui-

1885 2495 1989 2550 bus
2019 2505 2279 2567 tanquam
2319 2497 2422 2552 sub
2466 2499 2581 2568 lege
2632 2499 2813 2573 vivit,]
2846 2502 2931 2556 cui
2964 2502 3331 2572 unusquisque
3372 2519 3457 2557 se-

1886 2584 2059 2655 ipsum
2094 2586 2408 2658 subiecerit.
2437 2587 2587 2644 Nunc
2614 2605 2744 2645 vero
2775 2592 2938 2646 etiam
2964 2591 3092 2647 illud
3116 2592 3357 2662 Apostoli
3388 2609 3452 2648 ex

1896 2676 2136 2747 Epistola
2172 2679 2239 2732 ad
2271 2678 2548 2736 Romanos
2604 2681 2671 2736 ad
2723 2680 2866 2737 hanc
2920 2696 3032 2736 rem
3087 2682 3454 2737 testimonium

1884 2768 2255 2837 adducemus,
2322 2772 2552 2828 dicentis
2616 2788 2632 2827 :
2696 2772 2822 2826 «An
2904 2772 3203 2841 ignoratis,
3257 2772 3456 2828 fratres

1886 2860 2205 2928 (scientibus
2234 2862 2378 2915 enim
2410 2862 2577 2931 legem
2614 2862 2852 2933 loquor),
2883 2864 3027 2933 quod
3059 2862 3145 2917 lex
3190 2863 3457 2932 tantisper

1886 2951 2196 3006 dominatur
2228 2954 2453 3020 homini,
2497 2954 2672 3023 quoad
2727 2953 3071 3009 vixerit“?t
3110 2952 3318 3008 Vixerit
3354 2969 3452 3007 au—

221 3045 291 3116 τῷ
320 3045 481 3111 ζῶντι
510 3046 661 3117 ἀνδρὶ
689 3045 894 3099 δέδεται
927 3045 1110 3117 νόμῳ·
1153 3064 1172 3096 t
1203 3046 1278 3109 ὡς
1305 3047 1352 3099 εί
1384 3046 1557 3114 ἔλεγε,
1605 3045 1777 3101 Ζῶντι

1892 3048 1992 3094 lem
2030 3042 2194 3111 quis?
2230 3041 2431 3115 Nempe
2483 3045 2594 3108 lex,
2622 3044 2987 3099 communiter
3036 3044 3456 3111 iutelligentibus

216 3137 388 3208 ἀνδρὶ,
415 3138 560 3199 ὅστις
586 3136 723 3206 ἀνὴρ
741 3136 899 3206 νόμος
917 3137 1080 3189 ἐστίν.
1109 3132 1237 3190 Εἶτα
1251 3136 1415 3189 πάλιν
1436 3134 1615 3205 φησίνο
1629 3155 1644 3183 ι
1662 3136 1787 3190 Ἐὰν

217 3229 271 3282 δέ
289 3227 532 3300 ἀποθάνῃ
556 3230 584 3279 ό
602 3226 757 3297 ἀνὴρ,
783 3229 1122 3299 κατήργηται
1146 3227 1251 3280 ἀπὸ
1272 3227 1367 3280 τοῦ
1386 3227 1549 3297 νόμου
1564 3226 1658 3280 τοῦ
1691 3227 1786 3281 ἀν·-

216 3319 339 3389 δρός
358 3335 371 3348 ·
399 3337 416 3368 ι
447 3317 603 3369 οἱονεὶ
614 3316 750 3386 γυνὴ
759 3319 1100 3388 κατήργηται
1116 3317 1474 3380 ἀποθανόντος
1487 3315 1582 3369 τοῦ
1597 3316 1780 3387 νόμου,

219 3410 312 3463 καὶ
340 3408 519 3461 οὐκέτι
538 3406 605 3460 τὰ
618 3408 715 3478 τῆς
729 3409 985 3475 γυναικὸς
1002 3408 1077 3471 ὡς
1092 3408 1226 3479 πρὸς
1250 3408 1417 3479 ἄνδρα
1435 3409 1518 3460 ὲνε
1528 3404 1787 3479 ργεῦεἶτα

219 3497 362 3564 Λέγει
380 3513 424 3546 ἰ
441 3498 583 3568 ’Δρα
609 3492 701 3549 οὖν
728 3495 927 3559 ζῶντος
956 3495 1051 3549 τοῦ
1073 3496 1263 3568 ἀνδρὸς
1296 3498 1542 3569 μοιχαλὶς
1569 3515 1787 3570 χρημα-

225 3587 375 3648 τίσει,
409 3586 503 3640 ἐὰν
542 3586 763 3657 γένηται
796 3585 947 3655 ἀνδρὶ
990 3586 1191 3658 ἑτέρῳ·
1244 3587 1340 3641 ἐὰν
1376 3588 1433 3641 δὲ
1474 3588 1720 3662 ἀποθάνῃ
1756 3592 1785 3643 ό

219 3676 374 3748 ἀνὴρ,
404 3676 659 3748 ἐλευθέρα
699 3678 845 3730 ἐστὶν
888 3676 996 3731 ἀπὸ
1036 3678 1130 3730 τοῦ
1175 3678 1362 3747 νόμου,
1410 3678 1503 3731 τοῦ
1538 3678 1611 3749 μὴ
1647 3675 1785 3732 εἶναι

219 3766 387 3837 αὐτὴν
419 3766 715 3837 μοιχαλίδα,
744 3769 1040 3839 γενομένην
1059 3768 1212 3839 ἀνδρὶ
1226 3769 1411 3839 ἑτέρῳ.
1446 3787 1464 3818 ι
1516 3769 1778 3825 Ἀπέθανε

219 3858 320 3912 δὲό
357 3859 520 3929 νόμος
550 3858 690 3912 κατὰ
717 3859 777 3912 τὸ
809 3858 1064 3929 γράμμα,
1114 3858 1209 3911 καὶ
1240 3858 1340 3911 οὐκ
1376 3857 1519 3911 ἐστιν
1552 3860 1586 3927 ἡ
1635 3857 1780 3930 ψυχὴ

221 3947 469 4018 μοιχαλὶς
496 3948 757 4019 γενομένη
783 3948 935 4019 ἀνδρὶ
968 3947 1158 4019 ἑτέρῳ,
1205 3946 1282 4017 τῷ
1327 3948 1495 4017 νόμῳ,
1524 3946 1600 4017 τῷ
1644 3948 1788 4001 κατά

220 4038 283 4092 τὸ
311 4037 555 4109 πνεῦμιν
607 4039 966 4103 ἀποθανόντος
1006 4039 1062 4092 δέ
1103 4037 1197 4092 τοῦ
1229 4038 1420 4110 ἀνδρὸς
1454 4041 1518 4109 τῇ
1547 4039 1785 4106 γυναικὶ,

219 4126 646 4198 ἀποτεθνηκέναι
675 4128 793 4189 πῶς
823 4127 890 4180 ἂν
916 4127 1125 4196 λέγοιτο
1162 4129 1254 4181 καὶ
1282 4130 1314 4199 ἠ
1344 4126 1480 4198 γυνὴ
1510 4128 1586 4198 τῷ
1612 4128 1785 4200 ἀνδρὶ,

219 4217 360 4271 ὥστε
388 4217 558 4281 οὕτως
588 4220 733 4289 ἡμᾶς
763 4218 1122 4288 ἐκλαμϐάνειν
1160 4219 1251 4273 τό·
1286 4238 1304 4269 ι
1347 4219 1529 4281 Ὥστε,
1569 4217 1786 4287 ἀδελφοί

222 4327 345 4381 μου,
370 4312 463 4365 καὶ
489 4312 644 4381 ὑμεῖς
665 4310 1031 4381 ἐθανατώθητε
1063 4311 1140 4382 τῷ
1162 4312 1308 4381 νόμῳ
1347 4309 1434 4363 διὰ
1470 4310 1563 4362 τοῦ
1604 4308 1787 4380 σώμα-

1890 3131 2046 3186 nobis
2076 3131 2266 3200 legem.
2304 3132 2493 3187 Postea
2521 3134 2704 3187 statim
2741 3133 2858 3189 ait:
2889 3150 2908 3185 ι
2934 3130 3070 3186 Nam
3124 3132 3317 3187 mulier
3355 3133 3453 3187 ob-

1889 3224 2047 3277 noxia
2080 3225 2216 3289 viro,
2246 3225 2449 3280 viventi
2482 3225 2601 3280 viro
2628 3224 2864 3294 obligata
2923 3236 3009 3281 est
3056 3226 3157 3296 legi
3183 3225 3291 3292 ",t
3331 3234 3455 3279 tau-

1888 3329 2049 3384 quam
2080 3316 2123 3370 si
2156 3316 2385 3381 diceret,
2415 3317 2617 3371 viventi
2650 3318 2796 3381 viro,
2826 3317 2917 3385 qui
2951 3316 3033 3371 vir
3059 3326 3145 3371 est
3187 3315 3295 3371 lex.
3333 3315 3453 3370 Mox

1889 3420 2103 3460 rursum
2136 3406 2311 3477 inquit
2337 3424 2351 3461 :
2395 3427 2413 3459 ι
2433 3408 2590 3474 Quod
2623 3409 2668 3464 sl
2705 3420 2953 3463 mortuus
2985 3407 3148 3463 fuerit
3177 3409 3284 3471 vir,
3313 3407 3452 3462 Iibe-

1887 3504 2004 3549 rata
2053 3503 2135 3550 est
2176 3511 2205 3550 a
2240 3497 2357 3567 lege
2380 3498 2579 3551 viri“:
2614 3516 2633 3549 ι
2670 3497 2834 3552 veluti
2870 3498 3095 3552 liberata
3131 3506 3214 3552 est
3261 3498 3453 3551 mulier

1887 3596 1918 3636 a
1951 3582 2066 3654 lege
2114 3594 2350 3651 mortua,
2400 3601 2498 3640 nec
2540 3586 2773 3656 amplius
2822 3600 2989 3656 opera
3042 3586 3284 3639 mulieris
3324 3601 3453 3651 erga

1887 3673 2061 3727 virum
2108 3686 2352 3732 exercet.
2381 3675 2585 3729 Deinde
2627 3675 2799 3743 inquit
2843 3691 2860 3728 :
2910 3673 3184 3727 «Proinde
3240 3672 3455 3725 vivente

1886 3762 2025 3826 viro,
2054 3761 2297 3816 adultera
2326 3762 2630 3826 vocabitur,
2659 3763 2703 3816 si
2747 3777 2807 3817 se
2846 3761 3089 3828 iunxerit
3109 3761 3265 3815 alteri
3295 3761 3451 3825 viro;

1885 3853 1972 3906 siu
2001 3861 2183 3907 autem
2211 3838 2456 3907 morttius
2478 3852 2763 3918 fueritvir,
2794 3854 2963 3907 libera
3005 3861 3086 3908 est
3119 3868 3150 3908 a
3176 3852 3291 3922 lege
3324 3854 3450 3919 viri,

1888 3952 1945 3997 ut
1986 3957 2093 3997 non
2123 3944 2491 4010 sitadultera,
2523 3945 2565 3999 si
2596 3945 2782 4015 juncta
2827 3946 2987 4000 fuerit
3013 3943 3164 3999 alteri
3203 3944 3319 3998 viro
3339 3944 3446 4003 ".t

1889 4030 2037 4105 [(10)
2074 4032 2183 4088 Lex
2232 4042 2412 4087 autem
2442 4035 2736 4089 secundum
2793 4035 3031 4089 litteram
3088 4044 3296 4088 mortua
3344 4043 3450 4098 est,

1888 4139 2064 4195 neque
2103 4123 2216 4194 jam
2267 4123 2481 4180 adulter
2529 4135 2614 4182 est
2662 4126 2898 4193 animus,
2930 4124 2976 4181 si
3024 4124 3244 4194 junctus
3292 4125 3454 4179 fuerit

1887 4217 2039 4272 alteri
2057 4216 2208 4290 viro]
2227 4217 2479 4272 nimirum
2500 4219 2548 4274 ei
2575 4219 2701 4291 legi,
2725 4234 2846 4289 qua:
2864 4230 2948 4273 est
2971 4234 3035 4273 ex
3060 4218 3281 4287 spiritu:
3304 4232 3451 4270 mor-

1890 4314 1985 4360 tuo
2022 4315 2203 4361 autem
2239 4307 2356 4362 viro
2392 4318 2600 4363 mortua
2656 4323 2776 4364 esse
2827 4308 3021 4363 mulier
3064 4309 3249 4376 aliquo
3294 4308 3452 4359 modo

226 4420 310 4466 τος
331 4401 422 4454 τοῦ
450 4402 703 4472 Χριστοῦ,
733 4404 811 4465 εἰς
843 4402 903 4455 τὸ
934 4402 1180 4470 γενέσθαι
1209 4402 1351 4472 ὑμᾶς
1389 4400 1560 4472 ἑτέρῳ
1600 4398 1679 4469 τῷ
1719 4401 1784 4453 ἐκ

1892 4397 2101 4452 dicetur
2130 4397 2294 4452 etiam
2344 4399 2483 4465 viro,
2541 4400 2679 4455 adeo
2719 4409 2777 4454 ut
2821 4414 2919 4453 nos
2962 4399 3107 4453 hunc
3139 4399 3192 4451 in
3234 4396 3450 4449 modum

226 4490 427 4561 νεκρῶν
469 4490 763 4561 ἐγερθέντι,
807 4489 893 4543 ἴνα
931 4491 1429 4562 καρποφορήσωμεν
1472 4488 1548 4559 τῷ
1580 4486 1716 4558 Θεῷ.
1760 4507 1778 4538 t

1890 4502 2232 4557 exponamus
2287 4489 2456 4544 illud:
2492 4507 2512 4541 ι
2535 4491 2742 4558 Itaque.
2779 4488 2976 4543 fratres
3014 4488 3142 4550 mei,
3186 4500 3282 4539 vos
3314 4498 3452 4553 quo-

222 4581 283 4632 Ei
314 4580 492 4631 τοίνυν
521 4580 681 4649 νόμος
708 4580 854 4631 ἐστὶν
878 4582 906 4631 ὁ
934 4580 1091 4650 ἀνὴρ,
1122 4580 1213 4633 καὶ⁸
1240 4582 1273 4648 ἡ
1312 4580 1639 4648 Σαμαρεῖτις
1675 4578 1785 4647 ἔχει

1892 4593 1996 4648 que
2032 4579 2342 4634 mortiﬁcati
2375 4580 2509 4633 estis
2537 4578 2639 4648 legi
2670 4593 2764 4648 per
2789 4593 2984 4646 corpus
3005 4577 3232 4638 Christi,
3261 4574 3452 4644 utjun-

221 4668 342 4724 τινὰ
385 4668 571 4739 ἀνδρα,
620 4669 931 4733 ὑποτάξασα
969 4670 1163 4741 ἑαυτὴν
1212 4669 1351 4723 κατὰ
1382 4670 1479 4740 τὴν
1523 4670 1785 4741 παρεκδο-

1893 4669 2151 4739 geremiui
2194 4670 2374 4733 alteri,
2416 4670 2674 4722 nimirqu
2704 4668 2754 4721 ei
2785 4668 2876 4737 qui
2903 4682 2969 4720 ex
3002 4666 3231 4720 mortuis
3269 4678 3451 4720 ειη-τε·

216 4760 322 4832 χὴν
345 4758 452 4813 τῶν
483 4760 828 4827 ὑγιαινόντων
851 4759 1022 4830 λόγων
1059 4760 1206 4830 νόμῳ
1230 4759 1356 4824 τινὶ,
1387 4760 1504 4813 καθ’
1542 4759 1599 4813 ὃν
1639 4758 1786 4830 βιοῦν

1894 4758 1997 4825 xit,
2030 4767 2089 4812 ut
2126 4759 2519 4813 lructilicemus
2553 4758 2663 4812 Deo
2682 4759 2749 4810 ".
2778 4776 2797 4810 ι
2831 4756 2888 4812 Si
2925 4756 3088 4827 igitur
3122 4755 3205 4811 lex
3244 4766 3327 4812 est
3349 4756 3451 4822 vir,

290 4921 337 4953 “
363 4918 516 4974 Joan.
552 4935 625 4987 tv,
658 4920 745 4975 IO.
820 4920 865 4952 "
902 4919 1031 4975 ibid.
1061 4919 1148 4983 I6,
1178 4918 1261 4974 I7.
1351 4919 1395 4951 “
1425 4919 1583 4975 Rom.
1619 4934 1712 4982 vn,
1746 4918 1786 4972 Ι.

1893 4917 1913 4948 ⁷
1948 4916 2079 4971 ibid.
2105 4914 2161 4969 2.
2236 4915 2280 4947 ⁸⁵
2306 4912 2438 4969 ibid.
2514 4911 2559 4945 "
2587 4911 2717 4968 ibid.
2746 4912 2799 4968 ὅ.
2875 4910 2920 4942 ⁷⁸
2953 4909 3079 4968 ibid.
3117 4908 3171 4965 4.

263 5057 372 5139 ,(6)
402 5056 659 5139 Δυνῃθῇ.
678 5057 768 5112 Sic
791 5058 961 5114 codex
988 5056 1343 5121 Barberinus;
1381 5054 1602 5125 Regius,
1627 5054 1789 5124 δυνη-

224 5128 413 5196 θῆναι,
445 5128 602 5180 male.

300 5198 377 5268 (7)
405 5197 544 5268 Περὶ
586 5195 709 5268 τοῦᾲ
740 5195 1100 5268 διέρχεσθαι,
1149 5204 1254 5252 etc.
1297 5195 1477 5249 Codex
1530 5193 1788 5247 Barberi-

225 5264 361 5337 nus,
381 5267 532 5337 παρά
552 5267 613 5337 τὸ
636 5264 962 5337 διέρχεῖπθαι,
995 5276 1102 5319 etc.

296 5336 372 5405 (8)
405 5330 500 5406 ῗΩξ-
525 5335 632 5388 τὸν
653 5330 800 5389 κᾰέᾶ
825 5334 999 5406 τοῦτο
1026 5333 1223 5389 πολλὰ
1250 5332 1504 5406 ἕνδειγα.
1522 5344 1628 5389 etc.
1664 5330 1785 5406 [hec

226 5401 382 5458 nobis
412 5401 940 5472 reprzrseutatcodex
973 5404 1187 5471 Regius,
1217 5418 1373 5471 quem
1398 5403 1514 5457 fere
1541 5401 1784 5472 sequitur

1889 5069 2001 5118 ναι,
2027 5052 2107 5106 vel
2133 5052 2288 5119 legit,
2313 5051 2437 5115 τοὺς
2466 5049 2692 5112 πολλοὺς
2724 5046 3044 5102 πεπονθέναι
3079 5044 3155 5119 ὡς
3179 5043 3455 5119 ἱπιπλιῖον

1886 5118 2460 5193 ἐγγεγυμνασμένους,
2490 5120 2583 5193 vel
2620 5120 2747 5193 quid
2773 5119 2966 5193 situile.
2993 5121 3062 5171 At
3106 5118 3266 5167 aliam
3302 5118 3451 5193 peni-

1887 5187 1973 5261 ut.
1997 5187 2285 5246 lectionem
2315 5191 2664 5261 sequebatur
2701 5187 3004 5261 Ferrarius,
3055 5199 3218 5261 quam
3277 5187 3450 5261 rode;

1884 5259 2205 5315 Bodleiauus
2235 5262 2313 5314 sic
2352 5252 2564 5313 exhibet
2598 5273 2611 5309 :
2637 5257 2711 5320 ὡς
2746 5256 2912 5310 αἰτῶν
2941 5254 3079 5307 κατὰ
3105 5252 3263 5305 τοῦτο
3285 5252 3454 5309 πολλὰ

1882 5332 1939 5383 ἑν
1970 5330 2210 5393 δυνατοῖς
2235 5329 2448 5391 πολλοῖς
2484 5328 2559 5390 ὡς
2590 5327 2679 5378 ἐπὶ
2708 5326 2887 5378 πλιῖον
2923 5322 3450 5393 ἐγγεγυμνασμένοις

1882 5398 1962 5468 τῷ
2012 5401 2222 5454 ἀντλεῖν
2251 5399 2360 5452 ἀπὸ
2400 5397 2498 5465 τῆς
2547 5393 2642 5448 τοῦ
2688 5394 2881 5448 Ἰακὼὸ
2925 5393 3124 5462 πηγῆς.
3162 5393 3289 5458 Quas
3321 5398 3448 5463 quid

228 5468 594 5534 Perioniu's,et
616 5475 685 5526 ita
705 5473 911 5536 vertit,¢
938 5475 1009 5527 ita
1035 5468 1091 5527 ut
1109 5475 1208 5527 hoc
1230 5468 1342 5541 ipso
1357 5473 1521 5525 multa
1544 5468 1778 5540 pericula
1880 5468 1997 5541 sibi;
2015 5472 2199 5541 velint.
2222 5470 2467 5541 divinare
2498 5477 2804 5541 promptum:
2832 5474 3073 5541 tiotihest.

228 5542 483 5612 eveniant
515 5544 782 5612 plerisque
827 5544 943 5612 qui_
966 5543 1275 5611 plurimum,
1305 5552 1365 5612 ut
1392 5542 1489 5612 qui
1536 5542 1587 5593 iu
1647 5542 1780 5612 hau-

233 5610 419 5666 rienda
470 5608 605 5679 aqua
633 5608 711 5665 ex’
740 5608 889 5671 fonte
918 5608 1107 5674 Iacob,
1133 5610 1416 5663 exercitati
1449 5611 1632 5670 sint.)
1677 5608 1778 5662 l’ro

229 5680 303 5743 ὡς
323 5679 437 5745 τόν,
466 5681 589 5751 legit
616 5680 777 5747 ὥστε,
818 5692 868 5737 ct
898 5692 1034 5750 pOst,
1059 5680 1280 5744 ἔνδεινα,
1310 5679 1537 5748 supplet.
1572 5679 1778 5749 συμϐῇ-

1953 5533 2441 5607 (9)Λέγ·οντος.5ἱε
2459 5528 2923 5607 εο‹1.8οἰιιρίιιιιιιιις
2946 5532 3161 5603 llegivs,
3180 5528 3445 5600 λέγοντις.

1951 5602 2063 5678 (lii)
2094 5602 2213 5661 llwc
2249 5606 2612 5676 supplevimus
2643 5618 2670 5656 ει
2706 5602 2975 5658 l’ct'ioum.
