3948 6206
466 189 563 243 Ml
1947 180 2264 239 OlilGENlS
3600 182 3703 235 ΗΞ

464 313 519 357 et
565 299 854 356 Samaritis
889 298 1054 352 habet
1112 296 1289 349 virum
1335 293 1591 363 aliquem,
1625 296 1750 364 quia
1797 297 2028 366 seipsam

2164 312 2358 358 καστος
2387 295 2494 348 τῶν
2517 295 2835 366 ἑτεροδόξων
2865 295 3008 349 θέλει
3028 311 3041 324 ο
3076 294 3168 346 καὶ
3192 292 3438 363 βούλεται
3472 294 3706 349 ἐνταῦθα

464 393 618 459 juxta
649 401 957 457 perversam
999 383 1406 452 intelligentiam
1442 399 1698 438 sanorum
1741 387 2027 439 verborum

2167 387 2228 456 ὴν
2252 384 2554 457 ἑτερόδοξον
2582 385 2758 455 ψυχὴν
2785 387 2812 438 ὁ
2834 385 2974 447 θεῖος
3005 383 3159 451 λόγος
3190 383 3595 454 παρατεθεζσαν
3621 386 3704 438 τὸν

466 480 758 550 subjererit
795 477 895 544 legi
922 476 1103 540 alicui,
1125 476 1278 544 juxta
1321 491 1480 543 quam
1511 477 1626 529 vult
1655 478 1836 530 vivere
1861 491 2030 531 unus-

2160 477 2367 548 ὶρχοντα
2399 477 2595 547 ἑαυτῆς
2639 477 2802 547 νόμον
2841 476 3216 546 διελεγχθῆναι
3253 476 3384 546 (l2),
3413 477 3494 539 εἰς
3525 475 3591 528 τὸ
3617 495 3708 528 κα-

2133 568 2549 638 ταφρονήσασαν
2592 567 2784 637 αὐτὴν,
2827 567 2904 630 ὡς
2937 568 2995 618 οὐ
3034 566 3263 636 νομίμου
3302 565 3518 636 ἀνδρὸς,
3553 564 3708 637 ζητῆ-

2137 675 2227 712 σαι
2249 659 2414 729 ἄνδρα
2435 659 2636 730 ἕτερον,
2663 661 2744 722 εἰς
2771 659 2831 712 τὸ
2852 658 3104 726 γενέσθαι
3136 658 3308 728 αὐτὴν
3350 658 3530 728 ἑτέρῳ
3553 657 3629 727 τῷ
3648 659 3710 710 ὲκ

2135 749 2343 820 νεκρῶν
2365 750 2783 820 ἀναστησομένῳ
2803 750 2979 820 Λόγῳ,
3012 747 3085 818 μὴ
3113 749 3564 817 ἀνατρεπομένῳ,
3587 749 3711 816 μηδὲ

2133 840 2527 911 τεθνηξομένῳ,
2579 840 2692 893 ἀλλ’
2728 841 2883 910 ἀϊδίῳ
2925 841 3058 910 (l3),
3107 837 3378 909 μενοῦντι,
3429 839 3530 890 καὶ
3571 837 3714 907 βασι-

2135 930 2377 994 λεύοντι,
2438 929 2646 994 πάντας
2707 947 2766 982 τε
2819 930 2950 992 τοὺς
3021 928 3248 998 ἐχθροὺς
3321 929 3712 981 ὑποτάσσοντι·

2143 1041 2161 1072 ι
2200 1021 2434 1091 Χριστὸς
2499 1019 2608 1091 γὰρ
2653 1019 2897 1090 ἐγερθεὶς
2956 1022 3020 1072 ὲκ
3064 1018 3269 1090 νεκρῶν
3334 1018 3526 1071 οὐκέτι
3591 1021 3722 1071 ἀπο-

2140 1113 2383 1184 θνήσκει,
2413 1112 2638 1176 θάνατος
2677 1112 2840 1166 αὑτοῦ
2869 1111 3050 1165 οὐκέτι
3081 1111 3356 1182 κυριεύει·
3396 1111 3425 1164 ὃ
3448 1111 3566 1182 γὰρ
3589 1112 3722 1163 ἀά-

2141 1203 2269 1258 θανε
2309 1207 2374 1274 τῇ
2433 1203 2992 1274 ἀμαρτίᾳ,ἀπέθανεν
3046 1201 3298 1272 ἐφάπαξ·
3345 1201 3374 1254 ὂ
3412 1201 3470 1255 δὲ
3515 1202 3606 1271 ζῇ,
3657 1201 3725 1270 ζῇ

2139 1296 2217 1367 τῷ
2245 1295 2382 1366 Θεῷ,
2411 1315 2428 1347 ι
2452 1297 2508 1348 ὲν
2529 1295 2676 1365 δεξιᾷ
2708 1294 2782 1346 ὢν
2811 1294 2997 1357 αὑτοῦ,
3033 1293 3138 1356 ἕως
3158 1293 3224 1346 ἂν
3247 1292 3445 1355 πάντες
3471 1294 3528 1343 οἱ
3545 1291 3729 1361 ἐχθροὶ

474 1391 678 1444 citatus
729 1403 758 1440 a
817 1385 1045 1440 mortuis
1107 1399 1213 1438 non
1275 1383 1510 1452 amplius
1573 1384 1842 1448 moritur,
1899 1399 2042 1438 mors

2160 1386 2305 1440 ιύτοῦ
2337 1385 2622 1439 ὑποπόδιον
2647 1384 2876 1438 τεθῶσιν
2906 1384 3072 1454 αὐτῷ.
3101 1383 3210 1436 Ποῦ
3242 1383 3300 1436 δὲ
3331 1383 3440 1436 ἔδει
3470 1382 3732 1451 aeuo-7,.

476 1483 552 1536 illi
582 1480 720 1534 ultra
753 1492 858 1532 non
889 1475 1254 1531 dominabitur
1282 1494 1294 1529 :
1323 1477 1465 1543 quod
1491 1474 1634 1528 enim
1668 1484 1912 1528 mortuus
1935 1484 2037 1537 est,

2160 1497 2229 1531 ιαι
2253 1479 2343 1532 τὸν
2376 1475 2728 1548 νομιζόμενον
2756 1477 2924 1548 ἄνδρα
2956 1477 3054 1546 τῆς
3090 1474 3504 1546 Σαμαρείτιδος,
3529 1474 3608 1536 ὡς
3627 1476 3731 1526 οὐκ

478 1576 700 1638 peccato
731 1575 974 1619 mortuus
1025 1572 1110 1617 est
1143 1563 1345 1625 semel;
1383 1563 1524 1631 quod
1559 1577 1684 1617 vero
1723 1563 1874 1627 vivit,
1913 1563 2043 1615 vivit

2160 1569 2332 1639 ἱνόρα,
2361 1569 2393 1640 ἢ
2421 1568 2568 1638 παρά
2599 1570 2665 1638 τῇ
2696 1571 2845 1638 πηγῇ
2890 1565 2983 1619 τοῦ
3028 1565 3221 1619 Ἰακὼϐ
3260 1565 3366 1617 ὑπὸ
3386 1564 3479 1618 τοῦ
3531 1563 3734 1634 Ἰησοῦ,

475 1660 640 1730 219
659 1658 880 1722 Deo“,t
919 1658 970 1710 in
999 1656 1215 1708 dextera
1250 1655 1367 1723 ejus
1394 1656 1612 1720 sedens,
1652 1654 1824 1708 donec
1852 1669 2045 1708 omnes

2160 1661 2196 1711 εἰ
2229 1661 2302 1730 μὴ
2331 1639 2422 1727 ἀφ’
2451 1659 2652 1727 ἑαυτῆς
2676 1660 2710 1727 ἠ
2744 1657 2880 1728 γυνὴ
2912 1655 3109 1727 ἧρνητο
3132 1657 3222 1708 τὸν
3249 1655 3449 1725 ἀνδρα;
3485 1654 3590 1707 Διὰ
3613 1653 3737 1706 τοῦ-

481 1750 689 1806 initnici
713 1749 828 1819 ejus
853 1748 1010 1818 positi
1042 1746 1240 1800 fuerint
1270 1745 1580 1799 subsellium
1609 1745 1802 1813 pedum
1848 1745 1948 1814 ipsi
1975 1745 2041 1797 ⁷⁸.

2160 1767 2210 1802 το
2235 1749 2382 1818 λέγει
2407 1749 2544 1819 αὐτῇ
2579 1750 2608 1800 ὁ
2651 1747 2875 1817 Ἰησοῦς·
2911 1766 2929 1798 ι
2971 1747 3206 1814 Ὕπαγε,
3236 1745 3488 1816 φώνησόν
3515 1761 3610 1797 σου
3646 1745 3737 1796 τὸν

481 1845 538 1898 Si
567 1843 701 1906 haec,
734 1841 972 1910 inquam,
1005 1839 1077 1892 ita
1107 1854 1165 1892 se
1190 1835 1412 1898 habent,
1447 1836 1666 1890 ubinam
1695 1835 1926 1890 debebat
1955 1834 2046 1890 Je-

2160 1841 2338 1912 ἱνδρα,
2373 1841 2466 1893 καὶ
2499 1839 2620 1892 ἐλθὲ
2645 1839 2850 1892 ὲνθάδε.
2903 1858 2920 1890 ι
2951 1833 3074 1890 Οἶον
3101 1838 3158 1891 δὲ
3184 1838 3380 1908 ἐχουσά
3413 1854 3462 1890 τι
3641 1835 3736 1888 τοῦ

481 1950 576 1989 sus
610 1931 960 1986 manifestare
987 1944 1132 1990 eum,
1162 1927 1252 1996 qui
1283 1925 1574 1996 putabatur
1603 1940 1724 1979 esse
1755 1923 2047 1978 Samariti-

2160 1929 2447 2001 ἁλλομένου
2468 1931 2548 1993 εἰς
2580 1927 2722 1998 ζωὴν
2745 1927 2958 1982 αἰώνιον
2989 1927 3198 1991 ὕδατος,
3227 1928 3313 1981 διὰ
3337 1927 3398 1978 τὸ
3427 1926 3732 1996 εἰρηκέναι·

480 2029 585 2090 dis,
614 2026 786 2081 virum
820 2039 922 2077 non
957 2036 1080 2076 esse
1108 2020 1278 2082 illius,
1306 2019 1410 2072 nisi
1442 2018 1580 2088 apud
1607 2017 1811 2071 fontem
1857 2015 2047 2080 Jacob,

2160 2042 2172 2075 ι
2214 2022 2313 2085 Δός
2332 2039 2422 2092 μοι
2438 2020 2594 2074 τοῦτο
2621 2021 2681 2074 τὸ
2709 2019 2873 2089 ὕδωρ,
2904 2039 2920 2070 ι
2949 2020 3043 2072 καὶ
3066 2018 3312 2089 ἀψευδεῖν
3332 2018 3424 2071 τὸν
3451 2033 3737 2086 προεπαγο

484 2119 528 2171 si
572 2132 601 2169 a
633 2116 812 2183 seipsa
849 2111 1041 2166 mulier
1071 2126 1178 2164 non
1212 2116 1462 2178 negasset
1502 2107 1676 2160 virum
1707 2107 1730 2161 Ἰ
1780 2106 1928 2162 [lane
1975 2108 2044 2160 ob

2160 2115 2490 2184 γειλάμενον,
2516 2114 2620 2177 ὅτι,
2656 2131 2675 2163 ι
2707 2113 2778 2165 Σὺ
2801 2112 2866 2166 ἂν
2893 2113 3100 2183 ᾔτησας
3122 2111 3302 2172 αὐτὸν,
3329 2110 3424 2162 καὶ
3446 2107 3626 2160 ἔδωκέ
3655 2123 3735 2158 σοι

482 2221 701 2262 oausam
727 2205 860 2259 dicit
896 2203 968 2256 illi
999 2201 1193 2255 Jesus:
1233 2218 1252 2251 ι
1287 2197 1452 2262 Vade,
1483 2215 1616 2254 voca
1650 2199 1826 2252 virum
1875 2208 2045 2265 tuum,

2160 2203 2291 2276 ὃδωρ
2337 2202 2465 2268 ζῶν·
2512 2201 2784 2274 ἀπεκρίθη
2833 2202 2866 2271 ἡ
2911 2201 3068 2271 γυνὴ,
3105 2220 3122 2252 ι
3155 2198 3502 2268 καταγνοῦσα
3542 2195 3738 2265 suasi};

482 2311 539 2355 et
573 2300 696 2353 veni
722 2298 825 2350 huc
852 2296 918 2347 ⁷³.
957 2314 974 2346 ι
1008 2292 1124 2348 .lam
1159 2305 1287 2344 vero
1333 2290 1494 2344 veluti
1549 2290 1793 2344 nonnihil
1844 2290 2050 2344 habens

2160 2295 2239 2347 ἐπὶ
2271 2296 2338 2363 τῇ
2371 2293 2626 2364 κοινωνίᾳ
2646 2295 2712 2363 τῇ
2739 2292 2876 2362 πρὸς
2900 2291 2990 2346 τὸν
3019 2291 3254 2346 τοιοῦτον
3273 2291 3462 2360 ἄνδρα,
3497 2307 3517 2340 ι
3549 2288 3648 2343 καὶ
3667 2282 3741 2339 εἷ-

487 2406 640 2456 at;u:e
671 2386 917 2441 salientis
938 2385 1002 2437 ad
1029 2383 1188 2435 vitam
1222 2390 1500 2444 mteruam,
1530 2394 1596 2435 eo
1622 2380 1762 2450 quod
1788 2380 2045 2433 dixisset:

2160 2400 2269 2435 πεν·
2302 2383 2415 2436 Οὐκ
2445 2382 2553 2452 ἔχω
2589 2382 2780 2453 ἄνδρα.
2817 2400 2836 2432 ›

489 2499 509 2531 ς
546 2481 619 2533 Da
647 2477 776 2532 mihi
817 2477 955 2529 hanc
989 2486 1180 2540 aquam
1209 2471 1276 2535 ⁷⁵,
1310 2487 1328 2521 ι
1367 2483 1467 2522 nec
1493 2468 1678 2523 fallere
1719 2468 1898 2536 quiret
1927 2467 2017 2536 qui
2046 2471 2372 2536 praedixerat
2395 2471 2480 2524 "z
2523 2489 2542 2522 ι
2575 2470 2656 2524 Tu
2691 2470 2917 2524 forsitan
2975 2469 3225 2538 petiisscs
3280 2469 3348 2522 ab
3408 2483 3501 2530 eo,
3535 2478 3592 2523 et
3642 2469 3745 2522 de-

486 2574 658 2626 disset
701 2568 797 2622 tibi
831 2580 1025 2634 aquam
1072 2565 1294 2628 vivam;
1352 2561 1626 2630 respondit
1665 2559 1879 2624 mulier,
1916 2576 1934 2611 ι
1975 2561 2344 2615 enndemnans
2405 2562 2660 2632 seipsam,
2720 2563 2863 2632 quod
2904 2577 3026 2617 cum
3076 2562 3381 2632 huiusmodi
3441 2561 3562 2616 viro
3611 2576 3746 2616 oon-

466 573 697 644 quisqne
726 567 794 620 ab
827 567 1081 620 Ecclesia:
1121 567 1358 622 decretis
1416 567 1722 632 dissidens;
1760 577 1816 622 et
1851 568 1894 622 si
1921 568 2034 620 vult

467 664 632 715 etiam
673 660 776 712 hoc
821 657 872 710 iu
923 659 1039 711 loco
1077 657 1293 710 divinus
1331 671 1513 708 sermo
1543 657 1775 710 animam
1808 657 2034 712 manife-

467 752 596 806 stari
635 749 888 811 Ecclesiae
921 748 1156 802 decretis
1191 748 1623 811 dissentientem,
1652 764 1769 817 qua:
1803 748 1904 802 sibi
1934 749 2033 818 ipsi

469 840 768 909 praefecerit
821 837 990 904 legem
1043 837 1368 906 principem,
1423 848 1478 891 ut
1520 848 1702 906 spreto
1763 839 1899 904 viro,
1935 853 2033 892 ceu

472 949 578 986 non
654 931 930 1000 legitimo,
971 939 1183 997 quaerat
1243 928 1494 992 alterum,
1564 935 1798 998 nuptura
1880 928 2036 982 alteri

473 1025 609 1088 viro,
661 1023 918 1076 nimirum
973 1019 1222 1074 Sermoni
1273 1018 1412 1072 Filio
1474 1021 1588 1087 Dci,
1652 1021 1741 1090 qui
1804 1022 2038 1074 resusci-

474 1126 622 1169 tatus
652 1125 734 1167 est
769 1127 834 1166 ex
872 1111 1124 1174 mortuis,
1163 1126 1266 1164 non
1322 1112 1636 1176 mutandus,
1692 1127 1869 1180 neque
1925 1126 2035 1165 mo-

472 1209 697 1273 riturus,
735 1206 830 1260 sed
879 1207 1263 1272 sempiternus,
1313 1216 1536 1255 manens
1560 1209 1614 1255 et
1648 1217 1899 1272 regnans,
1921 1217 2040 1255 om-

474 1313 677 1369 nesque
732 1295 980 1349 inimicos
1026 1288 1322 1360 subjiciens
1352 1311 1363 1345 :
1395 1312 1412 1343 ι
1443 1292 1693 1348 Christus
1749 1295 1894 1348 enim
1941 1310 2038 1349 cx-

490 2667 824 2722 snetudinem
863 2662 1164 2723 habuisset,
1211 2676 1230 2710 ι
1265 2667 1320 2712 et
1355 2657 1534 2711 dixit:
1590 2655 1704 2710 Non
1754 2655 1926 2709 habeo
1975 2655 2149 2708 virum
2185 2658 2250 2713 ⁷⁸.
2289 2675 2309 2709 ο

553 2760 608 2814 9.
644 2778 661 2811 ι
695 2757 834 2812 Dicit
876 2754 950 2808 illi
986 2753 1145 2808 Jesus
1196 2765 1210 2803 :
1259 2749 1401 2802 Bene
1457 2747 1664 2812 dixisti,
1724 2761 1829 2800 non
1893 2744 2057 2798 habeo

2233 2749 2285 2802 9.
2317 2767 2336 2799 ι
2378 2748 2538 2816 Λέγει
2567 2749 2703 2820 αὐτῇ
2727 2750 2756 2802 ὁ
2799 2747 3023 2819 Ἰησοῦς·
3067 2747 3264 2812 Καλῶς
3296 2745 3476 2813 εἴπας,
3507 2750 3591 2802 ὅτι
3621 2750 3750 2802 Ἅν-

487 2857 671 2908 virum
696 2866 710 2902 :
749 2863 870 2902 nam
897 2845 1134 2914 quinque
1163 2841 1306 2894 viros
1338 2838 1606 2904 habuisti;
1642 2847 1695 2890 et
1719 2850 1862 2890 nunc
1889 2849 2050 2904 quem

489 2949 677 3009 habes,
708 2957 814 2997 non
864 2949 948 2994 est
987 2947 1108 2991 tuus
1155 2934 1278 2988 vir:
1317 2933 1418 2986 hoc
1453 2946 1578 2983 vere
1605 2929 1784 2984 dixisti
1815 2928 1912 2980 ⁷⁷.»
1947 2927 2052 2980 Ar-

491 3042 664 3093 bitror
692 3033 834 3106 quod
861 3030 1040 3087 omnis
1079 3027 1260 3080 anima
1293 3039 1412 3093 quae
1436 3021 1796 3077 introducitur
1824 3020 1891 3074 ad
1912 3033 2054 3081 eam,

493 3145 610 3197 qua!
641 3137 719 3183 est
757 3139 851 3194 per
886 3122 1218 3189 Scripturas,
1246 3115 1500 3186 pietatem
1547 3113 1599 3168 iu
1633 3113 1874 3176 Christo,
1920 3111 2058 3167 inci—

490 3221 645 3290 piens
679 3217 746 3270 ab
779 3215 864 3268 his
899 3211 1062 3266 rebus
1101 3222 1221 3278 quae
1251 3205 1506 3260 sensibus
1553 3211 1682 3258 sunt
1725 3202 1972 3256 obnoxia
2005 3211 2060 3256 et

493 3329 611 3382 quae
651 3323 924 3379 corporea:
978 3311 1264 3366 vocantur,
1315 3300 1512 3354 habeat
1561 3298 1771 3366 priores
1819 3297 2060 3366 quinque

493 3405 642 3458 viros
691 3411 1017 3467 unoquoque
1073 3408 1235 3448 sensu
1272 3390 1448 3444 virum
1489 3389 1724 3456 aliquem
1783 3387 2058 3442 faciente:

500 3503 675 3565 rostea
732 3505 861 3545 vero
916 3502 1077 3557 quam
1131 3483 1312 3537 habita
1365 3478 1754 3534 consuetudine
1807 3494 1929 3531 cum
1980 3477 2063 3531 his

484 3603 616 3657 nunc
650 3601 813 3642 sensu
843 3580 1242 3653 percipiuntur,
1287 3591 1569 3644 emergere
1597 3575 1718 3642 quis
1753 3572 1960 3634 volens,
2008 3579 2064 3623 et

486 3693 798 3735 conversus
833 3676 898 3730 ad
932 3689 992 3729 ea
1025 3687 1145 3743 qua:
1177 3671 1357 3726 animo
1411 3674 1726 3728 cernuntur,
1784 3661 2066 3732 impegerit

497 3769 550 3821 in
588 3782 892 3821 sermonem
927 3761 1260 3832 spiritualem
1293 3776 1396 3814 non
1433 3771 1644 3821 sanum,
1689 3760 1954 3823 prretextu
1987 3749 2067 3802 al-

487 3859 730 3926 legoriae,
765 3857 855 3908 hic
905 3862 1026 3922 post
1076 3856 1316 3922 quinque
1342 3851 1488 3904 viros
1521 3847 1586 3901 ad
1623 3854 1834 3900 sextum
1872 3845 2064 3910 pergit,

501 3951 649 4010 dato,
682 3955 740 3998 ut
771 3947 844 3998 ita
877 3945 1076 4007 dicam,
1107 3944 1311 4012 repudii
1355 3940 1537 3995 libello
1577 3937 1815 4006 quinque
1854 3932 2065 4004 primis,

483 4048 551 4091 -et
596 4038 892 4091 decernens
923 4047 1047 4087 cum
1096 4041 1249 4087 sexto
1282 4031 1550 4085 habitare.
1587 4026 1727 4099 [(ll)
1758 4025 1936 4091 Atque
1968 4021 2067 4076 do-

2154 2841 2257 2911 δρα
2306 2839 2408 2892 οὐκ
2453 2839 2577 2910 ἔχω·
2621 2839 2779 2892 πέντε
2813 2839 2921 2912 γὰρ
2961 2839 3158 2911 ἄνδρας
3191 2839 3364 2909 ἔσχες·
3402 2839 3500 2893 καὶ
3537 2840 3641 2894 νῦν
3688 2839 3750 2893 ὃν

2155 2932 2318 3000 ἔχεις,
2371 2931 2471 2983 οὐκ
2523 2929 2636 2982 ἔστι
2685 2947 2776 2983 σου
2813 2932 2970 3002 ἀνήρ·
3009 2929 3165 2983 τοῦτο
3197 2929 3389 2999 ἀληθὲς
3421 2927 3684 2998 εἴρηκας.
3725 2948 3746 2980 ι

2157 3016 2323 3090 Οἶμαι
2348 3019 2458 3088 (Nl
2490 3021 2672 3073 πᾶσαν
2697 3019 2794 3090 τὴν
2825 3018 3184 3088 εἰσαγομένην
3216 3015 3390 3086 ψυχὴν
3427 3018 3506 3080 είς
3533 3017 3639 3087 τὴν
3661 3015 3752 3068 διὰ

2157 3110 2264 3163 τῶν
2293 3111 2524 3181 Γραφῶν
2556 3114 2612 3164 ὲν
2656 3110 2875 3181 Χριστῷ
2910 3107 3238 3170 θεοσέϐειαν,
3271 3105 3378 3160 ἀπὸ
3405 3105 3515 3160 τῶν
3544 3105 3753 3178 alcon-

2158 3201 2267 3253 τῶν
2297 3201 2388 3253 καὶ
2421 3200 2743 3271 σωματικῶν
2773 3197 3077 3266 λεγομένων
3109 3196 3434 3267 ἀρχομένην,
3465 3196 3592 3258 τοὺς
3618 3197 3756 3248 πέν-

2160 3307 2219 3343 τε
2245 3291 2442 3360 ἄνδρας
2471 3290 2591 3344 καθ’
2625 3290 2862 3360 ἑκάστην
2888 3289 2995 3341 τῶν
3043 3287 3342 3359 αἰσθήσεων
3371 3287 3560 3356 ἀνδρός
3593 3303 3752 3350 τινος

2162 3380 2444 3451 γινομένου
2489 3380 2651 3450 ἔχειν·
2696 3379 2834 3433 ὲπάν
2866 3379 2922 3432 δὲ
2957 3379 3093 3448 μετά
3137 3379 3196 3430 τὸ
3233 3377 3568 3448 ὡμιληκέναι
3635 3382 3750 3442 τοῖς

2165 3469 2458 3540 αἰσθητοῖς,
2492 3468 2770 3538 ἀνακῦψαί
2805 3485 2888 3531 τις
2914 3467 3105 3533 θέλων,
3137 3469 3230 3521 καὶ
3268 3467 3611 3538 προτραπεὶς
3659 3469 3754 3520 ἐπὶ

2164 3563 2232 3614 τὰ
2261 3560 2444 3631 νοητὰ,
2493 3559 2759 3632 περιτύχῃ
2787 3559 2930 3630 λόγῳ
2959 3561 3226 3631 προφάσει
3264 3559 3598 3629 ἀλληγορίας
3657 3561 3756 3611 καὶ

2167 3652 2548 3723 πνευματικῶν
2579 3651 2678 3722 οὺχ
2711 3652 3026 3718 ὑγιαίνοντι,
3056 3645 3207 3714 οὗτος
3241 3649 3379 3720 μετά
3409 3651 3532 3712 τοὺς
3577 3649 3756 3702 πέντε

2166 3745 2364 3816 ἄνδρας
2395 3745 2564 3815 ἑτέρῳ
2591 3743 2968 3815 προσέρχεται,
3012 3742 3156 3807 δοὺς,
3199 3742 3264 3794 ἵν’
3295 3742 3463 3804 οὕτως
3497 3739 3670 3804 εἴπω,
3697 3742 3757 3795 τὺ

2168 3838 2494 3892 ἀποστάσιον
2525 3838 2636 3898 τοῖς
2673 3835 2954 3906 προτέροις
2988 3835 3174 3894 πέντε,
3207 3832 3300 3886 καὶ⁵
3337 3833 3532 3904 κρίνων
3567 3849 3759 3887 cavo:-

2173 3933 2285 3984 κεῖν
2307 3928 2383 3999 τῷ
2403 3929 2567 3997 ἕκτῳ.
2591 3926 2702 3980 Καὶ
2729 3925 2830 3989 ἕως
2865 3925 2930 3979 ἀν
2947 3942 3008 3993 γε
3038 3924 3150 3994 (l5)
3178 3922 3345 3977 ἐλθὼν
3367 3925 3397 3976 ὁ
3428 3923 3643 3993 Ἰησοῦς
3675 3925 3756 3987 είς

2177 4019 2520 4090 συναίσθησιν
2541 4018 2684 4088 ἡμᾶς
2717 4015 2898 4085 ἀγάγῃ
2926 4015 3018 4068 τοῦ
3045 4013 3282 4067 τοιούτου
3315 4013 3522 4085 ἀνδρὸς,
3548 4016 3756 4083 ἐκείνῳ

500 4143 598 4182 nec
627 4123 786 4180 Jesus
809 4125 1040 4177 adventu
1071 4138 1167 4177 suo
1196 4135 1293 4175 nos
1318 4121 1371 4174 in
1396 4117 1658 4187 eiusmodi
1699 4114 1799 4169 viri
1838 4125 2057 4180 conspe-

2173 4081 2456 4179 σύνεσμεν·
2514 4081 2986 4170 ὲλθόντοςίδεητοῦ
3031 4105 3233 4176 Κυρίου
3279 4081 3472 4172 Λόγου,
3504 4105 3602 4156 καὶ
3630 4081 3756 4157 διαξ

499 4231 643 4274 ctum
679 4230 1113 4283 consensumque
1167 4212 1408 4275 duxerit,
1449 4227 1572 4264 eum
1601 4208 1694 4262 illo
1713 4203 2065 4262 consuetudi-

500 4329 623 4367 nem
661 4309 922 4364 hsbemus
957 4316 1008 4360 et
1056 4301 1350 4375 vivimus];
1391 4315 1577 4354 verum
1617 4310 1739 4351 cum
1787 4291 2066 4347 advenerit

500 4404 692 4456 Sermo
743 4397 976 4460 Domini,
1012 4395 1438 4463 disserueritque
1472 4389 1772 4447 uobiscum,
1808 4390 2069 4452 negantes

502 4493 646 4548 illum
678 4491 872 4553 virum,
899 4489 1129 4543 dicimus
1155 4502 1170 4539 :
1205 4503 1224 4537 ι
1263 4483 1378 4538 Non
1404 4482 1576 4538 habeo
1599 4479 1794 4541 virum,
1816 4493 1833 4526 ι
1853 4472 2069 4543 quando

491 4585 661 4640 etiam
716 4583 897 4637 laudat
949 4595 1048 4634 nos
1101 4577 1396 4639 Dominus,
1446 4573 1679 4628 dicens:
1722 4587 1739 4620 ι
1791 4567 1933 4620 Bene
1981 4563 2068 4617 di»

502 4675 651 4736 sisti,
683 4687 785 4725 non
818 4672 989 4726 habeo
1014 4671 1244 4723 virum.»
1286 4664 1420 4719 Illud
1446 4677 1571 4718 vero
1597 4680 1609 4715 :
1642 4679 1661 4712 ι
1686 4660 1798 4715 Hoc
1827 4671 1951 4711 vero
1981 4654 2067 4708 di-

501 4764 650 4827 \lSIi,
683 4783 701 4815 ι
745 4763 903 4816 veluti
933 4760 1358 4831 objurgatorium
1389 4768 1492 4820 est,
1529 4754 1750 4824 perinde
1772 4748 1925 4818 mtasi
1955 4763 2068 4799 mu-

497 4849 675 4907 lieriu
709 4850 1076 4920 superioribus
1113 4863 1218 4905 non
1267 4861 1394 4901 vera
1441 4845 1657 4900 dixerit.
1717 4844 1794 4895 Ac
1840 4839 2068 4893 fortasse

501 4959 690 4998 verum
729 4943 855 4996 illud
885 4957 989 4996 non
1024 4951 1184 4998 erat:
1228 4959 1245 4992 ι
1284 4940 1402 4995 Νοιι
1445 4947 1739 4993 contuntur
1762 4930 1930 4987 Judaei
1966 4927 2067 4983 Sa-

2169 4200 2446 4270 λεχθέντος
2463 4201 2613 4270 ἡμῖν,
2631 4197 2950 4270 ἀρνούμενοι
2967 4198 3170 4249 ἐκεῖνον
3203 4195 3292 4250 τὸν
3317 4196 3502 4265 ἄνδρα,
3537 4195 3750 4265 φαμέν·

2176 4309 2193 4340 ι
2229 4290 2342 4342 Οὐκ
2375 4287 2481 4358 ἔχω
2509 4288 2694 4357 ἄνδρα·
2735 4305 2754 4337 ι
2804 4287 2893 4339 ὅτε
2939 4287 3032 4338 καὶ
3065 4287 3275 4338 ἐπαινεῖ
3309 4286 3454 4355 ἡμᾶς
3481 4285 3508 4336 ὁ
3540 4285 3755 4354 Κύριος

2170 4381 2360 4448 λέγων·
2391 4401 2418 4428 α
2450 4377 2646 4441 Καλῶς
2677 4373 2858 4441 εἶπας,
2894 4378 2977 4430 ὃτι
3001 4377 3114 4429 οὐκ
3145 4375 3253 4446 ἔχω
3280 4375 3464 4446 ἄνδρα.
3506 4393 3525 4426 ι
3566 4375 3646 4428 Th
3671 4375 3754 4438 δὲ,

2179 4491 2196 4522 ι
2227 4468 2395 4523 Τοῦτο
2420 4468 2615 4540 ἀληθὲς
2642 4469 2885 4541 εἴρηκας,
2916 4487 2934 4518 ι
2959 4467 3122 4520 οἱονεὶ
3143 4464 3452 4534 ἐλεγκτικόν
3473 4466 3648 4527 ὲστιν,

2173 4560 2280 4614 τῶν
2305 4558 2581 4631 προτέρων
2609 4559 2708 4612 οὐκ
2737 4557 2948 4628 ἀληθῶς
2971 4558 3061 4612 ὑπ’
3095 4557 3264 4625 αὐτῆς
3282 4555 3610 4626 εἰρημένων.
3643 4556 3758 4608 Καὶ

2175 4651 2313 4721 τάχα
2355 4650 2456 4704 οὐκ
2494 4645 2562 4720 ἦν
2590 4648 2786 4719 ἀληθὲς
2818 4648 2897 4702 τό·
2951 4667 2968 4699 ι
3003 4648 3077 4702 οὐ
3114 4647 3455 4717 συγχρῶνται
3506 4645 3762 4698 Ἰουδαῖοι

2175 4740 2560 4813 Σαμαρείταις·
2591 4759 2610 4790 ι
2643 4739 2804 4803 αὐτὸς
2837 4737 2968 4807 γοῦν
2993 4740 3020 4791 ὁ
3062 4738 3288 4807 ⁵1ησοῦς,
3324 4737 3399 4799 ὼς
3421 4738 3477 4788 ὲν
3511 4737 3628 4799 τοῖς
3652 4737 3763 4806 πρὸ

2173 4830 2376 4883 τούτων
2403 4831 2721 4902 εἰρήκαμεν,
2765 4829 3064 4900 συγχρῆται
3113 4825 3497 4897 Σαμαρείταις,
3539 4825 3630 4877 ἵνα
3664 4825 3760 4876 καὶ

2173 4923 2371 4987 αὐτοὺς
2394 4921 2668 4993 ὠφελήσῃ.
2703 4921 2816 4974 Οὐκ
2839 4919 3038 4991 ἀληθὲς
3061 4920 3118 4972 δὲ
3149 4919 3242 4971 καὶ
3265 4917 3343 4970 τό·
3364 4936 3381 4966 ι
3407 4915 3545 4969 Οΰτε
3563 4914 3764 4985 ἄντλης

569 5125 1064 5192 "Rom.v|,9,|0.
1138 5120 1664 5190 "llcbr.x,l2,l5.
1739 5117 1950 5172 "Joan.
1986 5112 2152 5178 lv,l6.
2227 5103 2426 5158 “ibid.
2457 5101 2537 5156 l5.
2612 5102 2658 5134 ⁷³
2681 5101 2809 5156 ibid.
2841 5100 2924 5154 lO.
3002 5099 3048 5131 ⁷⁸
3073 5097 3201 5153 ibid.
3247 5097 3330 5151 l7.
3406 5095 3449 5126 ⁷⁷
3497 5092 3630 5148 ibid.
3665 5089 3767 5159 17,

495 5196 582 5250 ³18.

574 5307 685 5376 (1:)
716 5307 839 5361 llaec
903 5323 931 5360 a
981 5305 1220 5360 l‘ersnnii
1268 5301 1718 5373 interpretatione
1763 5300 2074 5366 deprompta

495 5388 687 5512 sul'l'é)
739 5446 1179 5515 Διελεγχθῆναι.
1219 5446 1310 5500 Sic
1345 5444 1514 5499 codex
1554 5439 1912 5501 Bodleianus;
1974 5434 2077 5487 Re—

498 5518 651 5586 gius,
680 5514 1042 5586 διαλεχθῆναι,
1070 5519 1230 5569 male.

568 5585 687 5655 μδ)
723 5573 1010 5656 l’crpcr'ant
1032 5573 1090 5640 in
1118 5588 1302 5642 codice
1331 5585 1498 5654 Regio
1537 5581 1758 5651 legitur,
1796 5575 1928 5630 ἀλλὰ
1961 5573 2072 5644 ἰδίῳ

2187 5283 2588 5440 "agilem.
2624 5349 2714 5405 Sic
2744 5355 2908 5410 codex
2941 5351 3304 5414 Bodleianus;
3347 5346 3576 5419 Regius,
3621 5360 3761 5416 per-

2202 5446 2246 5477 l‘
2283 5443 2366 5478 ὶιῑιι
2429 5438 2586 5475 εἶναι.

2183 5445 2545 5581 [ιῖῑῖῆνἝως
2579 5491 2654 5544 ἄν
2689 5508 2774 5561 γε.
2813 5496 2902 5551 Sic
2930 5493 3097 5550 codex
3129 5488 3492 5554 Bodleiauus;
3525 5483 3763 5558 Regius,

2182 5586 2255 5631 ως
2285 5585 2366 5636 γε.
