3948 6206
2076 87 2102 115 J

213 184 322 239 όΙῦ
1285 193 1638 250 (ΣΟΜΜΕΝΤ.
1681 193 1746 249 ΙΝ
1781 191 1974 246 JOAN.
2013 188 2250 246 TOMUS
2293 190 2427 246 XIII.

3378 187 3476 241 ιιι

214 317 296 402 μα
326 301 468 374 ἔχεις
523 305 616 358 καὶ
639 305 697 358 τὸ
730 307 904 378 φρέαρ
927 308 1041 360 ἐστὶ
1061 307 1216 378 βαθύ·
1255 331 1272 362 ι
1302 313 1442 383 τάχα
1469 313 1524 366 δὲ
1545 314 1645 366 οὐκ
1670 311 1804 382 ἁλη-

1911 311 2193 364 maritanis
2216 310 2288 376 ⁷⁸,
2310 331 2329 363 ι
2360 310 2476 379 ipso
2499 307 2648 371 Iesu,
2675 314 2734 362 ut
2756 304 2808 359 in
2835 302 3200 372 superioribus
3221 299 3478 365 diximus,

212 393 308 496 (is;
343 395 439 496 καὶ
463 398 542 496 τό·
592 398 782 452 Ἰακὼϐ
824 402 888 452 ὲκ
918 400 1009 452 τοῦ
1047 402 1278 473 φρέατος
1322 404 1464 468 ἔπιε,
1495 407 1590 459 καὶ
1621 407 1670 458 οἱ
1699 405 1802 458 υἱοὶ

1911 401 2298 456 commercium
2327 401 2560 457 habente
2591 415 2714 454 cum
2745 395 3124 457 Samaritanis,
3161 401 3218 445 ut
3245 389 3352 445 illis
3393 405 3480 440 cs-

207 487 528 588 35105123!
562 491 630 543 τά
676 491 966 563 θρέμματα
1010 494 1195 549 αὑτοῦ·
1232 498 1282 550 εί
1325 497 1436 570 γὰρ
1472 501 1570 570 οὐχ
1601 500 1802 571 ὁμοίως

1911 504 1991 550 set
2037 494 2372 564 adiumento.
2414 493 2492 547 Ae
2544 507 2612 546 ne
2657 490 2786 544 illttd
2833 488 3054 556 quidem
3102 500 3288 538 verum
3345 494 3426 538 est
3459 499 3478 538 :

209 575 333 629 ἔτι-ιε
363 581 429 650 τῇ
456 581 804 652 Σαμαρείτιδι
835 587 863 638 ὁ
897 585 1112 652 Ἰακὼϐ,
1141 589 1236 641 καὶ
1265 590 1314 642 οἱ
1348 592 1454 644 υἱοὶ⁸
1486 591 1672 655 αὐτοῦ,
1707 591 1802 644 καὶ

1911 601 1930 635 ι
1969 583 2156 654 Neque
2191 582 2530 638 haustor-ium
2558 581 2748 644 habes,
2774 589 2821 633 et
2849 588 3046 647 puteus
3067 574 3205 628 altus
3232 583 3318 627 est
3343 571 3390 604 τ’
3414 591 3428 624 :
3453 589 3476 626 δ

205 665 281 722 τὰ
313 666 605 739 θρέμματα
634 671 819 737 αὑτοῦ,
841 673 1013 728 οἴεται
1033 675 1138 746 δὲὴ
1159 677 1488 750 Σαμαρεῖτις
1513 678 1572 731 τὸ
1594 681 1797 750 ὅμοιον,

207 759 307 813 καὶ
324 761 519 814 ταυτὸν
554 763 731 834 πάντη
765 766 926 818 ποτὸν
968 768 1284 823 πεπωκέναι
1317 770 1395 842 τῷ
1437 770 1650 836 Ἰακὼϐ,
1702 773 1798 825 καὶ

206 853 325 976 τοῖς
347 853 480 917 υίοῖς
497 855 686 920 αὐτοῦ,
717 857 814 910 καὶ
842 862 956 924 τοῖς
980 860 1288 932 θρέμμασιν
1311 862 1494 927 αὐτοῦ,
1513 862 1693 934 δῆλον,
1718 865 1800 917 ὅτι

211 962 219 974 ν
244 946 463 976 ,ωηιξη-ι...

209 946 490 1014 ψεύδεται.

1908 679 2154 733 fortassis
2183 677 2346 730 etiam
2377 689 2553 744 neque
2596 673 2748 732 illud.
2803 670 2946 740 quod
2991 666 3160 723 Jacob
3207 681 3275 722 ex
3321 675 3482 735 puteo

1905 771 2130 831 biberit.
2165 780 2220 824 et
2256 769 2348 823 ﬁlii
2381 767 2521 836 ejus,
2569 775 2624 820 et
2671 779 2868 836 pecora
2895 762 3013 834 ejus
3034 761 3118 825 ⁸⁰;
3153 775 3276 813 nam
3311 759 3356 814 si
3383 756 3482 812 Ja-

1903 863 2122 928 cob,,et
2157 861 2249 916 ﬁlii
2285 861 2422 931 ejus,
2455 867 2510 914 et
2538 873 2732 929 pecora
2775 853 2914 924 ejus,
2954 869 3060 909 non
3105 849 3358 906 similiter
3401 849 3484 904 bi-

1903 957 2121 1019 herunt,
2157 964 2217 1008 ut
2259 953 2452 1007 mulier
2485 949 2794 1013 Samaritis,
2844 946 3227 1015 exiStimatque
3270 941 3359 997 illa
3409 941 3486 996 si-

213 1041 398 1095 milem
429 1057 488 1096 se
507 1042 733 1098 onmino
765 1055 948 1114 potum
973 1057 1135 1119 atque
1157 1051 1410 1106 eumdem
1441 1051 1647 1106 bibisse
1694 1067 1820 1107 cum
1875 1051 2067 1116 Jacob,
2095 1063 2149 1107 et
2175 1051 2302 1107 ﬁliis
2331 1049 2468 1120 eius,
2499 1059 2552 1104 et
2583 1045 2872 1118 pecoribus
2930 1043 3068 1110 eius,
3135 1039 3481 1110 perspicumn

210 1145 299 1190 est
329 1137 463 1190 falsa
494 1152 613 1192 eam
641 1141 865 1196 dixisse.

287 1229 374 1284 10.
411 1230 639 1302 Ἰδωμεν
675 1233 730 1286 δὲ
769 1237 865 1289 καὶ
908 1235 977 1290 τὰ
1031 1238 1410 1310 Ἡρακλέωνος
1452 1244 1532 1306 είς
1572 1241 1700 1305 τοὺς
1725 1243 1811 1296 τό-

212 1337 376 1384 πους,
409 1323 558 1387 ὅστις
583 1325 749 1395 φησιν
772 1328 979 1392 ἄτονον,
1007 1332 1100 1386 καὶ
1124 1332 1480 1405 πρόσκαιρον,
1509 1335 1604 1388 καὶ
1618 1334 1815 1388 ἐπιλεξ-

211 1426 425 1464 πουσαν
474 1413 688 1483 ἐκείνην
719 1414 999 1485 γεγονέναι
1045 1419 1142 1491 τὴν
1187 1419 1360 1492 ζωὴν,
1410 1424 1505 1476 καὶ
1553 1423 1654 1493 τὴν
1689 1425 1810 1476 κατ’

1984 1239 2151 1309 220
2183 1237 2266 1292 ιο.
2303 1235 2410 1292 Sed
2437 1234 2549 1302 jam
2577 1232 2856 1286 videamus
2891 1228 3020 1299 quid
3048 1224 3345 1282 lleraclcon
3381 1224 3488 1279 hoc

1909 1333 1961 1386 in
1988 1332 2112 1387 loco
2139 1330 2384 1386 sentiat:
2419 1325 2596 1395 inquit
2641 1331 2823 1378 autem
2873 1319 3106 1392 [fontem
3153 1314 3354 1388 illum.]
3389 1316 3489 1370 im-

1905 1419 2180 1486 becillern,
2207 1427 2263 1472 et
2300 1415 2712 1486 temporariam,
2743 1419 2801 1466 et
2832 1410 3174 1465 deﬁcientem
3199 1407 3368 1474 fuisse
3403 1405 3488 1458 vi-

208 1501 384 1573 αὐτὴν
412 1501 587 1568 δόξανο
618 1510 857 1579 κοσμικὴ
878 1511 1009 1582 γὰρ,
1045 1514 1233 1583 φησιν,
1262 1509 1349 1585 ἦν’
1398 1515 1491 1566 καὶ
1514 1513 1683 1568 οἴεται
1715 1515 1805 1568 τοῦ

1911 1519 2039 1574 tam,
2063 1510 2313 1578 illiusque
2334 1507 2563 1577 gloriam
2587 1520 2602 1568 ;
2636 1500 2905 1556 mundana
2927 1499 3095 1565 enim,
3117 1495 3311 1566 inquit,
3330 1503 3451 1549 erat
3469 1535 3487 1560 ,

211 1597 484 1665 κοσμικὴν
509 1597 678 1670 αὐτὴν
706 1595 844 1654 εἶναι
884 1603 1160 1669 ἀπόδειξιν
1194 1605 1379 1677 φέρειν
1411 1609 1478 1659 ὲκ
1505 1605 1600 1658 τοῦ
1633 1603 1804 1677 θρέμ-

1908 1611 1962 1657 et
1985 1601 2261 1656 existimat
2293 1613 2353 1653 se
2393 1593 2916 1650 demonstrationem
2961 1588 3161 1645 aﬁ‘erre
3195 1587 3329 1660 [per
3371 1586 3490 1641 fon-

210 1701 365 1754 ματα
397 1687 492 1741 τοῦ
549 1689 746 1743 Ἰακὼϐ
793 1691 852 1758 ἐξ
898 1693 1072 1764 αὐτῆς
1120 1695 1454 1750 πεπωκέναν
1497 1697 1590 1749 καὶ
1616 1699 1663 1748 εί
1701 1697 1800 1767 μὲν

1911 1691 2050 1764 tem]
2084 1689 2381 1762 signiﬁcari
2410 1687 2578 1744 vitam
2609 1684 2970 1749 mundanam,
3003 1697 3070 1737 eo
3107 1681 3252 1752 quod
3291 1693 3485 1748 pecora

207 1779 424 1844 ἄτονον,
453 1783 548 1835 καὶ
583 1784 944 1858 πρόσκαιρον,
976 1787 1068 1840 καὶ
1109 1788 1494 1841 ἐπιλείπουσαν
1526 1789 1799 1860 ἐλάμϐανε

203 1869 310 1940 τὴν
349 1871 414 1924 ὲκ
479 1872 678 1944 μέρους
723 1875 942 1944 γνῶσιν,
988 1877 1104 1948 ἦτοι
1151 1880 1218 1948 τῇ
1263 1878 1371 1932 ἀπὸ
1407 1879 1516 1932 τῶν
1566 1879 1802 1952 Γραφῶν

206 1965 622 2034 συγκρίσειτῶν
641 1969 892 2040 ἀρρήτων
913 1969 1194 2042 ῥημάτων,
1209 1971 1244 2024 ἂ
1263 1970 1364 2023 οὐκ
1390 1969 1508 2036 ὲξδν
1531 1970 1803 2044 ἀνθρώπῳ

205 2053 466 2126 λαλῆσαι,
498 2059 676 2111 πᾶσαν
701 2059 798 2130 τὴν
827 2059 919 2112 νῦν
955 2059 1022 2113 δι’
1060 2059 1328 2130 ἐσόπτρου
1361 2061 1457 2115 καὶ
1485 2063 1806 2132 αἰνίγματος

207 2149 508 2219 γινομένην
535 2149 755 2218 γνῶσιν,
791 2152 1268 2224 καταργουμένην,
1296 2152 1426 2205 ὅταν
1471 2152 1599 2224 ἔλθῃ
1635 2153 1695 2206 τὸ
1720 2155 1808 2206 τέ-

209 2237 376 2304 λειον,
410 2241 510 2294 οὐκ
529 2241 594 2295 ἂν
623 2243 756 2297 αὐτὸ
787 2243 1211 2316 ὲνεκαλέσαμενο
1244 2246 1294 2297 εί
1317 2243 1375 2298 δὲ
1409 2245 1551 2316 ὑπὲρ
1572 2244 1664 2298 τοῦ
1687 2245 1805 2298 δια-

211 2331 428 2384 ϐάλλειν
452 2334 520 2386 τά
566 2333 771 2388 παλαιά
797 2335 955 2389 τοῦτο
985 2339 1148 2401 ποιεῖ,
1178 2336 1470 2407 ἐγκλητέος
1505 2336 1570 2390 ἂν
1597 2336 1705 2407 εἴη.
1739 2339 1806 2389 Ὃ

212 2423 270 2475 δὲ
317 2422 528 2477 δίδωσιν
574 2425 718 2496 ὕδωρ
746 2428 774 2478 ὁ
799 2426 1008 2499 Σωτὴρ,
1044 2429 1207 2498 φησὶν
1235 2425 1372 2483 εἶναι
1399 2431 1462 2482 ὲκ
1494 2427 1588 2482 τοῦ
1629 2427 1803 2482 Ilvati-

216 2531 386 2584 ματος
417 2516 512 2568 καὶ
547 2516 646 2587 τῆς
679 2516 961 2588 δυνάμεως
989 2519 1187 2586 αὐτοῦ,
1213 2519 1274 2572 οὑ
1301 2519 1645 2590 ψευδόμενος
1709 2519 1805 2573 καὶ

214 2607 296 2670 εἰς
328 2607 409 2659 τό’
434 2626 452 2659 ι
489 2607 563 2661 Οὐ
599 2608 674 2680 μὴ
701 2609 917 2682 διψήσει
947 2611 1004 2664 δὲ
1023 2614 1105 2676 εἰς
1132 2613 1224 2665 τὸν
1255 2609 1448 2676 αἰῶνα,
1481 2631 1499 2662 ι
1534 2611 1807 2666 ἀποδέδω-

215 2715 311 2792 κεν
339 2700 531 2764 αὑταῖς
562 2701 772 2792 λέξεσιν
799 2703 993 2768 οὕτως·
1037 2723 1056 2756 ι
1102 2703 1328 2769 Aidano;
1356 2704 1467 2776 γὰρ
1498 2707 1530 2776 ή
1569 2703 1682 2775 ζωὴ
1705 2704 1805 2756 αὐ-

1905 1783 2075 1840 Jacob
2118 1798 2182 1838 ex
2221 1798 2287 1838 eo
2329 1781 2609 1844 biberint;
2658 1787 2713 1833 et
2747 1777 3016 1846 siquidem
3050 1773 3400 1835 imbecillem,
3433 1779 3488 1823 et

1907 1875 2313 1946 temporariam,
2344 1881 2400 1926 et
2432 1871 2775 1926 deﬁcientem
2805 1871 3104 1936 accepisset
3123 1863 3485 1934 cognitionem

1906 1982 2025 2024 eam
2049 1981 2171 2036 quae
2195 1974 2280 2020 est
2311 1980 2375 2019 ex
2408 1971 2560 2033 parte
2586 1964 2654 2028 ⁸³,
2685 1976 2880 2031 nempe
2901 1959 3263 2029 cognitionem
3289 1969 3320 2010 e
3343 1954 3491 2008 Scri-

1906 2057 2083 2128 ptnris
2129 2054 2566 2127 provenicntem,
2605 2052 3021 2123 comparatione
3062 2048 3348 2104 verborum
3405 2045 3489 2097 in-

1909 2148 2202 2205 dicibilium
2236 2156 2291 2204 et
2317 2161 2440 2217 quae
2473 2147 2538 2201 ad
2566 2145 2840 2200 hominem
2878 2142 3060 2212 eloqui
3090 2157 3195 2194 non
3215 2148 3300 2194 est
3315 2137 3396 2190 fas
3421 2137 3489 2200 ",

1907 2257 2126 2297 omnem
2180 2240 2393 2294 scilicet
2427 2248 2750 2307 pra-sentem
2795 2233 3180 2306 cognitionem,
3233 2221 3354 2300 qua:
3395 2242 3492 2296 per

1907 2333 2190 2404 speculum
2233 2340 2315 2386 est
2347 2340 2403 2385 et
2433 2345 2531 2400 per
2555 2329 2785 2398 miiigma
2814 2327 2885 2387 ⁸⁸,
2915 2336 2970 2378 ct
3012 2339 3131 2394 quae
3167 2321 3490 2382 destruitur,

1907 2442 2028 2481 cum
2072 2425 2282 2480 venerit
2328 2422 2458 2476 illud
2483 2421 2625 2490 quod
2658 2417 2959 2490 perfectum
2985 2425 3070 2470 est
3109 2414 3178 2480 “,
3211 2413 3492 2481 haudqua-

1907 2533 2069 2589 quam
2097 2517 2225 2574 illud
2253 2513 2834 2588 reprehendissemus;
2874 2509 2959 2563 sin
2989 2521 3118 2561 vero
3151 2507 3330 2561 isthuc
3379 2504 3493 2574 agit

1908 2619 1967 2662 ut
2006 2609 2370 2677 reprehendat
2419 2614 2642 2670 vetera,
2682 2596 3163 2672 reprehendendus
3212 2604 3297 2650 est
3352 2596 3490 2664 ipse.

1909 2701 2077 2756 Porro
2099 2699 2241 2770 quod
2278 2700 2356 2752 ait
2390 2712 2586 2766 aquam
2625 2710 2786 2766 quam
2826 2693 2919 2746 dat
2951 2691 3231 2753 Servator,
3263 2702 3330 2741 ex
3365 2685 3492 2755 Spi-

213 2791 330 2858 τοῦ,
359 2793 453 2846 καὶ
487 2779 753 2864 μηδέποτε
778 2795 1132 2868 φθειρομένη,
1159 2799 1236 2863 ὡς
1258 2799 1352 2852 καὶ
1393 2800 1426 2870 ἡ
1457 2796 1647 2870 πρώτη
1681 2799 1714 2868 ἡ
1741 2799 1805 2850 ὲκ

1911 2791 2019 2846 ritu
2048 2805 2168 2844 esse
2202 2799 2257 2844 et
2282 2804 2346 2844 ex
2389 2790 2556 2857 ipsius
2584 2785 2852 2855 potentia,
2909 2797 3036 2836 vera
3082 2789 3308 2834 narrat:
3359 2779 3492 2848 quin

213 2883 310 2938 τοῦ
343 2884 598 2956 φρέατος,
618 2886 754 2941 ἀλλά
779 2889 1034 2959 μένουσα·
1064 2891 1426 2961 ἀναφαίρετος
1455 2889 1563 2962 γάρ
1581 2892 1614 2960 ἡ
1645 2889 1805 2960 χάρις

1915 2886 2029 2940 hinc
2065 2885 2231 2940 verba
2260 2902 2274 2939 :
2315 2903 2333 2934 ι
2368 2883 2484 2937 Non
2537 2882 2692 2936 sitiet
2724 2880 2780 2932 in
2830 2884 3094 2931 aeternum
3125 2872 3194 2937 ⁸⁸,
3227 2890 3246 2924 ι
3301 2870 3492 2924 iisdem

215 2979 309 3032 καὶ
337 2979 370 3050 ἡ
399 2979 579 3053 δωρεά
603 2979 697 3033 τοῦ
721 2980 970 3053 Σωτῆρος
991 2982 1170 3052 ἡμῶν,
1202 2984 1296 3036 και
1334 2983 1409 3055 μὴ
1443 2961 1804 3052 ἀναλισκομέ-

1911 2991 2049 3048 pene
2096 2976 2280 3031 verbis
2331 2975 2728 3043 interpretatus
2772 2979 2876 3035 est,
2917 2968 2999 3021 sic
3046 2966 3272 3020 dicens:
3310 2980 3330 3014 ι
3370 2961 3490 3015 Vita

214 3086 303 3140 νη,
333 3070 468 3142 μηδὲ
514 3070 844 3143 φθειρομένη
875 3075 933 3126 ἐν
978 3074 1057 3144 τῷ
1106 3074 1382 3146 μετέχοντι
1413 3073 1522 3147 (16)
1555 3075 1743 3146 αὐτῆς.
1781 3094 1800 3128 ι

213 3161 582 3234 Φθειρομένην
618 3164 676 3217 δὲ
725 3165 825 3236 τὴν
858 3163 1084 3238 πρώτην
1140 3167 1318 3231 διδοὺς
1365 3165 1504 3221 εἶναι
1545 3168 1711 3240 ζωὴν,
1756 3169 1804 3221 εὶ

217 3254 318 3324 μὲν
344 3255 444 3328 τὴν
470 3255 612 3310 κατά
648 3255 712 3310 τδ
744 3258 980 3330 γράμμα
1013 3256 1187 3328 ἔλεγε,
1224 3257 1403 3331 ζητῶν
1425 3261 1491 3330 τῇ
1522 3259 1805 3331 περιαιρέ-

216 3361 299 3401 σει
334 3346 428 3400 τοῦ
460 3347 814 3420 καλύμματος
858 3351 1167 3422 γινομένην,
1201 3350 1235 3420 ἢ
1268 3350 1410 3404 κατά
1451 3350 1513 3404 τὸ
1558 3349 1802 3422 Πνεῦμα,

212 3439 310 3491 καὶ
340 3439 630 3508 εὑρίσκων,
669 3441 838 3509 ὑγιῶς
867 3441 932 3496 ἂν
967 3441 1170 3510 ἐλεγενο
1220 3445 1269 3496 εί
1302 3441 1359 3496 δὲ
1387 3443 1566 3514 πάντη
1598 3443 1806 3514 φθορὰν

215 3535 516 3601 κατηγορεῖ
543 3531 653 3586 τῶν
684 3533 954 3598 παλαιῶν,
987 3533 1169 3604 δῆλον,
1195 3537 1279 3589 ὅτι
1315 3534 1475 3588 τοῦτο
1517 3538 1679 3601 ποιεῖ,
1731 3535 1807 3597 ὼς

215 3620 296 3691 μὴ
325 3620 468 3690 ὁρῶν
495 3620 562 3674 τὰ
591 3622 771 3692 ἀγαθά
817 3623 926 3678 τῶν
955 3624 1254 3695 μελλόντων
1291 3625 1436 3695 ἔχειν
1477 3628 1659 3678 ἐκεῖνα
1694 3624 1804 3694 (l7)

209 3711 317 3782 τὴν
351 3712 530 3767 σκιάν.
562 3714 675 3766 Οὐκ
705 3715 984 3778 ἀπιθάνως
1013 3715 1070 3767 δὲ
1106 3716 1188 3780 τὸ,
1217 3715 1581 3785 ἁλλομένου,
1611 3714 1806 3785 διηγή-

213 3816 372 3864 σατο,
413 3803 650 3867 καὶτοὺς
685 3804 1200 3874 μεταλαμϐάνοντας
1227 3805 1320 3859 τοῦ
1355 3804 1560 3860 ἄνωθεν
1581 3806 1805 3876 ἐπιχορ-

213 3891 523 3965 ηγουμένου
572 3895 862 3960 πλουσίως,
907 3897 1000 3949 καὶ
1059 3896 1256 3960 αὐτοὺς
1291 3895 1552 3950 ἐκϐλύσαι
1591 3897 1673 3959 εἰς
1707 3896 1807 3968 τὴν

217 3985 426 4056 ἑτέρων
473 3985 690 4039 αἰώνιον
736 3986 882 4059 ζωὴν
928 3989 995 4042 τά
1042 3987 1558 4060 ὲπικεχορηγημένα
1601 3989 1803 4052 αὐτοῖς.

229 4073 391 4127 Ἀλλά
418 4077 512 4128 καὶ
543 4078 752 4130 ἐπαινεῖ
775 4077 871 4148 τὴν
899 4079 1226 4150 Σαμαρεῖτιν
1253 4078 1329 4142 ὼς
1353 4077 1806 4150 ἀνενδειξαμένην

213 4167 320 4236 τὴν
347 4167 656 4240 ἀδιάκριτον
695 4170 786 4222 καὶ
829 4169 1162 4242 κατάλληλον
1193 4174 1258 4242 τῇ
1291 4170 1453 4240 φύσει
1481 4171 1683 4242 ἑαυτῆς
1715 4172 1805 4224 πί-

1909 3071 2052 3126 euim
2094 3079 2297 3124 aiterna
2330 3077 2413 3123 est
2446 3067 2552 3119 vita
2577 3064 2772 3133 ipsius,
2805 3070 2861 3116 et
2886 3074 3011 3129 quae
3039 3071 3314 3126 nunquam
3362 3067 3492 3108 eor-

1909 3163 2202 3232 rumpitur,
2236 3159 2372 3216 sicut
2409 3158 2584 3230 prima
2617 3155 2706 3208 illa
2739 3169 2876 3222 aqua
2909 3165 3028 3221 quae
3060 3159 3146 3206 est
3190 3162 3258 3201 ex
3305 3155 3490 3215 puteo,

1907 3257 2002 3312 sed
2029 3268 2255 3310 manens
2286 3271 2299 3306 :
2335 3248 2691 3321 nequitenim
2743 3245 2948 3301 auferri
2989 3249 3214 3307 donum,
3239 3247 3293 3293 et
3315 3237 3489 3308 gratia

1907 3347 2216 3404 Servatoris
2265 3344 2464 3406 nostri,
2523 3356 2645 3410 quae
2698 3352 2873 3405 neque
2930 3332 3270 3388 consumitur
3318 3339 3494 3396 neque

1909 3441 2276 3510 corrumpitur
2318 3438 2370 3490 in
2431 3450 2497 3490 eo
2535 3433 2630 3502 qui
2690 3428 2962 3501 particeps
3019 3423 3190 3494 ipsius
3242 3418 3431 3473 fuerit.
3466 3434 3488 3470 ι

1908 3535 2080 3590 Porro
2105 3509 2288 3587 autem
2323 3543 2446 3584 cmn
2479 3527 2710 3596 primam
2739 3522 2905 3574 vitam
2936 3511 3347 3582 corruptibilem
3394 3509 3492 3562 de-

1908 3613 2072 3689 derit,
2107 3623 2380 3692 siquidem
2413 3632 2534 3672 eam
2562 3609 2975 3680 corruptibilem
3009 3605 3176 3658 vitam
3208 3600 3344 3654 dixit
3372 3611 3496 3666 qua:

1908 3726 1995 3770 est
2023 3687 2323 3768 secundum
2357 3708 2620 3767 litteram,
2655 3713 2910 3771 quaerens
2935 3705 2990 3750 et
3025 3690 3312 3748 inveniens
3339 3687 3494 3742 abla-

1909 3810 2056 3864 tione
2084 3799 2367 3860 velaminis
2385 3798 2554 3852 vitam
2579 3810 2697 3850 eam
2723 3807 2845 3863 quae
2872 3797 2955 3844 est
2982 3802 3047 3842 ex
3081 3783 3313 3853 Spiritu,
3343 3788 3494 3834 recte

1909 3899 2086 3954 dixit:
2120 3913 2203 3952 sm
2242 3911 2374 3950 vero
2401 3887 2814 3958 corruptibilem
2841 3882 3050 3946 dit-ens,
3081 3883 3303 3932 accusat
3323 3873 3490 3926 vitam

1911 4000 2181 4054 veterum,
2215 3986 2560 4058 perspicuum
2591 3988 2674 4035 est
2703 3991 2826 4032 eum
2865 3975 2964 4027 hoc
2991 3970 3197 4032 facere,
3231 3975 3488 4033 tanquam

1907 4084 1997 4153 qui
2027 4097 2132 4136 non
2162 4081 2342 4135 videat
2371 4077 2509 4132 bona
2536 4073 2622 4129 illa
2651 4070 2900 4127 umbram
2935 4067 3139 4121 habere
3167 4061 3478 4114 futurorum

1909 4175 2130 4229 illorum
2167 4173 2236 4226 “.
2279 4172 2546 4226 Caeterum
2586 4181 2690 4219 non
2741 4162 2933 4216 inscite
2968 4160 3363 4222 interpretatus
3399 4157 3487 4203 est

219 4275 358 4323 στιν,
386 4261 460 4331 μὴ
491 4262 857 4333 διακριθεῖσαν
885 4263 970 4333 ἐφ’
1001 4259 1082 4328 οἷς
1111 4264 1294 4332 ἔλεγεν
1319 4264 1477 4335 αὐτῇ
1502 4265 1550 4316 εἰ
1581 4263 1680 4333 μὲν
1711 4257 1804 4316 οὗν

1911 4279 2102 4320 vocem
2148 4260 2386 4316 salientis
2434 4254 2480 4287 ⁸⁷
2537 4267 2731 4323 aquae,
2791 4249 2980 4304 dicens
3042 4259 3138 4298 eos
3189 4242 3278 4309 qui
3327 4252 3360 4291 ο
3397 4251 3488 4290 su-

216 4352 318 4421 τὴν
346 4329 662 4423 προαίρεσιν
685 4329 1000 4424 ἀπεδέχετο,
1034 4329 1294 4426 μηδὲν-πε
1305 4357 1356 4428 ρὶ
1389 4329 1602 4424 φύσεως
1627 4357 1800 4409 αἰνιτ-

1913 4357 2098 4430 pernis
2123 4355 2267 4408 illam
2294 4349 2637 4405 abundanter
2655 4341 3054 4413 suppedilalattt
3076 4333 3492 4404 participarent,

214 4421 461 4515 τόμενος,
502 4421 579 4509 ὧς
626 4421 1007 4518 διαφερούσης,
1035 4421 1135 4500 ⁷καὶ.
1180 4421 1340 4518 ἡμεές
1379 4421 1446 4501 ἀν
1480 4447 1805 4516 συγκατεθέ-

1911 4421 2156 4504 vicissim
2190 4445 2358 4500 etiam
2403 4456 2464 4496 ea
2515 4435 2788 4493 scatur-ire
2831 4445 2951 4499 quae
2997 4426 3100 4480 sibi
3141 4421 3491 4492 suppeditata

219 4536 381 4606 μεθα’
419 4539 468 4591 εί
501 4537 560 4592 δὲ
589 4541 654 4610 τῇ
689 4542 889 4610 φυσικῇ
943 4542 1254 4611 κατασκευῇ
1291 4540 1552 4612 ἀναφέρει
1584 4540 1683 4611 τὴν
1706 4541 1804 4612 τῆς

1911 4541 2134 4598 fuerint.
2183 4538 2290 4592 Sed
2339 4544 2395 4588 et
2446 4528 2829 4586 Samaritidem
2876 4519 3082 4581 laudat,
3132 4525 3191 4568 ut
3230 4527 3352 4582 quae
3381 4526 3494 4566 sum

219 4629 671 4696 συγκαταθέσεως
693 4630 894 4693 αἰτίαν,
925 4630 1000 4694 ὠς
1029 4631 1091 4683 οὺ
1111 4632 1241 4684 πᾶσι
1266 4631 1469 4701 ταύτης
1496 4630 1801 4703 παρούσης,

1911 4633 2082 4702 ipsius
2113 4637 2325 4682 natura:
2358 4624 2516 4679 ﬁdem
2547 4616 2850 4676 ostenderit
2873 4608 3137 4680 mqttalcnt
3166 4614 3220 4662 et
3244 4614 3498 4661 constan-

216 4722 584 4791 ἀνατρεπτέον
635 4723 800 4778 αὑτοῦ
830 4722 921 4776 τὸν
956 4721 1132 4791 λόγον.
1181 4722 1295 4776 Ούκ
1345 4717 1460 4775 οἶδα
1506 4722 1563 4775 δὲ
1615 4723 1732 4786 πῶς
1776 4724 1805 4775 ὁ

1916 4735 2063 4783 tem;
2097 4734 2202 4774 non
2240 4727 2442 4771 motam
2468 4716 2538 4768 ob
2563 4728 2626 4768 ea
2659 4724 2778 4778 qua:
2815 4707 2889 4762 illi
2929 4705 3146 4758 dicebat
3177 4703 3482 4766 servator;

224 4812 546 4884 Ἡρακλέων
584 4814 646 4866 τὸ
695 4814 770 4885 μὴ
803 4813 1190 4887 γεγραμμένον
1219 4813 1467 4887 ἐκλαϐών
1503 4829 1636 4886 φησι
1667 4815 1805 4887 πρὸς

1911 4815 1998 4869 cui
2029 4813 2197 4868 etiam
2225 4823 2324 4864 nos
2351 4806 2666 4869 annuimus,
2702 4803 2748 4856 si
2780 4800 3117 4870 propositum
3160 4795 3365 4863 laudat,
3406 4793 3496 4846 ni—

214 4905 296 4959 τό·
337 4925 356 4956 ι
395 4907 493 4969 Δός
525 4924 613 4977 μοι
661 4906 819 4960 τοῦτο
843 4908 904 4960 τὸ
935 4906 1100 4976 ὕδωρ,
1138 4924 1156 4958 ι
1201 4907 1278 4971 ὡς
1305 4906 1413 4979 ἀρα
1448 4906 1654 4979 βραχέα
1693 4907 1805 4960 δια-

1914 4905 1991 4962 hil
2025 4905 2094 4960 de
2117 4912 2306 4958 natura
2335 4898 2498 4954 veluti
2525 4896 2808 4951 excellenti
2836 4900 3109 4957 innitens;
3143 4892 3226 4946 sin
3263 4903 3394 4944 vero
3424 4887 3498 4942 ad

214 4995 474 5068 ωχθείσα
501 4999 606 5052 ὑπὸ
624 4997 714 5052 τοῦ
747 4999 920 5066 Λόγου
943 4999 1173 5070 ἐμίσησε
1196 4997 1382 5052 λοιπὸν
1407 4997 1500 5051 καὶ
1531 4997 1623 5051 τὸν
1647 4998 1805 5052 τόπον

1913 4996 2166 5053 naturale
2201 4995 2482 5066 opiﬁcium
2518 4990 2702 5056 refert,
2739 4987 2882 5058 quod
2914 4983 3190 5042 Servatori
3216 4982 3498 5049 obtempe-

217 5089 426 5143 ἐκείνου
458 5091 551 5144 τοῦ
583 5091 875 5164 λεγομένου
920 5068 1115 5147 Ἰακὼϐ
1148 5093 1381 5166 φρέατος
1425 5091 1556 5162 (18).
1601 5092 1721 5145 Ἔτι
1754 5091 1805 5144 δὲ

1917 5090 2052 5144 rarit
2084 5087 2398 5151 Samaritis,
2435 5082 2589 5152 quasi
2617 5082 2720 5135 hoc
2757 5096 2861 5134 non
2895 5075 3150 5132 omnibus
3185 5072 3335 5135 insit,
3365 5068 3497 5124 sub-

217 5186 311 5237 καὶ
348 5185 485 5256 πρὸς
515 5186 598 5239 τό⁹
635 5205 654 5237 ι
693 5187 792 5252 Δός
829 5204 916 5258 μοι
939 5185 1096 5241 τοῦτο
1116 5185 1178 5241 τὺ
1210 5185 1382 5260 ὕδωρ,
1419 5186 1506 5240 ἵνα
1550 5186 1624 5257 μὴ
1651 5185 1810 5254 διψῶ,

307 5303 354 5333 ⁷⁸
378 5301 536 5357 Joan.
571 5319 643 5359 tv.
677 5305 728 5358 9.
841 5305 884 5335 ⁷³
921 5301 1052 5357 ibid.
1085 5304 1168 5357 Η.
1281 5301 1325 5332 ⁸ο
1357 5300 1486 5355 ibid.
1524 5301 1608 5354 12.

1723 5299 1769 5331 ⁸¹
1799 5298 1818 5352 Ι
1849 5296 1974 5353 Cor.
2007 5313 2126 5362 xm,
2168 5298 2250 5351 l2.

1919 5181 2176 5237 vertenda
2221 5187 2303 5234 est
2355 5176 2500 5232 illius
2545 5172 2742 5228 oratio.
2795 5168 2986 5225 Nescio
3035 5180 3166 5220 vero
3222 5159 3504 5230 quomodo

2361 5295 2406 5329 ³³
2439 5294 2480 5349 ιι
2513 5294 2635 5349 Cor.
2667 5309 2764 5355 xu.
2799 5295 2848 5348 ιίι.
2963 5293 3009 5324 ⁸³
3039 5293 3056 5347 l
3088 5293 3212 5352 Cor.
3245 5309 3373 5360 χιιι,
3410 5296 3499 5349 12.

219 5372 268 5404 ⁸⁸
299 5373 431 5427 ibid.
464 5375 548 5426 10.
625 5374 669 5404 ³³⁵
699 5373 856 5428 Joan.
888 5391 959 5439 tv,
990 5374 1074 5428 15.
1149 5373 1196 5404 ⁸⁸
1225 5371 1392 5425 Hebr.
1428 5387 1480 5433 χ,
1509 5371 1556 5424 Ι.
1635 5371 1678 5403 ⁸⁷
1709 5368 1805 5425 Joa

1911 5386 1973 5434 tv,
2003 5370 2088 5423 M.

303 5475 787 5560 (16)ᾷ1ετέχοντι.
827 5475 920 5532 Sic
968 5477 1139 5531 codex
1183 5476 1537 5542 Bodleiantts;
1589 5479 1807 5550 Regius,

225 5564 575 5618 ’μετασχοντι

307 5614 646 5687 tiu—Codex
709 5616 1052 5680 Bodleianus,
1086 5614 1228 5685 ἔχειν
1283 5618 1540 5685 ἐκείνων;
1592 5619 1810 5687 Regius,

1920 5477 2031 5528 ἐνει
2066 5477 2268 5528 ἐκεῖνα.

1987 5497 2031 5528 ει
2066 5497 2268 5528 εκεινσι.

1949 5497 2110 5614 x(la)
2148 5543 2257 5596 i'rn
2297 5538 2490 5614 Ἰακῲὸ
2525 5538 2758 5609 φρέατος
2786 5537 2952 5592 codex
2992 5532 3191 5604 Regius
3219 5541 3509 5601 perperam

1924 5610 2103 5671 baltei
2131 5614 2330 5678 ζῶντος
2367 5610 2580 5674 ὓδατος.
