3878 6210
463 280 571 336 ιιδ
1943 290 2266 347 οιιιςιεκιε
3618 295 3718 352 ΗΒ

462 399 789 466 Heracleou,
820 402 966 469 quod
1001 401 1264 474 scriptum
1293 403 1458 460 etiam
1488 419 1594 461 non
1629 414 2032 472 cstassumeus,

2143 409 2276 480 μηδὲ
2324 392 2625 479 διέρχωμαι
2670 407 2858 464 ἐνθάδε
2890 406 3122 473 ἀντλεῖν,
3163 427 3182 460 ι
3233 409 3398 480 φησὶν
3427 409 3512 464 δτι
3551 413 3720 468 ταῦτα

459 493 659 549 dixerit
684 492 736 548 in
773 495 874 549 hoc
896 495 1098 550 dictum
1125 511 1141 550 :
1166 516 1184 549 ι
1209 497 1282 552 Da
1311 499 1438 553 mihi
1470 498 1610 554 hanc
1640 515 1891 569 aquam,»
1918 503 2034 557 bre-

2141 499 2289 568 λέγει
2320 501 2353 570 ἡ
2397 499 2533 570 γυνὴ
2576 499 2915 569 ἐμφαίνουσα
2950 501 3011 552 τὸ
3046 499 3361 570 ἐπίμοχθον,
3397 501 3494 554 καὶ
3525 502 3721 556 δυσπό-

459 587 508 640 vi
542 602 572 641 ε
610 587 874 642 Sermone
919 586 1010 643 Dei
1039 588 1179 644 Filio
1213 589 1546 645 stimulatam
1594 593 1878 646 mulierem
1909 591 2034 648 odio

2143 607 2344 662 ριστον,
2379 589 2473 644 καὶ
2505 588 2738 660 ἄτροφον
2768 590 2975 643 ἐκείνου
3015 590 3110 644 τοῦ
3151 590 3362 654 ὕδατος.
3391 591 3564 644 Πόθεν
3619 596 3717 666 γὰρ

459 677 721 733 habuisse
749 679 915 733 etiam
967 679 1144 735 locum
1193 680 1337 735 illius
1381 682 1557 750 putei,
1604 684 1696 750 qui
1747 682 2032 738 dicebatur

2140 680 2408 734 δεικνύναι
2436 679 2549 750 ἔχει
2571 681 2803 752 ἄτροφον
2829 677 2967 734 εἶναι
2995 681 3055 735 τὸ
3079 681 3172 735 τοῦ
3210 680 3406 736 Ἰακὼϐ
3437 680 3617 753 paup;

455 766 643 823 Iacob.
675 766 943 825 Prmterca
973 770 1025 824 in
1055 770 1221 824 illud:
1247 789 1267 824 ι
1305 771 1381 826 Da
1412 773 1541 826 mihi
1567 788 1762 842 aquam
1787 774 1950 834 hanc,
1975 781 2033 827 ut
2064 788 2170 827 non
2218 772 2424 835 sitiam,
2488 787 2660 841 neque
2695 773 2904 828 veniam
2937 775 3043 828 huc
3097 776 3164 828 ad
3219 775 3580 830 hauriendum
3600 777 3668 842 ⁸³,
3700 797 3715 828 ι

459 857 634 926 inquit
667 857 826 930 221
869 859 1150 916 mulierem
1181 860 1296 916 haec
1325 861 1510 917 dicere
1538 864 1915 918 ostendentem
1959 863 2144 918 labore
2191 863 2419 929 hauriri,
2447 873 2501 918 et
2567 878 2692 918 cum
2747 863 3076 919 diflicultate
3117 866 3295 935 parari
3327 882 3528 934 aquam
3577 868 3720 922 illam

459 954 526 1006 ad
556 953 892 1024 irrigaudum
930 969 1035 1009 non
1075 963 1254 1026 aptam
1290 971 1470 1026 neque
1499 957 1854 1014 nutrientem.
1886 956 2042 1013 Unde
2065 957 2210 1012 enim
2267 967 2448 1028 potest
2475 958 2768 1014 ostendere
2818 973 3015 1028 aquam
3044 957 3212 1014 Jacoh
3270 957 3579 1028 irrigatioui
3635 977 3724 1030 ap-

458 1053 569 1098 tam
601 1059 706 1099 non
737 1060 859 1100 esse
881 1061 980 1101 nec
1005 1047 1339 1102 nutrientem
1361 1049 1388 1102 ἲ

526 1134 614 1189 ll.
635 1135 824 1189 Adhuc
843 1135 896 1189 in
925 1135 1040 1192 haec
1064 1137 1173 1191 duo
1197 1138 1360 1192 verba
1391 1155 1405 1192 :
1433 1155 1454 1190 ι
1484 1138 1624 1194 Dicit
1646 1137 1832 1203 illi",t
1859 1135 2034 1207 inquit

2210 1132 2299 1186 11.
2331 1134 2450 1186 Ἔτι
2480 1132 2538 1187 δὲ
2557 1134 2586 1186 ὀ
2615 1132 2933 1205 ’Πρακλέων
2968 1133 3104 1204 πρὸς
3137 1134 3222 1190 τά·
3264 1153 3285 1186 ι
3320 1133 3486 1203 Λέγει
3515 1137 3681 1209 αὐτῇ,
3701 1157 3720 1190 ι

458 1225 776 1292 lleracleon,
810 1227 1021 1281 scilicet
1050 1227 1156 1282 tale
1178 1228 1308 1298 quid
1347 1229 1578 1286 dicens:
1619 1249 1637 1282 ι
1676 1230 1734 1286 Si
1765 1231 1846 1284 vis
1885 1229 2034 1285 acci-

2140 1225 2293 1296 φησὶ,
2326 1224 2484 1294 δῆλον
2511 1225 2592 1277 ὅτι
2617 1223 2826 1277 τοιοῦτό
2857 1241 2912 1278 τι
2935 1223 3128 1292 λέγων’
3167 1242 3186 1276 ι
3239 1225 3301 1278 Ei
3330 1225 3508 1291 θέλεις
3539 1227 3728 1282 λαϐεῖν

457 1331 582 1385 pere
630 1316 771 1372 hanc
821 1331 1040 1387 aquam,
1089 1318 1251 1384 vade,
1285 1335 1418 1376 voca
1472 1322 1650 1376 virum
1689 1331 1881 1387 tuum;
1920 1340 1940 1376 ι
1979 1331 2034 1378 et

2140 1316 2294 1369 τούτο
2311 1316 2372 1368 τὸ
2398 1315 2561 1386 ὕδωρ,
2598 1315 2797 1384 ὕπαγε,
2832 1314 3082 1386 φώνησόν
3107 1316 3198 1369 τὸν
3226 1315 3396 1389 ἄνδρα
3421 1334 3537 1371 σου·
3589 1339 3612 1370 ι
3639 1323 3729 1373 καὶ

453 1409 726 1462 existimat
759 1409 961 1473 virum,
1011 1424 1172 1480 quem
1221 1409 1570 1467 Samaritidis
1597 1428 1720 1470 esse
1773 1413 2034 1470 Servatur

2140 1407 2306 1460 οἴεται
2337 1406 2436 1475 τῆς
2469 1405 2853 1476 Σαμαρείτιδος
2885 1406 2979 1460 τὸν
3013 1405 3303 1477 λεγόμενον
3346 1408 3451 1460 ὑπὸ
3481 1408 3581 1462 τοῦ
3620 1412 3730 1465 Σω-

454 1501 603 1566 dicit,
661 1500 902 1569 pleroma
954 1501 1304 1560 Samaritidis
1347 1519 1488 1570 esse,
1518 1515 1581 1560 ut
1628 1503 1870 1576 profecta
1904 1521 2030 1562 cum

2140 1498 2299 1566 τῆρος
2327 1495 2518 1567 ἄνδρα,
2540 1496 2599 1548 τὸ
2620 1494 2893 1566 πλήρωμα
2913 1491 3051 1548 εἶναι
3071 1496 3264 1566 αὐτῆς,
3289 1496 3378 1550 ἵνα
3399 1499 3505 1551 σὺν
3531 1499 3730 1571 ἐκείνῳ

456 1589 545 1644 illo
588 1591 656 1644 ad
705 1589 1078 1658 Servatorem,
1113 1603 1395 1663 reportare
1433 1596 1504 1651 ab
1546 1596 1664 1666 ipso
1711 1596 2028 1666 potentiam,

2140 1587 2404 1658 γενομένη
2461 1587 2598 1658 πρὸς
2641 1586 2732 1640 τὸν
2766 1586 2992 1658 Σωτῆρα
3023 1587 3348 1658 κομίσεσθαι
3391 1590 3526 1661 παρ’
3558 1591 3730 1645 αὐτοῦ

453 1691 508 1736 et
544 1681 822 1749 unionem,
869 1693 924 1739 et
958 1686 1398 1742 commistionem
1449 1689 1518 1742 ad
1577 1688 1820 1759 pleroma
1875 1704 2031 1744 suum

2140 1678 2234 1751 τὴν
2250 1678 2500 1750 δύναμιν,
2524 1681 2618 1733 καὶ
2641 1680 2740 1750 τὴν
2771 1679 2985 1742 ἕνωσιν,
3027 1682 3123 1734 καὶ
3166 1679 3264 1753 τὴν
3292 1681 3606 1754 ἀνάκρασιν
3633 1686 3734 1757 τὴν

455 1777 684 1838 posset:
720 1787 740 1822 ι
774 1785 895 1826 cum
945 1772 1197 1828 Christus
1224 1790 1332 1829 non
1366 1775 1619 1841 dixerit,»
1659 1778 1832 1847 inquit
1861 1776 2034 1833 flera-

454 1861 640 1927 cleon,
683 1878 702 1913 ι
732 1861 948 1918 mulieri
993 1865 1061 1919 de
1103 1865 1320 1922 homine
1344 1868 1640 1936 mundano,
1687 1878 1745 1923 ut
1791 1879 2030 1935 vocaret,

455 1951 714 2020 quoniam
746 1967 853 2007 non
879 1954 1162 2024 ignorabat
1186 1971 1307 2012 eam
1339 1958 1640 2026 legitimum
1690 1961 1867 2016 virum
1922 1977 2030 2016 non

458 2045 682 2101 habere.
722 2064 743 2099 ι
777 2045 1049 2103 Caeterum
1080 2049 1367 2106 manifeste
1398 2051 1501 2106 hoc
1553 2053 1606 2107 in
1653 2052 1772 2108 loco
1809 2063 2036 2126 urgetur

455 2137 666 2204 dicens,
698 2139 842 2209 quod
871 2139 1085 2196 mulieri
1112 2141 1372 2198 Servatur
1409 2143 1653 2199 dixerit:
1713 2163 1732 2199 ι
1767 2145 1912 2202 Voca
1954 2149 2037 2202 vi-

458 2244 576 2284 rum
626 2239 812 2295 tuum,
844 2241 902 2288 et
929 2233 1052 2288 veni
1100 2235 1206 2288 huc
1233 2236 1340 2299 ",r
1379 2236 1694 2307 significans
1745 2239 2028 2305 maritum,

453 2335 615 2391 quem
642 2337 709 2378 ex
740 2323 1044 2394 pleromate
1073 2327 1342 2382 habebat:
1375 2343 1498 2383 nam
1528 2329 1574 2385 si
1611 2330 1716 2386 hoc
1751 2330 1832 2388 sic
1853 2346 1913 2387 se
1933 2331 2034 2386 ha-

455 2415 640 2480 bebat,
668 2427 992 2485 oportuerat
1032 2420 1208 2472 virum
1257 2419 1512 2486 dicendo,
1571 2421 1791 2476 modum
1839 2423 2034 2488 etiam,

453 2520 564 2575 quo
602 2511 883 2564 vocandus
913 2518 1052 2576 erat,
1082 2510 1287 2575 dicere,
1334 2519 1394 2565 ut
1434 2526 1557 2566 cum
1584 2511 1703 2582 ipso
1735 2513 1802 2567 ad
1834 2512 2036 2568 Serva-

453 2615 624 2660 torem
657 2615 926 2675 pergeret.
964 2625 984 2658 ι
1022 2605 1128 2662 Sed
1163 2607 1444 2676 quoniam,
1517 2617 1577 2663 ut
1614 2607 1922 2666 Heracleon
1954 2611 2038 2665 in-

2139 1771 2274 1843 πρδς
2303 1771 2363 1824 τὸ
2394 1771 2668 1842 πλήρωμα
2697 1771 2867 1842 αὐτῆς
2899 1771 3126 1844 δυνηθῇ“
3167 1791 3186 1824 ι
3233 1773 3296 1826 οὐ
3327 1773 3438 1845 γὰρ
3471 1779 3612 1848 περὶ
3639 1779 3732 1832 ἀν-

2135 1859 2284 1932 δρὸς,
2329 1878 2348 1912 ι
2384 1861 2539 1930 φησὶ,
2577 1878 2596 1911 ι
2636 1859 2926 1930 κοσμικοῦ,
2955 1860 3142 1929 ἔλεγεν
3170 1861 3310 1934 αὐτῇ
3339 1863 3472 1933 (19),
3497 1865 3590 1918 ἵνα
3627 1883 3730 1920 κα-

2135 1951 2290 2024 λέσῃ,
2318 1950 2548 2021 ἐπείπερ
2569 1949 2669 2003 οὐκ
2699 1950 2907 2020 ὴγνόει,
2945 1952 3028 2004 ὄτι
3059 1950 3159 2004 οὐκ
3202 1949 3316 2022 εἶχε
3351 1953 3590 2025 νόμιμον
3637 1958 3732 2012 εν-

2137 2043 2256 2116 δρα.
2301 2063 2320 2095 ι
2349 2041 2636 2114 Προδήλως
2659 2042 2716 2096 δὲ
2739 2043 2969 2096 ἐνταῦθα
2994 2042 3241 2112 βιάζεται
3267 2043 3442 2113 λέγων
3467 2048 3615 2119 αὐτῇ
3643 2049 3730 2103 τὸν

2137 2135 2364 2207 Σωτῆρα
2395 2133 2694 2207 εἰρηκέναιο
2719 2154 2736 2186 ι
2759 2133 3012 2204 Φώνησόν
3039 2152 3134 2190 σου
3152 2136 3245 2192 τὸν
3265 2137 3452 2209 ἄνδρα,
3471 2141 3571 2192 καὶ
3606 2141 3726 2197 ἐλθὲ

2135 2226 2346 2292 ἐνθάδε,
2376 2247 2395 2280 ι
2429 2227 2690 2299 δηλοῦντα
2715 2227 2804 2280 τὸν
2835 2228 2941 2282 ἀπὸ
2969 2228 3063 2282 τοῦ
3078 2228 3442 2302 πληρώματος
3464 2232 3726 2304 σύζυγον·

2136 2320 2295 2393 εἴπερ
2346 2318 2455 2390 γὰρ
2501 2318 2646 2372 τοῦθ’
2673 2318 2848 2382 οὕτως
2885 2314 3053 2390 εῖχεν,
3097 2321 3266 2392 ὲχρῆν
3303 2321 3394 2375 τὸν
3425 2323 3601 2394 ἄνδρα
3635 2326 3734 2379 καὶ

2133 2411 2256 2465 τίνα
2289 2410 2489 2484 τρόπον
2514 2408 2789 2480 φρονητέον
2819 2408 2970 2464 ἔσται
2997 2411 3160 2463 αὐτὸν
3191 2410 3322 2482 (20),
3361 2412 3448 2466 ἵνα
3500 2415 3607 2468 σὺν
3635 2416 3734 2468 αύ-

2136 2503 2212 2573 τῷ
2244 2503 2468 2572 γένηται
2487 2502 2624 2572 πρὸς
2646 2500 2738 2554 τὸν
2756 2500 3004 2573 Σωτῆρα.
3037 2520 3054 2553 ι
3104 2502 3243 2555 Ἀλλ’
3275 2505 3415 2567 ἐπεὶ,
3449 2505 3532 2568 ὡς
3565 2506 3736 2577 Ἦρα.

2136 2595 2310 2649 κλέων
2338 2594 2490 2668 φησὶ,
2525 2592 2666 2646 κατὰ
2700 2593 2762 2647 τὸ
2797 2593 3088 2664 νοούμενον
3127 2592 3313 2665 ἠγνόει
3346 2596 3438 2649 τὸν
3467 2595 3608 2651 ἴδιον
3638 2599 3734 2652 ἄν·

456 2696 598 2766 quit,
623 2695 776 2764 juxta
813 2696 1228 2765 intelligentiam
1267 2698 1606 2768 spiritualem
1641 2699 1928 2771 ignorabat
1959 2703 2034 2756 vi-

2140 2687 2256 2759 δρα,
2303 2685 2445 2741 κατὰ
2467 2687 2524 2741 δὲ
2555 2685 2616 2739 τδ
2655 2684 2857 2739 ἁπλοῦν
2889 2685 3151 2757 ᾐσχύνετο
3179 2689 3373 2752 εἰπεῖν,
3395 2688 3478 2741 ὅτι
3511 2689 3734 2760 μοιχὸν,

453 2802 572 2841 rum
601 2801 780 2852 suum,
808 2791 1105 2844 secundum
1130 2804 1258 2845 vero
1281 2790 1590 2860 simplicem
1619 2791 2033 2862 intelligentiam

456 2878 818 2933 erubescebat
859 2878 1042 2934 dicere
1095 2881 1240 2950 quod
1295 2881 1564 2936 moechum
1618 2882 1870 2951 haberet,
1926 2899 2032 2940 non

452 2971 654 3037 virum,
685 2990 704 3023 ι
743 2971 1014 3041 quomodo
1046 2986 1152 3027 non
1199 2972 1404 3028 frustra
1433 2973 1744 3044 imperabit,
1798 2977 1986 3032 dicens
2015 2993 2029 3030 :

2135 2780 2256 2850 οὐχὶ
2275 2779 2331 2832 δὲ
2355 2779 2524 2851 ἄνδρα
2555 2773 2687 2850 εἶχε·
2723 2795 2742 2829 ι
2781 2776 2898 2840 πῶς
2921 2777 3042 2848 οὐχὶ
3071 2777 3246 2848 μάτην
3265 2776 3416 2831 ἔσται
3449 2779 3736 2849 προστὰσο

2139 2886 2248 2923 σων
2278 2873 2306 2924 ό
2329 2869 2519 2939 λέγων·
2561 2890 2578 2922 ι
2609 2869 2849 2937 Ὕπαγε,
2879 2867 3127 2940 φώνησόν
3154 2869 3245 2923 τὸν
3274 2867 3442 2942 ἄνδρα
3481 2887 3603 2938 σου,
3637 2874 3737 2927 καὶ

2137 2962 2258 3016 ἐλθὲ
2292 2963 2508 3029 ἐνθάδες
2547 2983 2565 3016 ι
2595 2960 2890 3036 Eia-rvpi»;
2914 2961 3089 3017 τοῦτο’
3133 2980 3152 3014 ι
3197 2962 3420 3033 Ἀληθὲς
3465 2965 3733 3036 εἴρηκας,

457 3081 477 3114 ι
513 3063 678 3126 Vade,
710 3078 842 3119 voca
867 3063 1049 3118 virum
1083 3073 1257 3130 tuum,
1283 3073 1341 3120 et
1374 3065 1494 3120 veui
1525 3066 1668 3122 huc?
1689 3085 1709 3119 ι
1739 3067 1940 3122 Deinde
1963 3067 2031 3122 ad

2140 3053 2218 3106 ὅτι
2247 3052 2416 3125 ἄνδρα
2445 3055 2547 3107 οὐκ
2595 3054 2759 3124 ἔχεις,
2795 3074 2814 3109 ι
2854 3055 3040 3127 φησιν·
3086 3073 3106 3108 ι
3157 3051 3310 3109 Ἐπεὶ
3341 3054 3399 3107 ὲν
3427 3052 3508 3124 τῷ
3532 3054 3738 3128 κόσμῳ

451 3154 584 3210 illud
609 3172 624 3210 :
659 3173 680 3208 ι
717 3153 856 3210 Vere
877 3155 1084 3222 dixisti,
1109 3156 1368 3225 quoniam
1394 3156 1570 3212 virum
1598 3171 1705 3212 non
1738 3158 2029 3225 habeo“,s

455 3246 672 3316 inqult:
709 3263 730 3300 ι
768 3245 1038 3315 Quoniam
1073 3247 1126 3302 in
1155 3250 1357 3304 mundo
1403 3249 1580 3304 virum
1634 3265 1740 3305 non
1798 3251 2036 3306 habebat

453 3335 767 3404 Samaritis,
806 3337 924 3392 viro
963 3352 1064 3394 suo
1097 3338 1402 3394 exsistente
1457 3338 1510 3394 in
1564 3337 1759 3396 Eone.
1791 3358 1811 3394 ι
1855 3341 2034 3412 Atque

456 3442 556 3483 nos
609 3428 825 3497 quidem
864 3428 1136 3500 legimus:
1198 3447 1218 3483 ι
1255 3430 1512 3502 Quinque
1555 3431 1699 3486 enim
1749 3433 1898 3488 viros
1945 3434 2037 3488 ha-

455 3520 730 3586 buisti";
765 3540 784 3574 ι
840 3522 982 3590 apud
1036 3520 1425 3578 lleracleonem
1482 3538 1614 3578 vero
1667 3523 2028 3580 Invenimus:

460 3630 480 3662 ι
517 3611 624 3667 Sex
654 3612 803 3668 viros
841 3612 1119 3680 habuisti;
1163 3632 1182 3667 ι
1220 3613 1722 3684 interpretaturque
1764 3629 1861 3684 per
1888 3615 2036 3672 viros

458 3717 556 3757 sex
581 3703 890 3758 universam
919 3703 1182 3758 malitiam
1225 3703 1565 3761 materialem
1601 3705 1890 3772 declarari,
1945 3709 2033 3761 cui

457 3793 782 3861 Complicata
813 3793 990 3851 fuerat
1025 3795 1222 3865 cuique
1249 3795 1661 3867 approximarat
1704 3804 1908 3866 przeter
1939 3810 2032 3850 ra-

458 3884 660 3939 tionem
701 3883 1004 3952 fornicans,
1037 3887 1388 3944 contumeliis
1421 3887 1638 3953 aﬂ'ecta,
1676 3895 1731 3943 et
1758 3895 2036 3958 separata,

457 3982 512 4027 ct
543 3972 798 4028 derelicta
834 3976 904 4028 ab
938 3976 1089 4044 ipsis.
1130 3975 1237 4030 Sed
1270 3977 1369 4047 ipsi
1400 3976 1716 4032 Heracleoui
1751 3977 2034 4032 dicendum

456 4071 562 4128 est,
585 4061 630 4116 si
653 4061 918 4118 fornicata
942 4074 1026 4119 est
1049 4065 1366 4134 spiritualis,
1389 4082 1644 4136 peccasse
1665 4067 2032 4137 spiritualem;

458 4155 504 4210 si
536 4168 664 4208 vero
693 4155 942 4222 peccavit
979 4155 1297 4225 spiritualis,
1355 4161 1608 4212 arborem
1664 4159 1861 4214 bonam
1929 4174 2033 4211 non

459 4244 626 4301 fuisse
656 4244 992 4315 ttpiritualem
1018 4262 1034 4314 ;
1070 4247 1222 4316 iuxta
1246 4247 1391 4301 enim
1422 4247 1776 4318 Evangelium
1804 4265 1817 4300 :
1859 4267 1878 4302 ι
1918 4247 2034 4302 Non

461 4345 638 4406 potest
667 4335 832 4389 arbor
859 4334 996 4389 bona
1032 4335 1204 4390 malos
1231 4336 1441 4392 fructus
1469 4337 1612 4392 ferre
1633 4337 1682 4370 "
1704 4377 1721 4403 ,
1753 4357 1772 4390 ι
1811 4338 2035 4407 proinde

463 4435 654 4498 aperte
683 4425 789 4481 illis
818 4426 1002 4497 perire
1024 4443 1146 4498 quae
1179 4427 1472 4483 finxerunt.
1503 4429 1657 4496 Quod
1697 4431 1743 4485 si
1780 4431 1896 4485 fleri
1935 4447 2033 4486 ne-

463 4520 584 4589 quit
621 4529 681 4575 ut
709 4521 872 4574 arbor
903 4521 1041 4577 bona
1095 4521 1270 4578 malos
1307 4520 1446 4577 ferat
1481 4521 1715 4588 fructus,
1765 4529 1819 4576 et
1875 4523 2040 4578 arbor

465 4615 606 4667 bona
633 4621 713 4667 est
744 4613 1055 4678 Samaritis,
1089 4615 1216 4685 quia
1252 4617 1324 4670 sit
1350 4613 1671 4684 spiritualis,
1696 4627 2040 4684 consequens

466 4703 541 4758 illi
563 4711 647 4758 est
675 4705 880 4772 dicere,
911 4707 1053 4776 quod
1079 4715 1173 4762 aut
1203 4707 1495 4764 fornicatio
1520 4705 1640 4777 ejus
1672 4720 1780 4762 non
1817 4705 1890 4761 sit
1919 4719 2041 4776 pec-

464 4803 670 4853 catum.
703 4785 800 4850 aut
823 4799 968 4867 quod
995 4800 1109 4854 haec
1138 4815 1246 4854 non
1267 4807 1354 4856 est
1377 4797 1664 4854 fornicata.

534 4883 696 4955 222
722 4886 808 4942 l2.
847 4906 867 4938 ι
903 4887 1042 4944 Dicit
1069 4890 1134 4943 ad
1165 4905 1290 4945 eum
1321 4890 1515 4946 mulier
1543 4906 1560 4947 :
1591 4889 1840 4955 Domine,
1881 4887 2040 4944 video

470 4984 521 5030 te
557 4990 678 5031 esse
709 4979 1050 5048 prophetam.
1077 4979 1268 5036 Patres
1307 4983 1480 5038 nostri
1521 4983 1576 5037 in
1607 4992 1792 5036 monte
1819 4983 1922 5037 hoc
1953 4980 2043 5035 ad-

469 5077 787 5136 oraverunt,
811 5077 868 5123 et
890 5085 984 5126 vos
1005 5071 1185 5127 dicitis
1213 5070 1563 5143 Jerosolymas
1589 5071 1766 5126 locum
1795 5087 1920 5127 esse
1949 5071 2039 5126 ubi

469 5169 716 5228 oporteat
743 5163 974 5218 adorare
998 5163 1098 5218 ³⁸.»
1135 5161 1320 5218 Tertio
1342 5163 1458 5232 jam
1502 5161 1795 5218 Samaritis
1838 5162 2041 5219 Serva-

473 5257 644 5305 torem
674 5261 919 5306 nostrum
950 5250 1240 5308 Dominum
1276 5251 1556 5322 praedicat,
1611 5251 1829 5320 quando
1874 5251 2037 5306 etiam

468 5340 731 5412 scriptum
759 5353 847 5400 est
872 5344 1062 5400 ultimo
1092 5345 1194 5399 hoc
1225 5357 1344 5398 eam
1383 5342 1458 5398 illi
1493 5341 1738 5402 dixisse;
1795 5350 2036 5396 attamen

2134 3143 2234 3196 οὐκ
2262 3137 2406 3212 εἶχεν
2443 3141 2611 3214 ἄνδρα
2640 3145 2672 3214 ἡ
2710 3144 3058 3215 Σαμαρεῖτιςο
3088 3139 3156 3215 ἦν
3184 3141 3294 3216 γὰρ
3319 3141 3495 3214 αὐτῆς
3519 3144 3552 3199 ό
3581 3143 3736 3219 ἀνὴρ

2133 3233 2192 3288 ὲν
2219 3233 2296 3304 τῷ
2325 3232 2510 3286 Λίῶνι.
2560 3252 2580 3285 ι
2627 3233 2818 3304 Ἡμεῖς
2864 3235 2960 3306 μὲν
2992 3230 3086 3289 οὖν
3121 3235 3452 3307 ἀνέγνωμεν·
3493 3254 3512 3288 ι
3550 3238 3733 3293 Πέντε

2133 3325 2330 3398 ἄνδρας
2351 3325 2524 3395 ἐσχεςο
2551 3344 2571 3378 ι
2601 3325 2748 3398 παρὰ
2770 3326 2825 3379 δὲ
2842 3326 2918 3397 τῷ
2946 3326 3283 3399 Ἥρακλέωνι
3300 3328 3557 3401 εὕρομεν·
3577 3350 3598 3382 ι
3629 3333 3733 3397 Ἐξ

2133 3415 2331 3486 ἄνδρας
2358 3415 2531 3485 ἔσχες·
2577 3435 2595 3467 ι
2631 3418 2724 3470 καὶ
2753 3417 3046 3490 ἑρμηνεύει
3079 3435 3143 3486 γε
3171 3419 3268 3489 τὴν
3305 3419 3497 3491 ὑλικὴν
3537 3423 3730 3476 πᾶσαν

2133 3508 2331 3562 κακίαν
2367 3506 2656 3578 δηλοῦσθαι
2699 3508 2790 3562 διὰ
2819 3509 2928 3562 τῶν
2961 3509 3020 3578 ἕξ
3051 3505 3342 3585 ἀνδρῶν,ᾖ
3388 3513 3734 3567 συνεπέπλε-

2136 3615 2232 3652 κτο
2281 3599 2373 3652 καὶ
2427 3597 2718 3669 ἐπλησίαζε
2739 3639 2754 3662 ,
2802 3600 2953 3671 παρὰ
3001 3601 3156 3670 λόγον
3202 3601 3566 3674 πορνεύουσα,
3628 3607 3732 3661 καὶ

2135 3687 2550 3760 ὲνυόριζομένη,
2585 3690 2680 3744 καὶ
2704 3689 3057 3762 ἀθετουμένη,
3097 3692 3190 3745 καὶ
3214 3692 3733 3768 ὲγκαταλειπομένη

2137 3779 2228 3832 ὑπ’
2263 3777 2464 3832 αὐτῶν.
2498 3779 2730 3833 Λεκτέον
2768 3780 2825 3834 δὲ
2847 3782 2985 3851 πρὸς
3010 3781 3194 3849 αὐτὸν,
3220 3783 3324 3846 ὅτι,
3352 3783 3513 3856 εἴπερ
3554 3787 3732 3859 ἐπόρ-

2135 3888 2288 3926 νευεν
2318 3873 2350 3943 ὴ
2379 3872 2738 3944 πνευματικὴ,
2773 3873 3086 3944 ἡμάρτανεν
3125 3876 3158 3946 ή
3199 3879 3565 3949 πνευματική·
3590 3881 3648 3932 et
3671 3879 3734 3934 δὲ

2135 3967 2421 4039 ἡμάρτανε
2444 3964 2808 4037 πνευματικὴ,
2825 3965 3042 4037 δένδρον
3057 3966 3260 4036 ἀγαθὸν
3273 3969 3372 4022 οὐκ
3389 3965 3458 4041 ἦν
3493 3971 3529 4041 ἡ
3558 3988 3728 4025 πνευ-

2141 4058 2360 4129 ματική·
2394 4056 2534 4110 κατὰ
2564 4056 2672 4128 γὰρ
2699 4055 2759 4110 τὸ
2789 4055 3143 4126 Εὑαγγὲλιον,
3179 4075 3198 4110 ι
3233 4059 3306 4112 Οὐ
3347 4059 3573 4114 δύναται
3602 4060 3734 4115 δέν-

2136 4150 2260 4222 δρον
2281 4150 2482 4218 ἀγαθὸν
2503 4150 2749 4221 καρποὺς
2774 4151 3044 4223 πονηροὺς
3067 4153 3330 4219 ἐνεγκεῖν·
3364 4172 3381 4204 ι
3416 4153 3508 4206 καὶ
3537 4153 3730 4223 δῆλον.

2137 4241 2222 4293 ὅτι
2257 4241 2462 4309 οἴχεται
2499 4239 2685 4302 αὐτοῖς
2725 4239 2794 4294 τὰ
2825 4239 2922 4310 τῆς
2959 4241 3304 4309 μυθοποιίας.
3346 4243 3410 4296 ΕΞ
3439 4242 3495 4295 δὲ
3525 4243 3735 4299 ἀδύνα-

2137 4333 2228 4388 τόν
2252 4335 2368 4387 ἐστι
2385 4333 2446 4386 τὸ
2486 4332 2686 4402 ἀγαθὸν
2705 4332 2918 4404 δένδρον
2946 4331 3130 4404 φέρειν
3148 4335 3418 4405 πονηροὺς
3451 4340 3730 4408 καρποὺς,

2143 4425 2239 4479 καὶ
2283 4423 2487 4493 ἀγαθὸν
2534 4423 2749 4495 δένδρον
2779 4427 2812 4496 ἡ
2845 4425 3191 4495 Σαμαρεῖτις,
3239 4425 3334 4479 ἆτε
3375 4432 3732 4502 πνευματικὴ

2143 4516 2501 4588 τυγχάνουσα,
2545 4515 2836 4571 ἀκόλουθον
2869 4516 3018 4586 αὐτῷ
3061 4515 3238 4583 λέγειν
3280 4517 3446 4584 ἐστὶν,
3473 4519 3557 4572 ὅτι
3604 4521 3734 4590 ἦτοι

2143 4608 2245 4662 οὐκ
2282 4605 2350 4680 ἦν
2393 4608 2632 4681 ἁμαρτία
2664 4610 2698 4682 ἡ
2728 4609 2952 4683 πορνεία
2983 4611 3174 4682 αὐτῆς,
3196 4612 3228 4684 ἢ
3253 4613 3350 4666 οὑκ
3382 4611 3522 4682 αὑτὴ
3554 4613 3732 4682 ἐπόρ-

2145 4717 2322 4755 νευσε.

2219 4883 2509 4953 12.ιΛέγει
2552 4883 2702 4957 αὐτῷ
2753 4885 2788 4957 ἡ
2829 4885 2966 4957 γυνή
3006 4903 3020 4916 ·
3109 4884 3316 4956 Κύριε,
3362 4883 3581 4954 θεωρῶ,
3643 4885 3733 4938 ὅτι

2146 4976 2430 5049 προφήτης
2481 4972 2533 5029 εἴ
2574 4975 2655 5030 σύ.
2687 4977 2750 5032 Oi
2773 4977 3006 5049 πατέρες
3032 4975 3188 5048 ήμῶν
3232 4978 3290 5029 ὲν
3309 4975 3385 5046 τῷ
3410 4976 3526 5046 ἧρει
3548 4973 3733 5046 τούτῳ

2150 5067 2580 5141 προσεκύνησαν
2633 5067 2728 5121 καὶ
2775 5068 2935 5138 ὑμεῖς
2972 5067 3180 5135 λέγετε,
3231 5067 3290 5118 ὲν
3330 5064 3732 5136 Ἱεροσολύμοις

2147 5162 2296 5218 ἐστὶν
2328 5160 2441 5232 (21)
2483 5160 2514 5212 ὁ
2541 5160 2733 5224 τόπος,
2782 5161 2918 5213 ὅπου
2959 5161 3284 5231 προσκυνεῖν
3310 5159 3406 5212 δεῖ.
3453 5178 3472 5211 ι
3525 5157 3736 5228 Τρίτον

2144 5251 2243 5323 ήδη
2292 5253 2325 5321 ἡ
2364 5251 2689 5322 Σαμαρεῖτις
2732 5249 2936 5322 Κύριον
2977 5248 3297 5322 ἀναγορεύει
3345 5248 3438 5302 τὸν
3491 5245 3740 5318 Σωτῆρα.

2143 5343 2320 5414 ἡμῶν,
2367 5344 2455 5398 ὅτε
2504 5343 2598 5396 καὶ
2623 5342 2924 5396 τελευταῖον
2948 5341 3359 5413 ἀναγέγραπται
3387 5339 3546 5394 τοῦτο
3588 5343 3737 5414 πρὸς

478 5529 481 5531 .
575 5479 798 5538 υιοιιιι.
838 5498 913 5548 tv,
941 5482 1028 5539 l5.
1103 5484 1297 5540 "ibid.
1332 5482 1421 5540 16.
1495 5479 1711 5536 “ibid.
1795 5479 1840 5511 ⁹¹
1877 5476 2010 5536 ibid.

2196 5477 2244 5508 "
2260 5475 2388 5531 ibid.
2407 5474 2491 5532 l8.
2567 5474 2614 5506 ”
2643 5471 2832 5528 Matth.
2856 5489 2956 5540 vn,
2984 5471 3069 5528 18.
3144 5473 3192 5504 ’⁸
3214 5471 3370 5528 Jt-au.
3408 5488 3480 5540 tv,
3509 5473 3599 5539 19,
3627 5473 3732 5533 20.

546 5622 659 5694 (19)
690 5623 945 5694 :E.tersr
983 5625 1158 5694 αὐτῆ.
1197 5625 1356 5682 Deest
1406 5625 1458 5679 in
1501 5623 1687 5678 codice
1727 5621 2038 5678 Bodleiano.

547 5693 660 5765 (20}
688 5691 814 5750 Post
839 5691 1001 5749 αὐτόν
1033 5691 1336 5754 addendum
1363 5696 1571 5752 videtur
1599 5695 1794 5748 εἰπεῖν.

2151 5690 2174 5743 ἔ
2225 5618 2337 5684 (ει)
2403 5617 2626 5673 Ἐστίν.
2683 5616 2774 5672 Sic
2829 5616 2996 5674 codex
3075 5616 3431 5682 Bodleiauus;
3492 5612 3736 5686 Regius,

2180 5706 2322 5743 σται.

2180 5706 2322 5744 σται.
