1974 3103
81 169 139 198 ιὶὶέ)

601 170 780 204 COMMENT.
802 176 835 204 lN
856 169 951 204 JOAN,
975 169 1095 203 TOMUS
1116 169 1182 202 xm.

1662 178 1715 203 45:)

120 233 164 260 l8.
186 243 195 258 ι
214 234 283 261 Ἀλλ·
304 235 411 271 ἔρχεται
435 236 509 271 ὥρα,
535 237 581 263 καὶ
606 236 653 263 νῦν
674 238 766 270 ἐστιν,
783 239 827 265 ὅτε
848 247 862 265 ο

967 235 1010 263 18.
1025 244 1034 261 ι
1053 235 1108 263 Sed
1125 235 1200 262 venit
1221 234 1299 266 hora,
1316 235 1346 262 ὀι
1367 239 1438 262 nunc
1454 239 1505 266 est,
1532 236 1639 270 quando
1656 237 1713 262 reri

78 279 209 314 ἀληθινοὶ
232 282 420 317 προσκυνηταὶ
440 283 656 319 προσκυνήσουσι
675 284 713 319 τῷ
738 285 826 320 lla.th
845 285 873 311 ἐν

77 326 221 362 πνεύματι
247 329 294 355 καὶ
310 328 431 365 ἀληθείᾳ.
444 340 454 356 ι
472 331 542 362 Τοὺς
563 331 624 366 μηδ’
645 331 713 363 ὅλως
737 332 873 366 ἐπαγγελ-

76 371 213 407 λομένους
243 375 403 409 προσκυνεῖν
428 374 468 410 τῷ
496 376 584 411 Πατρὶ
610 375 671 402 οὐδὲ
695 376 872 412 ὀνομάζεσοα.

75 417 120 444 δεῖ
148 419 341 454 προσκυνητνπ
369 419 416 446 τοῦ
444 420 528 447 Θεοῦ·
557 421 626 447 ἀλλὰ
651 422 758 449 πάντων
784 422 872 456 ἐπαγ-

74 463 252 503 γελλομένων
277 467 438 501 προσκυνεῖν
454 466 493 502 τῷ
509 467 652 500 κτίσαντι,
666 469 690 495 ει
705 469 728 494 οἱ
746 468 796 503 μὲν
815 469 871 504 (52)

75 508 182 544 μηκέτι
199 507 264 537 ὦσιν
276 511 305 538 ὲν
321 512 414 547 σαρκὶ,
434 512 492 540 ἀλλ’
503 514 532 539 ὲν
548 514 700 548 πνεύματι,
725 513 764 549 τῷ
792 513 872 540 πνεύ-

75 562 149 588 ματι
171 557 331 590 περιπατεῖν
357 558 405 584 καὶ
425 558 572 593 ἐπιθυμίαν
595 558 696 593 σαρκὸς
718 558 756 595 μὴ
779 559 871 586 ἐπιτε-

72 599 136 627 λεῖν
146 609 154 617 ο
167 602 192 627 οι
208 601 237 628 δὲ
254 602 293 638 μὴ
310 600 377 630 ὦσιν
392 604 421 631 ἐν
437 605 582 640 πνεύματι,
597 604 654 631 ἀλλ’
675 605 704 632 ὲν
718 606 811 642 σαρκὶ,
824 605 872 632 καὶ

73 647 153 674 κατά
171 648 261 684 σάρκα
284 650 490 685 στρατεύονται·
518 650 578 677 τότε
600 650 711 678 λεκτέον
730 651 873 687 ἀληθινοὺς

72 692 130 726 μὲν
148 695 339 730 προηυνητάς
357 696 419 728 τοὺς
434 695 653 732 προσκυνοῦντας
673 696 713 732 τῷ
738 692 827 733 Πατρὶ
843 698 872 725 ὲν

70 738 231 774 Πνεύματι.
246 739 292 766 καὶ
310 741 347 776 μὴ
366 742 466 777 σαρκὶ,
485 742 531 769 καὶ
544 743 573 769 ὲν
586 742 711 778 ἀληθείᾳ,
726 742 773 770 καὶ
788 743 826 779 μὴ
841 743 871 770 ὲν

69 782 189 816 τύποιςο
213 785 263 811 οὐκ
287 780 429 820 ἀληθινοὺς
445 787 473 813 δὲ
490 788 554 819 τοὺς
580 787 617 823 μὴ
641 787 727 820 οὕτως
750 787 869 823 ἔχοντας.

71 826 134 856 Κα)⁵
149 831 163 856 6
184 831 326 866 γράμματι
348 832 376 858 δὲ
393 832 431 867 τῷ
446 833 637 860 ἀποκτιννύντι
653 833 849 869 δεδουλωμένος
861 854 868 867 ,

71 873 234 909 πνεύματος
257 875 285 902 δὲ
312 877 360 903 τοῦ
388 876 583 910 ζωοποιοῦντος
611 878 647 913 μὴ
678 877 846 914 μετειληφὼς
860 898 867 911 ,

73 919 146 954 μηδὲ
161 921 218 952 τοῖς
236 923 431 957 πνευματικοῖς
444 922 597 949 ἀκολουθῶν
613 922 659 949 τοῦ
676 923 778 958 Νόμου,
789 919 867 956 οὗτος

70 964 108 991 ἇν
121 965 166 1000 εἴη
183 967 197 993 6
214 966 252 1003 μὴ
265 967 391 1002 ἀληθινὸς
407 967 603 1004 προσκυνητὴς,
617 968 663 995 καὶ
679 968 814 1004 πνεύματι
828 970 866 1006 μὴ

70 1012 238 1047 προσκυνῶν
263 1012 302 1048 τῷ
323 1013 427 1049 Πατρί·
451 1014 465 1040 6
490 1013 513 1039 δ’
531 1013 611 1045 αὐτὸς
636 1010 714 1046 οὗτος
738 1014 797 1047 ὅλος
812 1015 868 1042 τῶν

70 1057 180 1090 τύπων,
200 1056 248 1085 καὶ
262 1058 316 1085 τῶν
331 1059 495 1094 σωματικῶν
509 1059 573 1086 ὅταν
587 1060 779 1095 ἐπιτυγχάνειν
796 1061 867 1088 πάνυ

70 1101 166 1137 δοκεῖ,
196 1106 257 1131 τότε
275 1106 303 1131 ἐν
322 1104 414 1140 τύπῳ,
431 1105 478 1132 καὶ
493 1105 544 1132 οὐκ
562 1106 592 1133 ὲν
608 1106 723 1142 ἀληθείᾳ
748 1115 869 1143 προσκυ-

71 1152 113 1177 νεῖ
129 1150 169 1185 τῷ
184 1150 254 1185 Θεῷ,
270 1150 314 1178 διὰ
330 1151 409 1178 τοῦτο
420 1151 481 1178 οὐδὲ
493 1151 620 1187 ἀληθινὸς
636 1152 785 1187 δυνάμενος
801 1161 868 1188 χρη-

74 1196 200 1231 ματίζειν
225 1197 425 1233 προσκυνητής.
444 1196 522 1233 Τάχα
544 1197 649 1224 δέδοταί
659 1202 731 1224 ’ποτε
747 1197 867 1233 εὐλόγως

72 1243 122 1270 καὶ
137 1243 182 1269 τὸν
197 1241 323 1277 ἀληθινὸν
338 1243 529 1279 προσκυνητὴν
546 1243 576 1269 ὲν
592 1242 632 1278 τῷ
658 1243 793 1279 πνεύματι
820 1244 866 1271 καὶ

71 1287 189 1324 ἀληθείᾳ
200 1288 405 1324 προσκυνοῦντα
415 1289 519 1316 τυπικά
527 1297 588 1316 τινα
600 1291 695 1321 ποιεῖν,
704 1290 747 1317 ῖνα
758 1290 821 1322 τοὺς
827 1290 867 1325 τῷ

72 1333 152 1369 τύπῳ
158 1334 372 1370 δεδουλωμένους
378 1334 610 1370 οἰκονομικώτατα
621 1335 712 1362 ὲλευθε
717 1335 806 1371 ρὼσας
811 1335 866 1362 τῶν

72 1380 168 1407 τύπων
179 1380 342 1417 προσαγάγῃ
350 1382 383 1417 τῇ
392 1380 515 1416 ἀληθείᾳ”
525 1380 619 1416 ὥσπερ
632 1381 866 1415 φαίνεταιΠαῦλος

70 1426 118 1452 hri
126 1425 261 1461 Τιμοθέου
271 1426 439 1462 πεποιηκὼς,
445 1427 515 1462 τάχα
522 1427 549 1453 δὲ
560 1427 606 1454 καὶ
614 1428 642 1455 ἐν
648 1428 810 1463 Κεγχρεαῖς,
819 1428 866 1455 καὶ

70 1473 101 1499 ιν
120 1473 332 1509 Ἰεροσολύμοις,
344 1473 382 1506 ὼς
397 1475 426 1501 ἐν
442 1475 501 1506 ταῖς
511 1474 630 1510 Πράξεσι
643 1474 697 1501 τῶν
710 1468 866 1503 ἀποστόλων

70 1520 238 1556 γέγραπται.
254 1520 392 1556 Τηρητέον
412 1519 451 1552 δὲ,
470 1520 511 1547 ὅτι
531 1520 555 1547 οὶ
571 1519 693 1555 ἀληθινοὶ
711 1528 866 1555 προσκυνη-

69 1567 116 1593 ταὶ
129 1564 160 1593 οὐ
177 1566 258 1602 μόνον
273 1567 302 1593 ὲν
319 1566 453 1603 μελλούσῃ
469 1563 538 1602 ὦρᾳ,
551 1566 619 1593 ἀλλά
632 1565 679 1593 καὶ
689 1566 719 1593 ὲν
733 1565 866 1602 ἑστηκυῖα
878 1574 900 1604 α

69 1612 253 1648 προσκυνοῦσι
282 1611 322 1648 τῷ
344 1613 433 1649 Πατρὶ
454 1613 484 1639 ὲν
509 1608 645 1647 πνεῦματι
668 1611 716 1638 καὶ
739 1611 863 1647 ἀληθείᾳ.

77 1658 149 1685 Ἀλλ’
176 1659 205 1685 ὲν
227 1658 361 1694 πνεύματι
383 1660 407 1686 οἱ
428 1658 654 1695 προσκυνοῦντες,
680 1657 719 1690 ὡς
738 1657 864 1693 εἰλήφασι

70 1704 297 1739 προσκυνοῦντες,
313 1705 341 1732 ὲν
353 1703 492 1741 ἀρῤαὸὦνι
506 1703 660 1738 πνεύματος
673 1704 719 1730 ἐπὶ
730 1702 776 1732 τοῦ
793 1712 864 1739 παρ-

69 1750 149 1782 όντος
177 1749 374 1786 προσκυνοῦσιν
386 1757 393 1764 ·
411 1750 440 1776 ὲν
457 1749 593 1785 πνεύματι
609 1749 637 1776 δὲ
664 1749 721 1784 (55)
737 1749 782 1776 ὅτε
807 1750 863 1776 πᾶν

70 1796 227 1831 χωρήσουσι
241 1795 271 1822 τὸ
288 1795 397 1831 πνεῦμα
423 1796 644 1831 προσκυνήσουσι
661 1794 701 1830 τῷ
717 1794 813 1831 Πατρί.
831 1795 864 1822 Εἰ

69 1841 99 1868 δὲ
119 1842 133 1867 6
151 1841 258 1877 βλέπων
275 1841 319 1868 διὰ
332 1841 498 1877 κατόπτρου,
517 1841 547 1868 τὸ
570 1841 670 1877 ἀληθὲς
685 1841 741 1877 (54)
754 1842 784 1868 οὐ
802 1841 863 1876 βλέ-

71 1896 141 1919 πει,
166 1888 204 1919 ὡς
226 1887 361 1914 δείκνυται
385 1887 491 1919 τούτοις
511 1888 568 1918 τοῖς
593 1888 787 1923 κατοπτρικοῖς
811 1887 864 1914 ὑπὸ

71 1934 126 1961 τῶν
141 1934 206 1970 περὶ
224 1933 311 1961 ταῦτα
333 1934 439 1965 δεινῶν,
457 1933 552 1968 βλέπει
579 1933 608 1959 δὲ
633 1932 741 1965 Παῦλος
767 1933 814 1960 καὶ
839 1933 863 1959 οἱ

71 1979 258 2015 παραπλήσιοι
289 1975 356 2005 αὐτὸ
388 1978 457 2014 (55)
483 1978 528 2005 διὰ
549 1976 704 2014 κατόπτρου
730 1977 778 2004 νῦν
794 1998 802 2010 ,
831 1973 863 2012 δὴ

71 2025 112 2052 δτι
128 2025 194 2061 (56),
211 2027 248 2057 ὡς
264 2022 367 2061 βλέπει,
379 2024 451 2052 οὕτω
463 2025 510 2051 καὶ
525 2025 674 2060 προσκυνεῖ
684 2023 723 2058 τῷ
732 2023 802 2059 Θεῷ,
817 2023 863 2050 καὶ

71 2071 114 2098 διά
129 2068 280 2107 κατόπτρου
298 2072 458 2107 προσκυνεῖ·
471 2071 536 2097 ὅταν
546 2070 574 2097 δὲ
585 2067 649 2105 ἔλθῃ
663 2070 680 2105 ἡ
692 2065 778 2105 ὥραή
794 2069 863 2105 μετά

71 2117 120 2153 τὴν
139 2118 316 2152 ἐνεστηκυῖαν
335 2117 531 2152 ἐνστησομένη,
540 2112 599 2143 τότε
618 2116 694 2143 ἔσται
710 2113 727 2151 ἡ
741 2112 862 2151 προσκύ-

71 2172 147 2199 νησις
171 2165 199 2190 ὲν
215 2163 330 2199 ἀληθείᾳ
357 2162 501 2198 πρόσωπον
525 2161 582 2197 (57)
598 2161 667 2197 πρὸς
696 2160 861 2197 πρόσωπον,

71 2211 118 2238 καὶ
137 2209 229 2237 οὐκέτι
242 2210 285 2237 διὰ
303 2209 456 2245 κατόπτρου
474 2208 659 2244 θεωρουμένη.

925 282 1085 309 adoratores
1102 281 1256 309 adorabunt
1278 280 1387 308 Patrem
1414 281 1439 308 in
1458 281 1555 315 spiritu
1571 287 1596 308 cl
1615 282 1714 308 verita-

926 331 951 354 te
969 327 999 353 "’.
1026 336 1035 352 ›
1054 326 1104 360 Qui
1119 326 1230 353 minime
1241 334 1270 354 se
1284 326 1445 361 proﬁtentur
1459 327 1574 354 adorare
1594 327 1713 360 Patrem,

925 372 975 400 bos
988 380 1021 400 ne
1034 372 1178 399 nominare
1193 372 1302 407 quidem
1329 378 1438 407 oportet
1464 373 1624 400 adoratores
1641 373 1687 401 Dei
1705 383 1713 401 :

923 418 969 445 sed
984 426 1017 445 ex
1028 418 1156 445 omnibus
1166 418 1356 453 proﬁtentibus
1370 426 1400 446 se
1416 419 1531 446 adorare
1544 418 1636 446 mundi
1648 416 1715 453 Opi-

924 463 1013 495 ﬁcem,
1030 463 1053 490 si
1069 463 1178 498 quidam
1194 471 1249 490 non
1267 464 1384 499 amplius
1400 464 1455 491 ’sint
1478 464 1504 492 in
1516 469 1611 497 carne,
1626 466 1672 492 sed
1688 465 1715 492 in

923 509 1030 544 spiritu,
1049 509 1145 544 spiritu
1162 510 1226 544 quia
1244 505 1396 543 ambulent,
1408 510 1540 538 desideria
1556 511 1649 538 carnis
1662 517 1714 538 non

923 549 1096 590 perﬁcieutes
1110 550 1150 588 ‘i;
1165 560 1193 583 et
1213 555 1296 591 aliqui
1315 564 1369 584 non
1384 556 1411 584 in
1433 550 1530 592 spiritu
1546 557 1612 592 sint,
1625 557 1673 586 sed
1687 559 1715 586 in

923 607 1018 633 carne;
1040 605 1068 628 et
1083 601 1231 629 secundum
1250 609 1362 629 carnem
1383 601 1502 630 militent
1519 612 1526 630 :
1543 606 1608 631 tunc
1623 604 1715 632 dicen.

925 645 988 672 dum
1006 650 1048 673 est
1064 653 1146 673 veros
1160 646 1321 675 adoratores
1333 655 1393 675 esse
1405 655 1452 676 eos
1462 648 1507 683 qui
1521 643 1633 677 Patrem
1649 648 1715 677 adn-

924 695 987 718 rant
1008 691 1035 718 in
1060 692 1169 726 spiritu,
1191 700 1244 720 non
1261 692 1288 720 in
1309 700 1409 727 carne;
1432 694 1458 722 in
1476 690 1603 729 veritate,
1619 701 1672 723 non
1687 697 1714 724 in

923 737 1020 772 ﬁguris
1037 747 1044 765 :
1060 746 1113 765 non
1127 746 1205 766 veros
1224 746 1288 766 vero
1303 747 1350 767 eos
1362 740 1407 774 qui
1428 740 1466 767 sic
1481 748 1510 768 se
1524 748 1577 768 non
1600 740 1714 769 habent.

922 778 967 810 llle
985 784 1068 811 etiam
1091 785 1136 819 qui
1157 792 1211 812 non
1235 785 1371 820 particeps
1392 781 1474 813 l'uerit
1492 787 1608 821 Spiritus
1623 787 1713 815 viviti-

922 823 1020 862 cautis,
1037 830 1138 865 quique
1151 830 1301 865 spiritualia
1317 830 1382 866 legis
1397 839 1449 858 non
1463 838 1582 867 sequens
1596 840 1610 859 a
1623 830 1713 861 littera

921 874 1066 902 occidente
1089 875 1116 902 in
1134 875 1293 903 servitutem
1320 876 1444 904 redactus
1461 877 1557 911 fuerit,
1574 876 1618 907 hic
1631 886 1713 907 verus

923 927 976 947 non
1007 920 1061 948 erit
1086 922 1225 954 adorator,
1247 929 1297 949 uec
1313 922 1410 956 spiritu
1436 922 1562 951 adorabit
1580 921 1710 956 Patrem;

920 964 976 991 imo
989 965 1034 992 hic
1054 965 1122 1000 ipse,
1144 970 1217 994 totus
1233 967 1327 1001 ﬁguris
1342 972 1369 994 et
1389 967 1471 995 rebus
1484 970 1624 1004 corporeis
1636 971 1713 998 addi-

919 1014 991 1043 ctus,
1009 1018 1071 1038 eum
1084 1019 1113 1040 se
1129 1013 1248 1040 maxime
1263 1012 1370 1047 assequi
1386 1013 1596 1048 existimaverit,
1611 1017 1710 1043 tunein

921 1056 1019 1091 ﬁgura,
1037 1062 1066 1084 et
1092 1065 1144 1085 non
1173 1058 1199 1085 in
1231 1058 1346 1085 veritate
1365 1057 1450 1085 Deum
1469 1060 1576 1093 adorat,
1608 1061 1710 1089 idcirm

919 1109 1001 1130 verus
1015 1103 1145 1131 adorator
1157 1111 1217 1131 esse
1230 1111 1283 1131 non
1292 1103 1397 1132 valens.
1410 1097 1539 1132 Fortasse
1549 1113 1708 1135 concessmu

918 1151 960 1175 est
970 1148 1115 1182 aliquando
1129 1149 1323 1177 convenienter
1340 1149 1449 1182 rationi,
1477 1155 1507 1177 ut
1520 1158 1600 1179 verus
1613 1152 1710 1180 adora-

920 1196 973 1224 tor,
991 1192 1018 1219 in
1034 1194 1130 1228 spiritu
1153 1197 1179 1221 et
1202 1194 1319 1221 veritate
1338 1193 1467 1228 adorans,
1488 1196 1612 1229 quaedam
1629 1197 1711 1224 faciat

918 1245 978 1272 qua:
993 1239 1019 1265 in
1035 1233 1119 1273 ﬁgura
1137 1240 1202 1272 sint,
1226 1244 1254 1267 ut
1270 1247 1339 1274 quos
1354 1241 1438 1276 ﬁgura
1459 1241 1590 1269 irretierit
1603 1250 1708 1271 summa

918 1284 1121 1320 dispensatione
1147 1282 1181 1313 ab
1198 1294 1228 1314 ea
1248 1287 1376 1315 liberatos
1400 1287 1433 1315 ad
1453 1288 1596 1316 veritatem
1624 1291 1710 1318 addu-

918 1335 983 1357 cat:
1002 1330 1028 1358 id
1053 1332 1124 1366 quod
1149 1331 1294 1360 Timotheo
1321 1333 1433 1360 Paulum
1453 1333 1552 1362 fecisse
1581 1341 1707 1370 apparet,

917 1374 1044 1404 fortassis
1058 1378 1148 1404 autem
1163 1378 1189 1405 in
1205 1378 1383 1411 Cenchris,et
1401 1377 1609 1415 Hierosolymis,
1625 1380 1708 1408 veluti

917 1421 944 1448 in
965 1422 1147 1457 apostolorum
1162 1423 1237 1452 Actis
1250 1425 1379 1459 scriptum
1395 1430 1437 1453 est
1453 1420 1486 1453 δ’.
1503 1425 1707 1453 Observandum

917 1474 982 1495 vero
996 1472 1037 1495 est
1050 1474 1127 1496 veros
1141 1469 1298 1497 adoratores
1313 1477 1365 1496 non
1381 1470 1468 1497 solum
1483 1470 1510 1497 in
1524 1469 1615 1498 futura
1628 1471 1707 1504 hora,

917 1519 1011 1540 verum
1029 1514 1110 1541 etiam
1122 1514 1149 1541 iu
1166 1516 1303 1549 praesenti,
1316 1516 1432 1544 adorare
1442 1511 1550 1543 Patrem
1566 1517 1593 1543 in
1609 1514 1708 1551 spiritu

917 1562 944 1585 et
961 1559 1088 1586 veritate.
1105 1559 1158 1587 Sed
1172 1561 1217 1595 qui
1234 1561 1260 1588 in
1275 1560 1372 1596 spiritu
1389 1558 1515 1594 adorant,
1531 1562 1708 1596 quemadmo-

917 1604 980 1632 dum
997 1610 1161 1641 acceperunt
1177 1608 1336 1640 adorantes,
1363 1608 1391 1635 in
1417 1606 1571 1636 arrhabone
1594 1608 1708 1644 spiritus

917 1657 991 1679 nunc
1008 1651 1125 1679 adorant.
1142 1661 1150 1680 :
1166 1648 1249 1689 229
1264 1658 1329 1682 tunc
1343 1659 1434 1682 autem
1449 1655 1474 1682 in
1488 1655 1583 1689 spiritu
1596 1655 1705 1683 Patrem

917 1696 1069 1729 adoraturi,
1086 1704 1147 1725 cum
1166 1703 1250 1726 totum
1279 1699 1453 1734 perceperint
1469 1700 1609 1735 spiritum.
1625 1701 1705 1734 Quod

916 1743 939 1769 si
965 1742 988 1769 is
1002 1743 1047 1778 qui
1060 1744 1133 1771 videt
1153 1752 1202 1780 per
1217 1745 1370 1780 speculum,
1388 1753 1441 1773 nou
1459 1747 1531 1774 videt
1550 1754 1655 1780 verum,
1667 1748 1708 1775 uti

916 1789 974 1816 haec
985 1789 1086 1823 optime
1102 1789 1234 1818 callentes
1246 1787 1396 1818 ostendunt
1420 1791 1464 1818 his
1490 1791 1650 1826 imaginarie
1663 1793 1706 1819 vi-

915 1833 1051 1866 dentibus,
1065 1839 1093 1861 et
1118 1842 1167 1869 per
1181 1836 1322 1870 speculum
1344 1836 1443 1863 adorat
1464 1833 1561 1870 Deum,
1579 1834 1708 1872 videtque

915 1877 1017 1907 Paulus
1032 1887 1103 1907 nunc
1119 1888 1167 1915 per
1185 1880 1325 1914 speculum
1338 1880 1372 1913 ²⁰,
1387 1881 1484 1916 suique
1503 1881 1618 1914 similes,
1645 1890 1707 1917 per-

915 1925 1039 1960 spicuum
1058 1929 1101 1952 est
1117 1921 1230 1953 Paulum
1247 1927 1287 1954 sic
1300 1928 1417 1954 adorare
1429 1927 1513 1954 Deum
1530 1929 1704 1962 quemadmo-

915 1970 978 1997 dum
1010 1970 1093 2003 videt,
1121 1975 1202 2007 atque
1229 1973 1312 2000 etiam
1342 1980 1391 2009 per
1417 1973 1556 2009 speculum
1591 1975 1705 2003 adorare

915 2017 1017 2051 Deum;
1034 2027 1097 2046 cum
1116 2024 1181 2047 Vero
1199 2019 1306 2047 venerit
1322 2020 1388 2047 hora
1414 2025 1475 2054 post
1497 2020 1645 2048 instantem
1661 2021 1704 2047 ru-

916 2068 988 2098 tura,
1003 2070 1068 2093 tunc
1082 2065 1135 2094 erit
1147 2065 1271 2094 adoratio
1296 2066 1323 2093 in
1348 2066 1477 2097 veritate,
1500 2074 1560 2100 qua:
1580 2066 1651 2095 facie
1668 2068 1705 2095 ad

914 2111 1025 2145 faciem,
1038 2120 1091 2140 non
1109 2112 1225 2147 amplius
1241 2120 1290 2148 per
1303 2112 1445 2148 speculum
1461 2113 1581 2141 videtur.

107 2256 150 2283 l9.
168 2256 205 2283 Τὸ
218 2256 353 2292 μέντοιγε,
372 2265 382 2281 ι
397 2242 479 2291 ’ἡμεῖς
496 2242 713 2290 προσκυνοῦμεν,
725 2262 734 2278 ι
747 2254 762 2279 6
781 2252 860 2288 Ἠρα-

951 2252 994 2279 l9.
1011 2249 1083 2281 Sane
1105 2260 1137 2281 ea
1163 2254 1263 2285 verba,
1279 2261 1288 2278 ι
1307 2260 1356 2280 nos
1379 2252 1526 2279 adoramus
1536 2251 1570 2282 ",
1590 2259 1598 2275 ι
1617 2250 1703 2277 ﬂera-

73 2303 157 2331 πλέων
173 2304 257 2330 οἴεται
274 2302 361 2335 εἶναι,
382 2303 397 2329 6
421 2303 449 2328 ὲν
471 2301 572 2341 ᾼίῶνι,
599 2300 646 2326 καὶ
671 2300 697 2326 οἱ
722 2300 770 2325 σὺν
786 2298 860 2334 αὐτῷ

72 2350 191 2382 ἐλθόντες
201 2358 208 2365 ·
221 2347 294 2377 οὗτοι
306 2350 370 2385 γὰρ,
390 2349 483 2384 φησὶν,
498 2348 597 2383 ᾔδεσαν
614 2346 667 2373 τινι
690 2344 860 2381 προσκυνοῦ-

73 2404 113 2426 σι,
133 2395 203 2422 κατὰ
228 2395 357 2431 ἀλήθειαν
379 2393 606 2430 προσκυνοῦντες.
635 2390 715 2417 Ἀλλὰ
738 2391 783 2417 καὶ
805 2390 836 2417 τό
852 2399 858 2405 ·

71 2442 110 2469 ὅτι
126 2451 134 2467 ι
151 2444 167 2477 ἡ
185 2441 305 2477 σωτηρία
319 2442 350 2467 ὲκ
366 2440 420 2467 τῶν
440 2438 575 2466 Ἰουδαίων
588 2437 672 2469 ἐστὶν,
685 2446 694 2462 ι
709 2435 771 2462 ἐπεὶ
787 2436 815 2462 ὲν
827 2437 860 2471 τῇ

77 2488 200 2524 Ἰουδαίᾳ,
214 2488 307 2524 φησὶν,
333 2485 477 2522 ἐγεννήθη,
496 2484 553 2511 ἀλλ’
570 2483 621 2510 οὐκ
640 2483 669 2509 ὲν
690 2479 781 2513 αὐτοῖς
794 2490 801 2496 ·
827 2481 859 2507 οὐ

72 2535 124 2572 γὰρ
139 2535 180 2566 εἰς
202 2535 305 2566 πάντας
331 2533 430 2564 αὐτοὺς
451 2530 580 2566 εὐδόκησε
594 2548 601 2561 ,
618 2529 665 2556 καὶ
683 2529 725 2555 ὃτι
744 2527 773 2560 ἐξ
789 2526 860 2572 ἐκεῖ-

72 2591 116 2610 νου
134 2581 182 2608 τοῦ
197 2580 289 2611 ἔθνους
305 2579 418 2614 ἐξῆλθεν
433 2579 449 2613 ἡ
468 2576 602 2612 σωτηρία,
622 2575 670 2602 καὶ
686 2574 700 2600 6
715 2573 794 2606 λόγος
820 2571 861 2602 εἰς

72 2630 118 2665 τὴν
131 2625 310 2663 οἰκουμένην·
327 2624 398 2652 κατά
410 2624 438 2651 δὲ
453 2621 484 2650 τὺ
498 2621 642 2657 νοούμενον
659 2621 692 2647 ὲκ
713 2618 769 2646 τῶν
795 2618 860 2644 Ὶου-

913 2300 991 2328 cleon
1007 2307 1068 2327 esse
1088 2304 1164 2326 retur
1176 2306 1239 2326 eum
1259 2299 1304 2333 qui
1322 2302 1364 2326 est
1379 2297 1404 2325 iu
1420 2296 1525 2328 Eone,
1539 2300 1567 2323 et
1578 2295 1623 2330 qui
1639 2303 1703 2323 cum

913 2345 974 2380 ipso
983 2348 1136 2376 venerunt;
1152 2351 1215 2371 nam
1228 2343 1267 2376 hi,
1278 2342 1378 2377 inquit,
1394 2344 1529 2369 noverunt
1540 2347 1622 2375 quem
1637 2340 1703 2367 ado-

914 2395 984 2423 rant,
1007 2390 1157 2436 qecundum
1181 2389 1325 2416 Veritatem
1353 2389 1510 2415 adorantes.
1537 2385 1622 2436 Quin.
1636 2385 1703 2414 illud

913 2436 1006 2467 etiam,
1017 2428 1033 2472 ’.ι
1049 2434 1123 2461 salus
1135 2441 1167 2460 ex
1181 2432 1282 2460 Iudaeis
1290 2437 1332 2459 est
1345 2433 1378 2464 ",
1395 2442 1404 2458 ι
1424 2433 1552 2467 quoniam
1569 2432 1595 2460 in
1608 2428 1702 2460 Judzea

913 2482 1021 2517 genitus
1031 2486 1084 2512 est,
1100 2479 1197 2514 inquit,
1213 2486 1265 2505 non
1285 2478 1356 2505 inter
1369 2479 1459 2513 ipsos;
1478 2479 1541 2513 quia
1556 2479 1582 2505 in
1606 2486 1703 2505 omnes

914 2527 986 2561 ipsos
996 2526 1078 2553 animi
1093 2524 1300 2561 propensionem
1315 2531 1368 2551 non
1386 2524 1522 2556 imbuerit,
1532 2529 1558 2551 et
1570 2524 1701 2558 quoniam

913 2577 945 2597 ex
965 2570 1008 2597 illa
1029 2575 1107 2604 gente
1121 2577 1231 2604 egressa
1245 2573 1287 2595 est
1305 2568 1391 2601 salus,
1405 2572 1432 2595 et
1455 2575 1545 2595 sermo
1565 2567 1593 2594 in
1607 2567 1701 2593 orbem

915 2620 1049 2643 terrarum
1063 2624 1071 2644 :
1086 2616 1163 2651 juxta
1180 2614 1386 2650 intelligentiam
1400 2621 1464 2641 vero
1476 2611 1655 2648 spiritualem,
1668 2619 1702 2638 ex

107 2713 125 2729 ³⁷
142 2713 219 2740 Joau.
234 2718 272 2743 tv,
285 2677 330 2737 S5.
368 2708 390 2724 ¹⁸
406 2706 495 2735 Galat.
509 2704 593 2737 v,16.
631 2704 652 2720 ¹⁹
662 2703 723 2730 Act.
737 2708 794 2733 va,
806 2700 835 2732 5,
856 2700 974 2734 18;xxt,
985 2698 1030 2725 24.
1061 2697 1084 2712 ὀ
1098 2696 1180 2723 lCor.
1197 2694 1303 2726 xttt,l2.
1341 2695 1363 2710 ²¹
1381 2692 1461 2722 Joan.
1472 2700 1509 2726 tv,
1524 2691 1568 2718 22.
1596 2692 1618 2707 ¹²
1632 2691 1698 2718 ibid.

106 2758 204 2792 (52)El
220 2755 324 2792 οιγμέκ,
340 2758 394 2792 etc.
411 2753 545 2792 Sic‘rccte
566 2750 649 2777 habet
670 2748 754 2776 codex

74 2787 174 2821 leiauus
187 2800 194 2821 ;
208 2793 234 2818 in
250 2787 335 2824 Regio
348 2789 430 2825 deest
554 2820 561 2825 _
610 2819 629 2825 ῃ
659 2818 674 2825 __
694 2818 700 2825 _

180 2816 234 2853 ’έῖί
242 2816 387 2862 argutiam
398 2822 442 2850 δέ.
456 2823 502 2850 Sic
512 2820 598 2850 codex
610 2818 788 2850 Bodleianus',
803 2816 855 2844 lte-

74 2860 401 2897 κὶιίε-ὶνπνεύματὲ
483 2892 489 2897 .
540 2891 559 2897 _
692 2896 698 2897 ,

232 2886 353 2929 ἀληθές.
373 2894 419 2921 Sic
439 2892 524 2920 codex
540 2889 719 2921 Bodleianus;
742 2886 851 2921 Regius,

779 2746 851 2774 Bod-
907 2745 954 2772 καὶ
967 2743 1075 2779 ἀληθές.

945 2779 1000 2815 (55)
1124 2776 1198 2815 Lego
1211 2773 1297 2809 αὐτῷ.
1311 2808 1330 2815 “
1347 2796 1350 2797 ,
1413 2808 1420 2815 Ι
1465 2808 1491 2815 __

944 2807 1000 2849 (‘56)
1021 2812 1137 2849 anan;
1147 2807 1217 2849 Lego
1234 2807 1296 2849 cu_in
1311 2808 1449 2849 Ferrario,
1463 2807 1617 2849 δῆλονιῇτι,
1636 2843 1642 2849 _

944 2842 999 2884 (57)
1017 2842 1108 2884 Codex
1121 2842 1230 2884 Regius,
1240 2845 1276 2884 τῇ
1289 2843 1442 2884 πρόσωπον,
1458 2842 1505 2870 sed
1514 2843 1539 2870 in
1551 2842 1675 2870 Bodleir'"

908 2879 1038 2916 dcéstsﬁ.
1058 2881 1136 2909 Forte
1153 2879 1293 2913 legendum
1308 2880 1324 2911 ἠ
1342 2879 1497 2911 πρόσωπον.
