3878 6210
542 355 650 407 455

1988 333 2308 395 ORIGENlS

3666 333 3753 386 πθ

545 484 758 540 ,ιιιιωιιι
798 465 904 520 tale
938 478 1159 532 corpus,
1193 474 1383 530 nempe
1409 459 1656 532 spiritum
1687 467 1743 513 et
1775 458 1953 526 ignem
1979 472 2104 512 con-

2227 452 2442 522 [6vaoh
2468 445 2920 518 ἀσχημονήσομεν
2951 439 3062 512 (69)
3093 440 3169 502 ὼς
3200 437 3396 508 ἠλίθιοι
3421 440 3512 493 καὶ
3539 443 3680 511 παρα
3699 447 3756 498 τὰ

546 569 876 620 stttttettlcut,
903 566 955 609 cl
989 555 1186 619 lucem,
1220 568 1341 622 qua:
1370 551 1681 608 necessario
1723 550 1864 605 hanc
1895 548 2108 618 opinio-

547 665 668 702 nem
697 655 992 715 sequantur
1015 644 1246 699 absurda
1283 657 1389 697 non
1419 641 1789 704 admittentes,
1817 639 2109 694 erubesce-

546 755 664 794 mus
695 737 858 792 veluti
883 736 1014 791 fatui
1036 737 1280 790 dicentes
1307 741 1494 788 contra
1517 742 1704 803 aperta
1736 739 1792 784 et
1816 727 2109 783 evidentia.

541 830 732 884 Omnis
763 831 908 883 enim
940 828 1078 898 ignis
1110 839 1250 896 opus
1283 824 1487 879 habens
1519 832 1577 878 ut
1617 821 1818 884 alatur,
1845 817 2113 888 corrupti-

545 922 672 976 bilis
697 929 802 987 est,
834 928 887 974 et
914 919 1093 972 omnis
1129 917 1379 988 spiritus,
1403 915 1449 972 si
1479 912 1803 984 simpliciter
1843 909 2115 980 intelliga-

545 1027 669 1066 mus
695 1011 948 1080 spiritum
983 1023 1182 1078 corpus
1208 1022 1332 1062 cum
1359 1006 1451 1071 sit,
1471 1004 1687 1074 accipit,
1707 1003 1849 1073 quod
1870 1001 1939 1056 ad
1961 1015 2112 1055 suam

545 1113 798 1158 naturam
848 1102 1062 1163 attinet,
1112 1097 1464 1154 mutationem
1497 1097 1550 1151 in
1592 1111 1707 1151 rem
1751 1093 2113 1158 crassiorem;

544 1209 678 1264 ergo
707 1194 792 1247 his
815 1192 931 1256 flet,
964 1201 1022 1245 ut
1046 1191 1130 1244 vel
1168 1200 1452 1245 servantes
1491 1187 1676 1251 verba.
1705 1195 1785 1241 tot
1808 1186 2040 1240 absurda
2064 1191 2119 1237 et

550 1282 951 1354 inexplicabilia
1002 1283 1070 1336 de
1122 1281 1231 1334 Deo
1263 1281 1646 1343 admittamus;
1689 1276 1770 1330 vel
1809 1277 1996 1331 eadem
2032 1275 2118 1329 via

549 1376 911 1433 incedendum
953 1381 1056 1438 est,
1088 1371 1542 1445 quemadmodum
1589 1370 1754 1424 etiam
1791 1369 1842 1422 in
1876 1366 2120 1438 pluribus

2211 541 2414 612 ἐναργῆ
2448 539 2727 608 λέγοντεςο
2755 536 2863 589 πᾶν
2923 532 3032 604 γὰρ
3098 531 3210 602 πῦρ
3268 531 3477 602 τροφῆς
3530 532 3759 604 δεόμενον

2213 631 2448 704 φθαρτόν
2469 632 2605 686 ἐστι.
2633 628 2728 680 καὶ
2752 627 2858 680 πᾶν
2884 623 3124 694 πνεῦμα,
3145 625 3193 676 εί
3212 621 3567 694 ἁπλούστερον
3583 625 3763 696 ἐκλαμ-

2212 725 2444 795 ϐάνομεν
2497 721 2557 774 τὸ
2605 717 2855 788 πνεῦμα,
2912 715 3071 787 σῶμα
3128 714 3398 785 τυγχάνον
3419 754 3434 777 ,
3491 715 3764 786 ἐπιδέχεται

2211 815 2335 868 ὅσον
2363 813 2455 866 ἐπὶ
2481 813 2548 882 τῇ
2575 807 2770 863 ἐαυτοῦ
2809 806 2967 876 φύσει
2991 805 3089 876 τὴν
3114 806 3194 869 είς
3213 803 3274 857 τὸ
3302 802 3601 874 παχύτερον
3627 821 3766 873 μετα.

2215 906 2375 976 ϐολήν
2391 921 2406 936 ο
2439 903 2558 973 ὥρα
2581 897 2673 956 οῦν
2703 902 2760 955 ἐν
2785 897 3014 962 τούτοις,
3039 896 3160 967 ἤτοι
3186 893 3490 966 τηροῦντας
3506 893 3600 956 τὰς
3619 893 3767 960 λέξεις

2213 999 2283 1053 τὰ
2307 996 2543 1052 τοσαῦτα
2571 994 2747 1049 ἄτοπα
2789 987 3196 1063 παραδέξασθαι
3239 987 3333 1040 καὶ
3369 985 3626 1058 δύσφημα
3662 989 3769 1058 περὶ

2214 1090 2309 1144 τοῦ
2341 1089 2474 1143 Θεοῦ
2495 1127 2510 1153 ,
2546 1089 2580 1158 ἢ
2614 1083 2932 1156 ἐφοδεῦσαι,
2967 1081 3154 1150 ὥσπερ
3179 1079 3271 1132 καὶ
3301 1078 3393 1131 ἐπὶ
3419 1077 3589 1133 ἄλλων
3617 1077 3771 1130 πλειό-

2218 1201 2324 1239 νων
2369 1180 2630 1250 ποιοῦμεν
2652 1218 2668 1242 ,
2715 1178 2808 1231 καὶ
2861 1173 3112 1241 ἐξετάσαι
3151 1169 3204 1223 τί
3249 1169 3474 1224 δύναται
3509 1168 3772 1239 δηλοῦσθαι

2218 1273 2326 1329 ἀπὸ
2351 1271 2444 1326 τοῦ
2473 1269 2725 1340 λέγεσθαι
2756 1265 2974 1336 πνεῦμα
2995 1303 3010 1329 ,
3049 1263 3083 1333 ἦ
3127 1260 3275 1335 πῦρ,
3305 1259 3339 1330 ἢ
3391 1257 3505 1330 φῶς
3539 1255 3672 1314 εἶναι
3699 1257 3773 1313 τὸν

2219 1364 2372 1418 Θεόν.

557 1466 842 1536 faciemus,
881 1465 1389 1535 exquirendumque
1413 1462 1542 1533 quid
1579 1462 1728 1518 iuuui
1770 1473 1826 1516 et
1855 1457 2119 1516 declarari
2155 1455 2349 1528 possit,
2386 1467 2508 1508 cum
2537 1451 2680 1507 Deus
2705 1447 2906 1503 dicitur
2932 1445 3181 1516 spiritus,
3206 1445 3288 1500 vel
3316 1445 3474 1515 ignis,
3495 1445 3574 1500 vel
3607 1445 3708 1499 lux.

620 1645 706 1699 22.
751 1641 829 1698 Ac
865 1641 1137 1712 principio
1158 1640 1442 1696 dicendum
1483 1651 1586 1704 est,
1613 1649 1671 1694 ut
1699 1639 1910 1704 oculos,
1932 1648 1985 1696 et
2010 1633 2124 1709 pal-

549 1737 765 1804 pebras,
799 1743 854 1789 et
883 1748 1064 1797 aures,
1096 1741 1150 1787 et
1183 1741 1469 1794 manus,et
1500 1733 1745 1797 brachia,
1771 1741 1932 1802 atque
1957 1732 2120 1787 etiam

549 1829 688 1894 alas,
719 1835 772 1881 ct
795 1827 980 1898 pedes,
1013 1824 1216 1894 scripta
1239 1823 1308 1878 de
1332 1824 1440 1880 Deo
1470 1825 1830 1890 invenientes,
1851 1835 2124 1879 trausmu-
2150 1809 2196 1870 Β

553 1930 736 1972 tamus
761 1933 880 1986 qua:
906 1917 1110 1986 scripta
1135 1917 1338 1974 fuerint
1363 1919 1414 1972 in
1451 1916 1790 1986 allegoriam,
1817 1917 2014 1985 spretis
2039 1915 2123 1970 his

549 2011 642 2081 qui
702 2012 808 2068 Dco
855 2010 1084 2065 similem
1147 2010 1464 2066 hominibus
1514 2009 1743 2064 formam
1793 2008 2120 2070 attribuunt,

552 2104 760 2172 hocque
789 2101 912 2172 jure
945 2099 1208 2170 facimus;
1241 2101 1321 2156 sic
1352 2101 1518 2154 etiam
1555 2100 1712 2155 nobis
1743 2099 1884 2154 idem
1916 2097 2124 2153 facien-

549 2195 676 2250 dum
718 2209 846 2250 esse.
878 2194 933 2249 in
974 2195 1248 2265 praedictis
1279 2194 1632 2250 nominibus:
1680 2209 1742 2248 ac
1793 2191 2040 2263 profecto
2072 2191 2123 2248 id

554 2287 722 2355 liquet
751 2299 822 2340 ex
850 2299 908 2341 re
937 2301 1058 2355 qua:
1087 2285 1302 2340 videtur
1331 2285 1490 2342 nobis
1525 2285 1696 2356 magis
1740 2285 1792 2339 in
1821 2300 1920 2340 usu
1956 2299 2075 2339 esse
2105 2301 2118 2338 :

554 2393 576 2428 ι
606 2375 747 2432 Deus
769 2377 960 2432 aenim
997 2395 1016 2429 ‹
1051 2375 1138 2431 lux
1170 2384 1274 2442 est,
1300 2395 1319 2427 ι
1353 2375 1653 2431 secundum
1683 2375 1982 2441 Joannem,
2017 2393 2036 2426 ‹
2070 2381 2124 2429 et

552 2468 790 2523 tenebrae
820 2469 874 2524 in
910 2482 976 2522 eo
1010 2482 1122 2522 non
1165 2476 1291 2521 sunt
1321 2467 1440 2520 ulla:
1469 2466 1534 2520 ³¹,
1570 2486 1589 2519 ι
1626 2466 1909 2534 Quomodo
1941 2476 2121 2522 autem

551 2562 636 2614 lux
664 2563 780 2639 ipse
809 2560 1196 2631 intelligendus
1231 2559 1302 2616 sit
1330 2575 1428 2630 pro
1466 2559 1604 2615 virili
1635 2560 1914 2616 cordatius
1944 2560 2126 2614 cousi-

551 2654 827 2710 duremus.
854 2650 1015 2722 232
1046 2651 1342 2720 Dupliciter
1365 2651 1456 2705 lux
1479 2652 1699 2719 dicitur,
1721 2660 1830 2705 tum
1862 2667 2122 2722 corpora-

551 2747 696 2812 iiter,
725 2755 838 2800 tum
865 2742 1242 2815 spiritualiter,
1258 2743 1359 2798 hoc
1381 2753 1487 2808 est,
1505 2757 1626 2814 qua:
1651 2753 1830 2799 mente
1850 2747 2119 2811 cernitur,

553 2848 608 2893 ct
629 2846 686 2891 ut
713 2835 1011 2906 Scriptura:
1034 2833 1300 2901 dicerent,
1337 2850 1455 2905 qua:
1481 2835 1582 2891 sub
1613 2835 1786 2889 visum
1809 2851 1912 2890 non
1944 2835 2118 2899 cadit;

552 2945 668 2994 seu,
700 2939 757 2983 ut
783 2928 1032 3000 gentiles,
1061 2927 1368 2984 invisibilis.
1401 2929 1465 2983 Et
1493 2927 1796 2999 corporalis
1827 2943 1958 2984 sane
1986 2927 2123 2984 lucis

555 3021 902 3078 mauil‘csmm
929 3020 1236 3090 exemplum
1281 3029 1364 3075 est
1407 3019 1534 3074 illud
1570 3022 1656 3075 his
1679 3021 1771 3090 qui
1802 3021 1940 3076 hanc
1973 3019 2124 3075 Scri-

2292 1662 2383 1720 22.
2409 1661 2520 1716 Καὶ
2567 1661 2785 1734 πρῶτον
2829 1659 3046 1715 λεκτέον
3067 1700 3083 1717 .
3111 1661 3193 1713 ὅτι
3213 1699 3228 1724 ,
3258 1658 3450 1730 ὥσπερ
3472 1657 3778 1729 ὀφθαλμοὺς,

2223 1755 2318 1808 καὶ
2353 1753 2616 1824 βλέφαρα,
2653 1752 2748 1806 καὶ
2783 1745 2918 1817 ὧτα,
2962 1752 3057 1804 καὶ
3093 1753 3316 1822 χεῖρας,
3365 1749 3458 1803 καὶ
3495 1748 3780 1820 βραχίονας,

2223 1844 2318 1906 καὶ
2360 1843 2528 1906 πόδας
2563 1842 2675 1914 (70)
2725 1842 3068 1912 εὑρίσκοντες
3117 1840 3478 1912 γεγραμμένα
3512 1839 3602 1893 τοῦ
3643 1839 3780 1904 Θεοῦ,

2221 1937 2301 1990 ἔτι
2326 1935 2382 1994 δὲ
2408 1937 2518 1988 καῖ
2535 1935 2832 2004 πτέρυγας,
2861 1931 3348 2004 μεταλαμϐάνομεν
3378 1933 3458 1995 είς
3480 1930 3780 2003 ἀλληγορίαν

2221 2027 2290 2088 τὰ
2321 2026 2698 2105 γεγραμμένα,
2728 2023 3194 2096 καταφρονοῦντες
3221 2024 3331 2077 τῶν
3361 2025 3574 2096 μορφὴν
3599 2022 3778 2094 ἀνθρὼ-

2224 2135 2340 2172 πων
2358 2117 2733 2189 παραπλήσιον
2758 2116 3169 2188 παρατιθέντων
3190 2115 3266 2186 τῷ
3289 2115 3427 2186 Θεῷ,
3456 2115 3550 2168 καὶ
3573 2115 3780 2182 εὐλόγως

2223 2225 2287 2278 γε
2316 2208 2476 2262 τοῦτο
2505 2206 2849 2280 πράττομενο
2881 2205 3054 2270 οὓτως
3093 2208 3188 2260 καὶ
3226 2205 3320 2258 ἐπὶ
3364 2205 3470 2257 τῶν
3507 2205 3782 2275 εἰρημένων

2223 2299 2501 2371 ὀνομάτων
2534 2299 2594 2352 τὸ
2619 2298 2908 2353 ἀκόλουθον
2948 2300 3081 2369 ἡμῖν
3113 2296 3364 2369 ποιητέον
3389 2313 3404 2328 ·
3439 2297 3535 2349 καὶ
3555 2295 3700 2366 δῆλόν
3729 2311 3782 2365 γε

2223 2392 2330 2446 ἀπὸ
2356 2392 2450 2446 τοῦ
2487 2390 2810 2463 φαινομένου
2830 2392 2961 2462 ἡμῖν
2988 2389 3434 2460 πρακτικωτέρου
3459 2406 3474 2419 ·
3512 2408 3532 2441 ι
3559 2389 3673 2452 Φῶς
3691 2387 3782 2459 γάρ

2224 2479 2373 2540 ἐστιν
2403 2480 2432 2532 ό
2459 2477 2611 2542 Θεὸς,
2647 2497 2667 2531 ι
2700 2478 2841 2533 κατὰ
2864 2479 2954 2532 τὸν
2991 2479 3264 2549 Ἰωάννην,
3319 2495 3338 2528 ι
3371 2478 3465 2531 καὶ
3496 2477 3679 2531 σκοτία
3701 2477 3783 2529 οὐκ

2223 2569 2372 2628 ἐστιν
2402 2569 2460 2623 ἐν
2492 2568 2640 2640 αὐτῷ
2671 2569 2916 2639 οὐδεμία.
2957 2588 2976 2621 ι
3012 2568 3138 2633 Πῶς
3161 2570 3226 2640 δὴ
3256 2570 3373 2638 φῶς
3400 2570 3566 2624 αὑτὸν
3591 2570 3782 2641 νοητέον

2225 2660 2366 2715 κατὰ
2405 2661 2466 2714 τὸ
2497 2659 2717 2714 δυνατὸν
2766 2659 3127 2732 συνετώτερον
3169 2661 3314 2732 (7i)
3357 2660 3784 2732 ἐπισκεψώμεθα.

2223 2752 2398 2824 Διχῶς
2439 2751 2548 2824 γὰρ
2579 2752 2641 2807 τὸ
2691 2749 2806 2821 φῶς
2843 2752 3198 2823 ὀνομάζεται,
3258 2755 3588 2824 σωματικῶς
3629 2771 3682 2806 τε
3706 2754 3784 2807 καὶ

2225 2844 2631 2915 πνευματικῶς,
2654 2845 2789 2917 ὅπερ
2823 2845 2940 2898 ἐστὶ
2969 2846 3177 2918 νοητὸν,
3213 2847 3312 2900 καὶ
3337 2846 3411 2910 ὡς
3445 2847 3548 2918 μὲν
3581 2849 3634 2901 αἱ
3664 2848 3698 2898 Γ
3704 2863 3784 2918 ρα-

2225 2938 2325 3007 φαὶ
2366 2936 2432 2991 ἂν
2465 2937 2673 3006 λέγοιεν
2695 2977 2708 3000 ,
2742 2937 2935 3009 ὁρατὸν
2957 2978 2972 3002 ,
3003 2937 3078 3001 ὡς
3118 2939 3162 2992 δ’
3202 2938 3268 2992 ἂν
3309 2939 3575 3010 Ἕλληνες
3613 2941 3783 3010 ὀνομά-

2229 3043 2410 3094 σαιεν,
2443 3026 2674 3099 ἀόρατον
2701 3026 2834 3097 (72).
2875 3027 2985 3080 Καὶ
3031 3027 3124 3088 τοῦ
3165 3043 3229 3096 γε
3276 3027 3594 3098 σωματικοῦ
3629 3027 3784 3098 παρά·

553 3124 767 3180 pturam
791 3112 1097 3181 accipiunt:
1131 3129 1148 3163 ι
1176 3110 1438 3166 Omnibus
1463 3120 1652 3172 autem,
1672 3110 1795 3165 filiis
1818 3110 1988 3166 lsrael
2005 3121 2119 3166 erat

2227 3121 2426 3192 δειγμα
2453 3118 2880 3191 ὁμολογούμενον
2898 3121 3008 3182 τοῖς
3040 3118 3138 3190 τὴν
3167 3120 3408 3190 ἱστορίαν
3437 3117 3785 3191 παραδεχομέ-

553 3203 646 3260 lux.
677 3205 726 3258 in
759 3204 1035 3269 omnibus,
1061 3204 1112 3258 in
1163 3202 1363 3272 quibus
1412 3200 1772 3257 versabantur
1794 3201 1872 3269 “e;
1906 3221 1924 3255 ι
1955 3203 2122 3272 ερίιοίο

556 3297 714 3352 malis
741 3312 870 3352 vero
909 3297 1214 3365 exemplum
1249 3302 1332 3350 est
1363 3293 1505 3362 apud
1544 3295 1832 3364 quemdam
1887 3295 2119 3365 prophe-

554 3399 663 3442 tam
693 3403 761 3442 ex
790 3387 1072 3442 duodecim
1105 3386 1150 3418 ⁸³
1181 3403 1196 3441 :
1235 3401 1253 3435 ι
1287 3383 1566 3440 Semiuate
1599 3385 1754 3440 vobis
1802 3385 1934 3456 ipsis
1959 3385 2124 3454 justi-

556 3481 730 3544 :iam,
761 3476 1093 3536 vindemiate
1143 3473 1381 3530 fructum
1428 3475 1573 3541 vita,
1632 3475 1930 3530 illuminate
1973 3476 2124 3531 vobis

555 3569 688 3639 ipsis
711 3569 891 3624 lumen
918 3559 1265 3639 cognitionis.
1291 3587 1311 3622 ι
1342 3568 1550 3624 Rursus
1569 3565 1824 3622 similiter
1849 3582 1947 3636 per
1976 3581 2125 3621 com-

553 3663 893 3733 parationem
919 3671 975 3718 et
1016 3663 1423 3734 proportionem
1457 3660 1710 3717 bifariam
1759 3659 2010 3714 dicentur
2041 3668 2125 3713 tc-

555 3758 736 3812 nebraa
768 3773 782 3811 :
813 3769 1068 3825 quarum,
1099 3771 1220 3826 quae
1247 3753 1596 3811 communius
1627 3752 1904 3819 dicuntur,
1938 3766 2123 3806 exeru-

553 3848 699 3918 plum
732 3818 978 3902 est'illud
997 3818 1084 3902 “V:
1117 3818 1140 3898 ἱ
1173 3848 1240 3903 Et
1265 3847 1480 3903 vocavit
1509 3845 1653 3900 Deus
1682 3843 1854 3900 lucem
1884 3818 2050 3908 diem,
2071 3818 2212 3898 et.

557 3938 814 3992 tenebras
840 3937 1062 3992 vocavit
1087 3949 1336 4005 noctem;
1370 3957 1389 3990 ι
1430 3938 1775 3992 tenebrarum
1806 3949 1936 3991 vero
1965 3933 2124 3989 intel-

557 4027 843 4098 ligibilium
873 4027 976 4086 hoc
1013 4036 1096 4082 est
1121 4027 1427 4099 exemplum
1454 4027 1498 4059 ³⁵
1529 4046 1542 4082 :
1576 4045 1594 4079 ι
1624 4025 1828 4096 Populo
1853 4025 1944 4095 qui
1967 4025 2124 4080 sedc-

553 4120 646 4174 bat
670 4119 722 4174 in
753 4118 996 4174 tenebris
1018 4127 1076 4173 et
1104 4119 1293 4173 umbra
1318 4119 1532 4184 mortis,
1559 4119 1650 4174 lux
1679 4127 1798 4173 orta
1828 4127 1910 4173 est
1933 4117 2030 4172 eis.
2064 4135 2082 4168 ι

621 4208 713 4264 25.
743 4206 838 4261 His
873 4207 954 4262 sic
985 4206 1330 4273 habentibus,
1365 4208 1584 4282 dignum
1628 4217 1717 4268 est
1741 4220 1967 4263 cernere
1993 4205 2122 4275 quid

2227 3228 2338 3274 νοις
2367 3211 2429 3264 τό
2450 3227 2463 3241 ο
2500 3229 2518 3263 ι
2547 3211 2689 3264 Πᾶσι
2720 3209 2776 3262 δὲ
2798 3212 2912 3273 τοῖς
2944 3211 3078 3272 υἱοῖς
3120 3209 3327 3281 Ἰσραὴλ
3352 3205 3421 3282 ἦν
3453 3211 3590 3279 φῶς,
3620 3212 3672 3262 ἐν
3696 3209 3785 3260 7:1-

2228 3321 2313 3358 σιν
2334 3298 2415 3366 οἷς
2441 3302 2785 3370 κατεγίνοντο
2804 3317 2816 3330 ·
2852 3321 2870 3352 ι
2901 3299 2991 3354 τοῦ
3017 3299 3074 3353 δὲ
3098 3299 3288 3370 νοητοῦ
3313 3301 3409 3358 καὶ
3438 3296 3785 3371 πνευματικοῦ

2225 3394 2284 3450 ἐν
2309 3411 2415 3452 τινι
2437 3393 2544 3446 τῶν
2577 3392 2810 3446 δώδεκα·
2845 3408 2864 3442 ι
2901 3391 3165 3462 Σπείρατε
3191 3393 3402 3455 ἐαυτοῖς
3431 3394 3512 3455 είς
3542 3388 3785 3445 δικαιοινᾶ⁹

2225 3503 2344 3557 νην,
2390 3487 2695 3558 τρυγήσατε
2735 3486 2815 3548 είς
2848 3483 3058 3556 καρπὸν
3100 3483 3263 3554 ζωῆς,
3295 3482 3572 3552 φωτίσατε
3598 3484 3785 3543 ἑαυτοῖς

2227 3579 2344 3648 φῶς
2375 3575 2648 3644 γνώσεως.
2689 3595 2707 3628 ι
2753 3575 2982 3646 Ὁμοίως
3007 3575 3063 3628 δὲ
3099 3575 3190 3627 καὶ
3217 3574 3277 3626 τὸ
3303 3573 3498 3637 σκότος
3533 3578 3648 3628 κατ’
3675 3575 3785 3626 tiva-

2225 3669 2410 3738 λογίαν
2434 3667 2595 3738 διχῶς
2628 3667 2945 3738 λεχθήσεται
2973 3684 2986 3697 ’
3015 3667 3108 3720 καὶ
3131 3665 3224 3718 τοῦ
3255 3665 3354 3736 μὲν
3377 3667 3678 3736 κοινότερον
3714 3664 3786 3716 λε-

2225 3762 2456 3834 γομένου
2483 3761 2835 3832 παράδειγμα
2852 3776 2864 3789 ·
2900 3779 2919 3810 ι
2957 3759 3067 3812 Καὶ
3094 3757 3350 3812 ἐκάλεσεν
3377 3759 3406 3811 ό
3440 3757 3576 3822 Θεὸς
3606 3758 3664 3811 τὸ

2226 3854 2456 3926 ἡμέραν,
2495 3853 2587 3906 καὶ
2615 3852 2675 3905 τὸ
2702 3851 2891 3914 σκότος
2915 3848 3139 3904 ἐκάλεσε
3166 3848 3335 3903 νύκτα
3358 3866 3371 3879 ·
3417 3869 3436 3900 ι
3472 3848 3574 3902 τοῦ
3599 3849 3651 3902 δέ
3675 3863 3782 3918 νοη-

2224 3947 2370 4001 τοῦί
2394 3947 2450 4001 Ὀ
2464 3945 2633 4008 λαὸςό
2662 3945 2966 4016 καθήμενος
2985 3947 3041 3998 ἐν
3067 3943 3247 3996 σκότει
3271 3943 3365 3996 καὶ
3399 3945 3533 4015 σκιᾷ
3556 3941 3783 4004 θανάτου,

2227 4035 2342 4108 φῶς
2374 4037 2645 4092 ἀνέτειλεν
2667 4036 2870 4099 αὐτοῖς.
2907 4054 2924 4086 ι

2295 4213 2386 4268 25.
2419 4212 2635 4267 Τούτων
2663 4211 2833 4276 οῦτως
2864 4212 3111 4281 ἐχόντων,
3149 4211 3294 4278 ἄξιον
3328 4210 3456 4263 ἰδεῖν
3487 4211 3547 4263 τί
3581 4207 3785 4282 ἁρμόζει

555 4299 714 4356 nobis
737 4297 1030 4359 conveniat
1054 4297 1360 4370 intelligere
1391 4297 1459 4353 de
1488 4297 1632 4363 Deo,_
1655 4312 1777 4352 cum
1805 4297 1897 4354 lux
1924 4297 2119 4351 dicitur

2227 4306 2365 4360 νοεῖν
2405 4304 2552 4374 ἡμᾶς
2577 4303 2704 4375 περὶ
2730 4302 2864 4356 Θεοῦ
2903 4301 3197 4371 λεγομένου
3235 4299 3378 4369 φῶς,
3409 4301 3468 4352 ἐν
3513 4293 3561 4368 ᾧ
3586 4295 3788 4366 οὐδεμία

553 4389 608 4443 iu
642 4403 748 4459 qua
782 4387 942 4442 nulla:
971 4395 1096 4446 sunt
1129 4389 1364 4443 tenebrae
1392 4387 1438 4419 “
1467 4408 1479 4443 :
1511 4395 1702 4442 utrum
1731 4387 1873 4444 Deus
1903 4389 1995 4442 lux
2038 4397 2119 4444 est

2227 4395 2343 4447 ἐστὶ
2371 4395 2580 4448 σκοτία.
2603 4388 2748 4466 *Αρα
2775 4391 2884 4463 γὰρ
2912 4393 3255 4463 σωματικοὺς
3284 4390 3604 4460 ὀφθαλμοὺς
3623 4392 3650 4442 ὁ
3673 4385 3787 4448 Θεὸς

554 4479 867 4536 illuminans
919 4493 1218 4550 corporeos
1257 4479 1470 4545 oculos,
1505 4494 1574 4534 an
1612 4479 2016 4553 intelligibiles;
2053 4482 2119 4538 de

2228 4485 2459 4556 φωτίζον
2486 4485 2600 4556 φῶς
2633 4485 2780 4538 ἐστιν
2803 4483 2874 4554 ,ἢ
2924 4485 3050 4545 τοὺς
3094 4482 3343 4553 νοητοὺς,
3379 4480 3513 4551 περὶ
3562 4473 3636 4533 ῶν
3663 4476 3789 4530 καὶὸ

553 4571 750 4640 quibus
781 4579 836 4628 et
851 4571 1121 4642 Propheta
1145 4572 1338 4628 dicit"
1371 4589 1385 4626 :
1422 4589 1441 4624 ι
1473 4571 1716 4628 lllumina
1738 4572 1924 4630 oculos
1948 4590 2119 4642 meos,

2229 4577 2511 4648 Προφήτης
2537 4574 2697 4644 φησί’
2738 4591 2755 4624 ι
2790 4572 3027 4626 Φώτισον
3048 4572 3172 4635 τοὺς
3195 4570 3504 4641 ὀφθαλμούς
3549 4587 3669 4642 μου,
3697 4568 3787 4639 μή·

554 4677 620 4718 ne
651 4679 888 4733 unquam
918 4661 1254 4719 obdormiam
1281 4664 1336 4718 in
1373 4674 1564 4720 morte.
1590 4683 1609 4716 ›
1646 4663 1909 4721 Existimo
1941 4676 2119 4722 autem

2229 4683 2360 4722 ποτε
2403 4664 2635 4718 ὑπνώσω
2669 4666 2751 4728 είς
2784 4664 3044 4728 Θάνατον;
3087 4682 3106 4715 ι
3153 4661 3378 4734 Νομίζω
3425 4661 3481 4714 δὲ
3533 4659 3790 4732 προφανὲς

553 4765 802 4826 apertum
846 4757 1155 4827 cuicunque
1182 4769 1306 4812 esse
1341 4771 1441 4812 nos
1475 4757 1900 4828 haudquaquam
1939 4757 2117 4814 dictu-

2228 4759 2388 4812 παντί
2420 4776 2496 4828 τῳ
2522 4756 2633 4829 (⁸15)
2659 4753 2819 4821 εἶναι,
2849 4757 2931 4810 ὅτι
2973 4757 3073 4808 οὐκ
3117 4754 3182 4808 ἂν
3211 4754 3272 4808 τὸ
3311 4752 3406 4806 τοῦ
3446 4753 3603 4824 ἡλίου
3648 4752 3791 4823 ἔργον

553 4861 666 4912 ros,
691 4847 861 4903 Deum
896 4850 1026 4906 solis
1051 4849 1294 4905 officium
1326 4847 1526 4913 facere,
1553 4849 1597 4905 si
1635 4850 1724 4904 alii
1747 4851 1903 4906 cedat
1927 4865 2119 4906 munus

2230 4852 2400 4904 ποιεῖν
2429 4848 2680 4919 λέγοιμεν
2709 4847 2798 4900 τὸν
2826 4848 2978 4910 Θεὸν,
3007 4846 3178 4916 ἑτέρῳ
3216 4845 3650 4916 παραχωροῦντα
3688 4859 3793 4908 φω-

554 4942 862 4998 illustrandi
897 4957 1083 5000 eorum
1115 4944 1304 5000 oculos
1325 4945 1418 5013 qui
1447 4946 1736 5002 dormituri
1761 4963 1864 5001 non
1896 4955 2023 5002 sunt
2065 4947 2118 5001 in

2227 4939 2398 5005 Ιιίίξειν,
2417 4941 2543 5003 τοὺς
2565 4937 2876 5010 ὀφθαλμοὺς
2907 4938 3016 4990 τῶν
3053 4936 3126 5008 μὴ
3162 4934 3566 5005 ὐπνωσομένων
3597 4935 3676 4998 εἰς
3704 4931 3793 4984 01-

555 5042 730 5089 morte
762 5047 936 5104 :ergo
980 5034 1255 5090 illuminat
1295 5037 1435 5093 Deus
1467 5053 1654 5094 eorum
1703 5047 1935 5092 mentem
1985 5053 2119 5106 quos

2227 5051 2420 5088 νατον’
2464 5033 2659 5088 οὐκοῦν
2702 5031 2927 5103 φωτίζει
2971 5033 3000 5084 ό
3037 5029 3170 5094 Θεὸς
3202 5029 3294 5083 τὸν
3336 5027 3459 5082 νοῦν
3505 5022 3588 5082 ὧν
3632 5026 3794 5097 κρίνει

553 5126 746 5192 dignos
771 5123 981 5195 judicat
1011 5126 1228 5196 propria
1266 5125 1683 5182 illuminatione.
1707 5128 1861 5194 Quod
1897 5128 1943 5182 si
1979 5109 2119 5182 men-

2227 5126 2408 5190 ἀξίους
2435 5121 2572 5186 εἶναι
2594 5125 2686 5179 τοῦ
2714 5123 2910 5178 οἰκείου
2936 5120 3238 5192 φωτισμοῦ.
3273 5121 3336 5174 Εἰ
3361 5119 3419 5172 δέ
3443 5119 3536 5173 νοῦ
3561 5121 3673 5172 ἐστι
3694 5135 3796 5185 φω-

550 5237 722 5364 mﬂ‘l
749 5237 908 5296 Joan.
929 5255 970 5306 ι,
1000 5239 1053 5296 5.
1130 5240 1174 5274 ³³
1202 5241 1373 5297 Exod.
1403 5258 1458 5310 x,
1489 5242 1578 5298 23.
1657 5242 1703 5274 ³³
1729 5241 1855 5299 Ose.
1887 5261 1942 5310 x,
1976 5243 2062 5298 19..

2227 5243 2340 5299 icu.
2366 5243 2478 5309 1,5.
2583 5240 2762 5297 ”~-lsa.
2798 5256 2876 5307 ix,
2900 5239 2958 5294 2.
3033 5238 3078 5270 ³⁸
3109 5237 3126 5292 ι
3155 5235 3312 5292 Joan.
3340 5252 3378 5301 ι,
3411 5236 3466 5290 5.
3581 5237 3626 5270 ³⁷
3658 5234 3794 5288 Psal.

627 5345 740 5468 (’69)
785 5404 1344 5474 Ἀσχημονήσομεν.
1395 5402 1486 5460 Sic
1540 5403 1707 5458 codex
1753 5402 2114 5468 Bodleianus;

2227 5419 2397 5474 τερον,
2427 5402 2519 5474 sed
2539 5402 2605 5474 _in
2637 5400 2934 5474 Bodleiano
2963 5417 3069 5474 non
3097 5409 3373 5474 comparet
3408 5400 3566 5470 ἡμῖν.

557 5467 942 5546 ιῖυς-ἰιιεηᾴσχῆ
952 5467 1312 5546 ιξονήσωμενη
1449 5545 1454 5546 γ
1744 5541 1753 5546 _
1854 5543 1864 5546 _
1875 5541 1894 5546 _
2036 5541 2064 5546 __
2075 5542 2085 5546 _
2102 5467 2106 5468 γ

2240 5541 2251 5546 Δ
2288 5467 2404 5546 ’(72)
2448 5472 2750 5540 Ἀόρατον.
2791 5471 2884 5527 Sic
2941 5473 3109 5527 codex
3163 5467 3518 5534 Butllcianu‘s;
3573 5467 3792 5538 Regius,

625 5540 738 5614 (.70)
771 5540 1122 5614 Igui‘jsmab,
1147 5540 1244 5614 κάί
1270 5545 1602 5614 ,βραχίονας
1621 5581 1634 5605 ,
1662 5541 1760 5596 καὶ
1785 5541 1993 5614 πόδας.
2032 5541 2122 5614 Sic
2228 5541 2541 5614 ἀσιῖέματον.

2300 5608 2624 5680 (75)Παντί
2646 5627 2746 5676 τῳ.
2779 5608 2854 5663 Ita
2914 5611 3246 5665 Bodleianus
3310 5611 3521 5680 codex,_
3556 5609 3791 5676 optimc;

2230 5678 2451 5752 Regius,
2478 5696 2777 5752 perperam,
2807 5680 2970 5752 παντὶ
3007 5681 3089 5752 τό.
3122 5680 3276 5750 cujus
3335 5680 3453 5736 loco
3507 5678 3789 5748 legendum

2231 5749 2489 5810 censebat
2515 5749 2740 5812 linctius
2772 5751 2935 5806 παντὶ
2965 5750 3142 5806 τοῦτο.

555 5609 729 5684 ςιιιιει
799 5609 1157 5678 Bodleianus;
1218 5609 1452 5683 ιιυςίυξ,
1511 5614 1697 5684 χεῖράς
1757 5629 1814 5665 τε
1867 5611 1963 5664 καὶ
2024 5611 2122 5662 πό-

555 5679 740 5822 ὁθιῖῗι)
772 5748 970 5818 Regius
1001 5749 1195 5817 codex,
1225 5750 1369 5806 κατὰ
1395 5752 1454 5806 τὸ
1483 5753 1704 5806 δυνατὸν
1741 5753 1869 5822 ἡμῖν
1898 5749 2127 5811 συνετώ-
