3948 6206
229 311 338 369 ιόἳ

1284 309 1642 369 COMMENT.
1685 310 1752 365 i-N
1787 310 1980 367 JOAN.
2021 308 2264 366 TOMUS
2293 297 2430 365 Xili.

3368 302 3476 357 433

223 427 488 494 τιστικὸς,
511 427 651 484 κατὰ
671 428 730 484 τὸ
750 427 1054 498 λεγόμενον·
1083 447 1100 480 ι
1124 428 1326 501 Κύριος
1343 431 1618 502 φωτισμός
1645 449 1766 503 μου,
1781 450 1799 482 ι

1915 431 1980 486 tis
2003 441 2092 486 est
2121 430 2449 494 illusit-ator,
2473 427 2628 499 juxta
2657 426 2786 482 illud
2817 425 2958 496 quod
2987 421 3282 478 dicitur”:
3321 437 3339 471 ι
3374 418 3478 473 Do»

225 521 442 594 ἀνάγκη
479 521 640 576 αὑτὸν
683 522 866 592 νοητὸν
913 522 1264 592 τυγχάνοντα,
1300 524 1394 576 καὶ
1430 524 1677 596 ἀόρατον,
1715 523 1806 578 καὶ

227 610 544 684 ἀσώματον,
592 613 683 666 τοῦ
731 613 822 666 νοῦ
851 613 1082 684 ἀοράτου
1115 616 1262 686 ἡμᾶς
1291 615 1453 669 αὑτὸν
1491 616 1808 688 ὑπολαμδά-

225 719 340 754 νειν
368 702 484 770 φῶς
505 698 642 757 εἶναι
665 701 1068 774 ἀσώματον,τῷ
1099 705 1307 775 μήποτε
1337 705 1430 758 καὶ
1465 723 1484 756 ι
1525 705 1647 776 πῦρ¹
1669 724 1806 760 κατ-

227 791 515 845 αναλίσκον
583 809 602 843 ι
650 791 940 861 λεγόμενον
977 791 1114 847 εἶναι
1150 793 1282 848 Θεὸν
1303 797 1662 866 ,σωματικὸν
1695 796 1808 870 πῦρ

229 879 496 952 σωμάτων
527 882 856 938 ἀναλωτικὸν
891 881 1028 938 εἶναι
1069 885 1245 939 δοκεῖν
1267 926 1283 952 ,
1327 883 1437 941 οἷον
1468 887 1669 954 ξύλων,
1713 890 1807 943 καὶ

227 973 444 1044 χόρτου,
479 974 570 1027 καὶ
599 974 855 1046 καλάμης
879 992 892 1006 °
923 977 971 1029 εἰ
998 977 1054 1030 δὲ
1075 979 1132 1031 ὲν
1163 980 1293 1049 ἡμῖν
1320 979 1468 1032 ἐστιν
1493 979 1622 1032 ἰδεῖν
1652 979 1804 1045 ξύλα,

226 1064 324 1116 καὶ
352 1063 561 1136 χόρτον,
584 1066 678 1119 καὶ
700 1066 973 1137 καλάμην,
1012 1069 1220 1140 μήποτε
1240 1069 1302 1123 τὸ
1339 1069 1675 1124 ἀναλωτικὸν
1707 1070 1808 1142 τῆς

226 1153 481 1224 τοιαύτης
503 1154 634 1227 ὕλης
658 1157 770 1229 πῦρ
793 1159 820 1210 ὁ
851 1157 984 1222 Θεός
1013 1160 1156 1212 ἐστιν
1183 1159 1359 1231 ἡμῶν,
1401 1180 1418 1212 ι
1452 1160 1564 1232 πῦρ
1601 1180 1619 1213 ι
1657 1161 1808 1231 λεγὸ-

228 1261 390 1313 μενος
415 1242 553 1300 εἶναι
590 1265 608 1297 ι
647 1248 1036 1302 καταναλίσκον
1059 1266 1070 1278 ⁸
1090 1270 1106 1302 ι
1140 1253 1233 1304 καὶ
1264 1252 1474 1323 πρέπον
1500 1269 1564 1321 γε
1593 1253 1671 1324 τῷ
1697 1255 1811 1306 Κυ-

228 1336 332 1406 ρίῳ
368 1336 482 1390 ἐστὶ
507 1337 578 1394 τὸ.
593 1339 882 1392 ἀναλίσκον
908 1339 976 1393 τὰ
1000 1341 1224 1395 τοιαῦτα
1254 1343 1389 1413 (74),
1423 1343 1517 1396 καὶ¹
1549 1343 1809 1413 ἐξαφανί-

227 1426 344 1490 ζειν
374 1428 442 1482 τὰ
470 1429 687 1502 χείρονα
710 1448 723 1462 ·
759 1424 820 1484 οὗ
866 1434 1153 1505 γινομένου
1199 1435 1497 1506 ἀλγηδόνας
1533 1431 1684 1506 οἶμαι
1717 1437 1809 1490 καὶ

228 1521 423 1586 πόνους
467 1523 709 1591 γίνεσθαι
749 1524 849 1578 οὐκ
903 1527 1010 1580 ἀπό
1066 1544 1212 1590 τινος
1252 1527 1566 1598 σωματικῆς
1596 1529 1810 1599 ἐπαφῆς

225 1612 444 1683 περὶτὰ
475 1616 796 1685 ἡγεμονικὰ,
820 1616 950 1670 ἔνθα
981 1617 1211 1687 συνέστη
1233 1619 1266 1688 ἡ
1297 1617 1392 1670 τοῦ
1417 1617 1806 1672 καταναλίσκε-

225 1704 351 1758 σθαι
377 1706 503 1772 ἀξία
527 1707 803 1780 οἰκοδομή.
836 1708 956 1771 Φῶς
988 1705 1083 1763 οὖν
1123 1709 1443 1780 ὀνομάζεται
1469 1710 1498 1760 ό
1525 1708 1674 1773 Θεὸς,
1699 1709 1806 1762 ἀπὸ

1909 522 2091 577 minus
2151 521 2478 576 illuntinatio
2526 535 2666 584 mea,
2695 539 2719 572 »η
2769 530 2993 572 necesse
3031 523 3115 571 est
3165 513 3339 582 ipsum
3378 509 3474 578 qui

1908 625 2091 668 mente
2124 615 2390 675 cernitur,
2430 613 2522 682 qui
2559 611 2659 666 sub
2691 609 2866 664 visum
2919 623 3022 660 nou
3069 603 3238 666 cadit,
3268 604 3358 670 qui
3392 613 3477 657 est

1907 722 2100 775 expers
2124 706 2391 775 corporis,
2431 705 2599 775 ipsius
2630 703 2848 765 mentis,
2883 717 3006 772 qua:
3036 701 3136 755 sub
3167 700 3340 753 visum
3369 713 3473 752 non

1907 799 2074 862 cadit,
2128 797 2305 852 lucem
2348 811 2472 851 esse
2522 808 2752 864 corpore
2798 803 3100 855 carentem,
3147 789 3289 860 quod
3337 790 3476 843 Dens

1920 908 1930 941 ι
1957 889 2096 959 ignis
2127 903 2452 946 consumens
2482 908 2500 941 ι
2531 887 2714 942 dictus
2746 885 2810 949 ",
2846 900 3188 955 nequaquam
3213 896 3478 952 corpora-

1909 979 1973 1034 lis
2011 980 2150 1049 iguis
2182 995 2304 1035 esse
2337 981 2606 1042 videatur,
2637 975 2729 1045 qui
2754 987 3037 1030 consumat
3065 987 3326 1042 corpora,
3361 968 3478 1022 vet-

1909 1067 1986 1121 uli
2039 1066 2205 1137 ligna,
2237 1066 2439 1134 fenum,
2487 1065 2742 1135 stipulam
2769 1066 2846 1131 ⁸⁰;
2883 1064 2974 1118 sed
3010 1065 3054 1118 si
3085 1071 3377 1117 cernantur
3425 1059 3480 1113 in

1910 1156 2068 1213 nobis
2099 1157 2275 1228 ligna,
2305 1157 2510 1222 fenum,
2541 1157 2759 1226 stipula,
2789 1156 2861 1210 sit
2901 1156 3044 1210 Dens
3099 1163 3285 1209 noster
3317 1153 3482 1221 ignis,

1913 1249 2036 1304 tatis
2079 1250 2314 1304 materiae
2350 1257 2726 1316 consumptor,
2767 1247 2860 1316 qui
2902 1247 3102 1302 dicitur
3133 1263 3150 1296 ι
3178 1244 3321 1313 ignis
3350 1259 3484 1298 con-

1910 1356 2162 1404 sumens;
2200 1360 2217 1392 ι
2251 1344 2513 1411 decetqne
2540 1342 2783 1412 profecto
2812 1340 3103 1393 Dominum
3133 1337 3258 1390 talia
3285 1351 3485 1390 consu-

1912 1442 2059 1480 mere
2086 1427 2376 1496 deiereque
2410 1431 2617 1498 pejora,
2675 1444 2801 1498 quo
2823 1428 2968 1481 facto
3008 1427 3221 1481 dolores
3247 1425 3487 1479 arbitror

1911 1516 2233 1584 laboresque
2259 1517 2392 1571 oriri
2431 1519 2577 1572 nullo
2607 1532 2872 1586 corporeo
2910 1526 3052 1570 tactu
3103 1517 3247 1571 circa
3275 1517 3485 1584 princi-

1910 1614 2065 1676 patus
2110 1617 2164 1658 et
2205 1614 2390 1674 partes
2423 1606 2620 1659 anima:
2663 1605 3162 1673 prmsmntissimas,
3192 1603 3282 1658 ubi
3340 1613 3487 1660 stru-

1910 1705 2058 1750 ctura
2091 1694 2254 1749 fuerit
2277 1695 2430 1764 digna
2461 1711 2579 1764 quae
2603 1705 3024 1751 consummetur.
3046 1695 3159 1748 Lux
3188 1710 3318 1765 ergo
3345 1695 3484 1750 Deus

222 1799 319 1853 τοῦ
354 1801 664 1872 σωματικοῦ
707 1803 885 1871 φωτὸς
925 1801 1285 1873 μεταληφθεὶς
1329 1805 1408 1866 εἰς
1443 1802 1668 1873 ἀόρατον
1711 1803 1799 1855 καὶ

1909 1789 2239 1855 nominatur,
2281 1789 2638 1844 translatione
2669 1798 2882 1859 sumpta
2912 1805 2940 1842 a
2979 1787 3098 1842 luce
3126 1802 3392 1858 corporea
3416 1789 3481 1840 ad

221 1891 516 1962 ἀσώματον
567 1894 704 1962 φῶς,
737 1893 825 1947 διὰ
874 1894 973 1963 τὴν
1027 1895 1084 1947 ἐν
1133 1891 1212 1963 τῷ
1277 1892 1526 1961 φωτίζειν
1581 1891 1804 1963 νοητοὺς

218 1983 540 2052 ὀφθαλμοὺς
584 1983 810 2056 δύναμιν
861 1983 1002 2038 οὕτω
1044 1984 1332 2054 λεγόμενος
1366 2001 1379 2014 ·
1443 2003 1471 2036 ι
1506 1982 1616 2056 πῦρ
1675 2004 1693 2035 ι
1744 2000 1804 2036 τε

219 2074 688 2144 προσαγορεΰεται
711 2093 729 2126 ι
759 2074 1166 2139 καταναλίσκον,
1196 2093 1214 2126 ι
1242 2075 1349 2128 ἀπὸ
1371 2075 1466 2129 τοῦ
1495 2075 1806 2147 σωματικοῦ

220 2163 418 2235 πυρὸς,
445 2165 539 2218 κιαι)⁸
575 2164 1006 2218 καταναλωτικοῦ
1032 2165 1131 2236 τῆς
1158 2167 1370 2219 τοιᾶσδε
1412 2165 1543 2238 ὕλης
1586 2167 1810 2238 νοούμεο

220 2271 332 2316 νος.
370 2252 621 2322 Τοιοῦτόν
667 2271 719 2307 τι
753 2273 840 2326 μοι
875 2257 1124 2325 φαίνεται
1153 2259 1244 2311 καὶ
1287 2259 1413 2330 περὶ
1441 2259 1502 2312 τὸ
1533 2258 1748 2330 πνεῦμα
1779 2260 1808 2312 ὁ

217 2342 356 2406 Θεός
375 2360 389 2373 ·
416 2344 536 2396 ἐπεὶ
558 2343 667 2415 γὰρ
689 2346 768 2408 εἰς
797 2345 894 2416 τὴν
907 2347 1021 2417 (75)
1053 2347 1230 2418 μέσην
1263 2349 1368 2400 καὶς
1381 2348 1685 2419 κοινότερον
1711 2366 1809 2402 κα-

219 2432 488 2504 λουμένην
521 2432 665 2505 ζωὴν
704 2433 939 2505 ὁρῶντες
965 2435 1075 2489 τοῦ,
1116 2439 1246 2508 περὶ⁸
1292 2440 1441 2509 ἡμᾶς
1474 2441 1804 2509 πνευματος,

217 2522 324 2592 τὴν
372 2521 708 2594 καλουμένην
751 2524 1204 2598 σωματικὼτερον
1257 2529 1424 2600 πνοὴν
1474 2529 1620 2600 ζωῆς
1669 2529 1805 2595 ζωο-

223 2612 521 2674 ποιούμεθα
571 2614 680 2668 ἀπὸ
727 2615 820 2668 τοῦ
877 2617 1222 2689 πνεύματος,
1283 2620 1648 2692 ὑπολαμϐάνω
1709 2623 1804 2676 ἀπ’

218 2704 430 2760 ἐκείνου
463 2704 711 2778 εἰλῆφθαι
750 2706 810 2760 τὸ
847 2707 1066 2779 πνεῦμα
1104 2709 1355 2777 λέγεσθαι
1379 2711 1470 2766 τὸν
1505 2711 1637 2766 Θεὸν
1671 2714 1808 2784 πρὸς

217 2797 320 2868 τὴν
365 2798 623 2870 ἀληθινὴν
668 2796 811 2869 ζωὴν
852 2799 1000 2870 ἡμᾶς
1053 2799 1252 2869 ἄγοντα
1276 2818 1289 2832 ·
1338 2803 1398 2856 τὸ
1441 2803 1656 2875 πνεῦμα
1698 2806 1806 2877 γὰρ

218 2887 364 2940 κατὰ
411 2888 524 2964 τὴν.
548 2885 767 2958 Γραφὴν
810 2885 1025 2958 λέγεται
1084 2890 1397 2956 ζωοποιεῖν,
1455 2894 1684 2966 φανερὸν
1723 2895 1805 2950 ὄτι

219 2977 546 3050 ζωοποίησιν
578 2978 640 3031 οὐ
672 2975 768 3048 τὴν
811 2978 984 3050 μέσην
1005 3017 1020 3042 ,
1055 2979 1191 3033 ἀλλὰ
1217 2980 1317 3052 τὴν
1362 2981 1638 3054 θειοτέραν
1661 3001 1674 3014 ·
1711 2985 1804 3038 καὶ

215 3072 331 3141 γὰρ
375 3071 436 3126 τὸ
496 3071 729 3145 γράμμα
761 3072 1092 3137 ἀποκτείνει,
1137 3073 1229 3126 καὶ
1276 3075 1494 3144 ἐμποιεῖ
1550 3074 1799 3144 θάνατον,

212 3165 280 3217 οὐ
321 3164 412 3217 τὸν
455 3164 593 3218 κατὰ
629 3165 720 3218 τὸν
768 3165 1044 3237 χωρισμὸν
1085 3165 1184 3236 τῆς
1223 3165 1400 3237 ψυχῆς
1429 3167 1537 3220 ἀπὸ
1562 3167 1656 3223 τοῦ
1689 3169 1794 3223 σώ-

219 3271 430 3327 ματος,
469 3255 604 3308 ἀλλὰ
633 3255 726 3309 τὸν
758 3255 898 3310 κατὰ
933 3255 1024 3309 τὸν
1062 3254 1204 3326 (76)
1240 3259 1515 3329 χωρισμὸν
1554 3259 1654 3330 τῆς
1689 3260 1794 3331 ψυ-

216 3346 322 3417 χῆς
353 3345 462 3400 ἀπὸ
493 3346 596 3399 τοῦ·
619 3343 786 3411 Θεοῦ,
829 3347 923 3401 καὶ
958 3345 1054 3400 τοῦ
1093 3347 1301 3418 Κυρίου
1338 3349 1501 3404 αὑτοῦ
1522 3393 1536 3419 ,
1579 3352 1670 3406 κοιλ⁵
1699 3351 1794 3406 τοῦ

218 3437 378 3506 ἁγίου
413 3435 550 3491 Πνεύ
559 3454 746 3508 ματος.

290 3528 381 3582 24.
409 3530 630 3601 Μήποτε
669 3529 724 3583 δὲ
765 3531 860 3584 καὶ
900 3531 960 3584 τό
983 3549 996 3562 ο
1039 3549 1061 3583 ‹
1111 3533 1441 3597 Ἀντανελείς
1481 3535 1540 3588 τὸ
1583 3536 1796 3608 πνεῦμα

220 3617 437 3682 αὐτῶν,
475 3619 565 3672 καὶ
605 3619 944 3689 ἐκλείψουσιν
985 3639 1002 3672 ι
1054 3622 1176 3686 καὶ,
1217 3641 1236 3674 ι
1292 3623 1698 3691 Ἐξαποστελεῖς
1737 3629 1796 3681 τὸ

221 3708 440 3781 πνεῦμά
467 3727 593 3774 σου,
628 3712 722 3764 καὶ
762 3711 1174 3784 κτισθήσονται,
1217 3715 1308 3768 καὶ
1355 3716 1685 3780 ἀνακαινιεῖς
1737 3719 1798 3772 τὸ

222 3802 512 3871 πρόσωπον
541 3803 642 3874 τῆς
673 3805 775 3875 γῆς
797 3845 811 3869 ,
853 3822 872 3856 ι
927 3805 1130 3876 βέλτιον
1167 3805 1510 3876 ὲκληψόμεθα
1553 3809 1660 3861 ἀπὸ
1700 3810 1794 3863 τοῦ

221 3893 556 3965 Πνεύματος,
579 3895 674 3949 καὶ
704 3895 1176 3967 ὑπολαμϐάνοιμεν
1200 3897 1332 3967 (77),
1359 3899 1438 3950 ὅτι
1464 3901 1492 3952 ὁ
1525 3901 1798 3972 στερισκό-

223 4001 386 4055 μενος
416 3983 508 4038 τοῦ
533 3983 677 4039 Θείου
705 3987 1022 4058 Πνεύματος
1043 3986 1222 4058 χοῖκὸς
1243 3987 1468 4055 γίνεται,
1497 3989 1796 4060 ἐπιτήδειόν

214 4093 280 4129 τε
315 4077 503 4130 ἑαυτὸν
537 4079 765 4148 ποιήσας
803 4076 939 4149 πρὸς
975 4076 1284 4149 παραδοχὴν
1312 4077 1474 4131 αὐτοῦ
1498 4119 1512 4143 ,
1561 4080 1654 4132 καὶ
1703 4077 1798 4132 λα-

218 4167 332 4220 ϐὼν
363 4169 493 4222 αὐτὸ
525 4168 974 4240 ἀνακτισθήσεται
1001 4169 1094 4222 καὶ
1126 4169 1635 4242 ἀνακαινισθήσεται
1663 4171 1795 4244 (78).

291 4285 336 4317 ³³
371 4284 510 4339 Psal.
545 4301 701 4348 xxvr,
734 4285 782 4340 i.

217 4356 275 4411 6.
354 4356 467 4387 ⁸⁵⁸⁸³
496 4355 624 4410 ibid.
699 4357 744 4387 ⁵ο
776 4353 916 4409 Psal.
950 4369 1065 4420 cut,
1097 4356 1184 4411 29.
1262 4356 1306 4387 ⁸¹
1333 4356 1461 4413 ibid.
1493 4357 1584 4411 '50.

859 4285 902 4357 ’ξ
941 4284 1229 4357 ﬂebunt,
1257 4285 1360 4357 29.
1425 4285 1471 4318 “
1502 4287 1518 4340 1
1548 4287 1670 4343 (ἔστι
1724 4304 1799 4356 Ill;

1914 4331 1924 4345 .
2001 4292 2043 4323 ’δι
2071 4289 2234 4348 llebr.
2259 4307 2358 4357 xu,
2385 4289 2476 4346 29.
2551 4292 2594 4322 δ’
2615 4288 2771 4346 Joan.
2803 4306 2876 4356 tv,
2907 4291 2997 4345 24.

1907 1877 2228 1934 invisibiletu
2259 1888 2312 1934 et
2349 1880 2726 1950 incorpoream
2778 1880 2976 1945 lucem,
3003 1875 3274 1950 233‘sie
3302 1879 3484 1935 dictus

1906 1983 2128 2044 propter
2169 1973 2280 2028 vim
2324 1952 2663 2028 illuminandi
2706 1973 2894 2028 oculos
2950 1973 3339 2044 intelligibilcs.
3372 1976 3481 2041 Ap-

1907 2066 2136 2136 peliatur
2182 2065 2346 2119 etiam
2395 2081 2413 2116 ι
2449 2064 2589 2134 ignis
2649 2066 3106 2128 constituens“,r
3165 2062 3481 2120 considera-

1911 2158 2059 2211 tione
2107 2156 2290 2211 ltabita
2325 2155 2394 2210 ab
2427 2170 2492 2210 eo
2525 2156 2647 2226 igne
2676 2156 2768 2227 qui
2806 2167 2890 2211 est
2940 2171 3230 2227 corporeus
3263 2165 3318 2210 et
3352 2170 3482 2212 con.

1908 2259 2153 2318 sutnptor
2189 2247 2310 2302 talis
2348 2247 2606 2302 materiae.
2642 2247 2834 2302 Simile
2873 2249 3128 2318 quiddam
3164 2247 3296 2302 mihi
3333 2247 3483 2303 vide-

1911 2349 2000 2395 tur
2031 2356 2149 2396 esse
2207 2341 2366 2405 Deus,
2417 2355 2540 2395 cum
2578 2340 2804 2410 spiritus
2845 2340 3043 2396 dicitur
3080 2342 3125 2372 “
3163 2355 3180 2396 :
3223 2342 3479 2410 quoniam

1909 2433 2050 2488 enim
2090 2432 2454 2487 vivitieatione
2485 2446 2547 2487 ea
2583 2448 2706 2502 quae
2743 2433 2918 2488 media
2963 2442 3067 2498 est,
3101 2441 3158 2487 et
3187 2447 3306 2503 qua:
3330 2445 3484 2488 com-

1877 2593 1880 2596 .
1908 2523 2142 2578 muniori
2187 2522 2448 2578 vocabulo
2473 2524 2578 2578 vita
2619 2522 2940 2594 appellatur,
2973 2525 3118 2579 dicta
3159 2524 3322 2579 etiam
3353 2538 3479 2577 cor-

1877 2615 2109 2684 poralis
2159 2614 2317 2669 ﬂatus
2352 2614 2473 2668 vita:
2499 2653 2514 2679 ,
2541 2615 2790 2670 viventes
2821 2615 3160 2669 viviﬁcantur
3192 2631 3222 2668 a
3253 2615 3481 2684 spiritu;

1910 2706 2034 2762 inde
2064 2715 2335 2776 sumptum
2363 2704 2533 2760 fuisse
2560 2705 2822 2769 arbitror,
2869 2715 2926 2759 ut
2963 2707 3114 2761 Deus.
3151 2705 3356 2763 ducens
3385 2723 3484 2763 nos

1907 2799 1974 2854 ad
2003 2798 2169 2852 vitam
2210 2813 2415 2864 veram,
2457 2799 2682 2868 spiritus
2734 2799 2967 2855 dicatur.
3018 2800 3256 2868 Spiritus
3309 2801 3478 2866 enim,

1908 2907 2064 2957 more
2093 2907 2266 2948 sacrae
2307 2890 2628 2962 Scriptura,
2653 2893 2848 2948 dicitur
2877 2894 2929 2946 id
2961 2893 3103 2963 quod
3151 2893 3391 2948 viviticat
3411 2894 3478 2959 “,

1910 3001 2017 3040 non
2052 2983 2544 3048 eaviviiicatione,
2577 3000 2698 3055 qua:
2727 2997 2809 3040 est
2833 2985 3035 3052 media,
3063 2983 3158 3040 sed
3187 2984 3435 3040 diviniori
3463 3004 3476 3048 ;

1907 3078 2105 3134 ctenim
2134 3076 2312 3133 littera
2332 3077 2532 3132 occidit
2552 3077 2690 3142 “"’,
2713 3078 3063 3148 etingencrat
3091 3088 3340 3146 mortem,
3373 3095 3478 3132 nou

1904 3183 2025 3224 eam
2057 3183 2178 3238 qua:
2207 3178 2288 3223 est
2317 3168 2585 3238 separatio
2637 3168 2832 3222 anima:
2860 3184 2888 3222 a
2928 3183 3176 3238 corpore,
3208 3169 3300 3226 sed
3333 3186 3480 3224 mor-

1905 3268 2012 3314 tem
2053 3273 2174 3329 qna:
2225 3261 2464 3315 animant
2501 3276 2529 3316 a
2572 3261 2681 3316 Deo
2708 3267 2762 3316 et
2796 3259 3032 3316 Domino.
3069 3276 3168 3315 suo
3201 3271 3257 3316 et
3287 3273 3476 3317 saucio

1902 3351 2107 3423 Spiritu
2134 3363 2375 3425 separat.

1974 3533 2063 3590 24.
2103 3534 2234 3592 Vide
2265 3536 2429 3608 igitur
2450 3552 2516 3591 ne
2543 3538 2685 3591 forte
2708 3537 2836 3591 illud
2870 3551 2884 3592 :
2923 3554 2942 3589 ι
2976 3535 3202 3590 Auferes
3223 3537 3472 3604 spiritum

1902 3625 1969 3679 ab
2009 3626 2107 3692 eis,
2136 3635 2189 3681 et
2229 3627 2592 3693 deficient“;
2625 3646 2643 3680 ι
2679 3637 2736 3682 et
2780 3627 2950 3681 illud:
2989 3644 3008 3678 ι
3051 3625 3278 3680 Emittcs
3316 3626 3476 3695 spiri-

1903 3723 2012 3768 tutn
2046 3725 2214 3778 tuum,
2251 3726 2304 3771 et
2344 3717 2700 3780 creabuntur,
2737 3723 2790 3770 et
2815 3715 3108 3771 renovabis
3136 3715 3329 3770 facient
3363 3727 3473 3770 ter-

1903 3822 1974 3860 rte
1995 3808 2064 3872 ἰ,
2090 3827 2108 3860 ι
2148 3807 2340 3862 melius
2371 3821 2766 3875 exponeremus
2796 3809 2860 3862 de
2892 3807 3075 3862 divino
3105 3806 3328 3876 Spiritu,
3361 3809 3476 3862 exi-

1902 3895 2187 3952 stimantes
2219 3898 2364 3965 quod
2397 3895 2486 3966 qui
2533 3896 2780 3966 privatur
2809 3898 2990 3952 divino
3039 3897 3266 3966 Spiritu,
3301 3905 3474 3951 terre-

1904 4001 2007 4042 nus
2041 3986 2344 4054 eiliciatur;
2383 4002 2505 4044 cum
2539 3996 2729 4044 contra
2772 3988 2862 4057 qui
2891 3999 3075 4055 aptum
3117 3987 3354 4056 scipsunt
3385 3986 3472 4052 [c-

1903 4078 2042 4134 cerit
2067 4085 2134 4135 ad
2165 4081 2563 4148 susceptionem
2596 4079 2788 4150 ipsius,
2821 4090 2874 4135 et
2906 4095 3027 4134 etim
3059 4079 3351 4149 acceperit,
3380 4092 3470 4132 re-

1906 4182 2133 4228 novetur
2163 4183 2219 4227 et
2247 4173 2420 4228 denuo
2449 4181 2686 4227 creetur.
2729 4171 3047 4243 llujusmodi
3083 4170 3338 4240 quiddam
3386 4177 3474 4226 est

3079 4290 3120 4321 ⁸³
3148 4289 3189 4343 ll
3217 4290 3342 4343 Cor.
3385 4303 3468 4352 tu.

295 4445 405 4516 (74)
432 4445 561 4525 ’Τοῦ
593 4445 704 4501 νοῦ
731 4445 994 4525 ῥοράτου
1034 4444 1189 4516 ἡμᾶς
1216 4447 1790 4525 ἀύτὸν-ὑπολαμόάτ

1905 4449 2257 4525 τες-(ἑταιρικῇ
2287 4466 2393 4507 non
2427 4461 2550 4506 est:
2581 4448 2831 4525 bardum;
2855 4447 2998 4525 q_uu_d
3030 4444 3468 4525 legisse-vitietur

217 4515 616 4596 eretriae..."
639 4516 745 4596 _xal
787 4515 1017 4596 πρέπον
1059 4533 1127 4586 γε
1145 4517 1248 4596 ,τῷ
1284 4517 1496 4596 μυρίῳ.
1541 4515 1672 4573 cati
1725 4521 1790 4596 ro

218 4586 561 4640 ἀναλίσκον
592 4585 664 4640 τὰ
688 4585 952 4652 τοιαῦτα,
982 4595 1088 4641 etc.
1143 4585 1234 4642 Sic
1284 4585 1428 4641 hunc
1483 4587 1681 4653 locum,
1737 4589 1790 4644 iu

218 4657 410 4726 codice
439 4654 608 4725 Regio
638 4657 836 4711 misere
889 4656 1127 4710 luxatum
1161 4665 1216 4710 et
1248 4657 1488 4710 hiatibus
1545 4657 1789 4726 plenum,

218 4725 446 4779 sanitati
498 4726 836 4780 restituimus
883 4727 1078 4795 partim
1111 4741 1173 4780 ex
1224 4727 1410 4782 codice
1471 4725 1788 4792 Bodleiano,

219 4795 422 4864 partim
457 4809 521 4849 ex
551 4795 868 4864 Barberino.

241 4863 418 4988 ο(ξ’ἵὲὶ)
455 4865 618 4920 Ἐπεὶ
637 4863 748 4934 γὰρ
786 4867 873 4932 εις
896 4865 1032 4934 τήν,
1059 4873 1164 4920 etc.
1205 4863 1374 4920 Locus
1397 4867 1486 4921 hic
1509 4866 1790 4921 curatione

323 4938 450 4988 inet.
487 4951 650 4988 ouant
687 4951 752 4988 ex
793 4935 1068 4988 codicibus
1108 4935 1310 4988 nostris
1357 4950 1491 4988 mss.
1546 4937 1636 4988 vix
1685 4936 1788 4988 sibi

218 4934 450 5005 indiget,
487 4951 650 5005 quam
687 4951 752 4989 ex
793 4935 1068 5005 codicibus
1108 4935 1310 4990 nostris
1357 4950 1491 5005 mss.
1546 4937 1636 5005 vix
1685 4936 1788 5005 sibi

219 5004 348 5071 quis
369 5003 638 5071 spondere
668 5003 856 5074 possit.
885 5006 970 5059 Ad
993 5008 1289 5074 marginem
1335 5003 1542 5059 codicis
1587 5004 1790 5058 Barbe-

222 5074 330 5146 riui
356 5084 410 5126 ct
438 5073 709 5146 Bodleiani
746 5073 944 5146 tegitur
977 5092 991 5127 :
1029 5074 1183 5146 Ἐπεὶ
1235 5073 1342 5146 γᾴρ
1385 5075 1435 5126 οἱ
1478 5074 1790 5146 τὴνμμέσην

219 5143 646 5216 και-κοινότερον
685 5142 1029 5216 καλουμένην
1080 5143 1222 5216 ζωὴν
1277 5142 1476 5208 ζῶντες
1515 5142 1628 5216 τοῦς
1665 5142 1792 5214 περὶ

221 5213 370 5286 sua;
410 5212 739 5286 πνευματος,
946 5212 1284 5286 καλουμένην
1339 5212 1790 5286 σωματικώτερον

222 5283 395 5353 πνοὴν
431 5282 598 5355 ζωῆς,
627 5282 1061 5355 ζωοποιούμεθα,
1095 5282 1250 5355 _etc.,'
1286 5282 1448 5353 quam
1503 5282 1788 5355 lectiottettt

221 5352 440 5425 secutus
470 5354 702 5425 videtur
729 5352 1052 5425 Ferrarius,
1092 5352 1370 5408 l’erionius
1411 5369 1507 5419 pro
1557 5353 1791 5425 ὁρῶντες

223 5420 421 5488 legisse
445 5421 654 5478 videtur
683 5423 952 5486 ὑπιόντος,
1013 5423 1091 5476 sic
1148 5435 1325 5476 autem
1393 5420 1788 5477 totutn'locunt

221 5491 609 5559 interpretatus
635 5502 719 5547 est
748 5510 763 5547 :
793 5511 812 5543 ι
837 5493 1098 5558 Quoniam
1125 5493 1266 5545 enim
1293 5506 1417 5544 cunt
1450 5493 1501 5544 in
1535 5493 1788 5556 mediam,

221 5571 277 5612 et
317 5562 368 5614 in
393 5575 537 5632 eam,
570 5578 691 5632 qua:
717 5561 912 5630 saepius
936 5563 1044 5632 vita
1073 5562 1394 5632 appellatur,
1429 5562 1654 5628 spiritus
1694 5563 1790 5628 qui

224 5644 324 5683 nos
353 5630 756 5693 ambit,.iutrat
781 5645 845 5684 eo
869 5631 1059 5697 spiritu
1089 5633 1227 5697 \il:l‘.,
1257 5631 1348 5698 qui
1379 5631 1618 5684 crassior
1652 5631 1792 5684 diei-

224 5708 336 5762 tur,
369 5700 473 5752 vivi
504 5700 816 5754 eilicirnnra
846 5699 1059 5766 Spiritu,
1097 5719 1114 5750 ι
1154 5709 1259 5754 etc.
1293 5701 1347 5752 lu
1387 5700 1574 5754 Codice
1625 5701 1792 5766 Regio

225 5783 326 5837 pro
349 5768 584 5840 ὁρῶντες
609 5769 804 5840 legitur
824 5768 1086 5833 ὁπῶντες.
1121 5779 1176 5826 at
1226 5769 1568 5826 narticiuiutu
1626 5770 1792 5818 (mihi.

1895 4511 2194 4594 Perionius.
2225 4535 2388 4594 sensu
2410 4530 2589 4594 caret,
2610 4511 2847 4586 itemque
2872 4511 3108 4594 ὀρῷντεξ
3133 4515 3288 4568 codd.
3309 4511 3465 4594 pod-

1893 4590 2052 4646 leiani
2076 4601 2132 4644 et
2157 4591 2459 4646 Barberini.
2489 4591 2625 4643 Aliis
2645 4585 2778 4658 ergo
2813 4585 2920 4655 pro'
2938 4585 3173 4658 ὁρῶντες
3217 4585 3464 4658 scriben-

1893 4661 2017 4730 dum
2043 4661 2256 4730 videtur
2281 4660 2538 4730 ὁρῶντος,
2559 4674 2626 4730 ac
2648 4652 2870 4730 vertunt
2899 4652 3139 4730 ad'itunc
3185 4652 3412 4730 modum
3446 4671 3460 4706 :

1897 4748 1915 4781 ι
1952 4729 2081 4782 Tale
2114 4729 2241 4796 quid
2298 4721 2426 4782 mihi
2482 4721 2694 4782 videtur
2725 4735 2787 4796 et_
2829 4729 2894 4778 de
2943 4723 3072 4778 illo:
3107 4721 3344 4792 Spiritus
3380 4733 3464 4796 est

1893 4797 2051 4852 Deus.
2091 4817 2110 4848 ι
2133 4793 2291 4850 ’Ναιη
2344 4798 2468 4865 quia
2507 4813 2628 4850 eum
2661 4794 2886 4866 spiritus
2919 4802 3103 4848 noster
3131 4800 3354 4866 speetet
3394 4793 3462 4845 ad

1894 4869 2124 4921 mediam
2155 4905 2169 4929 ,
2230 4874 2285 4918 et
2330 4862 2634 4936 _vttlgarius
2693 4862 3036 4936 appellatam
3093 4863 3298 4936 vitam,
3340 4878 3463 4931 qua:

1893 4937 2062 5006 magis
2096 4931 2710 5006 corporaliter'voeatur
2733 4934 2890 4988 ﬂatus
2932 4936 3075 5006 vitat,
3126 4931 3462 5006 viviilc_autur

1891 5022 1921 5060 a
1958 5003 2149 5076 spiritu
2173 5003 2350 5065 {inde
2383 5015 2656 5076 sumptum
2683 5003 2850 5076 fuisse
2890 5004 3158 5076 arbitror,
3200 5004 3450 5076 ut_Deus.

1891 5072 2124 5144 quinos
2151 5077 2298 5130 ducit
2345 5077 2412 5130 ad
2461 5072 2642 5130 veram
2709 5075 2894 5144 vitam,
2945 5074 3170 5144 spiritus
3227 5072 3454 5144 dicatur.

1892 5141 2128 5214 Spiritus
2167 5147 2308 5200 enim
2334 5147 2634 5201 secundum
2675 5143 3011 5212 Scripturam
3055 5143 3254 5196 dicitur
3281 5141 3457 5195 viviti-

1893 5213 2038 5282 care,
2069 5218 2227 5284 plane
2280 5232 2384 5271 non
2414 5215 2775 5271 viviiicatione
2821 5213 3018 5278 inedia,
3053 5215 3148 5267 sed
3201 5226 3286 5278 ea,
3335 5227 3454 5282 qua)

1893 5286 2124 5340 divinior
2153 5296 2254 5339 est.
2298 5307 2316 5338 ι

1985 5357 2072 5421 76)
2101 5357 2262 5412 Κατὰ
2307 5358 2434 5412 τόν.
2467 5356 2626 5408 Deest
2662 5355 2716 5408 in
2744 5353 2930 5407 codice
2966 5349 3156 5420 Regio.

1987 5426 2775 5496 ’ῖ7)Καὶύπολαμϐιὶνοιμεν.
2835 5421 2946 5476 Καί
3002 5425 3338 5480 desideratur
3398 5425 3450 5480 iu

1892 5497 2075 5550 codice
2102 5495 2290 5565 Regio.

1963 5565 2074 5630 (ἳὸ)
2116 5562 2724 5630 Ἀκακιιινισθήσεται.
2747 5562 2837 5618 Sic
2868 5574 3011 5619 recte
3045 5565 3247 5619 habent
3291 5564 3446 5620 codd.

1894 5635 2222 5707 Bodleianus
2249 5647 2300 5686 et
2329 5635 2676 5701 liarbcrittus,
2702 5634 2752 5690 in
2790 5633 2956 5706 iicgio
3007 5649 3282 5707 perperam
3318 5633 3451 5705 legi-

1896 5715 1985 5761 tur
2007 5704 2328 5775 σωθήσεται.
