3878 6210
326 317 431 374 ιιδ

1389 313 1742 370 COMMENT.
1781 315 1847 370 1N
1884 314 2076 370 JUAN.
2117 314 2356 372 TOMUS
2389 314 2525 370 Xlll.

3471 311 3576 372 HG

327 432 589 506 φέρεσθαι
616 429 854 495 καὶτοῖς
905 430 1250 502 Σαμαρεῦσιν
1287 429 1352 485 ἂν
1386 430 1684 502 συνδοκοίη,
1735 430 1886 485 οὕτω

2013 432 2263 502 populum
2316 447 2451 499 ejus,
2499 445 2700 501 quaeso,
2743 430 2932 486 venias
2969 446 2984 483 :
3017 445 3206 486 manus
3249 429 3364 498 ejus
3414 432 3575 485 simul

322 527 539 599 ἔχουσαο
598 543 617 575 ‹
656 523 1011 586 Εἱσάσιουσον,
1043 522 1235 593 Κύριε,
1263 522 1444 592 φωνὴν
1489 523 1678 588 Ἰούδα,
1707 525 1801 578 καὶ
1828 525 1908 588 είς

320 615 410 669 τὸν
433 615 562 668 λαὸν
595 611 758 666 αὐτοῦ
791 611 967 675 ἔλθοις
998 612 1082 666 ἄν·
1117 612 1175 664 αἱ
1212 614 1392 683 χεῖρες
1423 611 1584 666 αὐτοῦ
1620 612 1736 684 ἅμα
1782 613 1905 684 κρί-

320 720 504 758 νουσιν
540 701 713 772 αύτῷ,
745 702 843 754 καὶ
874 699 1067 771 βοηθὸς
1107 701 1171 752 ὲκ
1221 698 1327 752 τῶν
1363 700 1572 772 ἐχθρῶν
1604 701 1768 754 αὑτοῦ
1794 701 1903 772 (99)

321 796 442 870 ἔσῃ.
487 814 505 847 ι
545 795 700 848 Ἐπεὶ
739 793 798 847 δὲ
842 793 1066 862 αύχοῦσι
1111 793 1454 864 πατριάρχην
1499 794 1773 864 Σαμαρεῖς
1811 793 1904 848 τὸν

334 887 551 957 Ἰωσὴφ,
591 885 852 954 ὲφίστημι
881 884 1088 954 μήποτε
1114 885 1214 954 τήν
1248 900 1306 936 τε
1342 882 1435 936 τοῦ
1471 881 1664 936 Ἰακὼϐ
1692 885 1772 946 είς
1809 883 1902 936 τὸν

337 978 528 1048 Ἰωσήφ
551 993 699 1040 τινες
742 974 990 1042 εὐλογίαν
1033 973 1200 1044 αύτῷ,
1247 974 1342 1027 καὶ
1373 973 1473 1044 τὴν
1504 973 1596 1027 τοῦ
1626 974 1902 1038 Μωῦσέως

322 1067 624 1133 έκδέξονται
665 1063 920 1133 λέγεσθαι
952 1066 1030 1127 είς
1059 1064 1159 1135 τὴν
1199 1064 1433 1135 Χριστοῦ
1457 1064 1777 1136 παρουσίαν.
1809 1063 1900 1135 Τῷ

321 1155 376 1209 δὲ
405 1154 714 1225 βουλομένῳ
744 1153 959 1218 ἐξέσται
1007 1153 1101 1206 ἀπ’
1133 1153 1302 1222 αὐτῆς
1330 1153 1429 1224 τῆς
1468 1153 1690 1226 Γραφῆς
1716 1153 1899 1207 λαϐεῖν

320 1245 388 1300 τά
415 1245 580 1318 ῥητά·
604 1247 697 1298 καὶ
719 1243 882 1308 αὐτὸς
901 1243 956 1296 δὲ
987 1245 1016 1297 6
1058 1244 1268 1315 Σωτὴρ,
1294 1243 1446 1310 εἰδὼς
1467 1245 1704 1299 Μωῦσέα
1728 1244 1897 1299 πολλά

319 1331 740 1404 ἀναγεγραῳότα
762 1331 860 1402 τῆς
882 1331 1008 1404 ccepi.
1028 1331 1264 1403 Χριστοῦ
1290 1334 1625 1406 προφητείας
1648 1333 1747 1405 (1),
1773 1336 1906 1406 φησι

314 1427 426 1490 τοῖς
449 1424 747 1488 Ἰουδαίοις·
774 1443 792 1475 ι
816 1424 878 1476 Ei
903 1422 1215 1477 ἐπιστεύετε
1237 1425 1484 1491 Μωῦσεῖ,
1504 1424 1818 1479 ἐπιστεύετε
1839 1425 1907 1480 ἂν

315 1515 458 1586 ἐμοί·
485 1514 616 1586 περὶ
651 1513 764 1585 γάρ
801 1511 938 1583 ἐμοῦ
963 1513 1170 1576 ἐκεῖνος
1211 1511 1437 1584 ἔγραψε.
1470 1532 1488 1564 ι
1514 1512 1773 1578 Τυπικῶς
1806 1516 1904 1585 μὲν

314 1605 406 1661 οὖν
433 1607 529 1660 καὶ
556 1603 972 1676 αίνιγματωδῶς
1008 1605 1390 1674 ἀναφερόμενα
1431 1607 1510 1668 είς
1551 1605 1642 1659 τὸν
1668 1605 1905 1676 Χριστὸν

310 1696 419 1749 τῶν
446 1695 959 1766 ἀναγεγραμμένων
987 1696 1044 1747 ὲν
1073 1693 1149 1764 τῷ
1173 1693 1344 1766 Νόμῳ
1370 1693 1597 1748 πλεῖστα
1623 1696 1723 1749 ὅσα
1758 1695 1903 1748 ἔστιν

2003 523 2246 590 judicaut
2275 537 2421 586 eum,
2452 530 2506 574 et
2531 519 2746 587 adjutor
2767 517 2870 574 sibi
2904 520 2970 574 ab
3005 521 3241 576 inimicis
3271 522 3387 588 ejus
3409 523 3572 575 eris.)

2009 614 2112 667 Sed
2145 612 2398 682 quoniam
2448 611 2752 681 gloriantur
2802 610 3132 665 Samaritani
3170 612 3236 666 de
3268 613 3574 682 patriarcha

2003 701 2226 771 Joseph,
2253 701 2412 772 237
2443 701 2672 772 inspicio
2709 717 2837 754 num
2887 699 3029 755 forte
3071 701 3237 770 aliqui
3278 711 3332 755 et
3353 702 3576 756 benedi-

2009 797 2241 850 ctiouem
2291 792 2460 848 Jacob
2486 793 2552 846 ad
2581 790 2801 861 Ioseph,
2830 799 2886 847 et
2916 791 3347 846 benedictionem
3375 789 3574 861 Moysis

2003 883 2276 954 aetipiant
2317 883 2423 937 dici
2471 882 2540 938 de
2582 881 2781 936 Christi
2828 881 3083 938 adventu.
3137 881 3346 935 Poterit
3393 890 3572 934 autem

2001 977 2246 1046 quisquis
2273 975 2506 1028 voluerit
2537 989 2602 1028 ex
2643 974 2759 1043 ipsa
2805 972 3086 1041 Scriptura
3128 986 3345 1026 sumere
3383 971 3572 1028 verba.

2001 1066 2142 1133 Quiu
2176 1065 2438 1121 Servator
2463 1065 2580 1134 ipse
2613 1066 2794 1119 sciens
2826 1063 3040 1132 Moysen
3071 1062 3238 1116 multa
3271 1062 3338 1116 de
3363 1061 3575 1120 Messian

1999 1158 2280 1228 prophetia
2313 1157 2623 1226 scripsisse,
2660 1156 2726 1209 ad
2750 1153 2966 1208 Judatos
2993 1154 3170 1223 inquit
3205 1168 3220 1207 :
3257 1172 3274 1204 ι
3314 1153 3370 1208 Si
3402 1153 3570 1224 Moysi

1997 1248 2317 1313 eretlerclis,
2345 1247 2644 1302 crederetis
2689 1247 2852 1300 etiam
2891 1245 3046 1309 mihi,
3083 1245 3150 1299 de
3184 1259 3268 1300 me
3303 1245 3446 1298 enim
3480 1245 3569 1299 ille

1997 1340 2214 1409 scripsit
2257 1342 2326 1398 ⁷³.
2382 1359 2400 1391 ι
2452 1338 2815 1405 Quamobrem
2868 1336 3263 1406 quamplurima
3325 1337 3568 1392 invenire

1996 1430 2118 1484 licet
2149 1431 2353 1499 scripta
2388 1430 2439 1482 in
2473 1429 2590 1498 lege
2625 1436 2735 1480 tum
2776 1427 2954 1495 Iypice
2985 1437 3193 1494 aperte,
3231 1435 3340 1478 tum
3371 1425 3570 1480 obscu-

1997 1537 2076 1587 re,
2128 1537 2248 1591 quzn
2281 1521 2593 1576 referantur
2619 1518 2685 1570 ad
2739 1517 3036 1572 Christum.
3099 1518 3386 1584 Apertiora
3441 1532 3570 1570 vero

1993 1613 2094 1667 alia
2129 1625 2184 1668 et
2220 1613 2592 1666 manifestiora
2629 1618 2826 1677 prmter
2881 1609 3015 1672 haec,
3045 1623 3143 1678 ego
3178 1610 3229 1662 iu
3283 1609 3568 1678 prmsentia

1995 1720 2100 1758 nou
2139 1703 2317 1758 video.
2346 1704 2570 1760 Messias
2599 1708 2816 1776 quidem
2847 1707 3028 1777 lingua
3062 1706 3405 1762 Hebraeorum
3429 1708 3568 1762 dici-

313 1788 516 1852 εὑρεῖν·
548 1788 862 1859 γυμνότερα
885 1787 943 1841 δὲ
968 1787 1062 1840 καὶ
1087 1787 1398 1858 σαφέστερα
1424 1787 1534 1856 ἐγὼ
1561 1788 1658 1858 ούχ
1678 1786 1789 1857 δρῶ
1812 1787 1886 1839 ἐπ’

1998 1803 2101 1857 tur,
2141 1795 2285 1862 quod
2313 1769 2662 1865 Septuaginia
2702 1769 3046 1866 interpretati
3087 1809 3234 1863 sunt,
3289 1796 3567 1863 Christus;

311 1880 404 1933 τοῦ
439 1880 711 1952 παρόντος
743 1879 879 1934 ἄλλα
907 1879 1032 1932 τινὰ
1072 1880 1225 1950 παρά
1263 1879 1458 1937 ταῦτα.
1499 1880 1742 1942 Μεσσίας
1777 1878 1902 1951 μέν·

311 1990 457 2041 τοιγε
493 1973 796 2043 Ἐϐραϊστὶ,
829 1972 1095 2034 καλεῖται,
1119 1973 1256 2043 ὅπερ
1277 1974 1326 2026 οἱ
1354 1975 1452 2043 μὲν
1477 1972 1897 2043 Ἐϐδομήκοντα,

310 2068 596 2133 Χριστός,
641 2066 994 2137 ήρμήνευσαν
1016 2083 1029 2096 ο
1063 2067 1092 2120 6
1122 2065 1178 2120 δὲ
1207 2064 1461 2131 ’Δκύλας,
1500 2062 1898 2134 Ἠλειμμένος.

383 2154 476 2211 27.
503 2153 825 2227 Θεωρητέον
855 2152 950 2206 καὶ
970 2151 1052 2205 τό·
1091 2171 1108 2203 ι
1147 2151 1316 2204 Ὅταν
1339 2150 1468 2222 ἔλθῃ
1490 2152 1716 2214 ἐκεῖνος,
1735 2151 1903 2220 ἀναγ-

307 2246 460 2316 γελεῖ
507 2248 641 2317 ἡμῖν
681 2245 919 2308 ἅπαντα,
963 2261 982 2295 ι
1020 2242 1247 2314 πότερον
1290 2241 1400 2296 ἀπὸ
1449 2241 1798 2316 παραδόσεως
1829 2242 1896 2315 τῇ

307 2337 663 2414 Σαμαρείτιδι
698 2337 935 2409 εἴρηται,
974 2336 1006 2406 ἢ
1046 2335 1155 2388 ἀπὸ
1180 2333 1275 2388 τοῦ
1310 2335 1516 2405 Νόμου.
1556 2335 1668 2388 Ούκ
1701 2335 1901 2406 ἀγνοη-

305 2431 429 2484 τέον
489 2429 762 2501 μέντοιγε,
790 2430 894 2491 ὅτι,
949 2426 1136 2498 ὥσπερ
1167 2426 1275 2480 ἀπὸ
1311 2425 1578 2481 Ἰουδαίων
1615 2429 1816 2498 ἀνέστη
1867 2429 1897 2484 6

317 2521 528 2593 Ἰησοῦς
557 2522 790 2593 Χριστὸς
815 2517 951 2574 εἶναι
981 2519 1056 2590 (2)
1101 2520 1162 2572 ού
1198 2520 1355 2590 μόνον
1400 2520 1593 2589 λέγων,
1627 2521 1762 2575 ἀλλά
1802 2521 1896 2574 καὶ

302 2614 652 2678 ἀποδεικνύς·
697 2612 869 2676 οὓτως
900 2613 1006 2665 ἀπὸ
1045 2612 1343 2685 Σαμαρέων
1390 2611 1636 2675 Δοσίθεός
1671 2611 1746 2684 (5)
1809 2629 1894 2678 τις

301 2704 548 2769 ἀναστὰς
576 2704 811 2772 ἔφασκεν
839 2702 1026 2756 ἑαυτὸν
1077 2698 1217 2754 εἶναι
1253 2701 1344 2755 τὸν
1378 2701 1892 2772 προπεφητευμένον

299 2799 562 2870 Χριστὸν,
596 2798 687 2866 ἀφ’
728 2790 789 2850 οὗ
827 2796 986 2868 δεῦρο
1023 2796 1184 2867 μέχρι
1224 2795 1360 2848 είσὶν
1391 2796 1439 2847 οἱ
1471 2793 1762 2847 Δοσιθεινοὶ
1790 2794 1888 2866 (4),

297 2892 565 2962 φέροντες
597 2890 690 2942 καὶ
730 2888 944 2958 βίϐλους
964 2888 1060 2941 τοῦ
1092 2887 1367 2949 Δοσιθέου,
1394 2889 1488 2944 καὶ
1519 2887 1721 2957 μύθους
1739 2887 1890 2952 τινὰς

295 2984 432 3054 περὶ
463 2981 629 3036 αὐτοῦ
661 2980 1025 3052 διηγούμενοι,
1053 2979 1130 3042 ὡς
1165 2980 1238 3050 μὴ
1259 2978 1598 3049 γευσαμένου
1634 2977 1886 3046 θανά-του,

293 3075 412 3127 ἀλλ’
443 3075 501 3125 ἐν
531 3071 607 3144 τῷ
640 3072 737 3143 βίῳ
773 3089 876 3126 που
906 3071 1283 3141 τυγχάνοντος.
1329 3071 1439 3122 Καὶ
1467 3069 1643 3123 ταῦτα
1686 3070 1784 3140 μὲν
1816 3071 1945 3158 circa

293 3167 441 3235 πρὸς
468 3164 567 3236 τὴν
598 3164 765 3230 λέξιν.
801 3162 959 3217 Ἀλλά
981 3163 1075 3214 καὶ
1101 3163 1134 3233 ἠ
1159 3161 1462 3232 ὲτερόδοξος
1485 3160 1635 3233 παρά
1654 3164 1719 3232 τῇ
1738 3164 1887 3234 πηγῇ

291 3256 386 3308 τοῦ
456 3254 674 3319 Ἰακὼϐ,
733 3255 927 3326 φρέατι
979 3253 1070 3306 ὑπ’
1123 3252 1292 3321 αὐτῆς
1332 3247 1470 3304 εἶναι
1525 3249 1887 3322 νομιζομένῳ,

291 3347 496 3418 γνώμη
533 3348 632 3418 (5),
666 3349 725 3400 δν
758 3346 1127 3417 ὑπολαμϐάνει
1159 3341 1296 3398 εἶναι
1331 3344 1661 3416 τελειότερον
1692 3343 1885 3411 Λόγον,

288 3441 490 3495 τοῦτον
509 3439 744 3510 Χριστὸν
769 3437 1110 3509 ὀνομάζουσά
1135 3452 1320 3508 φησιν’
1351 3453 1368 3485 ι
1395 3437 1560 3489 Ὅταν
1587 3435 1714 3506 ἔλθῃ
1745 3437 1887 3488 ἐκεῖ·

287 3551 402 3603 νος,
476 3531 766 3603 ἀναγγελεῖ
803 3532 932 3601 ἡμῖν
985 3529 1219 3583 ἅπαντα·
1262 3547 1280 3580 ι
1336 3527 1524 3600 παρὼν
1564 3527 1620 3580 δὲ
1663 3529 1799 3600 αύτῇ
1857 3531 1886 3584 6

288 3623 767 3694 προσδοκώμενος,
818 3623 912 3674 καὶ
959 3620 1328 3691 ὲλπιζόμενος,
1365 3620 1498 3691 φησὶ
1533 3620 1612 3672 τὸο
1652 3639 1669 3670 ι
1747 3619 1885 3689 Ἐγὼ

285 3721 404 3789 εἰμι
449 3719 477 3769 ὁ
504 3714 681 3767 λαλῶν
716 3730 817 3766 σοι.
853 3732 870 3764 ι
907 3710 1049 3784 Ὅρα
1079 3711 1136 3764 δὲ
1167 3711 1260 3769 καὶ
1305 3711 1398 3766 τὸν
1452 3711 1802 3782 Ἡρακλέωνα
1829 3711 1883 3764 τί

286 3807 454 3879 φησι·
483 3804 781 3876 λέγειγάρ,
821 3805 904 3857 ὃτι
946 3822 964 3855 ι
1005 3802 1420 3874 Προσεδὲχετοὴ
1466 3801 1764 3873 Ἐκκλησία
1790 3802 1882 3855 τὸν

284 3898 554 3971 Χριστὸν,
603 3897 696 3950 καὶ
728 3896 1018 3948 ἐπέπειστο
1064 3894 1192 3967 περὶ
1237 3891 1426 3959 αὑτοῦ,
1471 3894 1553 3947 ὅτι
1602 3892 1670 3944 τὰ
1705 3892 1881 3946 πάντα

289 3990 456 4062 μόνος
487 3989 699 4050 ἐκεῖνος
732 3985 1043 4039 ἐπίσταται.
1079 4003 1099 4036 ›

347 4081 446 4135 28.
492 4097 513 4130 ι
544 4077 708 4146 Λέγει
735 4078 872 4149 αὐτῇ
901 4078 930 4130 6
954 4075 1184 4148 Ἰησοῦςο
1207 4073 1354 4144 Ἐγώ
1378 4075 1492 4145 εἰμι
1511 4073 1542 4127 6
1570 4070 1746 4127 λαλῶν
1769 4083 1872 4124 σοι’

278 4188 373 4240 καὶ
405 4187 511 4239 ἐπὶ
547 4183 704 4238 τοῦτο
734 4180 898 4257 ἦλθον
924 4185 974 4236 οἱ
1009 4183 1248 4256 μαθηταὶ
1280 4181 1479 4246 αὐτοῦ,
1512 4181 1607 4235 καὶ
1637 4178 1879 4248 ἐθαύμας-

279 4291 392 4358 ζον,
426 4293 520 4346 ὅτι
551 4291 691 4362 μετά
719 4291 980 4361 γυναικὸς
1007 4291 1215 4344 ἐλάλει·
1246 4289 1419 4352 οὐδεὶς
1445 4286 1691 4358 μέντοιγε
1722 4279 1841 4337 εἶπε
1859 4296 1873 4310 ⁸

277 4397 342 4450 Τί
377 4396 610 4467 ζητεῖς,
653 4395 686 4465 ἦ
728 4395 780 4448 τί
821 4393 1000 4458 λαλεῖς
1045 4393 1159 4466 μετ’
1204 4391 1409 4463 αύτῆς;
1464 4408 1484 4441 ι
1531 4386 1798 4459 Ζητητέον
1826 4382 1880 4437 εῐ

277 4519 382 4554 που
417 4504 450 4555 6
481 4499 720 4572 Χριστὸς
753 4500 944 4558 ἑαυτὸν
985 4496 1405 4570 εὐηγγελίσατο,
1433 4496 1528 4549 καὶ
1559 4490 1879 4562 συγκριτέον

274 4607 458 4661 ταῦτα
487 4605 759 4678 ἀλλήλοις,
787 4605 994 4672 ὥσπερο
1020 4623 1036 4657 ι
1067 4603 1213 4672 Ἐγώ
1237 4605 1350 4673 εἰμι
1373 4604 1402 4656 6
1431 4595 1724 4672 μαρτυρῶν
1750 4591 1878 4664 περὶ

273 4710 544 4781 ἐμαυτοῦ,
581 4710 674 4764 καὶ
710 4711 972 4781 μαρτυρεῖ
1003 4707 1131 4780 περὶ
1158 4703 1292 4777 ἐμοῦ
1327 4706 1355 4759 6
1387 4703 1607 4775 πέμψας
1644 4721 1713 4774 με
1747 4703 1864 4755 Πα-

271 4806 397 4877 τήρ·
425 4823 444 4855 ι
492 4801 586 4855 καὶ
619 4802 676 4854 ὲν
696 4800 790 4870 τῷ·
823 4819 841 4851 ι
867 4801 929 4853 Εἰ
955 4797 1263 4853 ἐπιστεύετε
1281 4797 1523 4859 Μωῦσεῖ,
1548 4793 1863 4850 ἐπιστεύετε

271 4890 337 4944 ἂν
371 4890 522 4962 ἐμοί·
552 4889 683 4962 περὶ
721 4891 829 4962 γάρ
861 4888 994 4961 ἐμοῦ
1016 4890 1222 4952 ἐκεῖνος
1254 4886 1480 4960 ἔγραψε·
1528 4906 1547 4938 ι
1606 4885 1700 4939 καὶ
1729 4885 1782 4937 εἴ
1809 4901 1864 4937 τι

343 5030 389 5060 ⁷²
411 5027 574 5084 «ιυωι.
606 5043 656 5093 ν,
684 5028 774 5084 46.
875 5031 920 5062 ⁷⁸
942 5029 1096 5086 Joan.
1133 5046 1207 5096 tv,
1245 5031 1338 5086 25.
1441 5029 1489 5063 ⁷⁸
1510 5031 1646 5085 ibid.
1666 5030 1756 5085 26.

347 5157 468 5229 «99)
499 5156 683 5212 Codex
710 5157 934 5229 Regius.
959 5163 1158 5218 αὐτῶν.

348 5228 429 5296 (ί)
484 5228 872 5303 Προφῃτείας.
921 5231 976 5285 In
1031 5235 1273 5303 margine
1322 5232 1529 5292 codicis
1580 5233 1857 5290 Bodleiaui

275 5298 612 5376 adtnorretur
644 5296 1452 5376 ῐυτιολεεειι-ιιυιιι-παρουσίας.

367 5366 426 5436 2)
464 5364 921 5448 Χριστὸςεζνᾱι.
961 5369 1016 5426 ln
1043 5364 1280 5448 editiuite
1314 5364 1491 5448 liuetii
1538 5375 1690 5448 deest
1726 5376 1860 5447 Χρι-

277 5437 426 5514 στάς,
460 5437 560 5490 sed
595 5439 900 5494 restituitur
933 5455 963 5496 e
1005 5443 1164 5498 codd.
1215 5444 1510 5501 Bodleiano
1561 5455 1617 5500 et
1655 5437 1859 5501 harbe-

278 5520 430 5643 nna.)
459 5576 762 5654 doctaeog,
789 5589 894 5635 etc.
926 5580 1186 5654 Origenes
1209 5583 1300 5637 lib.
1333 5599 1369 5654 ι
1398 5593 1583 5637 contra
1621 5582 1854 5648 Celsum,

279 5660 446 5717 igitur.
481 5643 569 5706 57.
600 5657 652 5700 et
709 5643 803 5704 lib.
845 5665 916 5714 ιἰ,
969 5643 1121 5705 litim.
1171 5653 1276 5717 ll;
1330 5653 1512 5708 Tract.
1575 5670 1723 5708 urit
1800 5643 1852 5707 iri

283 5713 512 5780 “uuln,
537 5729 652 5786 pag.
685 5719 808 5785 851,
851 5713 1116 5778 ctbontil.
1145 5723 1215 5778 25
1255 5713 1309 5778 in
1344 5723 1498 5789 Luc.,
1554 5741 1672 5798 pag.
1713 5723 1848 5790 962;

1864 5030 1909 5061 ⁷⁵
1940 5029 2069 5085 ibid.
2113 5026 2204 5092 26,
2240 5027 2329 5081 27.
2408 5027 2453 5058 ⁷⁸
2474 5025 2630 5082 Joan.
2666 5043 2714 5092 ν,
2749 5029 2838 5094 51,
2872 5029 2958 5083 57.

1989 1882 2212 1952 Aquilus
2238 1899 2386 1948 vero,
2421 1882 2642 1938 Unctus.

2056 2147 2147 2201 27.
2180 2148 2503 2204 lutuendum
2533 2159 2588 2204 et
2615 2151 2744 2206 illud
2775 2168 2791 2208 :
2830 2169 2848 2205 ι
2883 2152 3018 2207 Cum
3069 2153 3281 2208 venerit
3332 2153 3445 2218 ille,
3475 2169 3569 2210 an-

1986 2239 2256 2294 nuntiabit
2292 2239 2446 2294 uobis
2479 2241 2663 2296 omnia
2697 2243 2762 2308 ⁷⁸,
2801 2263 2819 2291 ι
2858 2253 3042 2297 utrum
3074 2259 3142 2297 ex
3183 2244 3473 2299 traditione
3509 2245 3564 2300 id

1986 2328 2186 2382 dixerit
2237 2327 2545 2396 Samaritis,
2597 2345 2664 2384 an
2693 2346 2760 2386 ex
2818 2332 2956 2402 lege.
2993 2331 3102 2386 Nec
3139 2347 3269 2387 sane
3297 2332 3562 2403 ignoran-

1985 2420 2110 2474 dum
2141 2429 2246 2485 est,
2277 2431 2336 2475 ut
2357 2420 2515 2476 Jesus
2559 2422 2801 2492 seipsum
2832 2439 2938 2477 uon
2988 2423 3162 2478 solum
3195 2440 3316 2480 esse
3365 2441 3431 2479 ex
3463 2423 3564 2480 Ju-

1985 2510 2112 2565 da:is
2147 2510 2396 2566 Mcssiam
2429 2512 2668 2580 dicebat,
2699 2516 2792 2569 sed
2819 2515 2982 2569 etiam
3009 2517 3441 2583 demonstrabat;
3479 2520 3559 2574 sic

1985 2601 2292 2657 Dositlteum
2329 2604 2493 2658 etiam
2522 2605 2810 2676 quemdam
2849 2608 3129 2662 exstitisse
3160 2623 3225 2661 ex
3253 2609 3558 2664 Samarita-

1983 2690 2088 2754 nis,
2122 2691 2212 2759 qui
2247 2693 2488 2761 seipsum
2541 2693 2749 2748 diceret
2808 2693 3055 2750 Messium
3099 2700 3560 2766 prophetatum.a

1981 2795 2278 2848 quousque
2338 2798 2479 2836 nunc
2535 2783 2833 2837 Dositbeini
2889 2795 3038 2850 sunt,
3105 2786 3268 2840 libros
3316 2787 3560 2844 Dositltei

1980 2871 2446 2936 circumferentes,
2478 2882 2532 2925 et
2565 2873 2774 2927 fabulas
2803 2877 3066 2940 quasdam
3121 2887 3444 2930 enarrantes
3494 2881 3560 2932 tle

1978 2976 2061 3027 eo,
2093 2964 2319 3032 perinde
2369 2964 2524 3032 quasi
2559 2963 2647 3018 ille
2677 2979 2782 3018 nou
2815 2966 3060 3034 perierit,
3121 2969 3216 3022 sed
3271 2967 3469 3022 alicubi
3504 2969 3561 3026 in

1980 3053 2081 3108 hac
2112 3054 2220 3107 vita
2259 3055 2437 3125 degat.
2499 3055 2562 3109 Et
2600 3058 2712 3111 haec
2746 3059 2986 3126 quidem,
3029 3059 3171 3129 quod
3205 3059 3272 3114 ad
3309 3060 3558 3116 lectionis

1980 3144 2176 3198 seriem
2225 3147 2442 3200 attinet.
2487 3145 2626 3211 Quin
2691 3147 2854 3201 etiam
2903 3149 3132 3204 diversae
3179 3160 3341 3205 sectae
3366 3150 3561 3204 mulier

1977 3237 2117 3306 apud
2176 3237 2378 3292 fontem
2417 3235 2606 3303 Jacob,
2637 3252 2794 3307 quem
2847 3249 3064 3308 puteum
3115 3243 3362 3309 putabat,
3395 3256 3558 3310 quem

1981 3338 2159 3384 tuente
2187 3331 2495 3400 suspicatur
2526 3345 2646 3385 esse
2705 3330 3088 3400 perfectior-em
3116 3333 3308 3402 Λόγον,
3343 3333 3420 3406 [id
3475 3343 3560 3388 est

1983 3441 2002 3474 ι
2048 3423 2388 3489 Sermonem,
2425 3421 2472 3496 ι]
2515 3424 2656 3478 hunc
2687 3423 2965 3478 Christum
3003 3427 3292 3480 nominans
3323 3428 3500 3496 inquit
3538 3443 3552 3479 :

1982 3533 2000 3567 ι
2039 3516 2172 3571 Cum
2222 3517 2432 3572 venerit
2498 3517 2608 3584 ille,
2675 3517 3022 3571 auuuutiabit
3078 3519 3233 3572 nobis
3277 3520 3491 3579 omnia;
3531 3539 3550 3570 ι

1976 3623 2216 3675 praesens
2244 3618 2422 3661 autem
2455 3621 2578 3662 cum
2615 3615 2759 3660 esset
2793 3607 2882 3660 ille
2918 3607 3007 3674 qui
3053 3617 3107 3660 et
3137 3609 3555 3676 exspectabatur

1973 3708 2026 3753 et
2054 3696 2413 3766 sperabatur:
2455 3715 2473 3747 ι
2504 3695 2614 3764 Ego
2666 3710 2804 3760 sum,
2839 3695 2930 3762 qui
2964 3705 3136 3748 tecum
3169 3696 3376 3764 loquor,
3411 3714 3428 3746 ι
3470 3697 3553 3748 iu-

1973 3790 2088 3858 quit
2111 3789 2174 3841 ⁷⁸.
2203 3788 2308 3841 Sed
2336 3786 2456 3840 vide
2481 3787 2609 3855 quid
2637 3786 2931 3841 Heracleou
2960 3788 3133 3852 dicat;
3163 3787 3338 3858 inquit
3362 3789 3504 3842 enim
3535 3807 3547 3840 :

1977 3895 1994 3929 ι
2052 3877 2398 3946 Exspectabat
2453 3877 2691 3931 Ecclesia
2753 3877 3068 3944 Christum,
3120 3889 3173 3934 et
3232 3896 3549 3949 persuasum

1973 3969 2206 4024 habebat
2244 3969 2416 4022 solum
2451 3969 2600 4022 illum
2629 3971 2810 4024 omnia
2842 3986 3018 4026 nosse.
3058 3989 3076 4022 ι

2040 4058 2130 4114 28.
2157 4079 2175 4112 ι
2204 4061 2343 4116 Dicit
2376 4061 2448 4115 illi
2483 4061 2641 4117 Iesus
2668 4078 2682 4114 :
2715 4061 2825 4130 Ego
2847 4077 2964 4115 sum
2989 4063 3081 4132 qui
3114 4062 3306 4133 loquor
3338 4073 3545 4123 tecum.

1971 4150 2039 4206 Et
2067 4151 2281 4206 interim
2317 4163 2583 4205 venerunt
2627 4151 2878 4221 discipuli
2911 4151 3051 4221 ejus,
3096 4156 3545 4224 mirabanturque

1969 4242 2112 4312 quod
2146 4257 2266 4295 cum
2302 4243 2528 4296 muliere
2565 4244 2919 4310 loqueretur;
2960 4259 3118 4297 nemo
3148 4256 3326 4297 tamen
3355 4245 3492 4299 dixit
3525 4261 3541 4298 :

1971 4333 2108 4401 Quid
2132 4335 2354 4402 quaeris,
2384 4345 2475 4388 aut
2510 4351 2607 4388 cur
2627 4335 2866 4404 loqueris
2887 4350 3007 4388 cum
3033 4349 3094 4387 ea
3116 4335 3198 4388 ⁷⁵2
3223 4354 3240 4386 ι
3271 4335 3552 4403 luquirere

1901 4465 1945 4520 υ
1973 4425 2232 4481 debemus
2281 4427 2457 4481 sicubi
2496 4428 2744 4483 Christus
2786 4429 3244 4498 evangelizarerit
3279 4429 3544 4496 seipsum,

1973 4519 2199 4588 locaque
2226 4520 2367 4573 inter
2403 4536 2463 4574 se
2508 4525 2778 4584 coul'erre,
2839 4522 3000 4575 veluti
3035 4538 3047 4572 :
3087 4541 3104 4571 ι
3136 4521 3246 4587 Ego
3273 4535 3413 4584 sum,
3453 4519 3547 4587 qui

1971 4605 2036 4659 de
2073 4607 2280 4674 meipso
2342 4609 2708 4661 testimonium
2764 4608 2901 4674 fcro,
2951 4619 3000 4662 et
3060 4619 3290 4662 testatur
3333 4609 3542 4670 deme,

1967 4695 2059 4765 qui
2091 4696 2242 4749 misit
2277 4713 2382 4764 me,
2431 4698 2594 4752 Pater
2620 4700 2703 4766 "‘;
2745 4718 2762 4750 ι
2799 4709 2852 4753 et
2889 4701 3060 4753 illud:
3104 4718 3121 4750 ι
3161 4700 3217 4752 Si
3249 4699 3548 4753 crederetis

1966 4782 2158 4857 Moysi,
2184 4787 2483 4843 crederetis
2509 4789 2669 4842 etiam
2706 4790 2860 4853 mihi,
2913 4790 2980 4842 de
3001 4805 3086 4843 me
3109 4790 3252 4844 enim
3287 4789 3377 4843 ille
3405 4788 3542 4842 scri-

1966 4875 2165 4946 psit",
2198 4895 2218 4930 ι
2250 4889 2306 4932 et
2347 4879 2391 4932 si
2419 4881 2546 4948 quid
2599 4881 2789 4935 horum
2835 4882 2998 4952 238
3023 4881 3201 4936 simile
3232 4881 3433 4934 dictqu
3461 4887 3548 4934 est

3070 5028 3114 5060 ”
3150 5027 3279 5082 ibid.
3310 5024 3400 5081 46.

1967 5162 2337 5216 Trrtulliauus
2371 5161 2444 5214 De
2493 5179 2708 5230 prwscr.
2745 5171 2863 5217 mtu.
2912 5164 3204 5228 Itrerelicos,
3260 5179 3382 5231 cap.
3432 5165 3546 5230 45;

1967 5232 2298 5304 Epiphanius
2328 5235 2520 5287 haeres.
2547 5249 2684 5295 xm;
2741 5235 3061 5288 l’bilastrius
3093 5250 3214 5304 cap.
3243 5234 3296 5300 4,
3341 5242 3395 5286 et
3449 5237 3549 5294 alii

1965 5307 2231 5371 plerique.
2260 5303 2521 5358 IIUBTIUS.

2037 5374 2112 5441 (4)
2144 5373 2817 5446 ΔοσιθειιζοίΔοσιθεηνοί
2840 5375 3184 5446 appellantur
3209 5376 3276 5426 ab
3303 5372 3556 5446 Origeth

1963 5439 2054 5494 lib.
2087 5439 2135 5496 τι
2159 5453 2341 5495 contra
2370 5442 2596 5506 Celsum,
2627 5439 2779 5498 ιιιιιίι.
2805 5439 2888 5507 Il,
2912 5439 2983 5498 iet
3030 5445 3331 5498 Desit/tenui
3355 5439 3548 5502 Trach

1964 5526 2112 5584 sivit
2137 5515 2192 5564 in
2221 5511 2410 5584 Matth.
2436 5516 2648 5584 _Veteris
2697 5516 3186 5582 interpretationis,
3228 5532 3351 5584 pag.
3386 5515 3480 5568 8M
3525 5529 3538 5568 ;

1955 5579 2196 5702 ρῐρσίθεοι
2223 5581 2290 5634 ab
2349 5581 2678 5651 Epiphanio,
2710 5579 3050 5641 'l'heodoreto
3085 5595 3142 5642 et
3181 5579 3550 5643 baruasculo.

1983 5665 2032 5703 D.

2028 5721 2104 5793 (ὃ)
2142 5719 2376 5794 Γνώμη.
2407 5721 2699 5783 Ferrarius
2727 5725 2942 5798 legebat
2977 5730 3144 5800 yuvﬁ.
