3948 6206
408 340 514 393 λιιι)

1465 338 1823 396 COMMENT.
1864 341 1926 394 IN
1962 341 2152 398 JOAN.
2191 342 2428 398 TOMLJS
2462 345 2598 399 Xlll.

3555 359 3584 410 ι
3596 360 3664 413 fill

410 450 649 522 ἁτῇιλθεγ
692 450 772 514 είς
817 449 916 521 τὴν
945 449 1118 511 πόλιν,
1175 450 1269 502 καὶ
1320 449 1468 518 λέγει
1505 455 1619 515 τοῖς
1646 451 1976 523 ἀνθρώποις

2096 454 2318 508 vitatem
2351 455 2504 522 adiit,
2537 466 2590 510 ct
2617 457 2930 513 hominibus
2962 461 3038 516 ait
3068 487 3079 518 ι
3117 463 3330 528 Venite,
3371 465 3552 522 videte
3581 472 3664 525 vi-

407 543 596 604 Δεῦτε,
630 543 766 597 ἴδετε
787 541 1089 612 ἄνθρωπον,
1124 541 1181 603 ὂς
1203 537 1327 594 εἶπέ
1357 559 1448 612 μοι
1481 543 1658 596 πάντα
1681 544 1784 598 ὅσα
1812 545 1991 616 ἐποίη-

408 651 479 686 σα
497 651 510 663 ·
554 637 682 704 μήτι
733 623 887 693 οὗτός
934 632 1081 682 ἐστιν
1109 631 1138 684 ὁ
1167 629 1402 701 Χριστός
1428 649 1442 697 ;
1471 652 1488 682 ι
1523 634 1598 686 Οὑ
1636 633 1811 705 μάτην
1837 631 1988 708 οἶμαι

407 720 846 792 ἀνσγεγραφέναι
891 719 984 772 τὸν
1029 721 1421 792 εὑαγγελιστὴν
1465 724 1559 775 καὶ
1605 722 1674 775 τὰ
1725 725 1851 795 περὶ
1890 727 1986 796 τῆς

404 816 655 884 ἀφέσεως
677 815 776 884 τῆς
808 814 1016 886 ὑδρίας,
1050 815 1239 885 ἥντινα
1275 816 1474 884 ἀφεῖσα
1506 817 1539 887 ἡ
1579 816 1714 888 γυνὴ
1746 817 1986 889 ἀπῆλθεν

404 910 484 971 είς
511 907 610 978 τὴν
640 907 824 960 πόλιν⁸
856 907 998 960 κατά
1034 908 1131 977 μὲν
1160 905 1252 960 οὖν
1295 907 1393 978 τὴν
1425 906 1584 972 λέξιν,
1617 908 1850 980 σπουδὴν
1883 911 1984 980 ἐμ-

404 998 584 1068 φαίνει
611 999 831 1053 πλείονα
865 999 966 1072 τῆς
999 999 1382 1072 Σαμαρείτιδος
1414 999 1847 1072 καταλειπούσης
1885 1001 1984 1072 τὴν

401 1091 614 1164 ὑδρίαν,
645 1093 742 1145 καὶ
783 1092 844 1144 οὑ
876 1093 1124 1145 τοσοῦτον
1155 1092 1576 1162 πεφροντικυίας
1619 1091 1714 1145 τοῦ
1749 1111 1986 1164 σωματι-

402 1183 501 1237 κοῦ
534 1183 647 1255 (15)
685 1184 778 1238 καὶ
807 1186 1186 1256 ταπεινοτέρου
1222 1183 1576 1256 καθήκοντος,
1611 1185 1734 1239 ὅσον
1753 1187 1854 1256 τῆς
1875 1189 1983 1242 τῶν

401 1277 614 1330 πολλῶν
642 1276 910 1347 ὠφελείας
928 1294 941 1310 ο
975 1277 1461 1349 φιλανθρωπότατα
1501 1277 1610 1348 γὰρ
1641 1278 1920 1350 κεκίνηται
1949 1282 1982 1351 ἡ

385 1369 726 1440 ’βουληθεῖσα
779 1372 889 1433 τοῖς
934 1369 1179 1433 πολίταις
1213 1351 1669 1440 εὐαγγελίσασθαι
1729 1370 1819 1424 τὸν
1852 1373 1986 1442 Χρι-

404 1461 547 1522 στὸν,
617 1460 970 1534 μαρτυροῦσα
1026 1461 1175 1531 αὐτῷ
1230 1462 1476 1533 εἰρηκότι
1527 1462 1662 1533 αὐτῇ
1723 1463 1896 1516 πάντα
1946 1464 1984 1518 ἀ

397 1552 644 1623 ἐποίησε.
681 1551 851 1606 Καλεῑ
877 1553 936 1606 δὲ
976 1553 1175 1617 αὐτοὺς
1206 1553 1299 1605 ἐπὶ
1329 1553 1390 1605 τὸ
1425 1552 1550 1605 ἰδεῖν
1578 1553 1865 1623 ἄνθρωπον
1895 1555 1984 1607 λό-

381 1662 492 1713 υγον
526 1645 716 1715 ἔχοντα
751 1645 971 1716 μείζονα
993 1645 1279 1716 ἀνθρώπου
1305 1661 1319 1675 ·
1346 1645 1406 1697 τὸ
1431 1645 1536 1714 γὰρ
1563 1647 1755 1716 ὁρατὸν
1785 1645 1982 1713 ὀφθαλ-

387 1727 523 1809 ’μοῖς
544 1737 710 1791 αὑτοῦ
739 1737 1027 1809 ἄνθρωπος
1057 1733 1145 1808 ἦν.
1187 1738 1305 1809 Χρὴ
1336 1735 1428 1791 οὖν
1458 1738 1550 1790 καὶ
1577 1740 1727 1808 ἡμᾶς
1760 1738 1979 1790 ἐπιλαν-

2092 559 2230 609 rum,
2259 546 2349 614 qui
2393 548 2528 600 dixit
2561 548 2690 601 mihi
2723 551 2903 604 omnia
2935 569 3270 623 qumcunque
3302 555 3446 610 feci:
3482 572 3551 610 an
3577 559 3664 615 hic

2088 646 2169 691 est
2209 635 2296 691 ille
2347 636 2598 692 Christus
2634 639 2772 694 υτ»
2809 641 2926 697 Νοιι
2959 645 3155 699 frustra
3204 662 3332 701 reor
3376 649 3665 720 scripsisse

2086 726 2471 795 evangelistam
2500 727 2566 782 de
2605 727 2920 786 dimissione
2956 734 3179 803 hydrim,
3216 737 3356 802 quod
3387 737 3668 808 reliquerit

2089 813 2234 868 illam
2271 815 2467 870 mulier
2494 816 2735 885 profecta
2767 821 2833 874 ad
2887 821 3098 886 urbem,
3149 825 3464 890 ostendens,
3520 831 3664 894 quod

2086 908 2150 962 ad
2185 918 2392 962 textum
2424 911 2638 978 quidem
2665 913 2885 977 attinet,
2910 915 3147 968 studium
3176 917 3352 985 majus
3374 931 3534 985 quam
3567 935 3666 988 pro

2087 998 2436 1070 Samaritide,
2491 1011 2554 1057 ut
2601 1019 2719 1075 qua:
2776 1005 3057 1074 reliquerit
3106 1007 3376 1077 hydriam,
3425 1023 3533 1062 non
3583 1010 3667 1064 sie

2084 1091 2230 1145 cordi
2261 1092 2468 1147 habens
2495 1107 2818 1162 corporeum
2849 1103 2906 1148 et
2935 1096 3136 1149 humile
3169 1095 3425 1161 officium,
3447 1105 3507 1150 ut
3527 1099 3666 1150 tnui-

2089 1191 2264 1234 torum
2299 1182 2626 1236 utilitatem:
2665 1183 3002 1238 humanitate
3028 1185 3171 1238 enim
3203 1197 3344 1239 mota
3392 1195 3495 1252 est,
3540 1203 3662 1255 quas

2086 1271 2257 1326 voluit
2277 1273 2494 1328 civibus
2523 1275 2900 1344 evangelizare
2929 1276 3242 1343 Christum;
3286 1277 3384 1346 ipsi
3422 1279 3666 1333 testimo-

2086 1365 2233 1418 nium
2271 1366 2430 1430 dans,
2475 1369 2616 1437 quod
2666 1368 2848 1422 omnia
2903 1383 3237 1438 quaecunque
3291 1369 3511 1424 fecisset
3559 1370 3663 1425 sibi

2085 1458 2304 1510 dixerit.
2343 1457 2540 1513 invitat
2571 1472 2753 1514 autem
2797 1461 2940 1529 ipsos
2975 1462 3040 1515 ad
3065 1463 3352 1516 videndum
3388 1463 3659 1516 hominem

2086 1547 2370 1602 habentem
2428 1552 2696 1606 rationem
2748 1562 2812 1606 ae
2871 1567 3176 1606 sermonem
3235 1553 3389 1622 longe
3439 1553 3657 1607 Lamina

2082 1641 2516 1708 praestantiorem
2547 1660 2560 1695 :
2600 1643 2651 1695 id
2682 1643 2825 1696 enim
2859 1645 3002 1713 quod
3037 1644 3101 1697 de
3126 1658 3190 1697 eo
3238 1645 3442 1699 nostris
3489 1645 3664 1700 mulis

2080 1734 2413 1801 asl'eClabile
2444 1744 2584 1801 erat,
2614 1737 2773 1790 homo
2802 1748 2940 1790 erat.
2975 1735 3338 1803 Quamobrem
3369 1738 3660 1793 olil‘visca-

379 1829 727 1900 ίθανομένους
752 1828 862 1881 τῶν
896 1828 1380 1899 σωματικωτέρων,
1410 1828 1503 1881 καὶ
1533 1829 1790 1898 ἀφιέντας
1817 1829 1976 1894 αὐτὰ,

2083 1839 2203 1878 mur
2242 1833 2298 1878 et
2331 1840 2431 1879 nos
2461 1841 2683 1880 necesse
2710 1835 2790 1880 est
2814 1842 2995 1880 rerum
3029 1826 3422 1896 corporalium,
3465 1829 3660 1900 hisque

397 1917 651 1970 σπεύδειν
697 1919 791 1971 ἐπὶ
818 1917 878 1970 τδ
909 1917 1240 1987 μεταδιδόναι
1289 1913 1357 1988 ἦς
1392 1918 1795 1990 μετειλήφαμεν
1821 1919 1969 1990 ὡφε-

393 2007 546 2072 λείας
575 2009 780 2080 ἐτέροις
804 2024 818 2038 ·
853 2008 942 2059 ἐπὶ
983 2006 1140 2060 τοῦτο
1165 2007 1274 2078 γάρ
1303 2009 1653 2080 προκαλεῖται
1681 2013 1709 2063 ό
1748 2011 1974 2080 εὐαγγε-

378 2100 587 2170 ἷλιστὴς
610 2100 825 2152 ἔπαινον
870 2104 980 2164 τοῖς
1005 2099 1198 2152 εἰδόσιν
1223 2099 1616 2168 ἀναγινώσκειν
1644 2102 1973 2173 ἀναγράφων

391 2189 494 2259 τῆς
521 2189 794 2258 γυναικός.
851 2190 994 2262 Πρὸς
1026 2190 1272 2261 μέντοιγε
1319 2189 1416 2261 τὴν
1445 2191 1734 2262 ἀναγωγὴν
1764 2209 1973 2263 σκοπη-

382 2280 515 2335 πέον
544 2281 628 2346 τίς
673 2283 707 2352 ή
741 2281 920 2354 ὑδρία,
951 2283 1018 2353 ἣν
1048 2283 1239 2354 ἀφίησι
1287 2283 1706 2354 παραδεξαμένη
1733 2301 1850 2348 πως
1880 2283 1972 2336 τοῦ

394 2372 582 2444 Ἵησοῦ
612 2373 805 2442 λόγους
851 2375 886 2445 ἡ
916 2375 1284 2445 Σαμαρεῖτις·
1340 2375 1434 2428 καὶ
1483 2374 1623 2445 τάχα
1666 2374 1726 2427 τὸ
1769 2374 1974 2445 δοχεῖον

381 2464 487 2518 τοῦ
525 2465 1012 2535 σεμνοποιουμένου
1044 2463 1154 2536 (16)
1198 2465 1289 2518 ἐπὶ
1325 2464 1586 2536 βαθύτητι
1613 2463 1822 2528 ὕδατος,
1876 2465 1974 2535 τῆς

381 2555 765 2620 διδασκαλίας,
819 2549 894 2608 ὧν
950 2556 1166 2628 ἐφρόνει
1223 2557 1485 2628 πρότερον
1547 2555 1971 2621 ἐξευτελίζουσα,

384 2647 711 2702 ,ἀποτίθεται
743 2649 800 2701 ἐν
842 2646 921 2718 τῷ
949 2648 1214 2719 κρείττονι
1259 2649 1358 2718 τῆς
1391 2648 1597 2719 ὑδρίας,
1641 2645 1879 2702 λαϐοῦσα
1911 2650 1974 2700 ἐκ

396 2740 488 2794 τοῦ
524 2739 716 2803 ὓδατος
744 2739 840 2792 τοῦ
889 2738 1180 2809 γενομένου
1231 2740 1332 2810 ἤδη
1385 2740 1442 2793 ἐν
1487 2741 1623 2810 αὐτῇ
1652 2739 1836 2810 πηγῆς
1864 2737 1974 2810 (l7)

396 2829 588 2896 36am;
622 2831 918 2902 ἁλλομένου
977 2831 1056 2894 είς
1089 2829 1234 2902 ζωὴν
1281 2830 1527 2884 αἰώνιον⁸
1579 2831 1696 2895 πῶς
1729 2830 1837 2901 γὰρ
1883 2830 1970 2896 ἂν,

391 2923 485 2976 τοῦ
539 2923 727 2986 ῦδατος
777 2921 966 2975 τούτου
1025 2921 1098 2994 μὴ
1155 2921 1528 2993 μετειληφυῖα,
1582 2920 1977 2992 φιλανθρώπως

390 3015 629 3088 Χριστὸν
679 3017 790 3078 τοῖς
821 3013 1062 3078 πολίταις
1097 3015 1385 3086 ἐκήρυσσε,
1432 3011 1782 3082 θαυμάζουσα
1815 3010 1976 3066 αὑτὸν

391 3107 803 3176 ἀπαγγέλλοντα
827 3107 1006 3159 πάντα
1026 3104 1060 3158 a
1089 3105 1362 3176 ἐποίησεν,
1393 3106 1440 3157 εί
1474 3103 1547 3174 μὴ
1575 3103 1886 3176 μετειλήφει
1907 3104 1973 3156 δι’

391 3191 468 3252 ὧν
499 3198 698 3268 ἤκουσε
730 3197 840 3267 (18)
874 3195 968 3250 τοῦ
1001 3197 1269 3268 σωτηρίου
1293 3195 1516 3258 Matt-0;;
1559 3195 1824 3248 Ῥεϐέκκα
1853 3196 1974 3266 μέν·

389 3306 495 3352 τοι,
532 3289 625 3346 καὶ
671 3288 809 3360 αὐτὴ
861 3289 1046 3360 ὑδρίαν
1081 3289 1277 3359 ἔχουσα
1320 3288 1412 3340 ἐπὶ
1456 3287 1565 3340 τῶν
1601 3287 1785 3358 ὤμων,
1843 3289 1972 3359 πρὶν

393 3372 713 3426 συντελέσαι
761 3372 1028 3426 λαλοῦντα
1075 3375 1132 3426 ἐν
1176 3376 1242 3443 τῇ
1298 3373 1503 3444 διανοίᾳ
1548 3373 1641 3426 τὸν
1669 3373 1835 3426 παῖδα
1877 3373 1972 3426 τοῦ

405 3464 675 3536 Ἀϐραὰμ,
713 3463 1065 3536 ἐξεπορεύετο
1095 3463 1233 3535 καλὴ
1262 3468 1327 3536 τῇ
1350 3463 1470 3533 ὄψει
1497 3464 1762 3535 παρθένος
1787 3481 1800 3494 ’
1828 3465 1970 3534 ἥτις,

392 3557 623 3628 ἐπείπερ
655 3557 752 3626 οὐχ
785 3556 983 3626 ὁμοίως
1011 3555 1187 3626 ἧντλει
1220 3559 1284 3627 τῇ
1314 3556 1684 3627 Σαμαρείτιδι,
1717 3555 1975 3609 καταϐαί-

391 3665 474 3703 νει
505 3648 596 3702 ἐπὶ
626 3647 723 3719 τὴν
767 3647 969 3721 πηγὴν,
1002 3648 1096 3700 καὶ
1124 3646 1319 3718 πληροῖ
1355 3648 1456 3718 τὴν
1486 3647 1693 3718 ὑδρίαν,
1725 3646 1972 3720 ἀναϐἀσῃ

389 3757 450 3794 τε
480 3741 614 3812 αὐτῇ
643 3740 750 3812 (l9)
787 3739 1060 3812 ἐπιτρέχει
1091 3741 1170 3802 είς
1203 3740 1523 3811 συνάντησιν
1543 3740 1571 3791 δ
1592 3738 1687 3792 τοῦ
1725 3739 1974 3811 Ἀϐραὰμ

391 3835 543 3896 παῖς,
575 3833 670 3890 καὶ
715 3827 837 3885 εἶπε
861 3848 874 3861 °
933 3851 950 3882 ι
976 3830 1202 3886 Πότισόν
1256 3847 1322 3899 με
1371 3829 1565 3901 μικρὸν
1608 3829 1751 3901 ὕδωρ
1780 3831 1844 3882 ἐκ
1875 3831 1972 3900 τῆς

391 3925 582 3996 ὑδρίας
613 3941 724 3978 σου.
758 3943 776 3976 ›
826 3923 979 3978 Ἐπεὶ
1006 3922 1116 3994 γὰρ
1147 3923 1274 3984 παῖς
1305 3918 1371 3992 ἦν
1398 3919 1489 3972 τοῦ
1529 3919 1798 3991 Ἀϐραὰμ,
1838 3920 1974 3988 ἠγά-

391 4032 469 4068 πα
497 4014 599 4068 κᾶν
632 4012 829 4086 μικροῦ
866 4012 1054 4074 ὓδατος
1081 4011 1188 4064 ἀπὸ
1223 4010 1318 4079 τῆς
1343 4009 1528 4080 ὑδρίας
1569 4008 1859 4072 Ῥεϐέκκας
1887 4008 1975 4062 λα-

393 4106 544 4160 δεῖν·
597 4105 690 4160 καὶ
737 4105 1001 4158 ἔσπευσεν
1054 4105 1085 4174 ἡ
1143 4103 1424 4165 Ῥεϐέκκα,
1473 4102 1566 4155 καὶ
1613 4099 1828 4153 καθεῖλε
1873 4101 1973 4172 τὴν

394 4197 583 4268 ὑδρίαν
617 4196 710 4249 ἐπὶ
763 4196 854 4249 τὸν
903 4195 1159 4266 βραχίονα
1204 4193 1312 4265 (20)
1342 4194 1529 4264 αὐτῆς,
1585 4193 1680 4246 καὶ¹
1721 4191 1972 4245 ἐπότισεν

393 4292 576 4356 αὑτὸν,
603 4291 708 4354 ἓως
733 4289 1006 4342 ἐπαύσατο
1033 4287 1222 4342 πίνων.
1273 4286 1530 4356 Ἐπείπερ
1551 4280 1643 4338 οῦν
1663 4279 1730 4354 ἦν
1758 4283 1973 4335 ἐπαινε-

393 4383 460 4454 τὴ
489 4385 522 4453 ἡ
557 4383 655 4454 τῆς
692 4380 987 4442 Ῥεϐέκκας
1019 4379 1194 4450 ὑδρία,
1229 4379 1288 4432 οὑ
1328 4377 1714 4431 καταλείπεται
1743 4375 1836 4428 ἀπ’
1875 4375 1972 4426 αὑ-

393 4474 516 4542 τῆς,
545 4472 656 4544 ήδέ
682 4471 781 4542 τῆς
801 4468 1209 4542 Σαμαρείτιδος,
1241 4464 1372 4521 οὖσα
1399 4468 1515 4538 ὥρα
1540 4467 1696 4538 ἕκτη,
1729 4464 1968 4533 ἀφίεται.
2007 4508 2048 4564 D

408 4563 627 4616 Ἐνθάδε
662 4561 759 4633 μὲν
782 4561 845 4630 δὴ
871 4563 984 4624 τοῖς
1017 4559 1380 4630 Σαμαρείταις
1406 4556 1542 4627 γυνὴ
1567 4555 1974 4625 εὐαγγελίζεται

395 4655 488 4708 τὸν
515 4654 771 4725 Χριστόν’
821 4653 914 4705 ἐπὶ
940 4651 1081 4708 τέλει
1129 4651 1186 4705 δέ
1231 4650 1340 4703 τῶν
1367 4649 1713 4718 Εὑαγγελίων
1759 4648 1850 4701 καὶ
1876 4647 1975 4718 τὴν

395 4746 692 4800 ἀνάστασιν
739 4743 832 4796 τοῦ
861 4742 1115 4814 Σωτῆρος
1142 4743 1252 4804 τοῖς
1285 4741 1596 4804 ἀποστόλοις
1635 4741 1670 4811 ἡ
1697 4738 1803 4810 πρὸ
1841 4736 1976 4790 πάν-

394 4854 505 4889 των
553 4833 714 4890 αὑτὸν
759 4834 1070 4906 θεασαμένη
1120 4832 1257 4904 γυνὴ
1300 4832 1587 4902 διηγεῖται.
1664 4829 1803 4882 Ἀλλ’
1848 4827 1973 4880 οὔτε

2072 1916 2287 1971 omissis
2319 1917 2636 1972 festinemus
2659 1917 2722 1970 ad
2753 1917 3260 1972 eommunicaudam
3295 1917 3442 1983 aliis,
3488 1925 3658 1989 quam

2072 2007 2605 2078 participaverimus,
2649 2007 2938 2062 utilitatem
2971 2025 2984 2060 :
3018 2007 3084 2061 ad
3112 2008 3214 2062 hoc
3252 2022 3486 2078 namque
3521 2009 3658 2064 invi-

2077 2106 2155 2151 tat
2184 2100 2513 2168 evangelista
2560 2099 2775 2152 iaudem
2826 2098 3074 2153 scribens
3119 2097 3366 2153 mulieris
3401 2100 3656 2166 prudenti

2077 2188 2287 2244 lectori.
2322 2188 2429 2242 Sed
2465 2189 2530 2242 ad
2560 2188 2808 2243 altiorem
2837 2186 3253 2258 intelligentiam
3296 2189 3658 2246 intendendus

2074 2289 2160 2336 est
2193 2280 2428 2345 animus,
2453 2295 2702 2350 quaenam
2736 2281 2946 2336 scilicet
2977 2281 3048 2336 sit
3074 2280 3267 2352 hydria
3297 2296 3460 2351 quam
3493 2282 3661 2338 relin-

2074 2372 2191 2440 quit
2220 2372 2524 2439 Samaritis,
2554 2389 2672 2443 quae
2733 2373 2914 2442 aliquo
2965 2373 3123 2428 modo
3177 2382 3465 2443 acceperat
3523 2372 3658 2430 Jesu

2075 2476 2392 2526 sermones;
2424 2471 2480 2517 et
2509 2462 2742 2518 fortasse
2771 2479 2866 2518 vas
2896 2477 3050 2533 aqua:
3081 2463 3381 2518 nobilitata!
3429 2463 3499 2518 ob
3527 2478 3655 2534 pro-

2075 2553 2396 2609 funditatem
2429 2555 2711 2620 doctrinm,
2735 2554 2823 2609 his
2851 2553 3014 2609 rebus
3041 2569 3174 2624 quas
3201 2565 3362 2609 antea
3398 2554 3654 2618 curabat.

2076 2644 2292 2714 spretis,
2327 2643 2539 2712 reponit
2566 2643 2705 2712 apud
2745 2656 2869 2696 eum
2907 2640 3000 2711 qui
3029 2655 3158 2694 vase
3187 2640 3345 2710 longe
3384 2650 3659 2711 praestan~

2078 2734 2183 2788 tior
2215 2743 2318 2798 est,
2349 2749 2471 2788 cum
2517 2733 2840 2802 sumpsisset
2868 2744 2932 2784 ex
2967 2730 3054 2784 illa
3091 2744 3254 2799 aqua,
3285 2745 3406 2798 qua:
3448 2731 3562 2800 jam
3601 2730 3657 2784 in

2077 2840 2135 2878 se
2165 2823 2308 2878 facta
2351 2822 2530 2878 fuerat
2565 2824 2686 2878 fons
2729 2837 2883 2890 aqua:
2916 2820 3162 2874 salientis
3195 2820 3263 2874 ad
3296 2820 3459 2874 vitam
3490 2831 3655 2874 teter-

2079 2931 2202 2970 nam
2230 2916 2296 2969 ⁸⁸.
2336 2915 2619 2982 Quomodo
2648 2913 2791 2966 enim
2821 2912 2865 2966 si
2897 2926 3002 2965 non
3037 2911 3308 2981 particeps
3349 2910 3472 2965 talis
3501 2925 3657 2978 aqua

2078 3005 2597 3074 fuisset,quomodo,
2615 3003 2858 3071 inquam,
2883 3001 3116 3056 humane
3137 2999 3411 3054 Christum
3442 2994 3658 3054 civibus

2077 3095 2446 3166 prmdicasset,
2478 3093 2757 3147 admirans
2796 3106 2917 3146 eum
2951 3090 3054 3143 sibi
3096 3089 3274 3143 omnia
3311 3104 3655 3158 quascunque

2078 3189 2297 3243 fecisset
2360 3186 2784 3249 renuntiantem,
2819 3183 2920 3238 nisi
2953 3183 3224 3252 particeps
3271 3183 3410 3236 facta
3465 3181 3656 3236 fuisset

2075 3295 2227 3349 aqua:
2248 3277 2502 3332 salutaris
2525 3291 2623 3346 per
2645 3290 2707 3330 ea
2743 3275 2906 3328 verba
2939 3289 3057 3343 quae
3079 3272 3370 3328 audierat?
3410 3271 3654 3326 Rebecca

2073 3385 2203 3424 sane
2243 3377 2298 3423 et.
2331 3369 2442 3438 ipsa
2477 3366 2726 3436 hydriam
2760 3364 2967 3418 habens
2996 3378 3162 3433 super
3189 3362 3466 3428 humeros,
3497 3371 3626 3416 ante

2073 3478 2236 3532 quam
2266 3459 2502 3516 Abrahte
2536 3473 2672 3528 puer
2697 3457 2858 3510 linem
2898 3454 3149 3523 loquendi
3178 3454 3387 3508 faceret
3420 3453 3471 3506 in
3503 3468 3654 3522 cngr-

2075 3555 2304 3620 tatione,
2336 3552 2724 3624 egrediebatur
2769 3550 2924 3617 virgo
2975 3547 3156 3614 specie
3207 3553 3532 3614 pervenusta
3565 3543 3646 3594 “z

2073 3661 2194 3716 qua:
2239 3645 2496 3714 quoniam
2550 3657 2654 3695 non
2703 3639 2928 3711 perinde
2982 3647 3146 3706 atque
3201 3634 3488 3690 Samarilis
3536 3635 3653 3690 haec

2075 3736 2345 3800 hauriret,
2372 3732 2651 3788 descendit
2685 3731 2752 3785 ad
2801 3729 3026 3791 fontem,
3071 3736 3126 3780 et
3162 3725 3345 3794 implet
3375 3725 3651 3794 hydriam,

2074 3830 2237 3896 eique
2267 3823 2583 3879 ascendenti
2617 3821 2833 3875 obviam
2885 3831 3180 3874 accurrens
3233 3815 3464 3870 Abraha:
3511 3829 3650 3884 puer

2075 3919 2212 3971 dixit
2239 3933 2251 3968 :
2293 3935 2310 3968 ι
2343 3915 2536 3969 Potum
2566 3913 2744 3984 prtebe
2777 3910 2907 3966 mihi
2941 3908 3230 3980 pauculum
3263 3920 3419 3975 aqua:
3447 3919 3512 3960 ex
3544 3906 3648 3976 hy-

2075 4008 2191 4063 dria
2225 4019 2310 4060 tua
2338 4007 2404 4060 ⁸⁷.
2439 4024 2459 4056 ›
2492 4004 2758 4072 Quoniam
2789 4001 2958 4072 igitur
2992 4013 3126 4068 puer
3174 4005 3291 4051 erat
3346 3996 3649 4058 Abraham,

2073 4105 2355 4153 contentus
2381 4094 2479 4148 fuit
2506 4097 2588 4148 vel
2613 4091 2877 4146 tantulum
2904 4104 3058 4160 aqua:
3083 4102 3148 4144 ex
3176 4086 3366 4158 hydria
3390 4083 3650 4138 Reheceze

2073 4204 2322 4253 sumere;
2355 4195 2412 4242 et
2471 4185 2742 4241 festinavit
2806 4181 3072 4246 Rebecca,
3127 4189 3182 4234 et
3216 4172 3654 4245 depositum

2073 4280 2316 4352 hydriam
2353 4293 2513 4348 super
2539 4276 2818 4332 brachium
2848 4288 3027 4336 suum,
3054 4279 3235 4340 potum
3267 4267 3345 4320 illi
3376 4267 3644 4334 puberis,

2073 4375 2244 4429 donec
2260 4379 2500 4428 cessaret
2517 4386 2544 4422 a
2561 4369 2793 4423 bibendo
2805 4364 2872 4419 ⁸⁸.
2897 4363 3164 4430 Quoniam
3183 4360 3348 4428 igitur
3362 4353 3651 4409 laudabilis

2073 4472 2189 4517 erat
2219 4461 2480 4516 Rebecca:
2526 4458 2741 4528 hydria,
2794 4469 2901 4508 non
2960 4449 3334 4518 rellnquitura
3371 4444 3645 4507 Rebeeea,

2082 4557 2174 4612 sed
2212 4552 2558 4608 Samaritidis
2584 4548 2778 4620 hydria
2822 4544 3148 4612 relinquitur
3179 4541 3312 4594 hora
3353 4537 3650 4590 exsistoate

2082 4655 2234 4702 sexta
2263 4645 2331 4696 ⁸⁸.
2360 4642 2471 4695 lloc
2510 4640 2676 4707 igitur
2709 4637 2760 4690 iu
2791 4633 2911 4688 loco
2943 4629 3138 4685 mulier
3169 4625 3526 4682 Samarilattis
3546 4639 3648 4679 an»

2082 4733 2298 4790 nuntiat
2325 4730 2604 4786 Christum
2637 4745 2652 4791 ;
2684 4727 2738 4779 in
2779 4726 2886 4778 line
2913 4736 3044 4776 vero
3091 4717 3525 4788 Evangeliornm,
3561 4730 3652 4769 re-

2081 4818 2474 4875 surrectionem
2531 4812 2844 4868 Servatoris
2898 4813 3064 4866 etiam
3113 4818 3338 4864 enarrat
3388 4807 3654 4877 apostolis

469 5019 514 5052 ⁸⁸
538 5017 694 5074 Jean.
725 5013 903 5080 “1,28,
929 5014 1018 5071 9.9.
1095 5016 1140 5047 "
1163 5013 1290 5070 ibid.
1323 5013 1410 5070 Η.
1485 5011 1531 5044 ⁸⁸
1556 5011 1692 5066 Gen.
1727 5023 1872 5063 utv.
1947 5007 1976 5038 “

2084 5003 2156 5059 id.
2199 5001 2288 5058 Π.
2362 4997 2410 5031 ⁸⁸
2445 4996 2577 5054 ibid.
2609 4995 2696 5052 l8.
2771 4994 2822 5028 ”
2845 4992 3005 5049 Joan.
3035 5004 3108 5056 tv,
3146 4987 3200 5044 δ.

472 5197 585 5264 (ιδ)
619 5198 803 5254 Codex
837 5195 1179 5255 Bodleiauus,
1216 5192 1310 5247 καὶ
1341 5190 1514 5254 οὕτως
1547 5187 1718 5257 αὐτῆς
1741 5202 1971 5256 πεφρον-

398 5269 615 5332 τικυίοε
640 5269 701 5322 οὐ
735 5267 827 5320 τοῦ
862 5264 1197 5337 σωματικοῦ.

446 5361 585 5484 ἐ(16)
606 5361 778 5416 Codd.
804 5360 1004 5430 Regius
1037 5367 1090 5410 et
1118 5356 1470 5420 Barberinus,
1539 5349 1739 5422 σεμνοῦ
1786 5365 1970 5400 ποιου-

476 5447 590 5484 νου.

476 5451 502 5480 ν
573 5468 590 5485 .

403 5447 584 5589 μεδῆ
610 5517 931 5571 Bodleianus
955 5516 1127 5573 codex
1153 5512 1356 5584 πηγῆς,
1396 5513 1595 5582 lic-gius
1625 5519 1680 5566 et
1717 5507 1973 5563 Barheri—

403 5606 526 5652 mts,
555 5589 755 5659 ἀρχῆς.

473 5681 583 5752 (I8)
605 5681 800 5752 Codeta
819 5676 1263 5752 Bodleian_t_ts,_'o‘v.‘
1288 5668 1624 5752 ρνᾕκουσε,
1678 5672 1877 5752 Regius
1916 5681 1972 5728 et

403 5744 754 5816 Bai-hermus,
782 5750 1022 5820 διήκουε.
1065 5747 1241 5801 Vertit
1286 5744 1592 5810 Periouius,
1638 5760 1656 5793 ι
1693 5744 1793 5797 nisi
1846 5757 1968 5811 par-

2077 5184 2246 5253 εἰσί-[ιε
2269 5182 2407 5253 facta
2436 5191 2582 5236 esset
2603 5193 2756 5249 aqua:
2778 5185 3038 5247 perpetuo
3070 5171 3349 5233 salutaris,
3384 5185 3406 5220 ν
3435 5167 3650 5237 legebat

2074 5252 2333 5307 διηνεκῶς
2343 5290 2354 5300 -

2126 5271 2604 5397 Ἦξὶΐυίίναϐᾀςῃ
2633 5334 2698 5372 τε
2747 5313 2925 5382 αὐτῇ.
2971 5325 3088 5397 etet
3125 5310 3202 5364 Ita
3254 5308 3538 5397 legendum
3578 5323 3646 5391 ex

2077 5375 2272 5448 Ge‘nes.
2301 5375 2450 5456 sint,
2476 5375 2696 5454 l7,"nou
2729 5375 3169 5456 ινριέοκαταϐἀσῃ
3193 5421 3209 5444 ,
3245 5375 3540 5456 milia“?
3567 5380 3652 5431 vi-

2078 5465 2256 5524 tietur,
2279 5478 2341 5515 ex
2372 5449 2570 5512 Crines.
2603 5472 2754 5516 XXIV,
2778 5455 2864 5509 ιδ.
2899 5454 3048 5519 Quod
3082 5449 3439 5524 sijioca_htec
3471 5449 3651 5524 Gune-

2079 5547 2199 5585 sons
2240 5519 2602 5582 consuluisset
2645 5524 2930 5577 Ferrarius
2957 5562 2972 5586 ,
3031 5521 3194 5574 παῖδα
3223 5520 3320 5572 τοῦ
3375 5519 3646 5590 Ἀδραάιμ.

2085 5600 2350 5653 «Abrahte
2383 5598 2550 5650 lilium
2576 5614 2594 5647 ι
2637 5594 2973 5663 ineptissime
3001 5609 3107 5647 non
3143 5591 3490 5650 reddidisset,
3530 5601 3590 5638 se
3629 5620 3649 5646 ,

2082 5670 2344 5721 «Abrahae
2374 5680 2660 5735 puertth

2152 5738 2266 5807 (ΞΟ)
2298 5729 2478 5793 Codex
2502 5735 2847 5798 Bodleianus,
2883 5732 2974 5786 ἐπὶ
2994 5729 3088 5785 τοῦ
3119 5729 3422 5802 βραχίονος-
