3948 6206
387 334 486 395 ιει

1829 325 2152 385 ORIGENIS

3527 326 3636 385 ιῦἓ

370 448 587 512 mulier,
616 453 743 500 ante
768 454 959 498 omnes
984 440 1162 511 ipsum
1189 439 1502 512 conspicata
1528 439 1597 500 '°.
1634 439 1740 497 Sed
1766 457 1927 511 ueth

2041 437 2203 511 αύτὴ,
2225 437 2303 504 ὡς
2325 436 2388 492 τὸ
2413 437 2616 493 τέλειον
2643 438 2742 510 τῆς
2766 437 3000 503 πίστεως
3021 436 3523 510 εύαγγελισαμένη,
3544 443 3635 494 s6-

363 538 516 604 buic,
547 548 801 606 tanquam
832 549 955 604 quae
985 532 1313 588 renuntiarit
1354 531 1744 603 perfectionem
1791 534 1934 599 tidei,

362 631 554 702 gratiae
583 644 614 684 a
643 626 1011 686 Samaritauis
1052 627 1321 681 habentur
1362 626 1668 682 dicentibus
1701 643 1714 680 :
1766 644 1787 678 ι
1824 627 1935 681 Ρόη

363 719 596 789 amplius
623 725 844 789 propter
868 716 1136 786 loquelam
1163 725 1311 771 tuam
1329 712 1634 781 credimus;
1669 720 1768 785 ipsi
1794 717 1897 774 eni‘

362 809 693 876 audivimus,
725 817 782 863 et
812 807 1017 863 scimus
1048 808 1195 863 hunc
1239 821 1363 862 esse
1402 820 1534 862 vere
1587 806 1935 875 Servatorem

362 900 547 955 mundi
573 899 617 931 "
639 913 873 968 pueque
902 898 979 954 illi
1007 898 1381 954 conceduntur
1402 897 1658 966 primitia:
1682 896 1935 967 tangendi

360 991 658 1054 Christum,
692 989 960 1045 dicentem
994 988 1042 1044 ei
1071 1002 1086 1042 :
1120 1007 1136 1041 ι
1168 987 1283 1043 Noli
1307 1003 1394 1044 me
1420 996 1642 1058 tangere
1657 989 1726 1054 θ’,
1754 1005 1773 1036 ι
1806 987 1936 1056 quia

357 1079 597 1134 Thomas
618 1079 902 1132 auditurus
927 1087 1082 1132 erat:
1112 1095 1132 1131 ι
1167 1078 1316 1133 Alter
1343 1078 1572 1148 digitum
1616 1086 1765 1132 tuum
1809 1077 1933 1142 huc,

355 1178 410 1224 et
438 1170 559 1225 vide
592 1184 791 1226 manus
821 1184 994 1233 meas.
1020 1181 1076 1223 et
1099 1167 1235 1224 affer
1259 1184 1480 1224 manum
1508 1178 1676 1235 tuam,
1700 1177 1755 1224 et
1781 1169 1936 1224 mitte

354 1261 409 1318 in
449 1261 592 1318 latus
623 1276 802 1317 meum
818 1261 918 1317 ".r
955 1260 1147 1317 Omnia
1202 1269 1384 1316 autem
1429 1268 1604 1325 erant,
1642 1275 1763 1330 qua:
1805 1257 1935 1314 fecit

355 1351 573 1419 mulier,
599 1352 941 1409 consuetudo
971 1365 1094 1406 cum
1127 1351 1371 1421 quinque
1402 1349 1558 1416 viris,
1591 1359 1648 1404 et
1674 1359 1796 1419 post
1835 1348 1935 1405 bos

351 1443 748 1501 condescensio
807 1444 877 1499 ad
934 1452 1174 1510 sextum,
1223 1442 1315 1513 qui
1364 1441 1637 1513 legitimus
1683 1442 1768 1495 vir
1824 1456 1930 1496 non

350 1548 509 1604 erat;
539 1552 699 1608 quem
734 1552 856 1593 cum
888 1548 1166 1607 negasset,
1197 1536 1555 1607 hydriamqne
1604 1532 1929 1602 reliquisset,

352 1628 580 1683 honeste
609 1627 660 1681 iu
690 1626 978 1697 septimum
1012 1626 1306 1695 requiescit
1358 1622 1513 1697 [(Ξί)
1546 1622 1778 1679 aﬂ'erens
1825 1624 1934 1678 uti-

2041 533 2381 602 χαριστεῖται
2410 529 2515 584 ὑπὸ
2543 529 2653 583 τῶν
2684 530 3040 603 Σαμαρειτῶν
3066 532 3335 600 λεγόντων
3354 549 3370 564 °
3405 553 3426 585 ι
3458 534 3635 587 οὐκί-

2039 638 2092 673 τι
2122 619 2212 675 διὰ
2242 621 2340 693 τὴν
2369 620 2557 675 λαλιάν
2589 639 2682 676 σου
2734 622 3065 695 πιστεύομεν
3089 641 3104 655 ·
3156 625 3312 680 αὐτοὶ
3356 627 3474 700 γὰρ
3498 627 3636 701 ἀκη-

2039 713 2266 784 κόαμεν,
2295 715 2388 768 καὶ
2417 714 2661 785 οἴδαμεν,
2715 715 2798 768 ὅτι
2836 710 2990 781 οὗτός
3017 719 3167 771 ἐστιν
3208 717 3425 790 ἀληθῶς
3456 721 3490 773 ὁ
3514 720 3631 789 Σω-

2036 803 2144 875 τὴρ
2187 804 2282 858 τοῦ
2312 805 2546 876 κόσμουι
2576 823 2595 856 ι
2633 804 2818 876 ἐκείνη
2846 822 2906 859 τε
2946 806 3046 880 τὴν
3071 808 3327 881 ἀπαρχὴν
3353 809 3458 882 τῆς
3489 804 3634 882 agr-73g

2036 894 2132 947 τοῦ
2179 894 2415 967 Χριστοῦ
2469 894 2531 948 οὐ
2581 895 2917 959 πιστεύεται,
2964 895 3215 967 λέγοντος
3255 899 3431 970 αὐτῇ·
3492 918 3514 951 ι
3538 901 3631 971 Μή

2039 1002 2143 1056 μου
2170 985 2342 1039 ἆπτου
2364 1002 2379 1017 ⁸
2408 1004 2427 1038 ι
2477 985 2670 1057 ἔμελλε
2699 985 2811 1059 γὰρ
2837 988 2867 1040 ὀ
2898 986 3099 1059 Θωμᾶς
3128 988 3378 1044 ἀκούειν’
3436 1008 3461 1043 s
3493 990 3635 1063 δέρε

2036 1074 2128 1129 τὸν
2157 1074 2420 1133 δάκτυλόν
2453 1093 2545 1130 σου
2590 1070 2714 1143 ὧδε,
2750 1078 2847 1131 καὶ
2894 1077 2973 1132 ἴδε
3020 1079 3121 1144 τὰς
3151 1080 3342 1153 χεῖράς
3369 1098 3502 1152 μου,
3535 1082 3633 1136 καὶ

2037 1167 2171 1239 φέρε
2199 1167 2298 1240 τὴν
2322 1168 2482 1241 χεῖρά
2503 1186 2619 1237 σου,
2642 1169 2736 1224 καὶ
2767 1169 2929 1240 βάλλε
2951 1172 3032 1236 είς
3056 1171 3156 1244 τὴν
3177 1170 3418 1244 πλευράν
3449 1190 3583 1245 μου.
3602 1191 3625 1225 ι

2035 1259 2218 1313 Πάντα
2245 1260 2300 1313 δὲ
2330 1256 2398 1332 ἦν
2427 1260 2463 1316 ἃ
2490 1261 2746 1334 ἐποίησεν
2775 1264 2808 1335 ἡ
2838 1261 2997 1334 γυνὴ,
3025 1263 3061 1334 ἦ
3090 1280 3152 1317 τε
3175 1263 3312 1336 πρὸς
3337 1266 3468 1329 τοὺς
3496 1264 3630 1319 πέν-

2035 1367 2094 1403 τε
2121 1350 2321 1422 ἄνδρας
2372 1353 2645 1418 κοινωνία,
2683 1356 2779 1409 καὶ
2834 1356 2950 1427 μετ’
2997 1355 3242 1420 ἐκείνους
3279 1358 3314 1428 ἡ
3344 1354 3489 1428 πρὸς
3535 1356 3629 1411 sit»

2032 1438 2190 1494 ἕκτον
2226 1443 2288 1495 ού
2317 1443 2539 1514 γνήσιον
2573 1444 2743 1516 ἄνδρα
2776 1445 3188 1515 συγκατάσασις
3204 1463 3220 1477 ·
3248 1447 3437 1502 ὅντινα
3454 1449 3629 1520 ἀρνηο

2035 1531 2268 1603 σαμένη,
2319 1534 2413 1588 καὶ
2455 1534 2554 1608 τὴν
2588 1536 2778 1608 ὑδρίαν
2823 1537 3218 1605 καταλιποῦσα,
3259 1539 3341 1602 είς
3387 1538 3625 1610 ἕϐδομον

2033 1622 2145 1695 (22)
2190 1624 2403 1697 σεμνῶς
2434 1626 2790 1693 ἀναπαύεται,
2847 1626 3185 1700 προξενοῦσα
3211 1628 3310 1701 τὴν
3350 1627 3624 1699 ὠφέλειαν

351 1719 563 1773 litatem
597 1717 665 1772 iis
693 1731 910 1787 quoque
945 1716 1037 1786 qui
1099 1716 1292 1772 iisdem
1346 1715 1688 1785 dogmatibus
1737 1713 1927 1768 imbuti

2034 1712 2127 1766 καὶ
2154 1717 2267 1779 τοῖς
2294 1715 2405 1770 ἀπὸ
2453 1715 2561 1771 τῶν
2585 1718 2867 1790 προτέρων
2912 1719 3051 1791 αὐτῇ
3092 1718 3380 1791 δογμάτων
3405 1714 3623 1773 οἰκοῦσι

350 1809 542 1865 urbem
577 1806 908 1873 incolebant,
946 1807 1000 1861 id
1036 1816 1142 1873 est,
1172 1806 1571 1861 institutionem
1612 1805 1923 1872 verborum,

349 1915 475 1968 qua:
508 1913 613 1953 non
643 1907 791 1952 recta
828 1911 1072 1966 sanaque
1097 1905 1247 1959 sunt.
1270 1897 1519 1952 eamdem
1565 1910 1685 1966 qua:
1715 1896 1927 1951 mulieri

346 1988 527 2063 erat];
596 1976 718 2059 qua:
765 1989 927 2044 etiam
971 1990 1022 2044 iu
1055 2003 1221 2045 causa
1277 1987 1397 2053 fuit,
1428 1997 1487 2042 ut
1520 1986 1597 2042 illi
1632 2001 1664 2042 e
1705 1986 1928 2043 civitate

345 2084 576 2145 exirent,
611 2090 664 2135 ct
692 2079 938 2135 venirent
979 2079 1047 2132 ad
1098 2077 1306 2134 Iesum.
1348 2077 1542 2148 Magna
1593 2085 1778 2132 autem
1830 2077 1928 2132 ob-

345 2174 652 2232 servatione
673 2171 854 2228 Jesum
882 2178 1075 2241 rogant
1098 2170 1430 2225 Samaritani
1462 2171 1514 2225 iu
1548 2169 1920 2240 sequentibus,

350 2282 454 2321 non
487 2274 545 2319 ut
571 2272 785 2317 maneat
823 2263 875 2316 in
910 2261 1149 2325 civitate,
1182 2262 1276 2317 sed
1315 2279 1334 2314 ι
1364 2261 1503 2331 apud
1533 2261 1676 2331 ipsos
1705 2259 1926 2325 ",rhoe

342 2364 449 2418 est,
477 2364 534 2409 ut
569 2356 639 2411 sit
669 2355 722 2409 in
755 2355 1067 2427 principatu
1099 2368 1290 2409 eorum
1334 2352 1551 2425 [animae
1587 2360 1741 2422 parte
1783 2365 1923 2420 pra:-

344 2442 712 2516 stautissima]
750 2460 763 2493 :
808 2461 933 2499 nam
964 2444 1201 2500 fortasse
1235 2444 1494 2513 nequibat
1516 2440 1675 2497 Jesus
1702 2441 1758 2496 in
1788 2442 1923 2495 civi-

2030 1800 2204 1869 πόλιν,
2234 1804 2334 1879 τὴν
2360 1808 2650 1882 οἰκοδομὴν
2679 1810 2790 1865 τῶν
2820 1811 2918 1883 οὐχ
2953 1810 3124 1881 ὑγιῶν
3161 1810 3355 1881 λόγων,
3386 1810 3490 1884 τὴν
3522 1812 3623 1867 αύ-

2028 1901 2129 1972 τὴν
2158 1904 2223 1974 τῇ
2275 1905 2529 1972 γυναικί·
2570 1899 2653 1970 οἷς
2694 1905 2789 1959 καὶ
2825 1905 2974 1960 αἰτία
3009 1906 3220 1975 γίνεται
3251 1903 3493 1972 ἐξελθεῖν
3520 1904 3621 1975 τῆς

2029 1992 2256 2059 πόλεως,
2282 1995 2377 2049 καὶ
2404 1995 2577 2051 ἐλθεῖν
2605 1997 2743 2069 πρὸς
2769 1998 2861 2052 τὸν
2899 1997 3127 2067 Ἰησοῦν.
3160 1997 3311 2051 Πάνυ
3343 1997 3404 2051 δὲ
3434 2014 3619 2068 παρα-

2025 2085 2414 2156 τετηρημένως
2450 2089 2509 2141 ἐν
2558 2090 2672 2152 τοῖς
2716 2088 2845 2160 ἑξῆς
2889 2088 2940 2143 οἱ
2981 2089 3320 2161 Σαμαρεῖται
3363 2087 3621 2159 ἐρωτῶσι

2024 2171 2118 2228 τὸν
2160 2173 2389 2247 Ἰησοῦν,
2432 2178 2532 2248 οὐχ
2558 2177 2646 2231 ἵνα
2676 2178 2834 2249 μείνῃ
2861 2178 2921 2232 ὲν
2944 2181 3010 2250 τῇ
3041 2177 3215 2242 πόλει,
3258 2175 3397 2231 ἀλλὰ
3436 2194 3459 2229 ι
3487 2177 3619 2247 παρ’

2025 2265 2230 2332 αὐτοῖς,
2260 2286 2279 2319 ι
2337 2269 2614 2324 τουτέστιν
2653 2269 2741 2323 ἴνα
2781 2269 3009 2341 γένηται
3053 2269 3113 2323 ὲν
3167 2268 3247 2340 τῷ
3298 2268 3619 2340 ἡγεμονικῷ

2026 2356 2236 2412 αὐτῶν
2266 2359 2408 2430 τάχα
2430 2358 2539 2432 γὰρ
2564 2359 2665 2413 οὐκ
2692 2354 2760 2431 ἦν
2782 2359 3009 2415 δυνατὸν
3060 2362 3239 2431 μεῖναι
3265 2354 3430 2413 αὑτὸν
3453 2360 3519 2413 ἑν
3552 2361 3617 2429 τῇ

2023 2449 2178 2503 πόλει
2205 2450 2405 2517 αὐτῶν,
2435 2449 2669 2522 ἐπείπερ
2694 2451 2789 2505 καὶ
2812 2452 2966 2505 αὐτοὶ
2994 2449 3218 2521 ἐξῆλθον
3241 2445 3301 2504 εὖ
3330 2449 3620 2511 ποιοῦντες

345 2543 453 2590 tate
490 2550 675 2590 eorum
704 2550 948 2599 manere,
998 2534 1442 2604 quandoquidem
1475 2533 1642 2588 etiam
1700 2532 1800 2603 ipsi
1854 2546 1920 2586 ex

2034 2538 2088 2592 ix
2115 2539 2214 2612 τῆς
2239 2540 2466 2606 πόλεως,
2497 2540 2591 2594 καὶ
2619 2541 2849 2614 ἤρχοντο
2877 2541 3014 2610 πρὸς
3034 2540 3219 2595 αὐτόν.
3256 2541 3380 2593 Ὅτι
3415 2538 3474 2592 δὲ
3506 2555 3621 2592 τοι·

341 2625 564 2680 civitate
589 2626 861 2688 exierant,
893 2626 1100 2693 optime
1146 2622 1428 2690 facientes,
1464 2631 1521 2677 et
1560 2629 1823 2676 venerant
1853 2621 1920 2676 ad

2034 2628 2163 2685 ιῦτά
2192 2647 2315 2684 τινα
2341 2630 2594 2701 δηλοῦται
2626 2631 3017 2704 ἀκριϐέστατα,
3064 2632 3144 2695 εἰς
3179 2628 3279 2694 τὰς
3317 2626 3619 2697 ὰναγωγάς

339 2728 487 2770 cum.
539 2716 696 2783 Quod
749 2724 931 2770 autem
974 2712 1345 2783 hujuscemodi
1393 2714 1639 2783 quaedam
1691 2715 1921 2768 inuuan—

2034 2719 2132 2792 ζεῦ)
2182 2720 2439 2793 ἀφορμὰς
2484 2724 2620 2793 ἡμῖν
2665 2721 2896 2786 διδόντος
2946 2720 3040 2775 τοῦ
3087 2714 3502 2790 εὐαγγελιστοῦ,
3550 2720 3619 2772 ἐκ

343 2813 453 2872 tur,
479 2821 676 2861 causas
706 2804 861 2860 nobis
890 2805 1179 2875 praebente
1210 2805 1541 2875 evangelista
1569 2803 1921 2859 accuratissi-

2034 2804 2222 2867 τούτων
2250 2812 2626 2885 κατακριτὼν.
2662 2814 2935 2885 Πρότερον
2960 2812 3058 2884 μὲν
3082 2810 3423 2883 γέγραπται·
3456 2827 3475 2861 ι
3500 2805 3618 2875 Ἑξ-

341 2910 430 2951 me
451 2896 517 2950 ad
545 2911 761 2951 sensum
786 2897 1172 2968 anagogicum,
1204 2896 1307 2952 hoc
1334 2905 1420 2952 est
1449 2898 1514 2953 ad
1540 2898 1914 2958 sublimiorem

2034 2901 2177 2973 ἦλθον
2222 2904 2287 2956 ὲκ
2331 2902 2432 2974 τῆς
2465 2904 2691 2970 πόλεως,
2753 2904 2847 2958 καὶ
2890 2905 3119 2975 ἤρχοντο
3171 2895 3311 2975 πρὸς
3358 2896 3565 2955 αὐτόν·
3590 2919 3610 2952 ι

342 2987 781 3058 intelligentiam,
807 3002 873 3044 ex
907 2989 992 3044 bis
1019 2987 1200 3044 verbis
1223 2986 1627 3055 diiudicandum
1661 3003 1766 3047 est.
1796 2990 1918 3046 Pri-

2034 2993 2114 3047 mi.
2142 2995 2261 3064 μετ’
2288 2993 2444 3064 ὀλίγα
2469 3010 2482 3025 ’
2539 3013 2558 3046 ι
2582 2995 2675 3048 Ἐκ
2706 2994 2763 3049 δὲ
2802 2995 2901 3064 τῆς
2939 2993 3151 3058 πόλεως
3183 2986 3401 3063 ἐκείνης
3422 2988 3617 3044 πολλοὶ

341 3093 491 3134 mum
536 3078 755 3150 quidem
789 3081 1049 3150 scriptum
1081 3089 1164 3135 est
1183 3078 1267 3131 "z
1306 3096 1325 3131 ι
1357 3079 1619 3135 Exierunt
1674 3097 1740 3135 ex
1777 3081 1914 3136 civi-

2034 3084 2345 3139 tit-lasanum
2377 3087 2457 3150 εἰς
2489 3085 2651 3139 αὑτὸν
2683 3084 2790 3139 τῶν
2824 3083 3179 3158 Σαμαρειτῶν
3204 3082 3295 3137 διὰ
3324 3082 3416 3137 τὸν
3447 3081 3615 3150 λόγον

341 3178 470 3235 tate,
500 3179 554 3225 et
586 3181 852 3226 venerunt
888 3171 955 3225 ad
984 3186 1105 3225 cum
1130 3187 1146 3237 ;
1174 3189 1193 3222 ι
1221 3178 1275 3225 et
1308 3178 1427 3239 post.
1469 3185 1639 3239 pauca
1666 3172 1754 3225 ’σε
1789 3192 1807 3223 ι
1840 3172 1916 3228 Ex

2034 3177 2120 3249 τῆς
2171 3177 2430 3247 γυναικὸς
2465 3175 2868 3249 μαρτυρούσης,
2911 3177 3013 3241 ὅτι,
3058 3171 3191 3228 Εἰπέ
3234 3191 3324 3246 μοι
3357 3172 3547 3228 πάντα
3574 3166 3616 3227 ἃ

339 3260 563 3316 civitate
606 3270 789 3315 autem
818 3260 907 3315 illa
956 3260 1110 3315 multi
1156 3261 1623 3317 Samaritanorum
1673 3265 1920 3321 credide-

2034 3265 2252 3338 imlqaa
2274 3282 2288 3297 ο
2324 3267 2401 3331 ὡς
2441 3262 2534 3321 οῦν
2583 3262 2746 3337 ¹ἦλθον
2779 3266 2916 3339 πρὸς
2967 3264 3129 3319 αὐτὸν
3158 3265 3208 3317 οἱ
3239 3264 3608 3336 Σαμαρεῖται.

337 3358 464 3404 runt
493 3351 545 3402 in
573 3365 718 3417 eum,
747 3360 966 3419 propter
1001 3363 1308 3405 sermonem
1369 3352 1634 3418 mulieris,
1670 3369 1791 3424 qua:
1841 3362 1919 3410 te-

2034 3352 2247 3427 Ιιρώτων
2293 3356 2456 3410 αὑτὸν
2488 3359 2667 3429 μεῖναι
2721 3358 2851 3429 παρ’
2878 3356 3081 3421 αὐτοῖς.
3106 3373 3125 3407 ι
3182 3354 3296 3409 Καὶ
3337 3351 3612 3425 πρότερον

332 3440 676 3496 Stilleabatur
696 3442 902 3505 dicens,
925 3440 1062 3507 Quia
1094 3441 1234 3495 dixit
1275 3440 1404 3495 mihi
1437 3445 1616 3496 omnia
1656 3459 1914 3509 quaecun-

2034 3442 2112 3501 n'w
2143 3449 2208 3502 ἐκ
2230 3449 2330 3520 τῆς
2358 3448 2565 3511 πόλεως
2589 3449 2819 3519 ἤρχοντο
2840 3446 2977 3518 πρὸς
3009 3445 3190 3509 αὑτὸν,
3225 3443 3320 3499 καὶ
3351 3441 3610 3515 δεύτερον

334 3546 440 3604 que
463 3532 586 3587 feci.
619 3531 691 3589 Ut
714 3547 845 3603 ergo
867 3542 1133 3587 venerunt
1161 3533 1227 3586 ad
1259 3548 1381 3588 cum
1414 3531 1721 3598 Samaritae,
1759 3550 1915 3606 roga-

2034 3531 2182 3608 ἦλθον
2214 3536 2351 3607 πρὸς
2380 3535 2541 3590 αὐτὸν
2588 3537 2639 3588 οί
2666 3536 3019 3609 Σαμαρεῖται,
3065 3532 3148 3586 ἐτι
3178 3531 3308 3586 ὄντα
3339 3529 3495 3603 παρὰ
3539 3533 3609 3602 τῇ

334 3632 527 3678 verunt
547 3638 671 3678 eum
695 3629 753 3676 ut
775 3630 1020 3677 maneret
1038 3621 1179 3692 apud
1199 3621 1365 3691 ipsos.
1389 3641 1408 3675 ι
1430 3620 1600 3693 Igitur
1622 3623 1769 3693 prius
1789 3638 1911 3679 cum

2034 3629 2172 3699 πηγῇ
2220 3627 2316 3681 τοῦ
2374 3627 2591 3694 Ἰακὼϐ,
2647 3627 2728 3699 (οὐ
2772 3626 2883 3699 γὰρ
2946 3624 3197 3697 φαίνεται
3244 3622 3614 3695 κεκινημένος

334 3729 402 3769 ex
424 3714 645 3768 civitate
669 3715 736 3768 ad
767 3728 891 3769 eum
918 3713 1214 3781 venissent,
1241 3715 1405 3769 etiam
1433 3715 1613 3770 denuo
1644 3723 1915 3771 venerunt

2034 3716 2288 3790 ἐκεῖθεν)
2315 3717 2412 3772 καὶ
2457 3717 2689 3791 ¹ἠρώτων
2714 3717 2877 3772 αὐτὸν
2909 3719 3089 3789 μεῖναι
3120 3716 3253 3787 παρ’
3276 3710 3483 3778 αὐτοῖς.
3526 3710 3607 3767 Οὔ

335 3803 403 3857 ad
443 3818 564 3857 eum
598 3804 903 3870 Samaritze,
941 3804 1118 3859 adhuc
1142 3806 1494 3860 essistentem
1527 3807 1670 3876 apud
1708 3806 1909 3862 fontem

2034 3804 2327 3877 γέγραπται
2370 3804 2430 3859 δὲ
2479 3805 2619 3877 μετὰ
2647 3804 2828 3871 τοῦτο,
2861 3806 2944 3860 δτι
2973 3802 3223 3876 εἰσῆλθεν
3267 3805 3348 3867 εις
3370 3801 3470 3875 τὴν
3505 3798 3610 3856 πό-

334 3892 505 3949 Jacob
538 3896 662 3964 (nec
692 3897 840 3950 enim
866 3896 992 3950 inde
1043 3896 1421 3966 discesserat),
1469 3906 1524 3952 et
1581 3908 1911 3969 regaverunt

2034 3908 2121 3961 ttv,
2153 3894 2268 3951 ἀλλ’
2292 3912 2308 3928 °
2343 3896 2633 3968 «Ἔμεινεν
2675 3898 2792 3951 ἐκεῖ
2823 3894 2916 3950 δύο
2959 3893 3193 3968 ἡμέρας.
3224 3912 3245 3946 ι
3304 3889 3465 3946 Ἀλλὰ
3508 3892 3606 3945 καὶ

335 3999 458 4039 eum
486 3993 546 4039 ut
567 3995 813 4040 maneret
846 3987 984 4055 apud
1002 3988 1172 4054 ipsos.
1194 3987 1305 4041 Nec
1325 3989 1586 4056 scriptum
1611 3998 1695 4044 est
1722 3996 1905 4059 postea

2034 4003 2075 4042 ιν
2103 3991 2216 4054 τοῖς
2243 3984 2372 4060 ἑξῆς
2406 3989 2508 4043 οὐκ
2526 3988 2740 4061 εἴρηται
2759 4006 2773 4019 ο
2809 4006 2827 4039 ι
2851 3985 3007 4042 Μετὰ
3024 3986 3081 4040 δὲ
3107 3985 3205 4050 τὰς
3224 3982 3318 4039 δύο
3340 3983 3560 4057 ἡμέρας
3578 4001 3599 4036 ν

337 4076 484 4147 quod
518 4076 794 4145 ingressus
815 4077 888 4131 sit
914 4077 1325 4143 civitatem,sed
1364 4098 1384 4131 ι
1418 4081 1625 4135 mansit
1664 4080 1737 4134 ibi
1773 4080 1911 4136 duos

2034 4079 2238 4152 ιξῆλθεν
2286 4082 2352 4135 ὲκ
2400 4081 2492 4153 τῆς
2525 4079 2752 4145 πόλεως,
2805 4079 2975 4133 ἀλλά’
3009 4096 3027 4129 ι
3052 4078 3162 4131 Καὶ
3193 4075 3415 4148 ἐξῆλθεν
3452 4078 3602 4130 bser-

333 4167 452 4222 dies
470 4166 539 4221 "’.
574 4184 594 4219 ι
624 4165 764 4234 Quin
798 4167 960 4223 etiam
990 4166 1149 4239 εει
1191 4167 1245 4220 in
1273 4170 1629 4238 sequentibus
1677 4185 1780 4225 non
1834 4172 1908 4226 di-

2034 4171 2108 4226 »εν
2130 4188 2144 4202 ·
2176 4190 2196 4224 ι
2239 4172 2363 4227 ὅσον
2410 4171 2521 4245 γὰρ
2570 4172 2663 4225 ἐπὶ
2698 4168 2777 4242 τῷ
2806 4168 2999 4241 νοητῷ,
3053 4165 3267 4241 πᾶσαή
3316 4167 3602 4239 οἰκονομία

331 4246 478 4315 etum
503 4268 587 4314 est
615 4277 627 4313 :
663 4276 683 4311 ι
714 4258 841 4314 Post
859 4258 995 4314 duos
1017 4274 1143 4315 vero
1170 4259 1286 4313 dies
1319 4278 1339 4311 ο
1374 4260 1541 4313 exivit
1563 4275 1627 4316 ex
1666 4262 1906 4327 civitate,

2034 4262 2112 4334 πῆς
2142 4261 2411 4333 ὠφελείας
2442 4264 2555 4325 τοῖς
2600 4256 2915 4333 Σαμαρεῦσι
2956 4258 3108 4332 παρὰ
3151 4257 3215 4331 τῇ
3249 4261 3400 4331 πηγῇ
3440 4258 3602 4327 757(-

333 4351 721 4421 sedseriptum
766 4358 892 4405 est:
931 4366 950 4400 ι
980 4349 1043 4403 Et
1089 4348 1261 4404 exivit
1316 4351 1439 4404 inde
1461 4350 1593 4415 ἐς»
1647 4362 1908 4420 quantum

2034 4370 2173 4425 meat
2194 4352 2289 4407 τοῦ
2330 4351 2545 4410 Ἰακὼϐ.

333 4442 479 4496 enim
513 4445 582 4497 ad
612 4443 1022 4513 intelligentiam
1047 4444 1305 4513 pertinet,
1335 4445 1515 4500 omnis
1539 4447 1843 4500 (nconomia
1879 4449 2125 4504 utilitatis
2162 4462 2290 4519 erga
2328 4446 2703 4503 Samaritanos
2722 4443 2865 4503 facta
2894 4457 2976 4503 est
3004 4446 3145 4516 apud
3169 4445 3372 4501 l'outem
3403 4440 3596 4499 Jaccb.

402 4535 496 4591 '50.
527 4533 695 4593 Porro
719 4535 1017 4591 Heraeleon
1052 4535 1303 4607 hydriam
1339 4548 1460 4590 esse
1487 4535 1768 4590 existimat
1800 4538 1909 4592 dis-

2081 4538 2170 4593 50.
2203 4538 2260 4591 Ὀ
2278 4532 2335 4591 δὲ
2364 4536 2674 4609 ’Πρακλέων
2702 4538 2803 4610 τὴν
2828 4537 3015 4612 ὑδρίαν
3042 4537 3142 4609 τὴν
3162 4534 3417 4607 δεκτικὴν
3446 4532 3596 4603 ζωῆς

331 4629 655 4700 positionem
703 4636 758 4682 et
796 4629 1075 4684 notionem
1122 4628 1489 4698 suseeptivam
1548 4628 1692 4693 ritte,
1744 4638 1906 4698 atque

2034 4628 2382 4700 ιπολαμσάνει
2408 4623 2548 4682 εἶναι
2579 4626 2838 4694 διάθεσιν,
2871 4628 2968 4683 καὶ
2996 4627 3225 4692 ἔννοιαν,
3255 4624 3350 4680 καὶ
3375 4625 3475 4697 τῆς
3503 4623 3597 4677 δυ·

332 4719 496 4776 etiam
545 4719 665 4788 ejus
706 4719 983 4789 potentia,
1015 4734 1134 4789 quae
1156 4734 1186 4774 a
1218 4716 1510 4774 Servatore
1551 4727 1655 4785 est,
1694 4735 1714 4770 ι
1745 4735 1904 4785 quam

2034 4721 2226 4793 ιάμεως
2248 4722 2348 4793 τῆς
2380 4719 2531 4793 παρὰ
2557 4720 2654 4774 τοῦ
2685 4714 2960 4793 Σωτῆρος,
2986 4718 3176 4791 ἥντινα
3197 4715 3592 4780 καταλιποῦσα,

2010 4811 2166 4882 φησὶ,
2201 4813 2334 4883 παρ’
2363 4809 2532 4883 αὐτῷ,
2565 4811 2844 4866 τουτέστιν
2884 4809 3083 4881 ἔχουσα
3113 4807 3264 4880 παρὰ
3293 4804 3375 4879 τῷ
3406 4806 3591 4878 Σωτῆ-

333 4899 474 4967 apud
511 4897 858 4952 Servatorem
906 4897 1013 4952 tale
1058 4913 1174 4961 vas,
1216 4898 1269 4951 iu
1314 4913 1423 4968 quo
1471 4898 1538 4952 ad
1586 4898 1905 4952 sumendam

2034 4920 2067 4956 at
2090 4902 2149 4957 τὸ
2173 4901 2411 4958 τοιοῦτον
2444 4902 2661 4969 σκεῦος,
2704 4905 2763 4958 ἰν
2803 4895 2848 4972 ᾧ
2879 4902 3125 4976 ἐληλύθει
3171 4900 3358 4956 λαϐεῖν
3385 4900 3449 4955 τὸ
3478 4898 3587 4964 ζῶν

333 4991 510 5044 vivam
557 5003 752 5060 aquam
784 4998 1070 5053 ,venerat,
1127 5004 1343 5043 reversa
1392 5000 1476 5042 est
1519 4988 1573 5041 in
1621 4988 1900 5050 mundum,

2034 4989 2175 5063 ὸδωρ,
2212 4991 2550 5064 ὑπέστρεψεν
2580 4994 2660 5056 εἰς
2681 4991 2774 5045 τὸν
2804 4993 3007 5063 κόσμον
3036 4988 3495 5062 εὐαγγελιζομένη
3523 4989 3588 5059 τῇ

334 5080 590 5135 nuntians
625 5093 758 5133 voce
806 5080 1154 5148 praesentiam
1211 5088 1265 5132 et
1312 5079 1604 5131 adventum
1657 5077 1899 5132 Christi:

2034 5080 2199 5153 ιλήσει
2230 5082 2328 5150 τὴν
2359 5082 2596 5152 Χριστοῦ
2645 5082 2949 5154 παρουσίαν
2970 5099 2985 5113 ο
3036 5081 3125 5136 διὰ
3163 5082 3273 5155 γὰρ
3299 5080 3395 5136 τοῦ
3429 5080 3586 5134 meti.

331 5182 430 5239 per
455 5167 703 5237 spiritum
727 5168 870 5224 enim
892 5176 949 5222 et
973 5184 1002 5222 a
1032 5167 1226 5240 spiritu
1251 5167 1428 5220 anima
1454 5166 1521 5220 ad
1557 5166 1901 5220 Servatorem

2034 5186 2179 5232 ιατος
2211 5170 2304 5223 καὶ
2348 5170 2454 5224 {me
2498 5171 2594 5225 τοῦ
2639 5171 2949 5244 πνεύματος
2993 5170 3331 5244 προσάγεται
3373 5175 3409 5244 ἠ
3440 5170 3582 5242 ψυχὴ

430 5308 478 5341 ’⁸
499 5310 661 5367 Joan.
695 5327 790 5376 xx,
819 5311 907 5367 l8.
980 5312 1026 5348 ⁹¹
1051 5310 1211 5367 Joan.
1235 5324 1314 5370 tv.
1345 5308 1434 5364 ΑΞ.
1511 5307 1557 5343 ⁹¹
1581 5306 1735 5364 Joan.
1759 5310 1927 5377 sx,”

2034 5310 2080 5345 ³³
2105 5311 2237 5368 ibid.
2265 5311 2356 5369 27.
2446 5312 2496 5347 “
2513 5310 2673 5370 Joan.
2702 5327 2779 5381 ιν,
2802 5311 2892 5372 ιο.
2963 5312 3011 5347 ’⁸
3041 5311 3169 5370 ibid.
3195 5311 3286 5369 30.
3384 5312 3432 5346 ⁸⁸
3455 5310 3581 5368 ibid.

325 5382 416 5447 '51),
437 5381 529 5437 ιο.
604 5382 650 5416 ⁸⁷
668 5383 804 5440 ibid.
838 5380 932 5437 40.
1003 5381 1049 5414 ’⁸
1074 5382 1204 5437 ibid.
1238 5380 1331 5436 45.
1647 5410 1655 5417 -

335 4809 669 4877 relinquens,
722 4808 920 4879 inquit,
961 4809 1102 4879 apud
1140 4809 1340 4878 ipsum,
1394 4809 1499 4863 hoc
1540 4816 1653 4871 est,
1701 4808 1908 4862 habens

2010 5520 2160 5578 deest
2184 5525 2285 5590 εἰς.

2089 5595 2208 5671 (25)-
2239 5594 2465 5671 Codices
2491 5594 2834 5654 Barberinns
2869 5608 2929 5655 et
2963 5598 3315 5671 Bndleianus,
3367 5599 3578 5668 ἀναγω-

2012 5663 2148 5732 γάς;
2175 5664 2393 5737 lit-gius,
2429 5682 2736 5739 perperam,
2772 5669 3111 5739 συναγωγάς.

366 5519 512 5643 1(ίὶσι)
535 5520 661 5577 llaec
687 5536 719 5576 a
742 5519 1002 5579 Ferrario
1026 5521 1417 5595 prtetermissa,
1441 5533 1471 5575 e
1493 5518 1747 5577 Perionio
1770 5536 1899 5592 sup-

385 5606 620 5643 6VIIINIS;

328 5606 931 5730 ᾑιῖξὲῗὲςῑξ-ἓϐδομον.
960 5659 1053 5715 Sic
1078 5670 1226 5716 recte
1283 5662 1488 5718 habent
1544 5661 1704 5716 codd.
1730 5657 1909 5730 “ll-ad:

329 5728 539 5786 leianus
578 5740 633 5785 et
687 5728 1048 5794 liarberinus;
1104 5730 1158 5784 in
1201 5732 1441 5787 editione
1495 5745 1675 5788 autem
1727 5728 1905 5784 lluetti
