3878 6210
262 356 354 415 155

1314 352 1672 411 COMMENT.
1712 350 1780 407 ιιι
1816 349 2010 407 JOAN.
2049 350 2288 410 TOMUS
2321 353 2455 411 XIII.

3401 368 3508 427 484

256 476 325 549 τῷ
353 474 590 547 Σωτῆρι.
628 475 981 545 Κατανόησον
1024 473 1088 545 δὴ
1118 474 1166 526 εί
1209 471 1430 528 δύναται
1456 470 1795 543 ὲπαινουμέντ

1931 467 2243 524 adducitur.
2280 488 2300 522 ι
2335 469 2504 541 igitur
2529 471 2817 530 considera
2849 471 3206 530 laudabilisne
3235 489 3354 531 esse.
3387 495 3508 548 p05-

258 566 535 637 τυγχάνειν
561 566 595 636 ή
623 564 781 637 ὑδρία
809 562 949 636 αὕτη
984 565 1160 636 πάντη
1187 563 1452 636 ἀφιεμένη
1470 581 1484 595 ·
1533 583 1552 616 ι
1575 564 1778 634 ’Δφῆκε
1804 582 1824 615 ι

1936 559 2003 612 sit
2033 557 2145 612 haec
2170 560 2383 630 hydria,
2412 577 2534 631 qum
2559 563 2783 619 omnino
2807 562 3169 633 relinquitur:
3199 582 3220 618 ι
3248 566 3463 624 Dimisit
3481 589 3502 623 ι

250 656 372 727 γάρ,
421 656 578 724 φησι,
645 654 787 724 ιτὴν
824 653 1015 726 ὑδρίαν
1052 655 1224 725 αὑτῆς
1268 656 1303 727 η
1352 656 1524 726 γυνή’
1553 675 1572 708 ι
1620 656 1682 710 οὐ
1719 655 1792 723 γὰ

1933 648 2101 710 enim,
2129 647 2323 717 inquit,
2357 668 2377 702 ι
2413 650 2657 722 bydriam
2688 667 2841 707 suam
2868 653 3062 707 mulier
3076 652 3156 719 ”;
3181 672 3200 707 ι
3233 671 3337 711 non
3361 659 3505 713 enim

254 747 585 818 πρόσκειται,
612 747 695 800 δτι
724 746 938 816 ἀφῆκεν
965 745 1136 817 αὐτὴν
1163 746 1312 817 παρὰ
1327 745 1407 816 τῷ
1432 747 1664 818 Σωτῆρι.
1700 746 1827 810 Πῶς

246 839 303 893 δὲ
331 837 424 892 καὶ
455 837 555 892 οὑκ
580 835 842 892 ἀπίθανον
874 835 1276 892 καταλιποῦσαν
1318 838 1487 909 αὐτὴν
1517 838 1617 911 τὴν
1646 838 1825 893 δεκτι-

242 927 343 999 κὴν
371 929 470 999 τῆς
496 928 641 999 ζωῆς
688 928 948 994 διάθεσιν,
983 928 1080 984 καὶ
1125 929 1226 1000 τὴν
1276 929 1485 984 ἔννοιαν
1532 930 1634 1002 τῆς
1661 931 1822 986 δυνά-

253 1036 391 1089 μεως
436 1019 534 1090 τῆς
581 1019 735 1092 παρὰ
780 1018 876 1074 τοῦ
924 1019 1196 1092 Σωτῆρος,
1228 1021 1324 1074 καὶ
1367 1019 1428 1075 τὺ
1458 1022 1649 1087 σκεῦος
1692 1025 1751 1078 ἐν
1776 1017 1822 1093 ᾧ

248 1108 484 1179 ἐληλύθει
512 1110 811 1182 λαμϐάνειν
854 1110 917 1165 τὸ
961 1112 1071 1177 ζῶν
1099 1111 1263 1186 ὕδωρ.
1317 1112 1710 1184 ἀπεληλυθέναι
1739 1118 1819 1181 είς

248 1200 330 1253 τὸν
354 1201 561 1272 κόσμον
591 1203 760 1276 χωρὶς
786 1203 1013 1270 τούτων,
1041 1205 1497 1275 εὐαγγελίσασθαι
1527 1209 1593 1279 τῇ
1626 1208 1815 1280 κλήσει

246 1292 333 1364 τὴν
357 1293 595 1364 Χριστοῦ
634 1296 974 1367 παρουσίαν;
1025 1297 1151 1362 Πῶς
1177 1297 1234 1352 δὲ
1266 1299 1359 1352 καὶ
1402 1301 1434 1371 ἠ
1470 1301 1813 1375 πνευματικὴ

248 1381 372 1453 μετά
398 1383 684 1449 τεσούτους
709 1385 898 1455 λόγους
924 1387 984 1440 οὐ
1014 1388 1303 1442 πέπεισται
1334 1386 1519 1459 σαφῶς
1559 1391 1687 1461 περὶ
1715 1391 1811 1445 τοῦ

240 1471 487 1544 Χριστοῦ,
520 1475 661 1530 ἀλλά
681 1494 814 1548 φησι
832 1479 1025 1549 ἰΜητι
1044 1472 1199 1545 οὗτος
1220 1482 1249 1535 ό
1274 1480 1680 1554 Χριστός;ιΚαὶ
1712 1483 1773 1537 τό
1791 1501 1805 1514 ο

250 1583 268 1616 ι
286 1566 532 1637 Ἐξῆλθον
563 1567 622 1622 δὲ
668 1571 733 1623 ἐκ
760 1569 861 1641 τῆς
888 1570 1118 1637 πόλεως,
1144 1592 1163 1625 ι
1216 1573 1515 1646 διηγήσατο
1561 1575 1682 1629 ἀντὶ
1712 1577 1807 1631 τοῦ

244 1659 301 1712 ἑκ
321 1657 417 1729 τῆς
442 1661 717 1731 προτέρας
740 1660 921 1715 αὐτῶν
951 1661 1297 1735 ἀναστροφῆς
1328 1663 1495 1738 οὔσης
1514 1668 1803 1738 κοσμικῆς,

246 1767 263 1798 ι
283 1748 368 1801 καὶ
410 1748 644 1819 ἤρχοντο
672 1749 761 1804 διά
791 1751 894 1821 τῆς
939 1750 1195 1817 πίστεως,
1224 1772 1245 1805 ι
1305 1755 1459 1826 φησὶ,
1500 1774 1520 1807 ι
1544 1756 1680 1829 πρὸς
1710 1757 1804 1810 τὸν

1933 739 2155 793 additur
2188 740 2331 807 quod
2366 740 2639 798 dimiserit
2675 756 2797 796 eam
2827 742 2969 812 apud
2994 741 3361 801 Servatorcm.
3396 747 3506 803 Sed
3622 806 3631 814 ,

1906 829 2201 895 ,ιιιιοιιιοιίο
2223 845 2328 884 tton
2359 831 2655 887 absurdum
2686 832 2792 886 erit
2822 844 2964 894 eam,
2995 848 3117 902 qua:
3148 832 3503 906 deseruisset,

1929 920 2342 989 dispositionem
2367 932 2422 977 et
2445 925 2719 979 notionem
2752 925 3116 994 susceptivam
3150 926 3273 982 vita:
3312 938 3369 983 et
3402 946 3501 1000 po-

1930 1010 2135 1072 tentite,
2162 1027 2190 1064 a
2215 1010 2513 1069 Servatore
2545 1025 2879 1080 manantem,
2911 1025 2965 1071 et
2991 1029 3088 1070 vas
3114 1016 3166 1071 in
3194 1032 3303 1087 quo
3331 1034 3501 1077 vene-

1928 1113 2012 1156 rat
2054 1112 2111 1156 ut
2147 1104 2422 1174 acciperet
2451 1120 2647 1176 aquam
2678 1107 2881 1171 vivam,
2909 1106 3109 1163 abiisse
3152 1108 3205 1163 itt
3239 1112 3499 1168 mundum

1922 1198 2042 1251 sine
2078 1197 2184 1263 his,
2218 1208 2276 1251 ιιι
2324 1199 2733 1265 evangelizaret
2782 1214 2914 1256 voce
2957 1198 3166 1255 Christi
3207 1201 3500 1260 adventum

1920 1299 1974 1341 et
2007 1288 2351 1357 pra’sentiam
2370 1288 2394 1343 ἲ
2414 1288 2696 1356 Quomodo
2724 1290 2889 1346 etiam
2918 1290 3031 1345 haec
3056 1290 3353 1359 spiritualis
3379 1303 3501 1361 post

1920 1383 1997 1428 tot
2025 1392 2307 1432 sermones
2333 1393 2591 1447 persuasa
2623 1379 2770 1435 clare
2799 1394 2905 1435 non
2936 1390 3019 1435 est
3043 1381 3109 1436 de
3136 1380 3378 1443 Christo.
3400 1386 3495 1441 sed

1919 1466 2093 1536 inquit
2128 1487 2142 1524 :
2184 1487 2204 1521 ι
2235 1471 2316 1524 An
2346 1469 2434 1526 hic
2463 1478 2546 1525 est
2569 1470 2661 1526 ille
2677 1471 2962 1527 Christus’
2987 1471 3012 1525 τ
3039 1492 3057 1524 ι
3083 1472 3223 1539 Quin
3246 1483 3301 1530 et
3326 1474 3490 1532 illud:

1921 1576 1939 1609 ι
1978 1559 2239 1614 Exierunt
2273 1569 2452 1614 autem
2480 1575 2510 1614 e
2543 1560 2767 1616 civitate
2790 1564 2836 1627 ¹,
2863 1581 2881 1615 ι
2915 1563 3163 1633 exposuit
3195 1579 3292 1633 pro
3319 1565 3497 1635 prima

1912 1663 2098 1703 eorum
2130 1651 2510 1717 conversione,
2538 1666 2660 1721 quae
2690 1652 2958 1705 mundana
2998 1661 3144 1719 erat,
3182 1670 3202 1704 ι
3235 1663 3290 1709 ct
3329 1668 3499 1710 vene-

1915 1751 2039 1797 rttut
2093 1757 2190 1814 per
2235 1743 2418 1809 fidem,
2471 1742 2670 1811 inquit,
2728 1746 2797 1797 ad
2846 1742 3277 1809 Senatorum»
3314 1745 3409 1799 sed
3440 1746 3493 1801 ei

236 1830 484 1903 Σωτῆραο
528 1854 549 1886 ι
595 1832 814 1888 λεκτέον
858 1835 916 1889 δὲ
963 1836 1100 1908 πρὸς
1129 1837 1312 1905 αὐτὸν,
1344 1839 1462 1903 πῶς
1497 1841 1649 1911 μένει
1676 1845 1795 1907 παρ⁴

1914 1834 2347 1905 respondendum
2377 1843 2459 1889 est
2484 1850 2499 1886 :
2531 1832 2816 1900 Quomodo
2840 1842 3025 1889 manet
3054 1834 3192 1888 duos
3214 1834 3332 1889 dies
3352 1836 3494 1903 apud

239 1923 407 1986 αὐτοῖς
431 1923 530 1988 τὰς
561 1923 656 1978 δύο
681 1925 922 1997 ἡμέραςς
947 1928 1008 1980 οὐ
1041 1929 1149 2001 γάρ
1166 1930 1466 2001 τετήρηκεν
1496 1931 1526 1984 ὃ
1557 1949 1809 2007 προπαρ-

238 2011 453 2083 εθέμεθα
502 2016 665 2086 ἡμεῖς
694 2017 821 2087 περὶ
852 2017 946 2070 τοῦ
994 2020 1053 2072 ὲν
1079 2021 1145 2090 τῇ
1175 2020 1329 2072 πόλει
1392 2022 1556 2076 αὑτὸν
1605 2022 1807 2092 ἀναγε-

238 2103 461 2174 γράφθαι
493 2105 605 2177 (2i)
638 2109 1004 2178 μεμενηκέναι
1032 2110 1131 2174 τὰς
1167 2110 1261 2164 δύο
1291 2113 1522 2185 ἡμέρας.

300 2195 384 2248 5L
407 2210 425 2243 ι
462 2195 550 2247 Ἐν
579 2194 656 2266 τῷ
685 2197 887 2266 μεταξὺ
917 2198 1143 2270 ἠρώτων
1168 2201 1328 2255 αὑτὸν
1352 2204 1401 2257 0i
1437 2202 1697 2275 μαθηταὶ,
1728 2204 1808 2259 λέ-

237 2300 408 2352 γοντες
428 2302 444 2317 ο
483 2285 692 2352 Ῥαϐϐι,
711 2287 873 2357 φάγε.
900 2308 918 2341 ι
944 2289 1098 2344 Μετά
1122 2291 1223 2363 τὴν
1240 2291 1365 2364 περὶ
1391 2294 1451 2347 τὸ
1474 2295 1636 2349 ποτὸν
1662 2297 1807 2351 obto-

238 2377 413 2443 νομίαν
460 2378 553 2430 καὶ
600 2376 701 2448 τὴν
746 2378 1095 2435 διδασκαλίαν
1120 2382 1218 2454 τῆς
1248 2382 1510 2456 διαφορᾶς
1538 2386 1646 2440 τῶν
1677 2388 1805 2443 ὑδά-

234 2485 337 2521 των
363 2468 646 2523 ἀκόλουθον
694 2465 762 2541 ἦν
815 2472 910 2525 καὶ
943 2473 1013 2527 τά
1065 2476 1193 2546 περὶ
1241 2477 1449 2548 τροφῆς
1498 2479 1804 2551 ἀναγεγρά-

242 2560 375 2627 φθαι.
415 2561 474 2613 Ἠ
498 2559 596 2630 μὲν
620 2555 713 2615 οὖν
742 2563 1070 2637 Σαμαρεῖτις
1089 2567 1382 2640 αἰτουμένη
1410 2571 1554 2622 πιεῖν
1584 2569 1670 2624 διά
1690 2571 1801 2626 τῶν

236 2655 611 2727 ἑπαπορήσεων
641 2658 754 2730 (25)
785 2657 973 2728 αὐτῆς,
1029 2658 1192 2711 οἱονεὶ
1220 2659 1277 2713 δὲ
1305 2658 1392 2712 διὰ
1433 2660 1526 2714 τὸν
1548 2664 1801 2736 αἰτήσαν-

233 2761 297 2799 τα
340 2746 479 2816 (οὔτε
500 2748 610 2822 γὰρ
651 2746 764 2821 εἶχε
795 2748 978 2803 δοῦναι
1001 2747 1078 2819 τῷ
1122 2749 1296 2821 Ἰησοῦ
1327 2747 1476 2816 ἄξιον
1506 2753 1667 2807 αὐτοῦ
1698 2754 1798 2810 πό-

234 2836 346 2907 μα),
374 2841 421 2892 εἰ
468 2841 719 2905 κάκεῖνος
763 2843 822 2895 ὲν
865 2839 945 2911 τῷ
996 2841 1214 2913 ἐκείνην
1254 2842 1567 2915 αἰτηθεῖσαν
1611 2846 1797 2918 ὀρέξαι

231 2928 462 2986 ἐϐούλετο
485 2932 845 3006 εὐεργετῆσαι
865 2931 955 2986 διὰ
973 2932 1162 2986 τούτου
1182 2932 1278 2987 τοῦ
1305 2938 1452 2989 πιεῖν
1477 2936 1793 2994 δεδωκυῖαν.

234 3019 492 3093 Ἔπρεπεν
540 3023 641 3096 ἥδη
676 3065 691 3080 .
715 3062 768 3081 ..
789 3064 804 3078 .
827 3064 842 3078 .
877 3025 988 3080 ἀπὸ
1017 3025 1120 3096 τῆς
1167 3026 1578 3099 Σαμαρείτιδος.
1629 3031 1692 3084 Οί
1736 3030 1795 3084 δὲ

229 3111 451 3185 μαθηταὶ
476 3155 492 3170 .
513 3158 529 3172 .
551 3154 599 3170 ..
617 3154 632 3168 .
664 3115 1083 3188 ἀπεληλυθότων
1106 3118 1186 3181 είς
1214 3115 1312 3189 τὴν
1341 3117 1516 3183 πόλιν,
1552 3119 1641 3174 τνα
1668 3137 1792 3192 τρο-

227 3205 327 3273 φὰς
355 3182 711 3280 άγοράσωσιν,
745 3182 866 3281 ἦτοι
893 3208 1187 3280 εὑρηκότες
1217 3182 1557 3280 ἐπιτηδείους
1582 3182 1790 3284 τροφάς
1818 3182 1858 3239 c

224 3298 367 3369 παρά
385 3303 492 3365 τοῖς
511 3300 841 3374 ὲτεροδόξοις
861 3300 1054 3370 λόγους
1075 3300 1225 3365 τινάς
1243 3301 1602 3372 ἁρμόζοντας,
1629 3342 1644 3359 .
1665 3341 1681 3359 .
1702 3344 1718 3360 .
1734 3343 1750 3359 .
1771 3347 1788 3364 .

223 3390 395 3460 αὐτῷ·
430 3411 449 3444 ι
479 3393 649 3461 Φάγε,
678 3412 697 3444 ι
744 3391 937 3464 καιρὸν
971 3392 1291 3463 νομίσαντες
1322 3393 1624 3465 ἐπιτήδειον
1652 3390 1790 3449 εἶναι

222 3482 364 3553 αὐτῷ
400 3485 604 3558 τροφῆς
633 3483 725 3537 τὸν
781 3483 982 3555 μεταξὺ
1013 3484 1108 3538 τοῦ
1156 3483 1550 3557 ἀπεληλυθέναι
1579 3487 1660 3550 εἰς
1689 3484 1789 3557 τὴν

224 3575 368 3630 πάλιν
411 3579 506 3651 τὴν
554 3579 809 3648 γυναῖκα,
861 3579 956 3632 καὶ
985 3576 1082 3632 τοῦ
1112 3577 1426 3649 ἐληλυθέναι
1466 3578 1602 3650 πρὸς
1627 3578 1789 3633 αὑτὸν

219 3669 341 3733 τοὺς
366 3669 735 3742 Σαμαρείτας·
771 3673 857 3726 ἐπ’
901 3669 1115 3734 οὐδενὸς
1143 3669 1254 3743 γὰρ
1282 3669 1450 3735 ιξένου
1501 3670 1790 3743 παρετίθε-

222 3774 320 3811 σαν
360 3761 500 3832 αὐτῷ
526 3762 628 3833 τὴν
670 3763 910 3834 τροφήν·
967 3764 1096 3825 ἴσως
1149 3761 1641 3834 ἐπιθορυσηθείσης
1673 3762 1784 3834 (Ξϐ)

223 3852 286 3904 ἂν
313 3853 403 3925 τῆς
445 3855 834 3927 Σαμαρείτιδος
883 3856 931 3909 εί
961 3853 1106 3928 ἑώρα
1154 3856 1282 3919 τοὺς
1310 3854 1558 3927 μαθητὰς
1582 3854 1650 3910 τά
1678 3856 1787 3910 ἀπὸ

219 3941 319 4013 τῆς
345 3944 541 4010 πόλεως
568 3946 739 4017 αὐτῆς
766 3947 1030 4019 τρόφιμα,
1057 3947 1176 4018 ἦτοι
1207 3945 1358 4010 ὄντα,
1391 3945 1425 4017 ἢ
1457 3946 1786 4018 νομιζόμενα

218 4035 559 4105 παρατιθέναι
605 4036 962 4109 βουλομένους
1008 4037 1087 4109 τῷ
1130 4036 1435 4109 διδασκάλῳ
1456 4054 1470 4068 ’
1517 4036 1632 4091 ἀλλ’
1664 4037 1783 4092 οὐδὲ

218 4124 432 4181 ἐνώπιον
458 4127 567 4182 τῶν
598 4129 952 4202 Σαμαρειτῶν
991 4128 1219 4193 δεόντως
1243 4127 1311 4183 ἂν
1337 4130 1533 4183 ἐκεῖνοι
1565 4127 1778 4197 ἔλεγον⁸

224 4233 246 4265 ι
263 4216 460 4282 Ῥαὸδι,
490 4219 654 4289 φάγε,
684 4238 703 4270 ι
732 4218 1042 4291 χρηιζόντων
1067 4218 1418 4273 καταλείπειν
1453 4219 1662 4273 ἑαυτῶν
1682 4220 1782 4291 τὴν

220 4307 392 4363 πόλιν·
425 4310 510 4364 διά
536 4311 696 4365 τοῦτο
718 4310 899 4374 καλῶς
930 4311 1252 4383 πρόσκειται
1275 4310 1337 4363 τό
1357 4326 1372 4340 ν
1410 4329 1429 4360 ι
1453 4310 1540 4363 Ἐν
1570 4309 1649 4380 τῷ
1681 4326 1780 4381 με-

220 4400 344 4465 ταξῦ
371 4400 594 4472 ἠρώτων
645 4403 807 4456 αὑτὸν
859 4404 910 4457 0i
954 4401 1196 4474 μαθηταὶ
1234 4400 1485 4471 λέγοντες
1505 4417 1520 4433 ⁸
1567 4400 1776 4468 Ῥαδσὶ,

1913 1927 2141 1997 ipsos'?
2179 1941 2284 1982 non
2333 1926 2484 1981 enim
2520 1926 2853 1994 observavit,
2885 1926 3030 1996 quod
3064 1940 3162 1979 nos
3199 1926 3493 1994 proposui-

1911 2030 2052 2078 mus,
2085 2015 2349 2085 scriptum
2381 2013 2593 2070 scilicet
2624 2028 2730 2069 non
2760 2029 2902 2081 esse,
2936 2030 3059 2070 eum
3106 2015 3240 2069 duos
3279 2015 3397 2070 dies
3430 2016 3483 2072 in

1907 2107 2126 2163 civitate
2154 2108 2441 2164 mansisse.

1977 2224 2067 2278 5|.
2118 2241 2137 2275 ι
2165 2221 2386 2278 interim
2422 2223 2682 2293 rogabant
2716 2239 2839 2279 eum
2884 2224 3158 2294 discipuli,
3201 2226 3481 2283 dicentes:

1907 2315 2102 2380 Rabbi,
2151 2316 2378 2371 comede
2406 2316 2480 2371 ⁵.)
2518 2315 2647 2371 Post
2672 2318 3234 2397 meonomiampotus,
3269 2327 3326 2375 ct
3366 2327 3486 2388 post

1906 2408 2210 2462 doctrinam
2256 2408 2589 2465 diversitatis
2634 2424 2921 2477 aquarum,
2969 2398 3313 2479 consequens
3356 2420 3479 2466 crat

1905 2499 2134 2554 inscribi
2171 2514 2289 2569 qute
2319 2501 2385 2554 ad
2429 2500 2610 2554 cilium
2661 2498 3025 2569 pertinebant.
3063 2499 3357 2556 Samaritis
3384 2502 3485 2557 ita-

1900 2603 2008 2658 que
2040 2604 2164 2644 cum
2216 2600 2510 2659 rogaretur
2555 2600 2767 2660 potum,
2814 2590 3052 2657 dubitat,
3107 2603 3328 2663 propter
3356 2608 3480 2649 eum

1902 2679 1997 2749 qui
2029 2682 2268 2747 petierat
2292 2680 2493 2753 (neque
2519 2682 2662 2738 enim
2690 2691 2905 2753 poterat
2928 2682 3062 2738 dare
3084 2682 3216 2738 Jcsu
3257 2684 3479 2755 dignum

1902 2770 1998 2826 illo
2027 2772 2261 2842 potum),
2290 2787 2418 2827 num
2447 2786 2510 2829 se
2537 2772 2749 2843 jussam
2768 2788 2968 2841 aquam
2999 2774 3299 2845 porrigere,
3321 2775 3484 2831 vellet

1897 2859 2057 2918 Jesus
2107 2863 2377 2919 beneficio
2419 2863 2640 2919 afﬁcere
2679 2880 2777 2934 per
2806 2865 2948 2920 hunc
2973 2875 3183 2936 potum.
3239 2866 3481 2924 Docebat

1898 2953 2183 3025 igitur..."
2215 2967 2245 3007 ιι
2273 2951 2619 3008 Samaritide.
2665 2954 2839 3009 Porro
2863 2953 3136 3024 discipuli,
3163 2957 3254 3024 qui
3279 2954 3476 3010 civita-

1899 3052 2005 3098 tem
2032 3042 2284 3097 adierant
2310 3052 2371 3097 ut
2397 3044 2551 3102 cibos
2580 3055 2829 3101 emerent
2853 3046 2897 3111 ³,
2926 3059 3048 3100 cum
3077 3059 3173 3100 eus
3200 3045 3343 3115 apud
3376 3045 3479 3099 ho-

1898 3135 2077 3192 mines
2108 3136 2338 3192 diversae
2382 3147 2545 3193 sectaa
2599 3153 2667 3193 ex
2714 3137 2882 3193 animi
2935 3137 3205 3193 sententia
3238 3137 3479 3193 invenis-

1894 3239 2040 3295 sent,
2081 3245 2283 3301 nempe
2312 3245 2594 3288 sermones
2629 3231 2892 3302 quosdam
2941 3230 3349 3295 convenientes,
3379 3231 3473 3285 di-

1892 3330 2024 3376 cunt
2047 3319 2210 3394 242
2244 3321 2361 3377 illi:
2396 3339 2417 3374 ι
2441 3320 2678 3377 Comede
2697 3321 2740 3387 ⁸,
2767 3339 2787 3374 ι
2821 3329 3032 3390 tempus
3057 3319 3186 3376 illud
3219 3320 3476 3377 idoneum

1892 3414 2021 3479 rati,
2055 3422 2116 3468 ιιι
2146 3413 2668 3490 Iesuscomederet.
2717 3415 2770 3468 in
2803 3427 2911 3483 quo
2953 3413 3152 3468 mulier
3191 3411 3475 3468 civitatem

1892 3505 2148 3575 petierat,
2174 3504 2497 3574 venturique
2526 3511 2686 3560 erant
2722 3503 2791 3558 ad
2816 3517 2941 3558 eum
2964 3503 3322 3569 Samaritani,
3343 3519 3468 3557 cum

1890 3595 2090 3668 alioqui
2119 3597 2301 3653 cibum
2335 3608 2520 3652 coram
2567 3594 2679 3651 ullo
2710 3594 2928 3664 hospite
2957 3594 3031 3648 illi
3058 3609 3162 3648 non
3186 3594 3471 3662 apposuis-

1888 3696 2039 3744 sent.
2078 3687 2156 3742 Ac
2184 3685 2439 3742 fortassis
2473 3685 2716 3740 futurum
2751 3691 2888 3747 erat,
2915 3682 2991 3736 uti
3022 3681 3314 3736 Samaritis
3334 3697 3470 3735 cou-

1888 3778 2224 3841 turbaretur,
2248 3775 2295 3831 si
2324 3774 2550 3830 vidisset
2577 3770 2876 3842 discipulos
2900 3771 3163 3841 magis'ro
3192 3785 3470 3840 apponere

1887 3867 2135 3923 volentes
2162 3866 2391 3931 cibaria,
2418 3878 2540 3936 quze
2566 3863 2652 3919 vel
2688 3863 2741 3918 iu
2773 3861 3018 3917 Samaria
3060 3862 3347 3920 emissent.
3376 3862 3459 3916 vcl

1886 3956 2089 4013 emisse
2129 3955 2426 4011 verisimile
2458 3964 2644 4022 esset;
2684 3969 2860 4026 neque
2900 3953 3098 4009 merito
3150 3968 3332 4009 coram
3366 3953 3471 4008 Sui-

1885 4047 2176 4103 maritanis
2228 4045 2538 4103 volentibus
2586 4060 2741 4101 suam
2794 4045 3039 4115 ipsorum
3086 4043 3468 4113 derelinquere

1889 4136 2167 4193 civitatem
2202 4136 2503 4193 dixissent:
2551 4153 2573 4190 r
2604 4134 2801 4202 Rabbi,
2839 4134 3094 4202 comede;
3125 4153 3143 4186 ι
3184 4134 3305 4190 ideo
3329 4135 3467 4189 bene

1883 4229 2128 4283 additum
2156 4239 2239 4283 est
2267 4244 2281 4283 :
2323 4244 2344 4280 ι
2379 4227 2604 4284 Interim
2631 4228 2898 4298 rogabant
2922 4241 3043 4283 eum
3071 4225 3350 4297 d.scipttli,
3381 4227 3466 4281 di-

1882 4331 2069 4377 centes
2114 4338 2130 4377 :
2175 4321 2373 4389 ltabbi,
2399 4316 2718 4379 manduca.»
2765 4321 2871 4378 Sed
2922 4335 3085 4390 quam
3123 4319 3197 4376 ob
3241 4334 3462 4376 causam

1882 4415 2147 4484 scriptum
2180 4412 2273 4481 sit,
2303 4431 2324 4465 ι
2354 4414 2622 4484 rogabant
2650 4413 2852 4483 ipsum,
2881 4428 2902 4465 ι
2931 4421 2988 4465 et
3025 4425 3154 4474 non,
3200 4407 3461 4464 Dicebant

222 4489 368 4560 φάγε.
391 4511 412 4545 ι
438 4492 536 4548 Διά
565 4492 618 4547 τί
640 4492 700 4546 δὲ
731 4512 751 4544 ι
772 4491 945 4546 Αὑτὸν
974 4490 1223 4564 ἠρώτων,
1251 4509 1272 4543 ι
1319 4491 1415 4546 καὶ
1446 4490 1585 4562 οὐκὶ,
1618 4490 1776 4544 Ἔλε-

1907 4505 1988 4572 lli,
2008 4505 2235 4575 dignum
2262 4515 2346 4560 est
2378 4518 2647 4568 cernere;
2684 4501 2989 4573 simplicius
3018 4499 3162 4555 enim
3193 4498 3460 4566 scriptum

219 4596 309 4648 τον
333 4584 490 4657 αὐτῷ,
522 4584 676 4652 ἀξιον
707 4586 833 4640 ίδεῐν
853 4602 867 4619 ·
898 4585 1261 4658 ἁπλούστερον
1288 4586 1398 4657 γὰρ
1436 4585 1776 4655 ἐγέγραπτοο

226 4690 244 4723 ι
263 4675 342 4728 Ἐν
364 4675 416 4730 δὲ
433 4676 509 4750 τῷ
533 4679 738 4750 μεταξὺ
774 4698 793 4730 ι
825 4678 1010 4747 ελεγον
1031 4677 1182 4750 αὑτῷ
1208 4696 1228 4731 ι
1250 4677 1301 4731 οἱ
1326 4676 1563 4750 μαθηταί
1578 4694 1592 4709 ⁶
1632 4678 1786 4731 Ῥαϐ-

223 4763 291 4827 εὶ,
316 4767 465 4836 φάγε.
494 4789 514 4820 ι
557 4770 633 4823 Τὸ
656 4770 714 4824 δὲ
746 4770 840 4824 καὶ
873 4771 1085 4841 ἐρωτᾷν
1125 4768 1215 4824 ἴνα
1245 4768 1415 4841 φάγῃ,
1454 4768 1549 4823 καὶ
1573 4767 1781 4822 ἱκετεύ-

221 4870 293 4907 ειν
318 4859 487 4923 αὐτὸν,
518 4862 612 4914 καὶ
641 4860 870 4928 δεῖσθαι,
912 4860 1054 4930 τάχα
1076 4877 1132 4913 τι
1162 4859 1314 4933 δηλοῖ
1340 4859 1445 4932 πρὸ
1470 4860 1571 4930 τῆς
1598 4858 1785 4925 ἐξετά-

224 4965 360 5015 σεως,
386 4954 550 5008 ἐνίοτε
577 4954 633 5008 δὲ
661 4953 756 5008 καὶ
802 4951 940 5026 μετὰ
971 4951 1072 5025 τὴν
1099 4951 1365 5017 ἐξέτασιν.
1414 4949 1524 5004 Καί
1546 4951 1648 5022 ὅρα
1677 4950 1783 5022 μή·

218 5055 332 5095 παῖε
353 5044 703 5100 εὐλαϐοῦνται
729 5044 804 5118 μὴ
832 5085 846 5099 .
864 5084 879 5099 .
901 5082 916 5100 .
937 5082 986 5103 ..
1016 5044 1046 5097 ὁ
1067 5043 1224 5113 λόγος
1392 5043 1514 5106 ταῖς
1552 5041 1779 5105 οἰκείαις

1885 4597 2098 4652 fuisset.
2133 4613 2153 4648 ι
2183 4595 2404 4651 Interim
2437 4614 2458 4649 ι
2495 4595 2747 4650 dicebant
2771 4594 2821 4648 ei
2870 4611 2889 4644 ι
2938 4590 3226 4661 discipuli:
3258 4587 3457 4651 Rahbi.

1884 4687 2166 4745 comede.»
2188 4686 2425 4742 Proinde
2463 4699 2657 4755 rogare
2685 4694 2744 4740 ut
2778 4683 3048 4747 comedat,
3072 4689 3128 4737 et
3147 4679 3461 4752 supplicare

1884 4793 2030 4846 eum,
2065 4786 2120 4832 et
2150 4776 2383 4846 precari,
2417 4774 2670 4830 fortassis
2699 4773 2906 4844 aliquid
2940 4771 3113 4827 innuit
3143 4781 3270 4828 ante
3321 4785 3457 4838 sup-

1883 4868 2266 4939 plicationem,
2307 4857 2473 4936 atque
2501 4865 2664 4920 etiam
2702 4863 2975 4919 interdum
3016 4871 3137 4933 post
3176 4861 3459 4932 supplica-

1885 4959 2109 5012 tionem.
2153 4956 2287 5012 Vide
2316 4970 2467 5021 vero,
2508 4969 2576 5010 ne
2604 4954 2747 5012 forte
2771 4964 3063 5010 vereantur
3087 4953 3361 5023 discipuli,
3392 4967 3460 5008 ne

1888 5049 2082 5105 Sermo
2119 5048 2213 5105 Dei
2240 5048 2410 5105 Filius
2434 5047 2672 5120 propriis
2698 5046 2861 5103 alitus
2884 5047 2958 5104 sit
2996 5047 3079 5103 vel
3128 5044 3458 5102 fortiﬁcatus

304 5203 347 5237 ”
368 5201 522 5262 Joan.
555 5222 630 5276 tv,
662 5205 753 5263 9.8.
832 5204 847 5237 ‘
880 5204 1014 5262 ibid.
1036 5203 1127 5261 29.
1201 5205 1223 5237 ²
1246 5201 1380 5259 ibid.
1410 5200 1501 5258 30.
1578 5201 1601 5235 ³
1636 5200 1769 5258 ibid.
1800 5201 1891 5261 ιο.
1966 5203 1991 5237 ⁸
2022 5204 2153 5261 ibid.
2186 5204 2279 5261 3|.
2355 5204 2377 5237 ⁸
2408 5202 2540 5259 ibid.
2572 5201 2628 5259 8.
2704 5202 2727 5235 ⁸
2749 5200 2882 5258 ibid.
2912 5199 3005 5255 5|.

252 5359 375 5432 ,(21)
401 5361 460 5416 In
513 5360 758 5432 margine
781 5359 994 5432 codicis
1020 5354 1301 5432 Dodleiaui
1356 5364 1580 5412 notatur
1630 5353 1773 5410 forte
1870 5366 1926 5432 et
1959 5356 2508 5432 interrogationibus,
2537 5353 2693 5432 quasi
2724 5362 2945 5432 propter
2976 5366 3100 5432 eum
3147 5350 3238 5420 qui
3294 5359 3452 5432 pete-

208 5426 477 5507 t-ﬁndmn
510 5445 630 5485 esse
639 5426 739 5507 ’μῂ
768 5426 1206 5507 ἀνατετράφοαξ·
1288 5493 1328 5507 ..
1385 5493 1417 5507 ..
1457 5493 1469 5507 .

266 5492 373 5571 (ὕ)
408 5492 908 5571 Ἔπαπορήᾆεωγζᾲ
931 5492 1024 5553 Sic
1039 5566 1051 5571 Δ
1065 5492 1260 5571 cudere
1288 5493 1616 5571 Bodleianus
1627 5504 1642 5554 ;
1664 5492 1772 5548 Re-

206 5563 329 5640 gius,
355 5563 1006 5643 dmpﬁaamv._Qttoniattt
1039 5566 1223 5643 luxata
1247 5566 1362 5643 lucc
1388 5573 1545 5643 sunt,
1576 5563 1775 5619 Ferra-

204 5635 354 5696 iam
379 5635 1229 5718 interpretationiPerionianam
1268 5635 1774 5718 adjungimuquno

204 5726 407 5765 sensum
471 5705 645 5763 lector
690 5708 906 5764 facilius
946 5707 1304 5765 exniscetur:
1366 5721 1385 5755 t
1425 5705 1771 5758 Samaritana

202 5783 404 5842 quidem
440 5788 653 5847 rogata,
693 5787 754 5833 ut
785 5787 970 5842 notum
996 5771 1174 5843 daret,
1198 5771 1632 5831 dubitationibus
1658 5774 1773 5830 suis

1871 5426 2004 5493 bat;
2039 5421 2215 5498 nequ'e
2239 5429 2384 5498 enim
2408 5424 2533 5482 Jesu
2558 5421 2691 5479 dare
2726 5421 2940 5491 poterat
2964 5421 3187 5489 dignam
3233 5435 3300 5472 eo
3345 5431 3447 5489 po-

1873 5497 2073 5551 tionem
2094 5515 2109 5561 ;
2130 5496 2235 5554 etsi
2262 5496 2352 5551 ille
2373 5510 2497 5563 cum
2527 5508 2590 5547 ea
2618 5508 2740 5563 quas
2766 5503 3048 5563 rogaretur
3069 5499 3316 5561 cuperet,
3353 5505 3453 5545 vo-

1869 5564 2013 5620 lebat
2040 5566 2184 5621 illam
2218 5566 2373 5620 bouis
2399 5562 2645 5618 adicere.
2675 5581 2694 5615 ι

1941 5635 2055 5704 (9.6)
2097 5631 2677 5704 Ἐπιθορυϐηθείσης.
2729 5631 2806 5704 lta
2838 5631 3028 5704 codex
3089 5628 3446 5696 Btdleianus;

1872 5701 2075 5775 Regius
2106 5715 2163 5762 et
2191 5701 2546 5770 Barberinus,
2578 5701 2973 5776 ὲπιτριὸείσης.

2528 5968 2551 6005 \
