3878 6210
401 329 509 388 433

1880 317 2202 376 επισεκιε

3559 309 3662 364 ιεσ

404 444 569 507 cibis,
600 450 656 498 et
682 441 805 498 ideo
852 447 1013 496 orent
1058 452 1181 495 eum
1207 437 1490 494 comedere
1520 436 1777 491 inventos
1805 434 1977 488 cilms.

2096 470 2100 482 .
2125 468 2139 484 .
2158 467 2172 482 .
2195 465 2209 481 .
2238 467 2252 482 .
2296 426 2330 498 ἢ
2361 422 2868 497 ίσχυροποιούμενος
2909 419 3153 492 τροφαῖς,
3195 417 3474 483 ἐρωτῶσιν
3501 418 3659 474 αὐτὸν

408 532 505 588 llis
533 532 679 588 enim
717 538 839 602 qua
866 530 1153 586 inveniunt
1190 529 1477 598 discipuli,
1513 543 1729 598 semper
1774 527 1983 580 nutrire

408 622 583 692 Λόγον
622 622 828 685 volunt,
858 630 918 677 ut
950 619 1299 682 fortit'tt-attts,
1338 630 1396 674 et
1428 617 1660 684 validus,
1712 626 1767 671 et
1799 631 1984 670 corro-

410 713 656 777 borutus,
684 713 889 770 diutius
920 714 1163 770 assideat
1188 713 1365 782 ipsum
1394 712 1793 775 nutrientibus;
1822 709 1985 763 vicis-

410 804 515 857 sim
540 805 790 860 nutriens
813 816 1151 876 opponentes
1178 806 1254 859 illi
1289 805 1464 860 cibos.
1490 803 1640 858 lianc
1668 803 1740 858 ob
1761 815 1982 857 causam

406 894 561 964 jubet
583 903 732 949 stare
762 896 828 949 ad
853 896 1078 963 ostium,
1112 906 1169 952 et
1195 896 1440 966 pulsare,
1470 904 1530 949 ut
1551 894 1599 949 si
1632 894 1758 963 quis
1783 891 1981 947 ostiqu

410 987 711 1055 aperuerit.
748 986 1093 1058 ingrediatur
1120 987 1187 1041 ad
1218 1002 1364 1053 eum,
1394 996 1450 1041 et
1477 993 1663 1041 canet
1711 999 1834 1039 eum
1868 982 1983 1044 illo,

412 1084 473 1129 ttt
500 1085 689 1144 postea
713 1076 1033 1132 convivator
1053 1076 1226 1146 possit
1249 1075 1492 1130 vicissim
1521 1073 1772 1129 convivio
1806 1072 1986 1142 excipi

414 1181 447 1222 a
475 1165 637 1238 Λόγῳ
663 1167 759 1236 qui
781 1167 922 1237 apud
950 1166 1100 1220 illum
1128 1165 1428 1221 sanaverit
1448 1166 1492 1219 '.

484 1428 573 1483 52.
599 1427 745 1482 Sane
778 1426 1080 1482 Heracleo:
1098 1426 1275 1496 inquit
1295 1424 1588 1494 discipulos
1610 1423 1846 1480 voluisse
1867 1438 1987 1477 cum

412 1518 541 1575 Jesu
567 1518 971 1573 communicare
1000 1532 1123 1585 quam
1161 1517 1455 1580 emissent,
1490 1525 1653 1585 atque
1681 1530 1711 1569 a
1740 1514 1988 1570 Samaria

415 1611 740 1665 attulissent.
768 1607 790 1681 [
815 1608 927 1680 (27)
956 1608 1080 1663 liae
1125 1617 1306 1661 autent
1342 1616 1752 1674 commemorat,
1787 1614 1847 1661 ut
1887 1607 1991 1659 ali-

2086 516 2506 589 εύρισκομένους
2546 513 2790 568 ἔδεσοαισ
2824 507 2905 575 οἷς
2936 509 3045 581 γὰρ
3078 509 3424 580 εὑρίσκουσιν
3464 509 3515 562 οι
3564 527 3662 581 μα-

2084 610 2248 681 θηταὶ
2271 608 2361 663 ἀεὶ
2386 607 2606 680 τρέφειν
2653 604 2744 658 τὸν
2771 602 2942 672 Λόγον
2972 601 3275 673 βούλονται,
3309 601 3399 654 ἵνα
3448 602 3662 673 ἰσχυρο-

2085 700 2425 772 ποιούμενος,
2477 698 2573 753 καὶ
2599 694 2941 766 τονούμενος,
2975 692 3071 747 καὶ
3111 690 3516 764 δυναμούμενος
3546 694 3662 745 ἐπι·

2084 792 2268 845 πλεῖον
2296 789 2612 862 παραμείνῃ
2660 792 2774 853 τοῖς
2802 788 2964 843 αὑτὸν
2989 788 3302 860 τρέφουσιν,
3332 786 3662 856 ἀντιτρέσων

2083 883 2210 946 τοὺς
2257 879 2657 952 παρατιθέντας
2706 877 2855 951 αὑτῴ
2908 877 2977 932 τὰ
3036 876 3320 950 βρώματα.
3379 876 3481 931 Διά
3513 873 3664 929 τοῦτο

2084 970 2374 1043 ὲστηκέναι
2406 970 2568 1039 φησὶν
2596 971 2689 1023 ἐπὶ
2716 970 2818 1043 τὴν
2842 969 3031 1040 θύραν,
3068 968 3162 1024 καὶ
3191 968 3429 1041 κρούειν,
3458 969 3551 1033 ἶν’,
3579 968 3663 1022 ὲάν

2085 1081 2168 1127 τις
2198 1061 2384 1136 ἀνοίξῃ
2412 1062 2512 1134 τὴν
2563 1061 2753 1134 θύραν,
2785 1060 3005 1134 εἰσέλθῃ
3048 1060 3185 1137 πρὸς
3216 1060 3400 1123 αὑτὸν,
3431 1061 3535 1114 καὶ
3568 1059 3665 1113 δει-

2087 1152 2267 1223 πνήσῃ
2294 1150 2412 1220 μετ’
2442 1149 2671 1213 ἐκείνου,
2706 1149 2847 1204 ὥστε
2882 1148 3105 1220 ὕστερον
3128 1148 3420 1220 δυνηθέντα
3439 1150 3538 1203 τὸν
3563 1149 3666 1205 δει-

2087 1243 2368 1313 πνήσαντα
2396 1241 2864 1312 άντιδειπνηθῆναι
2895 1242 3005 1296 ἀπὸ
3033 1241 3130 1295 τοῦ
3157 1241 3548 1314 δειπνήσαντος
3567 1241 3664 1296 Λό⁴

2087 1349 2186 1402 γου
2220 1331 2372 1404 παρά
2404 1331 2482 1403 τῷ
2510 1331 2799 1404 ἀνθρώπῳ.

2156 1425 2247 1479 32.
2289 1423 2348 1477 't)
2374 1423 2433 1476 δὲ
2470 1423 2781 1494 Ἡρακλέων
2808 1425 2992 1495 φησὶν,
3035 1424 3118 1478 ὅτι
3150 1422 3434 1477 ἐϐούλοντο
3474 1439 3667 1476 κοινω-

2087 1517 2200 1569 νεῖν
2250 1512 2399 1586 αὐτῷ
2442 1513 2503 1580 ἐξ
2552 1507 2626 1568 ὧν
2674 1513 3042 1585 ἀγοράσαντες
3092 1513 3201 1567 ἀπὸ
3227 1513 3329 1584 τῆς
3356 1512 3671 1585 Σαμαρείας

2089 1607 2498 1677 κεκομίκεισαν.
2558 1605 2695 1660 Τάδε
2740 1606 2904 1677 φησὶν
2945 1607 3032 1660 ἵνα
3061 1606 3183 1660 τινά
3212 1645 3294 1662 ...
3318 1645 3332 1660 .
3353 1645 3368 1661 .
3404 1609 3460 1662 αἱ
3516 1607 3672 1660 πέντε

412 1716 639 1771 qua.....
668 1700 909 1768 quinque
930 1698 1092 1753 fatuae
1109 1698 1462 1768 virgines.....
1489 1714 1517 1752 a
1546 1698 1759 1769 Sponsa
1779 1699 1821 1751 ⁸.
1852 1696 1987 1764 Quo-

2096 1699 2273 1769 μωρα“ι
2298 1697 2559 1770 παρθένοι
2592 1735 2605 1750 .
2631 1735 2646 1750 .
2672 1735 2684 1750 .
2706 1733 2722 1750 .
2740 1734 2757 1751 .
2792 1696 2900 1751 ἀπὸ
2924 1696 3018 1752 τοῦ
3056 1698 3334 1769 Νυμφίου.
3374 1697 3504 1761 Πῶς
3524 1697 3582 1752 δὲ
3608 1693 3676 1751 οἷο

418 1791 579 1845 modo
611 1799 793 1843 autem
829 1789 1186 1844 arbitror.....
1217 1789 1405 1843 eadem
1440 1789 1758 1843 babere.....
1793 1787 1987 1857 quibus

2096 1807 2193 1861 μαι
2411 1787 2779 1859 ἀαύτάέχειν
2808 1825 2971 1845 .....
3001 1788 3215 1858 ἐγονται
3244 1783 3676 1853 “natam-

415 1882 653 1937 occlusis
678 1880 841 1935 fatuis
872 1879 1198 1949 rirginibus,
1224 1894 1407 1950 operae
1429 1880 1660 1950 pretium
1689 1889 1771 1935 est
1797 1879 1987 1935 videre

416 1989 481 2028 ea
493 1989 615 2046 qua:
630 1972 1014 2042 discipulorum
1038 1972 1444 2026 accusationem
1462 1970 1760 2035 continent,
1792 1971 1982 2026 eodem

419 2066 581 2120 modo
614 2080 722 2134 quo
742 2064 906 2120 fatua:
932 2064 1170 2133 virgines
1197 2063 1607 2121 dormientium.
1656 2062 1770 2118 Hoc
1800 2074 1984 2119 autem

415 2159 663 2214 eamdem
686 2159 957 2214 rationem
982 2156 1182 2213 habeat
1210 2155 1348 2211 lucis
1370 2156 1438 2211 ad
1465 2157 1666 2222 cibum,
1697 2170 1858 2226 quam
1888 2171 1989 2226 po-

419 2258 509 2305 tus
548 2249 614 2303 ad
646 2249 825 2305 cibum
856 2247 1133 2305 habet.....
1166 2261 1448 2312 accusare,
1484 2248 1990 2317 reprehendereque

418 2338 946 2408 interpretationem.
992 2340 1311 2408 Quanquam
1370 2352 1467 2408 pro
1522 2336 1662 2391 virili
1718 2343 1873 2405 parte
1934 2335 1987 2390 id

416 2429 564 2502 quod
597 2429 676 2485 ait
701 2427 920 2499 planum
947 2428 1130 2483 facere
1157 2426 1372 2492 debuit,
1405 2435 1461 2479 et
1490 2424 1736 2496 pluribus
1768 2424 1986 2490 docere,

417 2520 747 2577 conﬁrmans
780 2518 1286 2590 interpretationem
1316 2531 1491 2571 suam.
1516 2513 1535 2587 ]

487 2611 578 2667 35.
623 2631 644 2664 ι
673 2611 747 2667 At
771 2611 887 2682 ipse
923 2610 1063 2667 dixit
1090 2610 1171 2666 eis
1200 2623 1216 2664 :
1247 2610 1361 2678 Ego
1392 2607 1571 2663 cibum
1604 2606 1782 2663 habeo
1829 2606 1991 2680 253

416 2701 741 2768 comedere,
784 2715 942 2771 quem
1009 2714 1104 2756 vos
1161 2698 1382 2757 nescitis
1422 2699 1469 2757 ’.
1514 2717 1533 2752 ι
1591 2697 1646 2754 ld
1693 2698 1837 2769 quod
1887 2697 1991 2754 sibi

416 2790 637 2858 subicit,
673 2807 778 2847 non
837 2801 959 2862 eget
1007 2791 1172 2858 cibo;
1222 2790 1451 2863 proinde
1493 2789 1640 2861 quod
1680 2790 1804 2845 cibo
1844 2798 1990 2862 eget,

419 2897 531 2938 non
558 2883 665 2937 sibi
696 2881 917 2939 sumsit.
946 2881 1084 2939 lline
1126 2883 1470 2954 perspicuum
1497 2891 1580 2937 est
1613 2881 1990 2939 comedentcm

419 2974 729 3041 comedere,
753 2988 858 3029 non
888 2974 1012 3047 quin
1039 2990 1144 3029 non
1179 2982 1374 3045 egeat;
1432 2974 1525 3031 sed
1578 2974 1704 3046 quia
1754 2980 1995 3045 cgeatet

418 3064 574 3121 valde
602 3073 781 3137 egeat.
810 3063 876 3119 Et
905 3079 1134 3135 cerpora
1176 3066 1413 3135 quidem,
1445 3065 1575 3134 quia
1605 3074 1799 3120 natura
1832 3060 1994 3119 ﬂuxi-

420 3153 554 3211 leilia
585 3162 735 3222 sunt,
772 3155 1085 3209 nutriuntur
1118 3153 1241 3209 cibo
1288 3154 1528 3227 replente
1575 3153 1750 3208 locum
1800 3168 1989 3209 eorum
2018 3129 2062 3188 δ

418 3259 545 3317 qua:
583 3244 870 3312 deﬂuunt;
911 3247 1004 3301 sed
1031 3261 1152 3316 qua
1185 3246 1303 3319 ipso
1346 3261 1575 3316 corpore
1608 3247 1988 3317 praestantiora

418 3345 573 3399 sunt,
597 3337 912 3391 nutriuntur
938 3336 1309 3411 intelligentiis
1335 3337 1692 3408 incorporeis,
1713 3344 1767 3392 et
1783 3351 1990 3392 sermo-

421 3428 580 3483 nibus
611 3428 1029 3500 actionibusqne
1064 3429 1213 3487 sanis
1242 3446 1255 3483 :
1299 3444 1403 3483 non
1440 3429 1585 3499 quod
1633 3426 1701 3483 ad
1733 3443 1838 3482 non
1868 3442 1990 3483 esse

420 3520 877 3590 dissolverentur,
912 3522 1014 3579 nisi
1068 3521 1407 3579 nutrirentur
1443 3537 1456 3574 :
1488 3534 1661 3591 neque
1697 3519 1840 3576 enim
1876 3535 1992 3574 cor-

420 3628 551 3682 pora
582 3615 700 3671 hate
731 3629 854 3685 qure
877 3630 985 3671 non
1016 3615 1348 3680 nutriuntur,
1394 3613 1460 3667 ad
1498 3626 1602 3667 non
1640 3626 1762 3667 esse
1797 3611 1993 3667 dissol-

417 3713 653 3771 vuntur;
677 3706 773 3761 sed
800 3707 940 3776 quod
961 3706 1191 3774 perdant
1207 3719 1330 3760 esse
1358 3704 1505 3771 talia,
1528 3703 1573 3760 si
1599 3719 1704 3759 non
1736 3705 1991 3759 nutrian-

422 3804 511 3851 tur
541 3796 737 3853 talibus
777 3811 898 3866 qua:
930 3797 1039 3853 sint
1097 3797 1491 3869 praestantioris
1545 3811 1710 3867 quam
1761 3811 1990 3866 corpora

420 3894 649 3952 natura.
700 3885 771 3940 Ut
797 3896 974 3941 autem
1008 3900 1236 3957 corpora
1271 3901 1393 3956 qua:
1419 3886 1544 3943 cibo
1570 3894 1750 3955 egent,
1773 3901 1880 3941 non
1905 3887 1991 3942 his

421 3974 639 4027 aluntur
667 3973 803 4026 cibis
831 3975 982 4041 quia
1023 3975 1374 4043 qualitatibus
1420 3977 1760 4046 procedunt,
1816 3991 1992 4048 neque

420 4064 611 4119 eadem
640 4064 884 4119 ciborum
914 4066 1190 4136 quantitas
1217 4070 1466 4123 omnibus
1483 4068 1698 4134 sumcil,
1722 4069 1803 4125 sic
1824 4070 1988 4124 etiam

422 4155 787 4227 intelligamus
826 4167 1037 4227 oportet
1092 4160 1158 4214 de
1204 4159 1290 4215 his
1322 4176 1443 4228 qua:
1477 4169 1604 4216 sunt
1632 4162 1877 4228 meliora,
1936 4172 1991 4217 ct

422 4248 799 4319 praesutntiora
843 4249 1160 4320 corporibus
1194 4269 1210 4306 :
1244 4251 1385 4307 inter
1431 4253 1548 4306 luce
1609 4254 1754 4308 enim
1805 4253 1987 4323 aliqua

419 4342 748 4412 copiosiora,
775 4342 955 4413 aliqua
983 4343 1189 4399 minore
1211 4343 1335 4399 cibo
1359 4354 1540 4413 egent,
1572 4354 1829 4414 tanquam
1869 4362 1990 4415 qua:

419 4435 663 4491 eatndstn
692 4448 1002 4489 mensuram
1032 4449 1141 4490 non
1168 4435 1383 4505 capiant
1417 4452 1432 4489 :
1461 4435 1556 4489 sed
1605 4449 1778 4503 neque
1808 4436 1987 4505 quali-

423 4531 507 4579 tas
553 4539 870 4583 sermonum
899 4533 953 4578 et
982 4534 1334 4596 conceptuum
1385 4526 1439 4581 in
1490 4523 1987 4595 contemplatione,

419 4613 512 4684 qui
558 4623 687 4671 sunt
741 4614 983 4673 actiones
1041 4614 1128 4673 bis
1178 4615 1585 4681 convenientes,
1632 4616 1818 4670 eadem
1860 4630 1991 4669 cun-

419 4705 569 4776 gruit
596 4706 850 4762 omnibus
876 4706 1179 4762 animabus.
1213 4705 1351 4773 Quin
1382 4705 1548 4763 etiam
1581 4706 1704 4763 olus
1732 4714 1788 4762 et
1834 4707 1990 4762 cibus

418 4797 625 4855 solidus
659 4813 763 4853 nou
798 4798 988 4854 eodem
1017 4806 1257 4869 tempore
1306 4814 1401 4855 eos
1448 4799 1716 4865 nutriunt,
1773 4799 1864 4870 qui
1919 4815 1988 4855 ex

419 4887 556 4959 ipsis
582 4888 821 4945 fructum
847 4889 1082 4959 aliquem
1114 4890 1423 4961 percepturi
1456 4900 1623 4946 sunt:
1649 4906 1776 4947 nam
1806 4890 1986 4947 inlan-

421 4989 504 5034 tes
529 4993 716 5035 recens
744 4980 895 5045 nati,
935 4989 996 5036 ut
1032 4981 1204 5051 inquit
1241 4980 1433 5036 Petrus
1469 4982 1538 5047 “,
1591 4982 1674 5037 lac
1732 4981 1839 5035 doli
1889 4997 1985 5037 nec

419 5070 614 5137 scium,
645 5069 806 5140 idque
833 5071 1026 5137 animi,
1055 5086 1158 5125 non
1184 5072 1429 5141 corporis
1450 5071 1762 5127 desiderant
1785 5088 1799 5125 :
1824 5073 1985 5142 idque

419 5159 583 5214 etiam
619 5161 907 5227 desideret,
954 5161 1000 5216 si
1053 5162 1174 5231 quis
1230 5161 1513 5217 infantiam
1577 5161 1981 5219 Corinthiorum

420 5246 602 5315 habet,
646 5252 713 5306 ad
740 5267 876 5320 quos
908 5252 1082 5321 inquit
1107 5251 1306 5307 Paulus
1341 5251 1382 5283 ¹¹
1413 5266 1429 5305 ι
1465 5269 1485 5303 ι
1518 5250 1701 5306 Laetis
1733 5266 1827 5306 vos
1853 5262 1981 5320 potu

418 5336 550 5397 alui.
583 5356 687 5395 non
715 5342 857 5410 cibo;
883 5361 901 5395 ι
924 5342 1173 5398 inﬁrmus
1198 5358 1348 5411 vero,
1376 5357 1441 5401 eo
1463 5342 1604 5415 quod
1636 5356 1741 5396 non
1774 5343 1982 5405 credat,

491 5455 700 5521 ’Apoe.
732 5473 818 5526 nt,
838 5460 932 5516 20.
1003 5462 1026 5495 '
1050 5461 1241 5519 Matth.
1268 5476 1399 5518 xxv.
1473 5463 1495 5497 ⁸
1518 5461 1675 5519 Joan.
1702 5478 1775 5531 ιν,
1806 5463 1897 5520 '52.
1973 5464 1986 5495 ¹

2101 5462 2245 5518 Pctr.
2276 5477 2338 5529 ll,
2366 5461 2422 5516 2.

484 5592 602 5669 (η)
627 5592 869 5669 lferiouli
902 5596 1302 5669 interpretatio.

485 5663 602 5740 iis)
651 5663 1003 5740 Ἀπόαμυσι.
1030 5663 1123 5727 Sic
1149 5673 1322 5726 codex
1354 5669 1711 5738 Bodleianus;
1758 5668 1983 5740 Regius,

416 5733 693 5804 ἀπόλυσιν,
730 5733 887 5788 male.

2094 1881 2392 1944 κλιθείσαις
2419 1883 2627 1953 μωραῖς
2659 1880 2970 1950 παρθένοις,
3000 1879 3147 1946 ἄξιον
3177 1880 3305 1935 ἰδεῖν
3338 1880 3674 1953 κατηγορίαν

2093 1972 2414 2044 περιέχοντα
2461 1970 2572 2025 τῶν
2620 1970 2877 2043 μαθητῶν
2927 1972 3040 2034 τοῖς
3089 1972 3272 2036 αὐτοῖς
3315 1971 3675 2043 κοιμωμένων

2092 2067 2211 2128 ταῖς
2246 2067 2457 2137 μωραίς
2507 2062 2824 2133 παρθένοις
2880 2063 2996 2118 ἔστι
3025 2064 3085 2118 δὲ
3125 2064 3219 2119 καὶ
3250 2064 3380 2119 αὐτὸ
3421 2064 3674 2136 ἀνόμοιον

2093 2154 2187 2208 τοῦ
2218 2154 2395 2224 φωτὸς
2426 2153 2565 2225 πρὸς
2593 2151 2818 2224 τροφὴν,
2847 2153 2942 2206 xal
2966 2151 3064 2206 τοῦ
3088 2151 3252 2206 ποτοῦ
3275 2152 3412 2225 πρὸς
3438 2153 3517 2207 τά

2099 2259 2247 2315 ματα
2277 2283 2291 2296 .
2314 2282 2328 2296 .
2351 2282 2366 2297 .
2389 2279 2404 2295 .
2424 2282 2440 2297 .
2473 2258 2669 2307 σαντας
2705 2241 3049 2296 αἰτιάσασθαι
3075 2241 3174 2314 τὴν
3202 2241 3447 2314 ἐκδοχὴν,
3472 2242 3673 2314 καίπερ

2096 2334 2240 2388 κατά
2264 2351 2316 2388 τι
2347 2333 2643 2405 δυνάμενον
2672 2334 2815 2406 σαιρῆ
2849 2334 3069 2406 ποιῆσαι
3086 2333 3179 2388 τὸν
3207 2333 3363 2403 λόγον
3385 2335 3562 2407 ἐχρῆν
3583 2337 3677 2388 αό-

2095 2424 2188 2481 τδν
2230 2425 2320 2479 διὰ
2347 2424 2608 2479 πλειόνων
2652 2426 3152 2498 παραμυθήσασθαι
3198 2426 3678 2491 κατασκευάζοντα

2095 2516 2199 2589 τὴν
2229 2517 2367 2572 ἰδίαν
2398 2517 2649 2590 ὲκδοχήν.

2166 2608 2360 2667 33.!‘0
2392 2609 2449 2663 δὲ
2477 2606 2628 2664 εἶπεν
2652 2611 2835 2676 αὐτοῖς
2856 2627 2870 2642 ·
2918 2608 3060 2679 Ἐγὼ
3087 2609 3288 2683 βρῶσιν
3318 2610 3428 2683 ἔχω
3458 2612 3676 2681 φαγεῖν,

2097 2697 2165 2771 ἢν
2207 2698 2366 2770 ὑμεῖς
2420 2698 2520 2752 οὐκ
2553 2698 2751 2752 oram.
2777 2718 2798 2751 ι
2833 2697 2908 2751 Τὸ
2941 2698 3039 2771 μὲν
3066 2696 3311 2762 ἀνενδεὲς
3355 2696 3418 2750 ού
3480 2696 3679 2770 χρῄζει

2101 2787 2376 2862 βρώσεως,
2401 2788 2465 2843 τὸ
2495 2788 2552 2842 δὲ
2578 2789 2775 2861 χρῇζον
2806 2788 3065 2862 βρώσεως
3087 2790 3187 2844 οὐκ
3227 2788 3373 2843 ἔστιν
3402 2788 3677 2852 ἀνενδεές.

2099 2881 2209 2934 Kal
2235 2880 2414 2952 δῆλον,
2453 2880 2537 2933 ὅτι
2568 2882 2597 2933 ὁ
2629 2879 2824 2932 ἐσθίων
2852 2879 2974 2950 οὐχὶ
3025 2880 3100 2952 μὴ
3147 2880 3364 2953 χρῄζων
3417 2878 3682 2952 βρώσεως

2100 2971 2288 3036 ἐσθίει,
2318 2970 2453 3027 ἀλλᾶ
2480 2970 2694 3043 χρῄζων
2727 2973 2822 3026 καὶ
2843 2972 3095 3045 δεόμενος
3121 2972 3310 3043 αὐτῆς.
3340 2972 3453 3029 Kal
3477 2971 3546 3027 τὰ
3582 2973 3681 3044 μὲν

2103 3060 2357 3133 σώματα,
2403 3063 2497 3117 iis:
2535 3064 2601 3134 τῇ
2644 3063 2803 3131 φύσει
2844 3064 2970 3118 ὄντα
3008 3065 3242 3136 ῥευστὰ,
3282 3066 3542 3136 τρέφεται
3580 3065 3683 3136 τῆς

2093 3155 2301 3228 τροφῆς
2331 3154 2749 3229 ἀναπληρούσης
2785 3156 2878 3211 τὸν
2915 3156 3079 3211 τόπον
3110 3157 3218 3214 τῶν
3260 3157 3679 3230 ἀπορρεόντων

2094 3255 2164 3310 τά
2188 3255 2471 3327 κρείττονα
2500 3254 2752 3330 σώματος
2773 3256 3033 3328 τρέφεται
3061 3257 3174 3320 τοῖς
3201 3252 3515 3324 ἀσωμάτοις
3545 3249 3679 3322 νοή⁹

2100 3363 2252 3417 μασι,
2284 3347 2380 3401 καὶ
2414 3346 2612 3416 λόγοις,
2646 3348 2741 3402 καὶ
2770 3344 3033 3419 πράξεσιν
3075 3346 3282 3416 ὑγιέσιν
3303 3385 3317 3411 ,
3356 3342 3479 3413 οὐχὶ
3506 3342 3593 3405 είς
3622 3340 3682 3394 τὸ

2099 3435 2174 3508 μὴ
2209 3429 2350 3491 εἶναι
2396 3436 2830 3509 διαλυθησόμενα
2856 3476 2871 3501 ,
2906 3439 2955 3490 εἰ
3003 3435 3077 3508 μὴ
3102 3435 3369 3509 τρέφοιτο·
3406 3430 3533 3484 οὐδὲ
3566 3428 3681 3501 γὰρ

2097 3526 2324 3599 σώματα
2358 3528 2433 3602 μὴ
2481 3529 2790 3601 τρεφόμενα
2826 3531 2904 3593 είς
2951 3529 3010 3583 τὸ
3055 3528 3129 3600 μὴ
3180 3522 3317 3581 εἶναι
3360 3522 3677 3578 διαλύεται·

2095 3618 2360 3674 ἀπόλλυσι
2410 3622 2521 3694 (τε)
2549 3621 2608 3675 δὲ
2648 3623 2709 3675 τὸ
2740 3619 2878 3675 εἶναι
2930 3621 3139 3684 τοιάδε,
3173 3620 3255 3673 ὃτι
3299 3618 3362 3671 ού
3416 3617 3679 3690 τρέφεται

2094 3714 2210 3774 τοῖς
2230 3711 2456 3765 τοιοῖσδε
2484 3712 2582 3784 τῆς
2609 3711 2972 3784 διαφερούσης
2998 3710 3104 3766 τῶν
3140 3709 3405 3781 σωμάτων
3433 3707 3678 3777 φύσεως.

2099 3802 2310 3873 ’Ὠσπερ
2332 3802 2391 3856 δὲ
2416 3801 2484 3857 τὰ
2513 3802 2744 3874 δεόμενα
2773 3803 2980 3874 τροφῆς
3011 3800 3238 3872 σώματα
3264 3798 3388 3853 οὔτε
3414 3801 3531 3864 τοῖς
3566 3797 3680 3853 ἀπὸ

2096 3890 2205 3945 τῶν
2234 3893 2533 3963 ποιοτήτων
2578 3891 2870 3964 τρέφεται,
2931 3892 3054 3946 οὐδὲ
3107 3891 3336 3962 ποσότης
3384 3888 3607 3961 τροφῶν
3643 3889 3679 3960 ἡ

2097 3982 2235 4055 αὐτὴ
2262 3984 2428 4037 πᾶσιν
2459 3984 2640 4056 ἀρκεῖ,
2669 3983 2812 4039 οὕτω
2850 3985 3070 4056 νοητέον
3104 3983 3198 4038 καὶ
3224 3982 3316 4037 ἐπὶ
3346 3980 3454 4035 τῶν
3484 3997 3677 4052 κρειτ-

2095 4075 2262 4130 τόνων
2318 4077 2468 4151 παρά
2499 4075 2568 4129 τὰ
2620 4075 2869 4148 σώματα.
2925 4077 3036 4130 Kal
3078 4075 3187 4147 γὰρ
3234 4073 3408 4128 ταῦτα
3451 4072 3523 4126 τὰ
3574 4072 3676 4144 μὲν

2097 4165 2373 4233 πλείονος,
2420 4168 2488 4221 τὰ
2539 4167 2596 4221 δὲ
2654 4166 2938 4231 ἐλάττονος
2982 4167 3154 4221 δεῖται
3188 4164 3423 4237 τροφῆς,
3458 4165 3523 4217 οὐ
3560 4161 3676 4218 τῶν

2098 4255 2228 4309 ἴσων
2254 4256 2382 4311 ὄντα
2410 4257 2725 4330 χωρητικά·
2751 4257 2867 4312 ἀλλ’
2890 4257 3011 4311 οὐδὲ
3049 4259 3084 4330 ἡ
3133 4256 3353 4328 ποιότης
3385 4254 3495 4309 τῶν
3539 4269 3675 4326 τρε-

2095 4345 2305 4415 φόντων
2332 4344 2504 4413 λόγων
2533 4347 2627 4399 καὶ
2658 4346 2943 4417 νοημάτων
2967 4344 3074 4399 τῶν
3101 4346 3158 4399 ὲν
3187 4344 3388 4417 θεωρίᾳ
3415 4342 3674 4415 πράξεων

2094 4434 2203 4489 τῶν
2248 4434 2457 4499 τούτοις
2494 4436 2849 4508 άρμοξουσῶν
2905 4439 2939 4509 ἡ
2996 4435 3135 4507 αὑτὴ
3183 4435 3412 4508 ἁρμόζει
3466 4434 3676 4498 πάσαις

2092 4529 2213 4589 ταῖς
2257 4525 2475 4596 ψυχαῖς.
2538 4527 2699 4581 Ἀλλά
2745 4528 2855 4600 γὰρ
2906 4529 3000 4581 καὶ
3057 4527 3287 4599 λάχανον
3320 4527 3416 4578 καὶ
3470 4525 3675 4597 στερεά

2088 4614 2263 4689 τροφὴ
2292 4616 2411 4688 οὐχὶ
2441 4616 2581 4670 κατὰ
2611 4617 2701 4670 τὸν
2728 4617 2892 4671 αὐτὸν
2937 4616 3125 4689 καιρὸν
3152 4614 3341 4685 τρέφει
3379 4613 3509 4677 τοὺς
3553 4612 3675 4666 δεο-

2094 4705 2288 4779 μένους
2322 4706 2420 4777 τῆς
2454 4705 2561 4759 ἀπὸ
2589 4705 2791 4761 τούτων
2845 4704 3178 4776 βελτιώσεως
3212 4720 3228 4735 °
3282 4701 3353 4755 τά
3402 4701 3501 4774 μὲν
3557 4699 3673 4772 γάρ

2090 4798 2448 4871 ἀρτιγέννητα
2480 4797 2674 4870 βρέφη,
2698 4797 2774 4861 ὥς
2810 4812 2973 4870 φησιν
2999 4799 3029 4852 ό
3055 4795 3258 4868 Πέτρος
3280 4833 3298 4860 ,
3350 4792 3414 4847 τὸ
3450 4791 3673 4861 λογικὸν

2090 4889 2274 4945 ἄδολον
2307 4889 2448 4959 γάλα
2480 4889 2757 4943 ἐπιποθεῖ·
2796 4887 3125 4942 ὲπιποθείτω
3152 4886 3209 4941 δὲ
3239 4886 3332 4940 καὶ
3362 4883 3475 4957 (29)
3500 4882 3557 4937 εἴ
3580 4900 3670 4945 τις

2091 4980 2188 5053 τὴν
2217 4983 2519 5054 νηπιότητα
2570 4980 2683 5052 ἔχει
2736 4976 3074 5052 Κορινθίων,
3116 4977 3254 5049 πρὸς
3294 4976 3389 5041 οὓς
3422 4992 3586 5048 φησιν
3632 4974 3668 5027 ό

2090 5073 2331 5138 Παῦλοςο
2363 5092 2381 5125 ι
2417 5073 2561 5126 Γάλα
2606 5074 2751 5143 ὑμᾶς
2785 5069 3014 5125 ἐπότισα
3037 5110 3052 5134 ,
3108 5071 3170 5124 ού
3222 5069 3417 5141 βρῶμα
3438 5084 3453 5098 ο
3486 5086 3506 5119 ι
3538 5069 3568 5121 ὸ
3602 5066 3663 5120 δὲ

2091 5164 2353 5227 ἀσθενῶν,
2384 5165 2475 5220 διὰ
2510 5163 2570 5217 τὸ
2605 5163 2680 5236 μὴ
2705 5161 2979 5216 πιστεύειν
2998 5202 3013 5227 ,
3045 5160 3253 5232 λάχανα
3274 5159 3523 5215 ἐσθιέτω.
3550 5157 3662 5211 Καὶ

2089 5255 2249 5309 τοῦτο
2280 5257 2335 5310 δὲ
2365 5257 2393 5309 ό
2422 5255 2632 5318 Παῦλος
2653 5254 2892 5309 διδάσκει
2915 5253 3107 5322 λέγων·
3139 5272 3160 5304 ι
3175 5254 3270 5315 Ὃς
3294 5250 3394 5322 μὲν
3416 5246 3662 5304 πιττεύει

2091 5346 2286 5415 φαγεῖν
2333 5343 2538 5397 πάντα·
2573 5344 2603 5395 ό
2639 5342 2695 5396 δὲ
2724 5340 2965 5396 ἀσθενῶν
3015 5342 3224 5412 λάχανα
3275 5336 3465 5391 ἐσθίει.
3496 5353 3516 5387 ι
3548 5333 3663 5388 Kal

2537 5463 2577 5494 ¹¹
2607 5461 2624 5516 ι
2657 5460 2783 5518 Cor.
2814 5476 2898 5530 ιιι,
2935 5460 2987 5514 ‘2.

2162 5596 2273 5667 (‘29)
2317 5596 2641 5651 Ἐπιποθεῖ·
2667 5595 3014 5667 ὲπιποθεζτω
3032 5595 3101 5667 δὲ
3120 5594 3241 5660 καί,
3264 5603 3373 5651 etc.
3404 5593 3478 5667 l_t:t
3518 5591 3657 5667 legi-

2092 5661 2183 5720 tur
2210 5661 2264 5720 in
2293 5668 2477 5720 codice
2505 5666 2812 5732 Bodleiano,
2840 5669 2892 5722 in
2920 5665 3090 5736 Regio
3113 5679 3291 5722 autem
3319 5674 3375 5721 et
3412 5661 3659 5720 Barbcri-

2092 5754 2162 5793 nu
2184 5741 2336 5793 deest
2363 5736 2633 5793 ἐπιτῃθεῖ.
