3878 6210
521 351 626 407 859

1969 335 2295 392 ORIGENIS
3633 348 3714 404 ιω

521 470 693 536 ipsum
744 463 838 516 Dei
869 460 1147 515 Christum
1179 475 1192 510 :
1222 471 1451 526 namque
1503 456 1615 524 ipse
1650 454 1842 515 etiam,
1901 463 1956 506 ut
2009 455 2081 505 ita

2199 451 2274 503 Ξιεὶ
2302 448 2410 503 ἀπὸ
2439 450 2530 503 τοῦ
2565 448 2777 523 Πατρδς
2809 449 2902 504 τοῦ
2943 449 3101 522 μόνον
3131 449 3408 516 ἀνενδεοῦς
3435 454 3520 508 καὶ
3549 456 3714 530 αὐτὰρ·

519 563 718 620 diram,
755 572 970 626 semper
996 553 1284 608 instruitur
1313 567 1340 603 a
1373 551 1552 611 l’atre,
1586 551 1678 619 qui
1711 548 1911 602 nullius
1941 558 2083 611 eget,

515 652 623 706 sibi
655 649 946 704 sufﬁciens.
1011 646 1190 700 Sumit
1238 655 1418 697 autem
1465 642 1615 696 cibos
1643 640 1834 709 vulgus
1869 641 2085 692 disceu-

522 746 654 798 tium
696 757 725 796 a
756 738 1036 808 discipulis
1066 736 1223 801 Jesu,
1271 736 1362 804 qui
1404 734 1665 802 iubentur
1702 733 1877 787 turbis
1923 744 2088 798 appo-

521 848 653 888 nere
683 851 696 888 :
721 832 848 886 Jesu
877 844 1006 884 vero
1035 827 1287 896 discipuli
1343 827 1410 879 ab
1470 826 1586 894 ipso
1625 823 1783 889 Jesu,
1818 830 2090 874 verumta-

503 938 641 977 -men
693 919 968 975 interdum
995 917 1159 970 etiam
1197 931 1226 970 ιι
1282 915 1491 969 sanctis
1543 912 1750 982 angelis
1783 927 1796 963 :
1826 920 1877 962 al
1920 909 2088 962 Filius

519 1012 612 1067 Dei
640 1025 669 1064 a
695 1008 811 1063 solo
859 1009 1023 1061 Patre
1053 1004 1204 1058 cibos
1253 1013 1458 1065 sumit,
1492 1004 1698 1071 absque
1726 1001 1834 1054 ullo
1886 999 2092 1053 media-

520 1112 656 1155 tore.
693 1099 880 1154 Itidem
915 1112 1022 1152 non
1051 1094 1349 1148 absurdum
1380 1093 1507 1158 crit,
1543 1091 1804 1161 Spiritum
1830 1102 2087 1146 sancttim

513 1193 716 1246 nutriri
789 1191 993 1244 dicere.
1067 1185 1303 1241 Proinde
1387 1185 1708 1256 inquirenda
1781 1195 1867 1238 est
1933 1184 2092 1237 lectio

519 1285 838 1354 Scriptum,
892 1298 1013 1350 qua:
1059 1295 1157 1334 nos
1208 1280 1310 1333 hoc
1361 1280 1605 1333 edoceat.
1659 1275 1854 1329 Totum
1905 1284 2090 1329 autem

515 1374 841 1444 mysterium
868 1370 1193 1435 vocationis,
1224 1379 1276 1423 et
1300 1366 1586 1422 electionis
1608 1407 1621 1428 ,
1658 1366 1762 1420 cibi
1793 1377 1920 1420 sunt
1947 1366 2092 1420 illius

517 1480 728 1534 magna:
753 1477 927 1518 ctrina:
955 1481 968 1516 :
1004 1481 1022 1513 ι
1051 1461 1270 1514 Homo»
1305 1459 1474 1523 enim,
1503 1457 1710 1526 inquit,
1774 1475 1791 1508 ι
1815 1456 1940 1511 fecit
1975 1471 2092 1510 cce-

519 1571 648 1610 nam
678 1568 950 1620 magnam,
974 1565 1257 1617 canumque
1284 1559 1529 1616 tempore
1576 1547 1744 1612 misit,
1802 1547 1893 1616 qui
1937 1562 2093 1602 voca-

521 1654 644 1698 rent
686 1643 942 1696 invitatos
991 1641 1072 1701 ";
1110 1639 1562 1708 irelegenda‘que
1605 1649 1728 1690 sunt
1781 1639 2003 1692 omnino
2025 1653 2090 1692 ex

520 1735 832 1804 Evangeliis
885 1733 1182 1804 parabolm,
1251 1747 1370 1800 qua:
1425 1731 1492 1783 de
1541 1730 1714 1784 caenis
1772 1729 2085 1798 loquuntur.

519 1827 659 1893 Quin
689 1826 851 1880 etiam
896 1839 992 1893 per
1023 1823 1214 1877 Isaiam
1278 1823 1324 1853 "
1385 1820 1772 1891 promissiones
1828 1823 2090 1876 habemus

517 1917 834 1974 comedemli
857 1927 911 1970 et
937 1916 1171 1980 bibendi,
1205 1915 1471 1969 dicentem
1499 1933 1512 1969 :
1545 1931 1564 1964 ι
1597 1913 1730 1968 Ecce
1759 1913 1919 1986 245
1946 1916 2087 1970 servi

511 2009 622 2064 mei
652 2010 954 2069 comedent,
980 2021 1074 2060 vos
1107 2016 1287 2060 autem
1320 2005 1612 2069 esurietis;
1650 2019 1779 2059 ecce
1808 2006 1950 2059 servi
1984 2007 2087 2060 mei

521 2101 737 2163 bibent,
771 2113 864 2152 vos
897 2107 1078 2151 autem
1111 2097 1328 2150 sitietis.
1362 2113 1380 2147 ι
1425 2095 1508 2150 Ad
1557 2097 1670 2149 haec
1708 2097 1882 2165 ipsum
1918 2096 2094 2150 bomi-

521 2205 639 2245 nem
674 2189 824 2258 ponit
851 2187 991 2240 Deus
1023 2186 1161 2253 apud
1206 2184 1460 2240 Gem-sim
1504 2183 1557 2238 in
1595 2185 1848 2254 paradiso
1877 2175 2092 2240 delicia-

519 2295 661 2346 rum,
695 2278 833 2331 datis
860 2276 930 2329 illi
971 2275 1195 2344 legibus.
1226 2283 1282 2326 ut
1309 2275 1550 2343 qua‘dam
1576 2275 1903 2337 comederet,
1947 2289 2095 2343 qure-

519 2373 641 2425 datn
679 2384 784 2423 non
809 2368 1118 2424 comederet
1156 2384 1169 2420 :
1214 2381 1609 2434 mansurnsque
1640 2377 1752 2420 erat
1779 2366 2092 2420 immortalis

509 2463 703 2525 .bomo,
745 2460 789 2514 si
825 2474 891 2512 ex
929 2457 1076 2512 omni
1131 2457 1276 2526 ligno
1310 2457 1546 2525 paradisi
1575 2457 1921 2518 comedisset,
1956 2473 2093 2524 prze-

513 2565 765 2622 ierquam
791 2551 991 2621 eligno
1021 2548 1381 2617 cognoscendi
1439 2549 1636 2602 bonum
1693 2557 1747 2600 et
1789 2548 1986 2600 malum
2023 2549 2086 2602 ³⁷.

506 2644 655 2699 Νἱιιο
686 2659 806 2712 qua:
839 2643 890 2695 in
926 2641 1102 2709 primo
1134 2647 1188 2691 et
1215 2638 1473 2692 vicesimo
1507 2637 1718 2708 psalmo
1762 2637 1808 2669 ’⁸
1841 2640 2093 2690 dicuntur

513 2739 587 2791 de
609 2733 803 2800 bisqui
836 2733 1132 2783 adorarunt
1160 2744 1224 2783 eo
1254 2728 1397 2797 quod
1430 2728 1767 2782 comederint
1800 2745 1812 2781 :
1855 2747 1872 2778 ι
1898 2727 2091 2781 Come-

508 2826 714 2877 AICI‘lllll
742 2840 760 2872 ι
788 2819 934 2872 enim
962 2857 976 2882 ,
1011 2819 1202 2886 inquit,
1241 2835 1259 2868 ι
1288 2826 1340 2870 et
1363 2818 1726 2870 adoravernnt
1754 2831 1942 2869 omnes
1972 2817 2092 2884 pia-

513 2928 653 2985 gues
689 2922 872 2976 terrm;
906 2930 923 2962 ι
958 2919 1244 2980 propterea
1279 2926 1336 2960 ιι
1365 2907 1480 2961 Non
1516 2908 1804 2962 inlerliciet
1835 2907 2092 2961 Dominus

511 3004 665 3058 fatue
698 3002 932 3054 animam
961 2999 1162 3066 justam
1193 2999 1276 3064 '9;
1306 3017 1322 3048 ι
1352 2999 1681 3068 sedquando
1707 2997 1889 3066 iujusti
1929 2997 2093 3052 cilici-

509 3109 664 3157 _mur,
711 3093 968 3168 immittet
999 3109 1016 3141 ι
1048 3090 1246 3142 [ιιιιιοιιι
1280 3103 1445 3156 super
1477 3097 1674 3142 terram
1709 3103 1724 3139 :
1756 3103 1858 3144 non
1895 3088 2088 3142 famem

519 3185 696 3254 panis,
727 3197 902 3252 neque
927 3182 1071 3235 sitim
1104 3195 1280 3249 aqua},
1310 3179 1402 3232 sed
1433 3179 1632 3232 famem
1663 3180 1912 3233 audiendi
1945 3181 2092 3234 verbi

516 3276 616 3330 .Dei
673 3275 784 3326 ³⁸.»
846 3273 1060 3341 Quanto
1115 3273 1278 3341 igitur
1323 3271 1496 3339 magis
1539 3271 1880 3339 proficimus,
1946 3281 2095 3324 tanto

514 3349 748 3420 'meliora
777 3381 839 3419 ac
863 3365 1014 3434 plura
1047 3363 1406 3424 comediums,
1438 3361 1609 3415 donec
1636 3361 1866 3416 fortasse
1903 3378 2094 3430 perve-

519 3455 736 3508 niamus
764 3457 830 3506 ad
859 3454 908 3506 id
933 3493 947 3516 ,
984 3435 1309 3505 uteunidem
1352 3449 1532 3503 cibum
1571 3453 1925 3506 comedamus
1971 3467 2093 3507 cum

509 3545 658 3612 fFilio
699 3547 826 3610 Dei,
856 3561 1015 3614 quem
1049 3545 1101 3598 in
1135 3545 1419 3614 praesentia
1450 3543 1697 3613 discipuli
1725 3559 1830 3598 non
1873 3554 2090 3600 norant.

520 3635 633 3692 lloc
665 3636 858 3692 inloco
888 3635 1021 3690 nihil
1050 3635 1184 3688 dixit
1219 3632 1536 3688 lleracleon.

588 3730 676 3784 55.
718 3749 736 3781 ι
772 3729 1030 3782 Dicebant
1081 3727 1246 3796 igitur
1294 3725 1540 3794 discipuli
1610 3725 1749 3778 inter
1797 3740 1856 3780 se
1894 3741 1906 3777 :
1952 3724 2091 3778 Num

515 3821 720 3889 aliquis
755 3819 1034 3873 attulitilli
1067 3818 1271 3886 aliquid
1296 3818 1363 3871 ad
1401 3816 1670 3870 edendum
1704 3817 1746 3848 “
1768 3817 1791 3872 ἲ
1816 3837 1835 3870 ι
1871 3817 2092 3872 Etiamsi

519 3912 812 3965 carnaliter
865 3919 1015 3963 retur
1077 3909 1378 3963 lleraclenn
1411 3911 1524 3964 haec
1571 3925 1600 3961 a
1634 3910 1914 3978 discipulis
1962 3910 2090 3974 diri,

509 4014 780 4070 itanquam
801 4000 894 4068 qui
919 4001 1093 4054 adhuc
1127 4003 1273 4054 lnnni
1305 4014 1516 4071 repant,
1564 4003 1942 4058 Samaritidem
1968 4005 2093 4058 imi-

522 4103 700 4145 tantes
753 4091 1027 4144 dicenlem
1061 4106 1074 4143 :
1114 4089 1345 4157 «Neque
1399 4093 1736 4146 baustorintn
1791 4096 1990 4156 babes,
2041 4103 2096 4149 et

519 4192 714 4252 puteus
745 4179 886 4233 altus
915 4188 1001 4234 est
1022 4180 1102 4246 ³²;
1131 4199 1150 4230 ι
1185 4181 1402 4250 dignum
1429 4195 1507 4235 est
1533 4185 1607 4236 uti
1649 4199 1937 4238 cernamus
1963 4201 2094 4238 num

520 4277 662 4329 forte
687 4273 891 4342 aliquid
923 4271 1158 4326 divinius
1196 4272 1441 4326 videntes
1469 4273 1713 4341 discipuli
1744 4276 1922 4328 diczint
1953 4277 2096 4328 inter

516 4380 581 4420 se
620 4381 634 4417 :
671 4382 688 4414 ι
718 4362 854 4416 Num
909 4361 1028 4431 quis
1059 4361 1242 4414 attulit
1277 4361 1348 4414 illi
1388 4363 1528 4430 quod
1557 4363 1766 4416 edat?»
1824 4365 2095 4420 Fortassis

518 4455 664 4511 enim
708 4454 968 4509 rebantur
1015 4453 1308 4520 potentiam
1339 4452 1576 4520 aliquam
1608 4455 1906 4521 angelicam
1939 4465 2090 4509 attu-
2125 4487 2168 4541 η

521 4549 652 4604 lisse
685 4547 760 4603 illi
793 4545 934 4617 quod
973 4545 1188 4610 ederet;
1219 4555 1268 4598 et
1300 4543 1547 4599 fortassis
1587 4545 1785 4614 idcirco
1815 4547 2090 4601 doceban-

522 4653 611 4694 tur
657 4637 916 4708 majorem
951 4650 1074 4690 esse
1109 4633 1256 4688 illum
1303 4635 1478 4688 cibum
1506 4674 1520 4698 ,
1569 4650 1727 4704 quem
1758 4637 2093 4695 manducare

521 4731 774 4792 habebat,
807 4727 899 4796 qui
932 4737 1051 4780 erat
1078 4765 1094 4789 ,
1127 4737 1182 4778 nt
1213 4725 1415 4780 faceret
1457 4726 1794 4782 voluntatem
1835 4729 1951 4799 ejus
2002 4733 2091 4799 qui

519 4837 641 4874 eum
675 4820 917 4884 miserat,
947 4817 1340 4886 periit-eratque
1375 4833 1508 4885 opus
1535 4817 1697 4873 illius.

595 4912 685 4965 56.
731 4927 750 4960 ι
785 4909 920 4962 Dicit
955 4907 1056 4960 illis
1081 4905 1238 4961 Jesus
1275 4929 1288 4962 :
1325 4908 1474 4962 Meus
1510 4909 1662 4963 cibus
1683 4917 1769 4964 est
1797 4919 1854 4964 ut
1889 4907 2090 4968 fac-inn

521 5004 854 5056 voluntatem
891 5000 1007 5065 ejus
1065 5000 1154 5066 qui
1200 5000 1343 5052 misit
1370 5016 1485 5066 me,
1535 5010 1590 5053 et
1631 5001 1908 5070 perﬁciam
1947 5001 2092 5057 illius

521 5109 654 5159 opus
716 5091 782 5144 ³³,
810 5107 829 5139 ι
894 5089 1095 5143 Decons
1150 5087 1301 5140 cibus
1338 5088 1415 5140 Fil
1442 5104 1473 5140 ο
1503 5089 1632 5156 Dei,
1677 5091 2093 5160 quandocﬂicit

518 5184 851 5236 voluntatem
886 5189 1208 5246 paternam;
1258 5182 1357 5235 hoc
1391 5178 1526 5234 velle
1575 5181 1629 5233 in
1670 5183 1848 5250 seipso
1884 5183 2096 5238 faciens

590 5323 635 5356 ⁸⁸
667 5322 854 5377 Matth.
891 5337 1025 5382 χχιι,
1053 5320 1130 5384 2;
1171 5318 1301 5372 an.
1343 5334 1448 5379 xw,
1493 5321 1548 5372 li.

519 5392 564 5423 '°
608 5393 770 5446 Alnos
813 5406 934 5454 thl,
977 5393 1065 5444 tl.
1169 5391 1210 5421 ³⁸
1260 5388 1415 5444 Joan.
1455 5406 1527 5456 tv,
1561 5390 1648 5444 55.
1724 5392 1767 5423 "
1811 5396 1948 5448 ibid.
1994 5399 2076 5449 ll.

593 5502 856 5576 (36)_’A:_z_’
878 5503 1062 5576 αὐτοῦ
1109 5503 1324 5576 Ἰησοῦ,
1353 5503 1546 5571 πλήν,
1568 5506 1657 5560 Sic
1693 5509 1894 5576 optime
1934 5511 2099 5562 habet

520 5570 1081 5690 ciidea'diiulleiuttus;
1123 5573 1322 5643 Regius
1384 5570 1530 5638 vero,
1592 5570 1753 5643 male,
1791 5580 1885 5631 ἀπ’
1930 5579 2091 5632 αἰτοῦ

520 5659 632 5693 του.
662 5658 730 5692 πλ
759 5656 819 5693 .ν.

583 5660 632 5693 'J.
662 5657 819 5693 πλην.

551 5660 610 5693 9'.)
662 5660 819 5692 πΑτν.

519 5660 546 5695 τ
590 5681 702 5777 ιὲη
733 5681 788 5762 lit
823 5706 1009 5764 codice
1038 5708 1326 5767 Bodleiano
1355 5714 1506 5768 deest
1533 5715 1579 5767 οἱ
1611 5713 1811 5782 πίονες,
1835 5725 1890 5772 ct
1939 5727 2094 5789 paulo

1659 5321 1702 5351 ²⁶
1734 5322 1853 5376 lsai.
1884 5340 2014 5388 va,
2053 5329 2136 5381 l5.

2193 559 2320 605 κους
2354 541 2521 612 αὐτῷ.
2582 542 2860 612 Λαμὸάνει
2907 543 2962 594 δὲ
3008 542 3076 596 τὰ
3118 542 3384 614 βρώματα
3412 547 3437 598 ὁ
3463 546 3556 615 μὲν
3581 550 3713 614 πολὺς

2190 633 2297 685 τῶν
2333 635 2785 704 μαθητευομένων
2819 633 2925 686 ἀπὸ
2961 633 3069 686 τῶν
3105 634 3362 705 μαθητῶν
3401 637 3562 706 Ἰησοῦ
3589 677 3602 700 ,
3642 658 3714 692 κε-

2191 723 2492 793 λευομένων
2527 724 2880 794 παρατιθέναι
2913 727 3025 786 τοῖς
3055 723 3262 793 ὃχλοιςο
3293 727 3342 777 οἱ
3370 725 3426 778 δὲ
3454 727 3542 780 τοῦ
3577 729 3716 797 Ἰησοῦ

2195 813 2432 885 μαθηταὶ
2476 816 2570 868 ἀπ’
2606 814 2769 868 αὑτοῦ
2816 814 2988 885 Ἰησοῦ
3015 855 3029 879 ,
3087 815 3228 886 πλὴν
3261 815 3371 885 (56)
3417 817 3519 870 ἐσθ’
3546 819 3624 871 ὅτε
3644 821 3718 874 καὶ

2191 907 2296 958 ἀπὸ
2348 906 2518 976 ἁγίων
2567 907 2845 975 ἀγγέλων·
2899 909 2928 959 ὀ
2965 906 3022 959 δὲ
3057 907 3186 971 Υἱὸς
3228 907 3324 961 τοῦ
3367 910 3496 963 Θεοῦ
3530 912 3626 964 ἀπὸ
3645 913 3718 966 τοῦ

2192 998 2404 1069 Πατρὺς
2432 999 2590 1068 μόνου
2624 997 2889 1068 λαμϐάνει
2919 997 2988 1051 τὰ
3022 996 3286 1068 βρώματα
3314 1037 3329 1061 ,
3375 999 3434 1051 οὐ
3467 999 3550 1053 διὰ
3588 1018 3716 1065 τινος.

2192 1087 2306 1140 υὺκ
2327 1086 2524 1139 ἄτοπον
2543 1086 2598 1138 δὲ
2625 1086 2718 1138 καὶ
2742 1085 2802 1137 τὸ
2831 1084 2984 1152 ἅγιον
3005 1085 3230 1156 Πνεῦμα
3250 1087 3537 1158 τρέφεσθαι
3557 1089 3715 1156 λέγειν·

2191 1179 2451 1248 ζητητέον
2489 1178 2544 1231 δὲ
2579 1176 2721 1241 λέξιν
2745 1177 2968 1248 Γραφῆς
2991 1177 3402 1232 ὑποϐάλλουσαν
3431 1181 3558 1250 ἡμῖν
3576 1181 3722 1236 τοῦτο.

2195 1269 2351 1322 Ὄλον
2382 1269 2438 1321 δὲ
2469 1269 2531 1320 τὸ
2575 1269 2871 1338 μυστήριον
2906 1267 3008 1336 τῆς
3037 1267 3282 1338 κλήσεως
3319 1269 3412 1320 καὶ
3450 1268 3653 1340 ἐκλογῆς
3672 1270 3729 1326 τὰ

2191 1360 2249 1413 ὲν
2279 1359 2359 1430 τῷ
2389 1359 2608 1430 μεγάλῳ
2632 1358 2834 1428 δείπνῳ
2863 1359 2982 1411 ἐστὶ
3016 1357 3304 1430 βρώματαο
3343 1378 3362 1410 ι
3398 1360 3685 1431 Ἄνθρωπος
3707 1379 3724 1412 ι

2192 1453 2321 1522 γὰρ,
2357 1452 2542 1523 φησιν,
2577 1470 2594 1502 ι
2636 1451 2806 1504 ἐποίει
2844 1449 3059 1504 δεῖπνον
3096 1452 3259 1522 μέγα,
3291 1451 3385 1504 καὶ
3416 1454 3480 1522 τῇ
3507 1451 3617 1522 ὥρᾳ
3654 1451 3729 1503 τοῦ

2191 1543 2406 1597 δείπνου.)
2461 1541 2672 1612 ἔπεμψε
2720 1540 2948 1595 καλέσαι
2997 1543 3124 1605 τοὺς
3169 1535 3563 1613 κεκλημένους·
3594 1563 3610 1595 ι
3655 1544 3732 1595 καὶ

2192 1630 2512 1686 ἀναλεκτέον
2534 1647 2596 1698 γε
2626 1630 2733 1683 ἀπὸ
2760 1631 2868 1684 τῶν
2889 1631 3236 1700 Εὑαγγελίων
3266 1632 3366 1696 τὰς
3389 1633 3512 1703 περὶ
3537 1632 3732 1685 δείπνων

2196 1722 2532 1794 παραϐολάς.
2570 1721 2732 1776 Ἀλλὰ
2781 1723 2876 1776 καὶ
2916 1721 3004 1775 διὰ
3037 1722 3130 1775 τοῦ
3175 1723 3401 1777 Ἡσαΐου
3448 1724 3732 1792 ἐπαγγελίαι

2197 1818 2392 1884 φαγεῖν
2425 1815 2531 1867 εἱσι
2570 1814 2667 1867 καὶ
2703 1817 2845 1869 πιεῖν
2878 1813 3157 1883 λέγοντοςο
3197 1836 3215 1866 ι
3263 1815 3394 1868 Ἰδοὺ
3422 1818 3470 1869 οἱ
3493 1815 3735 1870 δουλεύον-

2183 1908 2285 1970 τες
2315 1924 2403 1977 μοι
2438 1907 2736 1976 φάγονται,
2789 1907 2946 1978 ὑμεῖς
2987 1906 3044 1959 δὲ
3080 1907 3397 1961 πεινάσετε·
3432 1908 3539 1960 ἰδοὺ
3565 1909 3609 1960 ol
3635 1908 3732 1960 δον-

2196 1998 2441 2063 λεύοντες
2478 2017 2565 2069 μοι
2597 1999 2828 2063 πίονται,
2861 1999 3018 2070 ὑμεῖς
3057 1999 3113 2052 δὲ
3156 1999 3430 2070 διψήσετε.
3465 2019 3483 2052 ι
3519 2001 3628 2052 Ἔτι
3650 2001 3737 2070 μὴν

2198 2091 2253 2141 ὲν
2295 2092 2361 2159 τῇ
2450 2089 2666 2142 Γενέσει
2763 2090 2844 2151 είς
2890 2089 2979 2142 τὸν
3029 2090 3355 2162 παράδεισον
3411 2093 3512 2162 τῆς
3561 2092 3738 2164 τρυφῆς

2196 2179 2400 2233 τίθεται
2421 2179 2510 2232 τὸν
2535 2178 2818 2250 ἄνθρωπον
2837 2181 2866 2232 ό
2885 2179 3038 2243 Θεὸς,
3059 2182 3256 2251 νόμους
3293 2201 3359 2236 πε
3366 2184 3420 2253 pi.
3448 2183 3542 2236 τοῦ
3567 2184 3736 2237 ἐσθίειν

2197 2270 2324 2323 τάδε
2374 2270 2532 2332 τινα,
2589 2271 2682 2322 καὶ
2733 2269 2807 2341 μὴ
2847 2270 3045 2324 ἐσθίειν
3105 2272 3231 2324 τάδε
3276 2272 3472 2335 διδούς
3505 2274 3594 2326 καὶ
3627 2273 3737 2327 ἀθά-

2197 2378 2355 2424 νατος
2384 2360 2450 2414 ἂν
2484 2361 2696 2432 ἔμεινεν
2730 2363 2758 2414 ὁ
2789 2360 3074 2432 ἄνθρωπος
3094 2401 3109 2424 ,
3143 2363 3191 2415 εί
3227 2362 3337 2415 ἀπὸ
3367 2364 3570 2427 παντὸς
3612 2362 3739 2427 ξύλον

2196 2451 2290 2504 τοῦ
2321 2453 2378 2504 ἐν
2405 2450 2485 2521 τῷ
2516 2452 2827 2523 παραδείσῳ
2873 2451 3073 2522 βρώσει
3108 2453 3316 2525 ἢσθιεν,
3353 2456 3462 2508 ἀπὸ
3484 2456 3540 2508 δὲ
3567 2455 3742 2519 1065'}-

2197 2542 2288 2594 λου
2336 2542 2430 2595 τοῦ
2478 2542 2767 2612 γινώσκειν
2818 2544 2983 2597 καλὸν
3034 2546 3128 2598 καὶ
3181 2547 3416 2617 πονηρὸν
3459 2547 3534 2618 μὴ
3566 2547 3742 2618 ἤσθιεν.

2201 2634 2340 2704 Ὅρα
2388 2635 2482 2686 καὶ
2523 2634 2590 2687 τὰ
2634 2636 2692 2687 ὲν
2743 2634 2972 2705 είκοστῷ
3022 2635 3222 2706 πρώτῳ
3268 2637 3473 2708 ψαλμῷ
3511 2638 3742 2708 λεγόμενα

2198 2724 2326 2794 περὶ
2359 2724 2465 2776 τῶν
2503 2724 2949 2797 προσκυνούντων
2977 2727 3064 2780 διὰ
3085 2728 3143 2780 τὸ
3171 2727 3529 2798 βεϐρωκέναιο
3559 2751 3574 2782 ι
3601 2730 3744 2798 Ἐφαο

2197 2832 2292 2884 γον
2320 2835 2338 2868 ι
2385 2816 2533 2886 γὰρ,
2582 2818 2743 2886 φησὶ,
2804 2835 2822 2867 ι
2861 2817 2956 2870 καὶ
3007 2819 3420 2892 προσεκύνησαν
3471 2823 3661 2886 πάντες
3703 2821 3746 2874 οἱ

2198 2904 2379 2968 πίονες
2423 2904 2533 2975 (57)
2561 2905 2662 2974 τῆς
2699 2906 2830 2976 γῆς’
2867 2925 2885 2956 ι
2919 2906 3108 2978 διόπερ
3156 2927 3172 2959 ι
3202 2908 3470 2978 Οὐδαμῶς
3522 2910 3742 2979 λιμοκτο-

2198 2996 2349 3066 νήσει
2414 2995 2617 3068 Κύριος
2678 2996 2855 3066 ψυχὴν
2891 2997 3136 3051 δικαίανο
3173 3019 3192 3051 ι
3255 2999 3370 3052 ἀλλ’
3417 3002 3548 3054 ὅταν
3597 3000 3745 3053 ἄδικοι

2199 3087 2503 3157 γενώμεθα,
2539 3088 2884 3152 ἐξαποστελεῖ
2931 3109 2948 3140 ι
2987 3090 3145 3162 λιμὸν
3177 3093 3268 3145 ἐπὶ
3301 3093 3401 3165 τὴν
3426 3093 3562 3163 γῆν,
3594 3094 3648 3145 οὑ
3683 3092 3748 3143 λι-

2200 3181 2299 3250 μὸν
2323 3180 2508 3251 ἄρτου,
2535 3181 2654 3233 οὑδὲ
2688 3181 2843 3252 δίψαν
2871 3182 3084 3248 ὓδατος,
3118 3185 3253 3238 ἀλλὰ
3292 3185 3451 3256 λιμὸν
3482 3185 3577 3240 τοῦ
3603 3184 3747 3238 ἀκοῦ-

2198 3287 2288 3325 σαι
2315 3271 2470 3339 λόγον
2494 3271 2650 3326 Θεοῦ.
2681 3293 2699 3324 ι
2737 3275 2900 3328 Ὅσον
2928 3271 3021 3328 οὖν
3050 3277 3452 3348 προκόπτομεν,
3493 3279 3747 3348 κρείττονα

2197 3363 2290 3416 καὶ
2317 3362 2533 3416 πλείονα
2572 3364 2878 3434 φαγόμεθα,
2915 3365 3020 3430 ἓως
3055 3369 3194 3436 τάχα
3220 3367 3519 3438 φθάσωμεν
3549 3371 3649 3439 (58)
3673 3369 3747 3420 ἐπὶ

2195 3451 2256 3502 τὸ
2287 3451 2384 3522 τὴν
2421 3451 2588 3522 αὐτὴν
2629 3451 2832 3523 βρῶσιν
2867 3457 3060 3522 φαγεῖν
3105 3456 3183 3525 τῷ
3224 3456 3336 3525 Υίῷ
3373 3457 3467 3509 τοῦ
3513 3458 3660 3520 Θεοῦ,
3693 3460 3747 3526 ἣν

2197 3542 2290 3594 ἐπὶ
2317 3543 2410 3596 τοῦ
2441 3544 2706 3615 παρόντος
2734 3543 2780 3597 oi
2821 3545 3059 3617 μαθηταὶ
3088 3547 3188 3600 οὑκ
3229 3544 3462 3604 οἴδασιν.
3517 3551 3672 3603 Οὐδὲν
3703 3549 3748 3600 δὲ

2199 3635 2282 3697 εἰς
2315 3635 2414 3705 τὴν
2442 3634 2585 3700 λέξιν
2617 3631 2770 3688 εἶπεν
2791 3639 2820 3689 ό
2858 3637 3190 3708 Ἡρακλέων.
3555 3668 3582 3678 -

2201 3763 2203 3766 ‹
2267 3725 2355 3778 55.
2393 3744 2410 3777 ι
2447 3727 2668 3794 Ἔλεγον
2705 3723 2796 3780 οὖν
2841 3730 2889 3780 οἱ
2935 3728 3172 3799 μαθηταὶ
3202 3731 3338 3802 πρὸς
3369 3731 3648 3802 ἀλλήλους·
3673 3730 3748 3799 Μή

2195 3832 2278 3879 τις
2307 3817 2534 3887 ἤνεγκεν
2571 3817 2716 3887 αὐτῷ
2750 3822 2942 3887 φαγεῖν
2970 3836 2984 3883 ;
3022 3839 3039 3870 ι
3073 3821 3134 3873 Εἰ
3191 3823 3283 3890 καὶ
3335 3825 3612 3893 σαρκικῶς
3647 3824 3753 3875 ὑπο-

2196 3908 2461 3979 λαμϐάνει
2493 3908 2669 3963 ταῦτα
2699 3910 2954 3977 λέγεσθαι
2987 3913 3016 3964 ὁ
3056 3913 3374 3983 ’Πρακλέων
3403 3915 3510 3968 ὑπὸ
3544 3915 3644 3968 τῶν
3666 3931 3753 3984 μα-

2198 4001 2397 4071 θητῶν,
2432 4000 2507 4064 ὡς
2559 4001 2639 4054 ἔτι
2684 4003 3063 4074 ταπεινότερον
3103 4005 3522 4074 διανοουμένων,
3553 4007 3641 4060 καὶ
3669 4005 3752 4071 τὴν

2197 4091 2526 4162 Σαμαρεῖτιν
2569 4093 2922 4163 μιμουμένων
2953 4092 3234 4162 λέγουσανο
3280 4114 3298 4146 ι
3337 4095 3472 4150 Οὔτε
3529 4097 3754 4167 ἄντλημα

2197 4181 2340 4251 ἔχεις
2366 4220 2380 4244 ,
2430 4183 2524 4234 καὶ
2558 4183 2615 4236 τὸ
2649 4183 2826 4256 φρέαρ
2869 4186 2986 4237 ἐστὶ
3033 4185 3167 4255 βαθὺ
3193 4226 3208 4250 ,
3244 4206 3261 4237 ι
3293 4187 3441 4251 ἄξιον
3469 4190 3616 4259 ἡμᾶς
3646 4187 3754 4240 ίδεῖν

2201 4275 2411 4344 μήποτε
2463 4273 2751 4343 βλέποντές
2801 4292 2853 4328 τι
2897 4275 3167 4346 θειότερον
3211 4279 3261 4330 οἱ
3323 4277 3600 4350 μαθηταὶ,
3643 4278 3756 4346 φασὶ

2200 4362 2336 4435 πρὸς
2387 4363 2648 4434 ἀλλήλους
2670 4383 2683 4396 ·
2740 4385 2757 4416 ι
2787 4368 2876 4437 Μή
2910 4385 2993 4430 τις
3027 4368 3257 4438 ἤνεγκεν
3290 4367 3440 4438 αὑτῷ
3477 4372 3697 4438 φαγεῖνς
3736 4385 3752 4417 ι

2199 4456 2350 4525 Τάχα
2383 4454 2492 4525 γὰρ
2535 4455 2792 4508 ὑπενόουν
2827 4455 3122 4527 ἀγγελικὴν
3155 4475 3276 4510 τινα
3315 4458 3547 4528 δύναμιν
3591 4461 3756 4529 ὲνηνο-

2198 4547 2349 4617 χέναι
2391 4545 2539 4616 αὑτῷ
2574 4550 2766 4615 φαγεῖν
2794 4565 2807 4578 ο
2839 4549 2931 4600 καί
2985 4549 3149 4611 εἰκὸς,
3207 4549 3288 4601 ὅτι
3325 4548 3412 4602 διὰ
3457 4550 3617 4605 τοῦτο
3667 4549 3759 4601 ὲδι-

2197 4636 2476 4700 δάσκοντο,
2510 4637 2591 4690 ὅτι
2646 4637 2826 4706 μεῖζόν
2877 4641 3024 4692 ἐστιν
3076 4639 3104 4691 ὂ
3154 4635 3263 4708 εἶχε
3304 4638 3500 4710 βρῶμα
3544 4641 3758 4709 φαγεῖν,

2197 4731 2331 4801 ὅπερ
2365 4725 2432 4800 ἦν
2461 4729 2685 4799 ποιῆσαι
2719 4729 2778 4781 τὸ
2809 4729 3017 4800 θέλημα
3076 4729 3171 4784 τοῦ
3220 4730 3538 4801 πέμψαντος
3575 4731 3755 4790 αὑτὸν,

2199 4821 2294 4875 καὶ
2326 4822 2608 4876 τελειῶσαι
2633 4821 2694 4873 τὸ
2723 4820 2882 4890 ἔργον
2911 4821 3097 4874 αὑτοῦ.

2270 4915 2358 4967 56.
2392 4932 2410 4964 ι
2447 4915 2608 4982 Λέγει
2635 4914 2818 4975 αὑτοῖς
2847 4915 2875 4965 ὁ
2922 4915 3128 4984 Ἰησοῦς
3150 4933 3162 4948 δ
3210 4917 3371 4988 Ἐμὸν
3406 4915 3602 4988 βρῶμά
3628 4915 3761 4964 ἐστιν

2201 5004 2288 5057 ἵνα
2317 5005 2555 5074 ,ποιήσω
2595 5004 2655 5056 τὸ
2697 5002 2908 5074 θέλημα
2944 5003 3040 5058 τοῦ
3095 5007 3407 5078 πέμψαντός
3443 5022 3530 5075 με,
3567 5003 3660 5057 καὶ
3685 5017 3762 5051 τεο

2200 5097 2408 5154 λειώσω
2469 5095 2634 5149 αὑτοῦ
2691 5095 2752 5148 τὸ
2818 5096 3000 5168 ἔργον.
3033 5119 3050 5151 ι
3108 5089 3398 5170 Πρέπουσα
3451 5097 3648 5167 βρῶσις
3693 5090 3763 5160 τῷ

2203 5187 2318 5259 Υἱῴ
2371 5186 2464 5240 τοῦ
2504 5186 2662 5250 Θεοῦ,
2716 5187 2807 5243 ὅτε
2843 5190 3072 5261 ποιητὴς
3103 5190 3312 5258 γίνεται
3360 5187 3454 5240 τοῦ
3509 5181 3762 5254 πατρικοῦ

2243 5325 2552 5398 "Guy",
2579 5324 2613 5384 8
2643 5343 2798 5398 seqq.
2897 5330 2942 5362 "
2971 5345 3112 5384 vers.
3155 5330 3250 5383 30.
3326 5330 3370 5360 "
3421 5327 3578 5382 Prov.
3620 5341 3673 5389 ι,
3710 5323 3760 5375 5.

2152 5397 2196 5428 ³³
2231 5397 2366 5449 ibid.
2409 5396 2502 5452 54.

2207 5532 2344 5589 post
2365 5523 2460 5585 pro
2486 5517 2735 5588 οὐδαμῶς
2773 5517 2968 5589 legitur
2998 5518 3141 5582 οὐδὲ,
3179 5533 3277 5573 nec
3311 5531 3416 5570 non
3454 5509 3766 5582 ἐξαποστέλ-

2203 5585 2285 5642 λει
2312 5585 2406 5656 pro
2437 5585 2806 5654 ἐξαποστελεῖ.

2246 5651 2386 5780 6(flii)
2415 5651 2758 5727 φθάσωμεν.
2798 5657 2890 5714 Sic
2915 5659 3085 5716 codex
3143 5657 3502 5726 Bodleianus;
3551 5651 3763 5721 Regius.

2280 5746 2500 5780 ασοιιεν.

2207 5742 2500 5798 φυασομεν.
