3948 6206
237 356 341 412 461

1300 355 1652 411 COMMENT.
1689 353 1750 407 IN
1792 352 1981 408 JOAN.
2022 352 2260 409 TOMUS
2295 351 2430 408 Xlll.

3391 355 3495 410 663

235 477 569 547 θελήματος,
599 473 754 528 τοῦτο
777 473 834 526 τὸ
861 473 1031 526 θέλειν
1074 473 1130 524 ἐν
1161 473 1340 544 ἐαυτῷ
1366 474 1552 538 ποιῶν,
1587 475 1722 546 ὅπερ
1754 469 1818 544 ἦν

1929 475 2071 541 quod
2102 484 2185 527 est
2218 483 2273 528 et
2311 476 2362 527 itt
2393 475 2576 538 Patre,
2613 473 2686 526 ita
2721 481 2777 526 ttt
2801 480 3045 526 voluntas
3083 471 3173 526 Dei
3200 475 3267 526 sit
3296 474 3347 526 in
3374 473 3494 526 Filii

233 569 334 621 καὶ
363 569 422 620 ὲν
447 567 525 637 τῷ
549 567 741 638 Πατρὶ,
773 566 910 618 ὥστε
936 561 1072 618 εἶναι
1117 567 1177 618 τὸ
1211 566 1422 637 θέλημα
1458 567 1552 619 τοῦ
1591 567 1724 619 Θεοῦ
1765 568 1820 618 ἐν

228 659 313 728 τῷ
330 657 598 729 θελήματι
621 657 713 710 τοῦ
732 657 858 708 Υίοῦ
875 657 1280 728 ἀπαραλλάκτῳ
1296 657 1385 711 τοῦ
1404 658 1703 730 θελήματος
1728 660 1818 712 τοῦ

229 748 458 820 Πατρός
482 788 498 810 ,
540 749 617 810 είς
653 748 714 801 τὸ
750 749 946 818 μηκέτι
973 744 1111 802 εἶναι
1144 748 1239 802 δύο
1271 748 1570 820 θελήματα,
1603 751 1736 804 ἀλλὰ
1765 751 1820 802 ἓν

229 839 453 910 θέλημα
486 840 594 910 (59)
615 858 628 870 ·
683 841 822 912 ὅπερ
861 840 918 894 ἓν
945 840 1158 912 θέλημα
1193 841 1364 895 αἴτιον
1397 839 1464 912 ἦν
1507 843 1602 896 τοῦ
1639 844 1818 911 λέγειν

227 931 330 984 τὸν
363 932 511 985 Υἱόν·
546 951 563 983 ι
611 930 752 1001 Ἐγὼ
783 933 877 985 καὶ
927 934 955 985 6
999 933 1188 1005 Πατὴρ
1219 934 1278 987 ’έν
1320 935 1514 1005 ἐσμεν·
1552 953 1569 983 ι
1605 935 1698 987 καὶ
1731 935 1817 986 διὰ

231 1023 400 1077 τοῦτο
430 1023 490 1077 τὸ
520 1023 731 1095 θέλημα
752 1026 781 1077 6
805 1024 928 1078 ἰδὼν
957 1026 1118 1079 αὑτὸν
1143 1025 1353 1098 ἑώρακε
1383 1027 1474 1079 τὸν
1503 1028 1646 1089 Υἱὸν,
1674 1026 1819 1097 ἑώρα

223 1116 290 1170 δὲ
325 1117 418 1169 καὶ
449 1115 540 1169 τὸν
575 1116 870 1188 πέμψαντα
902 1117 1083 1170 αὐτόν.
1125 1119 1233 1171 Καὶ
1267 1119 1477 1189 πρέπον
1508 1137 1571 1187 γε
1621 1119 1819 1189 μᾶλλον

228 1209 351 1281 (40)
379 1209 520 1263 οὕτω
550 1214 692 1262 νοεῖν
726 1212 875 1281 ἡμᾶς
908 1211 1172 1264 ποιεῖσθαι
1203 1212 1308 1265 ὑπὸ
1331 1212 1424 1265 τοῦ
1456 1211 1586 1264 Υἱοῦ
1628 1213 1688 1264 τὸ
1734 1211 1820 1264 θέ-

227 1302 385 1373 λημα
439 1301 535 1355 τοῦ
593 1302 829 1374 Πατρὸς,
885 1303 976 1370 ἀφ’
1013 1297 1073 1356 οὗ
1131 1302 1439 1373 θελήματος
1491 1303 1584 1355 καὶ
1616 1303 1684 1355 τὰ
1715 1302 1820 1368 ἔξω

226 1394 331 1448 τοῦ
377 1394 622 1458 θέλοντος
656 1393 836 1457 καλῶς
861 1395 1098 1462 ἐγένετο,
1141 1395 1287 1466 ἤπερ
1329 1395 1403 1466 μὴ
1450 1411 1820 1468 περιεργασα-

231 1485 432 1555 μένους
464 1489 608 1556 ἡμᾶς
634 1486 702 1539 τὰ
731 1487 859 1557 περὶ
898 1486 990 1539 τοῦ
1044 1486 1348 1558 θελήματος
1397 1487 1635 1557 νομίζειν
1680 1482 1817 1539 εἶναι

225 1576 298 1631 τὸ
330 1581 501 1630 ποιεῖν
529 1578 590 1630 τὸ
626 1577 838 1647 θέλημα
864 1577 958 1630 τοῦ
993 1577 1334 1648 πέμψαντος,
1361 1578 1418 1630 ὲν
1449 1578 1532 1643 τῷ
1552 1570 1674 1630 τάδε
1697 1578 1817 1630 τινὰ

225 1665 310 1720 τὰ
344 1666 446 1730 ἔξω
474 1669 668 1720 ποιεῖν·
705 1668 884 1719 έκεῖνο
910 1666 1040 1738 γὰρ,
1079 1666 1242 1737 (λέγω
1287 1666 1343 1719 δὲ
1383 1666 1444 1718 τὸ
1474 1665 1577 1731 ἔξω
1609 1666 1699 1718 τοῦ
1728 1667 1815 1718 θέ-

229 1757 488 1821 λοντος)
523 1758 809 1829 γινόμενον
857 1758 1026 1828 χωρὶς
1071 1757 1167 1810 τοῦ
1211 1758 1603 1829 προειρημένου
1657 1757 1814 1828 θελή-

1925 564 2204 617 voluntate
2246 565 2564 617 immutabili
2619 579 2647 614 a
2686 562 2958 617 voluntate
2995 562 3207 625 Patris;
3269 578 3335 617 ne
3390 564 3500 615 sint

1927 654 2158 723 au-plius
2215 655 2332 708 dote
2386 655 2697 708 voluntates
2723 693 2738 717 ,
2779 654 2875 706 sed
2922 667 3024 706 una
3055 653 3298 706 voluntas
3331 669 3345 706 :
3375 668 3500 722 qua:

1925 764 2028 798 una
2064 749 2314 800 \‘oltttttas
2347 757 2539 801 auctor
2576 756 2660 801 est
2705 746 2842 800 Filio
2896 747 2986 800 Dei
3023 747 3234 800 dicendi
3270 764 3284 801 :
3317 764 3336 799 ι
3389 747 3500 816 Ego

1923 853 1972 892 et
2013 840 2170 894 Pater
2202 856 2366 894 tttttttn
2393 853 2582 895 smnus
2610 840 2655 872 “
2687 862 2700 892 :
2743 858 2760 890 ι
2797 849 2846 892 et
2886 840 3024 892 lianc
3049 842 3118 893 ob
3142 839 3499 903 voluntatem,

1922 933 2012 1000 qni
2048 948 2172 986 eum
2206 933 2360 998 vidit,
2393 934 2600 988 viditet
2628 932 2843 996 Filium,
2882 931 3016 985 vidit
3040 932 3206 985 etiam
3240 945 3368 984 eum
3407 935 3501 1000 qui

1924 1025 2073 1079 misit
2103 1026 2273 1093 ipsum
2311 1025 2378 1080 ³⁵.
2409 1027 2685 1093 Decctqne
2717 1023 2890 1093 magis
2932 1024 3004 1077 ita
3052 1038 3150 1076 nos
3195 1023 3505 1088 intelligere

1921 1130 2160 1186 paterna:
2207 1118 2501 1171 voluntatis
2553 1131 2757 1170 morem
2789 1131 2983 1186 gerere
3028 1115 3248 1181 Filium,
3279 1114 3444 1186 246
3471 1131 3502 1168 a

1922 1226 2025 1276 qua
2061 1210 2341 1265 voluntate
2371 1227 2432 1264 ea
2471 1211 2634 1263 etiam
2669 1223 2792 1279 quae
2831 1218 2986 1262 extra
3017 1221 3141 1260 eum
3199 1217 3362 1268 sunt,
3409 1207 3502 1274 qui

1923 1300 2061 1366 vult,
2098 1301 2360 1367 praeclare
2392 1299 2534 1353 facta
2569 1311 2728 1366 sunt;
2773 1315 2938 1370 quam
2970 1301 3240 1355 curiosius
3286 1316 3346 1354 ea
3377 1314 3501 1369 qua:

1922 1395 1988 1446 ad
2015 1394 2342 1448 voluntatem
2383 1395 2656 1463 pertinent
2693 1403 3008 1463 spectantes
3034 1433 3049 1458 ,
3084 1393 3263 1448 facere
3305 1394 3500 1447 volun-

1924 1496 2087 1539 tatem
2124 1485 2241 1552 ejus
2268 1485 2359 1553 qui
2395 1485 2581 1551 misit,
2631 1489 2682 1538 itt
2717 1485 2982 1540 faciendis
3025 1485 3346 1553 quibusdam
3381 1502 3503 1555 quos

1919 1577 2190 1629 exteriora
2254 1585 2403 1640 sunt,
2468 1578 2704 1645 positum
2757 1576 3096 1630 existimare.
3169 1577 3300 1630 lllttd
3351 1579 3498 1632 enim

1920 1669 2077 1735 (dico
2135 1680 2314 1722 autem
2376 1670 2524 1735 illml,
2583 1668 2726 1737 quod
2756 1680 2911 1721 extra
2946 1669 3246 1739 volentem)
3298 1668 3498 1724 factum

1918 1775 2162 1813 seorsum
2190 1777 2218 1812 a
2247 1763 2523 1814 voluntate
2553 1761 2832 1828 ptatdicta,
2865 1776 2972 1814 non
2997 1771 3081 1814 est
3114 1771 3222 1814 tota
3245 1761 3498 1815 voluntas

231 1816 438 1920 ματος,
459 1816 558 1918 osi
583 1816 702 1902 δλὲν
731 1849 830 1919 μὲν
859 1816 924 1900 ἓδ
945 1816 1162 1918 ’θέλημα
1198 1816 1291 1900 τοι
1322 1816 1564 1918 [ιὲιὲξκςς-
1605 1851 1711 1899 πᾶν
1754 1816 1811 1900 ἑέ

1923 1849 2131 1916 Patris;
2166 1868 2287 1906 cum
2311 1854 2510 1922 alioqui
2540 1864 2650 1907 tcta
2684 1851 2938 1904 voluntas
2981 1851 3160 1906 Patris
3190 1870 3217 1904 a
3259 1851 3399 1905 Filio
3422 1855 3498 1906 sit

228 1940 356 1992 ἐστι
413 1939 474 1992 τὸ
519 1939 729 2009 θέλημα
769 1938 1004 2009 Πατρδς,
1062 1938 1165 1990 ὑπὸ
1206 1938 1297 1990 τοῦ
1331 1937 1454 1990 Υἰοῦ
1490 1938 1770 2008 γινόμενον
1795 1977 1810 2001 ,

226 2031 326 2085 ὅτε
356 2031 418 2084 τὸ
461 2031 634 2084 θέλειν
684 2029 778 2083 τοῦ
829 2029 962 2082 Θεοῦ
1004 2029 1290 2099 γενόμενον
1332 2031 1388 2082 ὲν
1425 2029 1503 2099 τῷ
1534 2029 1646 2100 Υἱῷ
1671 2034 1817 2083 ποιεῖ

228 2121 434 2184 ταῦτα,
470 2121 612 2191 ἅπερ
646 2119 890 2189 βούλεται
918 2119 980 2172 τὸ
1013 2119 1223 2190 θέλημα
1250 2118 1345 2172 τοῦ
1375 2118 1533 2172 Θεοῦ·
1562 2120 1718 2190 μόνος
1757 2119 1814 2172 δὲ

227 2215 260 2265 6
305 2209 433 2274 Υἱὸς
481 2213 589 2264 πᾶν
635 2210 696 2262 τὸ
730 2209 941 2280 θέλημα
988 2212 1134 2262 ποιεῖ
1175 2210 1424 2280 χωρῆσαι
1451 2208 1545 2262 τοῦ
1581 2210 1812 2279 Πατρός·

229 2305 427 2375 διόπερ
473 2305 566 2356 καὶ
611 2301 776 2358 εἰκὼν
808 2301 997 2357 αὑτοῦ.
1039 2303 1430 2356 Ἐπισκεπτέον
1479 2303 1535 2356 δὲ
1566 2303 1817 2373 καὶπερὶ

230 2393 332 2446 τοῦ
388 2393 543 2461 ἁγίου
594 2393 933 2464 Πνεύματος.
972 2393 1054 2446 Τὰ
1083 2392 1140 2446 δὲ
1171 2392 1334 2446 λοιπὰ
1378 2393 1508 2461 am
1535 2393 1686 2446 οὐδὲν
1719 2395 1818 2462 μὲν

235 2487 454 2553 ποιήσει
472 2484 580 2554 (41)
609 2485 764 2556 παρὰ
777 2484 837 2536 τὸ
854 2483 1066 2555 θέλημα
1092 2483 1188 2536 τοῦ
1211 2482 1369 2546 Θεοῦ,
1389 2484 1480 2536 καὶ
1507 2483 1685 2535 πάντα
1703 2500 1764 2552 γε
1781 2483 1818 2536 ἃ

236 2579 478 2645 ποιήσει,
501 2577 714 2644 ποιήσει
749 2574 890 2627 κατὰ
913 2575 1158 2646 βούλημα
1182 2574 1274 2628 τοῦ
1297 2573 1452 2638 Θεοῦ,
1479 2573 1541 2625 οὐ
1564 2573 1810 2644 μέντοιγε

232 2662 453 2733 διαρκεῖ
492 2663 628 2734 πρὸς
666 2662 726 2715 τὸ
770 2663 913 2718 κατὰ
955 2665 1016 2717 τὸ
1063 2665 1171 2717 πᾶν
1220 2663 1430 2735 θέλημα
1477 2659 1814 2734 τυπωθῆναι.

236 2758 350 2809 Καὶ
373 2756 493 2809 τόδε
526 2773 589 2824 γε
618 2755 680 2808 τὸ
712 2755 868 2824 ἅγιον
916 2757 1068 2828 παρὰ
1098 2757 1218 2810 τόδε
1264 2757 1324 2810 τὸ
1369 2757 1522 2825 ἅγιον
1554 2756 1735 2828 μεῖζον
1781 2759 1815 2830 ἢ

235 2847 422 2899 πλεῖον
446 2886 460 2910 ,
517 2847 550 2917 ἢ
602 2847 846 2918 πλεῖον,ἢ
879 2848 1254 2919 ὲκτοπώτερον
1307 2850 1589 2920 συγκρίσει
1631 2849 1818 2920 ἐτέρου

235 2939 476 3009 χωρήσει
515 2939 622 2991 ἀπὸ
678 2937 772 2991 τοῦ
822 2939 1092 3010 πατρικοῦ
1140 2939 1442 3010 θελήματος
1471 2980 1485 3004 ,
1531 2941 1625 2994 καὶ
1660 2941 1818 2994 πάλιν

235 3029 371 3098 παρ’
396 3030 568 3080 ἐκεῖνο
603 3027 752 3083 ἔσται
784 3046 834 3080 τι
865 3029 993 3082 ἄλλο
1037 3029 1398 3100 διαφερόντως
1435 3031 1542 3100 (62)
1587 3031 1816 3103 χωροῦν.

236 3125 357 3177 Πᾶν
393 3123 450 3176 δὲ
490 3125 582 3177 καί
621 3125 741 3177 ὅλον
775 3125 836 3178 τὸ
864 3125 1077 3196 θέλημα
1115 3124 1210 3177 τοῦ
1245 3124 1380 3178 Θεοῦ
1426 3129 1642 3196 ποιήσει
1676 3127 1704 3178 6
1738 3128 1816 3179 εξ-

236 3213 359 3267 πών
385 3230 400 3246 ο
437 3232 456 3261 ε
501 3215 661 3284 Ἐμὸν
701 3213 898 3285 βρῶμά
927 3213 1038 3284 (45)
1072 3216 1218 3267 ἐστιν
1248 3213 1335 3266 ἴνα
1383 3215 1595 3284 ποιήσω
1626 3215 1687 3267 τὸ
1731 3213 1817 3268 θέ-

237 3313 304 3377 At;
315 3324 391 3376 μα
423 3305 518 3359 τοῦ
549 3306 684 3360 Θεοῦ
709 3306 803 3360 τοῦ
832 3307 1144 3377 πέμψαντός
1171 3324 1260 3378 με.
1286 3325 1304 3356 ι
1332 3307 1487 3361 Μετὰ
1508 3307 1664 3360 τοῦτο
1689 3307 1818 3376 γοῦν

239 3417 406 3470 φησιν
438 3399 778 3470 εὐχαρίστως
808 3401 936 3470 περὶ
967 3398 1062 3452 τοῦ
1108 3397 1245 3452 Θεοῦ
1267 3414 1281 3428 ·
1311 3415 1332 3451 t
1374 3398 1539 3452 Οὐδὲν
1592 3399 1817 3452 δύναται

250 3490 425 3554 om;
463 3495 634 3543 ποιεῖν
667 3493 761 3560 ἀφ’
793 3490 988 3544 ἑαυτοῦ
1021 3490 1192 3555 οὐδὲν,
1220 3490 1317 3546 ἐὰν
1357 3492 1429 3562 μή
1453 3508 1506 3544 τι
1529 3491 1701 3562 βλέπῃ
1724 3491 1818 3544 τὸν

240 3582 463 3654 Πατέρα
496 3582 779 3637 ποίοῦνταο
810 3583 846 3637 ἃ
875 3581 983 3654 γὰρ
1011 3584 1106 3638 ἐὰν
1149 3587 1278 3654 ποιῇ
1310 3585 1339 3637 6
1369 3585 1561 3655 Πατὴρ
1587 3625 1602 3649 ,
1645 3584 1820 3638 ταῦτα,

241 3675 338 3728 καὶ
374 3676 403 3727 ὁ
429 3674 556 3737 Υίὺς
580 3676 785 3742 ὁμοίως
814 3679 978 3728 ποιεῖ’
1005 3677 1034 3727 6
1069 3675 1258 3746 Πατὴρ
1288 3677 1478 3747 ἀγαπᾷ
1514 3676 1604 3729 τὸν
1651 3675 1779 3729 Υἰὺν
1801 3713 1817 3739 ,

242 3765 338 3818 καὶ
366 3765 544 3818 πάντα
572 3765 842 3820 δείκνυσιν
874 3765 1023 3837 αὐτῷ
1053 3766 1089 3820 ὃ.
1115 3767 1280 3831 αὐτὸς
1313 3769 1476 3820 ποιεῖ·
1505 3786 1524 3818 ι
1553 3769 1646 3820 καὶ
1680 3767 1821 3838 τάχα

241 3856 332 3910 διὰ
361 3857 530 3910 ταῦτα
561 3857 722 3911 εἰκών
755 3860 871 3911 ἐστι
901 3858 994 3911 τοῦ
1025 3858 1158 3912 Θεοῦ
1180 3859 1275 3912 τοῦ
1310 3859 1562 3930 ἀοράτου·
1596 3859 1690 3912 καὶ
1712 3860 1821 3931 γὰρ

243 3946 305 3999 τὸ
347 3949 404 3999 ἐν
449 3946 597 4017 αὐτῷ
645 3946 855 4018 θέλημα
901 3946 1065 4000 εἰκὼν
1095 3947 1188 4000 τοῦ
1223 3947 1441 4018 πρώτου
1483 3946 1818 4019 θελήματος,

245 4039 339 4090 καὶ
369 4039 401 4108 ἡ
427 4038 484 4090 ὲν
509 4037 658 4108 αὑτῷ
687 4037 878 4110 θεότης
910 4037 1075 4092 εἰκὼν
1106 4039 1206 4109 τῆς
1243 4037 1506 4109 ἀληθινῆς
1536 4038 1816 4109 θεότητοςο

243 4127 406 4181 εἰκὼν
446 4127 502 4180 δὲ
527 4129 744 4199 καὶτῆς
773 4129 1108 4200 ἀγαθότητος
1150 4128 1226 4182 ὢν
1269 4127 1363 4182 τοῦ
1401 4128 1613 4200 Πατρός
1648 4143 1781 4199 φησι
1805 4145 1816 4158 ·

253 4237 272 4270 t
302 4218 366 4271 Τί
402 4235 469 4288 με
515 4218 694 4286 λέγεις
736 4219 974 4288 ἀγαθόν;
1017 4239 1037 4271 t
1077 4220 1186 4272 Καὶ
1217 4219 1377 4272 τοῦτό
1403 4235 1469 4288 γε
1497 4219 1560 4272 τὸ
1610 4218 1822 4289 θέλημα

249 4307 445 4378 βρῶμὰ
473 4309 588 4361 ἐστι
629 4308 724 4361 τοῦ
767 4309 896 4362 Υἱοῦ
928 4310 1057 4363 ἴδιον
1101 4308 1286 4362 αὐτοῦ·
1325 4310 1406 4363 διὸ
1439 4309 1637 4381 βρῶμά
1673 4311 1821 4362 ἐστιν

247 4401 276 4452 ὅ
303 4401 466 4452 ἐστιν.
501 4401 622 4454 Ὅτι
653 4400 711 4453 δὲ
756 4401 817 4454 τὸ
855 4401 982 4471 περὶ
1031 4401 1129 4472 τῆς
1165 4400 1457 4465 διαθέσεώς
1490 4403 1608 4454 ἐστι
1642 4401 1704 4454 τὸ
1735 4400 1822 4454 θέ-

1914 1940 2127 2005 elfecta,
2159 1958 2280 1995 cum
2309 1943 2443 1996 velle
2474 1943 2562 1996 Dei
2598 1950 2786 1995 uatum
2812 1943 2863 1995 itt
2889 1941 3025 1996 Filio
3044 1944 3210 1997 faciat
3237 1945 3350 1998 lnec
3375 1959 3497 2012 qua:

1917 2034 2042 2086 velit
2074 2036 2324 2087 voluntas
2358 2034 2449 2087 Dei
2481 2057 2492 2088 :
2523 2035 2640 2087 solo
2676 2033 2811 2087 Filio
2838 2034 3091 2103 capiente
3123 2044 3288 2088 totam
3320 2034 3498 2088 Patris

1919 2125 2256 2178 voluntatem
2298 2145 2310 2178 :
2346 2142 2506 2195 quam
2549 2126 2716 2178 etiam
2761 2125 2830 2179 ob
2855 2141 3076 2180 causam
3124 2127 3300 2194 imago
3329 2127 3498 2194 ipsius

1919 2229 2004 2272 est
2051 2219 2096 2252 ³⁸
2132 2235 2144 2271 :
2181 2219 2229 2271 id
2265 2220 2409 2288 quod
2441 2219 2604 2272 etiam
2654 2220 2718 2272 de
2765 2218 2973 2288 Spiritu
3007 2230 3197 2273 sancto
3247 2221 3499 2288 conside-

1923 2310 2150 2362 randum
2183 2321 2286 2364 est.
2337 2311 2608 2364 Caeterum
2670 2309 2862 2378 reliqui
2893 2311 3232 2386 Sﬂttt‘li’lllltil
3279 2312 3496 2379 quidem

1921 2402 2120 2455 facient
2157 2413 2352 2470 praeter
2393 2405 2726 2460 voluntatem
2775 2406 2906 2471 Dei,
2951 2416 3112 2474 atque
3156 2405 3334 2459 omnia
3370 2419 3495 2472 pro-

1921 2489 2062 2543 fecto
2115 2508 2235 2557 qua:
2289 2493 2507 2562 facient,
2569 2497 2767 2550 facient
2816 2496 3113 2549 secnndmu
3164 2495 3498 2548 voluntatem

1921 2583 2052 2649 Dei,
2080 2585 2219 2637 haud
2253 2594 2430 2640 tamen
2475 2599 2532 2640 ttt
2577 2598 2685 2643 tota
2722 2589 2814 2642 Dei
2855 2589 3107 2641 voluntas
3152 2571 3499 2656 itnprimatur

1922 2676 1974 2730 itt
2007 2676 2105 2729 eis.
2141 2676 2279 2743 Quin
2315 2679 2416 2732 hoc
2448 2673 2698 2733 sanctum
2725 2695 2834 2748 prae
2875 2680 2966 2733 illo
2996 2688 3184 2734 sancto
3221 2680 3414 2733 melius
3443 2692 3499 2732 ct

1921 2767 2118 2838 majus,
2153 2769 2270 2838 plus
2299 2783 2463 2839 atque
2488 2775 2802 2840 expressius
2834 2773 3091 2840 percipiet
3124 2788 3190 2826 ex
3222 2773 3502 2824 voluntate.

1921 2868 2172 2923 paterna,
2207 2865 2620 2930 comparatione
2655 2864 2897 2927 alterius,
2943 2880 3050 2932 quo
3079 2875 3273 2918 sancto
3311 2879 3500 2917 rursus

1921 2954 2064 3006 aliud
2106 2964 2353 3007 sanctum
2409 2956 2766 3010 excellentius
2817 2957 3098 3026 percipiet.
3161 2957 3229 3010 At
3277 2971 3494 3009 onmem

1922 3044 2337 3114 ttniversamque
2368 3048 2458 3100 Dei
2485 3047 2820 3103 voluntatem
2847 3048 2933 3102 ille
2953 3048 3112 3103 faciet
3142 3048 3234 3116 qtti
3261 3048 3400 3101 dixit
3425 3047 3493 3101 ³⁷τ

1845 3157 1888 3212 C
1929 3155 1946 3188 ι
1974 3137 2124 3192 Mens
2153 3138 2307 3191 cibus
2334 3147 2417 3192 est
2449 3149 2507 3192 ut
2537 3139 2732 3194 faciam
2761 3141 3092 3195 voluntatem
3118 3160 3136 3192 ι
3175 3140 3266 3194 Dei
3292 3181 3308 3206 ,
3359 3159 3377 3191 t
3406 3141 3500 3208 qui

1922 3229 2070 3282 misit
2096 3243 2201 3282 me.
2233 3247 2251 3281 ι
2282 3227 2409 3284 Post
2436 3231 2550 3284 haec
2586 3231 2752 3302 igitur
2793 3232 2860 3286 de
2904 3233 3016 3286 Deo
3052 3231 3227 3300 inquit
3257 3233 3498 3301 gratiose

1920 3323 2208 3376 admodum
2244 3340 2258 3377 :
2295 3322 2470 3377 «Nihil
2495 3333 2679 3392 potest
2725 3325 2897 3380 Filius
2945 3326 3130 3380 facere
3176 3341 3204 3380 a
3247 3340 3308 3381 se
3355 3326 3498 3394 ipso,

1921 3413 2022 3467 nisi
2056 3413 2254 3468 viderit
2292 3413 2507 3469 Patrem
2541 3415 2748 3484 aliquid
2796 3417 3129 3481 facientem;
3182 3432 3303 3486 qua:
3346 3419 3494 3472 enim

1919 3502 2082 3580 Pater
2102 3503 2253 3569 facit,
2281 3521 2342 3560 ea
2375 3506 2628 3560 similiter
2651 3517 2708 3560 et
2729 3505 2902 3562 Filius
2934 3507 3102 3572 facit;
3138 3494 3300 3560 Pater
3322 3508 3502 3576 diligit

1920 3592 2136 3660 Filium,
2167 3604 2222 3648 et
2242 3595 2424 3649 omnia
2459 3594 2532 3648 illi
2560 3596 2799 3650 ostendit
2820 3611 2941 3663 quae
2973 3596 3088 3664 ipse
3114 3598 3240 3650 facit
3273 3596 3358 3660 ⁸³;
3390 3615 3409 3648 t
3449 3609 3506 3650 et

1921 3685 2170 3740 fortassis
2225 3687 2368 3740 hanc
2413 3686 2483 3740 ob
2533 3701 2754 3741 causam
2815 3688 2995 3756 imago
3050 3696 3134 3740 est
3177 3687 3270 3740 Dei
3316 3687 3504 3740 invisi-

1921 3775 2048 3830 bilis
2078 3777 2122 3809 "
2160 3794 2175 3831 :
2217 3776 2421 3831 etenim
2451 3775 2708 3830 voluntas
2729 3815 2744 3840 ,
2773 3791 2900 3845 quae
2930 3777 2982 3830 in
3010 3776 3128 3846 ipso
3157 3786 3273 3844 est,
3322 3778 3506 3845 imago

1922 3873 2006 3918 est
2031 3862 2210 3934 [(45⁸)
2249 3861 2811 3933 primai'voluutatis;
2844 3875 2900 3920 et
2926 3881 3047 3936 qum
3071 3869 3124 3920 in
3156 3881 3221 3920 eo
3249 3876 3332 3921 est
3359 3867 3502 3921 divi-

1923 3954 2085 4018 nitas,
2116 3955 2295 4024 imago
2347 3954 2453 4026 est]
2511 3969 2657 4010 verae
2697 3955 2998 4012 divinitatis
3035 3975 3050 4012 :
3084 3958 3262 4028 imago
3315 3968 3500 4012 antem

1923 4047 2090 4101 etiam
2133 4049 2406 4104 exsistens
2456 4049 2718 4103 bonitatis
2768 4048 2950 4105 Patris
2983 4049 3052 4117 ⁸⁸,
3098 4051 3310 4122 inquit:
3344 4071 3363 4103 ι
3394 4052 3504 4106 Cur

1924 4155 2012 4195 me
2039 4155 2201 4196 vocas
2227 4140 2431 4196 bonum
2461 4141 2546 4194 “1'
2579 4160 2598 4194 ι
2649 4141 2715 4195 Ει
2749 4157 2880 4197 sane
2915 4144 3166 4200 voluntas
3193 4147 3310 4200 haec
3344 4146 3504 4201 cibus

1922 4239 2004 4284 est
2053 4230 2174 4286 Filii
2215 4233 2333 4299 Dei,
2385 4245 2550 4304 atque
2608 4236 2682 4290 illi
2736 4239 2988 4308 proprius
3037 4237 3158 4294 ideo
3209 4239 3366 4292 cibus
3417 4248 3504 4290 est

1923 4324 2064 4392 quod
2097 4324 2344 4380 voluntas
2393 4337 2496 4382 est.
2550 4327 2704 4394 Quod
2745 4341 2930 4384 autem
2990 4328 3241 4384 voluntas
3271 4329 3344 4382 sit
3375 4343 3500 4395 qua:

1920 4415 2159 4484 pertinet
2179 4419 2246 4470 ad
2271 4417 2684 4488 dispositionem
2705 4463 2720 4484 ,
2753 4422 2999 4476 declarat
3037 4420 3128 4489 qui
3157 4417 3504 4486 subiungitur

248 4490 417 4561 λημα,
448 4491 597 4562 δηλοῖ
635 4493 668 4563 ἠ
702 4492 1067 4563 ἐπιφερομένη
1099 4491 1262 4557 λέξις,
1301 4491 1553 4562 δεύτερον
1590 4492 1818 4561 λέγουσα

1925 4516 2255 4574 contextus,
2310 4513 2553 4566 secundo
2613 4514 2844 4580 dicens,
2909 4521 3034 4582 post
3092 4511 3504 4566 exsecutionem

251 4581 388 4652 μετὰ
413 4582 509 4654 τὴν
544 4582 758 4654 ποίησιν
798 4583 890 4635 τοῦ
932 4583 1233 4654 θελήματος
1273 4583 1335 4635 τὸ
1386 4582 1720 4638 τελειοῦσθαι
1757 4583 1819 4636 τὸ

251 4670 408 4744 ἔργον
448 4669 541 4724 τοῦ
569 4671 727 4726 Θεοῦ.

320 4766 408 4819 57.
447 4765 729 4820 Ἐπιπλέον
755 4765 812 4818 δὲ
845 4766 938 4818 καὶ
967 4767 1094 4835 περὶ
1133 4765 1323 4818 τούτου
1363 4765 1668 4837 θεωρητέον
1693 4805 1708 4830 ,
1755 4765 1819 4817 ἵν’

254 4855 480 4926 εἰδῶμεν
506 4857 558 4909 τί
593 4859 708 4909 ἐστι
756 4856 850 4910 καί
886 4855 980 4910 τόν
1026 4874 1044 4907 t
1076 4856 1362 4910 Τελειὼσω
1405 4857 1570 4911 αὑτοῦ
1621 4858 1682 4910 τὸ
1724 4857 1817 4928 ἕρ-

253 4963 366 5017 γον.
407 4967 427 4999 ι
463 4948 526 5000 Et
557 4947 655 5018 μὲν
679 4943 771 5001 οὖν
791 4964 877 5010 τις
903 4945 1264 5018 ἁπλούστερον
1291 4949 1434 5018 ἐρεῖ,
1467 4948 1549 5000 ὅτι
1573 4947 1634 5001 τὸ
1655 4963 1822 5017 προσ-

253 5043 581 5114 τεταγμένον
623 5042 783 5114 ἔργον
821 5042 958 5113 ὅπερ
983 5042 1096 5112 (44)
1127 5042 1294 5096 αὐτοῦ
1323 5045 1439 5096 ἐστι
1468 5041 1562 5095 τοῦ
1594 5042 1825 5113 προστάο

257 5137 474 5201 ξαντος,
532 5136 608 5198 ὡς
641 5137 701 5188 ἐἰ
749 5137 842 5188 ἐπὶ
881 5135 1337 5205 παραδειγμάτων
1392 5134 1652 5204 ἐλέγομεν
1700 5134 1827 5196 τοὺς

1926 4598 2216 4654 voluntatis
2235 4602 2422 4670 perfici
2455 4619 2592 4673 opus
2624 4604 2740 4659 Dei.

2975 4694 3007 4711 κ

1997 4778 2087 4834 57.
2123 4779 2228 4833 Sed
2253 4781 2454 4838 diutius
2477 4782 2914 4838 considerandus
2959 4793 3044 4840 est
3071 4785 3158 4840 hic
3193 4793 3502 4848 contextus,

1929 4881 1988 4926 ut
2023 4870 2386 4942 intelligamus
2435 4875 2540 4928 hoc
2592 4874 2838 4940 dictum,
2898 4891 3128 4945 nempe,
3175 4896 3192 4930 ι
3223 4877 3502 4946 perficiam

1928 4977 2068 5031 opus
2117 4965 2354 5033 ipsiusu
2410 4965 2592 5036 Atque
2641 4966 2841 5036 aliquis
2896 4970 3115 5037 quidem
3182 4970 3506 5040 simpliciter

1931 5053 2075 5107 dicet
2107 5053 2411 5122 iniunctum
2443 5071 2581 5126 opus
2609 5095 2626 5120 ,
2669 5056 2813 5112 illius
2835 5073 2958 5113 esse
2984 5059 3074 5128 qui
3103 5058 3264 5127 jussit
3291 5076 3306 5112 :
3338 5058 3506 5112 veluti

1931 5141 2003 5206 si,
2035 5145 2183 5198 verbi
2211 5147 2413 5214 gratia,
2451 5147 2757 5204 diceremus
2797 5163 2892 5203 eos
2924 5149 3013 5218 qui
3043 5149 3357 5212 fabricant,
3387 5149 3509 5217 qui.

327 5275 380 5350 '1
415 5273 572 5330 Joan.
613 5291 682 5350 κ’,
716 5275 841 5350 50.”
877 5276 924 5350 ff
950 5275 1104 5330 Joan.
1136 5290 1236 5350 κῃ.
1259 5273 1356 5350 _45.
1433 5273 1478 5305 ³⁸
1506 5273 1548 5327 ll
1582 5272 1706 5350 C_o‘r.
1734 5288 1808 5340 tv,

1972 5278 2017 5311 "
2044 5277 2202 5335 Joatt.
2235 5295 2310 5349 tv,
2332 5283 2423 5338 54.
2501 5283 2546 5315 ³⁸
2576 5282 2732 5339 Joan.
2755 5300 2805 5350 v,
2841 5285 2922 5348 19,
2957 5285 3050 5342 ‘20.
3127 5283 3170 5316 "
3201 5283 3316 5339 Col.
3347 5298 3385 5348 t,
3417 5282 3504 5338 15.

257 5346 306 5378 ⁸⁸
346 5344 476 5415 Sap.
503 5360 598 5412 vn,
629 5345 722 5400 26.
800 5345 854 5409 ⁴¹,
877 5339 1043 5399 Marc.
1074 5361 1130 5409 χ,
1166 5347 1228 5411 8;
1257 5343 1390 5399 Luc.
1420 5359 1577 5409 xvnt,
1607 5343 1702 5397 19.

327 5455 442 5528 (39)
477 5457 661 5528 ,Ἀλλὰ
691 5457 758 5512 ἐν
796 5458 1039 5528 θέλημα.
1080 5457 1156 5513 lta
1182 5461 1350 5514 codex
1373 5457 1737 5525 Bodleianus;
1765 5461 1818 5514 in

263 5527 429 5597 Regio
456 5527 606 5597 deest
632 5529 714 5582 ἓν.

331 5595 438 5666 (10)
465 5595 733 5653 Μᾶλλον.
763 5598 918 5654 Deest
939 5600 993 5654 in
1029 5598 1218 5653 codice
1254 5596 1569 5651 Bodleiano.

332 5668 442 5738 (tl)
470 5669 648 5738 godex
677 5668 897 5737 Regina.
931 5684 1236 5738 perperam,
1270 5668 1512 5736 ποιῆσαι.
1546 5667 1743 5723 Ibidem
1787 5682 1818 5722 e

269 5736 448 5790 codice
473 5736 1132 5794 Bodleiano’rcstituititus
1157 5740 1273 5792 ltzec
1306 5739 1493 5799 verba,
1559 5738 1655 5790 καὶ
1695 5738 1822 5793 πάν-

270 5825 333 5860 τα
361 5825 423 5884 γε
443 5811 475 5866 ἃ
497 5809 729 5882 ποιήσειγ
749 5809 962 5879 ποιήσει
985 5807 1123 5864 κατὰ
1153 5806 1397 5876 βούλημα
1419 5805 1510 5861 τοῦ
1533 5805 1690 5862 Θεοῦ.

2025 5462 2114 5534 tg)
2142 5461 2325 5534 Codex
2361 5462 2584 5534 Regius,
2621 5462 2782 5534 male,
2811 5461 3177 5534 διαφέροντος.
3268 5479 3272 5484 ‘

2026 5532 2116 5600 45)
2163 5532 2334 5600 Ἐμὸν
2370 5530 2603 5599 βρῶμα.
2639 5533 2732 5587 Sic
2776 5530 2944 5587 codex
2974 5530 3338 5600 Bodleiautts;
3396 5531 3503 5589 Re-

1930 5601 2050 5670 gitts
2078 5602 2259 5653 omisit
2291 5601 2442 5670 ἐμόν.

2003 5671 2140 5736 (45⁸)
2161 5670 2285 5724 llaec
2321 5671 2688 5738 sunplevimns
2713 5687 2743 5726 e
2771 5671 3042 5729 Perionio.

2003 5741 2115 5813 (Η)
2143 5742 2347 5810 Ὅπερ.
2380 5741 2601 5799 Videtur
2627 5742 2942 5815 παρέλκειν.
