3878 6210
500 320 610 376 663

1964 320 2290 380 οιιιοΕΝιε
3630 329 3711 386 iiii

496 456 604 511 que
636 448 842 497 terram
875 450 1076 509 arant,
1128 442 1312 499 dicere
1346 458 1404 499 se
1442 443 1706 514 perﬁcere
1758 458 1894 513 opus
1937 443 2078 497 illius

2184 443 2599 515 οἰκοδομοῦντας
2650 443 2683 516 ἢ
2735 443 3116 516 γεωργοῦντας
3161 444 3390 513 φάσκειν
3419 445 3631 500 τελειοῦν
3666 453 3712 503 τι

498 533 590 601 qui
617 547 712 588 eos
736 536 1064 602 sumpsisset
1085 536 1152 589 ad
1177 534 1397 605 aliquod
1421 550 1560 606 opus
1596 536 1926 597 obeundum,
1951 537 2077 589 dum

499 625 823 695 perlicerent
853 625 982 682 illud
1009 626 1165 698 cujus
1185 629 1358 698 gratia
1379 631 1642 700 assumpti
1668 628 1903 684 fuerant.
1928 630 2081 683 Alius

496 731 631 771 vero
656 717 905 772 dicturus
930 725 1039 782 est,
1068 720 1113 775 si
1147 720 1465 788 perﬁciatur
1486 736 1621 788 opus
1652 720 1743 776 Dei
1772 737 1801 774 a
1834 719 2076 785 Christo,

495 810 659 883 247
709 810 921 881 liquere
965 811 1069 867 hoc
1107 811 1486 881 imperfectum
1536 813 1735 878 fuisse,
1787 822 2078 882 antequam

496 905 877 974 perﬁceretur.
914 903 1024 960 Sed
1058 906 1333 973 quomodo
1375 906 1751 976 imperfectum
1792 915 1912 963 erat
1943 920 2081 976 opus

494 998 769 1054 exsistens
812 997 945 1054 Dei?
994 1013 1291 1069 rursusque
1345 1000 1613 1070 quomodo
1660 998 1938 1068 perﬁcitur
1983 998 2077 1055 Dei

495 1104 637 1161 opus
662 1090 731 1145 ab
759 1105 824 1144 co
852 1089 945 1160 qtti
974 1090 1137 1145 dixit:
1172 1109 1192 1142 ι
1241 1091 1434 1158 Pater,
1460 1092 1552 1161 qui
1583 1092 1731 1147 misit
1757 1107 1843 1146 me
1864 1131 1880 1155 ,
1910 1090 2081 1158 major

495 1199 586 1237 me
628 1182 824 1236 est“?
863 1202 883 1236 ι
942 1183 1038 1238 sed
1093 1181 1359 1252 perfectio
1414 1184 1598 1253 operis
1647 1182 1911 1252 perfectio
1959 1194 2082 1239 erat

495 1283 704 1329 naturae
757 1273 902 1328 illius
945 1287 1069 1344 qua:
1124 1273 1353 1330 rationis
1390 1284 1476 1329 est
1515 1288 1781 1344 contpos:
1839 1275 2080 1331 adhunc

492 1366 639 1421 enim
687 1376 971 1430 naturam,
1012 1381 1134 1438 quae
1191 1367 1422 1422 rationis
1470 1377 1556 1443 est
1584 1381 1845 1436 compos,
1878 1366 2080 1436 imper-

494 1456 635 1512 fecta
667 1472 788 1511 cum
823 1467 969 1513 esset
991 1498 1003 1519 .
1030 1456 1416 1525 perﬁciendam
1463 1456 1610 1512 venit
1644 1456 1838 1513 Sermo
1870 1459 1964 1513 Dei
1998 1459 2082 1514 Fi-

496 1550 600 1605 lius
626 1548 807 1603 factus
828 1563 979 1604 caro.
1009 1547 1150 1605 Num
1173 1564 1304 1617 ergo
1327 1559 1568 1605 creatum
1593 1564 1679 1608 est
1699 1551 2079 1621 imperfectum

493 1658 663 1712 opus.
701 1651 757 1696 ct
801 1642 1036 1697 mittitur
1083 1641 1343 1696 Servator
1371 1643 1439 1697 ad
1503 1644 1632 1699 illud
1693 1644 2076 1715 imperfectum

497 1731 923 1802 perliciendum?
949 1731 1054 1787 Sed
1090 1732 1360 1803 quomodo
1401 1748 1506 1788 umt
1541 1744 1625 1790 est
1665 1736 1962 1791 absurdum
1985 1777 2000 1800 ,
2033 1737 2078 1790 si

496 1820 797 1875 dixerimus
827 1817 1042 1875 Patrem
1076 1822 1151 1876 rei
1189 1821 1522 1890 imperfecta:
1566 1835 1846 1880 auctorem
1893 1824 2079 1893 fuisse,
2116 1789 2154 1843 υ

492 1909 847 1967 Servatorcm
877 1927 1008 1970 vero
1037 1928 1157 1968 eam
1192 1914 1570 1982 imperfectam
1596 1926 1949 1986 creatamque
1977 1917 2081 1971 im-

494 2004 797 2074 perfectam
847 2005 1182 2076 periecisse?
1240 2008 1443 2077 igitur,
1490 2024 1613 2064 meo
1662 2009 1910 2077 judicio,
1959 2026 2084 2079 pro-

494 2098 716 2153 fundius
763 2097 984 2168 aliquod
1043 2103 1365 2170 mysterium
1398 2100 1502 2155 boe
1529 2100 1583 2153 in
1618 2100 1740 2154 loco
1785 2101 2080 2170 repositum

493 2199 609 2245 est:
653 2205 776 2244 nam
811 2189 1066 2246 fortassis
1095 2191 1148 2244 id
1180 2193 1325 2262 quod
1357 2193 1590 2248 rationis
1610 2204 1697 2248 est
1734 2208 1937 2263 capax,
1967 2204 2081 2250 tum

495 2266 621 2337 cum
654 2282 706 2336 iu
743 2282 998 2350 paradiso
1025 2282 1261 2351 positum
1289 2283 1413 2349 fuit,
1446 2282 1824 2352 imperfectum
1859 2300 2082 2341 omnmo

497 2389 604 2428 non
652 2383 793 2429 erat.
835 2374 1087 2443 Alioquin
1124 2374 1214 2443 qui
1250 2373 1523 2444 posuisset
1550 2373 1693 2431 Deus
1727 2390 1844 2430 rem
1879 2375 2082 2445 imper-

492 2464 692 2520 fectam
743 2465 795 2518 in
829 2465 1084 2526 paradiso
1107 2503 1123 2529 ,
1159 2480 1280 2535 qua:
1309 2477 1635 2534 operaretur
1677 2476 1732 2521 et
1780 2467 2081 2522 custodiret

492 2556 656 2611 euut?
693 2554 804 2611 Nec
849 2557 995 2611 enim
1025 2566 1453 2611 consentaneum
1482 2566 1564 2612 est
1596 2559 1670 2612 uti
1724 2559 2083 2629 imperfectus

494 2648 545 2704 is
580 2650 798 2702 dicatur
836 2648 926 2717 qui
952 2647 1167 2717 operari
1195 2648 1369 2716 possit
1390 2648 1607 2720 lignum
1633 2651 1775 2715 vitaz,
1806 2661 1859 2705 rt
1894 2655 2077 2706 ontniu

496 2756 618 2811 qua:
654 2740 994 2810 plantaverat
1018 2739 1162 2794 Deus
1190 2749 1243 2794 et
1272 2751 1459 2810 postea
1493 2751 1613 2797 orta
1653 2751 1801 2797 sunt.
1845 2743 2082 2798 Proinde

495 2833 619 2886 vide
645 2845 714 2885 ne
743 2829 882 2885 forte
905 2829 1185 2899 perfectus
1205 2846 1329 2886 cum
1350 2843 1495 2888 esset
1517 2833 1705 2898 homo,
1724 2835 2080 2903 imperfectus

497 2923 574 2978 sit
606 2921 783 2977 factus
818 2920 889 2976 ob
922 2921 1347 2977 inobcdientiam
1368 2963 1385 2990 ,
1419 2925 1737 2993 cgueritque
1773 2926 1958 2997 aliquo
1985 2928 2077 2997 qui

497 3018 681 3087 ipsum
718 3015 787 3070 ab
835 3015 938 3070 hac
972 3015 1385 3085 imperiectioue
1427 3017 1715 3084 liberaret,
1746 3029 1800 3074 et
1833 3021 1975 3074 hanc
2008 3021 2078 3075 ob

2183 534 2344 606 ἔργον
2398 534 2490 589 τοῦ
2549 535 2803 600 λαϐόντος
2861 536 3059 600 αὐτοὺς
3113 537 3206 590 ἐπὶ
3258 537 3322 589 τὸ
3362 537 3546 608 ἔργον,
3580 544 3629 594 ὲν
3653 544 3713 615 τῷ

2182 630 2354 680 ποιεῖν
2389 627 2473 681 διὸ
2518 627 2948 700 παρελήφθησαν
2983 628 3119 700 (“ir
3151 627 3180 679 6
3209 628 3267 682 δέ
3288 646 3375 693 τις
3400 631 3528 700 ὲρεί,
3548 632 3635 695 δτι,
3656 638 3716 687 εί-

2182 737 2290 792 περ
2326 720 2624 776 τελειοῦται
2662 721 2723 774 τὸ
2753 721 2915 793 ἔργον
2947 720 3039 775 τοῦ
3078 720 3216 775 Θεοῦ
3242 722 3350 776 ὑπὸ
3382 723 3474 778 τοῦ
3502 725 3714 796 Χριστοῦ,

2178 809 2357 881 δῆλον,
2407 811 2490 864 ὅτι.
2531 811 2693 866 τοῦτο
2735 815 2863 885 πρὶν
2898 812 3250 884 τελειωθῆναι
3294 815 3480 879 ἀτελὲς
3520 817 3615 887 (46)
3644 816 3712 893 ἦν.

2182 902 2307 966 Πῶς
2350 897 2443 957 οὖν
2486 903 2678 969 ἀτελὲς
2722 900 2791 977 ἦν
2838 904 2998 977 ἔργον
3022 906 3287 978 τυγχάνον
3322 906 3419 961 τοῦ
3455 907 3607 977 Θεοῦ;
3632 913 3715 967 Καὶ

2181 991 2299 1056 πῶς
2330 993 2392 1047 τὸ
2416 992 2578 1065 ἔργον
2604 993 2700 1048 τοῦ
2716 993 2853 1049 Θεοῦ
2891 994 3192 1051 τελειοῦται
3219 996 3325 1050 ὑπὸ
3354 997 3451 1051 τοῦ
3483 999 3712 1065 εἰπόντος·

2186 1103 2205 1137 ι
2255 1085 2315 1139 '0
2348 1085 2537 1158 Πατὴρ
2569 1085 2681 1159 (47)
2713 1087 2743 1139 6
2785 1088 3011 1158 πέμψας
3051 1105 3118 1159 με
3147 1086 3349 1159 μείζων
3378 1090 3481 1161 μού
3511 1090 3668 1157 tenui;
3696 1111 3714 1146 ι

2181 1179 2215 1248 ἠ
2240 1176 2296 1230 δὲ
2318 1177 2596 1243 τελείωσις
2619 1178 2715 1232 τοῦ
2736 1178 2899 1251 ἔργου
2926 1181 2960 1250 ἡ
2980 1179 3075 1233 τοῦ
3104 1179 3327 1249 λογικοῦ
3357 1180 3619 1246 τελείωσις
3640 1179 3717 1255 ἦν·

2178 1269 2337 1323 τοῦτο
2379 1269 2489 1342 γὰρ
2526 1266 2688 1343 ἦλθεν
2739 1269 2928 1337 ἀτελὲς
2958 1270 3018 1325 ὃν
3046 1271 3251 1326 τέλειον
3291 1274 3511 1345 ποιῆσαι
3539 1277 3565 1329 6
3600 1277 3723 1346 γενό-

2185 1377 2343 1433 μενος
2367 1360 2504 1433 σάρξ
2528 1362 2720 1432 Λόγος.
2751 1359 2877 1436 Ἀρ*
2902 1359 2997 1419 οὖν
3028 1363 3254 1437 ἐκτίσθη
3282 1363 3469 1430 ἀτελὲς
3494 1365 3550 1419 τὸ
3571 1366 3719 1440 ἔργον.

2181 1454 2276 1506 καὶ
2330 1452 2600 1523 πέμπεται
2653 1456 2683 1508 6
2734 1454 2923 1528 Σωτὴρ
2962 1456 3022 1510 τὸ
3068 1454 3254 1521 ἀτελὲς
3298 1456 3607 1523 relati-idat;
3636 1460 3724 1513 Καὶ

2182 1538 2302 1605 πῶς
2336 1542 2438 1596 οὐκ
2473 1541 2673 1598 ἄτοπον
2717 1543 2809 1597 τὸν
2867 1545 2968 1616 μὲν
3004 1545 3226 1621 Πατέρα
3274 1547 3495 1613 ἀτελοῦς
3524 1552 3723 1622 ποιητὴν

2181 1633 2489 1701 γεγονέναι,
2530 1634 2622 1688 τὸν
2658 1634 2715 1688 δὲ
2755 1636 2982 1709 Σωτῆρα
3029 1638 3091 1691 τὺ
3128 1639 3318 1701 ἀτελὲς
3354 1639 3723 1696 τετελειωκέναι

2182 1722 2402 1777 κτισθὲν
2429 1723 2652 1791 ἀτελές;
2689 1726 2961 1798 Ἡγοῦμαι
2992 1723 3058 1792 δὴ
3080 1731 3138 1784 ὲν
3168 1733 3284 1795 τοῖς
3322 1731 3507 1796 τόποις
3530 1733 3724 1804 βαθύτε-

2183 1812 2276 1883 ρόν
2301 1830 2355 1867 τι
2388 1815 2771 1870 ἐναποκεῖσθαι
2813 1819 3143 1891 μυστήριον
3177 1821 3318 1892 τάχα
3344 1822 3455 1895 γάρ
3487 1824 3547 1877 οὐ
3572 1826 3720 1897 πάντη

2181 1901 2370 1967 ἀτελὲς
2398 1902 2461 1958 τὸ
2489 1903 2709 1974 λογικὸν
2749 1902 2818 1978 ἦν
2844 1907 2961 1978 ἅμα
2990 1907 3068 1980 τῷ
3093 1908 3367 1966 τεθεῖσθαι
3393 1915 3451 1969 ὲν
3476 1914 3552 1987 τῷ
3576 1932 3724 1987 παρα-

2181 1999 2373 2070 δείσῳ.
2405 1999 2523 2065 πῶς
2548 2000 2660 2071 γὰρ
2695 1999 2764 2054 ἂν
2789 1997 2851 2053 τὸ
2879 1999 3056 2071 πάντη
3100 1999 3291 2065 ἀτελὲς
3330 2000 3536 2055 ἐτίθετο
3570 2003 3599 2055 6
3623 2003 3727 2063 θεῖς
3830 2072 3835 2079 _

2183 2093 2241 2147 ἐν
2268 2091 2349 2164 τῷ
2374 2093 2690 2165 παραδείσῳ
2719 2093 3049 2165 ἐργάζεσθαι
3092 2093 3255 2148 αὐτὸν
3301 2094 3400 2148 καὶ
3435 2092 3724 2164 φυλάσσεινς

2196 2181 2254 2236 '0
2305 2182 2415 2253 γάρ
2481 2181 2778 2253 δυνάμενος
2835 2182 3169 2255 ἐργάζεσθαι
3237 2182 3393 2251 ξύλον
3444 2183 3603 2257 ζωῆς,
3655 2182 3730 2237 καὶ

2184 2274 2363 2329 πάντα
2380 2274 2438 2328 δὲ
2465 2276 2501 2329 ἃ
2523 2274 2819 2345 ἐφύτευσεν
2851 2276 2880 2328 6
2906 2276 3062 2342 Θεὸς,
3094 2277 3190 2331 καὶ
3219 2276 3359 2349 μετὰ
3378 2275 3552 2331 ταῦτα
3580 2275 3731 2344 ἑξανέο

2180 2369 2376 2434 τει).εν,
2399 2371 2500 2425 οὑκ
2530 2370 2598 2425 ἂν
2634 2371 2871 2441 εὐλόγως
2897 2372 3109 2442 λέγοιτο
3139 2372 3361 2445 ἀτελής.
3410 2374 3628 2444 Μήποτε
3657 2367 3733 2424 οὖν

2181 2460 2387 2524 τέλειος
2410 2463 2506 2527 ὢν,
2532 2471 2651 2528 πῶς
2681 2463 2877 2537 ἀτελὴς
2905 2464 2996 2520 διὰ
3027 2466 3127 2539 τὴν
3152 2466 3433 2539 παρακοὴν
3454 2465 3533 2519 ὢν
3554 2466 3733 2535 γέγονε,

2182 2554 2278 2608 καὶ
2330 2555 2525 2626 ἐδεήθη
2574 2556 2671 2611 τοῦ
2715 2555 3096 2623 τελειώσαντος
3147 2558 3311 2613 αὐτόν
3358 2558 3467 2615 άπὸ
3502 2560 3598 2626 τῆς
3640 2560 3736 2611 dss-

2180 2645 2348 2711 λείας,
2384 2648 2478 2701 καὶ
2507 2648 2598 2702 διὰ
2621 2649 2779 2704 τοῦτο
2798 2650 3060 2722 ἐπέμφθη
3091 2651 3122 2704 6
3157 2650 3371 2723 Σωτὴρ,
3407 2651 3622 2722 πρῶτον
3653 2651 3734 2721 μὲν

2182 2738 2270 2792 ἵνα
2299 2742 2497 2812 ποιήσῃ
2522 2740 2585 2794 τὸ
2608 2741 2820 2813 θέλημα
2843 2740 2939 2796 τοῦ
2964 2741 3281 2813 πέμψαντος
3311 2740 3501 2807 αὑτὸν,
3528 2741 3735 2814 ἐργάτης

2180 2828 2347 2884 αὐτοῦ
2394 2831 2489 2884 καὶ¹
2523 2830 2760 2886 ἐνταῦθα
2799 2830 3108 2901 γενόμενος,
3149 2829 3403 2902 δεύτερον
3441 2830 3507 2884 δὲ
3551 2831 3630 2883 ἵνα
3665 2845 3731 2881 τε·

2179 2920 2378 2994 λειώσῃ
2414 2921 2474 2978 τὸ
2505 2922 2665 2996 ἔργον
2687 2922 2784 2976 τοῦ
2821 2920 2978 2989 Θεοῦ,
3013 2923 3107 2975 καὶ
3141 2921 3377 2985 ἕκαστος
3412 2918 3734 2990 τετελειωμέ-

2181 3031 2269 3078 νος
2300 3014 2552 3086 οἰκειωθῇ
2597 3017 2663 3086 τῇ
2711 3016 2909 3087 στερεᾷ
2950 3017 3123 3086 τροφῇ
3174 3014 3266 3068 καὶ
3302 3017 3371 3086 τῇ
3409 3014 3574 3085 σοφίᾳ
3602 3014 3733 3082 συνῇ.

491 3124 714 3167 causam
747 3110 945 3164 missus
970 3107 1134 3164 fuerit
1157 3109 1441 3178 Servator,
1478 3111 1716 3181 primum
1742 3113 1982 3181 quidem,
2020 3124 2072 3166 ut

2187 3126 2205 3158 ι
2240 3105 2474 3159 Τελείων
2512 3106 2570 3160 δέ
2608 3108 2757 3160 ἐστιν
2808 3107 2842 3178 ἡ
2890 3106 3088 3178 στερεά
3132 3106 3332 3179 τροφὴ,
3379 3106 3496 3160 τῶν
3537 3105 3618 3159 διὰ
3655 3103 3738 3175 τὴν

495 3199 707 3256 faceret
729 3199 1062 3254 voluntatem
1097 3201 1214 3269 ejus
1241 3201 1332 3270 qui
1371 3202 1519 3255 misit
1557 3203 1731 3271 ipsum
1767 3201 1835 3268 “,
1885 3220 2084 3273 opera-

497 3296 612 3351 rius
639 3293 781 3349 illius
806 3292 972 3348 etiam
1005 3294 1107 3348 hoc
1157 3291 1278 3347 loco
1326 3293 1505 3349 factus
1527 3336 1542 3361 ,
1574 3297 1769 3350 deinde
1821 3311 1951 3350 vero
1972 3337 1988 3360 ,
2023 3308 2083 3352 ut

494 3389 789 3460 perliceret
813 3403 949 3457 opus
971 3386 1090 3450 Dei,
1122 3395 1177 3440 et
1208 3392 1583 3457 unusquisque
1612 3387 1787 3443 factus
1808 3390 2083 3460 perfectus

497 3488 847 3540 assuesceret
888 3480 1061 3536 solido
1099 3479 1258 3542 cibo,
1296 3496 1361 3535 ac
1392 3497 1517 3535 eum
1547 3483 1816 3551 sapientia
1852 3498 2083 3538 consue-

493 3573 739 3630 tudinem
803 3570 1054 3627 haberet.
1091 3589 1114 3624 ι
1148 3571 1521 3627 Pet-rectorum
1570 3583 1752 3628 autem
1811 3583 1898 3629 est
1952 3575 2080 3629 soli-

493 3667 601 3723 dus
631 3667 821 3732 cibus,
880 3679 1077 3733 netnpe
1117 3679 1303 3718 cormn
1354 3665 1445 3735 qui
1494 3679 1593 3734 per
1639 3665 1883 3720 habitum
1922 3681 2082 3720 exer-

494 3766 697 3817 citatos
719 3758 923 3817 habent
948 3772 1144 3813 sensus
1167 3759 1231 3814 ad
1256 3758 1685 3827 dijmlicandum,
1721 3770 1831 3813 tum
1855 3758 2077 3824 bonum,

493 3866 610 3910 tum
632 3853 832 3909 malum
851 3851 919 3919 “;
946 3869 969 3904 ι
997 3861 1049 3905 οι
1064 3852 1154 3919 qui
1176 3851 1416 3920 loquitur
1436 3853 1784 3921 sapientiam,
1808 3851 1982 3923 inquit
1998 3853 2076 3907 κει

502 3965 523 3999 ι
560 3947 904 4018 Sapientiam
942 3957 1126 4001 autem
1162 3946 1438 4016 loquimur
1467 3944 1611 4000 inter
1637 3945 1938 4013 perfectos;
1977 3962 2001 3997 ι
2026 3954 2082 3999 et

495 4056 619 4094 cum
660 4039 1039 4108 unusquisque
1091 4050 1379 4105 nostrum,
1433 4039 1527 4107 qui
1572 4053 1709 4106 opus
1745 4039 1837 4093 Dei
1867 4054 2077 4106 sumus,

497 4146 527 4184 ιι
549 4128 674 4184 Jesu
705 4127 982 4198 perfectus
1016 4128 1197 4183 factus
1228 4128 1413 4191 fuerit,
1448 4129 1588 4182 dicet
1617 4149 1628 4182 :
1671 4147 1690 4180 ι
1727 4128 1928 4183 bonum
1967 4143 2080 4183 cer-

472 4209 678 4275 tamen
703 4220 932 4286 certari,
953 4234 1171 4275 cursum
1206 4218 1604 4284 consummavi,
1636 4219 1794 4273 iidem
1828 4219 2074 4288 servavi;

496 4312 728 4382 posthac
765 4311 1004 4379 reposita
1040 4318 1125 4365 est
1160 4307 1288 4363 mihi
1317 4322 1519 4363 corona
1548 4309 1769 4378 iustitia:
1797 4307 1864 4363 "‘.
1896 4328 1918 4364 ι
1967 4309 2077 4364 Nec

494 4405 644 4461 solus
679 4405 844 4460 homo
876 4403 1060 4472 lapsus
1084 4412 1186 4465 est,
1216 4416 1341 4457 cum
1371 4400 1647 4469 perfectus
1676 4410 1843 4465 esset,
1876 4402 1943 4455 ad
1975 4402 2077 4456 im-

2184 3196 2297 3262 ἓξιν
2343 3197 2412 3251 τὰ
2463 3196 2795 3269 αἰσθητήρια
2858 3198 3287 3270 γεγυμνασμένα
3336 3198 3571 3270 ἑχόντων
3623 3194 3736 3268 πρὸς

2183 3289 2454 3362 διάκρισιν
2493 3290 2661 3346 καλοῦ
2698 3308 2761 3345 τε
2804 3293 2900 3346 καὶ
2940 3291 3114 3346 κακοῦ
3137 3309 3150 3323 ·
3201 3312 3220 3344 ι
3256 3293 3352 3347 καὶ
3384 3295 3415 3347 6
3453 3291 3622 3348 λαλῶν
3665 3308 3736 3344 σο-

2184 3380 2313 3450 φίαν
2336 3379 2500 3453 φησί’
2544 3400 2563 3433 ι
2603 3382 2805 3452 Σοφίαν
2834 3382 2892 3436 δὲ
2918 3381 3186 3452 λαλοῦμεν
3219 3383 3278 3435 ὲν
3302 3382 3417 3445 τοῖς
3450 3381 3682 3444 τελείοις,
3716 3396 3733 3431 ι

2183 3473 2278 3527 καὶ
2296 3475 2424 3529 ὅταν
2456 3474 2689 3539 ἕκαστος
2720 3474 2899 3545 ἡμῶν.
2938 3474 3076 3545 ἔργα
3122 3472 3282 3535 Θεοῦ,
3318 3474 3429 3528 ὑπὸ
3480 3472 3642 3545 Ἰησοῦ
3674 3488 3737 3525 τε·

2180 3567 2400 3640 λειωθῇ,
2454 3569 2571 3642 ὲρεϊ
2595 3585 2611 3601 ο
2657 3587 2675 3621 ι
2718 3567 2825 3622 Τὸν
2860 3567 3049 3638 ἀγῶνα
3086 3566 3177 3622 τὸν
3220 3567 3383 3622 καλόν
3434 3567 3737 3640 ἠγώνισμαι,

2180 3662 2271 3717 τὸν
2310 3662 2509 3735 δρόμον
2544 3661 2819 3724 τετέλεκα,
2860 3660 2961 3734 τὴν
3006 3661 3191 3714 πίστιν
3233 3662 3542 3734 τετήρηκα,
3580 3657 3739 3713 λοιπὸν

2180 3754 2466 3808 ἀπόκειταί
2496 3772 2586 3826 μοι
2612 3755 2645 3807 6
2667 3755 2767 3826 τῆς
2790 3752 3136 3824 δικαιοσύνης
3168 3753 3463 3823 στέφανος.
3508 3773 3528 3806 ι
3562 3753 3631 3806 Ού
3656 3750 3738 3821 μό-

2181 3863 2271 3911 νος
2299 3846 2354 3900 δὲ
2377 3847 2406 3900 6
2425 3846 2706 3919 ἄνθρωπος
2736 3846 2992 3913 ἐξέπεσεν
3026 3849 3090 3900 ἐκ
3118 3846 3324 3900 τελείου
3354 3846 3455 3900 ἐπὶ
3475 3846 3535 3900 τὸ
3554 3842 3738 3905 ἀτελὲς.

2179 3938 2316 3994 ἀλλὰ
2338 3940 2433 3994 καὶ
2470 3939 2669 4001 ίδὸντες
2699 3940 2747 3994 oi
2771 3939 2879 3993 υἱοὶ
2905 3935 3001 3993 τοῦ
3027 3937 3165 3992 Θεοῦ
3196 3938 3295 4002 τὰς
3327 3936 3633 4010 θυγατέρας
3650 3935 3739 3987 τῶν

2180 4032 2501 4104 ἀνθρώπων,
2532 4033 2614 4087 ὅτι
2643 4031 2805 4085 καλαί
2833 4034 2961 4095 sict,
2997 4031 3091 4085 καὶ
3118 4030 3376 4093 λαϐόντες
3404 4031 3619 4093 eam;
3650 4025 3741 4080 ἀπό

2180 4124 2368 4178 πασῶν
2419 4117 2494 4178 ὧν
2550 4123 2881 4192 ἐξελέξαντο,
2936 4123 3032 4177 καὶ
3082 4120 3427 4188 ἁπαξαπλῶς
3477 4122 3664 4183 πάντες
3698 4117 3742 4172 oi

2179 4213 2567 4279 ἀπολείποντες
2606 4213 2666 4268 τὸ
2689 4214 2822 4269 ἴδιον
2859 4214 3192 4286 οἰκητήριον,
3233 4212 3325 4266 καὶ
3369 4212 3452 4284 μὴ
3491 4214 3740 4285 τηρῆσαν-

2177 4325 2269 4372 τες
2292 4306 2393 4378 τὴν
2423 4305 2629 4359 ἑαυτῶν
2662 4306 2856 4378 ἀρχήν.
2904 4324 2924 4358 ι
2980 4303 3180 4377 Ἀρχὴν
3226 4323 3245 4357 ι
3284 4304 3343 4358 δὲ
3376 4304 3528 4375 λέγω
3564 4305 3622 4358 ού
3656 4303 3742 4372 τὴν

2179 4399 2668 4473 παραϐαλλομένην
2701 4397 2939 4469 ἐξουσίᾳ,
2973 4396 3111 4452 ἀλλὰ
3149 4397 3239 4451 διά
3266 4397 3370 4468 τὴν
3402 4392 3743 4452 άντιδιαστελ-

493 4496 793 4568 perl'ectum
817 4533 833 4559 ,
863 4466 955 4549 sed
994 4511 1013 4545 ι
1047 4492 1139 4546 tilii
1176 4511 1197 4545 ι
1254 4466 1418 4545 etiam
1472 4510 1492 4545 ι
1532 4491 1656 4552 Dei,
1695 4511 1714 4544 ι
1758 4494 1849 4561 qui
1889 4511 1908 4544 ι
1942 4509 2069 4548 cum

2181 4466 2410 4562 λομένην
2440 4466 2605 4553 τέλει,
2625 4466 2736 4543 ’καὶ
2763 4466 3176 4560 παρακειμένην
3206 4466 3413 4559 πρώτῳ
3430 4503 3448 4520 ·
3481 4487 3549 4541 ἵν’
3576 4484 3741 4552 ὥσπερ

494 4588 760 4642 vidissent
793 4583 931 4639 ﬁlias
964 4583 1246 4639 hominum
1281 4582 1536 4652 pulchras
1566 4597 1707 4648 esse,
1744 4592 2074 4653 acceperunt

494 4678 596 4735 sibi
626 4694 693 4734 ex
727 4677 1014 4743 omnibus,
1045 4690 1181 4746 quas
1205 4674 1495 4745 elegissent
1520 4674 1599 4741 ‘7;
1632 4694 1652 4728 ι
1691 4684 1745 4728 οι
1770 4676 2071 4745 generatim

492 4787 684 4828 omnes
719 4788 741 4824 ι
782 4770 871 4840 qni
913 4771 1274 4825 deseruerunt
1320 4768 1597 4838 propriam
1654 4768 2069 4834 habitationem,

492 4873 550 4920 et
578 4877 685 4917 non
713 4868 1070 4917 servaverunt
1097 4874 1257 4914 suum
1299 4859 1538 4929 ipsonun
1586 4860 1914 4929 principium
1950 4857 2016 4914 “.
2045 4875 2067 4912 ι

491 4956 626 5023 Nec,
654 4955 844 5010 dicens
882 4973 901 5006 ι
932 4954 1288 5024 principium,
1329 4973 1347 5005 ι
1388 4954 1753 5024 principatum
1791 4954 1947 5019 dico,
1978 4955 2072 5024 qui

491 5058 849 5122 comparatur
916 5047 1206 5118 potestati;
1269 5048 1362 5101 sed
1411 5064 1431 5096 ι
1478 5046 1804 5115 principium
1843 5064 1863 5098 ι
1921 5047 2071 5112 dico,

492 5146 638 5209 quod
663 5144 756 5199 lini
779 5143 1093 5213 opponitur.
1109 5139 1364 5209 quodque
1384 5154 1505 5191 cum
1528 5138 1703 5205 primo
1722 5137 2070 5205 coniunctum

491 5247 607 5295 est:
648 5246 708 5292 ut
735 5234 1191 5308 quemadmodum
1238 5230 1439 5285 homini
1492 5229 1817 5297 principium
1852 5230 2064 5284 essendi

2178 4581 2256 4654 τῷ
2288 4580 2611 4654 ἀνθρώπιρή
2643 4581 2787 4653 ἀρχή
2822 4598 2908 4644 τις
2936 4578 3033 4634 τοῦ
3072 4574 3214 4633 εἶναι
3245 4581 3304 4632 ὲν
3340 4578 3423 4650 τῷ
3453 4573 3742 4650 παραδείσῳ

2176 4667 2265 4744 ἦν,
2297 4670 2360 4725 τὸ
2395 4671 2548 4735 τέλος
2572 4671 2662 4725 διὰ
2693 4672 2793 4739 τὴν
2828 4669 3139 4741 παράϐασιν
3160 4667 3302 4740 τάχα
3326 4669 3388 4722 ὲν
3419 4667 3547 4740 ᾅδου
3575 4665 3739 4725 κάτω.

2176 4762 2213 4836 ἦ
2249 4779 2356 4816 τινι
2390 4761 2616 4834 τοιούτῳ
2647 4761 2862 4833 χωρίῳο
2903 4759 3047 4814 οὕτω
3091 4760 3186 4813 καὶ
3226 4757 3446 4828 ἑκάστῳ
3489 4754 3596 4810 τῶν
3621 4754 3743 4807 67:0-

2180 4854 2548 4910 πεπτωκότων
2572 4854 2749 4909 οἰκεία
2772 4870 2853 4917 τις
2883 4852 3026 4924 ἀρχὴ
3057 4850 3308 4924 τυγχάνῃ
3342 4849 3621 4921 δεδομένη.
3649 4844 3742 4896 Τε-

2176 4946 2336 5001 λειῶν
2371 4946 2617 5020 μέντοιγε
2658 4949 2688 5001 ὁ
2737 4945 2945 5017 Ἰησοῦς
2972 4944 3035 4998 τό
3061 4943 3221 5016 ἔργον
3255 4940 3353 4995 τοῦ
3396 4939 3555 5005 Θεοῦ,
3584 4934 3743 5010 (λέγω

2179 5037 2237 5092 δὲ
2271 5039 2382 5093 πᾶν
2418 5036 2480 5091 τὸ
2508 5035 2744 5106 λογικὸν,
2801 5035 2896 5090 καὶ
2944 5034 3007 5088 ού
3060 5032 3159 5088 τὸν
3202 5031 3491 5103 ἄνθρωπον
3536 5027 3704 5101 μόνον,

2179 5132 2320 5187 κατὰ
2345 5130 2436 5186 τὸν
2462 5128 2851 5200 αὐτὸντρόπον
2876 5126 3010 5182 αὐτὸ
3036 5125 3262 5180 τελειοῖθ
3294 5123 3360 5178 τά
3393 5120 3495 5193 μὲν
3524 5119 3631 5191 γὰρ
3651 5131 3743 5188 μα-

2178 5223 2488 5297 καριώτερα
2508 5223 2806 5295 πειθόμενα
2824 5221 2989 5292 λόγῳ,
3019 5218 3094 5291 μὴ
3118 5216 3377 5290 δεηθέντα
3398 5215 3584 5278 πόνου,
3610 5210 3743 5282 μόνῳ

492 5330 545 5385 iu
578 5301 833 5400 paradiso
858 5325 981 5387 fuit.
1017 5325 1139 5379 finis
1169 5338 1298 5375 vero
1325 5329 1548 5390 propter
1574 5319 2066 5387 transgressionem

2181 5315 2472 5370 τελειοῦται
2500 5314 2579 5387 τῷ
2603 5313 2774 5386 λόγῳ·
2806 5313 2969 5387 ’ἐτερα
2987 5312 3066 5377 δὲ,
3095 5310 3471 5400 ἀπειθήσαντα
3486 5303 3567 5376 τῷ
3589 5301 3742 5369 λόγῳν

490 5417 740 5472 fortassis
771 5417 823 5470 in
854 5416 1070 5470 inferno
1098 5415 1389 5475 deorsum,
1421 5409 1505 5463 vel
1539 5408 1590 5462 in
1621 5408 1803 5478 aliquo
1841 5407 1961 5462 loco
1998 5408 2069 5462 si-

491 5587 535 5620 “

561 5628 584 5664 δ
631 5628 682 5662 (Ι.
710 5628 762 5660 υ.

561 5628 677 5772 (ἕῦ)
710 5704 892 5760 Codex
917 5702 1151 5774 ﬂagitis,
1181 5702 1372 5774 διόπερ
1392 5702 1485 5774 eis

561 5705 677 5772 (65)
710 5704 892 5760 Codex
931 5702 1151 5784 Regius,
1181 5702 1372 5774 διόπερ
1392 5700 1725 5824 ἐλῇἷθησαν.

559 5778 675 5842 (ιο)
696 5776 879 5833 Codex
911 5773 1255 5839 Budlctanus,
1292 5774 1485 5826 ἀποτει
1530 5789 1574 5835 ς.

560 5538 605 5572 ’⁸⁸
632 5538 792 5595 Joan.
827 5553 938 5604 xw,
964 5536 1056 5594 ΘΒ.
1132 5537 1179 5571 ⁸³
1219 5535 1375 5591 Joan.
1405 5549 1479 5600 tv,
1505 5533 1597 5588 5i.
1672 5530 1720 5565 “
1746 5529 1912 5585 Hebr.
1945 5545 1997 5597 ν,
2047 5531 2129 5587 li.

2175 5407 2368 5481 χρῄζει
2398 5406 2597 5473 πόνων,
2631 5405 2718 5461 ἵνα
2766 5404 2905 5479 μετὰ
2945 5404 3075 5468 τοὺς
3109 5401 3328 5465 πόνους,
3370 5397 3555 5467 λόγοις
3584 5405 3744 5464 προσ..

2234 5532 2281 5563 ⁴⁸
2313 5532 2334 5586 ι
2365 5531 2492 5587 Cor.
2523 5546 2582 5597 ιι,
2610 5530 2665 5587 6.
2740 5529 2787 5563 “
2808 5527 2854 5584 ll
2877 5527 3020 5583 Tim.
3066 5541 3153 5595 iv,
3185 5525 3238 5579 7.
3340 5520 3384 5555 "
3413 5518 3551 5576 Gen.
3582 5530 3654 5583 τι,
3690 5509 3742 5565 3-

2249 5696 2364 5769 (47)
2400 5697 2454 5750 '0
2485 5693 2710 5765 Πατήρ.
2738 5692 2903 5751 Deest
2927 5692 2980 5748 in
3014 5688 3204 5749 codice
3225 5681 3544 5745 Bodleiano.
