3948 6206
218 430 335 486 665

1292 424 1649 484 C(‘NMENT.
1687 426 1754 489 ιΝ
1792 427 1984 486 ΙΟᾹΝ.
2023 424 2266 486 Τοιιυε
2297 422 2439 480 Χῐιί.

3388 420 3492 476 «ltiti

216 545 466 615 αχθὲντα
543 546 767 614 ὕστερόν
836 562 1002 610 ποτε,
1066 544 1277 609 τούτοις
1326 546 1612 617 τελειωθῇ.
1664 545 1812 618 Πλὴν

1923 547 2069 611 mili,
2121 546 2194 600 ita
2256 544 2484 615 singulis
2531 541 2800 614 prolapsis
2850 541 3033 595 datum
3086 538 3157 596 sit
3210 540 3493 609 proprium

212 634 518 709 ἀμφότερα
557 637 732 691 ταῦτα
763 636 821 691 ἓν
864 634 1063 709 βρῶμά
1095 637 1244 689 ἐστιν
1285 634 1417 691 ῐδιον
1465 634 1619 702 Υἱοῦ,
1660 635 1724 689 τό
1752 652 1812 689 τε

214 725 453 798 ποιῆσαι
474 728 539 782 τὸ
563 729 770 800 θέλημα
791 728 887 784 τοῦ
914 728 1228 802 πέμψαντος
1255 728 1421 785 αὐτὸν
1440 728 1657 801 Πατρός
1673 728 1810 802 (48),

213 821 318 873 ιιαὶ
345 818 408 872 τὸ
433 821 718 877 τελειῶσαι
745 822 805 877 τὸ
827 822 989 896 ἔργον
1008 820 1197 878 αὑτοῦ.

1918 636 2191 706 quoddam
2215 636 2567 706 principium.
2592 634 2861 691 Caeterum
2881 632 3165 704 perliciens
3183 627 3342 687 Iesus
3359 646 3497 699 opus

1920 728 2012 782 Dei
2043 726 2211 799 248
2236 726 2380 796 (dico
2411 735 2591 781 autem
2618 725 2886 796 quidquid
2937 722 3163 777 rationis
3189 730 3274 777 est
3298 736 3495 791 capax,

1918 835 2028 874 non
2062 828 2270 873 tantum
2305 815 2629 885 hominem),
2667 832 2774 870 uno
2801 816 3103 885 eodemque
3135 813 3293 868 modo
3321 812 3496 882 ipsum

214 916 442 985 perﬁcit
471 934 487 971 :
518 918 564 973 si
589 920 811 989 quidem
843 935 906 976 ea
939 935 1061 990 qua:
1104 919 1349 975 beatiora
1382 928 1541 984 sunt,
1590 916 1838 989 parentia
1876 914 2113 972 sermoni
2159 922 2216 969 et
2265 913 2499 979 rationi,
2539 926 2646 967 non
2696 911 2909 981 egentia
2958 909 3184 976 labore,
3225 906 3345 963 solo
3379 923 3502 964 ser-

214 1025 388 1064 mone
417 1019 474 1066 et
514 1010 727 1066 ratione
776 1008 1169 1080 perﬁciuntur;
1221 1010 1329 1063 alia
1376 1024 1508 1063 vero
1558 1024 1662 1062 non
1713 1006 1995 1063 crcdeutia
2047 1004 2283 1060 sermoni
2333 1012 2390 1058 et
2429 1002 2660 1068 rationi,
2712 1000 2990 1057 laboribus
3030 1008 3217 1071 egent,
3273 1008 3332 1056 ut
3380 1008 3504 1070 post

212 1100 473 1165 latiores,
532 1100 838 1158 rationibus
889 1112 1078 1172 postea
1121 1101 1411 1171 aliquando
1450 1102 1721 1166 adducta,
1786 1099 1874 1154 his
1925 1098 2300 1168 perliciautur.
2354 1094 2743 1152 Verumtamen
2791 1094 2907 1149 haec
2952 1101 3220 1163 utraque,
3266 1091 3499 1155 scilicet,

213 1192 408 1249 Patris
437 1197 521 1251 sui
554 1196 891 1253 voluntatem
940 1196 1120 1253 facere
1141 1238 1156 1263 ,
1182 1186 1285 1267 qui
1324 1198 1469 1251 misit
1502 1198 1649 1249 illum
1671 1237 1688 1263 ,
1712 1206 1765 1251 et
1786 1212 1922 1267 opus
1956 1196 2102 1251 illius
2131 1178 2416 1266 perlicere.
2455 1209 2597 1248 unus
2623 1201 2679 1248 et
2722 1191 2970 1262 proprius
3006 1191 3162 1245 cibus
3182 1187 3310 1245 Jesu
3349 1200 3499 1245 sunt.

294 1290 386 1345 '58.
448 1290 508 1345 ὐ
551 1291 610 1346 δὲ
654 1290 966 1367 ’Πρακλέων
1005 1292 1095 1347 διὰ
1135 1291 1268 1346 τοῦ·
1321 1311 1340 1345 ι
1402 1291 1567 1364 Ἐμόν
1611 1290 1811 1363 βρῶμά

212 1382 394 1446 ἐστιν,
443 1382 530 1436 ἵνα
569 1385 781 1456 ποιήσω
827 1383 890 1438 τὸ
927 1383 1145 1455 θέλημα
1183 1383 1279 1436 τοῦ
1310 1381 1629 1454 πέμψαντός
1659 1399 1752 1453 με,
1786 1399 1805 1432 ι

211 1474 361 1544 φησι
412 1473 716 1544 διηγεῖσθαι
769 1474 863 1531 τόν
914 1474 1147 1547 Σωτῆρα
1199 1476 1312 1537 τοῖς
1367 1473 1638 1544 μαθηταῖς
1659 1511 1673 1536 ,
1728 1472 1811 1525 ὅτι

213 1566 384 1621 τοῦτο
428 1563 497 1639 ἦν
540 1568 569 1622 ὃ
612 1569 897 1641 συνεζήτει
945 1571 1084 1641 μετὰ
1132 1571 1232 1641 τῆς
1280 1568 1560 1637 γυναικός,
1615 1568 1813 1641 βρῶμα

213 1654 354 1708 ἕῖιον
386 1654 555 1725 λέγων
578 1657 641 1711 τὸ
669 1657 882 1740 θέλημα
902 1658 994 1714 τοῦ
1026 1660 1272 1723 Πατρός·
1309 1659 1467 1713 τοῦτο
1503 1659 1611 1730 γὰρ
1643 1660 1812 1714 αὑτοῦ

213 1747 419 1818 τροφὴ.
455 1714 551 1802 icui.
583 1714 916 1816 ἀνάπαυσις,
962 1752 1057 1806 καὶ
1092 1714 1322 1822 δύναμις
1360 1747 1449 1823 ἦν.
1494 1714 1716 1822 όέλημα
1754 1751 1812 1805 δὲ
1846 1714 1886 1769 Β

215 1843 445 1915 Πατρός
481 1844 669 1914 ἔλεγεν
704 1842 844 1901 εἷναι
872 1847 935 1900 τὸ
962 1847 1164 1917 γνῶναι
1207 1844 1532 1918 ἀνθρώπους
1568 1845 1660 1899 τὸν
1696 1846 1812 1899 Πα-

210 1933 377 2004 τέρα,
416 1935 510 1988 καὶ
543 1935 811 2007 σωθῆναι,
838 1939 974 2008 ὅπερ
1007 1932 1077 2007 ἦν
1106 1936 1267 2008 ἔργον
1297 1936 1392 1990 τοῦ
1420 1935 1698 2007 Σωτῆρος,
1715 1935 1812 1990 τοῦ

208 2024 387 2081 ἕνεκα
436 2029 631 2084 τούτου
675 2030 1100 2101 -ὰπεσταλμένου
1162 2031 1243 2093 εἰς
1283 2029 1640 2100 Σαμάρειαν,
1686 2046 1816 2084 του-

207 2116 403 2171 τέστιν
428 2121 511 2185 εις
529 2120 623 2175 τὸν
646 2122 869 2193 κόσμον.
902 2120 1109 2192 Βρῶμα
1135 2115 1229 2173 οὖν
1253 2118 1505 2190 ὲξείληφε
1533 2118 1629 2173 τοῦ
1655 2118 1812 2184 Υἱοῦ,

211 2211 316 2265 καὶ
338 2210 440 2283 τὴν
472 2212 623 2282 μετά
652 2213 754 2284 τῆς
784 2212 1179 2285 Σαμαρείτιδος
1205 2210 1525 2283 συζήτησιν,
1556 2212 1696 2284 ὅπερ
1724 2229 1814 2265 νο-

213 2303 365 2371 μὶζω
401 2303 592 2373 σαφῶς
621 2306 786 2359 παντὶ
828 2303 908 2376 τῷ
941 2304 1178 2377 ὁρᾶσθαι
1219 2304 1316 2358 καὶ
1349 2301 1624 2369 ταπεινῶς
1676 2303 1818 2368 ἐξει-

212 2393 423 2464 λῆφθαι
458 2398 554 2450 καὶ
579 2396 972 2468 βεϐιασμένως.
1006 2395 1134 2461 Πῶς
1152 2396 1210 2450 δὲ
1234 2395 1409 2467 τροφὴ
1441 2394 1537 2449 τοῦ
1563 2395 1817 2467 Σωτῆρος

210 2487 277 2541 τὸ
308 2486 526 2559 θέλημα
553 2489 649 2543 τοῦ
691 2489 927 2561 Πατρὸς,
969 2489 1156 2560 σαφῶς
1199 2489 1259 2543 οὐ
1292 2488 1604 2559 παρέστησε
1626 2504 1639 2517 ·
1697 2486 1816 2553 πῶς

211 2576 272 2630 δὲ
304 2579 402 2631 καὶ
435 2580 746 2643 ἀνάπαυσις
769 2580 831 2633 τὸ
855 2579 1069 2652 θέλημα
1109 2579 1206 2633 τοῦ
1234 2578 1483 2651 Πατρός;
1510 2577 1676 2648 Λέγει
1704 2578 1816 2650 γὰρ

210 2667 245 2719 6
278 2670 486 2742 Κύριος
518 2670 778 2742 ἀλλαχοῦ,
809 2671 885 2736 ὡς
918 2672 980 2726 οὐ
1020 2673 1225 2736 παντὸς
1254 2670 1366 2744 (89)
1404 2671 1498 2725 τοῦ
1544 2670 1814 2741 πατρικοῦ

212 2760 528 2833 θελήματος
556 2763 923 2829 ἀναπαύσεως
948 2764 1112 2820 αὐτοῦ
1136 2763 1309 2830 ὄντος·
1344 2783 1365 2816 ι
1404 2763 1611 2836 Πάτερ,
1640 2764 1688 2818 εἰ
1721 2764 1819 2817 δυ-

213 2853 404 2916 νατὸν,
434 2854 750 2927 παρελθέτω
772 2855 835 2909 τὸ
864 2856 1124 2927 ποτήριον
1149 2855 1248 2910 ἀπ’
1287 2855 1423 2927 ἐμοῦ
1442 2872 1456 2886 ⁸
1498 2855 1639 2926 πλὴν
1673 2855 1734 2909 οὐ
1761 2855 1816 2909 τι

214 2944 335 3013 ἐγὼ
363 2945 528 3009 θέλω,
570 2946 707 3001 ἀλλὰ
746 2947 799 3000 τι
838 2946 925 3003 σύ.
966 2967 985 2999 ι
1016 2946 1195 3001 Πόθεν
1236 2946 1293 3001 δὲ
1332 2947 1430 3000 καὶ
1461 2946 1546 3000 ὅτι
1586 2944 1817 3017 δύναμις

217 3035 316 3088 τοῦ
351 3036 606 3110 Σωτῆρος
631 3038 692 3093 τὸ
718 3037 931 3110 θέλημα
948 3037 1044 3092 τοῦ
1074 3036 1248 3104 Θεοῦ;

292 3126 383 3181 '59.
421 3146 439 3178 ι
475 3127 587 3199 Οὐχ
621 3129 778 3200 ὑμεῖς
812 3128 1022 3199 λέγετε,
1046 3130 1128 3183 ὅτι
1155 3127 1503 3200 τετράμηνός
1543 3130 1682 3190 ἐστι,
1714 3128 1812 3183 καὶ

214 3221 247 3272 6
308 3217 569 3290 θερισμὸς
618 3219 870 3291 ἔρχεταις
932 3220 1064 3274 Ἰδοὺ
1106 3219 1252 3289 λέγω
1299 3220 1463 3291 ὑμῖν·
1537 3220 1812 3290 Ἐπάρατε

219 3312 349 3374 τοὺς
370 3311 682 3383 ὀφθαλμοὺς
723 3311 900 3383 ὑμῶν,
935 3313 1033 3367 καὶ
1060 3311 1329 3367 θεάσασθε
1355 3313 1457 3376 τὰς
1493 3310 1699 3384 χώρας,
1728 3312 1812 3366 ὅτι

220 3401 415 3455 λευκαί
472 3404 578 3456 εἰσι
636 3403 773 3475 πρὸς
817 3403 1079 3475 θερισμὸν
1110 3404 1232 3476 ῆδη.
1274 3423 1294 3456 ι
1333 3404 1480 3477 Πρὸς
1512 3404 1643 3468 τοὺς
1676 3403 1811 3457 ὐπο-

222 3494 603 3564 λαμὸάνοντας
656 3494 1020 3567 ἁπλούστερον
1078 3495 1173 3549 καὶ
1224 3494 1681 3566 σωματικώτερον
1735 3495 1813 3548 εὶ-

225 3587 426 3658 ρῆσθαι
453 3588 516 3642 τό
536 3605 550 3619 ·
587 3607 606 3639 ι
637 3589 749 3659 οὐχ
776 3590 935 3661 ὑμεῖς
962 3589 1170 3659 λέγετε,
1197 3590 1280 3643 ὅτι
1307 3589 1646 3662 τετράμηνός
1671 3590 1807 3652 ἐστι,

224 3680 320 3731 καὶ
358 3679 388 3731 6
437 3678 694 3751 θερισμὸς
740 3679 1219 3752 ἔρχεται;ιταῦτα
1265 3681 1666 3753 ὲπαπορητέον,
1716 3682 1805 3735 ἵνα

226 3756 492 3823 πεισθῶσι
530 3770 699 3843 νοητά
737 3771 1015 3836 πολλάκις.
1059 3773 1242 3842 γυμνά
1276 3771 1553 3844 αἰσθητῶν
1586 3773 1679 3826 καὶ
1708 3790 1814 3826 σω-

232 3859 479 3933 ματικῶν
505 3862 866 3934 λελαληκέναι
889 3862 981 3916 τὸν
1017 3863 1246 3934 Σωτῆρα
1264 3879 1278 3893 ·
1314 3863 1473 3933 εἴπερ
1499 3862 1610 3933 γὰρ
1633 3864 1664 3916 6
1694 3880 1814 3915 και-

230 3954 341 4023 ρὸς,
377 3955 466 4008 ὅτε
507 3954 679 4008 ταῦτα
712 3954 900 4023 ἔλεγεν
954 3953 1182 4023 Ἰησοῦς,
1230 3954 1260 4005 6
1309 3953 1416 4025 πρὸ
1470 3954 1812 4026 τετραμήνου

228 4045 321 4099 τοῦ
352 4045 615 4118 θερισμοῦ
646 4042 735 4117 ἦν,
768 4046 930 4116 δῆλον
952 4039 1043 4116 ἦν,
1069 4045 1151 4098 ὄτι
1180 4042 1389 4115 χειμὼν
1409 4039 1478 4116 ἦν
1499 4060 1513 4075 ·
1554 4043 1814 4115 θερισμὸς

228 4135 320 4194 οὖν
351 4141 410 4192 ὲν
440 4141 506 4211 τῇ
560 4140 791 4214 Ἰουδαίᾳ
835 4141 1061 4212 ἄρχεται
1110 4136 1356 4208 γίνεσθαι
1402 4138 1531 4207 περὶ
1560 4135 1652 4190 τόν
1682 4139 1813 4208 παρ’

241 4234 511 4305 Ἑϐραίοις
569 4234 901 4308 καλούμεναι
934 4236 1108 4289 Νίσαν
1151 4232 1318 4305 μῆνα,
1371 4232 1462 4285 ὅτε
1508 4230 1702 4298 ἄγεται
1752 4229 1813 4282 τὸ

234 4327 443 4397 Πάσχα,
482 4326 562 4391 ὡς
603 4329 776 4381 ἐνίοτε
800 4327 872 4383 τὰ
920 4327 1105 4398 ἄζυμα
1137 4324 1249 4379 ἀπὸ
1280 4322 1404 4378 νέου
1436 4322 1586 4376 σίτου
1612 4321 1812 4384 αὐτοὺς

1983 1291 2073 1346 38.
2122 1291 2420 1346 lleracleon
2457 1304 2589 1345 vero
2620 1303 2715 1357 per
2737 1286 2851 1341 haec
2873 1288 3064 1340 verba:
3104 1304 3125 1338 ι
3166 1284 3316 1342 Meus
3347 1286 3501 1341 cibus

1913 1393 2037 1449 est,
2080 1394 2139 1439 ut
2170 1384 2367 1440 faciam
2407 1383 2742 1438 voluntatem
2777 1383 2895 1451 ejus
2939 1380 3033 1447 qui
3069 1378 3216 1435 misit
3251 1394 3337 1432 me
3367 1378 3434 1442 δ’,
3475 1396 3495 1430 ι

1915 1474 2270 1531 Servatorem
2326 1476 2504 1543 inquit
2560 1487 2822 1528 enarrare
2877 1472 3159 1541 discipulis
3217 1472 3268 1526 id
3317 1471 3498 1526 cibmn

1913 1580 2072 1621 suum
2093 1580 2258 1631 esse,
2283 1567 2430 1637 quod
2483 1566 2815 1636 loquebatur
2840 1581 2965 1619 cum
3012 1564 3274 1627 muliere,
3312 1565 3502 1619 dicens

1918 1660 2098 1714 Patris
2149 1659 2517 1721 voluntatem,
2550 1675 2674 1730 quas
2721 1659 2893 1728 ipsius
2943 1667 3065 1712 erat
3093 1659 3283 1724 cibus,
3326 1667 3382 1713 et
3414 1674 3501 1713 re-

1913 1752 2089 1821 quies,
2123 1762 2179 1806 et
2208 1752 2475 1820 potentia.
2512 1750 2659 1805 Sane
2694 1750 2873 1806 Patris
2901 1749 3235 1805 Voluntatem
3260 1764 3386 1806 esse
3416 1750 3499 1804 di-

1913 1844 2069 1900 cebat
2091 1885 2106 1908 ,
2139 1855 2197 1898 ut
2234 1845 2491 1901 homines
2530 1842 2752 1898 Patrem
2780 1851 3176 1914 cognoscerent
3221 1850 3279 1896 et
3306 1857 3494 1897 serva-

1916 1946 2106 1992 rentur
2142 1950 2158 1990 :
2197 1951 2319 2006 qua:
2363 1950 2450 1992 res
2492 1945 2612 1992 erat
2653 1952 2789 2007 opus
2821 1936 3163 2002 Servatoris;
3196 1935 3289 2005 qui
3324 1934 3495 2004 ipsius

1913 2042 2084 2084 causa
2115 2029 2193 2083 rei
2225 2027 2531 2083 Samariam
2560 2027 2761 2084 missus
2784 2030 2984 2091 fuerat,
3016 2027 3121 2082 hoc
3143 2036 3230 2081 est
3258 2026 3312 2080 in
3341 2040 3499 2080 mun-

1915 2123 2065 2176 dum.
2104 2120 2283 2191 Ipsum
2314 2134 2451 2191 ergo
2474 2120 2654 2175 cibum
2683 2120 2812 2176 Iesu
2847 2122 3236 2188 interpretatus
3261 2127 3350 2172 est
3382 2116 3498 2171 col-

1915 2211 2161 2283 loquium
2196 2228 2319 2266 cum
2351 2211 2717 2265 Satuaritide:
2748 2212 2823 2274 id,
2856 2212 3001 2281 quod
3027 2210 3285 2264 existimo
3311 2216 3500 2278 aperte

1915 2308 2222 2372 cuicunque
2253 2303 2428 2359 videri
2451 2344 2465 2365 ,
2502 2313 2618 2358 tum
2650 2301 2894 2372 abiecte,
2926 2313 3039 2355 tum
3089 2308 3280 2355 coacte
3326 2300 3501 2354 inter-

1917 2405 2191 2465 pretatum
2231 2393 2422 2450 fuisse.
2471 2394 2760 2461 Quomodo
2800 2402 2983 2447 autem
3026 2391 3281 2445 Voluntas
3319 2388 3501 2443 Patris

1917 2484 1991 2541 sit
2018 2485 2178 2541 cibus
2201 2484 2533 2551 Servatoris,
2550 2484 2826 2552 quomodo
2856 2483 3018 2536 etiam
3052 2481 3298 2535 voluntas
3321 2480 3502 2534 Patris

1916 2579 1988 2634 sit
2034 2579 2283 2648 requies,
2335 2587 2530 2645 aperte
2576 2592 2684 2630 nou
2727 2574 2988 2629 ostendit.
3033 2573 3296 2642 Loquitur
3351 2574 3499 2626 enim

1916 2669 2114 2725 alicubi
2151 2669 2437 2733 Dominus,
2467 2668 2693 2738 perinde
2725 2667 2881 2737 quasi
2909 2684 3013 2719 non
3043 2666 3224 2720 omnis
3252 2665 3503 2719 voluntas

1916 2761 2099 2817 Patris
2140 2760 2211 2815 sit
2257 2760 2404 2814 illius
2451 2758 2710 2826 requies:
2755 2776 2775 2810 ι
2809 2756 3001 2821 Pater,
3046 2759 3091 2812 si
3132 2758 3251 2811 lieri
3299 2767 3499 2829 potest,
3595 2751 3606 2761 ’

1919 2862 2161 2909 transeat
2208 2870 2237 2907 a
2295 2867 2381 2907 nte
2422 2852 2568 2907 calix
2600 2852 2737 2915 iste;
2771 2861 3148 2905 verumtamen
3204 2867 3311 2903 non
3353 2851 3501 2917 quod

1917 2959 2020 3014 ego
2052 2949 2198 3009 volo,
2234 2945 2328 2999 sed
2357 2944 2499 3010 quod
2532 2952 2583 2996 tu
2613 2943 2682 2996 ⁸ο.
2724 2961 2743 2994 ι
2799 2940 2905 2996 Sed
2961 2943 3102 2995 unde
3128 2942 3291 2996 etiam
3333 2941 3501 2996 habet

1842 3054 1886 3111 ς,
1916 3040 2061 3111 quod
2088 3037 2328 3107 potentia
2356 3035 2670 3089 Servatoris
2698 3034 2773 3088 sit
2806 3034 2900 3089 Dei
2925 3033 3217 3088 voluntas?

1985 3131 2078 3188 39.
2124 3148 2144 3182 ι
2190 3129 2381 3184 Nonne
2439 3141 2538 3181 vos
2591 3125 2811 3191 dicitis,
2852 3126 2998 3194 quod
3052 3125 3230 3180 adhuc
3278 3138 3497 3178 menses

1912 3235 2041 3281 sunt
2081 3232 2316 3294 quatuor
2340 3263 2356 3287 ,
2382 3232 2435 3275 et
2493 3217 2687 3276 messis
2722 3217 2916 3274 venit?
2956 3218 3099 3274 Ecce
3142 3218 3269 3273 dico
3300 3217 3493 3272 vobis:

1912 3317 2116 3373 Levate
2147 3315 2338 3370 oculos
2368 3322 2605 3377 vestros,
2630 3324 2687 3366 et
2726 3312 2904 3367 videte
2934 3309 3309 3380 regionesjam
3342 3309 3500 3362 albas

1913 3425 2037 3466 esse
2074 3411 2140 3463 ad
2202 3420 2434 3463 messem
2460 3407 2531 3459 ⁸¹.
2569 3423 2589 3457 ι
2641 3405 2843 3461 Contra
2899 3419 2995 3459 eos
3038 3403 3131 3472 qui
3180 3402 3501 3458 existimant

1908 3502 2214 3572 simplicius
2238 3510 2294 3555 et
2313 3498 2657 3567 corporalius
2682 3498 2797 3552 hare
2820 3497 2962 3550 dicta
2994 3496 3199 3550 fuisse:
3252 3512 3273 3546 ι
3308 3492 3497 3547 Nonne

1917 3609 2012 3649 vos
2038 3593 2252 3657 dicitis,
2304 3591 2453 3661 quod
2494 3588 2673 3643 adhuc
2722 3602 2936 3642 menses
2984 3596 3113 3641 sunt
3157 3597 3412 3656 quatuor,
3441 3594 3500 3640 et

1915 3686 2111 3741 messis
2138 3684 2281 3740 venit
2300 3684 2326 3737 ἰ
2358 3702 2378 3734 ι
2408 3684 2572 3736 duhia
2605 3680 2870 3734 movenda
2913 3690 3063 3743 sunt,
3090 3688 3148 3731 ut
3177 3692 3495 3745 persuasum

1914 3779 2187 3840 habeant,
2213 3770 2520 3844 spiritualia
2554 3780 2611 3825 et
2642 3772 2782 3825 nuda
2827 3771 2992 3825 rebus
3016 3772 3118 3825 sub
3151 3783 3373 3824 sensum
3399 3783 3498 3824 ca-

1915 3867 2171 3923 deutilms
2204 3874 2258 3919 et
2285 3860 2666 3931 corporalibus
2697 3862 3048 3914 Servatorem
3097 3858 3298 3928 saepius
3334 3857 3494 3914 loeu-

1918 3970 2029 4013 tum
2059 3957 2257 4013 luisse:
2296 3955 2343 4011 si
2381 3952 2527 4009 enim
2557 3963 2805 4022 tempus,
2843 3952 3059 4021 quando
3083 3948 3246 4006 Jesus
3278 3952 3390 4007 haec
3418 3951 3500 4007 lo-

1915 4050 2223 4122 quebatur,
2267 4055 2398 4102 ante
2442 4060 2673 4101 messem
2713 4046 2978 4101 mensimn
3027 4052 3263 4114 quatuor
3315 4044 3495 4114 spatio

1917 4152 2073 4207 erat,
2114 4140 2463 4211 perspicuum
2504 4147 2591 4192 est
2628 4135 2861 4190 hiemem
2899 4135 3102 4191 fuisse:
3132 4134 3326 4191 messis
3350 4135 3495 4191 enim

1917 4235 1969 4289 in
1999 4233 2184 4289 Judtea
2216 4229 2410 4301 incipit
2442 4229 2559 4284 ﬁeri
2613 4229 2759 4282 circa
2817 4232 3055 4282 mensem
3082 4226 3176 4297 qui
3218 4228 3361 4297 apud
3391 4227 3498 4281 lle-

1919 4326 2095 4381 bra'os
2143 4323 2308 4380 Nisan
2359 4321 2693 4394 appellatur,
2746 4321 2964 4389 quando
3016 4319 3199 4388 agitur
3245 4318 3496 4382 Pascha;

231 4387 438 4473 ποιεῖν.⁷
474 4387 615 4473 Ἀλλ’
646 4419 787 4482 ἔστω
815 4418 891 4492 μὴ
927 4387 1046 4473 κατζ
1084 4421 1292 4473 ἐκεῖνον
1340 4417 1434 4470 τὸν
1478 4415 1620 4487 μῆνα
1668 4410 1810 4468 εἶναι

1923 4419 2060 4472 adeo
2086 4430 2144 4471 ut
2174 4387 2468 4485 aliquoties
2521 4427 2721 4483 azyma
2766 4387 2985 4464 l‘aciant
3015 4387 3185 4463 Judaei
3237 4423 3308 4463 ex
3359 4424 3509 4462 noro

230 4513 320 4567 τὸν
353 4511 634 4584 θερισμὸν,
663 4512 799 4566 ἀλλὰ
827 4511 970 4566 κατὰ
995 4512 1088 4566 τὸν
1128 4512 1255 4583 ἑξῆς
1275 4509 1467 4581 ἐκείνῳ
1485 4508 1579 4562 τὸν
1611 4505 1810 4562 καλοῦ-

234 4621 393 4675 μενον
433 4608 564 4679 παρ’
594 4609 779 4672 αὐτοῖς
820 4606 959 4677 Ἰάρ·
1015 4604 1111 4661 καὶ
1152 4604 1324 4668 οὕτως
1359 4602 1494 4675 (50),
1520 4603 1550 4655 6
1591 4601 1699 4674 πρὸ
1725 4618 1814 4654 τε-

232 4694 510 4766 τραμήνου
554 4695 744 4768 καιρὸς
802 4696 1014 4749 ἐκείνου
1066 4693 1162 4748 τοῦ
1216 4693 1382 4764 μηνὸς
1423 4690 1658 4763 ἀκμαῖος
1696 4691 1812 4744 ἐστι

235 4786 454 4859 χειμών.
500 4788 670 4844 Ἐπάν
694 4786 787 4844 οὖν
818 4786 1100 4860 δείξωμεν,
1131 4788 1235 4853 ὅτι,
1265 4786 1355 4839 ὅτε
1383 4784 1536 4854 ἔλεγε
1560 4783 1758 4849 ταῦτα,
1786 4786 1816 4838 6

236 4879 363 4950 περὶ
387 4879 475 4934 τὸν
501 4879 761 4953 θερισμὸν
803 4878 914 4952 (5|)
955 4878 1148 4950 καιρὸς
1185 4872 1254 4949 ἦν
1282 4876 1402 4948 ἦτοι
1439 4875 1569 4928 ὄντα
1602 4874 1739 4948 (52),
1775 4874 1811 4946 ἢ

236 4969 399 5039 ὲγγύς
455 4990 560 5026 που
607 4973 702 5027 τοῦ
747 4973 936 5045 λήγειν
987 4972 1136 5031 ὄντα,
1190 4966 1638 5039 ἀποδεδειγμένον
1682 4968 1817 5038 ἡμῖν

232 5062 384 5118 ἔσται
412 5063 476 5117 τὸ
508 5066 886 5139 προκείμενον.
914 5061 1192 5136 Τηρητέον
1218 5061 1306 5134 δὴ,
1338 5061 1427 5115 ὅτι
1467 5057 1605 5130 μετὰ
1634 5057 1735 5128 τὴν
1760 5057 1821 5109 ὲν

1920 4506 2216 4563 frumento.
2259 4505 2371 4562 Sed
2401 4511 2522 4561 esto
2565 4504 2657 4558 illo
2693 4516 2880 4557 mense
2920 4517 3026 4555 non
3074 4515 3195 4555 esse
3239 4514 3497 4562 messem.

1920 4602 2014 4656 sed
2072 4601 2125 4655 iu
2170 4614 2356 4654 mense
2402 4605 2523 4668 post
2572 4597 2722 4650 illum
2772 4594 3018 4665 proxime
3064 4601 3349 4660 sequente,
3401 4593 3507 4661 qui.

1923 4692 2066 4761 apud
2108 4705 2203 4745 eos
2246 4690 2551 4760 appellatur
2570 4684 2701 4741 Jar:
2748 4685 2913 4739 etiam
2942 4683 3016 4736 ita
3043 4722 3059 4747 ,
3089 4680 3255 4753 249
3283 4691 3500 4754 tempus

1925 4784 2027 4839 hoc
2049 4792 2287 4853 quatuor
2314 4780 2592 4836 mensibus
2623 4776 2792 4846 prius,
2815 4783 2899 4828 est
2925 4772 3099 4828 hiems
3126 4776 3331 4834 adulta.
3361 4775 3499 4831 Cum

1928 4877 2091 4947 igitur
2112 4873 2536 4933 ostenderimus,
2559 4883 2681 4924 cum
2711 4868 2827 4921 lucc
2850 4866 3057 4923 diceret
3077 4866 3263 4934 Jesus,
3286 4877 3501 4939 tempus

1929 4964 2327 5027 fuissemessis,
2356 4961 2438 5016 vel
2469 4958 2809 5027 exsistentis,
2840 4958 2924 5014 vel
2971 4960 3235 5030 proxima:
3257 4959 3375 5023 lini,
3402 4958 3505 5014 de-

1929 5062 2286 5110 monstratum
2306 5048 2466 5106 nobis
2480 5049 2584 5104 erit
2600 5048 2654 5105 id
2670 5052 2736 5104 de
2752 5064 2864 5120 quo
2876 5050 3073 5121 agitur.
3087 5048 3509 5107 Observandum

314 5203 357 5237 δ’
389 5203 547 5261 Joan.
576 5221 650 5270 tv,
693 5205 784 5260 54.
855 5205 903 5239 ⁸ο
931 5203 1118 5259 Matth.
1160 5216 1311 5266 sxto,
1346 5200 1437 5257 59.
1508 5199 1552 5231 ⁸¹
1580 5197 1737 5253 Joan.
1779 5211 1851 5262 tv,
1882 5196 1976 5251 '55.

309 5327 419 5400 (48)
438 5327 530 5407 ’Τὸ
550 5324 782 5407 θέλημα
812 5324 921 5381 τοῦ
939 5323 1299 5407 ,πέμψαντος
1325 5319 1514 5407 aera?
1559 5318 1811 5407 Παξρςς.

242 5387 335 5455 Sic
349 5387 520 5454 codex
556 5387 884 5452 BodlBianus
904 5414 917 5464 ;
938 5396 994 5449 iu
1020 5387 1215 5449 codice
1262 5387 1433 5460 Regio
1456 5391 1613 5447 deest
1641 5388 1703 5444 τὸ
1724 5387 1815 5442 θέ-

242 5467 389 5540 λημα
421 5466 739 5540 ιιι-Πατρός.
788 5535 800 5540 _
980 5532 992 5540 .

309 5486 895 5609 ﬂatileiloigf‘it‘egius,
921 5532 1163 5598 πάντως.

310 5609 421 5676 (50)
461 5607 574 5663 Τὸν
598 5607 976 5675 καλούμενον
999 5604 1138 5673 παρ’
1166 5599 1381 5676 αὐτοῖςΔ
1406 5600 1547 5676 Ἰάρ·
1581 5597 1680 5676 καὶ
1710 5598 1819 5676 μοῦ-

248 5696 374 5756 τῳς,
405 5669 516 5756 etc:
547 5677 604 5733 In
645 5669 1129 5756 codicibusllegio
1154 5682 1225 5756 et,
1260 5669 1562 5756 Barbe‘rin'o
1622 5669 1818 5756 legitur

247 5738 685 5819 τὸνῖιαλοὺμενον
715 5746 845 5818 παρ’
875 5738 1063 5807 αὐτοῖς
1082 5746 1132 5798 εἰ
1160 5741 1270 5813 γάρ
1294 5757 1308 5771 ·
1359 5738 1456 5793 καὶ
1483 5738 1678 5803 οὕτως,
1705 5747 1813 5793 etc.

248 5819 473 5862 nmninn
501 5816 789 5862 legendum
818 5815 932 5862 Ἰάο
962 5829 1060 5862 nm
1088 5816 1138 5862 εἰ
1165 5812 1295 5862 γάρ.
1338 5809 1449 5862 Ἰάο
1482 5812 1627 5862 enim
1661 5824 1816 5862 meu~

248 5819 473 5873 Omnino
501 5812 932 5889 légendum"ldp
962 5829 1060 5884 pro
1088 5816 1138 5868 el
1165 5812 1295 5883 γάρ.
1338 5812 1449 5882 Ἰάρ
1482 5812 1627 5863 enim
1661 5824 1804 5862 metu

251 5889 321 5948 sis
342 5899 428 5946 est
451 5889 544 5958 qui
599 5888 845 5958 proxime
883 5885 1135 5954 sequitur
1164 5881 1304 5954 apud
1333 5878 1590 5938 Hebraeos
1618 5876 1804 5935 Nisam.

1922 5318 2104 5373 Codex
2138 5315 2464 5372 Bodleiauus
2492 5314 2656 5369 habet
2672 5310 2767 5366 τὸν
2796 5307 3130 5379 καλούμενον
3160 5308 3295 5380 παρ’
3319 5307 3509 5374 αὐτοῖς

1922 5388 2043 5443 Ζιν·
2076 5387 2171 5458 καῖ
2201 5387 2311 5458 γὰρ
2342 5384 2536 5458 οῦτως,
2566 5396 2678 5458 etc.

1997 5444 2227 5528 (51)ί⁶ό
2275 5444 2412 5528 περὶ
2458 5444 2913 5528 τόνῃθερισμόν,
2968 5458 3076 5501 etc.
3132 5444 3226 5503 His
3274 5448 3501 5528 negandi

1923 5520 2248 5598 particulam
2277 5520 2522 5592 adjungit
2568 5520 2876 5598 Ferrarius,
2900 5534 3062 5598 quam
3107 5533 3299 5598 neque
3332 5521 3517 5598 codex.

1925 5588 2278 5661 Bodleianus,
2336 5588 2514 5662 neque
2553 5591 2770 5647 codices
2826 5588 3032 5660 ltegius
3070 5599 3126 5645 et
3177 5589 3504 5645 Bai-berinus

1925 5674 2246 5743 38Q°§c‘1['_‘°
2366 5733 2389 5743 -
2570 5731 2624 5743 η.

1996 5738 2111 5809 (52)
2146 5735 2309 5792 Ἤτοι
2357 5733 2523 5809 ὄντα.
2569 5731 2878 5809 Sic__habe_t
2924 5730 3097 5809 codex
3132 5728 3503 5809 lljodleianus.

1926 5798 2155 5865 ﬂttetiits
2184 5820 2253 5861 ex
2287 5804 2602 5876 conjectura
2626 5801 2818 5871 edidit,
2846 5801 2966 5874 ἦτοι
2998 5798 3498 5871 ἀκμάζονταηχιιιιι
