3878 6210
512 404 609 483 m

1947 408 2268 487 ORIGENIS
3619 436 3701 497 ica

509 550 692 620 itaque
722 559 841 619 post
868 547 1224 603 oeconomiam
1250 562 1369 618 quae
1398 546 1541 605 facta
1572 549 1669 605 luit
1706 551 1760 606 in
1789 550 1935 607 Cana
1963 551 2074 607 Ga-

2186 554 2241 624 τῇ
2281 553 2439 625 Κανᾷ
2479 552 2577 625 τῆς
2616 552 2924 623 Γαλιλαίας,
2959 553 3088 626 περὶ
3125 553 3187 609 τδ
3228 553 3610 629 μεταϐεϐληκὸς
3640 562 3705 625 εἰς

510 640 660 694 ΙΞΙςρω
683 638 735 674 ⁸¹
765 641 908 695 circa
945 640 1300 695 mutationem
1334 655 1486 711 aqua:
1515 642 1566 697 iu
1604 645 1809 709 viuum,
1842 645 2076 701 descen-

2186 638 2317 698 δῖνον
2366 642 2532 716 ὕδωρ,
2578 646 2908 717 οἰκονομίαν,
2977 645 3412 716 καταϐεϐηκέναι
3458 647 3648 717 λέγεται
3680 660 3702 709 ξ,

509 732 657 787 disse
682 731 787 787 dici
817 734 1100 789 Dominum
1122 734 1533 803 Capharuaum,
1564 737 1940 810 cumquejpso
1963 753 2076 792 ina.

509 834 645 877 trem
675 822 827 892 ejus,
858 831 911 878 et
939 822 1166 889 fratres,
1208 832 1263 877 et
1313 825 1638 894 discipulos,
1686 827 1775 882 ubi
1813 827 2078 882 manserit

508 930 613 969 nou
645 915 846 969 multos
886 915 1040 970 dies:
1096 915 1370 986 luisseque
1405 916 1458 969 in
1516 919 1818 988 propinquo
1863 917 2074 974 Pascha

505 1002 837 1069 Iudaeorum.
868 1014 924 1060 et
956 1004 1350 1078 Icrosolymam
1386 1008 1696 1064 ascendisse
1719 1008 1924 1075 Iesum,
1951 1026 2075 1065 cum

506 1110 698 1150 omnes
720 1097 775 1150 in
803 1097 1003 1167 templo
1034 1097 1280 1153 inventos
1309 1101 1606 1155 vendentcs
1632 1100 1821 1167 boves,
1851 1112 1905 1156 ιιι
1924 1117 2075 1170 oves,

505 1199 558 1242 ct
589 1188 904 1252 columbas,
938 1200 994 1242 et
1020 1197 1213 1243 caetera
1246 1204 1366 1258 quae
1396 1191 1601 1261 scripta
1631 1200 1778 1254 sunt,
1809 1191 1949 1248 facto
1978 1192 2076 1247 lla-

506 1278 649 1350 gello
671 1294 703 1335 e
727 1278 1007 1346 funiculis,
1047 1279 1206 1349 eiecit
1232 1296 1263 1336 e
1293 1281 1528 1349 templo;
1561 1284 1829 1353 dictisque
1853 1286 2081 1354 quibus-

507 1371 634 1426 dam
669 1372 735 1426 ad
773 1371 1127 1428 Nicodemiim
1157 1373 1224 1439 ”,
1278 1384 1467 1443 postea
1515 1376 1733 1431 venisse
1772 1376 1989 1446 ipsum,
2027 1386 2082 1434 et

505 1461 801 1533 discipulos
838 1461 956 1530 ejus
990 1463 1041 1516 in
1072 1471 1271 1518 terram
1313 1463 1555 1521 Iudaeam
1576 1505 1592 1530 ,
1621 1476 1676 1521 et
1705 1465 1818 1522 illic
1848 1482 2085 1523 comnio-

511 1561 688 1604 ratum
724 1550 892 1606 fuisse
916 1567 1040 1605 cum
1081 1551 1182 1618 eis,
1209 1561 1267 1607 et
1306 1554 1634 1622 baptizasse.
1677 1555 1946 1623 Quantum
1979 1558 2084 1628 igi-

509 1652 598 1695 tur
625 1642 884 1710 temporis
913 1656 1179 1713 ponemus
1209 1658 1333 1698 enin
1366 1645 1419 1698 iu
1461 1643 1643 1701 Iudaea
1677 1649 2085 1718 consumpsisse

508 1732 873 1800 liaptizantem
914 1741 1036 1802 post
1066 1732 1311 1788 Pascha?
1353 1749 1461 1789 non
1517 1736 1662 1790 eiiiiii
1717 1748 1904 1807 aperte
1944 1741 2085 1796 scri-

508 1835 656 1892 ptum
689 1833 812 1880 est:
850 1834 906 1880 et
924 1834 1152 1896 apparet
1176 1841 1244 1881 eo
1272 1826 1414 1896 quod
1438 1830 1795 1898 cognoverint
1822 1830 2079 1890 Pharisasi

503 1913 690 1971 Iesum
737 1916 924 1986 plures
976 1916 1273 1987 discipulos
1318 1917 1499 1974 facere
1547 1919 1617 1987 ",
1668 1931 1724 1977 et
1773 1923 2079 1994 baptizare,

504 2021 667 2074 quam
683 2004 943 2072 Joannes,
967 2005 1148 2063 Iesum
1162 2006 1402 2064 Iudaeam
1422 2008 1728 2079 reliquisse,
1750 2012 2083 2082 profectum-

504 2112 614 2165 que
661 2100 714 2153 in
747 2099 1063 2165 Galilaeam,
1095 2115 1217 2154 cum
1251 2109 1533 2169 oporteret
1562 2117 1687 2156 cuiu
1723 2105 1957 2160 transire
1988 2120 2085 2175 per

505 2193 839 2257 Samariam,
897 2193 1110 2250 venisse
1163 2191 1229 2245 ad
1257 2191 1464 2246 fontem
1505 2191 1713 2259 Iacob,
1760 2196 1849 2250 ubi
1909 2196 2087 2268 inquit

509 2282 628 2338 haec
659 2282 826 2337 vei-ba
853 2298 867 2335 :
905 2300 926 2334 ι
962 2281 1156 2337 Nonne
1189 2295 1285 2336 vos
1311 2282 1497 2337 dicitis
1521 2323 1538 2350 ,
1574 2285 1718 2351 quod
1755 2287 1931 2341 adhuc
1953 2303 2087 2356 qua-

506 2389 632 2431 tuor
662 2384 790 2431 sunt
823 2389 1068 2436 menses,
1103 2381 1160 2429 et
1196 2376 1391 2429 messis
1418 2374 1602 2430 venit?
1630 2375 1794 2448 [Ecce
1827 2378 1949 2433 dico
1992 2394 2086 2435 vo-

505 2469 625 2524 bis:
662 2465 866 2521 Levate
891 2465 1082 2521 oculos
1117 2474 1364 2528 vestros,
1390 2474 1446 2520 et
1472 2465 1650 2524 videte
1679 2470 1933 2539 regiones
1970 2473 2084 2541 jani

505 2562 659 2614 albas
689 2574 810 2615 esse
840 2560 906 2612 ad
943 2570 1178 2612 messem
1203 2554 1298 2627 ⁸⁸.]
1337 2574 1357 2607 i
1385 2556 1538 2624 Quod
1584 2559 1628 2614 si
1662 2561 1786 2630 quis
1809 2563 2088 2620 existimat

512 2652 751 2720 plurium
784 2652 1051 2705 mensium
1089 2661 1300 2719 tempus
1319 2652 1722 2720 consumpsisse
1746 2651 1935 2709 Iesum
1966 2665 2088 2724 post

508 2741 718 2797 Pascha
755 2743 806 2795 in
839 2739 1022 2795 Iiiiliea
1075 2742 1438 2812 liaptizzinteni
1480 2758 1604 2798 cum
1637 2743 1922 2816 discipulis
1947 2746 2082 2816 suis,

508 2834 648 2889 adeo
676 2843 734 2886 ut
757 2832 867 2903 jam
896 2834 1124 2889 instaret
1171 2843 1383 2906 tempus
1414 2835 1560 2905 quod
1609 2844 1731 2891 erat
1764 2845 1891 2892 ante
1922 2854 2087 2909 quar-

509 2932 622 2977 tum
656 2939 894 2979 mensem
922 2926 1119 2981 messis
1146 2926 1230 2992 ";
1260 2925 1662 2998 adiungendum
1697 2936 1782 2983 est
1815 2929 1912 2995 illi,
1944 2932 2086 3000 quod

508 3017 644 3071 duos
668 3017 786 3072 dies
831 3032 954 3072 cum
993 3017 1284 3074 mansisset
1335 3019 1445 3075 illic
1499 3020 1641 3090 apud
1688 3020 2084 3091 Samaritanus,

508 3116 631 3180 post
677 3106 779 3164 hos
836 3109 1033 3164 exierit
1081 3109 1136 3164 in
1191 3109 1502 3177 Galilaeam;
1550 3111 1924 3184 scriptumque
1966 3130 2087 3172 esse

506 3199 648 3268 quod
682 3200 930 3294 (perinde
959 3200 1114 3269 quasi
1148 3215 1322 3294 nuper
1353 3198 1626 3294 Bascliate
1670 3202 1816 3257 facto
1839 3244 1857 3271 ,
1896 3205 2088 3261 rebus—
2113 3235 2157 3294 ο

505 3308 612 3359 que
642 3306 779 3362 quas
811 3293 926 3362 ipse
958 3300 1150 3362 egerat
1179 3289 1562 3362 Ierosolymis)
1601 3305 1724 3346 cuin
1754 3295 1997 3350 venisset
2031 3296 2085 3350 in

504 3382 825 3449 Galilaeam,
876 3383 1195 3452 exceperint
1229 3382 1380 3438 illum
1429 3370 1674 3450 Galitzei,
1704 3384 1794 3453 qui
1839 3386 2090 3442 viderant

506 3491 841 3546 quaecunque
869 3475 1218 3547 Ierosolyinis
1251 3474 1468 3532 fecisset
1511 3475 1565 3531 in
1598 3476 1687 3532 die
1716 3475 1895 3533 festo:
1924 3493 2089 3535 vene-

508 3555 630 3626 rant
664 3572 807 3626 enim
837 3572 1001 3627 etiam
1045 3571 1149 3642 ipsi
1192 3571 1260 3626 ad
1301 3570 1442 3625 diem
1484 3569 1704 3627 festum.
1742 3569 1849 3627 Sed
1894 3572 2089 3641 proba-

506 3662 615 3718 bile
652 3673 735 3719 est
768 3664 1005 3734 aliquem
1057 3662 1126 3717 ad
1180 3662 1297 3718 haec
1336 3660 1606 3716 dicturum
1634 3700 1649 3727 ,
1699 3661 1832 3717 nihil
1868 3664 2088 3718 obstare

508 3756 801 3827 plurimum
834 3754 1093 3826 temporis
1115 3770 1240 3810 eum
1272 3754 1326 3809 iii
1353 3753 1535 3810 Indica
1562 3767 1958 3811 commoratum
1991 3772 2088 3813 ve-

508 3851 657 3905 nisse
701 3850 769 3903 ad
816 3849 1018 3903 [utilem
1065 3845 1274 3913 Iacob,
1326 3845 1618 3902 abeuntem
1678 3847 1734 3902 iu
1783 3845 2084 3914 Galilaeam,

506 3938 728 4007 quando
775 3936 952 3990 dixit:
1004 3955 1023 3988 i
1060 3935 1252 3991 Adhuc
1305 3948 1545 4007 quatuor
1585 3953 1799 3995 menses
1845 3951 1971 3995 sunt
2018 3940 2085 3995 ad

511 4043 782 4092 messem,
820 4044 840 4078 ι
888 4040 993 4081 nec
1043 4026 1340 4095 quidquam
1401 4028 1625 4083 absurdi
1662 4043 1787 4086 esse
1833 4030 2088 4087 Galilmos

460 4129 466 4135 '
508 4134 632 4172 eum
676 4118 951 4186 excepisse
996 4126 1218 4185 propter
1258 4131 1322 4171 ea
1369 4132 1490 4186 qua:
1542 4119 1594 4173 in
1651 4121 2088 4189 prieceilentibus

509 4205 787 4260 mensibus
837 4204 951 4274 ipse
994 4201 1354 4274 Ierosolymis
1394 4205 1621 4274 egisset.
1652 4206 1817 4277 250
1850 4208 1956 4265 Sed
1998 4226 2086 4266 re-

507 4296 881 4367 spondendum
927 4303 1013 4350 est
1059 4293 1167 4348 illis
1202 4297 1345 4364 quod
1388 4296 1663 4364 prolectus
1700 4300 1753 4352 in
1805 4298 2084 4356 Galilaeam

508 4388 718 4443 venerit
741 4388 942 4442 Canam
970 4384 1248 4440 civitatem
1281 4384 1535 4451 Galilaize,
1570 4388 1658 4443 tibi
1695 4400 1856 4444 antea
1885 4390 2089 4447 fecerat

508 4498 575 4535 ex
603 4496 742 4551 aqua
776 4479 995 4545 vinum,
1030 4478 1121 4533 ubi
1148 4477 1311 4533 etiam
1341 4479 1507 4550 reguli
1540 4481 1709 4536 tilium
1732 4494 2084 4552 aegrotantem

2177 734 2381 808 Κύριος
2412 738 2493 800 εἰς
2521 736 2898 806 Καφαρναοὺμ
2929 734 3110 799 αὐτὸς.
3145 735 3241 788 καὶ
3277 736 3312 807 ἡ
3353 737 3525 807 μήτηρ
3548 739 3704 803 αὐτοῦ,

2178 827 2273 881 καὶ
2302 830 2350 881 οἱ
2377 826 2617 896 ἀδελφοὶ,
2652 827 2746 880 καὶ
2774 828 2823 880 oi
2861 827 3120 898 μαθηταὶ,
3154 827 3283 882 ἔνθα
3306 829 3510 900 ἔμεινεν
3530 829 3585 882 οὐ
3606 833 3708 884 πολ-

2176 916 2276 981 λὰς
2307 917 2553 990 ἡμέρας·
2595 918 2689 975 καὶ
2721 918 2889 988 ἐγγὺς
2904 914 2974 989 ἦν
2998 919 3059 972 τὸ
3082 919 3274 991 Πάσχα
3306 919 3414 974 τῶν
3456 921 3704 987 Ἰουδαίων,

2179 1010 2271 1063 καὶ
2299 1008 2466 1080 ἀνέϐη
2511 1010 2591 1073 είς
2639 1009 2985 1081 Ἱεροσόλυμα
3023 1013 3052 1065 ὁ
3105 1010 3335 1082 Ἰησοῦς,
3378 1012 3465 1065 ὅτε
3508 1007 3706 1084 εὖρενὲν

2178 1097 2256 1170 τῷ
2279 1098 2323 1152 is
2331 1098 2409 1171 ρῷ
2426 1100 2552 1163 τοὺς
2573 1098 2886 1163 πωλοῦντας
2913 1099 3062 1170 βόας,
3080 1101 3174 1155 καὶ
3193 1101 3460 1175 πρόϐατα,
3478 1102 3566 1154 καὶ
3582 1117 3707 1172 περι-

2184 1192 2401 1262 στερὰς,
2428 1192 2523 1245 καὶ
2558 1190 2626 1246 τά
2651 1191 2813 1245 λοιπὰ
2833 1192 2942 1246 τῶν
2966 1193 3491 1266 ἀναγεγραμμένων,
3520 1194 3712 1264 ποιήσας

2181 1282 2503 1355 φραγέλλιον
2524 1284 2589 1338 ὲκ
2602 1284 2850 1355 σχοινίων
2868 1284 3076 1349 πάντας
3105 1286 3360 1353 ἐξέϐαλεν
3377 1288 3443 1340 ὲκ
3464 1285 3552 1340 τοῦ
3572 1286 3712 1357 ἱεροῦ,

2183 1375 2278 1428 καὶ
2327 1371 2495 1427 εἰπών
2540 1390 2663 1429 τινα
2716 1374 2852 1445 πρὸς
2884 1375 2975 1429 τὸν
3013 1376 3344 1447 Νικόδημον,
3390 1377 3524 1448 μετὰ
3572 1376 3716 1432 ταῦτα

2180 1459 2342 1536 ἦλθεν
2362 1463 2543 1529 αὐτὸς,
2574 1464 2665 1517 καὶ
2695 1464 2745 1517 οἱ
2772 1463 3013 1537 μαθηταὶ
3053 1463 3216 1520 αὐτοῦ
3250 1468 3331 1531 εἰς
3357 1467 3457 1537 τὴν
3496 1467 3717 1522 Ἰουδαίαν

2182 1554 2308 1626 γῆν,
2335 1556 2430 1608 καί⁹
2468 1555 2585 1608 ἐκεῖ
2623 1554 2859 1626 διέτριϐε
2906 1555 3025 1626 μετ’
3064 1555 3279 1620 αὐτῶν,
3325 1557 3423 1610 καὶ
3474 1556 3717 1620 ὲϐάπτιζε.

2184 1643 2358 1698 Πόσον
2384 1642 2449 1714 δὴ
2492 1642 2728 1715 θήσομεν
2767 1642 2930 1698 αὑτὸν
2969 1644 3369 1716 διατετριφέναι
3409 1647 3469 1698 ὲν
3502 1648 3564 1717 τῇ
3610 1646 3712 1698 ’1ου-

2183 1734 2309 1806 δαιᾳ
2333 1734 2525 1808 χρόνον
2557 1734 2882 1805 βαπτίζοντα
2913 1735 3051 1807 μετὰ
3074 1737 3136 1790 τὸ
3166 1736 3395 1809 Πάσχα;
3427 1738 3491 1791 οὐ
3515 1738 3614 1807 γὰρ
3640 1753 3721 1790 σι-

2185 1824 2301 1894 φῶς
2330 1824 2638 1897 γέγραπται
2655 1841 2669 1856 ·
2693 1825 2788 1879 καὶ
2816 1824 3064 1895 φαίνεται
3092 1826 3182 1880 διὰ
3208 1825 3269 1881 τὸ
3302 1826 3591 1896 ἐγνωκέναι
3618 1828 3721 1889 τοὺς

2138 1889 2157 1943 ⁸
2183 1889 2531 1986 φαρισαίους,
2565 1915 2647 1969 ὅτι
2684 1889 2891 1987 Ἰησοῦς
2913 1915 3163 1981 πλείονας
3188 1889 3436 1988 μαθητὰς
3470 1918 3621 1981 ποιεῖ,
3645 1917 3725 1970 καὶ

2185 2006 2437 2078 βαπτίζει
2495 2006 2749 2078 Ἰωάννης
2793 2006 2928 2079 (5'5),
2971 2008 3153 2077 ἀφιεὶς
3186 2008 3284 2081 τὴν
3336 2007 3606 2072 Ἰουδαίαν,
3646 2008 3724 2061 καὶ

2183 2099 2556 2171 ἀπερχόμενος
2597 2099 2678 2162 είς
2705 2097 2802 2170 τὴν
2834 2098 3144 2165 Γαλιλαίαν,
3183 2099 3273 2154 ὅτε
3302 2097 3419 2171 (54)
3451 2099 3557 2153 ἔδει
3587 2098 3723 2153 αὑτὸν

2183 2189 2490 2264 διέρχεσθαι
2521 2188 2610 2244 διὰ
2639 2190 2740 2261 τῆς
2775 2190 3110 2264 Σαμαρείας,
3144 2192 3239 2246 καὶ
3282 2191 3571 2263 γενόμενος
3599 2189 3727 2264 παρὰ

2183 2283 2249 2352 τῇ
2280 2283 2429 2355 πηγῇ
2464 2280 2558 2335 τοῦ
2611 2279 2828 2345 Ἰακὼϐ,
2857 2282 2993 2351 φησὶ
3012 2280 3101 2334 τό·
3149 2299 3169 2332 i
3213 2281 3328 2352 Οὐχ
3352 2282 3514 2353 ὑμεῖς
3545 2280 3729 2349 λέγετε,

2183 2374 2265 2427 ὄτι
2294 2372 2376 2426 ἔτι
2407 2371 2748 2445 τετράμηνός
2777 2373 2917 2439 ἐστι,
2964 2374 3061 2427 καὶ
3097 2375 3127 2427 ὁ
3162 2372 3420 2445 θερισμὸς
3450 2373 3679 2447 έρχεταις
3708 2393 3725 2426 i

2199 2463 2326 2517 Ἐάν
2357 2462 2415 2516 δέ
2436 2479 2522 2526 τις
2555 2463 2757 2532 ὑπονοῇ
2785 2460 2922 2533 μετὰ
2943 2461 3005 2517 τὸ
3034 2462 3226 2534 Πάσχα
3254 2463 3518 2517 πλειόνων
3559 2461 3722 2534 μηνῶν

2185 2554 2373 2627 χρόνον
2412 2553 2522 2625 (55)
2549 2553 2950 2625 διατετριφέναι
2972 2555 3030 2608 ὲν
3055 2556 3121 2626 τῇ
3160 2552 3389 2625 Ἰουδαίᾳ
3421 2554 3511 2608 τδν
3553 2553 3731 2626 Ἰησοῦν

2187 2645 2513 2717 βαπτίζοντα
2545 2643 2683 2716 μετὰ
2712 2644 2822 2699 τῶν
2856 2644 3113 2716 μαθητῶν
3154 2645 3339 2709 αὑτοῦ,
3375 2644 3520 2700 ὥστε
3549 2646 3734 2716 ἐνεστη-

2185 2740 2337 2794 κέναι
2375 2739 2478 2811 ήδη
2513 2739 2603 2792 τὸν
2632 2738 2738 2810 πρὸ
2768 2739 3108 2810 τετραμήνου
3132 2736 3226 2792 τοῦ
3262 2737 3526 2809 θερισμοῦ
3549 2738 3732 2808 καιρὸνο

2185 2830 2521 2905 παραθετέον
2551 2829 2718 2901 αὐτῷ,
2748 2832 2831 2884 ὅτι
2861 2830 2955 2884 δύο
2978 2830 3191 2902 ἡμέρας
3229 2829 3420 2896 μείνας
3458 2831 3573 2882 ἐκεῖ
3608 2826 3738 2900 παρὰ

2184 2928 2293 2989 τοῖς
2326 2921 2658 2995 Σαμαρείσι,
2690 2921 2828 2994 μετὰ
2858 2921 3060 2985 ταύτας
3098 2919 3318 2993 ἐξῆλθεν
3357 2921 3441 2983 εἰς
3485 2919 3579 2992 τὴν
3604 2917 3738 2971 Γαλι⁸

2183 3018 2359 3081 λαίαν,
2395 3017 2490 3073 καὶ
2509 3014 2943 3088 ἀναγέγραπται.
2971 3013 3049 3077 ὡς
3072 3013 3267 3068 νεωστὶ
3291 3010 3385 3067 τοῦ
3419 3012 3607 3083 Πάσχα
3626 3027 3739 3082 apo-

2185 3110 2572 3180 γεγενημένου,
2594 3107 2691 3162 καὶ
2716 3106 2823 3161 τῶν
2849 3106 2909 3159 ὲν
2951 3104 3343 3179 Ἱεροσολύμοις
3361 3103 3742 3177 πεπραγμένων

2187 3202 2358 3273 αὐτῷ,
2390 3203 2480 3255 ὅτε
2509 3195 2671 3272 ἦλθεν
2699 3201 2779 3262 εἰς
2811 3197 2912 3269 τὴν
2945 3194 3257 3262 Γαλιλαίαν,
3298 3194 3551 3261 ἐδέξαντο
3599 3190 3739 3247 αὐτὸν

2174 3296 2240 3352 ,οἱ
2266 3292 2555 3357 Γαλιλαῖοι,
2582 3290 2760 3345 πάντα
2788 3288 3093 3361 ἑωρακότες
3129 3288 3232 3342 ὅσα
3265 3287 3523 3358 εποίησεν
3555 3287 3610 3338 ἐν
3654 3284 3740 3337 'ls-

2193 3386 2530 3461 ροσολύμοις,
2580 3385 2638 3437 ἐν
2673 3385 2738 3455 τῇ
2787 3383 2948 3454 ἑορτῇ
2968 3398 2982 3411 °
3026 3381 3123 3435 καὶ
3146 3380 3303 3435 αὐτοὶ
3329 3379 3445 3451 γὰρ
3484 3375 3638 3451 ἦλθον
3673 3376 3741 3437 εἰς

2186 3482 2287 3554 τὴν
2332 3480 2547 3552 ἑορτήν.
2605 3475 2745 3530 Ἀλλ’
2790 3474 2958 3538 είκὺς,
2996 3474 3080 3528 δτι
3127 3474 3245 3547 έρεῖ
3282 3489 3368 3536 τις
3412 3471 3554 3544 πρὸς
3592 3468 3738 3523 ταῦτα

2187 3572 2341 3629 οὐδὲν
2372 3572 2562 3626 λυπεῖν
2591 3568 2812 3623 πλείονα
2846 3567 3008 3621 αὐτὸν
3049 3564 3404 3639 διατρίψαντα
3447 3566 3508 3619 ὲν
3532 3565 3593 3634 τῇ
3629 3562 3740 3623 ’1ου-

2187 3666 2313 3736 δαία
2339 3664 2530 3738 χρόνον
2556 3660 2869 3732 ἐληλυθέναι
2912 3658 3006 3712 ἐπὶ
3052 3657 3150 3729 τὴν
3190 3655 3373 3728 πηγὴν
3406 3655 3508 3710 τοῦ
3549 3650 3742 3718 Ἰακὼϐ,

2188 3759 2419 3815 ἀπιόντα
2437 3759 2518 3820 είς
2547 3754 2646 3827 τὴν
2676 3751 2986 3817 Γαλιλαίαν,
3026 3769 3046 3802 ι
3078 3751 3206 3803 Ὅτε
3235 3748 3318 3802 ἔτι
3346 3747 3696 3820 τετράμηνος,
3723 3760 3738 3791 ι

2187 3845 2362 3914 εἶπεν,
2391 3866 2411 3900 ι
2450 3847 2531 3910 είς
2560 3845 2650 3899 τὸν
2690 3841 2978 3914 θερισμόν·
3034 3859 3056 3892 ι
3095 3841 3190 3895 καὶ⁹
3218 3839 3371 3897 οὐδὲν
3404 3836 3604 3892 ἄτοπόν
3646 3836 3745 3888 ἐστι

2187 3942 2313 4004 τοὺς
2337 3937 2653 4001 Γαλιλαίους
2682 3934 2770 3989 διὰ
2793 3934 2864 3988 τὰ
2906 3933 2999 3988 ἐπὶ
3036 3932 3145 3986 τῶν
3189 3931 3381 4003 πρώην
3418 3930 3605 4002 μηνῶν
3646 3926 3745 3998 (56)

2187 4028 2337 4101 αὐτῷ
2373 4029 2640 4099 γενόμενα
2685 4026 2744 4079 ὲν
2802 4023 3191 4096 Ἰεροσολύμοις
3234 4019 3634 4094 παραδέχεσθαι
3663 4017 3746 4071 αὺ-

2187 4123 2298 4177 τόν.
2335 4120 2567 4176 Λεκτέον
2603 4117 2662 4172 δὲ
2688 4116 2826 4190 πρὸς
2850 4116 3066 4181 αὐτοὺς,
3092 4116 3173 4169 ὅτι
3216 4114 3656 4186 παραγενόμενος
3679 4110 3746 4171 εἰς

2188 4213 2286 4286 τὴν
2326 4210 2615 4266 Γαλιλαίαν
2647 4204 2810 4281 ἦλθεν
2849 4209 2943 4272 εἰς’
2968 4207 3068 4279 τὴν
3115 4206 3275 4260 Κανᾶ
3318 4204 3419 4275 τῆς
3458 4200 3745 4263 Γαλιλαίας,

2186 4306 2320 4359 ὅπου
2347 4303 2606 4375 πρότερον
2633 4300 2899 4370 πεποίηκε
2927 4299 2990 4353 τὸ
3022 4298 3167 4370 ὕδωρ
3196 4293 3357 4361 οἶνον,
3391 4295 3527 4350 ἔνθα
3563 4295 3651 4349 καὶ
3669 4292 3746 4345 τὸν

2186 4394 2281 4450 τοῦ
2303 4391 2581 4465 βασιλικοῦ
2617 4391 2732 4446 υἱὸν
2768 4389 3030 4445 νοσοῦντα
3070 4390 3128 4442 ὲν
3172 4389 3237 4459 τῇ
3278 4386 3653 4459 Καφαρναοὺμ
3683 4382 3743 4434 είο

2189 4487 2306 4542 πὼν
2342 4486 2421 4559 τῷ
2462 4484 2633 4557 πατρὶ
2671 4482 2873 4538 αὑτοῦ·
2912 4502 2930 4535 i
2981 4482 3040 4535 '0
3083 4479 3199 4544 υἱός
3232 4495 3327 4533 σου
3368 4478 3462 4549 ζῇ,
3508 4496 3528 4530 i
3572 4473 3747 4545 ὲθερά⁹

512 4574 563 4624 in
594 4570 917 4640 Capharnao
942 4570 1190 4633 curavit,
1221 4570 1364 4639 patri
1406 4569 1575 4640 ipsius
1604 4572 1794 4628 dicens
1821 4594 1833 4629 :
1867 4592 1887 4624 ι
1919 4572 2084 4630 Filius

2190 4594 2389 4632 πευσε’
2415 4578 2529 4640 καὶ,
2570 4595 2590 4628 ι
2630 4574 2785 4630 Μετὰ
2810 4572 2984 4628 ταῦτα
3018 4567 3086 4643 ἦν
3115 4570 3277 4642 ἑορτὴ
3307 4567 3416 4623 τῶν
3472 4562 3746 4624 Ἰουδαίων,

510 4673 635 4718 tuus
657 4663 791 4717 vivit
817 4662 899 4731 ⁸’;
934 4681 953 4715 ι
991 4672 1074 4726 et,
1118 4680 1138 4714 i
1175 4660 1369 4718 Postea
1399 4663 1656 4720 cratdies
1678 4663 1851 4722 festus
1879 4664 2091 4722 Iudaeo-

509 4770 662 4818 runi,
693 4764 748 4810 et
791 4755 1042 4809 ascendit
1082 4752 1240 4809 Iesus
1284 4753 1768 4826 Ierosolymani",
1808 4774 1827 4809 ι
1872 4759 2089 4828 quando

507 4844 866 4915 paralyticum
900 4856 1025 4900 octo
1056 4856 1111 4901 et
1142 4845 1364 4915 triginta
1393 4862 1564 4902 annos
1605 4847 1894 4904 habentem
1940 4863 2001 4903 se
2034 4850 2088 4904 iu

507 4937 834 4991 inﬁrmitate
857 4937 1085 4991 curavit.
1121 4937 1203 4991 An
1233 4952 1361 4992 vero
1389 4938 1478 4992 hic
1509 4938 1626 4994 dies
1653 4936 1825 4995 festus
1853 4939 2091 4995 Pascha-

506 5031 581 5085 tis
607 5035 760 5092 erat,
800 5043 905 5081 non
931 5028 1151 5083 additur
1187 5044 1383 5085 nomen
1418 5029 1568 5098 ejus;
1603 5041 1865 5101 urgetque
1906 5030 2080 5087 series

2187 4669 2281 4724 καὶ
2308 4667 2475 4738 ἀνέϐη
2507 4667 2536 4719 ὁ
2578 4663 2781 4737 Ἰησοῦς
2805 4665 2885 4729 είς
2921 4661 3288 4734 Ἱεροσόλυμα,
3314 4679 3333 4712 ι
3364 4659 3457 4713 ὅτε
3493 4657 3585 4711 τὸν
3617 4651 3743 4725 τριὰο

2186 4779 2349 4816 κοντα
2377 4757 2521 4813 ὀκτὼ
2560 4758 2654 4829 ἐτη
2686 4755 2876 4828 ἔχοντα
2914 4755 2972 4808 ὲν
3005 4756 3073 4826 τῇ
3109 4750 3362 4823 ἀσθενείᾳ
3399 4744 3750 4820 παραλυτικὸν

2185 4853 2575 4926 ἐθεράπευσεν.
2624 4851 2750 4904 Ἐὰν
2784 4848 2844 4902 δὲ
2876 4847 3015 4919 αὐτὴ
3055 4849 3089 4917 η
3133 4844 3297 4917 ἑορτὴ
3331 4843 3427 4898 τοῦ
3451 4842 3641 4912 Πάσχα
3660 4833 3747 4926 (ἢν,

2185 4941 2247 4995 οὐ
2274 4924 2593 5012 πρόσκειται
2629 4939 2691 4992 τὺ
2717 4937 2890 5008 ὄνομα
2932 4935 3137 5006 αὐτῆς
3192 4935 3519 5005 στενοχωρεῖ
3561 4945 3620 4982 τε
3646 4924 3748 4998 (57)

2188 5032 2252 5086 τὸ
2282 5030 2573 5087 ἀκόλουθον
2609 5030 2709 5102 τῆς
2758 5028 3019 5100 ἱστορίας,
3064 5026 3158 5082 καὶ
3200 5026 3435 5099 μάλιστα
3474 5026 3599 5078 ἐπεὶ
3643 5020 3749 5096 μετ’

576 5215 794 5274 “Ioan.
818 5215 958 5283 ",1.
1016 5211 1436 5281 “Ioau.iu,l.
1504 5213 1554 5248 “
1578 5212 1908 5282 Ioan.iv,l.
1962 5219 2010 5252 ⁸⁸
2032 5220 2084 5276 ib

2188 5219 2279 5277 ss.
2336 5209 2785 5278 "ibid.43,45.
2845 5206 3047 5263 "ibid.
3078 5205 3167 5261 so.
3227 5203 3465 5260 “Ioan.
3499 5205 3596 5270 v,i
3638 5213 3749 5270 seq.

506 5399 1119 5473 oblitterataﬂcodicum
1165 5395 1339 5473 -Regii
1402 5406 1450 5454 et
1511 5397 1792 5454 Barberini
1855 5402 2083 5473 vestigia

508 5469 803 5540 praeferant
826 5469 946 5541 ἦτοι
968 5467 1336 5539 ἀκηκούοντα.

466 5610 473 5617 .
510 5629 557 5631 __
582 5558 695 5631 (55)
731 5556 1031 5631 Ἰωάννηςζ
1068 5557 1435 5631 δςτίὺειιιιιιηι
1462 5558 1681 5631 videtur
1718 5558 1751 5631 ἢ
1807 5559 2080 5631 Ἰωάννης.

509 5628 636 5752 El?!
663 5630 716 5684 in
768 5629 955 5684 codice
1000 5628 1293 5685 Bodleiano
1336 5629 1535 5699 legitur
1583 5628 1780 5702 ἀφίησι
1818 5630 1915 5701 τὴν
1955 5628 2085 5686 Ἰου-

506 5717 572 5752 οα
598 5716 682 5753 αν.

517 5794 660 5877 ’,(54)
681 5793 850 5850 Codd.
880 5791 1204 5848 Bodleianus
1234 5803 1289 5848 ct
1315 5758 1667 5862 Barbcriniis,
1695 5794 1818 5867 61‘s;
1858 5793 2080 5864 Regius,

514 5880 612 5920 οτι.

2256 5397 2368 5523 $55)
2393 5396 2642 5479 Χρόνον.
2680 5390 2838 5448 Deest
2873 5392 2930 5476 in
2956 5391 3114 5449 codd.
3149 5390 3318 5464 Regio
3348 5399 3402 5447 et
3434 5385 3751 5452 Barberino,

2320 5475 2624 5522 restituitur
2650 5479 2681 5519 e
2702 5463 3016 5522 Bodleiano.

2193 5463 2287 5525 sed
2320 5463 2624 5522 restituitur
2650 5479 2681 5519 e
2702 5463 3016 5522 Bodleiano.

2260 5556 2546 5626 (56)7’E:zl
2568 5555 2688 5609 τῶν
2709 5552 2916 5626 πρώτῃρ
2955 5551 3186 5626 pant.
3247 5550 3340 5626 Sic
3393 5563 3544 5626 recte
3590 5548 3753 5626 haliet

2187 5616 2709 5711 coitcs'Bodleianus
2728 5616 2832 5691 {in
2860 5616 3037 5695 Regio
3063 5634 3118 5680 et
3148 5621 3436 5680 Bodleiano
3471 5622 3626 5677 deest
3664 5616 3753 5671 ἐπὶ

2404 5787 2575 5844 Codd.
2606 5785 2931 5859 Boilleianus
2958 5795 3013 5840 et
3036 5785 3368 5845 Barbcrinus
3384 5826 3400 5855 ο
3434 5780 3755 5857 στενοχωρεῐ

2190 5857 2282 5915 sc‘
2314 5857 2535 5923 Regius.
2571 5858 3003 5923 στενογωρεῖται.
