3878 6210
520 384 618 438 ιτι

1961 370 2281 428 ORlGENlS
3648 376 3725 433 ιη

523 507 687 558 etiam
710 503 976 574 sphaeram
1003 499 1255 565 transire,
1284 513 1403 569 qum
1438 499 1657 568 quidem
1703 495 1842 567 ignis
1879 495 2078 564 sphaera

2193 508 2278 548 ναι
2310 490 2444 562 (65),
2494 491 2569 563 μὴ
2610 489 2982 563 καταφθαρείς
3023 490 3128 545 ὑπὸ
3167 490 3266 561 τῆς
3314 490 3594 561 ἁμαρτεας,
3627 494 3724 561 ἥτις

524 597 749 650 materia
782 603 867 650 cst
898 594 1138 649 universi
1186 594 1310 648 in...
1435 593 1585 646 llunc
1626 589 1959 659 opinionem,
1991 601 2090 642 cett

524 699 630 739 non
668 699 882 748 sanam,
935 683 1273 753 redarguens
1309 681 1544 736 \‘erbum
1596 694 1725 734 caro
1768 677 1999 740 factum,
2024 675 2091 729 ad

517 791 615 834 eos
644 777 738 849 qui
773 776 898 831 talia
950 778 1180 831 credunt
1223 776 1444 846 inquit:
1486 772 1721 829 «Nonne
1764 786 1861 826 vos
1909 769 2093 825 dicitis

517 870 662 937 quod
690 877 928 937 quatuor
970 882 1185 922 menses
1224 876 1375 933 stmt,
1410 875 1466 922 et
1505 866 1698 923 messis
1732 862 1920 919 venit?
1951 862 2092 917 Ecce

515 963 640 1019 dico
666 961 855 1015 vobis:
888 959 1089 1015 chate
1115 961 1303 1017 oculos
1338 972 1571 1028 vestros,
1603 970 1658 1016 et
1688 960 1869 1014 videte
1908 958 2086 1027 regio-

519 1071 619 1112 nes
647 1057 760 1126 jam
806 1055 957 1111 albas
999 1069 1123 1110 esse
1151 1055 1219 1107 ad
1244 1067 1501 1109 messem.
1541 1072 1561 1106 ι
1623 1051 1836 1108 Etenim
1883 1051 2091 1104 incom-

512 1147 883 1218 preliensibile
917 1145 1073 1201 nobis
1105 1146 1324 1201 videtur
1355 1160 1479 1201 eum
1508 1146 1576 1200 de
1602 1159 1706 1199 una
1727 1144 1972 1199 mcssein
2005 1141 2090 1195 his

512 1239 772 1295 omnibus
804 1237 1098 1300 disserere,
1126 1237 1563 1307 quandoquidem
1595 1235 1867 1291 sententia
1899 1247 2086 1288 eorum

513 1334 606 1403 qui
635 1330 939 1402 simplicius
984 1336 1289 1399 exponunt,
1318 1342 1447 1383 vera
1474 1327 1758 1396 loquentes
1790 1320 2087 1391 discipulos

511 1426 761 1497 obiurgat
794 1424 1078 1488 Dominus,
1109 1421 1514 1485 existimantes,
1552 1428 1613 1473 ut
1643 1417 1700 1474 hi
1733 1424 1943 1488 putant,
1965 1422 2088 1483 post

509 1528 765 1588 quartum
790 1532 1032 1572 mensem
1060 1526 1343 1571 venturam
1370 1528 1623 1579 messem,
1658 1526 1819 1582 quam
1851 1509 1904 1564 in
1928 1523 2087 1578 stipe-

510 1611 750 1668 rioribus
811 1609 1193 1687 proposuimus
1254 1622 1361 1663 non
1414 1603 1703 1661 admodum
1758 1617 1920 1673 posse
1966 1612 2087 1672 post

509 1710 766 1771 quartum
797 1712 1042 1753 mensem
1071 1697 1394 1753 consistere.
1418 1696 1672 1764 Alioquin
1697 1693 2082 1761 discipulorum

507 1792 671 1846 etiam
723 1790 1033 1859 opinionem
1080 1788 1196 1843 fere
1230 1787 1543 1854 corrigens,
1586 1784 1801 1855 inquit:
1847 1782 2081 1838 «Nonne

463 1883 471 1889 “
506 1896 606 1936 vos
636 1900 655 1933 ι
690 1880 909 1949 quidem
958 1880 1062 1934 hoc
1091 1894 1111 1929 ι
1144 1876 1365 1933 dicitis?
1388 1894 1409 1929 ι
1445 1878 1517 1930 At
1550 1888 1653 1943 ego
1686 1874 1789 1929 hoc
1824 1874 1972 1929 dico.
1996 1872 2077 1927 Ad

507 1976 627 2029 haec
644 1971 920 2043 quomodo
949 1970 1242 2026 absurdum
1269 1984 1374 2024 non
1398 1978 1482 2024 est
1508 1966 1798 2039 allegorice
1823 1965 1997 2037 palam
2024 1964 2079 2020 in

505 2065 760 2120 omnibus
787 2062 1065 2132 explicare
1095 2062 1201 2117 hoc
1228 2061 1431 2115 dictum
1456 2077 1470 2114 :
1505 2078 1524 2111 ι
1551 2057 1750 2112 Levate
1778 2058 1965 2112 oculos
1985 2072 2081 2113 ve-

505 2165 683 2219 stros;
713 2170 731 2204 ι
773 2160 828 2206 et
859 2152 963 2205 hoc
993 2170 1007 2205 :
1046 2166 1067 2201 ι
1105 2149 1298 2205 Videte
1329 2149 1582 2219 regiones
1613 2145 1727 2214 jam
1770 2144 1923 2202 albas
1958 2161 2081 2201 esse

505 2245 573 2299 θυι
616 2257 888 2308 messem;
919 2260 939 2294 ι
976 2242 1031 2295 in
1074 2256 1140 2296 eo
1169 2254 1301 2296 vero
1343 2239 1488 2308 quod
1537 2248 1662 2301 ante
1704 2238 1806 2292 hoc
1836 2238 2074 2306 positum

502 2342 607 2402 est,
642 2348 873 2403 nempe:
918 2351 938 2385 ι
965 2328 1156 2386 Nonne
1183 2344 1283 2386 vos
1330 2330 1512 2385 dicitis
1554 2330 1701 2399 quod
1737 2330 1911 2384 adhuc
1937 2342 2080 2397 qua-

505 2437 633 2479 tuor
658 2438 875 2480 menses
892 2431 1040 2488 sunt,
1070 2430 1126 2478 et
1150 2421 1343 2477 messis
1364 2421 1531 2487 venit,
1555 2440 1574 2470 ι
1604 2421 1744 2475 idem
1771 2420 2076 2475 faciendum

503 2531 612 2571 non
638 2514 903 2572 censere?

572 2691 665 2746 41.
701 2691 957 2747 Attamen
1010 2687 1334 2752 Hcracleon,
1371 2703 1476 2743 non
1510 2702 1673 2743 secus
1704 2698 1869 2758 atque
1896 2687 2074 2751 multi,

503 2783 700 2838 litterae
754 2781 980 2846 assidet,
1042 2790 1193 2835 ratus
1258 2795 1380 2835 eam
1440 2781 1796 2851 anagogicum
1855 2793 2077 2835 sensum

507 2890 614 2927 non
660 2873 923 2943 recipere.
980 2870 1159 2944 lnquit
1190 2888 1324 2944 ergo
1358 2872 1542 2929 Iesum
1600 2872 1748 2942 loqui
1790 2871 1859 2928 de
1898 2885 2078 2934 messe

511 2978 698 3020 eorum
745 2964 837 3034 qui
893 2975 1244 3034 generantur,
1278 2967 1507 3035 perinde
1532 2966 1687 3035 quasi
1731 2965 1847 3020 haec
1883 2963 2077 3020 messis

504 3058 743 3126 spatium
764 3066 1003 3126 quatuor
1030 3056 1207 3113 adhuc
1241 3058 1507 3115 mensium
1531 3057 1955 3115 determinatnm
1979 3055 2078 3110 ba-

500 3148 651 3211 bcat,
681 3162 843 3216 quam
871 3148 988 3216 ipse
1015 3147 1361 3215 dicebatjam
1392 3148 1555 3219 252
1580 3148 1803 3204 instare.
1830 3146 1942 3203 Nec
1962 3148 2077 3204 scio

502 3256 612 3306 quo
636 3248 799 3307 pacto
833 3240 997 3295 etiam
1032 3252 1268 3295 messem
1288 3239 1680 3309 interpretatus
1698 3240 1770 3297 sit
1799 3240 1868 3295 de
1893 3237 2076 3295 anima

500 3331 869 3394 credentium,
918 3329 1106 3385 dicens
1155 3345 1250 3385 eos
1273 3329 1382 3400 iam
1416 3338 1657 3384 maturos
1683 3337 1740 3383 et
1769 3338 1989 3399 paratos
2008 3328 2078 3385 ad

502 3436 735 3478 messem
765 3436 910 3489 esse,
943 3431 1106 3490 atque
1144 3421 1310 3476 etiam
1360 3420 1586 3477 idoneos
1618 3420 1708 3490 qui
1752 3421 2079 3477 inducantur

500 3513 554 3567 in
582 3513 861 3577 horreum.
894 3512 995 3571 hoc
1018 3522 1099 3567 est
1121 3527 1217 3582 per
1242 3511 1404 3571 (idem
1437 3512 1491 3567 in
1519 3511 1793 3583 quietem;
1826 3512 1873 3566 si
1899 3520 2076 3569 tamen

499 3605 609 3660 sint
634 3604 832 3674 parati,
855 3619 955 3661 nec
978 3605 1127 3667 enim
1155 3618 1351 3661 omnes
1373 3605 1548 3673 parati
1575 3614 1735 3661 sunt:
1765 3622 1786 3656 ι
1810 3620 1932 3660 nam
1961 3605 2078 3661 ani-

500 3712 714 3753 marum
749 3698 945 3767 aliquae
968 3705 1174 3766 paratae
1202 3697 1442 3763 fuerant,
1474 3697 1674 3766 inquit,
1698 3700 1890 3769 aliquae
1919 3707 2078 3753 erant

496 3802 557 3842 se
596 3798 977 3858 praeparatum
1015 3784 1249 3859 [nempe
1303 3786 1408 3845 illa:
1450 3786 1709 3860 animm],
1767 3798 1824 3844 et
1882 3787 2077 3857 aliqua:

498 3877 718 3944 quidem
755 3876 867 3942 jam
909 3879 1273 3941 seminantur,
1310 3875 1534 3949 [aliquas
1570 3893 1700 3933 vero
1743 3878 2076 3933 seminandus

497 3978 647 4025 Slllll.
672 3966 733 4039 ι]
767 3968 893 4023 llaec
915 3969 1266 4037 quidemille.
1300 3972 1406 4025 Sed
1430 3971 1618 4025 nescio
1650 3985 1719 4025 an
1745 3970 1860 4039 ipse
1893 3979 2077 4025 osten-

497 4061 629 4114 dere
664 4058 838 4128 possit
859 4059 1134 4129 quomodo
1171 4061 1428 4130 discipuli
1467 4061 1745 4119 clevantes
1772 4061 1957 4118 oculos
1990 4061 2073 4117 vi-

496 4150 630 4204 dere
675 4149 885 4216 possint
930 4148 1144 4205 animas
1178 4148 1291 4220 jam
1344 4151 1570 4207 idoneas
1624 4153 1976 4217 exsistentes,
2019 4160 2077 4207 ut

458 4284 461 4287 λ
496 4249 685 4311 putat,
718 4248 779 4296 ut
812 4239 867 4297 in
894 4240 1148 4299 horreum
1177 4241 1545 4299 inducantur:
1575 4243 1705 4313 quin
1735 4244 1903 4299 etiam
1936 4258 2072 4315 quo-

454 4384 461 4392 .
496 4332 662 4388 modo
688 4333 754 4388 de
784 4331 1069 4387 animabus
1097 4347 1283 4389 verum
1326 4343 1413 4389 est
1457 4336 1600 4389 hoc:
1633 4354 1653 4387 ι
1675 4335 1834 4390 Alius
1860 4345 1945 4391 est
1980 4336 2074 4404 qni

452 4454 461 4462 -
495 4425 820 4488 seminat,et
834 4422 975 4478 alius
993 4426 1187 4492 estqui
1211 4423 1542 4491 mctit“—“;
1571 4444 1592 4477 ι
1620 4435 1678 4483 et
1701 4426 1832 4483 illud
1860 4442 1875 4478 :
1912 4444 1932 4478 ι
1965 4426 2075 4496 Ego

494 4517 619 4573 misi
645 4530 741 4572 vos
773 4518 840 4573 ad
871 4517 1178 4575 metendum
1204 4518 1346 4587 quod
1374 4532 1469 4573 vos
1496 4534 1602 4574 non
1625 4520 1921 4576 laborastis
1941 4519 2020 4573 ‘3:
2047 4540 2066 4574 ι
2104 4514 2149 4570 1)

493 4610 767 4678 quomodo
792 4611 959 4667 etiam
991 4611 1108 4667 ﬁeri
1141 4623 1320 4682 potest
1342 4620 1402 4666 ut
1427 4611 1558 4669 illud
1592 4612 1659 4669 de
1694 4612 1875 4667 anima
1908 4614 2071 4668 intel-

492 4700 733 4772 ligatur:
771 4721 791 4755 ι
824 4702 930 4759 Alii
954 4704 1362 4772 laboraverunt,
1390 4714 1444 4761 et
1470 4720 1565 4760 vos
1595 4706 1649 4763 in
1680 4706 1919 4763 laborem
1944 4705 2070 4761 illo-

492 4809 613 4848 rum
666 4794 1009 4851 introistis?»
1039 4796 1403 4862 Quamobrem
1449 4814 1548 4868 per
1593 4813 1824 4855 messem
1856 4813 1955 4855 nos
1983 4799 2071 4855 in-

495 4886 788 4957 telligimus
817 4904 1052 4945 messem
1099 4891 1331 4955 fructus,
1361 4894 1453 4963 qui
1484 4894 1764 4965 colligitur
1807 4895 1860 4951 in
1898 4894 2064 4949 vitam

492 4989 776 5043 n-ternam,
816 4979 971 5049 juxta
1004 4982 1395 5050 perfectionem
1429 4985 1676 5049 rationis,
1707 5000 1828 5054 qum
1872 4986 1925 5039 in
1974 5001 2070 5040 no-

494 5073 734 5127 tionibus
767 5073 991 5136 uestris,
1025 5074 1251 5128 seminis
1279 5074 1475 5140 instar,
1513 5076 1753 5146 ingenita
1790 5077 1959 5131 tnulto
1988 5079 2069 5131 la-

494 5163 627 5219 bore
663 5163 961 5235 perﬁcitur.
990 5163 1258 5220 Caeterum
1285 5167 1558 5235 quomodo
1585 5167 1654 5220 ab
1691 5168 1799 5222 alio
1825 5171 2145 5240 seminatur,

562 5255 655 5310 ιε.
696 5274 715 5309 ι
738 5255 878 5312 Ecce
918 5254 1041 5312 dico
1068 5254 1253 5312 vobis:
1278 5256 1482 5313 chate
1527 5258 1716 5319 oculos
1744 5268 1981 5328 vestros,
2008 5273 2064 5319 et

565 5389 691 5430 σι-ει
717 5388 879 5446 Joan.
908 5404 986 5452 ιν.
1017 5389 1112 5446 57.
1187 5390 1233 5423 οι
1264 5390 1397 5447 ibid.
1427 5392 1521 5451 σε.

567 5507 679 5578 (65)
710 5509 1010 5593 Διαβῇναι.
1040 5512 1619 5593 Exciditecodicibus
1646 5517 1821 5593 Regio
1845 5533 1902 5578 et
1934 5524 2067 5578 Bar-

498 5580 708 5652 licrtnu,
735 5582 828 5652 sed
856 5583 1125 5652 legitnrjtt
1157 5583 1472 5642 Bodleiano.

545 5648 1283 5732 .(66)‘Cptlcx'liodlcianus,
1333 5655 1597 5714 ἀδύνατον
1645 5663 1776 5732 ἡμῖν
1823 5658 2073 5731 φαίνεται

500 5720 573 5788 μὴ
604 5720 730 5791 περὶ
759 5721 896 5783 ενδς,
927 5731 1037 5775 etc.

566 5791 679 5862 (07)
698 5793 923 5857 Ἄλλως
950 5807 1011 5844 τε
1030 5793 1127 5847 καὶ
1145 5797 1323 5852 οἱονεὶ
1344 5795 1475 5865 τήν.
1498 5798 1590 5855 Sit:
1616 5800 1783 5857 (odos
1817 5800 2067 5856 Bodleia-

2194 587 2342 640 ἐστὶν
2387 586 2486 660 ὑλη
2529 586 2624 640 τοῦ
2655 587 2857 651 παντὸς
2900 589 2957 641 ὲν
2986 588 3100 650 τοῖς
3131 585 3237 657 πρὸ
3275 585 3458 656 τῆς....
3494 584 3724 657 αἱθερίους

2191 678 2454 742 τόπους...
2500 678 2735 750 χωρίοις.
2784 677 3000 749 Ταύτην
3030 676 3088 730 δὲ
3118 676 3218 748 τὴν
3264 674 3522 748 ὑπόληψιν
3556 677 3725 747 διελέγο

2192 786 2301 838 χων
2328 769 2404 832 ὡς
2434 770 2532 840 οὑχ
2561 770 2689 840 ὑγιῆ
2722 786 2885 840 φησιν
2913 771 2941 822 ὁ
2971 767 3263 838 γενόμενος
3296 765 3434 838 σὰρξ
3460 767 3618 836 Λόγος
3635 772 3725 833 cui;

2191 858 2360 912 ταῦτα
2391 859 2669 930 νομίζουσι
2698 859 2758 913 τό
2778 875 2791 889 ·
2833 878 2851 910 ι
2878 859 2992 929 υὺχ
3019 859 3178 928 ὑμεῖς
3218 854 3429 924 λέγετε,
3453 858 3534 910 ὅτι
3562 858 3723 928 τετρά-

2194 952 2360 1021 μηνός
2393 952 2529 1017 εστι,
2559 951 2654 1005 καὶ
2674 953 2702 1003 ὁ
2728 951 2984 1022 θερισμὶς
3014 949 3267 1022 ἔρχεταις
3300 949 3409 1005 ἰδοὺ
3437 949 3574 1018 λέγω
3599 948 3719 1019 ὑμῖν

2203 1043 2475 1113 Ἐπὰρατε
2497 1044 2623 1106 τοὺς
2649 1041 2964 1113 ὀφθαλμοὺς
3008 1041 3182 1112 ὑμῶν,
3225 1040 3323 1095 καὶ
3362 1038 3615 1094 θεάσασθε
3644 1038 3721 1103 τὰς

2190 1136 2393 1206 χώρας,
2418 1134 2497 1188 ὅτι
2526 1134 2716 1188 λευκαί
2745 1135 2853 1188 εἱσι
2881 1134 3016 1203 πρὸς
3046 1133 3309 1206 θερισμὸν
3337 1129 3456 1204 ἠδη.
3483 1151 3502 1182 ι
3526 1130 3724 1202 Καὶγὰρ

2188 1225 2498 1294 ἀδιανόητον
2547 1218 2678 1296 ἡμῖν
2724 1225 2973 1294 φαίνεται
3029 1224 3157 1296 περὶ
3213 1225 3330 1286 ἐνὸς
3347 1221 3459 1295 (66)
3490 1222 3639 1276 αὑτὸν
3676 1224 3724 1277 ὲν

2188 1314 2395 1378 τούτοις
2427 1316 2559 1368 πᾶσι
2590 1315 2975 1387 διαλαμϐάνειν
3019 1314 3304 1387 θερισμοῦ,
3341 1313 3563 1385 ἐπείπερ
3607 1312 3725 1367 κατὰ

2185 1405 2312 1467 τοὺς
2369 1404 2729 1478 ἁπλούστερον
2777 1405 3163 1477 ἐκδεχομένους
3241 1404 3440 1475 ἀληθὲς
3508 1403 3723 1460 λέγουσιν

2186 1490 2478 1560 ἐπιπλῆξαι
2534 1499 2647 1560 τοῖς
2701 1496 2970 1568 μαθηταῖς
3019 1496 3350 1568 νομίζουσιν,
3397 1496 3471 1560 ὡς
3518 1495 3723 1557 οἴονται,

2188 1585 2329 1656 μετὰ
2363 1587 2701 1660 τετράμηνον
2741 1587 2995 1660 ἔρχεσθαι
3038 1587 3130 1642 τὸν
3173 1587 3453 1660 θερισμὸν,
3484 1588 3654 1642 ὅντινα
3678 1589 3725 1640 ὲν

2184 1681 2298 1743 τοῖς
2323 1680 2430 1750 πρὸ
2462 1680 2668 1737 τούτων
2699 1682 3125 1753 παρεστήσαμεν
3153 1680 3231 1751 μὴ
3256 1681 3400 1735 πάνυ
3424 1697 3477 1733 τι
3504 1680 3727 1734 δύνασθαι

2191 1769 2691 1843 μετιϊτετράμηνον
2728 1771 3111 1844 ὲνστήσεσθαι·
3150 1770 3326 1835 ἄλλως
3365 1788 3426 1824 τε
3462 1771 3557 1826 καὶ
3592 1772 3729 1824 οἱονεὶ

2189 1862 2289 1931 τὴν
2314 1861 2428 1933 (67)
2469 1862 2719 1917 ὑπόνοιαν
2755 1862 2864 1917 τῶν
2915 1861 3174 1933 μαθητῶν
3215 1860 3588 1934 διορθούμενός
3619 1878 3729 1933 φησι

2185 1951 2276 2006 τόν
2313 1972 2331 2005 ι
2361 1953 2472 2029 Ωὑχ
2503 1954 2660 2024 ὑμεῖς
2680 1972 2698 2004 ι
2744 1952 2843 2024 μὲν
2887 1952 3005 2006 τόδε
3056 1972 3075 2004 ι
3101 1952 3330 2021 λέγετε;
3357 1972 3375 2004 ι
3412 1952 3524 2022 ἐγὼ
3557 1952 3609 2007 δὲ
3629 1953 3731 2007 τόδε

2188 2041 2351 2113 φημί.
2384 2041 2531 2112 Πρὸς
2556 2043 2764 2106 τούτοις
2797 2042 2915 2107 πῶς
2944 2043 3045 2095 οὑκ
3065 2042 3264 2096 ἄτοπον
3291 2041 3355 2095 τὺ
3386 2041 3485 2113 μέν
3504 2060 3519 2074 ο
3551 2041 3731 2097 (Ἐπά-

2189 2149 2320 2203 pars
2344 2135 2471 2197 τοὺς
2497 2133 2808 2205 ὀφθαλμοὺς
2834 2135 2864 2187 ὑ
2872 2134 3009 2205 μῶν,
3032 2153 3051 2186 ι
3077 2134 3219 2188 κατά
3254 2134 3431 2188 πάντα
3457 2134 3730 2206 ἀλληγορῆο

2188 2240 2278 2279 σαι
2306 2221 2512 2292 σαφῶς,
2545 2224 2645 2277 καὶ
2685 2224 2775 2277 τό·
2813 2243 2830 2276 ι
2857 2222 3134 2279 Θεάσασθε
3164 2222 3266 2287 τὰς
3295 2221 3500 2294 χώρας,
3531 2223 3607 2276 ὅτι
3632 2222 3731 2274 λευο

2187 2313 2279 2367 καί
2298 2314 2406 2367 εἰει
2427 2314 2563 2385 πρὸς
2587 2312 2845 2385 θερισμὸν
2869 2313 2970 2386 ἢδη
2991 2331 3005 2345 ⁸
3033 2333 3052 2367 ι
3076 2314 3138 2368 τδ
3166 2314 3225 2367 δὲ
3254 2314 3356 2386 πρὸ
3387 2313 3578 2367 τούτου
3602 2314 3732 2384 £916-

2188 2421 2346 2475 μνον
2373 2402 2531 2458 τοῦτο
2551 2403 2684 2477 (68)·
2724 2424 2742 2456 ι
2771 2405 2884 2476 υὺχ
2918 2407 3078 2476 ὑμεῖς
3118 2404 3327 2473 λέγετε,
3351 2405 3434 2457 ὅτι
3458 2402 3544 2457 ἐτι
3567 2404 3733 2473 τετράο

2187 2495 2354 2566 μηνός
2387 2496 2523 2560 ἐστι,
2552 2496 2647 2549 καὶ
2672 2497 2701 2549 ὁ
2719 2494 2974 2570 θερισμὸς
2991 2493 3261 2569 {plerum
3284 2495 3360 2568 μὴ
3385 2494 3733 2567 ἀλληγορικῶς

2183 2585 2433 2641 ἐκλαϐεῖν
2453 2602 2468 2653 ;

2254 2699 2342 2756 41.
2379 2701 2490 2755 Καὶ
2528 2702 2559 2754 ὁ
2604 2700 2916 2774 Ἡρακλέων
2959 2701 3208 2772 μέντοιγε
3249 2701 3453 2773 ὁμοίως
3484 2703 3596 2766 τοῖς
3625 2701 3736 2753 πολ-

2183 2792 2293 2857 λοῖς
2321 2794 2413 2847 ἐπὶ
2441 2793 2539 2864 τῆς
2582 2790 2781 2858 λέξεως
2812 2791 3015 2863 ἔμεινε,
3051 2792 3128 2864 μὴ
3158 2793 3402 2864 οἰόμενος
3432 2792 3600 2863 αὐτὴν
3625 2790 3735 2845 ἀνά-

2183 2881 2398 2953 γεσθαι.
2430 2883 2570 2954 Φησὶ
2614 2883 2778 2953 γοῦν,
2826 2884 2909 2937 ὅτι
2950 2883 3043 2937 τὸν
3077 2882 3186 2937 τῶν
3216 2883 3575 2955 γεννημάτων
3606 2882 3735 2950 λέγει

2183 2974 2459 3047 θερισμὸν,
2489 2974 2566 3037 ὡς
2603 2974 2792 3028 τούτου
2829 2973 2927 3045 μὲν
2967 2972 3048 3026 ἔτι
3077 2973 3282 3045 διορὶαν
3310 2972 3527 3045 ἔχοντος
3567 2971 3737 3043 τετρό-

2186 3084 2354 3139 μηνον
2379 3065 2534 3120 τοῦδε
2563 3066 2845 3138 θερισμοῦ,
2878 3063 2939 3121 οὑ
2965 3065 3128 3130 αὑτὸς
3154 3067 3362 3136 ἔλεγεν,
3386 3066 3486 3138 ἤδη
3531 3064 3739 3120 ἐνεστῶ-

2105 3176 2148 3234 c
2182 3176 2295 3223 τος.
2328 3159 2439 3214 Καὶ
2468 3158 2560 3213 τὸν
2602 3158 2858 3231 θερισμὸν
2891 3159 2991 3213 οὑκ
3017 3154 3114 3213 οἶδ’
3147 3160 3296 3223 ὅπως
3328 3161 3422 3214 ἐπὶ
3450 3160 3554 3231 τῆς
3580 3154 3735 3230 ψυχῆς

2178 3252 2427 3323 ὲξείληφε
2457 3251 2564 3305 τῶν
2606 3252 2987 3317 πιστευόντων,
3023 3251 3217 3321 λέγων,
3260 3252 3343 3307 ὅτι
3388 3252 3487 3324 ἤδη
3536 3254 3738 3323 ἀκμαῖοι

2178 3348 2272 3403 καὶ
2303 3347 2509 3419 ἕτοιμοί
2541 3350 2646 3401 εἰσι
2679 3347 2817 3420 πρὸς
2853 3346 3133 3420 θερισμδν,
3166 3346 3261 3400 καὶ
3289 3345 3588 3417 ἐπιτήδειοι
3615 3343 3736 3417 πρὸς

2176 3433 2238 3486 τὸ
2274 3433 2601 3505 συναχθῆναι
2648 3437 2727 3499 εἰς
2773 3434 3078 3507 ἀποθήκην,
3109 3434 3357 3489 τουτέστι
3387 3434 3475 3489 διὰ
3524 3434 3738 3496 πίστεως

2178 3520 2259 3582 εἰς
2286 3519 2611 3585 ἀνάπαυσιν,
2641 3521 2763 3575 ὅσαι
2807 3538 2873 3590 γε
2916 3522 3145 3595 ἕτοιμοι,
3188 3522 3246 3577 οὑ
3280 3522 3390 3594 γὰρ
3419 3524 3624 3578 πᾶσαν
3656 3520 3738 3574 «αἱ

2180 3610 2280 3687 μὲν
2304 3610 2413 3681 γὰρ
2433 3610 2532 3683 ἤδη
2559 3612 2764 3684 ἕτοιμοι
2789 3608 2950 3684 ἦσαν,
2979 3613 3164 3685 φησὶν,
3206 3614 3262 3668 αί
3294 3613 3353 3667 δὲ
3380 3612 3631 3683 ἔμελλον-
3661 3612 3739 3667 καὶ

2176 3702 2231 3754 αἱ
2262 3702 2359 3772 μὲν
2390 3701 2692 3773 μέλλουσιν,
2731 3705 2788 3758 αἱ
2821 3703 2877 3757 δὲ
2923 3704 3330 3775 ὲπισπείρονται
3370 3704 3492 3776 ἤδη.
3519 3724 3539 3757 ι
3574 3702 3740 3758 Ταῦτα

2181 3795 2279 3866 μὲν
2307 3789 2401 3849 οὖν
2434 3796 2639 3860 ἐκεῖνος
2671 3790 2815 3850 εἷπε.
2848 3797 2974 3861 Πῶς
3000 3796 3058 3851 δὲ
3086 3799 3134 3851 οἱ
3167 3796 3406 3868 μαθηταὶ
3438 3798 3741 3868 ἐπαίροντες

2176 3888 2303 3951 τοὺς
2350 3886 2660 3958 ὀφθαλμοὺς
2700 3888 2956 3943 δύνανται
3013 3889 3231 3958 ,λέπειν
3274 3888 3375 3953 τάς
3426 3887 3604 3959 ψυχὰς
3650 3887 3739 3959 ἠδη

2175 3977 2510 4049 ἐπιτηδείους
2541 3978 2707 4043 οὑσας
2736 3980 2872 4051 πρὸς
2907 3981 2989 4045 τὺ,
3020 3979 3097 4045 ὼς
3129 3981 3320 4045 οἴεται,
3358 3981 3436 4044 εἰς
3470 3979 3738 4050 ἀποθήκην

2176 4069 2511 4142 εἰσαχθῆναι,
2542 4072 2642 4125 οὑκ
2666 4066 2784 4126 οἶδα
2815 4073 2864 4126 εἰ
2888 4071 3111 4125 δύναται
3136 4072 3488 4145 παραστῆσαι
3505 4090 3521 4103 ο
3554 4075 3644 4127 καὶ
3669 4071 3737 4124 ἔτι

2175 4176 2237 4229 γε
2269 4159 2387 4223 πῶς
2434 4161 2529 4214 ἐπὶ
2555 4160 2664 4213 τῶν
2691 4160 2879 4232 ψυχῶν
2930 4161 3131 4234 ἀληθὲς
3162 4162 3246 4216 τό·
3282 4182 3301 4214 ι
3332 4162 3525 4227 Ἄλλος
3550 4167 3580 4218 ό
3606 4161 3741 4216 σπεί-

2176 4270 2306 4325 ρων,
2334 4253 2428 4307 καὶ
2454 4252 2612 4317 ἄλλος
2636 4257 2665 4308 ό
2697 4253 2925 4327 θερίζων
2942 4272 2957 4287 °
2984 4276 3003 4308 ι
3040 4255 3133 4311 καί
3155 4273 3170 4286 ο
3211 4276 3230 4308 ι
3268 4254 3589 4309 Ἀπέστειλα
3610 4256 3742 4326 ὑμᾶς

2175 4344 2409 4416 θερίζειν
2436 4345 2465 4399 ὃ
2495 4347 2593 4418 οὑχ
2633 4348 2792 4419 ὑμεῖς
2829 4349 3227 4405 κεκοπιάκατε’
3264 4369 3283 4401 ι
3315 4350 3437 4403 τίνα
3461 4351 3520 4404 δὲ
3556 4349 3740 4423 τρόπον

2175 4435 2235 4490 τό
2256 4452 2269 4465 ’
2311 4453 2330 4487 ι
2356 4436 2540 4491 ’Ἄλλοι
2575 4439 2958 4505 κεκοπιάκασι,
3007 4442 3102 4496 καὶ
3149 4442 3308 4514 ὑμεῖς
3340 4443 3421 4505 είς
3461 4443 3556 4496 τὸν
3587 4442 3741 4495 κόπον

2177 4526 2358 4582 αὐτῶν
2404 4528 2808 4602 εἰσεληλύθατε,
2830 4552 2850 4585 ι
2906 4533 3132 4587 δυνατόν
3180 4534 3298 4589 ἐστι
3350 4531 3741 4604 παραδέξασθαι

2177 4620 2270 4674 ἐπὶ
2314 4620 2416 4692 τῆς
2456 4620 2653 4693 ψυχῆς.
2706 4624 2898 4696 Ἡμεῖς
2945 4622 3040 4680 οῦν
3077 4625 3337 4697 θερισμὸν
3381 4624 3740 4696 συναγομένου

2176 4712 2390 4784 καρποῦ
2422 4716 2502 4780 είς
2547 4714 2693 4788 ζωὴν
2734 4715 2952 4772 αἰώνιον
2997 4717 3435 4791 ὲκλαμόάνομεν,
3473 4718 3610 4773 κατὰ
3651 4716 3743 4787 τὴν

2174 4804 2449 4861 τελείωσιν
2489 4807 2585 4861 τοῦ
2614 4809 3005 4882 σπρματικῶς
3031 4811 3353 4881 ἐγκειμένου
3382 4809 3521 4865 κατὰ
3546 4810 3644 4873 τὰς
3665 4809 3745 4862 ὲν-

2173 4897 2321 4962 νοίας
2352 4901 2482 4970 ἡμῖν
2507 4900 2666 4970 λόγου
2693 4901 2801 4955 ἀπὸ
2825 4903 3102 4975 γεωργίας
3127 4902 3372 4967 πλείονος
3402 4903 3742 4970 τετελειωμε-

2176 5008 2288 5045 νου.
2324 4992 2450 5059 Πῶς
2496 4994 2553 5047 δὲ
2586 4996 2692 5049 ὑπὸ
2726 4995 2886 5050 ἄλλου
2939 4996 3244 5069 σπείρεται,
3295 4997 3391 5050 καὶ
3440 4994 3543 5049 ὑπὸ
3587 4992 3738 5050 ἄλλου

2177 5080 2471 5153 θερίζεται,
2501 5086 2558 5138 ὲν
2591 5088 2702 5150 τοῖς
2729 5085 2856 5158 ἑξῆς
2880 5085 3271 5158 διαληψόμεθα.

2175 5188 2222 5232 et
2261 5177 2329 5230 ab
2357 5177 2464 5231 alio
2497 5180 2742 5243 metitur,
2785 5180 2839 5231 in
2866 5181 3221 5248 sequentibus
3254 5180 3601 5235 disseremus.

2240 5267 2329 5323 42.
2363 5288 2382 5321 ι
2417 5269 2547 5324 Ἰδοὺ
2592 5268 2735 5340 λέγω
2778 5271 2943 5342 ὑμῖν·
2993 5270 3269 5343 Ἐπάρατε
3295 5272 3427 5336 τοὺς
3443 5265 3740 5342 ὀφθαλμοὺς

2179 5537 2305 5586 nus,
2341 5521 2574 5592 optime;
2615 5521 2752 5577 male
2783 5536 2911 5576 vero
2940 5519 3140 5592 Regius
3165 5531 3221 5575 et
3248 5519 3596 5584 Barbcrinus,
3622 5516 3740 5572 ἀλλ’

2175 5592 2319 5646 ὥστε
2352 5586 2447 5645 καὶ
2477 5586 2588 5644 οἷον
2621 5593 2701 5655 εἰς
2737 5593 2854 5661 τὴν,
2886 5601 2991 5646 etc.

2250 5662 2365 5730 (68)
2394 5662 2513 5729 Πρὸ
2540 5663 2753 5717 τούτου
2790 5658 3124 5730 ἐρχόμενον
3148 5659 3345 5716 τοῦτο.
3377 5662 3451 5715 ita
3479 5658 3663 5729 legitur
3686 5658 3738 5712 in

2176 5733 2454 5804 codicibus
2478 5731 2772 5804 Bodleiano
2795 5748 2858 5785 ac
2883 5733 3211 5804 Burlierino.
3243 5730 3408 5787 Forte
3458 5730 3735 5804 legentium

2176 5801 2282 5869 πρὸ
2302 5800 2492 5857 τούτου
2522 5804 2638 5881 εὶρτ
2649 5801 2807 5868 μένον
2835 5800 2894 5855 τό
2920 5818 2932 5831 ο
2968 5802 3078 5865 Οὐχ
3108 5802 3291 5868 ὑμεῖς,
3321 5814 3430 5859 ctt'.
