3948 6206
263 428 385 481 4’5

1333 425 1690 483 COMMENT.
1725 426 1795 484 ΙΝ
1832 426 2030 487 JOAN.
2072 427 2313 489 TOMUS
2346 430 2487 487 Xlll.

3428 436 3534 491 λιιι

265 546 303 598 ὑ
314 544 457 615 μῶν,
488 544 584 598 καὶ
614 543 878 598 θεάσασθε
912 543 1010 609 τὶς
1032 542 1238 617 χώρας,
1264 545 1347 599 ὅτι
1373 544 1564 600 λευκαί
1592 548 1697 600 εἰσι
1725 547 1858 621 πρὸς

1966 550 2145 607 vieate
2181 550 2296 604 loca
2321 549 2435 617 jam
2479 547 2599 603 alba
2651 561 2777 603 esse
2823 548 2889 602 ad
2928 563 3180 606 messem.
3209 570 3229 604 ι
3259 550 3317 608 lu
3350 554 3536 612 multis

264 635 541 709 Θερισμὸν
593 637 754 709 ἤδη.»
808 636 1082 708 Πολλαχοῦ
1131 638 1232 709 τῆς
1284 639 1507 711 Γραφῇ
1562 643 1738 695 κεῖται
1771 641 1852 695 τό·

272 747 297 779 ι
347 729 619 801 Ἐπάρατε
651 728 777 792 τοὺς
803 728 1116 801 ὀφθαλμοὺς
1147 730 1322 800 ὑμῶν,
1352 750 1369 782 ι
1408 732 1856 803 προτρεπομένου

266 821 431 891 ἡμᾶς
455 819 549 872 τοῦ
576 819 719 872 θείου
745 819 904 890 λόγου
933 820 1121 891 ὑψοῦν,
1153 822 1247 875 καὶ
1286 822 1533 894 ἐπαίρειν
1559 822 1628 875 τά
1657 824 1857 895 φρονή-

272 929 451 982 ματα,
477 912 569 965 καὶ
594 912 656 964 τὸ
679 911 982 984 διορατικὸν
1008 913 1158 967 κάτω
1183 930 1284 967 που
1308 914 1576 985 κείμενον,
1602 912 1698 966 καὶ
1729 931 1859 982 συγ-

269 1002 507 1067 κύπτον,
543 1002 616 1074 μὴ
646 1003 940 1076 δυνάμενον
971 1023 1029 1060 τε
1053 1004 1324 1076 ἀνακύψαι
1368 1005 1448 1064 εἰς
1490 1003 1553 1058 τὸ
1598 1005 1861 1070 παντελὲς

270 1093 645 1168 μετεωρίσαι·
681 1095 873 1168 ὥσπερ
901 1097 958 1150 ὲν
985 1090 1220 1167 Ἡσαΐᾳ·
1258 1117 1277 1147 ι
1313 1095 1587 1166 Ἐπάρατε
1619 1096 1700 1159 είς
1727 1094 1861 1165 ὕψος

266 1187 408 1251 τοὺς
431 1187 740 1258 όςρθαλμοὺς
779 1188 953 1261 ὑμῶν,
979 1190 1071 1244 καὶ
1103 1189 1237 1242 ίδετε
1268 1188 1352 1252 τίς
1383 1189 1659 1255 κατέδειξε
1687 1187 1861 1243 ταῦτα

268 1278 478 1332 πάντα.
501 1297 520 1330 ι
566 1279 676 1333 Kal.
720 1280 749 1332 6
791 1280 980 1353 Σωτὴρ
1016 1280 1093 1344 δὲ,
1138 1282 1227 1334 ὅτε
1258 1279 1440 1352 μέλλει
1458 1281 1571 1344 τοῖς
1603 1280 1662 1332 ὲν
1694 1278 1863 1351 πεδίῳ

274 1366 592 1438 συναχθεῖσι
627 1367 756 1439 (68')
792 1368 970 1437 λέγειν
1015 1371 1141 1434 τοὺς
1196 1370 1600 1440 μακαρισμοὺς,
1651 1367 1862 1440 ἐπάρας

268 1460 404 1524 τοὺς
431 1459 737 1532 ὀφθαλμοὺς
763 1461 929 1517 αὐτοῦ
960 1463 1095 1536 πρὸς
1128 1464 1252 1526 τοὺς
1292 1460 1562 1534 μαθητάς,
1588 1461 1736 1530 λέγει
1763 1463 1824 1515 τό
1842 1479 1857 1494 ο

277 1551 590 1622 «Μακάριοι
615 1572 631 1603 ι
665 1553 771 1606 οἵδε
803 1555 897 1608 καὶ
915 1550 1027 1607 οἵδε
1051 1571 1065 1585 ’
1100 1554 1276 1617 οὐδεὶς
1299 1552 1410 1625 γὰρ
1436 1554 1659 1625 γνήσιος
1686 1553 1860 1624 Ἰησοῦ

272 1642 525 1714 μαθητὴς
547 1644 695 1697 κάτω
720 1646 888 1708 ἐστὶν,
918 1645 992 1708 ὡς
1016 1644 1139 1698 οὐδὲ
1164 1647 1194 1699 6
1226 1644 1637 1715 ἀναπαυόμενος
1661 1646 1720 1698 ὲν
1748 1648 1862 1708 τοῖς

268 1735 373 1788 τοῦ
412 1735 663 1806 Ἀϐραάμ
693 1735 935 1799 κόλποις.
978 1736 1037 1789 '0
1068 1735 1199 1804 γοῦν
1227 1734 1479 1798 πλούσιος
1518 1735 1778 1806 ὑπάρχων
1800 1737 1860 1787 ἐν

1959 638 2258 708 Scriptura:
2293 641 2429 696 locis
2456 640 2690 711 posilttttt
2735 649 2817 695 est
2852 640 2956 694 hoe
3001 641 3247 697 dictum:
3289 661 3310 696 ι
3335 643 3535 701 Levate

1956 732 2145 786 oculos
2174 740 2452 796 vestros,»
2480 731 2664 785 divina
2689 746 2794 785 nos
2825 730 3079 787 oratione
3100 733 3426 791 admonente
3458 738 3535 795 uti

1958 823 2270 877 attollamus
2313 822 2697 891 eleveuiusque
2752 832 2864 876 tum
2919 837 3133 888 sensus,
3166 833 3276 879 tum
3319 826 3429 881 vim
3457 829 3539 883 vi-

1959 912 2120 967 dendi
2155 912 2366 968 inferne
2400 913 2704 983 jaceutem.
2734 921 2791 966 et
2824 926 3077 981 pronam,
3109 926 3211 970 nec
3238 915 3450 986 erigere
3476 933 3536 974 se

1962 1003 2252 1069 valentem,
2273 1011 2330 1058 ut
2353 1003 2595 1074 perfecte
2611 1003 2863 1058 sublimia
2888 1005 3325 1074 contempletur;
3348 1025 3537 1079 quem-

1959 1095 2253 1149 admodum
2302 1095 2359 1150 iu
2405 1093 2543 1149 Isaia
2573 1111 2588 1148 :
2624 1113 2643 1146 ι
2671 1094 2873 1151 Levate
2914 1096 2968 1151 in
3013 1098 3287 1154 excelsum
3349 1100 3538 1158 oculos

1961 1197 2198 1251 vestros,
2231 1197 2289 1243 et
2312 1188 2498 1242 videte
2521 1187 2645 1255 quis
2669 1188 2784 1242 hinc
2813 1190 2995 1243 omnia
3018 1191 3256 1245 ostendit
3273 1191 3340 1246 “.
3366 1210 3385 1244 ι
3416 1194 3542 1248 Ser-

1960 1285 2119 1332 vator
2141 1279 2312 1333 etiam
2348 1279 2432 1333 his
2458 1279 2549 1347 qui
2587 1279 2640 1332 iu
2669 1294 2922 1349 campum
2951 1291 3338 1348 convenerant,
3368 1285 3543 1340 beati-

1965 1370 2184 1424 tudines
2211 1369 2480 1434 dicturus,
2508 1369 2738 1425 elevatis
2768 1369 2944 1425 oculis
2973 1371 3086 1425 suis
3119 1373 3186 1426 ad
3218 1372 3538 1445 discipulos,

1964 1455 2140 1526 inquit
2164 1456 2247 1509 ":
2279 1475 2299 1510 ι
2329 1456 2479 1513 Beati
2506 1477 2525 1510 ι
2555 1457 2634 1524 ιιι,
2663 1470 2719 1514 et
2763 1459 2816 1514 Ιιί
2850 1476 2864 1513 :
2906 1460 3090 1516 nullus
3130 1463 3275 1517 enim
3307 1463 3542 1535 discipu-

1965 1545 2048 1602 lus
2097 1564 2391 1618 germanus
2438 1548 2565 1604 Jesu
2608 1548 2753 1616 jacet
2806 1547 3040 1618 inferne,
3081 1555 3538 1621 quemadmodum

1963 1654 2139 1708 neque
2191 1639 2279 1692 ille
2322 1642 2415 1708 qui
2466 1645 2519 1693 in
2573 1639 2808 1694 Abrahae
2862 1641 3074 1697 sinibus
3119 1644 3538 1714 requiescebat:

1959 1746 2023 1782 ex
2052 1744 2160 1800 quo
2190 1732 2366 1795 dives,
2400 1731 2492 1800 qui
2522 1732 2574 1784 in
2604 1732 2896 1787 tormentis
2928 1742 3075 1797 erat,
3113 1749 3234 1788 cum
3272 1734 3541 1791 elevasset

272 1823 535 1893 βασάνοις
577 1824 687 1896 (69)
735 1825 949 1897 ἐπάρας
995 1826 1123 1889 τοὺς
1171 1824 1481 1895 ὀφθαλμοὺς
1531 1824 1720 1894 βλέπει
1763 1824 1855 1878 τὸν

1966 1828 2166 1886 m-u'os,
2224 1821 2373 1875 videt
2421 1821 2696 1875 Abraham
2740 1831 2798 1875 et
2834 1820 3102 1878 Lazarum
3136 1824 3188 1879 in
3219 1826 3378 1894 hujus
3404 1830 3541 1882 sini-

283 1914 563 1987 Ἀϐραὰμ,
602 1917 697 1971 καὶ
740 1916 835 1970 τὸν
874 1916 1123 1987 Λάζαρον
1154 1916 1212 1967 ὲν
1254 1917 1368 1979 τοῖς
1414 1914 1633 1978 κόλποις
1664 1915 1851 1969 αὐτοῦ.

1966 1911 2060 1963 lms
2076 1909 2141 1963 “.
2169 1909 2251 1964 Ad
2275 1909 2394 1965 haec
2420 1912 2619 1967 mulier
2646 1913 2740 1966 illa
2778 1923 3089 1982 contracta,
3116 1932 3217 1972 nec
3245 1921 3541 1985 caputeri-

268 2006 425 2078 Πρὸς
454 2005 663 2070 τούτοις
689 2008 723 2078 ἡ
756 2008 1157 2075 συγκύπτουσα,
1183 2006 1276 2060 καὶ
1312 2007 1386 2078 μὴ
1419 2006 1692 2080 δυναμένη
1718 2009 1854 2063 ἁνα-

266 2096 450 2167 κύψαι
484 2101 564 2162 είς
593 2098 653 2153 τὸ
692 2098 951 2162 παντελὲς
995 2097 1172 2169 ἰησοῦ
1220 2098 1393 2172 αὐτὴν
1425 2098 1856 2172 άνορθώσαντος,

266 2190 595 2247 ἀποτίθεται
625 2191 687 2244 τὸ
727 2190 1057 2261 συγκόπτειν
1096 2191 1193 2245 καὶ
1226 2190 1289 2244 τὸ
1323 2191 1398 2264 μὴ
1437 2192 1698 2247 δύνασθαι
1725 2195 1858 2247 ἀνα-

268 2280 523 2346 κύπτειν,
556 2282 642 2336 ἴνα
684 2282 867 2357 ἐπάρῃ
902 2283 1031 2346 τοὺς
1060 2281 1392 2355 ὀφθαλμούς.
1422 2285 1534 2337 Καὶ
1563 2284 1739 2349 οὐδείς
1767 2301 1857 2353 γε,

271 2374 337 2425 ὲν
374 2373 599 2427 πάθεσιν
631 2371 728 2439 ὢν,
764 2375 857 2428 καὶ
894 2376 961 2445 τῇ
1009 2374 1177 2447 σαρκὶ
1227 2374 1634 2447 προστετηκὼς,
1668 2376 1701 2448 ἢ
1742 2380 1859 2442 τοῖς

269 2463 481 2528 ὑλικοῖς
521 2465 965 2537 ὲμπεφυρμένος,
1013 2466 1252 2539 ἐτήρησε
1284 2465 1381 2538 τὴν
1412 2466 1674 2537 λέγουσαν
1705 2470 1856 2522 ἐντο-

269 2554 409 2627 λήν·
451 2575 470 2607 ι
510 2556 781 2629 Ἐπάρατε
819 2557 947 2620 τοὺς
992 2558 1303 2630 ὀφθαλμοὺς
1345 2558 1533 2631 ὑμῶν·
1562 2579 1580 2610 ι
1612 2559 1801 2633 διόπερ
1827 2560 1858 2613 6

269 2645 514 2709 τοιοῦτος
556 2646 678 2700 οὐδὲ
731 2645 984 2701 θεάσεται
1026 2646 1127 2711 τὰς
1155 2646 1360 2719 χώρας,
1403 2646 1508 2702 κᾶν
1539 2641 1636 2702 ὦσι
1667 2646 1859 2703 λευκαὶ

271 2736 415 2806 πρὸς
455 2734 713 2808 θερισμὸν
765 2738 888 2809 ήδη.
926 2739 1048 2791 Ἐτι
1087 2738 1144 2792 δὲ
1188 2739 1361 2802 οὐδεὶς
1395 2737 1761 2811 ἐργαζόμενος
1787 2740 1857 2794 τά

272 2824 416 2896 ἔργα
447 2825 547 2895 τῆς
592 2826 795 2897 σαρκὸς
841 2826 1017 2899 ἐπῆρε
1056 2829 1183 2893 τοὺς
1210 2828 1541 2900 ὀφθαλμούς.
1571 2832 1775 2885 Λευκαὶ
1800 2832 1858 2889 δὲ

273 2914 336 2967 αἱ
372 2914 546 2987 χῶραι
589 2916 726 2987 πρὸς
769 2915 1029 2990 θερισμὸν
1072 2917 1172 2990 ἤδη
1210 2919 1368 2986 εἰσὶν,
1407 2924 1498 2978 ὅτε
1540 2922 1860 2994 πάρεστινό

272 3004 372 3059 τοῦ
411 3006 546 3060 Θεοῦ
577 3006 752 3087 λόγος,
772 3008 1084 3081 σαφηνίζων
1118 3009 1213 3063 καὶ
1257 3010 1507 3080 φωτίζων
1537 3015 1717 3079 πάσας
1756 3014 1859 3081 τὰς

275 3096 461 3171 χώρας
508 3099 608 3170 τῆς
659 3101 880 3172 Γραφῆς
933 3101 1320 3175 πληρουμένης
1365 3104 1424 3156 ἐν
1475 3106 1542 3176 τῇ
1592 3106 1858 3179 ἐπιδημίᾳ

276 3190 464 3245 αὑτοῦ.
495 3191 647 3262 Τάχα
677 3191 733 3246 δὲ
759 3193 852 3246 καὶ
876 3192 1052 3247 πάντα
1078 3193 1146 3247 τά
1164 3193 1396 3266 αἰσθητὰ
1420 3196 1582 3267 μέχρι
1601 3214 1662 3266 γε
1689 3198 1857 3254 αὐτοῦ
1882 3226 1927 3286 C

276 3280 370 3335 τοῦ
408 3281 658 3354 οὐρανοῦ,
692 3285 785 3336 καὶ
809 3283 918 3338 τῶν
946 3287 1004 3338 ὲν
1026 3283 1195 3357 αὐτῷ,
1227 3287 1284 3339 ai.
1315 3286 1505 3341 λευκαί
1526 3289 1633 3341 εἰσι
1656 3289 1853 3362 χῶραι,

277 3372 485 3443 ’ἐτοιμοι
523 3372 661 3445 πρὸς
707 3373 966 3446 Θερισμὸν
1011 3378 1125 3440 τοῖς
1166 3376 1450 3447 ἐπαίρουσι
1495 3377 1625 3440 τοὺς
1659 3378 1858 3449 ὀφθαλ-

1958 2013 2086 2070 ειιιε
2125 2002 2354 2056 omnino
2384 2000 2590 2067 valens,
2622 2017 2748 2058 eum
2795 2018 2825 2058 a
2875 2003 3005 2060 Jesn
3036 2018 3219 2063 erecta
3254 2010 3451 2065 fuisset
3467 2012 3536 2078 ",

1960 2093 2391 2148 contractionem
2423 2102 2590 2161 atque
2617 2093 2988 2152 infirmitatem
3016 2100 3260 2167 erigeudi
3286 2118 3406 2158 sese
3436 2104 3533 2159 de-

1959 2183 2129 2255 ponit.
2168 2193 2226 2238 ut
2251 2183 2429 2240 elevet
2468 2185 2676 2241 oculos.
2707 2185 2820 2242 Nec
2849 2188 2991 2243 ullus
3040 2192 3285 2259 profecto
3312 2203 3395 2248 est
3442 2195 3536 2265 qui

1960 2276 2466 2342 perturbationibus
2494 2277 2785 2343 obnoxius,
2817 2289 2874 2335 et
2915 2283 3066 2336 carni
3118 2284 3420 2354 adltarens,
3447 2287 3534 2341 vel

1955 2369 2123 2421 rebus
2144 2368 2527 2424 materialibus
2551 2369 2893 2438 commistus,
2927 2377 3243 2430 mandatum
3281 2390 3538 2434 servave-

1961 2458 2032 2512 rit
2065 2459 2251 2514 dicens
2284 2476 2299 2514 :
2342 2477 2363 2511 ι
2398 2459 2602 2518 Levate
2632 2462 2824 2518 oculos
2846 2472 3092 2532 vestros;
3125 2484 3146 2520 ι
3181 2470 3535 2537 quamobrem

1961 2566 2028 2606 ne
2069 2552 2185 2608 loca
2213 2555 2433 2622 quidem
2464 2555 2682 2612 visurus
2709 2565 2794 2612 est
2841 2558 2964 2623 iste,
3005 2560 3220 2617 etiamsi
3266 2561 3377 2629 jam
3414 2564 3536 2620 alba

1959 2644 2067 2698 sint
2093 2646 2158 2699 ad
2185 2645 2347 2719 253
2374 2663 2629 2705 messem.
2664 2648 2935 2707 Prmterea
2960 2654 3137 2709 nullus
3164 2658 3255 2725 qui
3279 2669 3539 2726 operatur

1956 2748 2121 2804 opera
2169 2738 2370 2798 carnis.
2415 2737 2616 2793 levavit
2661 2740 2875 2796 oculos.
2903 2741 3074 2798 Porro
3122 2745 3244 2799 alba
3292 2756 3421 2802 sunt
3466 2748 3535 2802 ad

1958 2841 2191 2883 messem
2219 2828 2331 2899 jam
2389 2830 2529 2895 loca,
2560 2832 2782 2901 quando
2816 2836 2971 2890 adest
3024 2835 3117 2890 Dei
3152 2835 3348 2892 Sermo
3393 2854 3527 2911 ape-

1958 2917 2111 2975 riens
2131 2928 2187 2975 et
2228 2920 2511 2977 illustrans
2546 2923 2729 2978 omnia
2770 2924 3069 2996 Scriptum
3100 2928 3240 2995 loca,
3275 2945 3395 3000 qua:
3423 2930 3537 3001 ple-

1959 3022 2030 3064 na
2086 3019 2238 3076 sunt,
2270 3012 2598 3069 adveniente
2648 3002 2786 3085 ipso.
2839 3015 3114 3074 Fortassis
3149 3021 3315 3075 etiam
3351 3023 3539 3078 oumia

1959 3114 2080 3170 qum
2101 3115 2265 3156 sensu
2298 3103 2689 3172 percipiuntur,
2712 3104 2795 3160 vel
2821 3107 2889 3160 ad
2927 3107 3100 3177 ipsum
3124 3124 3294 3179 usque
3312 3110 3540 3180 caelum,

1959 3203 2123 3263 atque
2152 3207 2325 3263 usque
2358 3195 2425 3248 ad
2458 3209 2522 3249 ea
2552 3210 2673 3266 quae
2696 3196 2750 3250 in
2777 3195 2893 3265 ipso
2916 3210 3064 3263 sunt,
3089 3201 3210 3255 alba
3248 3211 3373 3257 sunt
3419 3203 3536 3258 loca

1960 3294 2147 3353 parata
2173 3284 2289 3353 jam
2322 3285 2392 3340 ad
2420 3300 2681 3352 messem,
2725 3287 3063 3346 clevantibus
3091 3292 3279 3348 oculos
3311 3311 3326 3348 :
3360 3295 3538 3363 palam

1956 3374 2386 3444 uniuscujusque
2432 3377 2513 3430 rei
2563 3378 2777 3432 ratione
2802 3378 2908 3433 illis
2942 3380 3013 3433 ob
3047 3380 3236 3435 oculos
3266 3382 3540 3451 exhibita,

280 3464 436 3536 μους,
472 3463 658 3532 σαφῶς
705 3465 1114 3537 παρισταμένου
1145 3467 1238 3521 τοῦ
1273 3467 1401 3540 περὶ
1436 3468 1668 3523 ἑκάστου
1696 3470 1856 3540 λόγου

1966 3465 2047 3532 τμιί
2083 3476 2426 3535 receperunt,
2445 3482 2512 3521 eo
2533 3468 2678 3536 quod
2712 3468 3176 3525 trausl‘ormentur
3198 3473 3263 3524 ad
3288 3473 3539 3528 eamdem

276 3556 390 3618 τοῖς
424 3555 784 3625 άνειληφόσιν,
818 3559 883 3611 ὲκ
915 3556 1006 3610 τοῦ
1034 3557 1134 3631 τὴν
1163 3558 1333 3631 αὐτὴν
1364 3559 1551 3614 εἰκόνα
1583 3578 1859 3633 μεταμορ-

277 3644 507 3713 φοῦσθαι
531 3647 638 3701 ἀπὸ
658 3647 814 3718 δόξης
836 3651 914 3713 είς
943 3646 1122 3716 δόξαν,
1153 3649 1445 3723 ὀφθαλμῶν
1470 3653 1725 3724 ὁμοίωμα
1742 3652 1855 3724 (70)

277 3737 385 3789 τῶν
414 3740 734 3809 ἑωρακότων
769 3740 884 3805 πῶς
921 3741 1154 3795 ’ἑκαστον
1195 3742 1305 3797 τῶν
1347 3743 1655 3815 γενομένων
1692 3744 1858 3799 καλὸν

276 3820 346 3897 ἦν
365 3843 378 3856 ·
413 3827 474 3879 τὸ
501 3829 630 3899 γὰρ,
656 3824 806 3881 Εἷδεν
831 3831 861 3883 6
888 3830 1021 3894 Θεὸς
1049 3830 1385 3886 καθέκαστον
1408 3832 1518 3885 τῶν
1544 3833 1858 3904 κτισμάτων

278 3919 584 3990 λεγόμενον.
638 3922 720 3973 ὃτι
770 3921 954 3985 καλὸν,
995 3920 1236 3975 τοιοῦτόν
1277 3923 1458 3975 ἐστιν’
1505 3924 1628 3976 ’Ὀτι
1661 3924 1860 3978 ὲνεῖδεν

277 4015 307 4066 6
335 4012 465 4075 Θεὸς
495 4016 608 4077 τοῖς
638 4013 818 4080 λόγοις
849 4015 960 4085 (Ἠ)
1004 4014 1254 4078 ἑκάστου,
1290 4015 1384 4068 καὶ
1430 4010 1539 4069 εἶδε
1586 4016 1704 4082 πῶς
1736 4016 1859 4069 καθ’

279 4101 373 4165 οὓς
416 4101 637 4170 γέγονεν
685 4102 914 4156 ἕκαστον
964 4102 1073 4154 τῶν
1116 4102 1432 4173 κτισμάτων
1485 4103 1695 4174 λόγους,
1744 4105 1861 4158 ἐστὶ

282 4193 464 4247 καλόν.
504 4194 564 4245 Εἰ
588 4193 645 4245 δὲ
681 4193 755 4264 μὴ
795 4192 967 4257 οὕτως
998 4209 1081 4255 τις
1114 4191 1481 4264 παραδέχεται
1517 4194 1578 4246 τό
1599 4209 1614 4224 ⁸
1658 4212 1676 4246 ι
1706 4188 1861 4248 Εἶδεν

279 4287 309 4340 ό
336 4285 489 4349 Θεὸς,
539 4285 621 4338 ὅτι
660 4284 841 4349 καλὸν,
866 4306 885 4338 ι
932 4283 1280 4357 διηγησάσθω
1319 4284 1436 4348 πῶς
1470 4286 1528 4337 ἐν
1550 4284 1628 4357 τῷ
1653 4304 1672 4337 ι
1708 4287 1862 4354 Ἐξα-

279 4377 496 4447 γαγέτω
522 4375 591 4429 τά
625 4376 792 4430 ὕδατα
823 4377 1026 4448 ἑρπετά
1053 4376 1243 4447 ψυχῶν
1272 4375 1482 4442 ζωσῶν,
1515 4380 1610 4432 καὶ
1641 4381 1862 4435 πετεινὰ

283 4469 554 4539 πετόμενα
580 4468 674 4520 ἐπὶ
704 4468 801 4539 τῆς
832 4469 935 4539 γῆς
975 4468 1113 4521 κατὰ
1151 4467 1212 4521 τὸ
1256 4468 1544 4540 στερέωμα
1574 4469 1668 4523 τοῦ
1697 4470 1863 4543 οὐρα-

1959 3556 2255 3627 imaginem
2280 3571 2309 3610 a
2335 3556 2505 3626 gloria
2535 3559 2586 3610 in
2615 3558 2847 3627 gloriam
2871 3559 2939 3623 "',
2967 3560 3382 3616 similitudinem
3407 3577 3542 3618 oeu-

1960 3648 2277 3716 lurum,qni
2334 3648 2597 3701 viderunt
2649 3650 2927 3717 quomodo
2982 3650 3192 3720 singula
3226 3666 3349 3720 quae
3399 3652 3542 3709 facta

1962 3740 2197 3799 fuerant.
2235 3741 2376 3793 bona
2428 3748 2633 3792 essent.
2678 3737 2793 3791 lluc
2840 3739 2985 3793 enim
3043 3741 3244 3793 dictum
3262 3741 3352 3795 “:
3400 3740 3545 3796 Vidit

1958 3828 2104 3882 Deus
2133 3828 2477 3898 singillatim,
2509 3842 2630 3897 quae
2663 3838 2847 3883 creata
2879 3837 3027 3893 sunt,
3075 3830 3216 3885 bona
3247 3847 3402 3898 esse,
3435 3833 3543 3887 talo

1960 3930 2085 3976 est:
2118 3920 2361 3991 inspexit
2416 3922 2558 3975 Deus
2600 3922 2864 3990 cujusque
2919 3923 2994 3977 rei
3050 3924 3311 3990 rationes,
3338 3940 3543 3995 easque

1962 4012 2098 4066 vidit
2144 4013 2316 4068 bonas
2364 4026 2492 4067 esse
2547 4025 2768 4083 propter
2805 4016 3048 4070 rationes
3098 4018 3297 4085 quibus
3349 4033 3543 4071 unum-

1963 4102 2217 4174 quodque
2241 4116 2490 4160 creatum
2523 4115 2668 4160 erat.
2701 4105 2857 4173 Quod
2890 4107 2935 4160 si
2978 4109 3101 4176 quis
3134 4109 3213 4162 sic
3243 4125 3349 4163 non
3384 4108 3542 4163 intel-

1962 4194 2085 4262 ligit
2117 4193 2221 4249 hoc
2240 4195 2444 4249 dictum
2467 4213 2482 4249 :
2505 4212 2525 4246 ι
2550 4193 2693 4251 Vidit
2712 4197 2854 4251 Deus
2869 4201 3010 4266 quod
3038 4200 3234 4253 bonum
3255 4213 3401 4254 esset
3420 4200 3490 4264 ",
3515 4218 3536 4252 ι

1980 4295 2202 4338 enarret
2252 4285 2410 4339 nolis
2453 4286 2726 4355 quomodo
2755 4285 2810 4339 in
2853 4288 2940 4341 his
2980 4289 3164 4342 verbis
3196 4303 3212 4340 :
3243 4308 3262 4339 ι
3298 4289 3541 4343 Educant

1965 4387 2118 4440 aqua:
2169 4375 2379 4442 reptilia
2436 4376 2775 4439 animarum,
2829 4387 2951 4443 qua:
3010 4377 3233 4431 victura:
3289 4376 3419 4440 sint,
3487 4385 3542 4432 et

1965 4464 2204 4520 volatilia
2236 4466 2380 4521 alata
2409 4481 2575 4536 super
2600 4475 2800 4520 terram
2828 4467 2883 4520 in
2909 4467 3251 4522 ﬁrmamento
3278 4470 3401 4522 cmli
3420 4468 3487 4531 ⁷⁸,
3514 4484 3536 4520 ι

284 4558 399 4623 νοῦ,
425 4579 443 4611 ι
476 4558 706 4623 σώζεται
730 4560 791 4613 τό
810 4575 824 4589 ο
844 4552 1025 4612 ιῐιῖδεν
1043 4561 1071 4612 6
1089 4558 1243 4623 Θεὸς,
1278 4561 1359 4614 ὃτι
1387 4560 1604 4623 καλὸν,ι
1628 4562 1720 4614 καὶ
1752 4560 1857 4632 μά-

1966 4568 2218 4612 servetur
2267 4557 2435 4611 Deum
2479 4555 2701 4620 vidisse,
2735 4555 2880 4624 quod
2935 4556 3137 4610 boumu
3181 4565 3351 4620 esset,
3381 4556 3541 4626 idque

284 4649 439 4703 λιστα
483 4650 605 4702 ἐπεὶ
650 4647 903 4719 ἐποίησεν
940 4649 969 4701 6
1002 4648 1135 4712 Θεὸς
1176 4648 1246 4701 τὰ
1288 4650 1428 4721 κήτη
1461 4650 1530 4702 τὰ
1570 4651 1800 4720 μεγάλα,
1829 4652 1859 4704 ό

285 4739 440 4808 λόγος
469 4740 580 4812 (72)
613 4742 641 4793 6
670 4740 798 4810 περὶ
823 4739 1052 4794 ἑκάστου
1082 4739 1286 4794 τούτων
1318 4740 1467 4795 ἐστὶν
1498 4742 1715 4813 ὁραθείς
1741 4743 1860 4815 Θεῷ

284 4831 346 4884 τὸ
372 4831 555 4884 καλόν.
591 4831 673 4884 Τά
702 4832 746 4885 δ’
781 4831 921 4885 αὐτὰ
961 4831 1058 4884 καὶ
1097 4831 1228 4902 περ).
1249 4829 1365 4896 τοῦ,
1400 4850 1419 4883 ι
1453 4832 1801 4902 Ἐξαγαγέτω
1827 4836 1860 4906 ὴ

288 4925 359 4996 τῆ
389 4923 567 4995 ψυχὴν
599 4923 778 4989 ζῶσαν
811 4924 954 4978 κατὰ
994 4923 1169 4993 γένος,
1208 4923 1534 4995 τετράποδα.
1579 4924 1674 4978 καὶ
1708 4926 1865 4997 ἑρπε-

287 5017 375 5081 τά,
415 5018 510 5069 καὶ
553 5015 717 5088 θηρία
760 5017 858 5088 τῆς
900 5017 1005 5089 γῆς
1046 5015 1189 5071 κατὰ
1229 5014 1406 5083 γένος,
1433 5034 1452 5067 ι
1503 5014 1745 5078 λεκτέον,
1779 5014 1866 5085 οἷς

289 5109 380 5164 καὶ
421 5108 738 5177 ἐπιφέρεται
773 5112 835 5165 τό
853 5127 867 5141 ·
903 5131 922 5162 ι
946 5105 1100 5165 Εἷδεν
1123 5110 1153 5161 6
1178 5108 1332 5175 Θεὸς,
1370 5108 1452 5162 ὅτι
1485 5107 1666 5162 καλόν.
1689 5127 1708 5160 ι
1735 5109 1861 5173 Πῶς

288 5198 396 5269 γάρ
415 5195 579 5251 καλὸν
608 5200 678 5254 τὰ
703 5199 867 5274 θηρία
893 5200 987 5254 καὶ⁵
1011 5199 1081 5254 τά
1106 5198 1334 5272 ἑρπετά,
1350 5200 1400 5253 εί
1427 5198 1503 5270 μὴ
1524 5199 1632 5270 ἄρα
1652 5198 1682 5250 6
1705 5198 1862 5268 λόγος

289 5289 318 5342 6
340 5290 467 5360 περὶ
491 5289 672 5345 αὐτῶν
703 5293 819 5344 ἔστι
855 5290 917 5344 τὸ
946 5290 1144 5357 καλόν;
1174 5289 1362 5345 Ταῦτα
1397 5290 1443 5344 δ’
1471 5291 1606 5363 ἡμῖν
1642 5289 1858 5360 λέγεται

360 5379 412 5412 ⁸⁸
441 5380 562 5439 lsai.
594 5396 684 5443 ιιι..
704 5380 798 5435 ‘26.

289 5448 477 5517 p.18.

361 5544 497 5616 (68')
526 5544 654 5613 Τοῖς
681 5545 753 5616 ἐν
774 5545 956 5615 πεδίῳ
987 5541 1363 5613 συναχθεῖσι.
1388 5543 1515 5601 ﬂare
1541 5545 1853 5601 desidet-an-

292 5614 385 5667 lltt‘
420 5617 471 5669 in
505 5617 695 5671 codice
720 5614 1033 5671 Bodleiano.
1256 5633 1267 5643 ‘

361 5683 675 5757 (69)Codes
725 5686 1065 5747 Bodleianue,
1101 5682 1411 5757 βασιλείοις,
1445 5687 1539 5740 sed
1570 5685 1852 5757 legendum

291 5752 803 5826 γωνίαι-βασάνοις,
846 5765 904 5810 ιιι
936 5760 987 5810 in
1020 5752 1208 5826 Regio.

363 5823 476 5894 (70)
516 5823 824 5897 Ὀμοίωμα.
861 5826 1018 5882 Deest
1051 5823 1322 5882 iu'codicc
1346 5823 1531 5896 Regio,
1558 5824 1651 5881 sed
1691 5826 1850 5882 resin

566 5452 763 5507 "Gen.
796 5468 834 5513 ι,
859 5452 949 5506 3|.
1025 5452 1071 5483 ⁷⁸
1091 5453 1223 5506 ibid.
1253 5450 1344 5515 Ιθ,
1374 5452 1461 5516 12,
1496 5452 1584 5516 18,
1613 5451 1703 5505 21.

911 5382 956 5463 θ’
981 5380 1169 5463 unus
1186 5381 1468 5463 mea:
1501 5380 1736 5463 laver»
1763 5380 1835 5463 ες»
1858 5394 1976 5463 eq.-

1784 5452 1821 5484 ⁷⁸
1856 5451 1991 5505 ibid.
2018 5449 2111 5505 20.

1967 4650 2334 4718 potissimum,
2360 4648 2502 4716 quod
2546 4645 2742 4701 fecerit
2776 4647 2918 4701 Deus
2950 4656 3069 4701 cete
3110 4663 3305 4717 magna
3326 4648 3373 4681 "
3400 4665 3416 4703 :
3442 4649 3541 4705 sed

1969 4736 2111 4791 ratio
2148 4736 2580 4804 uniuscujusque
2614 4736 2806 4789 harum
2844 4750 3023 4790 rerum
3074 4737 3185 4791 Deo
3235 4751 3539 4807 ρει-βροτω,

1973 4842 2061 4881 res
2089 4825 2230 4880 bona
2254 4836 2356 4880 est.
2379 4824 2524 4879 Idem
2550 4827 2882 4881 censendum
2912 4836 2996 4881 est
3020 4836 3076 4880 et
3098 4828 3165 4882 de
3191 4828 3297 4882 illis
3323 4831 3538 4885 verbis:

1974 4937 1993 4969 ι
2027 4917 2238 4971 Educat
2259 4926 2406 4971 terra
2435 4916 2675 4972 animam
2703 4920 2975 4974 viventem
2997 4918 3152 4987 juxta
3187 4936 3377 4990 genus.
3405 4934 3544 4991 qua-

1971 5008 2216 5077 drupeda
2262 5018 2320 5062 et
2349 5007 2585 5077 reptilia,
2618 5019 2673 5066 et
2698 5010 2838 5068 feras
2866 5020 3021 5067 terra:
3036 5010 3192 5081 juxta
3221 5027 3390 5082 genus
3410 5013 3486 5079 ";
3516 5030 3539 5067 ι

1967 5105 2167 5173 quibus
2191 5101 2541 5174 subjungitur
2563 5102 2771 5158 etiam:
2808 5121 2829 5156 ι
2856 5102 3003 5159 Vidit
3036 5105 3201 5170 Deus,
3247 5104 3392 5175 quod
3439 5105 3544 5161 bo-

1969 5193 2370 5251 numesset".t
2390 5194 2676 5261 Quomodo
2697 5195 2844 5250 enim
2878 5196 3006 5251 fera:
3034 5204 3089 5250 et
3109 5195 3315 5266 reptilia
3345 5197 3543 5251 bonum

1965 5299 2115 5356 sunt,
2151 5289 2252 5346 nisi
2303 5290 2441 5343 ratio
2479 5302 2667 5343 earnm
2718 5290 2918 5343 bonum
2967 5286 3091 5342 est?
3127 5286 3253 5344 Haec
3297 5297 3478 5342 autem
3509 5301 3541 5341 ι

2053 5380 2101 5412 ⁸⁸
2129 5379 2260 5435 Luc.
2286 5395 2405 5440 ενι.
2432 5378 2525 5448 25.
2601 5378 2644 5448 δί’
2669 5376 2801 5432 Luc.
2832 5392 2958 5448 sui,
2988 5377 3046 5431 ll
3086 5392 3204 5448 seq.
3252 5378 3325 5448 ,ἐξ
3348 5378 3388 5432 ll
3411 5377 3542 5433 Cor.

2183 5451 2229 5482 ⁷³
2263 5450 2396 5503 ibid.
2421 5447 2512 5502 2|.
2587 5447 2635 5479 ⁷³
2665 5449 2796 5502 ibid.
2822 5447 2913 5501 25.
2989 5447 3040 5481 ’δ
3070 5446 3204 5505 ibid.
3239 5446 3333 5506 25.

1967 5547 2134 5600 tuitur
2162 5560 2194 5598 e
2221 5543 2501 5598 codicibus
2534 5542 2825 5599 Bodleiano
2852 5555 2906 5603 et
2942 5546 3257 5604 Barberino.

2035 5614 2149 5683 (il)
2183 5613 2351 5691 Codd.
2373 5613 2712 5691 bodleianus
2735 5624 2789 5669 et
2816 5618 3162 5686 Barberinus,
3191 5621 3305 5684 τοῖς
3337 5618 3535 5691 λόγοις

1964 5681 2191 5750 Remus,
2219 5682 2342 5744 τοὺς
2373 5681 2586 5750 λόγους.

2033 5753 2159 5832 (72)
2197 5754 2260 5832 ὀ
2291 5752 2614 5832 ιιιὲυρςηοιυ.
2648 5753 2958 5828 Legendum
2982 5756 3236 5828 fortasse,
3260 5760 3311 5813 εἰ
3335 5757 3413 5832 μὴ
3430 5754 3540 5829 ἄρα

1961 5827 1989 5879 ὁ
2021 5823 2178 5895 λόγος
2202 5826 2230 5877 ὁ
2252 5826 2384 5897 περὶ
2405 5823 2658 5881 ἑκάστου.
