3948 6206
242 396 356 454 477

1318 387 1669 449 COMMENT.
1706 384 1773 441 IN
1807 380 2000 440 JOAN.
2042 379 2283 438 TOMUS
2316 378 2454 439 XIII.

3402 374 3507 431 478

238 515 349 584 τὴν
383 511 564 583 σάρκα
590 509 655 563 ἐκ
678 509 775 579 τῆς
801 507 1000 580 σαρκδις
1029 507 1231 579 θερίσει
1258 506 1485 580 φθορὰν,
1509 506 1601 560 καὶ
1623 505 1653 558 6
1683 520 1793 558 σπει

1901 546 1904 561 ,
1938 499 2057 556 loco
2093 497 2394 565 intelligere
2417 494 2843 551 admonitionem
2877 493 2945 548 de
2974 491 3257 550 ’meteudo.
3295 492 3401 549 Sed
3435 511 3506 550 ne

242 616 362 672 ρων
401 601 483 665 είς
514 599 575 653 τὺ
616 599 831 670 πνεῦμα
863 600 928 652 ἐκ
965 597 1059 652 τοῦ
1093 597 1397 669 πνεύματος
1438 596 1644 670 θερίσει
1683 594 1826 667 ζωὴν

241 687 655 756 αἱώνιον,»οἴόν
680 708 741 745 τε
781 690 969 744 ἐνθάδε
998 691 1295 761 λαμϐάνειν
1324 690 1412 744 τό·
1455 709 1473 740 ι
1510 690 1568 742 'O
1599 687 1827 760 θερίζων

242 785 445 855 μισθὸν
473 783 761 855 λαμϐάνει,
791 783 888 838 καί⁸
920 783 1139 851 συνάγει
1168 782 1376 855 καρπὸν
1409 782 1489 844 είς
1519 780 1664 851 ζωὴν
1694 776 1826 832 αίώ-

239 896 381 933 νιον.
417 897 436 929 ι
468 875 628 931 Κατὰ
662 876 762 947 μὲν
804 875 913 948 γὰρ
944 875 1015 930 τὰ
1047 873 1375 930 ἀποστολικὰ
1406 873 1543 944 ῥητά
1590 874 1620 926 6
1661 870 1824 935 αὐτός

240 971 398 1024 ἐστιν
425 972 453 1023 6
486 968 727 1040 σπείρων
771 968 867 1022 καὶ
891 969 920 1021 6
954 966 1202 1038 θερίζων,
1226 965 1334 1020 εἴτε
1377 966 1457 1029 είς
1499 963 1597 1034 τὴν
1626 963 1827 1033 σάρκαι

239 1062 357 1116 εἴτε
385 1062 465 1125 είς
489 1059 551 1114 16
579 1058 819 1131 πνεῦμα,
849 1059 940 1112 καί¹
961 1057 1049 1112 διὰ
1080 1057 1238 1111 τοῦτο
1268 1055 1516 1125 συνάγων
1542 1054 1660 1125 ῆτοι
1694 1050 1825 1124 φθο-

240 1153 410 1225 ράνῆ
450 1150 596 1224 ζωὴν
644 1149 883 1205 αἰώνιον·
915 1147 1056 1203 κατὰ
1098 1148 1154 1203 δέ
1180 1147 1249 1201 τά
1283 1145 1632 1216 ἐνεστηκότα,
1663 1142 1822 1207 ἄλλος

238 1243 396 1298 ἐστὶν
425 1245 456 1297 6
498 1242 740 1313 σπείρων
780 1243 874 1296 καὶ
907 1239 1064 1304 ἄλλος
1086 1240 1116 1293 6
1147 1238 1400 1312 θερίζων.
1441 1233 1677 1307 Ὁμοίως
1701 1233 1758 1286 δὲ
1792 1235 1822 1287 6

236 1333 408 1397 αὐτὸς
437 1333 535 1406 μὲν
565 1334 781 1405 σπείρει
813 1333 905 1387 καὶ
930 1331 1152 1404 θερίζει,
1180 1329 1300 1384 καθ’
1320 1328 1350 1381 ὃ
1383 1323 1734 1398 παρεθέμεθα
1762 1326 1821 1377 ἐν

224 1425 481 1498 Ψαλμοῖς
544 1427 737 1500 ῥητὸν,
804 1425 1060 1496 διαφέρον
1123 1421 1219 1474 τοῦ
1244 1416 1599 1474 ἁποστολικοῦ
1623 1415 1699 1487 τῷ
1727 1433 1822 1486 μυ-

232 1514 559 1585 στικωτέρῳ
603 1513 698 1567 καὶ
745 1504 1190 1587 άπορῤητοτέρῳ’
1223 1510 1285 1564 16
1323 1510 1422 1582 μὲν
1452 1508 1561 1581 γὰρ
1586 1510 1816 1562 6110610—

224 1604 384 1660 λικδν
460 1604 828 1676 ἁπλούστερον
904 1601 1151 1674 εἴρηται,
1220 1602 1282 1656 οὐ
1362 1599 1614 1655 διδάσκον
1688 1599 1816 1669 περὶ

221 1695 332 1767 τῆς
354 1695 611 1768 διαφόρου
653 1693 868 1764 φύσεως
906 1693 1016 1748 τῶν
1052 1692 1380 1764 σπερμάτων
1406 1690 1570 1744 πόθεν
1599 1688 1813 1759 λαμϐά-

1929 606 2050 646 cnm
2082 591 2180 645 hoc
2223 589 2444 659 quidem
2475 587 2662 643 dicto:
2701 604 2720 638 ι
2746 585 2845 652 Qui
2871 585 3103 639 seminat
3135 586 3187 640 in
3217 599 3403 651 carne,
3435 586 3504 638 de

1926 696 2092 735 carne
2137 692 2415 735 messurns
2445 688 2532 733 est
2573 676 3013 744 corruptionem;
3045 683 3100 728 et
3132 674 3223 742 qui
3272 675 3504 731 seminat

1926 772 1979 826 iu
2019 770 2237 839 Spiritu,
2274 772 2342 823 de
2372 768 2569 839 spiritu
2601 774 2770 822 metet
2797 764 2966 817 vitam
3008 774 3294 827 aeternam,
3324 783 3343 816 ι
3383 766 3500 821 fieri

1922 872 2119 933 potest,
2153 872 2209 915 ut
2236 861 2599 930 intelliganms
2631 860 2746 913 haec
2774 857 2939 912 verba
2965 856 3259 911 convenire
3294 871 3451 925 posse
3480 873 3496 913 :

1927 973 1946 1006 ι
1979 955 2080 1021 Qui
2106 954 2280 1019 metit,
2309 952 2616 1007 mercedem
2645 950 2915 1020 accipitet
2945 958 3235 1019 congregat
3268 936 3501 1004 fructum

1920 1044 1975 1100 in
2000 1045 2165 1100 vitam
2185 1053 2501 1099 aeternam»
2523 1043 2687 1097 Juxta
2704 1043 2850 1097 enim
2874 1041 3170 1110 apostolica
3192 1040 3337 1095 dicta
3361 1040 3502 1095 idem

1919 1142 2025 1200 est,
2048 1133 2138 1204 qui
2174 1133 2412 1188 seminat
2437 1140 2491 1187 et
2513 1132 2608 1201 qui
2650 1132 2822 1194 metit,
2850 1131 2969 1187 sive
2996 1131 3051 1185 in
3080 1145 3270 1194 carne,
3299 1131 3416 1186 sive
3448 1133 3501 1186 iu

1919 1224 2146 1294 spiritu;
2180 1234 2236 1277 et
2269 1223 2342 1278 ob
2372 1223 2477 1278 hoc
2515 1223 2678 1276 etiam
2705 1234 3044 1292 congregans
3070 1219 3154 1275 vel
3194 1221 3502 1290 corruptio-

1919 1330 2066 1377 nem,
2109 1315 2195 1368 vel
2235 1315 2399 1367 vitam
2461 1322 2780 1367 mternam:
2838 1313 2892 1366 in
2954 1312 3318 1381 praesentibus
3371 1327 3500 1369 vero

1918 1409 2061 1464 alius
2093 1417 2178 1465 est
2207 1408 2298 1476 qui
2332 1407 2589 1471 seminat,
2615 1414 2669 1460 ct
2696 1405 2833 1460 alius
2854 1405 2946 1475 qui
2976 1404 3153 1459 metit.
3180 1402 3239 1458 ln
3265 1403 3499 1459 Psalmis

1916 1501 2079 1554 etiam
2108 1499 2252 1554 idem
2284 1497 2539 1552 similiter
2585 1498 2820 1551 seminat
2849 1508 2907 1550 et
2944 1496 3088 1550 idem
3135 1496 3307 1558 metit,
3345 1494 3495 1563 juxta

1917 1591 2122 1647 dictum
2154 1593 2300 1662 quod
2345 1593 2733 1662 proposttimus
2779 1590 2849 1645 ab
2879 1589 3186 1658 apostolico
3215 1586 3493 1653 diil‘erens,

1913 1681 2121 1735 ratione
2187 1682 2494 1734 sacratiore
2554 1689 2608 1733 et
2658 1676 2966 1733 occultiore
3017 1695 3032 1732 :
3089 1693 3216 1732 nam
3289 1677 3492 1733 dictum

221 1803 402 1842 νεται.
442 1786 517 1839 T6
548 1785 606 1839 δὲ
635 1783 745 1840 ἀπὸ
770 1784 880 1837 τῶν
909 1782 1155 1855 Ψαλμῶν
1175 1782 1323 1835 δοκεῖ
1350 1797 1439 1852 μοι
1470 1778 1660 1849 δηλοῦν
1680 1776 1793 1849 περ¹

1912 1771 2263 1840 apostolicum
2297 1772 2603 1841 simplicius
2625 1771 2898 1840 prolatum
2923 1779 3028 1834 est,
3062 1784 3167 1824 non
3200 1770 3400 1824 docens
3424 1768 3495 1825 de

216 1876 330 1948 τῆς
354 1841 583 1931 καθόδου
617 1876 729 1947 (77)
756 1873 864 1945 τῶν
894 1841 1289 1943 εὐγενεστέρων
1323 1841 1534 1942 (πλυχῶν⁷
1558 1841 1793 1942 παραγε-

1912 1862 2072 1933 255
2100 1864 2311 1917 diversa
2340 1873 2534 1918 natura
2579 1862 2874 1925 seminum,
2901 1866 3045 1916 unde
3077 1868 3382 1916 sumantur.
3418 1859 3491 1914 At

216 1969 472 2039 νομένων
519 1969 598 2031 είς
647 1966 739 2020 τὸν
787 1965 899 2037 βίον
948 1963 1135 2017 τοῦτον
1182 1961 1320 2035 μετὰ
1363 1960 1471 2016 τῶν
1518 1960 1803 2034 σωτηρίων

218 2058 563 2130 σπερμάτων
588 2096 603 2121 ,
634 2057 725 2110 καὶ
756 2055 1210 2127 παραγενομένων
1242 2071 1309 2124 γε
1340 2053 1501 2108 οἱονεί⁵
1534 2051 1803 2114 ἀκουσίως

223 2148 368 2218 μετὰ
392 2147 695 2220 στεναγμοῦ
713 2187 729 2213 ,
758 2146 1208 2218 ἐπανερχομένων
1256 2146 1314 2200 δέ
1359 2146 1417 2199 ἐν
1462 2144 1800 2214 ἀγαλλιάσει,

226 2238 311 2295 διὰ
333 2238 395 2293 16
428 2238 606 2303 καλῶς
629 2238 1040 2310 γεωργηκέναι,
1082 2239 1178 2292 καὶ¹
1214 2235 1510 2309 ηὐξηκέναι
1531 2274 1546 2297 ,
1577 2236 1673 2289 καὶ
1700 2251 1800 2287 πε-

219 2329 589 2400 πληθυγκέναι
610 2327 680 2382 τά
707 2328 1019 2401 σπέρματα,
1048 2326 1168 2399 μεθ’
1197 2322 1273 2381 ὧν
1297 2325 1635 2398 ἐληλύθασιν.
1672 2324 1802 2378 Ἀλ-

218 2418 314 2485 λος
351 2420 407 2475 δέ
449 2422 598 2475 ἐστιν
622 2422 652 2474 6
682 2420 920 2493 σπείρων
966 2421 1062 2475 καί⁸
1094 2420 1254 2485 ἄλλος
1297 2421 1328 2475 6
1374 2418 1605 2492 θερίζων
1644 2421 1703 2473 ἐν
1727 2420 1796 2491 τῇ

219 2510 559 2585 προκειμένῃ
584 2510 748 2578 λέξει.

299 2690 389 2744 Η.
420 2690 530 2745 Καὶ
550 2692 667 2761 ἐρεῖ
696 2706 762 2759 γε
793 2691 824 2743 6
853 2689 1188 2764 Ἡρακλέων,
1217 2690 1357 2762 τάχα
1387 2689 1444 2744 δέ
1475 2688 1651 2760 τούτῳ
1680 2687 1795 2763 (78)

216 2781 361 2836 κατὰ
385 2782 484 2855 τὴν
515 2781 741 2854 ἐκδοχὴν
769 2781 973 2854 ταύτην
1016 2782 1560 2854 συμπεριφερόμενός
1585 2800 1667 2846 τις
1700 2783 1798 2838 καὶ

223 2873 718 2946 ἐκκλησιαστικὸς,
771 2881 855 2933 ὃτι
905 2876 985 2949 τῷ
1066 2872 1207 2926 κατὰ
1246 2872 1341 2927 τό·
1380 2874 1482 2925 «Ὀ
1512 2873 1610 2944 μὲν
1643 2873 1793 2945 θερι-

220 2961 356 3033 σμὸς
394 2960 595 3027 πολὺς,
623 2962 673 3014 οί
716 2960 773 3014 δέ
819 2962 1047 3035 ἐργάται
1086 2963 1295 3032 ὀλίγοι,
1337 2983 1356 3015 ι
1410 2963 1793 3036 σημαινομένῳ

216 3052 414 3122 ὁμοίως
459 3049 629 3104 ταῦτα
667 3049 916 3123 εἴρηται,
945 3052 1025 3123 τῷ
1049 3054 1300 3125 ἑτοίμους
1330 3055 1466 3126 πρὸς
1508 3053 1788 3128 θερισμὸν,

218 3142 312 3195 καὶ
341 3140 676 3213 ἐπιτηδείους
696 3141 833 3212 πρὸς
861 3141 922 3195 16
949 3142 1048 3214 ἤδη
1079 3144 1190 3213 (79)
1225 3143 1554 3215 συναχθῆναι
1588 3149 1668 3210 είς
1690 3145 1789 3218 τὴν

217 3232 520 3306 ἀποθήκην,
549 3232 634 3286 διὰ
666 3232 766 3303 τῆς
795 3232 1029 3299 πίστεως
1058 3238 1138 3298 είς
1166 3236 1471 3291 ἀνάπαυσιν
1506 3233 1666 3299 εἶναι,
1695 3238 1790 3292 καὶ

214 3324 547 3394 ἐπιτηδείους
572 3322 707 3395 πρὸς
737 3324 1011 3396 σωτηρίαν
1033 3328 1129 3380 καὶ
1150 3328 1463 3400 παραδοχὴν
1487 3327 1581 3381 τοῦ
1605 3329 1788 3409 λόγου,

214 3414 355 3468 κατὰ
375 3414 473 3484 μὲν
498 3414 592 3467 τὸν
618 3414 963 3486 Ἡρακλέωνα
994 3416 1084 3474 διὰ
1107 3419 1205 3490 τὴν
1235 3420 1581 3492 κατασκευὴν
1608 3420 1790 3475 αὐτῶν

211 3507 306 3559 καὶ
335 3506 435 3578 τὴν
468 3505 628 3575 φύσιν
649 3523 663 3537 ’
694 3506 836 3561 κατὰ
895 3507 953 3563 δέ
998 3504 1089 3559 τὸν
1140 3507 1592 3574 ἐκκλησιαστικὸν
1614 3549 1629 3571 ,
1694 3515 1790 3568 καὶ

204 3594 296 3650 διά
323 3612 445 3650 τινα
487 3597 848 3669 εὐτρεπισμὺν
886 3597 981 3651 τοῦ
1026 3599 1356 3670 ἡγεμονικοῦ
1389 3601 1607 3673 ἑτοίμου
1651 3603 1790 3674 πρὸς

208 3685 523 3750 τελείωσιν,
565 3687 651 3740 ἴνα
699 3687 776 3759 μὴ
811 3688 906 3741 καὶ
951 3688 1194 3760 θερισθῇ.
1241 3690 1479 3745 Λεκτέον
1524 3688 1618 3747 οὖν
1650 3694 1788 3765 πρὸς

206 3778 332 3841 τοὺς
358 3776 532 3841 οὕτως
556 3777 965 3850 ἐκδεξαμένους,
991 3780 1040 3832 εἰ
1074 3779 1354 3849 βούλονται
1382 3780 1786 3852 παραδέξασθαι

213 3867 418 3938 μήποτε
451 3868 731 3938 γεγονέναι
758 3870 865 3943 πρὸ
890 3872 988 3941 τῆς
1011 3870 1106 3923 τοῦ
1134 3870 1385 3943 Σωτῆρος
1404 3871 1562 3943 ἡμῶν
1594 3871 1783 3944 ἐπιδη-

211 3959 337 4029 μίας
366 3959 620 4033 θερισμδν
651 3961 1033 4034 παραπλήσιον
1059 3961 1139 4032 τῷ
1165 3961 1338 4026 οὕτως
1366 3962 1433 4017 ἂν
1477 3962 1784 4016 ἐλπισθέντι

206 4051 316 4104 άπὸ
355 4051 462 4105 τῶν
502 4053 708 4124 χρόνων
752 4052 849 4107 τοῦ
901 4052 1257 4123 εὐαγγελικοῦ
1306 4053 1682 4125 κηρύγματος.
1719 4055 1783 4108 Ei

205 4141 314 4214 γὰρ
341 4141 419 4213 τῷ
466 4140 605 4196 εἶναι
646 4143 738 4196 τὸν
772 4143 1029 4215 θερισμὸν
1073 4143 1239 4199 πολὺν
1272 4143 1459 4198 πολλοὶ
1489 4142 1782 4197 πεπιστεύ-

205 4251 352 4298 κασι,
384 4234 627 4303 καίτοιγε
666 4233 862 4304 ὀλίγων
894 4235 1062 4290 ὄντων
1107 4235 1219 4290 τῶν
1262 4234 1510 4309 ἐργατῶν
1547 4234 1780 4290 ἀποστό-

202 4324 329 4387 λων,
353 4323 427 4387 ὡς
460 4324 596 4396 πρὸς
618 4324 681 4378 16
711 4325 912 4397 πλῆθος
944 4325 1052 4381 τῶν
1086 4326 1544 4398 παραδεξαμένων
1569 4325 1663 4380 τὸν
1686 4325 1776 4379 λό-

200 4431 332 4483 γον·
373 4416 491 4487 ἦτοι
543 4415 633 4469 διὰ
677 4415 739 4470 τὸ
771 4435 791 4469 ι
830 4415 1136 4472 Θεάσασθαι
1169 4417 1281 4489 (80)
1325 4418 1426 4482 τὰς
1465 4417 1670 4491 χώρας,
1694 4419 1775 4472 ὅτι

1911 1956 2053 2024 quod
2088 1968 2120 2007 e
2146 1954 2377 2009 Psalmis
2415 1953 2836 2024 proposuimus,
2870 1952 3149 2007 declarare
3179 1953 3309 2007 mibi
3338 1953 3491 2007 vide-

1910 2054 2000 2101 tur
2051 2046 2351 2099 animarum
2405 2045 2666 2100 nobilium
2696 2043 3049 2110 descensum,
3079 2058 3201 2113 quae
3244 2044 3494 2099 venerint.

1912 2136 1964 2190 in
1996 2136 2136 2190 hanc
2157 2134 2320 2189 vitam
2368 2150 2490 2188 cum
2520 2135 2848 2190 salutaribus
2883 2133 3206 2199 seminibus,
3258 2148 3492 2202 quaeque

1912 2224 2103 2278 invitae
2131 2224 2244 2278 fere
2272 2225 2522 2278 venerint
2556 2224 2923 2294 suspirantes,
2942 2223 3036 2278 sed
3068 2223 3334 2277 redierint
3364 2238 3489 2278 cum

1906 2317 2293 2381 exsultatione,
2324 2331 2389 2370 eo
2421 2317 2566 2386 quod
2612 2316 2832 2388 egregie
2880 2316 3271 2383 laboraverint,
3296 2324 3354 2374 et
3390 2333 3492 2372 au~

1906 2408 2109 2469 xerint,
2132 2416 2189 2461 et
2238 2407 2647 2476 mnltiplirarint
2684 2407 2895 2462 semina
2930 2421 3054 2462 cum
3100 2407 3299 2475 quibus
3328 2422 3490 2462 vene-

1906 2500 2222 2555 rant.Alius
2244 2509 2425 2555 autem
2455 2510 2535 2554 est
2570 2499 2663 2568 qui
2695 2499 2962 2563 seminat,
2993 2506 3055 2555 et
3088 2497 3229 2556 alius
3254 2499 3346 2569 qui
3382 2514 3490 2556 me-

1905 2592 1967 2646 tit
1998 2592 2064 2623 “
2084 2592 2136 2645 in
2167 2591 2416 2659 praesenti
2446 2590 2712 2645 orationis
2737 2599 3022 2647 contextu.
3076 2622 3085 2631 ι

1971 2684 2063 2740 44.
2092 2684 2352 2752 Dicetqne
2400 2683 2646 2754 profecto
2691 2682 3014 2748 lleracleon,
3042 2690 3101 2738 et
3140 2697 3326 2739 secum
3373 2682 3486 2739 for-

1903 2779 2067 2832 tassis
2110 2777 2358 2832 sentiens
2410 2777 2552 2832 alius
2591 2776 2759 2832 etiam
2806 2775 3234 2844 ecclesiasticus,
3257 2786 3486 2847 propter

1901 2869 2044 2923 lianc
2067 2868 2480 2936 expositionem,
2510 2868 2627 2923 lucc
2655 2867 2821 2923 verba
2848 2868 2991 2923 dicta
3026 2867 3198 2935 fuisse
3224 2869 3281 2924 in
3312 2883 3378 2924 ea
3406 2867 3485 2924 si-

1899 2961 2251 3031 gnitieatione
2279 2976 2383 3030 qua
2420 2960 2626 3014 dictum
2656 2968 2804 3014 estu
2824 2960 3014 3016 Messis
3038 2960 3256 3031 quidem
3285 2960 3480 3025 multa,

1897 3051 2135 3120 Operarii
2186 3061 2366 3106 autem
2433 3052 2590 3121 pauci
2627 3050 2696 3115 ⁸⁸,
2732 3067 2753 3102 ι
2775 3065 2841 3106 eo
2870 3052 3012 3120 quod
3034 3050 3211 3119 parati
3241 3051 3310 3105 ad
3338 3064 3481 3105 mese
3520 3062 3525 3067 ‘

1898 3159 2033 3210 sem,
2061 3155 2117 3199 et
2145 3143 2322 3199 idonei
2348 3144 2441 3212 qui
2466 3142 2579 3211 jam
2607 3142 2939 3198 inducantur
2984 3142 3039 3197 in
3071 3142 3480 3210 horreum,th

1897 3237 1950 3290 in
1976 3237 2165 3306 requie
2207 3252 2303 3304 per
2336 3236 2519 3302 tidem,
2551 3244 2714 3305 atque
2746 3234 2925 3290 idonei
2954 3235 3021 3291 ad
3062 3236 3294 3304 saltuem
3324 3244 3383 3292 et
3408 3236 3478 3315 ad

1890 3330 2288 3399 susceptionem
2325 3330 2473 3384 verbi
2523 3327 2667 3401 [Dei]
2699 3343 2716 3393 ;
2754 3328 3052 3383 secundum
3087 3327 3475 3386 Heracleonent

1890 3422 2133 3489 quidem,
2169 3422 2295 3490 quia
2349 3421 2489 3475 tales
2529 3420 2702 3475 creati
2734 3418 2963 3486 fuerint,
2994 3429 3051 3473 et
3078 3419 3239 3475 talem
3270 3419 3477 3475 habue-

1890 3512 2001 3566 rint
2032 3523 2280 3565 naturam
2311 3528 2327 3577 ;
2355 3513 2653 3567 secundum
2680 3511 3120 3567 ecclesiasticum
3165 3524 3317 3576 vero,
3347 3525 3475 3579 pro-

1888 3610 2011 3672 pter
2040 3604 2331 3672 quamdam
2355 3603 2667 3672 diligentem
2712 3602 3162 3672 prarparationetn
3193 3601 3315 3671 ejus
3343 3615 3469 3670 par-

1887 3691 1957 3746 tis
1986 3692 2184 3746 anintm
2204 3707 2323 3759 quae
2348 3692 2796 3760 praestantissima
2823 3700 2930 3756 est,
2973 3701 3180 3761 parata:
3195 3697 3252 3743 et
3289 3703 3475 3759 prom-

1886 3793 1994 3851 ptae
2024 3782 2090 3836 ad
2120 3778 2512 3848 perfectionem
2532 3818 2549 3844 ,
2580 3789 2639 3832 ut
2669 3793 2736 3833 ue
2767 3778 2933 3833 etiam
2976 3786 3228 3833 metatur.
3257 3776 3365 3832 Sed
3390 3777 3475 3832 di-

1883 3874 2112 3929 cendum
2139 3880 2224 3925 est
2254 3870 2447 3940 bisqui
2478 3868 2624 3924 hunc
2645 3870 2698 3925 in
2728 3870 2944 3925 modum
2970 3876 3365 3939 exposuerunt.
3399 3881 3469 3921 an

1885 3963 2053 4017 velint
2083 3961 2375 4016 admittere
2406 3975 2682 4030 nunquam
2721 3960 2920 4015 factam
2968 3959 3136 4015 fuisse
3177 3968 3305 4015 ante
3337 3956 3470 4013 Ser-

1883 4055 2090 4110 vatoris
2124 4055 2293 4110 nostri
2324 4055 2612 4109 adventum
2653 4066 2885 4109 messem
2913 4052 3145 4109 similem
3178 4052 3254 4108 illi
3300 4053 3465 4109 messi
3576 4054 3593 4073 ‘

1882 4162 2003 4215 qua!
2024 4146 2101 4200 sic
2122 4145 2482 4214 Sperabatura
2502 4142 2830 4214 temporibus
2848 4142 3175 4213 evangelica:
3199 4143 3464 4212 praedica-

1882 4240 2063 4293 tionis.
2093 4237 2223 4291 Nam
2245 4238 2310 4301 si,
2327 4238 2453 4307 'quia
2476 4246 2595 4293 erat
2612 4237 2803 4293 messis
2824 4236 3015 4300 multa,
3035 4234 3192 4290 multi
3218 4235 3466 4290 credide-

1881 4338 2341 4398 runt,quanquatn
2363 4328 2546 4398 paucis
2559 4326 2948 4382 exsistentibus
2964 4324 3232 4396 operariis
3248 4331 3465 4393 aposto-

1879 4419 1966 4487 lis,
1998 4422 2405 4491 comparatione
2436 4418 2796 4473 multitudinis
2823 4413 3463 4485 suscipientiumverbum

200 4505 387 4559 λευκαί
406 4507 514 4560 είσι
544 4506 681 4576 πρὸς
709 4504 961 4579 θερισμὸν
993 4508 1115 4580 ἢδη,
1156 4527 1175 4561 ι
1207 4508 1379 4573 οὐδεὶς
1409 4509 1515 4582 πρὸ
1540 4509 1641 4580 τῆς
1672 4525 1776 4562 σω-

1901 4512 1972 4568 )ei
2008 4528 2023 4576 ;
2061 4512 2143 4566 vel
2169 4522 2390 4581 propter
2418 4512 2545 4567 illud
2585 4529 2598 4564 :
2636 4528 2655 4561 ι
2682 4506 2875 4563 Videte
2906 4506 3155 4575 regiones
3174 4504 3283 4572 jam
3310 4502 3464 4559 albas

200 4597 435 4668 ματικῆς
462 4596 556 4650 τοῦ
587 4597 838 4668 Σωτῆρος
881 4598 1038 4673 ἡμῶν
1081 4599 1374 4671 ἐπιδημίας
1413 4599 1770 4665 πεπίστευκε,

195 4689 314 4744 ἀλλ’
339 4689 461 4743 οὐδὲ
478 4689 669 4759 γέγονέ
694 4707 777 4754 τις
797 4690 1159 4745 πιστευόντων
1182 4692 1441 4763 ἐργάτης,
1463 4691 1600 4764 ὅπερ
1624 4692 1774 4746 ἐστὶν

196 4780 541 4863 ἀτοπώτατον
572 4781 822 4851 φάσκειν,
855 4781 1127 4855 ’Δὸραὰμ,
1155 4784 1250 4837 καὶ
1278 4783 1502 4849 Μωσέα,
1526 4782 1773 4846 καὶτοὺς

198 4872 482 4943 προφήτας
515 4872 652 4943 μήτε
680 4873 780 4943 τὴν
804 4872 912 4925 τῶν
943 4872 1190 4943 ἐργατῶν
1223 4872 1515 4944 ἐσχηκέναι
1560 4870 1770 4944 χώραν,

201 4965 334 5036 μήτε
364 4963 462 5034 τὴν
498 4963 607 5017 τῶν
641 4963 998 5035 θεριζομένων
1023 4981 1038 4996 ο
1068 4963 1137 5036 ἢ,
1170 4963 1329 5036 εἴπερ
1374 4964 1469 5018 καὶ⁵
1505 4963 1769 5037 πρότερον

196 5054 478 5123 γεγόνασιν
520 5054 747 5126 ἐργάται
789 5055 885 5109 καὶ
932 5054 1190 5126 θερισμὸς
1238 5053 1392 5127 (8|),
1426 5053 1580 5108 οὐδὲν
1629 5053 1770 5120 δόξει

197 5142 492 5213 παράδοξον
535 5145 566 5197 6
610 5144 799 5218 Σωτὴρ
841 5143 1272 5213 ἐπαγγέλλεσθαι
1313 5146 1427 5209 τοῖς
1477 5143 1770 5217 ἐπαίρουσι

261 5260 308 5292 ³⁸
330 5259 487 5314 Joan.
539 5274 615 5325 tv,
643 5260 733 5315 57.
810 5263 856 5295 “
893 5262 1093 5332 Matth,
1132 5280 1207 5331 ιχ,
1238 5263 1330 5320 57.
1403 5268 1451 5303 ⁸⁸
1478 5266 1634 5323 Joan.
1668 5282 1745 5334 tv,
1768 5267 1860 5324 35.

220 5378 374 5460 “(77)
401 5380 541 5444 Περὶ
565 5367 1001 5460 τῆςῄκιιθόδου,Δ
1018 5396 1128 5440 etc.
1165 5385 1300 5441 Vide
1321 5386 1772 5460 Origenianorunt

426 5450 635 5521 quaest.
666 5453 722 5519 6,
770 5469 923 5510 num.
975 5456 1031 5522 4,
1066 5465 1124 5510 et
1160 5465 1293 5512 tom.
1345 5450 1522 5512 xx'in
1576 5457 1767 5527 10am,

198 5536 341 5575 num.
359 5536 414 5576 Ζ.

262 5589 371 5667 (78)
408 5592 614 5667 Τούτῳ.
651 5589 744 5667 ξιτ
771 5593 931 5667 codd.
966 5593 1296 5667 Bodleianus
1323 5605 1377 5649 et
1399 5594 1761 5667 Barberinns;

197 5657 407 5732 Regius,
444 5657 623 5719 τοῦτο.
658 5661 827 5717 Paulo
861 5673 983 5732 post
1023 5666 1077 5720 in
1112 5664 1408 5719 Bodleiano
1457 5676 1514 5722 et
1557 5657 1763 5723 Barbe;

198 5731 310 5805 [inn
348 5729 647 5805 legitur61t
672 5731 750 5804 τῷ
780 5729 922 5788 κατὰ
945 5734 1004 5787 τό
1028 5751 1040 5766 ’
1079 5735 1138 5787 Ὁ
1185 5734 1442 5805 θερισμὸς
1488 5735 1673 5801 πολὺς,
1711 5739 1761 5792 οί

196 5796 249 5852 δὲ
282 5796 508 5870 ἐργάται
532 5796 1132 5875 ὀλίγοιὶσημαινομένσε»
1176 5796 1378 5876 ὁμοίως
1400 5796 1571 5862 ταῦτα
1610 5796 1761 5877 εἷρηο

1880 4617 2001 4659 csse
2018 4604 2086 4656 ad
2113 4618 2347 4658 messem
2376 4603 2480 4666 ⁸⁸.»
2503 4601 2682 4656 nullus
2701 4609 2828 4653 ante
2841 4597 3178 4666 corporalem
3210 4594 3465 4651 Servato-

1881 4694 1959 4748 ris
1978 4692 2152 4747 nostri
2175 4696 2463 4747 adventum
2484 4691 2737 4754 credidit,
2759 4703 2936 4760 neque
2952 4688 3116 4743 etiam
3142 4687 3246 4741 fuit
3264 4685 3462 4756 aliquis

1879 4781 2161 4855 operarius
2193 4783 2566 4843 credentium,
2602 4781 2744 4848 quod
2773 4788 2858 4835 est
2895 4778 3337 4833 absurdissimum
3368 4776 3458 4830 di-

1879 4882 1995 4938 ctu,
2018 4872 2063 4927 si
2088 4871 2386 4935 Abraham,
2415 4879 2469 4925 et
2499 4868 2697 4935 Moses,
2733 4874 2789 4922 et
2825 4866 3100 4936 prophetat
3130 4878 3229 4918 nec
3263 4877 3460 4934 Opera-

1877 4967 2104 5028 riornm,
2129 4978 2227 5018 nec
2256 4977 2444 5018 eorum
2485 4960 2577 5031 qni
2613 4968 2821 5016 metunt
2862 4959 3099 5012 habeant
3122 4955 3297 5010 locum
3323 4992 3341 5019 ,
3372 4954 3457 5008 vel

1876 5055 1921 5110 si
1950 5057 2116 5109 etiam
2147 5063 2308 5108 antea
2339 5052 2493 5107 fuere
2517 5049 2786 5120 operarii,
2816 5048 3024 5116 fuitque
3070 5045 3284 5109 messis,
3318 5044 3454 5098 nibil

1877 5146 2200 5203 admirabile
2225 5145 2499 5201 videbitur
2521 5143 2864 5200 Servatorem
2883 5139 3206 5196 annnntiare
3230 5137 3454 5193 elevan-

1873 5405 1983 5461 ται,
2009 5390 2085 5461 τῷ
2104 5389 2386 5461 ᾲέτοίμους,
2419 5395 2526 5461 etc.
2557 5384 2970 5461 Reginsautem
3000 5380 3169 5461 habet
3193 5379 3275 5435 ὅτι
3302 5378 3447 5435 κατά

1869 5451 1981 5530 τό(
2010 5451 2068 5514 ’ὁ
2095 5451 2358 5530 θερισμὸς
2377 5451 2570 5530 πολὺς,
2600 5456 2650 5530 οἱ
2673 5454 2731 5509 δὲ
2764 5453 2992 5530 ἐργάτᾳι
3026 5451 3217 5530 ρλίγοιο
3248 5467 3449 5524 σημαιν-

1869 5528 2114 5601 νόμενον,
2141 5522 2344 5601 δμοίως
2373 5526 2547 5601 ταῦτα
2576 5522 3200 5601 είρηταιξτῷηέτοίμους,
3228 5522 3337 5577 etc.

1938 5595 2254 5668 (79)"11611.
2298 5596 2542 5668 Deestju
2579 5595 2768 5668 codice
2798 5595 3110 5668 Bodleiano.

1934 5661 2048 5735 (‘80)
2079 5661 2438 5737 Gedo'aa'dat.
2468 5664 2783 5737 Lugendum
2817 5665 3030 5737 videtur
3053 5661 3339 5737 θεάσασθε.

2091 5739 2261 5820 Chodd.
2296 5731 2618 5820 Bodleianus
2657 5748 2709 5793 et
2754 5735 3110 5802 Bnrberinus,
3132 5731 3391 5805 θερισμός
3421 5744 3436 5762 ⁶

1862 5806 2082 5878 Regius,
2120 5806 2387 5881 θερισμοί.
