3878 6210
468 392 570 448 ιτς)

1938 384 2064 443 0M

2171 385 2264 442 ιιε
3614 392 3697 449 180

469 512 614 566 tibus
645 512 852 573 oculos.
883 523 944 566 nt
973 510 1192 565 videant
1221 506 1471 576 regiones
1495 506 1611 579 jam
1643 504 1793 560 albas
1837 517 1959 559 esse
1984 503 2051 558 ad

2171 502 2283 568 ωὺς
2310 501 2643 574 ὀφθαλμοὺς,
2663 501 2751 555 ἵνα
2771 498 3073 554 θεάσωνται
3096 494 3194 562 τὰς
3223 496 3427 569 χώρας,
3449 500 3523 554 ὅτι
3542 500 3701 562 leoni

470 617 726 657 messem.
763 603 836 657 Et:
872 603 956 657 bis
996 602 1145 656 clare
1179 600 1413 670 perspici
1460 608 1639 667 potest
1679 595 1815 651 nihil
1861 609 2049 650 eorum

469 710 588 765 qua:
636 708 802 765 supra
857 692 1121 757 diximus,
1156 692 1257 746 hoc
1292 693 1343 744 itt
1396 689 1520 744 loco
1571 686 1796 755 intelligi
1829 686 1894 739 de
1922 699 2055 737 voce

470 763 682 838 titessis.
704 783 811 837 Sed
840 798 1016 854 neque
1042 783 1185 852 quod
1212 782 1354 851 apud
1375 779 1691 850 Apostolmn
1718 779 1770 831 in
1801 776 1910 830 alio
1938 776 2056 828 loco

469 874 966 937 consideravimus,
1027 875 1115 929 hic
1167 873 1467 943 congruit,
1515 872 1787 943 diceptcm
1835 884 1905 920 τι
1954 866 2054 934 Qui

470 982 634 1037 parte
675 966 947 1033 seminat,
977 980 1140 1035 parce
1175 975 1231 1022 et
1264 974 1464 1029 metet;
1501 971 1557 1018 et
1603 963 1696 1034 qui
1739 960 1974 1016 seminat
2003 958 2057 1013 in

471 1056 945 1112 benedictionibus
964 1095 981 1121 ,
1017 1059 1086 1113 de
1135 1056 1606 1112 benedictionibus
1653 1065 1709 1109 et
1738 1060 1908 1108 metet
1931 1049 1999 1103 ".
2030 1065 2054 1101 ι

543 1233 708 1306 256
745 1232 833 1288 £5.
875 1233 1200 1302 Quzeramus
1246 1236 1405 1305 igitur
1445 1235 1731 1304 septimam
1787 1229 2062 1302 signiﬁca-

475 1328 675 1380 tionem
706 1329 1122 1383 convenientem
1161 1329 1245 1383 liis
1274 1344 1395 1399 qua:
1429 1344 1595 1397 supra
1621 1327 1977 1383 disseruimus
2007 1338 2060 1377 Ill

474 1416 656 1471 illud:
699 1435 719 1469 ι
786 1417 975 1474 Nonne
1011 1433 1106 1473 vos
1159 1420 1363 1481 dicitis,
1411 1419 1556 1489 quod
1605 1419 1783 1473 adhuc
1833 1426 2064 1486 quatuor

473 1525 690 1565 menses
718 1519 867 1574 sunt,
899 1520 954 1565 et
993 1512 1184 1565 messis
1214 1513 1355 1566 venit
1386 1512 1410 1565 ?
1448 1531 1468 1564 ι
1498 1521 1555 1566 et
1592 1511 1644 1564 in
1674 1511 1776 1564 hoc
1804 1527 1819 1563 :
1866 1527 1886 1560 ι
1926 1507 2065 1562 Ecce

474 1602 594 1655 dico
622 1601 775 1655 vobis
805 1619 820 1657 :
865 1601 1062 1656 Levatc
1105 1603 1292 1657 oculos
1326 1611 1558 1668 vestros,
1581 1613 1635 1656 et
1676 1602 1853 1655 videte
1889 1601 2066 1669 regio-

475 1709 572 1747 nos
610 1692 723 1761 jam
759 1691 910 1747 albas
955 1707 1077 1748 esse
1115 1694 1182 1747 ad
1234 1708 1462 1747 messem
1502 1713 1515 1748 :
1560 1711 1579 1744 ι
1635 1693 1817 1761 sitque
1871 1690 2066 1745 messis

476 1783 630 1837 nobis
685 1783 841 1843 ratio,
891 1783 1007 1838 sive
1065 1784 1243 1838 oratio
1302 1793 1525 1854 aperta,
1561 1784 1628 1837 de
1674 1783 2065 1853 perspicuitate

2154 595 2262 648 εἱσι
2294 594 2430 666 πρὸς
2457 593 2719 666 θερισμὸν
2749 592 2873 664 ἤδη.
2921 591 3018 644 Ἐκ
3049 588 3255 644 τούτων
3288 588 3353 662 δὴ
3379 589 3582 648 δύναταί
3608 613 3700 664 πως

2156 682 2298 740 εἶναι
2341 687 2532 757 σαφὲς,
2564 687 2647 740 ὅτι
2682 684 2838 739 οὐδὲν
2881 682 2990 737 τῶν
3022 681 3440 755 προειρημένων
3485 684 3615 740 ἐστὶν
3634 689 3703 741 ὲν-

2159 778 2287 833 θάδε
2332 777 2623 849 νοούμενον
2667 775 2811 831 κατὰ
2852 775 2946 828 τὸν
2986 773 3272 847 θερισμὸν.
3323 773 3460 827 Ἀλλ’
3514 776 3622 831 οὐδὲ
3657 781 3705 833 τὸ

2162 871 2312 942 παρὰ
2355 870 2435 941 τῷ
2482 869 2792 941 ’Λποστὸλῳ
2837 871 2896 922 ὲν
2949 867 3094 939 ἄλλῳ
3135 866 3288 938 τόπῳ
3333 866 3514 939 νοηθὲν
3554 869 3705 925 ἐνθάδε

2159 962 2463 1034 ἐφαρμόσει
2495 960 2737 1030 λέγοντιο
2785 979 2804 1012 ι
2830 960 2887 1014 '0
2921 959 3164 1031 σπείρων
3205 958 3526 1030 φειδομένως
3562 962 3704 1031 φειδο-

2162 1054 2342 1125 μένως
2365 1054 2458 1108 καὶ
2484 1052 2725 1125 θερίσει·
2759 1051 2854 1106 καὶ
2882 1051 2912 1104 6
2956 1050 3198 1123 σπείρων
3230 1052 3317 1105 ἐπ’
3350 1052 3607 1123 εὐλογίαις
3642 1051 3705 1108 ὲκ*

2160 1145 2433 1214 εὐλογίαις
2456 1145 2548 1198 καὶ
2577 1144 2835 1216 θερίσει.»

2235 1239 2325 1294 45.
2339 1238 2513 1311 Ζητοῦ
2520 1256 2620 1310 μεν
2642 1234 2735 1293 οὖν
2758 1238 2986 1309 ἕϐδομον
2998 1235 3402 1308 σημαινόμενον
3420 1236 3711 1310 κατάλληλον

2161 1333 2274 1396 τοῖς
2304 1329 2826 1403 προαποδεδομένοις
2870 1328 2951 1393 είς
2993 1326 3055 1381 τό
3077 1344 3090 1357 ο
3131 1346 3150 1378 ι
3181 1329 3294 1398 Οὐχ
3340 1327 3495 1399 ὑμεῖς
3534 1326 3710 1396 λέγετε,

2162 1422 2246 1477 ὅτι
2274 1421 2615 1493 τετράμηνός
2644 1421 2785 1485 ὲστι,
2817 1419 2914 1475 καὶ
2959 1419 2987 1472 6
3021 1418 3283 1491 θερισμὸς
3312 1416 3563 1489 ἔρχεται;
3597 1438 3614 1471 ι
3640 1420 3715 1472 καὶ

2163 1516 2244 1577 εἰς
2272 1513 2333 1566 τό
2355 1528 2369 1541 ’
2410 1532 2429 1563 ι
2454 1512 2584 1566 Ἰδοὺ
2613 1512 2757 1580 λέγω
2779 1512 2940 1583 ὑμῖν⁸
2984 1509 3259 1582 Ἐπάρατε
3288 1509 3414 1571 τοὺς
3445 1507 3715 1580 ὀφθαλμοὺς

2165 1603 2343 1676 ὑμῶν,
2372 1603 2467 1658 καὶ
2490 1604 2758 1658 θεάσασθε
2788 1602 2886 1669 τὰς
2925 1601 3130 1675 χώρας,
3159 1602 3245 1656 ὅτι
3274 1600 3463 1654 λευκαί
3485 1602 3584 1654 εἰσι
3606 1601 3717 1672 πρὸς

2166 1695 2426 1769 θερισμὸν
2450 1694 2572 1767 ἤδη.
2610 1713 2629 1746 ι
2671 1695 2729 1748 Ὁ
2753 1695 2819 1767 δὴ
2855 1694 2983 1766 περὶ
3014 1693 3114 1765 τῆς
3148 1692 3450 1764 σαφηνείας
3473 1691 3573 1744 τῶν
3602 1690 3719 1763 Γραο

2168 1787 2284 1857 φῶν
2312 1787 2514 1858 τρανὴς
2555 1786 2739 1859 λόγος⁹
2775 1787 2808 1859 ἢ
2845 1789 2875 1842 6
2910 1786 3041 1858 περὶ
3080 1785 3177 1839 τοῦ
3198 1824 3214 1849 ,
3246 1785 3364 1849 πῶς
3400 1783 3565 1837 πάντα
3591 1785 3720 1838 ὃσαό

477 1875 878 1942 Scripturarmn
898 1874 1088 1944 (Vt'lllll
1106 1878 1378 1943 quoatodo
1405 1876 1586 1930 Omnia
1607 1890 1726 1944 qua:
1752 1874 1880 1929 fecit
1900 1875 2060 1937 Deus,

2171 1879 2299 1942 Θεὸς
2335 1878 2559 1950 ἐποίησε
2597 1877 2741 1932 καλά
2781 1876 2899 1931 λίαν
2924 1919 2939 1940 ,
2975 1894 3002 1930 ε
3032 1894 3194 1949 ρηται
3237 1878 3368 1948 ἡμῖν
3406 1878 3435 1930 6
3475 1875 3719 1948 θερισμὸς,

474 1970 587 2020 s'nt
625 1965 782 2020 valde
820 1965 958 2020 bona
987 1964 1075 2035 ³⁸).
1110 1982 1273 2036 quam
1321 1982 1551 2020 messem
1583 1967 1676 2035 qtti
1709 1965 1885 2029 metit.
1924 1964 2064 2020 duos

476 2060 682 2114 fructus
717 2061 951 2114 metendi
988 2059 1148 2114 habet
1177 2076 1193 2125 ;
1233 2060 1492 2123 alterum,
1517 2059 1663 2129 quod
1697 2057 1894 2128 accipit
1923 2072 2065 2111 mer-

475 2154 702 2214 cedem:
743 2152 1007 2217 alterum,
1063 2152 1207 2222 quod
1250 2151 1455 2221 colligit
1506 2151 1742 2207 fructum
1788 2149 1840 2204 in
1894 2149 2061 2204 vitam

475 2252 732 2302 attentam
760 2245 827 2299 ⁸³.
874 2245 940 2300 Et
978 2246 1218 2300 arbitror
1247 2259 1345 2315 per
1373 2260 1469 2300 eas
1496 2242 1916 2314 promissiones,
1942 2255 2065 2310 quae

477 2345 660 2407 postea
712 2334 908 2389 fatone
954 2343 1124 2397 sunt,
1152 2334 1309 2405 juxta
1345 2336 1399 2389 id
1434 2335 1581 2405 quod
1617 2334 1882 2404 scriptum
1928 2342 2009 2387 est
2044 2347 2060 2385 :

482 2447 503 2482 ι
541 2429 680 2483 Ecce
729 2428 1012 2493 Dominus,
1032 2438 1089 2482 et
1142 2443 1352 2483 merces
1379 2428 1497 2498 ejus
1527 2414 1580 2482 in
1625 2441 1786 2481 manu
1830 2424 1970 2492 eius,
2005 2434 2065 2479 ut

479 2523 667 2576 reddat
700 2520 993 2590 unicuique
1016 2519 1315 2575 secundum
1354 2534 1420 2576 ea
1460 2533 1582 2588 qua:
1602 2517 1906 2589 gesserit”
1929 2537 1949 2569 ι
1981 2517 2067 2571 di-

478 2625 626 2672 etum
666 2613 852 2675 fuisse,
884 2631 903 2664 ι
932 2613 1235 2668 mercedem
1259 2612 1458 2680 occipit
1485 2611 1533 2643 "
1564 2627 1580 2676 ;
1622 2630 1641 2663 ι
1678 2619 1905 2680 propter
1936 2624 2064 2681 pre-

480 2709 783 2763 venientem
813 2716 992 2762 autem
1022 2722 1091 2762 ex
1121 2709 1234 2776 ipsa
1263 2706 1576 2777 cognitione
1607 2705 1925 2769 utilitatem,
1943 2717 2065 2774 qua:

480 2812 549 2853 ex
571 2799 952 2854 se-seeundum
973 2808 1225 2853 naturam
1248 2799 1302 2853 in
1337 2807 1521 2853 mente
1550 2797 1709 2862 inest,
1727 2796 1887 2852 etiam
1907 2796 1961 2850 in
1980 2813 2067 2849 ων

481 2889 661 2943 tiouali
712 2898 905 2944 natura
968 2902 1068 2944 ceu
1126 2890 1402 2961 egregium
1446 2888 1701 2960 quiddam
1741 2896 1792 2943 et
1853 2886 2066 2958 insigne

480 2981 774 3044 assistens,
795 2982 959 3034 etiam
992 2990 1188 3050 prater
1217 2980 1613 3050 promissiones
1644 2994 1768 3051 quae
1794 2980 1915 3034 aliae
1940 2985 2068 3034 sunt

480 3071 549 3123 ab
584 3069 739 3138 ipsis,
776 3070 1040 3141 scriptum
1072 3069 1284 3125 fuisse:
1323 3088 1343 3123 ι
1370 3071 1581 3140 Colligit
1629 3070 1867 3125 fructum
1905 3070 1958 3124 in
1984 3067 2066 3123 vi-

481 3168 588 3215 tam
622 3164 951 3217 aeternam"
977 3181 993 3227 ;
1020 3181 1041 3217 ι
1078 3178 1202 3233 quae
1240 3176 1327 3218 res
1359 3164 1677 3219 beneﬁcium
1709 3163 1978 3232 quoddam
2010 3171 2066 3216 et

2164 1970 2344 2025 ὅντινα
2372 1971 2401 2023 6
2426 1968 2655 2039 θερίζων
2691 1968 2786 2023 δύο
2816 1968 3062 2041 καρποὺς
3094 1969 3188 2023 τοῦ
3221 1965 3458 2041 θερίζειν
3482 1968 3588 2040 ἔχει
3607 1985 3620 1997 ·
3642 1967 3720 2021 ἕνα

2169 2058 2289 2130 μὲν,
2311 2059 2392 2111 ὅτι
2420 2058 2688 2129 λαμϐάνει
2721 2058 2933 2129 μισθὸν,
2956 2057 3144 2130 ἕτερον
3169 2057 3227 2111 δὲ
3253 2058 3338 2111 ὃτι
3372 2056 3585 2125 συνάγει
3607 2073 3721 2129 καρ-

2166 2150 2266 2205 πὸν
2294 2153 2375 2214 είς
2404 2148 2549 2223 ζωὴν
2583 2148 2821 2205 αἰώνιον.
2860 2151 2970 2204 Καὶ
2996 2146 3202 2221 νομίζω
3234 2148 3324 2203 διὰ
3359 2149 3457 2221 μὲν
3491 2150 3586 2214 τὰς
3610 2148 3722 2220 μετὰ

2165 2243 2342 2298 ταῦτα
2373 2242 2711 2313 ἐπαγγελίας
2748 2244 3016 2314 ἐσομένας
3067 2242 3212 2297 κατά
3248 2242 3319 2296 τά
3352 2242 3720 2313 γεγραμμένου

2171 2354 2192 2388 ι
2213 2335 2346 2390 Ἰδοὺ
2369 2334 2595 2408 Κύριος,
2627 2336 2722 2389 καὶ
2746 2336 2776 2388 6
2813 2334 3005 2406 μισθὸς
3031 2333 3199 2389 αὐτοῦ
3225 2336 3284 2388 ὲν
3308 2338 3376 2407 τῇ
3400 2337 3543 2409 χειρὶ
3565 2334 3723 2400 αὐτοῦ,

2165 2427 2462 2482 ἀποδοῦναι
2487 2427 2704 2498 ἑκάστῳ
2735 2426 2877 2481 κατά
2908 2427 2970 2481 τὸ
3010 2427 3171 2498 ἔργον
3194 2425 3362 2481 αὐτοῦ
3388 2467 3404 2491 ,
3448 2446 3468 2478 ι
3504 2428 3726 2499 εἰρῆσθαι

2167 2521 2231 2575 τό
2253 2538 2268 2550 .
2301 2541 2317 2571 ,
2347 2520 2555 2576 Μισθδν
2593 2520 2860 2592 λαμϐάνει
2881 2537 2895 2551 ο
2935 2539 2954 2572 ι
2987 2519 3078 2574 διὰ
3115 2519 3171 2572 δὲ
3198 2519 3300 2592 τὴν
3328 2520 3431 2574 ἀπ’
3453 2521 3617 2591 αὐτῆς
3645 2519 3726 2590 τῆς

2166 2612 2398 2685 θεωρίας
2427 2611 2694 2681 ὠφέλειαν
2712 2652 2727 2677 ,
2758 2610 2985 2665 αὐτόθεν
3018 2610 3158 2664 κατὰ
3185 2609 3347 2680 φύσιν
3372 2606 3536 2666 οὖσαν
3559 2610 3629 2682 τῷ
3645 2610 3725 2682 νῷ,

2166 2705 2261 2758 καὶ
2292 2706 2358 2777 τῇ
2393 2704 2584 2776 λογικῇ
2614 2704 2775 2775 φύσει
2799 2703 2911 2776 (82)
2931 2701 3208 2776 ἐξαίρετον
3239 2704 3628 2775 τυγχάνουσαν.
3650 2702 3729 2757 καὶ

2165 2797 2337 2868 χωρὶς
2380 2796 2586 2869 ἐτέρων
2617 2796 2771 2869 παρά
2812 2795 3018 2867 ταύτην
3061 2794 3405 2863 ἐπαγγελιῶν
3448 2793 3729 2868 γεγράφθαι

2165 2889 2226 2942 τό
2252 2906 2266 2919 ο
2302 2907 2321 2940 ι
2362 2889 2593 2958 Συνάγει
2618 2888 2830 2961 καρπὸν
2874 2890 2956 2952 εἰς
2980 2887 3127 2959 ζωὴν
3150 2886 3401 2942 αἰώνων·
3445 2907 3464 2941 ι
3498 2889 3633 2960 ὅπερ
3652 2887 3729 2940 εὐ-

2166 2978 2398 3035 πάθειάν
2448 2997 2571 3034 τινα
2615 2980 2709 3034 τοῦ
2747 2978 3076 3051 ἡγεμονικοῦ
3118 2977 3308 3051 δηλοῖ,
3339 2979 3417 3044 ὡς
3456 2981 3552 3034 καὶ
3591 2981 3645 3033 ὲν
3665 2976 3731 3049 τῷ

2164 3072 2334 3147 τρίτῳ
2365 3071 2475 3129 τῶν
2504 3096 2515 3116 σ
2563 3074 2958 3146 Στρωματέων
3017 3073 3446 3145 παρεστήσαμεν
3468 3071 3732 3144 διηγοὺμι·

2165 3163 2366 3218 νοιτό·
2420 3182 2441 3215 ‹
2480 3162 2539 3217 '0
2570 3163 2763 3237 Πατήρ
2797 3180 2914 3226 σου,
2958 3164 2989 3217 6
3032 3161 3246 3233 βλέπων
3285 3163 3346 3219 ἐν
3385 3162 3464 3237 τῷ
3506 3162 3730 3238 κρυπτῷ,

482 3253 826 3315 rtunmmltun
857 3250 953 3306 τοῦ
998 3254 1332 3326 ἡγεμονικοῦ
1379 3254 1519 3328 [sive
1563 3257 1761 3310 mentis
1789 3254 2064 3324 principa-

2171 3251 2441 3308 ἀποδώσει
2468 3270 2550 3308 σοι
2580 3255 2640 3308 ὲν
2668 3228 2749 3325 si};
2780 3253 3001 3327 φανερῷ
3024 3228 3155 3327 (85).
3175 3272 3195 3307 ι

484 3348 595 3420 lis},
629 3350 896 3413 ostendit,
936 3351 1393 3419 quemadmodum
1429 3351 1483 3405 in
1527 3352 1691 3405 tertio
1739 3350 2047 3406 Stromatott
2095 3349 2234 3405 libro
2279 3348 2652 3420 exposuimus,
2689 3362 3010 3406 enarrantes
3054 3351 3258 3406 dictum
3302 3349 3481 3406 illud:
3537 3369 3557 3405 ι
3596 3349 3734 3406 Pater

482 3452 629 3509 tuus,
663 3444 755 3514 qui
786 3445 934 3500 videt
959 3446 1012 3498 in
1035 3444 1376 3511 abscondito,
1411 3446 1599 3501 reddet
1622 3446 1715 3501 tibi
1746 3447 1798 3501 in
1831 3446 2119 3501 manifesto
2132 3445 2200 3500 “.
2250 3464 2270 3499 ι

550 3537 640 3597 46.
671 3539 972 3596 lleracleen
1014 3541 1121 3597 dici
1151 3541 1463 3605 existimat,
1498 3560 1518 3594 ‹
1546 3543 1639 3613 qui
1669 3543 1841 3607 metit,
1867 3556 2079 3598 merce-

482 3632 602 3686 dem
657 3631 887 3703 accipit,
921 3652 941 3685 ι
994 3633 1258 3702 quoniam
1310 3633 1575 3688 Servator
1620 3635 1858 3703 seipsum
1920 3633 2070 3688 dicat

484 3739 801 3791 messorem,
837 3726 1255 3793 mercedemque
1283 3726 1494 3780 Domini
1522 3727 1699 3781 nostri
1732 3739 1853 3781 esse
1882 3726 2071 3782 existi-

483 3825 594 3868 mat
630 3831 818 3870 eorum
865 3816 956 3887 qui
1004 3826 1231 3883 metunt,
1273 3816 1504 3873 salutem
1545 3827 1601 3873 et
1643 3818 2068 3884 restitutionem,

483 3919 547 3958 eo
579 3907 721 3974 quod
753 3907 945 3975 ipsein
979 3907 1060 3962 eis
1089 3909 1428 3977 requiescat;
1470 3910 1524 3963 in
1567 3909 1653 3964 bis
1701 3924 1828 3966 vero
1862 3909 2066 3975 verbis,

491 4019 507 4050 ι
542 4009 596 4052 et
629 4000 862 4054 fructum
904 4002 1113 4071 colligit
1143 4003 1197 4057 in
1244 4003 1408 4056 vitam
1443 4015 1724 4070 :eternam,
1767 4023 1785 4054 ι
1831 4004 2065 4060 fructum

483 4091 687 4143 dictum
722 4089 890 4145 fuisse
918 4093 1219 4155 existimat,
1250 4095 1330 4145 vel
1364 4095 1489 4163 quia
1539 4095 1590 4148 id
1619 4093 1762 4164 quod
1791 4095 2069 4164 colligitur

485 4181 698 4236 fructus
756 4183 830 4237 sit
879 4185 1003 4237 vitae
1042 4193 1294 4248 :eternze,
1335 4185 1420 4239 vel
1473 4185 1598 4252 quia
1645 4186 1758 4253 ipsa
1817 4186 2067 4242 collectio

485 4272 592 4326 vita
615 4275 777 4328 etiam
808 4282 1010 4328 {eterna
1037 4285 1137 4328 est.
1179 4275 1249 4329 At
1282 4289 1407 4330 reor
1444 4274 1547 4329 ltoc
1588 4276 1641 4329 iu
1675 4275 1794 4330 loco
1820 4285 2063 4331 coactam

484 4380 606 4419 esse
661 4364 804 4420 illius
848 4365 1355 4434 interpretationem
1383 4406 1400 4432 ,
1442 4367 1673 4421 dicentis
1717 4366 2063 4422 Servatorem

484 4456 733 4525 accipere
794 4458 1123 4521 mercedem,
1157 4467 1213 4511 et
1262 4457 1645 4512 confundentis
1677 4456 1981 4510 mercedem
2010 4466 2066 4513 et

484 4546 861 4603 collectionem
921 4548 1130 4603 fructus
1160 4548 1213 4602 in
1247 4565 1438 4614 unum,
1478 4548 1767 4602 manifeste
1812 4548 1947 4602 duas
1978 4563 2066 4603 res

484 4637 767 4706 Scriptura
806 4640 857 4694 itt
901 4641 1077 4694 medio
1113 4651 1367 4709 ponente,
1401 4649 1462 4694 ut
1497 4654 1658 4708 supra
1703 4639 2062 4693 ostendinms.

484 4731 843 4796 Quamobrem
875 4734 919 4788 si
965 4734 1197 4790 assecuti
1237 4734 1435 4789 luimus
1480 4735 1837 4789 elevationem
1875 4733 2065 4790 oculo-

2238 3541 2328 3597 46.
2362 3542 2421 3597 '0
2447 3542 2506 3597 δὲ
2532 3541 2847 3615 ’Πρακλέων
2869 3540 2930 3596 τό
2954 3558 2968 3573 ·
3006 3560 3027 3594 ι
3048 3541 3107 3596 '0
3133 3540 3366 3614 θερίζων
3397 3541 3594 3614 μισθὸν
3616 3541 3734 3612 λαμυ

2119 3688 2135 3703 ,
2168 3633 2344 3699 δάνει,
2381 3655 2401 3688 ι
2434 3635 2685 3709 εἰρῆσθαι
2726 3636 2935 3707 νομίζει
2958 3676 2974 3700 ,
3009 3637 3133 3690 ἐπεὶ
3164 3635 3422 3708 θεριστὴν
3448 3636 3638 3690 ἑαυτὸν
3659 3632 3735 3687 λέ-

2168 3743 2255 3796 γει
2277 3730 2306 3782 6
2334 3729 2555 3802 Σωτὴρ,
2587 3730 2798 3784 καὶτὸν
2831 3728 3029 3800 μισθὸν
3065 3728 3161 3782 τοῦ
3190 3728 3402 3801 Κυρίου
3433 3730 3593 3801 ἡμῶν
3618 3730 3735 3782 ὑπο-

2167 3818 2433 3891 λαμϐάνει
2470 3816 2611 3875 εἶναι
2641 3819 2741 3893 τὴν
2788 3819 2898 3874 τῶν
2931 3818 3297 3893 θεριζομένων
3344 3821 3620 3893 σωτηρίαν
3655 3818 3735 3873 καὶ

2167 3909 2613 3964 ἀποκατάστασιν
2642 3908 2723 3981 τῷ
2744 3909 3120 3965 ἀναπαύεσθαι
3148 3910 3316 3964 αὐτὸν
3338 3911 3428 3965 ἐπ’
3449 3912 3656 3975 αὐτοῖς·
3679 3908 3731 3963 τὺ

2166 4000 2222 4054 δέ
2244 4015 2258 4029 ·
2293 4019 2312 4052 ι
2353 4002 2465 4054 Καὶ
2496 4002 2719 4070 συνάγει
2744 4002 2956 4074 καρπὸν
2996 4004 3079 4067 εἰς
3121 4001 3270 4074 ζωὴν
3294 4000 3541 4067 αἰώνιον,
3575 4022 3594 4055 ι
3621 4018 3734 4075 καρ-

2167 4092 2270 4146 πὸν
2295 4093 2545 4165 εἰρῆσθαί
2570 4110 2737 4165 φησιν
2759 4093 2874 4166 (84)
2896 4135 2911 4160 ,
2948 4093 2982 4166 ἢ
3015 4094 3099 4148 ὃτι
3130 4094 3192 4147 τὸ
3222 4095 3591 4166 συναγόμενον
3612 4110 3734 4166 καρ-

2168 4184 2268 4240 πὸς
2300 4184 2447 4254 ζωῆς
2469 4185 2689 4239 αἰωνίου
2709 4185 2879 4249 ἐστὶν,
2900 4184 2928 4238 ὃ
2956 4185 3049 4238 καὶ
3075 4183 3210 4237 αὐτὸ
3227 4182 3338 4255 (85)
3370 4185 3488 4257 ζωὴ
3518 4183 3730 4246 αἰώνιος.

2179 4272 2337 4327 Ἀλλὰ
2368 4274 2592 4328 αὐτόθεν
2625 4275 2833 4347 νομίζω
2863 4275 3037 4347 βίαιον
3074 4270 3213 4329 εἶναι
3241 4275 3340 4346 τὴν
3368 4275 3620 4348 διήγησιν
3642 4273 3730 4328 αὖ·

2165 4362 2291 4428 τοῦ,
2322 4365 2624 4433 φάσκοντος
2659 4365 2751 4420 τὸν
2782 4367 3013 4439 Σωτῆρα
3061 4364 3253 4438 μισθὸν
3296 4365 3624 4440 λαμϐάνειν,
3652 4362 3736 4419 καὶ

2168 4455 2489 4527 συγχέοντος
2513 4456 2604 4511 τὸν
2636 4455 2830 4528 μισθὸν
2861 4460 2957 4512 καὶ
2987 4456 3087 4530 τὴν
3122 4457 3451 4530 συναγωγὴν
3480 4458 3577 4513 τοῦ
3616 4472 3735 4527 καρ-

2167 4547 2269 4602 ποῦ
2294 4551 2374 4612 είς
2401 4549 2481 4614 ἓν,
2498 4549 2757 4623 ἄντικρυς
2771 4552 2871 4623 τῆς
2899 4552 3121 4625 Γραφῆς
3144 4550 3239 4605 δύο
3262 4550 3570 4624 πράγματα
3590 4565 3736 4622 παρι-

2166 4640 2396 4712 στάσης,
2423 4641 2501 4706 ὡς
2528 4641 3043 4716 προδιηγησάμεθα.
3074 4644 3136 4698 Εἰ
3165 4643 3344 4697 τοίνυν
3366 4644 3734 4697 ὲπιτέτευκται

2165 4735 2354 4806 ὴμῖνὴ
2399 4733 2628 4808 ἔπαρσις
2660 4734 2770 4790 τῶν
2810 4735 3184 4790 άποστολικῶν
3230 4734 3561 4807 ὀφθαλμῶν,
3593 4734 3737 4804 καὶὴ

485 4841 602 4879 rum
630 4826 1072 4894 apostolicormn,
1109 4828 1484 4898 visionemque
1530 4827 1810 4898 regionum
1850 4825 1963 4895 jam
1994 4825 2061 4879 ad

2171 4827 2265 4882 θέα
2290 4825 2401 4881 τῶν
2435 4826 2628 4899 χωρῶν
2670 4826 2881 4881 λευκῶν
2919 4827 3020 4898 ἥδη
3063 4826 3202 4899 πρὸς
3248 4827 3514 4899 θερισμὸν
3554 4826 3736 4887 οὐσῶν,

483 4934 714 4975 messem
748 4918 1015 4986 albarum,
1043 4923 1233 4977 eodem
1265 4924 1424 4977 modo
1447 4930 1700 4977 accurate
1727 4921 2064 4990 inquiramns

483 5019 699 5082 oportet
735 5011 866 5081 quid
888 5012 961 5066 sit
988 5014 1090 5069 hoc
1128 5014 1331 5068 dictum
1366 5033 1379 5068 :
1427 5032 1447 5065 ι
1487 5014 1558 5070 Ut
1597 5013 1688 5083 qui
1715 5011 1967 5075 seminat,
1991 5010 2070 5066 si-

485 5103 592 5157 mnl
618 5103 872 5173 gaudeat,
896 5112 949 5157 et
967 5103 1058 5174 qtti
1083 5106 1238 5159 metit
1259 5106 1327 5159 ".
1347 5125 1365 5157 ι
1394 5104 1659 5158 ExiStimo
1682 5101 1845 5173 igitur
1861 5117 1985 5155 eum
2007 5100 2065 5156 in

483 5195 626 5249 onmi
657 5207 795 5263 arte,
821 5204 875 5253 et
898 5195 1149 5261 scientia,
1171 5211 1291 5267 qttze
1323 5195 1566 5266 pluribus
1602 5193 2065 5263 speculationibus

484 5295 714 5353 constet,
768 5288 1082 5355 seminare,
1140 5288 1233 5359 qui
1290 5286 1553 5356 principia
1607 5283 1886 5350 inveniat;
1941 5298 2064 5353 qua:

2165 4919 2267 4991 ήδη
2317 4918 2625 4984 ἀκολούθως
2670 4918 2882 4981 τούτοις
2928 4918 3250 4985 ἐξεταστέον
3288 4918 3341 4971 τί
3399 4918 3498 4972 τόο
3538 4918 3681 4972 «Ἵνα
3711 4917 3737 4970 6

2168 5011 2409 5084 σπείρων
2440 5009 2578 5082 ὁμοῦ
2602 5010 2799 5083 χαίρῃ,
2832 5010 2928 5064 καὶ
2973 5013 3002 5064 6
3026 5009 3277 5082 θερίζων.
3313 5030 3333 5062 ι
3365 5006 3534 5082 Οἶμαι
3558 5010 3640 5082 δὴ,
3662 5009 3737 5062 ὅτι

2168 5102 2262 5156 ἐπὶ
2291 5103 2471 5174 πάσης
2511 5103 2611 5174 τῆς
2635 5103 2701 5155 ἐκ
2731 5101 2992 5156 πλειόνων
3034 5101 3410 5174 θεωρημάτων
3441 5103 3632 5174 τέχνης
3652 5097 3739 5154 καὶ

2168 5195 2498 5267 ἐπιστήμης,
2520 5193 2733 5266 σπείρει
2764 5192 2865 5265 μὲν
2893 5195 2922 5248 6
2953 5192 3051 5259 τάς
3075 5192 3253 5266 ἀρχάς
3281 5193 3570 5265 εὑρίσκων,
3601 5192 3741 5247 ἄστι-

2167 5300 2267 5350 νας
2309 5286 2485 5358 ἕτεροι
2534 5285 3058 5358 παραλαμϐάνοντες
3075 5324 3093 5352 ,
3134 5286 3232 5341 καὶ
3264 5284 3741 5359 ἑπεξεργαξόμενοι

548 5402 665 5477 "‘Il
693 5404 819 5460 Cor.
855 5424 908 5464 ιι
934 5447 950 5474 ,
984 5410 1040 5466 6.
1115 5410 1164 5443 "'
1193 5408 1331 5467 Gen.
1374 5423 1415 5475 ι,
1455 5408 1545 5464 3|.
1617 5406 1664 5440 ”
1687 5402 1846 5461 Joan—
1873 5421 1950 5477 ιν,
1980 5406 2064 5464 ὅθι

2172 5407 2196 5439 ⁸
2218 5408 2328 5467 lsa.
2369 5423 2459 5474 ιι..
2495 5410 2584 5467 10.
2662 5409 2707 5442 ⁸⁸
2732 5407 2892 5464 Joan.
2917 5422 2991 5475 tv,
3025 5406 3119 5465 56.
3193 5407 3242 5441 ”
3275 5407 3412 5465 ibid.
3483 5406 3529 5441 ’³
3554 5402 3740 5460 Hattlt.

486 5488 558 5538 γι,
587 5473 646 5528 4.
717 5477 764 5509 ³⁵
785 5473 944 5534 Joan.
980 5495 1055 5546 tv,
1080 5480 1176 5537 56.

514 5683 524 5694 ,
552 5613 668 5687 (82)
700 5617 815 5694 vox
845 5619 1007 5694 φύσει
1038 5624 1240 5678 excidit
1278 5640 1309 5680 e
1341 5625 1501 5680 codd.
1532 5623 1701 5694 [legio
1749 5631 1801 5677 el
1853 5621 2059 5678 llarbc-

488 5689 641 5746 rino;
670 5689 770 5742 sed
799 5690 1107 5745 restituitur
1126 5710 1157 5746 e
1187 5695 1503 5749 Bodleiano.

553 5754 668 5830 (83)
713 5756 810 5811 Ἐν
834 5757 915 5830 τῷ
942 5761 1198 5830 φανερῷ.
1236 5763 1391 5817 Deest
1427 5765 1479 5819 iu
1509 5767 1666 5823 codd.
1697 5765 1996 5821 Bat‘ltcriuo
2015 5772 2068 5818 et

484 5824 691 5898 Regio;
739 5830 832 5885 sed
860 5824 1059 5901 legitur
1089 5824 1156 5886 iu
1190 5830 1505 5889 Bodleiano.

2242 5622 2357 5692 (84)
2392 5619 2634 5690 Καρανὸν
2659 5619 2939 5692 εὶρῆσᾷαι
2984 5633 3194 5692 φησιν.
3215 5611 3657 5692 ln_coild._li_rgio
3690 5616 3741 5663 ct

2172 5684 2657 5761 Barberiuu'deest
2680 5684 2921 5761 ααρπόν.
2952 5684 3004 5742 ai
3039 5684 3241 5761 legitur
3277 5687 3329 5741 in
3359 5684 3668 5761 Bmlleia__no.

2245 5762 2379 5833 (85),
2402 5760 2628 5833 Ἑστὶν,
2663 5749 2843 5833 asia)
2875 5761 3043 5833 αὐτὸ.
3070 5749 3175 5815 εἷς.
3214 5754 3360 5830 Lego
3386 5770 3507 5811 cum
3548 5749 3736 5807 Ferra-

2166 5830 2263 5889 rio'
2281 5830 2452 5896 ἐστὶν,
2484 5830 2515 5901 ἢ
2538 5832 2621 5886 ὃτι
2648 5831 2740 5886 καὶ
2774 5830 2937 5901 αὐτὸ,
2961 5840 3068 5885 etc.
