3878 6210
514 333 619 392 483

2000 330 2314 389 ORiGENIS
3652 339 3735 394 tat

515 454 582 507 ab
603 449 825 507 Oriente
853 456 907 502 et
935 443 1230 502 Occidente
1254 444 1508 510 veniant,
1536 453 1587 501 et
1621 443 1943 501 accumbam
1970 464 2090 501 cum

2197 450 2291 503 ἀπ’
2315 447 2586 503 ἀνατολῶν
2616 447 2709 502 καὶ
2737 447 2956 518 δυσμῶν
2982 446 3175 519 ἥξουσι
3203 447 3298 502 καὶ
3329 448 3731 525 ἀνακλιθήσονται

512 542 808 603 Abraham,
830 547 884 592 et
914 537 1088 599 lsaac,
1118 543 1175 591 et
1198 534 1370 591 Jacob
1411 535 1466 590 in
1506 551 1673 606 regno
1714 538 1976 593 caelorum
1997 541 2036 591 ¹.
2067 559 2085 590 ι

511 629 631 685 Jam
656 643 784 684 vero
822 642 1037 681 onmem
1081 626 1443 681 semiuautem
1491 642 1612 680 cum
1659 628 1810 682 omni
1858 636 2092 684 nit-lente

512 724 747 793 gaudere
776 719 820 774 si
848 733 970 788 quis
1005 717 1244 787 ambigat
1274 718 1591 781 admittere,
1618 719 1923 775 consideret
1948 720 2089 789 quod

508 812 696 881 aliquo
727 807 886 863 modo
915 808 1107 863 messis
1149 807 1247 861 fuit
1277 808 1685 863 transformatio
1708 808 1858 873 Jesu,
1886 810 1977 879 qui
2013 811 2093 863 vi-

512 920 606 960 sus
635 914 719 960 est
749 902 804 958 in
837 902 1030 973 gloria,
1068 918 1173 955 non
1220 902 1393 957 solum
1435 903 1761 957 metentibus
1788 902 1968 967 Petro,
1996 903 2091 958 .la-

511 998 647 1052 cobo
677 1005 732 1051 et
753 994 968 1060 Joanni,
996 993 1085 1062 qui
1136 1008 1255 1047 cum
1289 993 1405 1062 ipso
1440 994 1801 1049 ascenderant
1830 996 1873 1059 ',
1907 1009 2090 1049 verum

510 1090 674 1145 etiam
708 1086 1129 1143 srtniuatoribtts
1163 1085 1296 1140 Mosi
1331 1094 1387 1139 ιιι
1421 1086 1586 1140 Elim:
1629 1102 1752 1141 cum
1787 1088 1919 1156 ipsis
1947 1089 2091 1143 enim

510 1180 717 1252 pariter
743 1179 1002 1248 gaudent,
1032 1179 1285 1232 videntes
1312 1176 1543 1247 gloriam
1569 1176 1692 1232 Filii
1726 1177 1842 1243 Dei,
1874 1195 2034 1249 quam
2063 1196 2091 1234 a

511 1271 673 1327 Patre
708 1270 1029 1325 illustratam
1053 1309 1069 1333 ,
1107 1268 1579 1338 illustrantemque
1618 1268 1892 1334 videntes,
1934 1279 2094 1324 antea

513 1378 618 1416 non
650 1362 900 1415 viderant
946 1359 1124 1414 Moses
1151 1367 1205 1411 et
1236 1356 1404 1421 Elias,
1437 1365 1495 1409 ut
1536 1373 1682 1413 nunc
1710 1359 1894 1415 vident
1933 1361 2095 1417 simul
2128 1346 2133 1352 ’

512 1469 634 1506 eum
665 1452 872 1507 sanctis
892 1450 1170 1519 apostolis.
1193 1448 1427 1504 Perinde
1453 1457 1655 1515 autem,
1685 1451 1843 1519 quasi
1875 1452 2095 1505 univer-

512 1544 626 1598 sale
657 1544 729 1598 sit
768 1544 869 1597 hoc
913 1543 1149 1609 dictum,
1181 1542 1450 1597 sumimus
1495 1558 1508 1596 :
1552 1561 1571 1593 ι
1623 1541 1719 1596 llle
1758 1543 1848 1611 qui
1897 1543 2091 1608 metit,

519 1635 822 1688 mercedem
870 1633 1104 1701 accipit,
1140 1641 1197 1686 et
1231 1640 1531 1702 congregat
1572 1630 1809 1686 fructum
1844 1631 1895 1685 in
1926 1633 2093 1685 vitam

511 1736 807 1786 :I-ternam;
839 1729 896 1774 ut
924 1721 1016 1791 qni
1046 1721 1281 1775 seminat
1306 1721 1465 1773 simul
1494 1722 1748 1791 gaudeat,
1783 1721 1945 1789 etqui
1979 1737 2095 1775 me-

441 1804 447 1808 ’
515 1817 577 1869 tit
600 1816 641 1879 ³,
690 1832 707 1865 ι
749 1828 815 1867 eo
845 1814 987 1880 quod
1018 1814 1068 1867 in
1102 1812 1454 1883 sequentibus
1483 1814 1664 1883 plures
1693 1813 1943 1865 dicantur
1973 1826 2091 1867 esse
2124 1798 2167 1855 Β

511 1905 601 1975 qni
637 1914 865 1969 metunt,
911 1912 968 1959 et
1016 1903 1200 1973 plures
1249 1904 1344 1974 qui
1384 1903 1778 1968 laboraverint,
1834 1902 2090 1960 nimirum

514 1996 928 2052 inseminando.
961 1995 1171 2050 Dicitur
1218 1996 1362 2051 enim
1405 1994 1571 2051 veluti
1619 1994 1685 2048 ad
1722 1995 1921 2049 multos
1949 2009 2095 2051 mes-

512 2105 663 2145 sores
693 2108 708 2144 :
740 2108 759 2141 ι
790 2089 900 2158 Ego
924 2087 1047 2143 misi
1074 2103 1172 2143 vos
1216 2087 1282 2142 ad
1321 2086 1656 2149 metemlum,
1686 2085 1833 2154 quod
1862 2101 1956 2141 vos
1987 2102 2092 2140 non

513 2181 801 2237 laborastis
825 2183 866 2246 ⁵;
895 2199 916 2233 ι
937 2190 989 2235 ει
1017 2180 1173 2250 quasi
1201 2178 1355 2234 multi
1384 2179 1493 2233 sint
1512 2178 1605 2247 qui
1638 2177 1691 2231 in
1722 2178 1929 2234 semine
1955 2178 2097 2234 labo-

512 2272 789 2338 raverint,
823 2270 1083 2326 similiter
1122 2269 1359 2326 dicitur:
1393 2286 1412 2321 ι
1448 2268 1554 2323 Alii
1590 2268 1995 2332 laboraverunt,
2039 2276 2095 2323 et

510 2380 607 2421 vos
633 2365 686 2419 in
731 2365 972 2419 laborem
1004 2378 1194 2420 eorum
1232 2360 1503 2416 introistis
1526 2361 1572 2416 ⁸.
1608 2378 1626 2411 ι
1655 2359 1897 2415 Proinde
1927 2361 2096 2428 tequi-

510 2458 655 2512 valet
683 2455 978 2511 universali
1022 2456 1139 2510 hmo
1171 2453 1519 2523 propositio:
1564 2467 1584 2503 ι
1628 2450 1720 2507 llle
1761 2452 1853 2521 qui
1900 2452 2091 2516 metit,

512 2549 815 2605 merce-lem
866 2546 1062 2616 accipit
1102 2563 1116 2611 ;
1155 2563 1174 2596 ι
1215 2552 1270 2598 et
1324 2558 1521 2598 sensus
1573 2543 1698 2599 talis
1737 2552 1822 2598 est
1856 2558 1869 2593 :
1904 2541 2093 2598 Omnis

516 2660 537 2692 ι
579 2641 669 2711 qui
726 2642 902 2700 metit.
937 2637 1242 2693 lttcl'CCdetii
1289 2636 1510 2705 accipit,
1552 2644 1608 2691 et
1640 2645 1937 2707 congregat
1977 2635 2095 2690 fru-

510 2743 654 2786 ctum
689 2731 741 2784 iu
771 2731 936 2784 vitam
970 2738 1254 2794 aeternam,
1292 2739 1350 2780 ut
1384 2747 1401 2780 ι
1438 2726 1619 2783 onmis
1657 2745 1676 2779 ι
1706 2726 1798 2797 (ιυί
1835 2727 2088 2793 seminat,

509 2819 670 2875 sitnul
699 2821 947 2889 gaudeat,
990 2828 1045 2873 et
1083 2837 1102 2870 ι
1136 2819 1317 2874 omnis
1351 2834 1371 2870 ι
1433 2818 1523 2889 qui
1566 2818 1741 2873 metit.
1782 2836 1801 2870 ι
1842 2817 1966 2872 [huc
1998 2834 2095 2872 au-

512 2922 619 2965 tem
643 2911 807 2981 aliqui
839 2910 1057 2981 quidem
1080 2920 1326 2980 prompte
1355 2911 1664 2975 admittent,
1684 2925 1789 2964 non
1814 2909 2094 2980 ambigen-

513 3013 592 3056 tes
629 3002 757 3070 qniu
811 3002 1157 3055 manifestata
1211 3003 1322 3055 sint
1362 3002 1566 3056 sanctis
1605 3001 1866 3072 apostolis
1899 3001 1955 3055 in
1993 3001 2093 3055 ad-

508 3104 673 3145 ventu
695 3092 898 3146 Christi
932 3092 1024 3162 qui
1047 3092 1128 3145 eis
1158 3090 1450 3146 illustravit
1486 3105 1707 3146 omnem
1752 3090 2089 3160 Scripturam

512 3181 630 3236 luce
652 3181 1001 3250 cognitionis,
1027 3195 1146 3250 qua:
1178 3179 1451 3235 occultata
1475 3178 1697 3234 fuerant
1730 3179 1971 3246 antiquis
1999 3192 2094 3247 ge-

511 3273 903 3338 nerationibus,
939 3287 1004 3327 ac
1038 3272 1139 3342 ipsi
1187 3270 1319 3327 Mosi
1354 3280 1410 3326 et
1458 3270 1743 3341 prophetis
1774 3289 1789 3324 :
1822 3270 1915 3323 alii
1965 3283 2094 3325 vero

510 3365 841 3418 verebuntur
877 3364 1190 3428 admittere,
1221 3378 1326 3417 non
1372 3362 1639 3416 audentes
1687 3361 1872 3416 dicere
1908 3357 2092 3413 Mosen

507 3455 682 3508 virum
728 3465 961 3518 tantum,
997 3466 1051 3510 et
1087 3453 1403 3524 prophetas,
1440 3454 1621 3507 adlmc
1647 3460 1874 3524 agentes
1906 3451 1963 3506 in
1994 3450 2095 3505 hn-

508 3548 708 3613 manis,
744 3562 849 3601 non
887 3556 1169 3603 asseentos
1193 3544 1361 3600 fuisse
1392 3560 1512 3613 quae
1540 3545 1769 3614 apostoli
1804 3543 2096 3599 intellexis-

508 3650 657 3694 sent:
700 3638 999 3707 prmsertim
1046 3654 1171 3692 cum
1203 3640 1319 3693 haec
1355 3640 1408 3691 in
1446 3636 1748 3706 Scriptnris
1779 3635 1889 3689 sint
1929 3634 2091 3688 semi-

508 3740 655 3796 nata,
692 3746 830 3799 quas
878 3732 992 3800 ipse
1041 3729 1215 3785 Moses
1254 3745 1319 3785 ac
1360 3731 1641 3799 propheta:
1674 3727 2092 3782 administrare-

508 3824 637 3879 rint.
697 3822 803 3879 Sed
855 3825 928 3879 illi
971 3825 1130 3895 primi
1184 3826 1286 3879 hoc
1340 3823 1492 3878 dicto
1545 3831 1814 3876 utentur:
1870 3838 1888 3871 ι
1938 3817 2093 3874 Multi

507 3914 785 3981 propheta:
812 3923 866 3967 et
896 3912 1032 3980 justi
1064 3912 1353 3982 cupierunt
1391 3913 1574 3967 videre
1597 3926 1718 3981 quae
1745 3924 1841 3964 vos
1872 3908 2088 3974 videtis,

505 4014 562 4058 et
600 4020 703 4058 non
728 4005 976 4057 viderunt
1002 4022 1017 4070 ;
1047 4014 1103 4058 et
1127 4005 1318 4060 audite
1349 4021 1470 4073 mue
1502 4004 1741 4071 auditis,
1782 4014 1838 4058 et
1862 4010 1968 4057 non
2002 4018 2093 4056 au-

507 4093 723 4148 dierunt
750 4093 804 4157 ⁶;
841 4110 860 4143 ι
887 4105 941 4146 et
967 4093 1068 4147 hoc
1102 4095 1265 4147 etiam
1295 4112 1309 4147 :
1358 4113 1376 4145 ι
1409 4094 1550 4148 Ecce
1590 4094 1710 4163 plus
1733 4109 1897 4162 quam
1945 4092 2102 4147 Salo—

508 4201 631 4239 mon
652 4186 752 4240 hoc
781 4185 833 4238 in
862 4186 1011 4239 loco"
1042 4201 1057 4252 ;
1091 4204 1111 4237 ι
1132 4196 1181 4239 et
1223 4185 1313 4239 illo
1333 4186 1500 4239 etiam
1524 4203 1539 4239 :
1565 4205 1584 4238 ι
1608 4186 1664 4241 In
1696 4186 1818 4241 aliis
1840 4184 2091 4241 mtatibus

506 4293 614 4333 non
644 4277 876 4332 innotuit
908 4276 1033 4332 [iliis
1064 4277 1368 4342 hominum,
1395 4277 1854 4347 quemadmodum
1880 4275 2090 4331 revela-

482 4376 622 4423 .tnm
676 4379 759 4424 est
786 4382 924 4422 nunc
952 4367 1157 4422 sanctis
1188 4367 1447 4436 apostolis
1478 4366 1594 4435 ejus
1613 4377 1668 4420 et
1695 4367 1998 4436 prophetis,
2033 4372 2090 4417 ut

2198 541 2336 612 μετά
2380 540 2631 614 Ἀϐραὰμ
2651 580 2667 604 ,
2702 540 2797 593 καὶ
2839 539 3054 605 Ἰσαὰκ,
3086 539 3183 593 καὶ
3221 539 3420 595 Ἰακὼὸ
3448 543 3503 595 ὲν
3526 546 3587 615 τῇ
3607 546 3730 614 βασι.

2192 633 2316 705 λεία
2356 632 2465 687 τῶν
2494 632 2757 705 οὐρανῶν.
2796 651 2814 682 ι
2846 632 2919 684 Τὸ
2959 632 3018 686 δὲ
3041 633 3137 687 καὶ⁵
3174 632 3277 705 ήδη
3306 633 3481 686 πάντα
3506 633 3588 689 τὸν
3612 639 3735 691 σπεί-

2198 741 2357 795 ροντα
2393 724 2529 796 μετὰ
2559 724 2760 786 παντὸς
2790 722 2885 777 τοῦ
2930 723 3239 796 θερίζοντος
3269 724 3480 797 χαίρειν
3515 726 3647 791 εἴτις
3671 726 3737 783 διρ

2197 815 2382 880 στάζει
2412 814 2835 887 παραδέξασθαι,
2860 816 3128 889 νοησάτω,
3162 817 3246 871 ὅτι
3275 818 3534 890 θερισμός
3563 836 3658 884 πως
3676 814 3737 893 ἦν

2194 924 2277 970 τις
2326 909 2359 978 ἡ
2404 907 2828 978 μεταμόρφωσις
2869 906 3046 978 Ἰησοῦ
3081 908 3137 962 ὲν
3164 907 3294 981 δόξῃ
3342 909 3733 980 φαινομένου,ού

2198 1001 2357 1073 μόνον
2389 1002 2502 1064 τοῖς
2527 1001 2802 1072 θερισταῖς
2833 999 3026 1072 Πέτρῳ
3049 1040 3065 1064 ,
3101 1000 3199 1055 καὶ
3239 1001 3503 1073 Ἰακώϐῳ,
3534 1003 3618 1056 καὶ
3646 1005 3735 1057 ’ἰω-

2196 1091 2351 1163 άννῃ,
2375 1093 2488 1154 τοῖς
2522 1090 2881 1145 συναναϐᾶσιν
2903 1090 3072 1162 αὐτῷ,
3105 1091 3244 1146 ἀλλὰ
3266 1091 3362 1146 καὶ
3392 1095 3508 1157 τοῖς
3528 1094 3736 1165 σπείρασι

2195 1186 2366 1256 Μωσῇ
2399 1185 2494 1239 καὶ
2525 1184 2681 1255 Ἠλίᾳ
2703 1200 2715 1214 ’
2748 1182 2867 1254 ἅμα
2886 1183 2996 1254 γὰρ
3021 1184 3206 1247 αὐτοῖς
3226 1184 3527 1256 χαίρουσιν,
3547 1184 3740 1252 όριῖιντες

2194 1278 2293 1349 τὴν
2321 1276 2478 1341 δόξαν
2509 1274 2606 1330 τοῦ
2634 1274 2767 1330 Υίοῦ
2794 1275 2952 1339 Θεοῦ,
2979 1276 3167 1347 ἥντινα
3196 1277 3291 1330 ἐπὶ
3317 1276 3565 1330 τοσοῦτον
3589 1294 3741 1348 πεφω-

2193 1368 2453 1439 τισμένην
2472 1367 2578 1422 ύπδ
2596 1367 2690 1421 τοῦ
2713 1368 2947 1439 Πατρδς,
2973 1368 3067 1421 καὶ
3098 1368 3441 1439 φωτίζουσαν
3468 1371 3584 1434 τοὺς
3603 1371 3742 1442 ὁρῶν-

2195 1477 2314 1525 τας,
2351 1460 2614 1533 πρότερον
2653 1459 2753 1530 οὐχ
2785 1457 3018 1530 ἑωράκει
3054 1459 3263 1530 Μωσῆς
3287 1499 3302 1520 ,
3334 1459 3433 1514 καὶ
3476 1459 3658 1529 Ἠλίας,
3681 1461 3746 1526 ὥς

2195 1550 2290 1606 νῦν
2317 1550 2548 1605 θεῶνται
2586 1551 2704 1623 ἅμα
2735 1552 2847 1614 τοῖς
2889 1550 3066 1618 ἁγίοις
3114 1550 3459 1615 ἀποστόλοις.
3497 1552 3579 1616 Ὧς
3612 1552 3748 1608 καθο-

2194 1641 2331 1713 λικῷ
2356 1642 2414 1696 δὲ
2447 1642 2561 1696 ίσον
2587 1641 2884 1712 δυνάμενον
2911 1639 3260 1712 λαμϐάνομεν
3289 1642 3351 1695 τό
3373 1656 3390 1673 ο
3429 1662 3447 1693 ι
3469 1642 3524 1696 ’0
3552 1641 3748 1714 θερίζων

2199 1734 2389 1805 μισθὸν
2410 1733 2678 1804 λαμόάνει
2696 1773 2711 1797 ,
2747 1734 2843 1787 καὶ
2888 1732 3110 1800 συνάγει
3140 1732 3352 1805 καρπὸν
3380 1734 3464 1798 είς
3484 1732 3615 1804 ζωὴν
3640 1733 3747 1787 uitii.

2194 1841 2325 1890 νιον,
2355 1825 2443 1878 ἵνα
2470 1825 2498 1877 6
2528 1824 2767 1895 σπείρων
2799 1821 2935 1894 ὁμοῦ
2964 1824 3151 1896 χαίρῃ,
3184 1825 3279 1878 καὶ
3298 1826 3328 1878 6
3355 1822 3599 1895 θερίζων,
3629 1844 3646 1876 ι
3672 1825 3748 1879 διὰ

2193 1916 2255 1970 τὸ
2283 1918 2341 1970 ὲν
2368 1919 2481 1980 τοῖς
2500 1914 2630 1986 έξῆς
2661 1915 2912 1981 πλείονας
2936 1915 3191 1985 λέγεσθαι
3219 1916 3345 1980 τοὺς
3381 1916 3642 1988 θεριστὰς,
3667 1919 3747 1972 καὶ

2193 2008 2448 2073 πλείονας
2474 2009 2601 2069 τοὺς
2624 2006 3043 2074 κεκοπιακότας,
3069 2007 3315 2080 δηλονότι
3345 2009 3427 2073 είς
3448 2008 3509 2060 τὺ
3540 2011 3744 2078 σπεῖραι.

2194 2099 2427 2169 Λέγεται
2459 2098 2570 2171 γὰρ
2608 2099 2685 2162 ὼς
2716 2097 2855 2170 πρὸς
2886 2097 3115 2163 πολλοὺς
3159 2098 3420 2171 θεριστὰς
3462 2100 3522 2152 τό
3544 2116 3557 2129 ·
3594 2118 3610 2149 ι
3631 2097 3742 2167 Ἐγὼ

2193 2189 2487 2244 ἀπέστειλα
2515 2191 2659 2261 ὑμᾶς
2682 2189 2918 2261 θερίζειν
2946 2189 3105 2262 ὃούχ
3134 2191 3297 2263 ὑμεῖς
3323 2190 3702 2244 κεκοπιάκατε*
3725 2209 3741 2241 ι

2194 2283 2287 2336 καὶ
2315 2282 2392 2346 ὡς
2415 2281 2625 2335 πολλῶν
2650 2283 2708 2335 ἐν
2730 2280 2808 2352 τῷ
2835 2280 3021 2352 σπόρῳ
3055 2280 3418 2353 κεκμηκότων
3444 2280 3505 2334 τό
3522 2297 3536 2311 ο
3567 2278 3749 2333 «Ἄλλοι

2193 2372 2577 2436 κεκοπιάκασι,
2621 2372 2714 2426 καὶ
2741 2372 2901 2443 ὑμεῖς
2923 2373 3004 2437 είς
3042 2373 3135 2426 τὸν
3174 2373 3344 2426 κόπον
3367 2371 3545 2425 αὐτῶν
3568 2370 3749 2438 είσελη-

2192 2461 2408 2516 λύθατε.
2464 2481 2484 2513 ι
2522 2463 2664 2515 Ἴσον
2711 2461 2769 2514 δὲ
2805 2461 3030 2517 δύναται
3066 2461 3146 2534 τῷ
3184 2461 3457 2533 καθολικῷ
3493 2460 3637 2532 (91)
3668 2458 3746 2513 τό’

2199 2571 2218 2604 ι
2241 2553 2298 2605 Ὀ
2333 2549 2561 2622 θερίζων
2602 2551 2793 2624 μισθὸν
2829 2552 3119 2624 λαμϐάνει,
3161 2571 3180 2605 ι
3220 2553 3316 2607 καὶ
3347 2552 3411 2605 τὸ
3447 2552 3570 2623 ἑξῆς
3598 2548 3749 2604 τοιού-

2191 2659 2283 2696 τον
2329 2659 2344 2674 ·
2389 2660 2409 2694 ι
2449 2643 2568 2706 Πᾶς
2600 2646 2629 2697 ὁ
2661 2643 2890 2716 θερίζων
2927 2643 3117 2716 μισθὸν
3149 2643 3438 2715 λαμῦἀνει,
3490 2644 3582 2698 καὶ
3638 2659 3747 2695 συν⁴

2203 2734 2329 2804 άγει
2393 2734 2603 2807 καρπὸν
2642 2735 2722 2798 είς
2760 2733 2904 2804 ζωὴν
2942 2730 3180 2797 αἰώνιον,
3204 2733 3293 2786 ἵνα
3332 2733 3442 2796 πᾶς
3474 2733 3503 2785 6
3539 2729 3749 2802 σπείρων

2190 2823 2326 2895 όμοῦ
2360 2824 2548 2896 χαίρῃ,
2588 2823 2682 2877 καὶ
2721 2823 2830 2887 πᾶς
2861 2824 2890 2876 6
2928 2821 3178 2894 θερίζων.
3217 2840 3237 2873 ι
3280 2819 3466 2874 Ταῦτα
3499 2820 3554 2873 δὲ
3586 2820 3636 2873 οἱ
3669 2818 3750 2888 μέν

2191 2931 2335 2978 τινες
2376 2914 2521 2985 (92)
2562 2913 2794 2984 ἑτοίμως
2843 2911 3236 2985 παραδέξονται
3263 2950 3277 2974 ,
3318 2911 3393 2984 μὴ
3438 2910 3749 2974 διστάζοντες

2191 3005 2321 3077 περὶ
2346 3001 2440 3056 τοῦ
2472 3002 2541 3057 τὰ
2574 3001 3047 3073 ἀποκεκρυμμένα
3078 3004 3201 3064 ταῖς
3229 3000 3399 3054 πάλαι
3431 3001 3642 3069 γενεαῖς
3672 2996 3750 3049 καὶ

2193 3094 2342 3166 αὐτῷ
2369 3096 2579 3157 Μωσεῖ,
2612 3094 2708 3149 καὶ
2729 3095 2843 3157 τοῖς
2866 3093 3177 3166 προφήταις
3214 3092 3630 3165 πεφανερῶσθαι
3657 3092 3750 3151 τοῖς

2196 3187 2372 3257 ἁγίοις
2393 3184 2711 3248 ἀποστόλοις
2742 3183 2883 3238 κατὰ
2919 3184 3017 3256 τὴν
3052 3183 3144 3238 τοῦ
3177 3183 3414 3256 Χριστοῦ
3457 3180 3750 3254 ἐπιδημίαν,

2194 3278 2530 3348 φωτίσαντος
2553 3276 2740 3339 αὐτοῖς
2763 3275 2825 3328 τὸ
2849 3272 2962 3343 φῶς
2993 3273 3053 3328 τδ
3072 3273 3174 3344 τῆς
3197 3271 3451 3342 γνώσεως
3471 3272 3569 3342 τῆς
3594 3272 3749 3341 πάσης

2193 3370 2418 3443 Γραφῆς
2442 3385 2455 3399 ο
2505 3368 2682 3440 ἕτεροι
2721 3365 2778 3420 δὲ
2814 3366 3105 3437 ὀκνήσουσι
3163 3364 3497 3439 προσέσθαι,
3536 3363 3612 3435 μὴ
3654 3361 3749 3417 τολ-

2197 3461 2405 3534 μῶντες
2435 3459 2617 3528 λέγειν
2644 3458 2735 3511 τὸν
2763 3456 3080 3529 τηλικοῦτον
3105 3456 3331 3521 Μωσέα,
3368 3456 3463 3510 καὶ
3488 3455 3616 3519 τοὺς
3643 3472 3747 3528 προ-

2193 3553 2368 3623 φήτας
2394 3550 2468 3622 μὴ
2507 3547 2802 3620 ἐφθακέναι
2835 3547 2915 3600 ἔτι
2945 3546 3105 3611 ὄντας
3144 3548 3202 3601 ὲν
3223 3545 3303 3617 τῷ
3339 3546 3446 3600 τῶν
3475 3543 3749 3616 ἀνθρώπιον

2194 3642 2295 3714 βίῳ
2317 3642 2408 3696 ἐπὶ
2428 3641 2497 3696 τὰ
2520 3643 2633 3704 τοῖς
2656 3639 2974 3703 ἀποστόλοις
3002 3636 3320 3708 νενοημένα,
3353 3637 3448 3692 καὶ
3472 3635 3632 3690 τοῦτο
3654 3636 3750 3695 ταῖς

2193 3734 2364 3798 θείαις
2396 3734 2638 3803 Γραφαῖς
2668 3731 3081 3803 ὲνεσπαρμένα,
3111 3733 3231 3794 ταῖς
3261 3729 3353 3783 ὑπ’
3383 3727 3559 3783 αὐτῶν
3588 3729 3750 3781 διακοο

2191 3828 2488 3901 νηθείσαις.
2523 3826 2833 3898 Χρὴσονται
2885 3824 2944 3878 δὲ
2977 3824 3027 3877 oi
3064 3824 3316 3896 πρότεροι
3356 3821 3473 3892 τῷ·
3525 3839 3546 3871 ι
3583 3817 3749 3873 Πολλοὶ

2192 3920 2469 3994 προφῆται
2503 3919 2599 3973 καὶ
2624 3916 2822 3971 δίκαιοι
2848 3914 3204 3986 ἐπεθύμησαν
3237 3912 3366 3967 ίδεῖν
3394 3912 3431 3967 ἀ
3463 3913 3622 3983 ὑμεῖς
3648 3908 3749 3982 βλέ-

2193 4029 2345 4075 πετε,
2375 4011 2473 4065 καὶ
2504 4011 2605 4064 ούκ
2654 4005 2825 4063 εἶδον·
2869 4007 2966 4062 καὶ
3009 4005 3240 4061 ἀκούσαι
3295 4003 3333 4059 ἃ
3386 4004 3632 4067 ἀκούετε,
3672 4000 3749 4055 καὶ

2190 4103 2290 4156 ούκ
2345 4102 2610 4174 ἥκουσαν·
2669 4119 2689 4152 ι
2745 4099 2878 4153 καί·
2933 4117 2952 4150 ι
2999 4097 3131 4151 Ἰδοὺ
3196 4094 3377 4148 πλεῖον
3431 4093 3747 4164 Σολομῶντος

2191 4184 2353 4245 ὧδεη
2376 4189 2467 4243 καὶ
2498 4189 2633 4261 τῷοι
2660 4188 2906 4259 Ἐτέραις
2937 4187 3152 4256 γενεαῖς
3199 4185 3299 4238 ούκ
3321 4182 3624 4256 ἐγνωρίσθη
3655 4183 3747 4241 τοῖς

2194 4282 2327 4344 υἱοῖς
2395 4279 2502 4333 τῶν
2560 4278 2863 4350 ἀνθρώπων
2885 4318 2900 4345 ,
2962 4278 3039 4343 ὠς
3096 4276 3192 4330 νῦν
3244 4274 3606 4348 ἀπεκαλύφθη
3656 4274 3748 4332 τοῖς

2191 4369 2366 4437 ἁγίοις
2413 4367 2735 4433 ἀποστόλοις
2771 4367 2972 4437 αὑτοῦ,
3017 4368 3112 4421 καὶ
3150 4366 3461 4438 προφήταις
3510 4361 3646 4418 εἶναι
3693 4361 3749 4414 τὰ

505 4460 617 4515 sint
639 4470 829 4531 gentes
850 4459 1255 4522 cohaaredes,et
1289 4459 1527 4528 ejusdem
1567 4456 1838 4527 corporis,
1864 4470 2090 4511 consor-

2193 4459 2321 4532 ἔθνη
2354 4459 2805 4531 συγκληρονόμα,
2833 4459 2928 4513 καὶ
2980 4458 3242 4529 σύσσωμα
3264 4496 3281 4522 ,
3316 4457 3412 4511 καὶ
3456 4454 3747 4527 συμμέτοχσ

455 4590 462 4596 .
507 4561 694 4620 tesque
724 4548 888 4620 259
915 4549 1290 4620 promissionis
1323 4548 1376 4603 in
1412 4546 1633 4605 Christo
1661 4548 1702 4601 ⁸.
1742 4565 1760 4599 ι
1796 4546 2086 4602 Adducent

503 4646 668 4698 etiam
706 4643 757 4697 hi
794 4642 923 4696 illud
963 4642 1105 4711 quod
1138 4639 1321 4694 Daniel
1355 4650 1474 4711 post
1502 4639 1795 4710 quamdam
1818 4639 2081 4693 visionem

506 4735 722 4804 scripsit
751 4752 797 4789 τι
829 4732 1076 4798 Surrexi,
1094 4742 1147 4789 et
1172 4749 1276 4787 non
1311 4742 1429 4787 erat
1455 4732 1546 4802 qui
1582 4730 1907 4800 intelligeret
1937 4729 1980 4761 ⁸·
2008 4747 2024 4796 ;
2055 4748 2075 4781 ι

502 4838 559 4883 et
588 4826 713 4882 illud
745 4826 895 4881 Isaia:
927 4844 941 4880 :
974 4842 993 4876 ι
1025 4823 1315 4879 Sermones
1342 4824 1502 4893 bujus
1524 4825 1656 4880 libri
1681 4822 1989 4879 suntveluti
2018 4823 2082 4876 li-

505 4920 602 4974 ber
630 4917 865 4973 hominis
896 4918 1145 4987 signatus
1172 4930 1189 4970 :
1219 4931 1378 4985 quem
1414 4917 1588 4986 ipsum
1622 4915 1670 4970 si
1699 4914 1954 4971 dederint
1982 4915 2082 4968 ho-

474 5034 477 5039 ν
504 5013 638 5068 ntiui
673 5011 936 5067 nescienti
969 5011 1204 5076 litteras,
1231 5010 1474 5064 dicentes
1501 5027 1515 5064 :
1550 5008 1721 5079 Lege,
1750 5007 1896 5063 dicet
1931 5023 1946 5060 :
1978 5005 2081 5062 Ne-

503 5105 620 5161 scio
660 5104 902 5171 litteras;
948 5112 999 5157 et
1035 5101 1240 5156 dabunt
1270 5099 1422 5154 illum
1456 5101 1669 5155 homini
1703 5098 1899 5155 scienti
1930 5098 2080 5151 litte-

505 5213 616 5262 ras,
638 5206 695 5252 et
724 5196 870 5251 dicet
905 5208 921 5247 :
948 5193 1065 5248 Non
1101 5206 1324 5262 possum
1363 5191 1544 5260 legere
1574 5230 1589 5254 ,
1635 5205 1702 5246 eo
1727 5191 1873 5261 quod
1895 5190 2081 5260 signa-

2191 4551 2289 4622 τῆς
2311 4550 2641 4620 ἐπαγγελίας
2682 4552 2742 4603 ὲν
2763 4548 3003 4622 Χριστῷο
3020 4561 3040 4596 1
3066 4550 3162 4605 καὶ
3179 4550 3259 4622 τῷ
3277 4550 3336 4603 ὲν
3360 4545 3440 4618 τῷ
3456 4546 3649 4618 Δανιὴλ
3671 4560 3748 4613 γε·

2189 4643 2493 4717 γραμμένῳ
2529 4642 2669 4714 μετά
2712 4659 2833 4695 τινα
2859 4642 3071 4714 ὅρασιν,
3118 4641 3230 4703 ὅτι,
3269 4657 3289 4691 ι
3342 4639 3619 4709 Ἀνέστην,
3668 4634 3748 4690 καὶ

2188 4736 2287 4789 οὐκ
2307 4730 2376 4807 ἦν
2401 4735 2430 4786 6
2459 4733 2674 4788 συνιών·
2708 4753 2727 4785 ι
2766 4733 2861 4787 καὶ
2884 4733 2964 4804 τῷ
3006 4734 3064 4786 ἐν
3091 4731 3171 4805 τῷ
3208 4733 3424 4804 Ἡσαΐᾳ·
3456 4749 3476 4783 ι
3518 4732 3663 4785 Εἰσὶν
3706 4727 3746 4779 oi

2188 4827 2335 4896 λόγοι
2359 4825 2454 4879 τοῦ
2483 4826 2686 4897 βιϐλίου
2707 4825 2898 4879 τούτου
2922 4825 2999 4888 ὡς
3026 4823 3227 4894 βιϐλίον
3251 4821 3537 4894 ἀνθρώπου
3565 4825 3747 4890 Eappa-

2188 4917 2470 4990 γισμένον,
2501 4916 2530 4969 ὃ
2549 4915 2642 4969 ἐὰν
2679 4915 2841 4969 δῶσιν
2873 4914 3005 4968 αὐτὸ
3030 4913 3304 4986 ἀνθρώπῳ
3329 4913 3405 4985 μὴ
3432 4910 3746 4981 ἐπισταμένῳ

2189 5013 2496 5086 γράμματα
2535 5009 2802 5079 λέγοντεςυ
2862 5005 3180 5077 Ἀνάγνωθι,
3216 5005 3352 5077 ἐρεῖ·
3387 5006 3502 5059 Ούκ
3541 5003 3744 5058 ἐπίστα-

2193 5120 2289 5173 μαι
2313 5102 2638 5174 γράμματαο
2672 5099 2767 5153 καὶ
2805 5095 3067 5151 δώσουσιν
3096 5096 3229 5149 αὐτὸ
3250 5094 3523 5167 ἀνθρώπῳ
3544 5094 3744 5146 ἐπιστα-

2191 5190 2336 5261 μένῳ
2372 5190 2699 5262 γράμματα,
2742 5188 2836 5241 καὶ
2888 5188 3024 5260 ὲρεῖ·
3057 5185 3132 5239 Ού
3171 5184 3407 5256 δύναμαι
3433 5180 3742 5251 ἀναγνῶναι,

504 5287 687 5342 tussit
717 5288 761 5339 '.
804 5305 824 5340 ι
858 5284 1066 5342 Rursus
1106 5284 1197 5340 alii
1248 5284 1365 5339 haec
1416 5281 1599 5338 omnia
1649 5280 1754 5336 hac
1805 5280 2076 5336 sententia

2193 5280 2547 5352 ὲσφράγισται
2578 5280 2709 5349 γάρ,
2728 5297 2747 5328 ι
2784 5278 2848 5332 Oi
2870 5277 2929 5331 δὲ
2953 5275 3194 5348 δεύτεροι
3226 5273 3404 5331 ταῦτα
3441 5273 3613 5328 πάντα
3640 5270 3746 5323 δια-

501 5376 826 5431 destruent:
864 5393 884 5428 ι
939 5376 1169 5446 Sapiens
1224 5372 1501 5442 intelliget
1557 5386 1680 5443 qua:
1723 5386 1792 5428 ex
1844 5386 1943 5427 ore
1974 5385 2076 5427 suo

2193 5370 2435 5424 λύσονται
2463 5366 2560 5439 τῷ·
2595 5386 2614 5420 ι
2645 5367 2815 5438 Σοφδς
2841 5369 3021 5438 νοήσει
3052 5365 3123 5419 τὰ
3148 5364 3257 5420 ἀπὸ
3278 5363 3372 5418 τοῦ
3406 5363 3535 5418 [δίου
3565 5359 3751 5429 στόμα-

575 5515 592 5545 ³
624 5512 814 5569 Matth.
845 5530 974 5580 ml,
1013 5515 1097 5569 11.
1174 5516 1196 5548 ⁸
1230 5513 1419 5570 Matth.
1445 5527 1581 5578 xvu,
1622 5512 1735 5568 1-5.
1810 5510 2013 5569 ‘Joan.
2064 5507 2261 5580 “1,56.
2333 5506 2355 5537 ⁸
2390 5503 2678 5580 ibid._38_._
2722 5504 2744 5536 ⁸
2770 5501 2903 5559 ibid.
2969 5500 3184 5556 “Matth.
3214 5513 3335 5566 xm,
3363 5496 3453 5552 Π.
3520 5494 3543 5529 '
3568 5489 3740 5549 Matth.

500 5597 601 5647 xu,
627 5582 719 5638 42.
804 5584 828 5616 ⁸
875 5574 1071 5654 Ephes.
1114 5600 1192 5646 ut,
1242 5585 1296 5651 5,
1328 5584 1384 5642 6.
1483 5584 1527 5615 ⁸⁸
1567 5574 1711 5640 Dan.
1749 5597 1872 5646 vnt,
1911 5581 2001 5635 κο.

2193 5578 2280 5634 sai.
2317 5589 2468 5640 uix,
2496 5574 2580 5639 11,
2615 5574 2705 5630 19..

543 5686 684 5838 i(9;!)
712 5707 798 5835 7ὶῷ
827 5703 1140 5789 {domum}.
1175 5704 1267 5764 Sic
1286 5707 1455 5767 codex
1480 5705 1839 5774 Bodleianus;
1883 5704 1935 5760 in
1968 5702 2077 5762 Rc-
2186 5698 2369 5828 “(32)
2403 5696 2494 5755 Sic
2525 5696 2688 5754 habet
2722 5693 2889 5754 codex
2921 5692 3276 5759 Bodleianus;
3314 5690 3367 5746 in
3410 5686 3577 5759 Regio
3604 5681 3741 5738 (i065!

563 5792 738 5838 uices
794 5792 896 5838 ,τῳσ
2242 5787 2269 5823 ν
2301 5793 2348 5838 ς.

504 5792 760 5848 ειυιιεεει
794 5792 896 5849 τῳ.

2193 5792 2348 5842 τινες.
