3948 6206
226 318 366 373 *85

1318 315 1669 374 (ῸΜΜΕΝΤ.
1706 315 1770 370 ΙΝ
1805 314 2000 371 ΣΟᾹΝ.
2037 314 2276 374 TOMUS
2315 315 2432 373 Xlll

3407 323 3425 372 ί
3438 323 3502 375 ’ἳϐ

220 452 365 503 τος·
401 437 498 493 ἐπὶ
522 438 579 492 δὲ
611 439 812 511 χείλεσι
838 440 998 512 φορεῖ
1022 438 1488 511 ὲπιγνωμοσύνην·
1525 458 1544 490 ι
1585 438 1833 508 λέγοντες

1940 437 2281 505 prodibnnt;
2349 438 2404 493 in
2477 437 2633 494 labiis
2692 448 2872 494 autem
2929 438 3042 493 suis
3097 450 3268 511 gestat
3320 441 3503 497 scien-

224 518 465 583 Μώσιία
507 531 603 583 καὶ
651 530 879 584 ἕκαστον
909 529 1203 601 προφητῶν
1233 530 1302 583 τά
1322 529 1709 602 διακονηθέντα
1741 527 1832 582 ὑπ’

223 617 437 671 αὐτῶν
466 619 799 688 νενοηκέναι,
824 620 922 689 οὐχ
956 619 1096 672 ῶστε
1129 620 1224 673 καὶ
1266 620 1471 692 ἑτέροις
1504 619 1835 691 παραδοῦναι

229 708 347 764 καὶ
384 710 693 779 ἀναπτύξαι
728 712 796 765 τὰ
830 712 1124 783 μυστήρια·
1167 713 1295 775 τοὺς
1327 712 1577 783 μέντοιγε
1610 710 1839 766 ἀποστόρ

230 800 400 867 λους,
453 802 531 865 ὡς
555 803 614 855 ὲν
657 802 834 874 καιρῷ
870 802 1265 872 ἀποκαλύψεως
1287 801 1634 874 γενομένους,
1660 805 1835 856 εἰπεῖν

228 893 337 946 ἄν·
383 910 403 943 ι
437 893 674 964 Στήκετε
709 890 845 962 (95),
879 894 974 947 καὶ
1003 895 1252 965 κρατεῖτε
1280 892 1379 957 τὰς
1407 892 1731 966 παραδόσεις
1768 892 1836 957 ἃς

228 981 588 1055 ἐδιδάχθητε
631 1003 651 1036 ι
686 984 799 1049 καὶ,
837 1002 856 1035 ι
904 984 972 1036 Ἀ
999 983 1238 1054 ἡκουσας
1262 983 1390 1057 παρ’
1421 981 1557 1055 ἐμοῦ
1590 983 1676 1037 διὰ
1703 985 1834 1037 πολ-

232 1072 362 1126 λῶν
409 1075 727 1145 μαρτύρων,
777 1073 948 1128 ταῦτα
976 1075 1220 1148 παράθου
1251 1076 1461 1139 πιστοῖς
1506 1073 1833 1146 ἀνθρώποις,

222 1163 452 1227 οἵτινες
474 1164 645 1219 ἱκανοὶ
681 1164 892 1219 ἔσονται
918 1166 1012 1219 καὶ
1042 1166 1258 1236 ἑτέρους
1276 1164 1502 1229 διδάξαι·
1545 1183 1564 1216 ι
1594 1165 1708 1229 καὶ,
1730 1165 1832 1229 ὅτι,

232 1255 298 1309 εἰ
336 1253 647 1326 ἐπεθύμουν
677 1254 862 1309 πολλοὶ
911 1257 1186 1327 προφῆται
1231 1256 1328 1309 καὶ
1378 1256 1576 1309 δίκαιοι
1630 1254 1757 1308 ἰδεῖν
1800 1254 1837 1309 ἃ.

226 1343 485 1401 ἔϐλεπον
533 1348 584 1399 οἱ
627 1346 936 1411 ἀπόστολοι,
980 1347 1074 1401 καὶ
1113 1345 1150 1401 ά
1196 1347 1413 1418 ἤκουον,
1454 1345 1705 1414 λέγοντος
1740 1344 1835 1398 τοῦ

232 1438 532 1510 ὼτῆρος,
563 1439 626 1492 οὐ
682 1439 898 1503 πάντως
924 1438 992 1492 τὰ
1018 1439 1129 1493 τῶν
1168 1437 1409 1509 νομικῶν
1455 1437 1688 1509 Γραφῶν
1741 1437 1836 1491 καὶ

234 1528 611 1601 προφητικῶν
632 1529 964 1602 ἐπεθύμουν,
993 1528 1131 1584 ἀλλὰ
1162 1528 1369 1583 τούτων
1403 1528 1624 1601 μείζονα
1658 1529 1836 1598 ἀπαγ-

234 1619 571 1691 γελλόμενα,
617 1620 755 1692 πρὸς
782 1623 898 1683 τοῖς
947 1621 1334 1690 πνευματικοῖς
1387 1618 1480 1672 τοῦ
1532 1618 1696 1689 νόμου
1739 1618 1834 1673 καὶ

1940 527 2066 582 tiam
2106 527 2185 593 '°;
2229 546 2249 580 ι
2303 528 2549 583 dicentes
2592 528 2773 583 Mosen
2805 538 2858 583 et
2911 544 3347 601 unumquemque
3379 548 3502 602 pro.

1934 618 2222 686 phetarum
2258 619 2611 683 intellexisse,
2653 635 2775 689 quae
2821 620 2921 688 ipsi
2968 621 3494 688 administraverint,

1936 724 2041 762 non
2084 717 2262 763 tamen
2297 720 2355 763 ut
2392 710 2515 765 aliis
2561 713 2726 765 etiam
2775 711 3057 768 traderent
3095 714 3505 784 revelarentque

1935 800 2226 869 mysteria;
2263 800 2541 870 apostolos
2570 816 2698 856 vero
2724 840 2741 866 ,
2776 809 2834 856 ιιι
2882 803 2973 871 qui
3010 813 3252 872 tempore
3302 805 3508 859 revela-

1935 887 2097 942 tionis
2127 891 2463 954 exstiterint,
2493 892 2676 945 dicere
2706 909 2720 944 :
2759 910 2776 943 ι
2813 892 2967 949 State
2992 933 3007 958 ,
3037 904 3093 947 et
3123 904 3304 947 tenete
3336 896 3504 950 tradi-

1936 979 2109 1034 tiones
2136 1021 2152 1045 ,
2199 997 2335 1051 quas
2382 984 2560 1038 edocti
2604 984 2782 1039 fuistis
2813 985 2853 1016 “
2898 1006 2911 1042 :
2957 1004 2974 1037 ι
3018 994 3073 1040 et
3105 986 3279 1041 illud:
3316 1002 3337 1037 ι
3375 986 3507 1052 Quae

1934 1074 2130 1128 audisti
2161 1092 2188 1129 ιι
2221 1091 2306 1129 me
2338 1092 2434 1145 per
2476 1076 2678 1131 multos
2708 1084 2899 1140 testes,
2923 1075 3035 1129 hazc
3060 1092 3300 1146 propone
3332 1077 3507 1131 horni-

1936 1165 2095 1218 nibus
2132 1165 2385 1221 ﬁdelibus
2410 1209 2426 1232 ,
2482 1169 2574 1237 qui
2621 1167 2798 1222 idonei
2833 1176 2994 1221 erunt
3026 1169 3161 1221 alios
3191 1169 3356 1222 etiam
3404 1170 3503 1222 «ιο.

1935 1270 2061 1309 rere
2091 1256 2134 1287 "
2161 1273 2177 1312 :
2212 1275 2231 1308 ι
2261 1257 2585 1332 ιΙῑοριιιιιιιο,
2606 1258 2652 1312 si
2679 1257 3061 1313 desiderarunt
3086 1259 3242 1312 multi
3272 1260 3505 1328 prophe-

1938 1354 2004 1399 t:e
2033 1357 2085 1400 et
2110 1348 2246 1416 justi
2277 1349 2464 1404 videre
2493 1365 2617 1417 quae
2653 1349 2910 1405 viderunt
2958 1360 3013 1405 et
3060 1351 3352 1404 audierunt
3377 1366 3503 1418 ava

1937 1436 2061 1491 stoli
2104 1452 2132 1490 a
2166 1439 2459 1495 Servatore
2504 1439 2756 1508 loquente
2786 1440 2849 1505 ι’,
2900 1456 3005 1494 ιιοιι
3040 1439 3265 1494 omnino
3296 1441 3504 1494 deside-

1938 1542 2092 1583 rasse
2142 1529 2460 1600 Scripturas
2510 1532 2644 1601 lcgis
2695 1541 2750 1587 ct
2800 1533 3232 1602 prophetarum,
3270 1533 3363 1587 sed
3421 1532 3504 1587 his

1938 1617 2139 1684 majora
2178 1636 2195 1674 :
2231 1636 2425 1691 nempe
2454 1638 2573 1690 qua:
2608 1620 2873 1677 Servator
2921 1623 3184 1692 apostolis
3220 1623 3504 1677 enuntias-

232 1713 368 1775 τοῖς
412 1712 746 1784 ἀπορρήτοις
790 1711 901 1766 τῶν
932 1711 1248 1783 προφητῶν,
1288 1710 1391 1763 ὑπὸ
1444 1709 1537 1763 τοῦ
1578 1708 1829 1779 Σωτῆρος

1940 1718 2035 1774 set,
2062 1721 2263 1779 praeter
2291 1713 2591 1781 spiritualia
2626 1715 2761 1786 legis
2808 1723 2864 1770 et
2914 1715 3166 1768 abstrusa
3209 1715 3503 1784 propheta-

238 1802 365 1864 τοῖς
753 1803 913 1855 όποῖα
1038 1774 1117 1854 τόί
1169 1819 1187 1852 ι
1219 1800 1461 1853 Ἤκουσα
1488 1800 1699 1871 ἄρρητα
1720 1774 1831 1870 ⁷ρή-

1940 1814 2074 1865 rum,
2110 1801 2176 1856 de
2206 1817 2437 1873 quorum
2474 1821 2702 1861 numero
2756 1806 2884 1860 illud
2930 1815 3047 1859 erat
3087 1821 3151 1863 ξι
3189 1805 3380 1859 Audivi
3413 1822 3504 1859 ar-

242 1908 424 1961 ματα,
453 1890 605 1946 διούκ
628 1892 751 1948 ἐξὸν
784 1890 1053 1963 ἀνθρώπῳ
1088 1890 1340 1961 λαλῆσαι,
1379 1911 1397 1942 ι
1419 1891 1516 1946 καὶ
1547 1891 1831 1964 παραπλή-

240 1995 348 2033 σια
378 1982 492 2044 τοῖς
525 1979 631 2034 ὑπὸ
663 1980 756 2035 τοῦ
790 1980 1141 2052 Παρακλήτου
1161 1980 1492 2052 λεγομένοις.
1519 1982 1641 2034 Ἔτι
1661 1981 1719 2035 δὲ
1738 1982 1832 2035 καὶ

216 2069 309 2127 .lv
327 2070 543 2135 τούτοις
576 2071 689 2142 (96)
737 2072 798 2125 τὸ
827 2072 989 2144 ῥητὸν
1030 2070 1373 2144 θεασώμεθα,
1400 2068 1509 2127 οἷον
1539 2070 1678 2127 εῐναί
1709 2091 1832 2128 τινα

234 2160 520 2233 διηγεῖται
549 2162 638 2215 τὸν
674 2162 952 2234 θερίζοντα
975 2161 1167 2233 μισθὸν
1208 2162 1508 2234 λαμϐάνειν
1526 2164 1642 2231 ,καὶ
1674 2164 1835 2219 συνά-

235 2269 372 2323 γειν
402 2254 613 2326 καρπον
638 2256 719 2319 είς
751 2252 895 2326 ζωὴν
925 2252 1143 2308 αίώνιον
1160 2256 1189 2308 6
1208 2255 1618 2326 εὐαγγελιστὴς,
1636 2254 1829 2325 λέγων·

247 2362 272 2396 ι
317 2345 440 2400 Ἵνα
465 2346 495 2398 6
528 2344 768 2416 σπείρων
799 2344 934 2416 ὁμοῦ
972 2345 1158 2417 χαίρῃ,
1191 2346 1286 2399 καὶ
1322 2347 1351 2399 6
1398 2345 1645 2417 θερίζων.
1696 2365 1716 2399 ι
1768 2347 1833 2400 Ei

239 2433 307 2488 δὲ
348 2434 435 2489 ἵνα
463 2435 492 2487 6
533 2435 771 2506 σπείρων
810 2435 944 2507 ὁμοῦ
988 2436 1175 2509 χαίρῃ,
1199 2437 1294 2490 καὶ
1317 2438 1346 2491 6
1383 2436 1614 2509 θερίζων
1641 2435 1832 2508 μισθὸν

243 2524 543 2596 λαμϐάνει,
578 2527 675 2582 καὶ
708 2528 931 2596 συνάγει
952 2528 1165 2599 καρπὸν
1193 2530 1274 2592 εἰς
1300 2527 1446 2600 ζωὴν
1475 2527 1712 2594 αἰώνιον,
1738 2529 1835 2583 τά·

244 2632 324 2686 χα
370 2618 398 2669 6
448 2617 708 2689 σπείρων,
746 2617 1016 2672 κοινωνῶν
1060 2617 1140 2688 τῷ
1176 2618 1354 2689 μισθῷ
1377 2618 1470 2673 τοῦ
1504 2617 1830 2692 θερίζοντος,

247 2706 349 2759 καὶ
372 2710 440 2778 τῇ
470 2711 760 2780 συναγωγῇ
804 2707 906 2761 τοῦ
940 2709 1020 2772 είς
1047 2708 1195 2781 ζωὴν
1224 2708 1440 2764 αἰώνιον
1472 2709 1832 2781 συναγομένου

244 2797 491 2868 καρποῦ,
522 2799 637 2869 ἅμα
669 2799 746 2870 τῷ
782 2798 1049 2870 θερίζοντι
1078 2801 1400 2872 χαρήσεται.
1433 2801 1626 2866 Ἀλλος
1652 2800 1710 2855 δέ
1750 2818 1835 2865 τις

247 2887 374 2957 ἐρεῖ
396 2886 493 2941 ὅλα
524 2888 590 2941 τὰ
617 2888 817 2967 νομικά
847 2891 940 2943 καὶ
970 2890 1042 2943 τά
1079 2890 1397 2963 προφητικά
1424 2891 1667 2963 ἀκριϐῶς
1694 2890 1834 2946 κατὰ

244 2976 353 3048 τὴν
369 2978 742 3050 πνευματικὴν
780 2979 1007 3052 ἐκδοχὴν
1046 2981 1345 3052 νενοημένα
1381 2983 1573 3035 Μωσεῖ
1600 2982 1833 3045 καὶτοῖς

1932 1904 2066 1944 caua
2096 1893 2287 1961 verba,
2321 1910 2443 1963 qua:
2484 1911 2591 1950 non
2638 1897 2766 1952 licet
2801 1899 2866 1951 ad
2902 1897 3174 1951 hominem
3204 1898 3346 1967 loqui
3377 1896 3443 1964 ⁸⁸,
3475 1915 3498 1952 ι

1931 1988 1986 2034 et
2016 1982 2216 2037 similia
2253 1984 2337 2039 his
2365 2000 2484 2053 qua:
2509 1987 2769 2041 dicuntur
2824 2002 2854 2040 a
2900 1985 3200 2041 Paraeleto.
3231 1986 3500 2042 Praeterea

1932 2087 2064 2127 vero
2094 2074 2260 2127 etiam
2293 2075 2344 2128 in
2380 2076 2467 2131 his
2498 2087 2814 2132 contextum
2844 2078 3278 2141 consideremus,
3314 2091 3503 2145 quent-

1935 2163 2227 2218 admodum
2258 2168 2547 2235 quemdam
2573 2182 2696 2223 esse
2720 2176 3035 2232 metentem,
3067 2167 3158 2235 qui
3195 2168 3500 2221 mercedem

1934 2255 2245 2325 accipiatet
2274 2269 2568 2328 congreget
2617 2259 2851 2313 t'ructmn
2894 2259 2946 2312 in
3002 2259 3164 2310 vitam
3218 2266 3502 2321 cateruam,

1934 2356 2118 2401 narrat
2152 2348 2511 2416 evangelista,
2561 2349 2753 2404 dicens
2785 2366 2800 2407 :
2843 2366 2863 2399 ι
2910 2348 2978 2403 Ut
3022 2347 3114 2416 qui
3148 2349 3403 2411 seminat,
3429 2349 3505 2402 si-

1934 2438 2043 2492 mul
2081 2443 2334 2509 gaudeat,
2364 2447 2421 2494 et
2452 2440 2544 2510 qui
2580 2441 2738 2495 metit
2768 2442 2835 2494 ’⁸.
2876 2458 2896 2489 ι
2928 2438 3062 2494 Nam
3097 2439 3170 2504 si,
3203 2448 3261 2491 ut
3300 2439 3390 2506 qui
3418 2451 3505 2492 se-

1935 2527 2103 2582 minat
2145 2529 2305 2583 simul
2352 2531 2624 2598 gaudeat,
2659 2542 2714 2584 et
2763 2531 2808 2585 si
2857 2529 2951 2599 qni
2991 2530 3146 2584 metit
3198 2529 3503 2585 mercedem

1933 2618 2153 2688 accipit.
2183 2628 2240 2673 et
2284 2620 2582 2689 congregat
2627 2618 2865 2675 fructum
2915 2620 2969 2672 in
3026 2619 3189 2672 vitam
3219 2629 3501 2685 :eternam,

1934 2703 2187 2761 fortassis
2238 2709 2329 2776 qui
2370 2710 2607 2763 seruiunt
2653 2709 2987 2779 participans
3022 2710 3327 2763 mercedem
3379 2724 3501 2763 cum

1936 2805 2213 2862 tnetente,
2266 2808 2320 2852 et
2350 2798 2727 2854 collectionem
2762 2803 2979 2855 lructns
3034 2799 3124 2868 qui
3180 2801 3502 2853 convehitur

1936 2886 1990 2939 in
2023 2886 2185 2941 vitam
2235 2899 2494 2943 asternam
2524 2929 2541 2953 ,
2583 2891 2742 2945 simul
2783 2906 2905 2945 cmn
2956 2898 3191 2944 tnetente
3220 2890 3501 2959 gaudebit.

1935 2977 2006 3031 At
2032 2978 2170 3032 alius
2203 2980 2422 3047 quidam
2453 2982 2700 3035 dicturus
2724 2991 2825 3045 est,
2865 2982 3045 3036 omnia
3084 2982 3274 3051 lcgalia
3302 2992 3349 3035 et
3378 2996 3501 3050 pro-

249 3072 584 3143 προφήταις,
624 3072 717 3124 καὶ
755 3072 830 3135 ὠς
861 3072 1029 3144 ὲχρῆν
1074 3073 1507 3145 κεκαλυμμένοις
1545 3074 1640 3128 καὶ
1677 3074 1833 3126 ὲσκε-

1940 3066 2148 3137 pbetica
2175 3068 2360 3124 Mosen
2413 3087 2479 3125 ac
2521 3073 2813 3142 prophetas
2854 3084 3109 3127 accurate
3146 3073 3499 3137 intellexisse,

248 3162 553 3233 πασμένως
581 3163 1044 3234 ἀναγεγραμμένα
1072 3161 1145 3218 τά
1171 3163 1490 3236 ἐσπαρμένα
1522 3160 1677 3219 εῖναι·
1707 3164 1830 3217 ἐπεὶ

248 3254 313 3309 δὲ
348 3274 365 3307 ι
400 3254 554 3324 λόγον
584 3254 748 3324 σοφὸν
777 3255 871 3308 ἐὰν
907 3253 1116 3327 ἀκούσῃ
1150 3257 1486 3328 ἐπιστήμων,
1507 3256 1710 3310 αἰνέσει
1739 3257 1831 3310 αὑ-

249 3346 367 3409 τὸν,
390 3347 483 3401 καὶ
510 3348 595 3400 ἐπ’
615 3346 775 3400 αὑτὸν
787 3345 1106 3418 προσθήσει,
1136 3366 1154 3398 ι
1182 3346 1356 3418 δῆλον,
1382 3348 1463 3402 ὃτι
1479 3349 1528 3401 οἱ
1544 3348 1831 3403 ἀπόστολοι

258 3437 566 3508 σπέρμασιν
612 3435 1065 3507 ἀπορῥητοτέρων
1093 3435 1186 3489 καὶ
1210 3435 1523 3508 βαθυτέρων
1549 3438 1832 3509 χρησάμε-

256 3544 361 3590 νοι,
393 3531 505 3591 τοῖς
534 3527 639 3581 ὑπὸ
676 3525 953 3581 Μωῦσέωε
981 3528 1077 3581 καὶ
1116 3526 1224 3581 τῶν
1255 3527 1548 3598 προφητῶν
1574 3529 1833 3599 νενοημέ-

258 3636 369 3683 νοις
424 3618 532 3690 (95)
553 3655 570 3679 .
598 3619 984 3693 διαὸεὸήκασιν
1029 3619 1123 3673 ἐπὶ
1171 3618 1233 3673 τὸ
1269 3621 1350 3683 είς
1396 3619 1833 3673 πολλαπλασίονα

262 3710 462 3782 φθάσαι
486 3711 585 3783 τῆς
608 3711 865 3783 ἀληθείας
884 3712 1153 3783 θεάματα,
1197 3709 1371 3783 Ἰησοῦ
1400 3711 1715 3781 ἐπαίροντος
1741 3710 1834 3764 αύ-

259 3802 366 3856 τῶν
395 3802 521 3867 τοὺς
550 3800 881 3873 ὀφθαλμοὺς,
913 3802 1008 3856 καὶ
1035 3801 1356 3871 φωτίζοντος
1379 3802 1556 3855 αὐτῶν
1590 3801 1688 3866 τὰς
1713 3801 1831 3856 δια-

262 3892 426 3956 νοίας,
470 3892 563 3946 καὶ
593 3889 660 3966 ἦν
700 3892 770 3946 τὰ
817 3891 1254 3945 πολλαπλασίονα
1289 3890 1546 3962 θερισμὸς
1575 3891 1682 3945 τῶν
1712 3892 1834 3946 λευ-

262 3985 372 4039 κῶν
397 3984 507 4056 (96)
538 3984 748 4057 χωρῶν·
776 3984 873 4057 οὐχ
903 3984 979 4049 ὡς
1000 3982 1374 4057 ὑποδεέστεροι
1405 3983 1462 4037 δὲ
1492 3984 1540 4037 οἱ
1560 3983 1833 4055 προφῆται

264 4078 355 4132 καὶ
377 4078 578 4147 Μωσῆς
621 4075 862 4148 ἀρχῆθεν
890 4076 991 4130 οὐκ
1020 4071 1157 4129 εἶδον
1194 4074 1305 4146 (97)
1336 4076 1435 4128 ὅσα
1465 4074 1515 4128 οἱ
1547 4075 1833 4131 ἀπόστολοι

263 4167 402 4221 κατά
422 4165 519 4238 τὴν
559 4165 733 4237 Ἰησοῦ
763 4165 1075 4237 ἐπιδημίαν,
1101 4163 1216 4219 ἀλλ’
1248 4164 1325 4229 ὼς
1365 4163 1750 4236 περιμένοντες
1773 4165 1834 4218 τὺ

263 4258 533 4329 πλήρωμα
554 4257 648 4311 τοῦ
667 4257 882 4330 χρόνου,
909 4259 967 4310 ὲν
987 4250 1032 4325 ᾧ
1055 4254 1221 4328 ἐχρῆν
1261 4254 1400 4326 μετά
1423 4254 1515 4308 τοῦ
1554 4253 1832 4326 ὲξαιρέτου

262 4350 360 4420 τῆς
398 4348 569 4420 Ἰησοῦ
595 4347 829 4421 Χριστοῦ
851 4347 1161 4419 ἐπιδημίας,
1194 4347 1286 4401 καὶ
1317 4346 1567 4417 ἐξαίρετα
1592 4345 1742 4416 παρὰ
1763 4344 1833 4399 τά

1932 3156 2089 3225 juxta
2119 3160 2455 3229 spiritualem
2492 3161 2926 3230 intelligentiam,
2963 3172 3016 3216 et
3039 3202 3055 3227 ,
3104 3173 3160 3216 ttt
3188 3162 3499 3231 oportebat,

1920 3257 2075 3307 tecte
2107 3259 2162 3303 et
2192 3252 2535 3305 considerate
2564 3252 2770 3320 scripta
2797 3293 2813 3318 ,
2845 3265 2907 3306 ea
2939 3266 3064 3308 esse
3084 3267 3205 3321 qua:
3232 3252 3498 3307 seminata

1934 3348 2105 3406 sunt;
2157 3342 2415 3409 quoniam
2465 3353 2645 3396 autem
2681 3362 2701 3394 ι
2745 3344 2791 3397 si
2837 3358 3146 3397 sermonem
3197 3345 3499 3412 sapientem

1935 3430 2173 3485 audierit
2219 3431 2460 3502 sapiens,
2513 3433 2755 3487 laudabit
2794 3450 2954 3499 eum,
2982 3440 3036 3489 et
3067 3435 3133 3487 ad
3171 3437 3343 3502 ipsum
3401 3435 3499 3487 ad-

1939 3520 2134 3586 dct“,r
2166 3524 2514 3591 perspicuum
2543 3537 2665 3578 esse
2693 3523 2968 3590 apostolos
3001 3539 3181 3577 rerum
3218 3524 3388 3591 magis
3416 3537 3505 3576 re-

1936 3611 2277 3665 conditarum
2311 3612 2374 3665 'et
2404 3612 2801 3680 profuntlarum
2834 3625 2964 3665 usos
3008 3612 3334 3675 seminibus,
3383 3625 3502 3678 quae

1936 3701 2153 3773 Moyses
2186 3712 2239 3756 et
2274 3704 2553 3772 propheta:
2592 3702 2999 3756 distribuissent
3031 3741 3047 3766 ,
3084 3716 3148 3755 eo
3192 3684 3504 3770 pervenisse

1938 3801 1998 3846 ut
2037 3802 2460 3860 assequi-rentur
2493 3793 2728 3846 visiones
2756 3791 3005 3852 veritatis
3029 3790 3196 3844 multo
3230 3790 3501 3858 cupiosin-

1940 3895 2049 3943 res,
2083 3879 2246 3949 260
2277 3874 2531 3932 nimirum
2564 3879 2694 3934 Jesu
2738 3879 2949 3934 illorum
2983 3879 3169 3934 oculos
3198 3877 3500 3945 attollente,

1939 3979 1994 4024 et
2023 3970 2373 4023 illucescente
2427 3969 2641 4023 illormn
2678 3969 2970 4035 mentibus,
3003 3985 3121 4038 qua:
3169 3970 3503 4038 cepiosiores

1939 4063 2177 4117 visiones
2208 4062 2402 4116 messis
2430 4064 2711 4133 regionum
2738 4062 2985 4117 albarum
3014 4072 3174 4117 erant
3201 4080 3217 4118 :
3244 4074 3498 4118 caeterum

1940 4165 2049 4204 non
2079 4152 2206 4220 quia
2238 4149 2439 4203 lina-int
2481 4151 2807 4222 abjeCtiores
2834 4152 3110 4222 propheta:
3138 4168 3202 4207 ac
3226 4152 3419 4215 Moses,
3470 4168 3501 4205 ει

1938 4241 2204 4311 principio
2251 4255 2346 4294 eos
2378 4254 2484 4296 non
2525 4242 2722 4296 vidisse
2769 4242 2973 4309 omnia,
3010 4257 3130 4311 qua:
3160 4241 3386 4311 apostoli
3446 4241 3501 4294 in

1938 4334 2171 4386 adventu
2204 4331 2406 4387 Christi
2437 4360 2453 4408 ς
2479 4332 2575 4386 sed
2606 4332 2729 4402 quia
2757 4332 2921 4386 veluti
2951 4339 3336 4401 exspectabant
3368 4338 3504 4382 tent-

265 4437 597 4510 λελαλημένα
650 4435 870 4491 πώποτε
910 4438 968 4490 ὲν
1013 4435 1093 4507 τῷ
1146 4436 1335 4507 κόσμῳ
1386 4437 1419 4507 ἢ
1477 4434 1833 4508 γεγραμμένα

1940 4423 2085 4491 poris
2147 4423 2595 4488 plenitudinem:
2650 4437 2760 4492 quo
2798 4424 3016 4491 quidem
3074 4431 3316 4489 tempore
3373 4434 3499 4471 cunt

266 4528 708 4598 ἀποκαλυφθῆναι
756 4527 865 4582 ἀπὸ
894 4527 986 4581 τοῦ
1020 4527 1119 4598 οὐχ
1148 4525 1438 4598 ἁρπαγμὸν
1480 4525 1830 4597 ἡγησαμένου

264 4620 326 4676 1:6
352 4616 487 4675 εἶναι
532 4620 622 4675 ίσα
660 4619 797 4692 Θεῷ,
839 4619 954 4674 ἀλλ’
995 4619 1186 4674 ἑαυτὸν
1215 4616 1553 4684 κενώσαντος
1578 4618 1674 4709 καὶ
1702 4636 1832 4691 μορ-

269 4710 371 4782 φὴν
388 4711 572 4766 δούλου
598 4711 899 4783 εἰληφότος.

336 4974 421 5032 67.
454 4993 473 5027 ι
520 4975 607 5031 Ἑν
641 4972 753 5047 γάρ
790 4971 967 5043 τούτῳ
993 4971 1025 5025 6
1062 4970 1222 5039 λόγος
1252 4969 1401 5025 ἐστὶν
1433 4968 1702 5040 ἀληθινὸς,
1751 4970 1834 5025 ὅτι

276 5068 419 5134 ἀλλος
446 5068 591 5124 ἐστὶν
617 5072 648 5124 6
681 5068 941 5141 σπείρων,
973 5066 1071 5122 καὶ
1107 5064 1266 5128 ἀλλος
1287 5065 1316 5118 6
1351 5062 1599 5136 θερίζων.
1654 5083 1675 5117 ι
1710 5063 1837 5119 Εἴτε

1936 4513 2120 4568 eximii
2156 4513 2299 4568 illius
2329 4512 2456 4567 Jesn
2485 4511 2691 4567 Christi
2740 4512 2972 4565 adventu
3008 4511 3297 4564 revelauda
3350 4522 3506 4566 erant

1937 4609 2099 4662 etiam
2125 4609 2512 4665 ercelletttiora
2562 4608 2649 4662 his
2693 4622 2814 4675 qua:
2844 4620 3080 4674 unquam
3116 4603 3200 4658 vel
3247 4604 3390 4658 dicta
3421 4605 3504 4658 vel

1936 4703 2139 4770 scripta
2169 4701 2374 4755 fuerint
2405 4701 2459 4755 in
2493 4699 2716 4762 nmndo,
2754 4698 2825 4752 ab
2885 4711 2951 4751 eo
2980 4698 3073 4767 qui
3117 4712 3225 4750 non
3260 4696 3500 4766 rapinam

1938 4793 2238 4848 arbitratus
2280 4800 2363 4845 est
2390 4805 2451 4845 se
2485 4789 2594 4844 Deo
2639 4788 2901 4858 aequalem
2934 4802 3055 4843 esse
3078 4827 3095 4855 ,
3138 4787 3234 4842 sed
3264 4799 3500 4857 seipsum

1940 4881 2264 4947 exinanivit,
2298 4880 2470 4935 forma
2493 4880 2635 4934 servi
2669 4888 2892 4949 accepta
2933 4878 2999 4933 ".

2011 4973 2100 5029 47.
2141 4990 2161 5026 ι
2208 4971 2265 5026 In
2298 4980 2399 5027 hoc
2445 4971 2590 5026 enim
2636 4986 2817 5027 sermo
2853 4986 3017 5026 verax
3048 4978 3151 5036 est,
3182 4967 3327 5039 quod
3364 4967 3503 5022 alius

1941 5072 2022 5119 est
2054 5061 2147 5134 qui
2173 5062 2426 5128 seminat,
2459 5069 2514 5116 et
2539 5060 2679 5117 alios
2712 5061 2802 5131 qui
2830 5060 2987 5116 metit
3021 5060 3085 5115 ³⁸.
3116 5078 3136 5112 ι
3161 5058 3287 5113 Sive
3313 5071 3507 5112 secun-

333 5247 373 5279 "
394 5244 552 5300 Prov.
580 5261 691 5311 xvi,
715 5245 808 5300 23.
888 5245 931 5277 ¹¹
959 5242 999 5300 li
1020 5242 1209 5300 Thess.
1229 5259 1289 5307 ιι,
1316 5241 1406 5297 14.
1483 5240 1585 5311 ⁸ΠΙ
1627 5240 1769 5311 Tim.
1796 5257 1833 5311 ιι

2014 5242 2059 5275 ¹³
2084 5241 2275 5298 Matth.
2303 5256 2427 5310 χιιι,
2458 5240 2547 5300 l7.
2621 5240 2669 5276 “
2703 5241 2747 5299 ll
2775 5240 2901 5300 Cor.
2934 5256 3029 5306 xu,
3056 5240 3114 5296 4.
3192 5239 3235 5272 ¹⁶
3256 5236 3503 5308 Joan.tv,

282 5312 357 5370 56.
434 5317 480 5349 “
511 5308 687 5372 Eeelii
728 5330 843 5384 ut,
880 5313 968 5370 18.
1044 5315 1086 5347 ⁸⁷
1125 5313 1449 5383 Philippm,
1488 5310 1545 5377 ϐ,
1582 5311 1634 5369 7.
1732 5310 1778 5344 ³⁸
1803 5308 1831 5366 J

1941 5346 1958 5366 .
1992 5328 2067 5380 tv,
2102 5314 2196 5370 '57.

250 5504 290 5545 ._
332 5472 451 5545 ((95)
467 5469 680 5545 Etgsi'g
702 5467 1125 5545 ἆγε-στήκετε.
1174 5466 1267 5545 §ic
1299 5465 1462 5545 habet
1489 5468 1661 5523 codex
1690 5465 1832 5523 Bod-

280 5536 509 5607 leiamis;
547 5544 602 5596 in
632 5540 801 5610 Regio
832 5538 1028 5610 legitur
1064 5538 1261 5610 είπεϊν,
1296 5536 1616 5610 ἀνατήκετε.

343 5614 467 5683 (98),
489 5601 594 5683 Ἔν
617 5601 991 5683 τούξαμὲἰο
1019 5607 1189 5662 codex
1225 5601 1587 5671 Boilleianus;
1624 5601 1831 5678 Regius

286 5691 328 5738 et
350 5677 698 5742 Bai-beriuns,
737 5677 966 5741 τούτοις.

348 5751 453 5820 (95)
478 5749 658 5806 Codex
690 5747 1031 5813 Bodleianus,
1054 5742 1507 5816 διανένοημένοις.

2008 5470 2120 5541 (96)
2173 5468 2382 5541 Codexg
2403 5466 2738 5541 Adeleiauus
2770 5465 3004 5534 λευκῶν,
3047 5461 3249 5538 Regius
3283 5480 3413 5524 vero
3446 5474 3503 5523 et

1938 5537 2271 5593 Barherinus
2301 5537 2532 5591 πολλῶν.

2006 5608 2123 5735 397)
2157 5609 2279 5689 ρύκ
2303 5606 2511 5688 εἶδον.
2549 5605 2712 5687 Deest
2758 5606 2810 5661 in
2864 5605 3031 5678 [legio
3085 5614 3139 5662 et
3180 5605 3503 5672 Barberiuo,

2069 5677 2268 5735 lenitur
2303 5692 2356 5732 tn
2381 5675 2690 5733 Bodleiano.

1941 5675 2038 5735 sed
2069 5675 2268 5748 legitur
2303 5676 2356 5732 in
2381 5675 2690 5733 Bodleiano.
