3878 6210
478 343 579 396 48⁸1
1929 333 2052 390 υιιι

2162 332 2255 388 ΠΒ
3614 338 3695 399 698

477 456 603 509 dum
655 451 959 522 exenplum
1014 451 1081 505 ab
1128 450 1335 504 artibus
1381 459 1437 506 et
1467 451 1712 506 scientiis
1761 461 2036 521 sumptum

2162 447 2287 501 (ατὰ
2306 446 2367 501 τὸ
2398 446 2508 501 ἀπὺ
2542 445 2652 502 τῶν
2680 445 2885 517 τεχνῶν
2915 447 3010 500 καί,
3052 444 3161 499 τῶν
3190 445 3499 518 ἐπιστημῶν
3525 448 3694 521 ληφθὲν

478 546 900 613 interpretemur
930 543 1213 609 pmscntia
1241 582 1255 602 .
1311 542 1516 597 rlarmn
1567 554 1653 599 est
1702 544 1845 612 quod
1889 559 2049 598 verus

474 637 545 691 sit
577 649 804 710 sermo:
844 652 862 683 ι
899 634 1052 687 Alius
1103 644 1190 688 est
1232 636 1325 703 qui
1370 636 1626 695 seminat.
1682 645 1736 689 et
1763 636 1901 690 alius
1957 635 2049 706 qui

475 723 631 776 metit
666 738 683 778 :
726 740 747 773 ι
781 722 899 774 sive
929 735 995 775 eo
1050 724 1196 790 quod
1247 723 1569 776 seminariut
1617 723 1839 791 quidem
1870 721 2051 776 Moses

471 820 525 863 et
581 811 882 880 prophetae,
939 809 1180 864 viderint
1230 818 1410 864 autem
1459 811 1708 881 regiones
1749 811 1902 866 albas
1925 823 2049 866 esse

474 901 566 971 qui
624 903 943 956 levaverunt
992 901 1185 957 oculos
1240 900 1393 967 juxta
1456 913 1785 973 pra-ceptum
1841 903 2050 957 Domini

477 993 647 1047 nostri
696 991 825 1046 Jesu
888 990 1139 1057 Christi,
1192 995 1282 1062 qui
1321 995 1403 1048 eis
1439 1002 1767 1065 pract'pemt
1819 1003 1879 1047 ut
1913 993 2057 1048 vide-

478 1095 600 1141 rent
650 1087 924 1155 quomodo
980 1085 1234 1155 regiones
1280 1084 1392 1155 jam
1438 1087 1574 1142 albae
1598 1094 1784 1142 essent
1812 1087 1879 1141 ad
1914 1100 2057 1140 mes-

474 1194 588 1232 sem
611 1194 626 1243 ;
651 1179 813 1232 etiam
849 1181 928 1234 sic
967 1179 1314 1234 manifestum
1348 1188 1434 1233 est
1462 1193 1698 1247 quonam
1724 1187 1883 1245 pacto
1911 1177 2055 1232 alius

476 1269 548 1324 sit
574 1270 663 1337 qui
697 1271 954 1334 seminat,
990 1282 1041 1325 ct
1073 1270 1213 1324 alius
1242 1271 1332 1340 qui
1385 1270 1559 1326 metit.
1589 1270 1889 1325 Considera
1919 1284 2054 1324 vero

476 1376 603 1414 num
630 1361 771 1415 alius
805 1371 857 1415 et
887 1361 1028 1416 alius
1060 1362 1265 1416 idcirco
1293 1362 1527 1427 diratnr,
1576 1376 1640 1414 eo
1684 1362 1826 1428 quod
1861 1361 1936 1415 illi
1964 1361 2051 1432 ju-

474 1452 784 1506 Stiliceutnr
826 1454 1046 1523 quidem
1081 1454 1174 1507 tali
1232 1455 1353 1506 vita:
1388 1453 1661 1517 instituto,
1702 1454 1753 1507 hi
1795 1468 1921 1505 vero
1951 1454 2058 1506 alio

475 1555 676 1612 pra-ter
706 1545 832 1598 illud
862 1587 876 1607 ,
927 1549 1061 1599 adeo
1111 1557 1170 1600 ut
1220 1547 1454 1600 alterum
1491 1545 1716 1615 legalem
1744 1586 1759 1612 ,
1811 1546 2043 1600 alterum

473 1636 841 1705 evangelicum
891 1635 1159 1689 dicamus.
1221 1635 1476 1687 Attamen
1554 1634 1714 1688 simul
1774 1635 2056 1703 gaudent,

476 1741 583 1779 uno
636 1727 740 1780 line
774 1726 1018 1795 utrisque
1073 1725 1311 1792 reposito
1361 1725 1430 1777 ab
1468 1739 1574 1778 uno
1627 1725 1734 1779 Deo
1764 1739 1858 1794 per
1891 1741 2054 1781 unum

475 1820 752 1874 Christqu
792 1817 845 1870 iu
882 1835 989 1873 uno
1019 1828 1209 1873 sancto
1235 1817 1466 1888 Spiritu.

543 1992 635 2048 48.
664 1993 732 2046 At
762 1991 1057 2048 lleracleon
1090 1992 1204 2048 bare
1235 1993 1401 2049 verba
1435 2011 1450 2048 :
1492 2012 1511 2045 ι
1556 1992 1623 2049 Ut
1653 1993 1743 2063 qui
1799 1993 2054 2059 seminat,

475 2085 637 2149 simul
692 2086 944 2155 gaudeat,
997 2097 1053 2141 et
1101 2088 1193 2155 qui
1249 2086 1448 2153 metit,
1507 2105 1526 2138 ι
1590 2088 1672 2141 sic
1729 2087 2053 2142 enarravit:

480 2194 499 2229 ι
535 2176 743 2232 Gaudet
771 2176 1012 2245 quidem,
1053 2176 1245 2245 inquit,
1282 2177 1372 2244 qui
1421 2175 1681 2239 seminat,
1713 2185 1770 2231 et
1796 2177 2055 2246 quoniam

475 2267 730 2331 seminat,
772 2276 828 2321 et
875 2266 1021 2335 quod
1056 2267 1270 2334 species
1300 2265 1549 2335 quwdam
1583 2265 1851 2320 seminum
1887 2265 2056 2335 ipsius

475 2364 899 2428 congregantur,
934 2370 1084 2423 spem
1114 2355 1363 2410 eamdem
1400 2355 1566 2410 etiam
1612 2355 1679 2408 de
1710 2353 1923 2409 caneris
1954 2354 2053 2408 ha-

478 2455 611 2509 bens
636 2470 650 2520 ;
677 2453 768 2523 qui
799 2466 928 2506 vero
995 2453 1173 2516 metit,
1207 2451 1459 2505 similiter
1486 2450 1689 2518 aliquid
1724 2448 1882 2504 metit
1910 2466 1924 2507 :
1960 2449 2056 2502 sed

476 2545 685 2615 primus
724 2542 943 2612 quidem
990 2543 1079 2610 qui
1112 2541 1394 2606 seminat,
1452 2540 1718 2611 incmpit,
1781 2541 2056 2597 secundus

475 2650 607 2688 vero
639 2641 727 2688 est
774 2632 865 2687 ille
893 2633 983 2701 qui
1026 2632 1222 2696 metit;
1258 2645 1365 2686 non
1400 2631 1543 2685 enim
1577 2618 1764 2686 eodem
1811 2640 2055 2699 tempore

477 2734 727 2795 poterant
764 2724 984 2792 utrique
1017 2722 1260 2793 incipere
1286 2737 1302 2782 :
1329 2737 1465 2792 opus
1489 2722 1636 2777 enim
1676 2731 1817 2790 erat,
1848 2730 1909 2776 ut
1935 2721 2052 2790 pri-

478 2830 626 2869 mum
674 2817 1063 2878 semiuaretur,
1114 2814 1311 2869 deinde
1344 2824 1662 2870 meteretur.
1711 2814 1899 2883 Itaque
1934 2829 2058 2870 ces-

480 2912 639 2955 sanie
694 2915 724 2955 a
768 2906 980 2957 sat'oue
1028 2913 1232 2969 satore,
1282 2904 1461 2959 adhuc
1513 2919 1725 2960 messor
1773 2913 1963 2961 metet.
1994 2905 2052 2960 lu

480 2992 768 3061 [masculis
805 2993 1058 3063 equidem
1088 2995 1303 3065 utrique
1333 2994 1609 3067 preprium
1641 3011 1778 3067 opus
1821 3013 2054 3067 operan-

481 3095 561 3137 tes
603 3085 764 3139 simul
809 3087 1064 3154 gaudent,
1112 3103 1402 3142 commune
1445 3090 1701 3159 gaudium
1759 3092 2053 3154 seminum,
2082 3128 2125 3189 C

478 3171 866 3240 periei-tionem
918 3176 1063 3237 rati.
1099 3196 1118 3230 ι
1171 3175 1444 3232 Prtelcrea
1496 3179 1548 3232 in
1605 3195 1672 3233 eo
1711 3181 1856 3235 dicto
1888 3196 1902 3235 :
1934 3199 1965 3249 ι,
1997 3180 2052 3236 lu

480 3267 588 3318 huc
618 3273 704 3319 est
738 3281 919 3322 sermo
951 3283 1134 3332 verus,
1176 3270 1323 3339 quod
1368 3269 1508 3326 alius
1537 3271 1697 3344 261
1733 3274 1937 3342 estqui
1971 3288 2058 3329 sc-

478 3357 673 3422 lniuat,
703 3367 757 3412 et
791 3357 929 3411 alius
950 3359 1040 3428 qui
1074 3360 1248 3427 metit,
1276 3380 1294 3412 ι
1325 3361 1499 3431 inquit
1529 3380 1542 3416 :
1579 3382 1597 3414 ι
1634 3365 1787 3420 Alter
1839 3366 2055 3434 quidem

477 3465 638 3519 supra
669 3449 846 3505 locum
882 3451 1027 3506 illius
1072 3453 1312 3508 hominis
1368 3455 1609 3509 seminat
1635 3470 1650 3509 :
1678 3455 1775 3512 sed
1798 3456 2059 3512 Servator

475 3555 603 3596 cum
637 3542 708 3596 sit
737 3551 792 3596 et
828 3543 940 3612 ipse
981 3543 1152 3599 Filius
1192 3545 1450 3612 hominis,
1480 3548 1653 3612 metit,
1685 3558 1742 3603 et
1787 3564 2059 3605 messores

478 3633 669 3698 mittit,
712 3651 908 3705 nempe
938 3650 1033 3691 eos
1064 3652 1206 3705 quos
1238 3637 1492 3707 discipuli
1545 3649 1738 3693 rentur
1782 3640 2004 3711 angelos
2039 3660 2055 3710 ;

477 3739 920 3796 unumquemque
978 3727 1044 3780 ad
1103 3741 1261 3781 suam
1312 3728 1488 3798 ipsius
1544 3730 1805 3784 animam.
1867 3749 1886 3781 ι
1939 3729 2056 3785 Non

483 3817 778 3871 admodum
832 3827 1015 3873 autem
1075 3819 1223 3873 clare
1286 3821 1580 3890 exposuit,
1633 3822 1726 3891 qui
1783 3821 1893 3877 sint
1951 3824 2057 3878 duo

479 3904 574 3959 lilii
608 3904 863 3970 hominis,
913 3921 1144 3975 quorum
1185 3907 1321 3964 alter
1350 3911 1583 3965 seminat
1628 3920 1684 3965 et
1720 3910 1860 3965 alter
1881 3910 2052 3966 metit.

546 4017 638 4070 69.
676 4034 693 4067 ι
722 4017 832 4087 Ego
858 4020 979 4073 misi
1006 4035 1102 4075 vos
1123 4023 1190 4075 ad
1226 4025 1536 4080 metendum
1559 4025 1702 4093 quod
1726 4040 1820 4081 vos
1844 4040 1951 4081 non
1981 4028 2058 4081 la-

481 4106 754 4172 borastis;
791 4108 883 4161 alii
912 4107 1341 4182 laboraverunt,
1378 4123 1432 4168 et
1460 4129 1557 4169 vos
1591 4116 1644 4169 in
1680 4117 1926 4172 laborem
1961 4131 2057 4171 eo-

481 4211 601 4250 rum
633 4196 899 4252 introistis
933 4197 996 4252 ιθ.
1030 4217 1051 4253 ι
1087 4198 1239 4256 llaud
1269 4211 1354 4258 est
1382 4202 1598 4259 dimcile
1642 4205 1830 4260 videre
1870 4221 1934 4262 ex
1972 4206 2058 4263 his

479 4303 601 4359 qua:
624 4303 790 4357 supra
826 4289 1083 4358 diximus,
1117 4293 1392 4363 (ιιιοιιιοιίο
1428 4296 1643 4351 miserit
1692 4294 1851 4352 Jesus
1891 4299 2057 4355 disci—

478 4380 635 4451 pulos
661 4383 727 4436 ad
754 4383 1061 4437 ineteudnm
1095 4385 1223 4440 illud
1247 4425 1266 4453 ,
1294 4386 1346 4441 in
1380 4387 1521 4455 quod
1554 4380 1665 4459 ipsi
1699 4405 1808 4445 non
1834 4391 2052 4446 labora-

479 4472 617 4541 rint,
651 4473 745 4529 sed
775 4473 1012 4545 majores
1044 4477 1128 4533 sui
1162 4496 1178 4536 :
1208 4493 1330 4532 cum
1367 4480 1510 4535 enim
1532 4480 1842 4537 laborarint
1878 4482 2052 4539 Moses

478 4575 534 4621 et
585 4567 862 4636 propheta:
886 4607 901 4633 ,
941 4579 1000 4623 ut
1033 4571 1319 4641 percipere
1358 4573 1579 4644 quirent
1626 4574 2051 4647 intelligentiam

480 4660 906 4730 mysteriorum,
960 4677 1191 4732 quormu
1255 4667 1484 4736 vestigia
1536 4668 1588 4722 in
1645 4670 1760 4725 suis
1808 4670 2052 4741 ipsorum

478 4751 698 4822 scriptis
745 4754 1103 4823 reliquerunt,
1156 4757 1210 4812 in
1253 4757 1415 4814 Mosis
1443 4776 1508 4816 ac
1547 4763 1934 4832 prophetarum
1968 4765 2052 4820 la-

479 4843 666 4897 borem
706 4844 963 4899 introiere
1006 4849 1256 4918 apostoli,
1283 4867 1312 4903 a
1355 4850 1483 4909 Jesu
1541 4856 1797 4925 mysteria
1829 4857 2009 4911 edocti
2036 4898 2051 4920 ,

479 4942 742 4988 metentes
778 4945 832 4988 et
865 4951 1263 5008 congregantes
1312 4945 1362 4994 in
1410 4948 1604 4998 horrea
1655 4962 1768 5002 sua:
1806 4948 2047 5017 ipsorum

477 5027 673 5079 animae
691 5039 908 5079 sensum
938 5028 990 5080 in
1024 5029 1129 5085 illis
1166 5034 1527 5088 reconditum.
1559 5035 1637 5090 Ac
1659 5051 1873 5107 semper
1901 5051 2050 5096 certe

478 5112 671 5168 Sermo
707 5113 797 5168 ille
832 5112 1028 5183 [Filius
1060 5119 1178 5189 Dei]
1229 5121 1495 5189 majorum
1540 5122 1754 5177 labores
1785 5124 2051 5180 clariores

479 5203 610 5259 facit
633 5207 718 5261 bis
745 5208 838 5277 qui
873 5223 1134 5279 germane
1159 5211 1373 5268 discere
1415 5212 1660 5285 cupiunt,
1696 5214 1914 5271 etiamst
1940 5229 2048 5271 non

551 5338 600 5373 “
628 5336 790 5397 Joan.
822 5357 897 5409 IV,
920 5343 1011 5400 38.

506 5524 518 5537 .
543 5454 657 5528 (98)
676 5455 858 5537 podex
880 5458 1298 5537 ﬁodleianusLé
1316 5461 1494 5534 λόγος,
1527 5463 1730 5535 Regius
1757 5477 1811 5522 et
1838 5467 1908 5523 Ba
1918 5473 2044 5523 rbe-

475 5505 655 5606 vidui:
676 5526 855 5606 λόγος.
880 5527 999 5606 bis:
1037 5531 1199 5590 codd.
1222 5505 1429 5605 hegitis
1444 5505 1521 5592 ἰἷι
1555 5505 2039 5606 Βᾶίέᾶιῖιῖζᾜυ

473 5593 647 5669 λονμδξ
664 5593 759 5669 an
775 5596 1080 5669 θερίζοντα.

509 5663 656 5751 ⁹(θθ)
678 5663 859 5751 ξοιίςὲ
893 5666 1238 5740 Bodleiauus,
1265 5676 1492 5749 Κυρίου,
1526 5675 1726 5748 Regius
1754 5687 1806 5732 et
1848 5675 2046 5735 Barbe-

476 5736 650 5806 riuus,
678 5736 944 5807 Σωτῆρος.

2153 539 2501 610 παράδειγμα
2535 538 2968 609 ἐκλαμϐάνοιμεν
2999 537 3069 591 τὰ
3102 538 3247 592 κατὰ
3277 539 3367 591 τὸν
3402 541 3578 599 τόπον.
3619 561 3695 598 σα-

2153 631 2251 700 ερὲς
2299 631 2415 695 πῶς
2438 629 2689 702 ἀληθινὸς
2715 632 2743 683 6
2773 629 2931 698 λόγος
2957 628 3069 700 (98)
3095 628 3213 682 ἐστὶ
3241 630 3324 694 τὸ,
3352 650 3368 682 ι
3411 633 3591 687 ’Δλλον
3619 638 3698 707 μὲν

2156 719 2299 777 εἶναι
2325 723 2417 777 τὸν
2453 722 2779 791 σπείροντα,
2801 722 2895 775 καὶ
2924 720 3084 775 ἄλλον
3114 721 3208 775 τὸν
3248 721 3540 793 θερίζοντα·
3570 746 3587 779 ι
3614 730 3699 784 εἴτε

2154 814 2297 868 κατὰ
2329 814 2390 867 τὸ
2410 811 2747 884 ὲσπαρκέναι
2799 813 2899 883 μὲν
2935 813 3139 867 Μωσέα
3156 814 3253 867 καὶ
3277 817 3399 879 τοὺς
3429 820 3699 890 προφήτας,

2151 902 2553 976 τεθεωρηκέναι
2593 903 2650 958 δὲ
2672 903 2881 958 λευκῶν
2908 903 3218 975 γενομένων
3257 906 3364 959 τῶν
3395 909 3577 980 χωρῶν
3602 914 3700 978 τοὺς

2154 1000 2466 1071 ὲπάραντας
2496 997 2622 1062 τοὺς
2665 996 2978 1067 ὀφθαλμοὺς
3008 995 3153 1050 κατὰ
3188 996 3290 1062 τὰς
3322 999 3591 1072 ὑποθήκας
3627 1004 3698 1058 τοῦ

2155 1089 2363 1162 Κυρίου
2391 1087 2500 1160 (99)
2527 1086 2682 1157 ἡμῶν
2714 1084 2892 1157 Ἰησοῦ
2911 1082 3175 1157 Χριστοῦ,
3203 1086 3293 1141 ἵνα
3321 1085 3607 1143 θεάσωνται
3626 1093 3700 1156 τὶς

2155 1181 2341 1256 χώρας
2367 1181 2484 1245 πῶς
2511 1177 2652 1251 ἦσαν
2676 1178 2873 1233 λευκαὶ
2909 1179 3046 1251 πρὸς
3076 1178 3335 1251 θερισμὸν
3366 1182 3490 1254 ἤδη,
3516 1185 3604 1237 καὶ
3630 1185 3703 1239 οὗ.

2157 1292 2234 1328 τω
2259 1273 2415 1345 δῆλον
2442 1273 2560 1335 πῶς
2584 1271 2743 1336 ἄλλος
2777 1273 2807 1325 6
2830 1269 3095 1342 σπείρων,
3144 1271 3239 1325 καὶ
3267 1271 3421 1337 ἄλλος
3443 1275 3472 1326 6
3491 1274 3702 1347 θερίζων.

2158 1365 2359 1420 Σκόπει
2384 1364 2439 1417 δὲ
2469 1366 2519 1417 εί
2548 1363 2630 1425 τὸ.
2660 1363 2818 1426 ἄλλος
2843 1362 2938 1417 καὶ
2965 1362 3143 1427 ἄλλος,
3170 1363 3399 1419 δυνατὸν
3428 1367 3605 1438 νοῆσαι
3634 1369 3705 1423 διὰ

2157 1455 2219 1509 τὸ
2249 1455 2491 1518 ἐκείνους
2527 1454 2624 1524 μὲν
2654 1453 2749 1507 ἐπὶ
2778 1453 2957 1524 τοιᾷδε
2995 1452 3110 1523 βίου
3149 1454 3342 1526 ἀγωγῇ
3384 1456 3703 1519 δικαιοῦσθαι,

2158 1546 2382 1609 τούτους
2419 1546 2477 1600 δὲ
2508 1547 2601 1599 ἐπὶ
2643 1545 2807 1617 ἑτέρᾳ.
2839 1544 2971 1616 παρ’
3013 1545 3250 1618 ἐκείνην’
3285 1545 3426 1599 ὥστε
3458 1549 3615 1601 εἰπεῖν
3632 1549 3706 1603 ἄλο

2158 1639 2251 1694 λον
2284 1640 2381 1710 μὲν
2406 1639 2497 1692 τὸν
2526 1637 2770 1710 νομικὸν,
2792 1638 2951 1693 ἄλλον
2978 1636 3037 1691 δὲ
3064 1636 3156 1691 τὸν
3188 1639 3558 1708 εὐαγγελικόν.
3588 1641 3708 1713 Πλὴν

2163 1730 2280 1802 ἅμα
2324 1731 2605 1802 χαίρουσιν
2638 1731 2756 1795 ἑνὸς
2783 1729 2971 1794 τέλους
3015 1731 3123 1783 ἀπὸ
3154 1731 3275 1795 ἑνὸς
3302 1730 3441 1785 Θεοῦ
3483 1731 3565 1785 διὰ
3613 1733 3708 1796 ἐνὸς

2156 1820 2394 1893 Χριστοῦ
2434 1824 2492 1874 ὲν
2525 1822 2607 1875 ἑνὶ
2639 1820 2781 1891 ἁγίῳ
2833 1820 3112 1892 Πνεύματι
3148 1821 3480 1894 ἀμφοτέροις
3515 1824 3708 1879 ἀποκει-

2162 1911 2324 1982 μένου
2334 1951 2347 1963 .

2228 2004 2316 2060 48.
2366 2004 2425 2057 '0
2468 2004 2513 2058 δ’
2554 2004 2866 2076 Ἡρακλέων
2923 2004 3003 2057 τόδ
3051 2022 3071 2054 ι
3115 2004 3233 2058 Ἵνα
3266 2005 3297 2056 6
3338 2004 3567 2079 σπείρων
3600 2003 3708 2075 ὁμοῦ

2155 2094 2342 2168 χαίρῃ,
2392 2096 2488 2150 καὶ
2515 2097 2544 2149 6
2577 2093 2829 2167 θερίζων,
2873 2113 2892 2146 ι
2939 2093 3083 2148 οὕτω
3134 2094 3453 2168 διηγήσατοο
3495 2114 3514 2148 ι
3549 2097 3708 2167 Χαίρει

2160 2189 2258 2259 μὲν
2280 2188 2410 2261 γὰρ,
2444 2187 2630 2258 φησὶν,
2665 2188 2694 2240 6
2721 2185 2981 2258 σπείρων,
3008 2186 3091 2239 ὅτι
3120 2185 3357 2258 σπείρει,
3393 2188 3487 2240 καὶ
3506 2187 3583 2240 ὅτι
3615 2187 3710 2258 εἴδη

2153 2277 2277 2332 τινὰ
2320 2278 2432 2331 τῶν
2461 2276 2795 2349 σπερμάτων
2833 2274 3000 2329 αὑτοῦ
3035 2276 3352 2345 συνάγεται,
3390 2276 3572 2331 ἑλπίδι
3599 2278 3711 2349 ἔχων

2155 2371 2255 2443 τὴν
2279 2370 2449 2441 αὐτὴν
2471 2370 2569 2425 καὶ
2600 2370 2729 2443 περὶ
2761 2370 2870 2423 τῶν
2885 2368 3107 2424 λοιπῶνο
3143 2373 3173 2425 6
3200 2370 3257 2424 δὲ
3286 2371 3517 2443 θερίζων
3544 2373 3711 2443 ὁμοίως

2154 2479 2208 2516 τι
2238 2463 2334 2516 καὶ
2364 2462 2588 2534 θερίσει·
2608 2462 2724 2540 ἁλλξ
2745 2465 2775 2516 6
2798 2461 2990 2534 μὲνβ)
3018 2461 3234 2533 πρῶτος
3253 2462 3458 2535 ἤρξατο
3486 2463 3711 2534 σπείρων,

2155 2555 2185 2608 6
2213 2554 2463 2627 δεύτερος
2497 2556 2527 2609 6
2568 2554 2815 2627 θερίζων·
2847 2554 2907 2609 οὐ
2955 2552 3065 2626 γὰρ
3101 2554 3159 2606 ὲν
3202 2553 3281 2625 τῷ
3312 2555 3466 2627 αὑτῷ
3496 2556 3714 2609 ἐδύναντο

2157 2645 2458 2719 ἀμφότεροι
2486 2644 2776 2716 ἄρξασθαιο
2808 2644 2914 2699 ἔδει
2938 2645 3048 2718 γὰρ
3076 2645 3294 2717 πρῶτον
3323 2646 3611 2720 σπαρῆναι,
3633 2643 3713 2697 εἶθ’

2156 2735 2384 2809 ὕστερον
2409 2735 2743 2808 θερισθῆναι.
2782 2737 3142 2808 Παυσαμένου
3173 2736 3429 2808 μέντοιγε
3457 2737 3548 2791 τοῦ
3583 2734 3713 2790 σπεί-

2159 2846 2346 2902 ροντος
2380 2829 2643 2901 σπείρειν,
2678 2828 2758 2882 ἔτι
2787 2828 2960 2902 θεριεί
2998 2832 3028 2884 6
3075 2830 3327 2902 θερίζων
3367 2831 3463 2885 ὲπὶ
3499 2830 3715 2902 μέντοιγε

2157 2921 2248 2977 τοῦ
2292 2921 2558 2994 παρόντος
2589 2921 2889 2995 ἀμφότεροι
2930 2921 2993 2975 τὸ
3027 2922 3157 2976 ἴδιον
3196 2922 3362 2996 ἔργον
3405 2921 3715 2996 ἐνεργοῦντες

2155 3012 2292 3083 ὁμοῦ
2333 3012 2608 3084 χαίρουσι,
2642 3013 2829 3085 κοινὴν
2880 3012 3056 3086 χαρὰν
3106 3014 3206 3085 τὴν
3259 3013 3372 3067 τῶν
3425 3013 3717 3086 σπερμάτων

2156 3104 2469 3176 τελειότητα
2525 3104 2841 3176 ἡγούμενοι.
2877 3123 2897 3157 ο
2950 3106 3070 3158 Ἔτι
3113 3104 3171 3159 δὲ
3216 3106 3311 3160 καὶ
3355 3108 3440 3171 εἰς
3465 3107 3540 3159 τόο
3583 3125 3602 3158 ι
3644 3105 3718 3159 Ἔν

2159 3195 2331 3267 τούτῳ
2353 3196 2501 3250 ἐστὶν
2533 3199 2562 3250 6
2602 3197 2760 3267 λόγος
2792 3197 3065 3270 ἀληθινὸς,
3084 3198 3166 3252 ὅτι
3191 3198 3351 3262 ἄλλος
3372 3199 3521 3253 ἐστίν
3543 3201 3570 3252 6
3590 3196 3716 3251 σπεί·

2163 3303 2295 3358 ρων,
2343 3288 2438 3342 καὶ
2486 3287 2644 3353 ἄλλος
2671 3289 2700 3342 6
2734 3289 2986 3362 θερίζων,
3039 3308 3058 3341 ι
3091 3290 3278 3361 φησίψ
3314 3308 3333 3342 ι
3391 3292 3449 3345 '0
3495 3291 3587 3363 μὲν
3627 3290 3716 3362 γὰρ

2158 3379 2298 3451 ὑπὲρ
2330 3378 2422 3432 τὸν
2447 3379 2611 3433 τόπον
2641 3380 2757 3435 υίδν
2794 3380 3081 3453 ἀνθρώπου
3119 3381 3192 3453 (Ξ)
3227 3382 3468 3455 σπείρειο
3500 3385 3528 3437 6
3550 3383 3602 3436 δὲ
3628 3383 3710 3435 Σω-

2156 3472 2263 3545 τὴρ
2291 3471 2368 3526 ὢν
2401 3472 2496 3526 καὶ
2541 3472 2704 3537 αὒτδς
2746 3473 2876 3537 Υἱὸς
2914 3473 3201 3545 ἀνθρώπου
3229 3473 3461 3547 θερίζει,
3489 3476 3577 3529 καὶ
3604 3473 3725 3546 θερι.

2161 3564 2294 3627 στὰς
2325 3565 2532 3637 πέμπει
2567 3564 2643 3637 ('5)
2673 3566 2799 3631 τοὺς
2842 3565 2931 3619 διὰ
2973 3566 3082 3619 τῶν
3122 3567 3388 3639 μαθητῶν
3432 3567 3718 3640 νοουμένους

2160 3656 2447 3727 ἀγγέλους,
2477 3657 2707 3711 ἕκαστον
2729 3657 2822 3712 ἐπὶ
2866 3658 2964 3730 τὴν
2994 3658 3187 3713 ἑαυτοῦ
3212 3659 3421 3731 ψυχήν.
3457 3682 3475 3713 ι
3501 3662 3572 3715 Οὐ
3602 3662 3717 3713 πάνυ

2158 3747 2216 3802 δὲ
2274 3749 2463 3819 σαφῶς
2517 3750 2734 3815 ἐξέθετο
2785 3750 2914 3815 τοὺς
2969 3751 3062 3805 δύο
3096 3752 3246 3815 υἱοὺς
3294 3751 3398 3806 τοῦ
3442 3752 3719 3824 ἀνθρώπου,

2156 3838 2303 3903 τινες
2340 3840 2499 3906 εἰσιν,
2543 3834 2619 3895 ὧν
2648 3840 2678 3894 6
2706 3833 2789 3905 εἷς
2823 3840 3058 3914 σπείρει,
3082 3842 3178 3895 καὶ
3197 3845 3226 3897 6
3249 3838 3331 3906 εἷς
3358 3842 3579 3916 θερίζει.

2228 4044 2317 4099 49.
2363 4064 2381 4097 ι
2440 4043 2580 4113 Ἐγὼ
2625 4045 2921 4100 ἀπέστειλα
2946 4044 3092 4116 ὑμᾶς
3138 4045 3374 4120 θερίζειν
3406 4047 3436 4101 ὃ
3464 4048 3558 4118 οὐχ
3587 4045 3720 4117 ὑμεῖς

2158 4133 2547 4199 κεκοπιάκατε,
2587 4134 2735 4189 ἄλλοι
2764 4136 3150 4197 κεκοπιάκασι.
3192 4136 3287 4191 καὶ
3333 4137 3499 4210 ὑμεῖς
3540 4138 3614 4200 είς
3645 4132 3719 4185 τὸν

2158 4222 2325 4276 κόπον
2372 4222 2554 4277 αὐτῶν
2613 4223 3016 4296 εἰσεληλύθατε.
3052 4246 3073 4279 ι
3123 4227 3199 4281 Οὐ
3244 4226 3488 4307 χαλεπὸν
3533 4228 3595 4281 ἐκ
3630 4223 3719 4278 τῶν

2158 4313 2572 4384 προειρημένων
2617 4314 2892 4388 θεωρῆσαι
2941 4317 3058 4381 πῶς
3101 4318 3429 4374 ἀπέστειλεν
3462 4321 3491 4374 6
3539 4313 3721 4391 Ἰησοῦς

2156 4405 2285 4468 τοὺς
2314 4403 2561 4476 μαθητὰς
2596 4404 2833 4476 θερίζειν
2865 4407 3044 4471 τοῦτο.
3069 4411 3150 4474 εἰς
3185 4409 3214 4462 ὃ
3252 4411 3354 4465 οὐκ
3400 4410 3551 4466 αὐτοὶ
3582 4424 3721 4463 κεκο-

2165 4496 2447 4563 πιάκασιν,
2506 4496 2621 4551 ἀλλ’
2668 4500 2718 4552 oi
2773 4500 2880 4572 πρὸ
2925 4496 3124 4554 αὐτῶν⁸
3169 4502 3444 4573 καμόντος
3484 4503 3589 4573 γὰρ
3617 4500 3721 4555 Μω-

2164 4586 2303 4651 σέως
2328 4588 2421 4642 καὶ
2457 4588 2564 4641 τῶν
2597 4590 2914 4662 προφητῶν,
2947 4591 3033 4647 ἵνα
3068 4591 3315 4664 χωρῆσαι
3334 4594 3599 4665 δυνηθῶσι
3616 4589 3721 4660 νοῆ-

2165 4692 2256 4732 σαι
2282 4678 2358 4733 τάκ
2375 4683 2669 4752 μυστήρια,
2695 4674 2768 4735 ὧν
2788 4681 2858 4737 τὰ
2885 4683 3003 4757 ἴχνη
3032 4685 3092 4738 ὲν
3134 4687 3248 4748 τοῖς
3268 4686 3587 4757 γράμμασιν
3612 4685 3723 4736 €10-

2160 4770 2268 4823 τῶν
2321 4772 2455 4843 ἡμῖν
2493 4772 2970 4840 καταλελοίπασιν,
2992 4777 3072 4839 είς
3088 4775 3178 4829 τὸν
3222 4777 3472 4841 Μωσέως
3514 4770 3720 4830 καὶτῶν

2162 4864 2457 4937 προφητῶν
2490 4865 2656 4920 κόπον
2689 4869 2738 4920 oi
2777 4867 3065 4923 ἀπόστολοι
3103 4868 3533 4942 εἰσεληλύθασιν.
3562 4861 3719 4937 Ἰησοῦ

2165 4957 2669 5027 μυσταγωγοῦντος,
2705 4957 3010 5032 θερίζοντες
3030 4963 3125 5015 καὶ
3156 4962 3482 5031 συνάγοντες
3517 4961 3594 5024 είς
3633 4956 3720 5018 τὰς

2158 5045 2442 5118 ἀποθήκας
2488 5047 2590 5118 τῆς
2635 5047 2846 5103 ἑαυτῶν
2895 5048 3076 5122 ψυχῆς
3106 5050 3197 5105 τὸν
3234 5050 3292 5104 ἒν
3337 5050 3565 5112 ἐκείνοις
3589 5044 3715 5098 νοῦν.

2159 5138 2271 5191 Καὶ
2322 5139 2408 5191 ἀεὶ
2442 5137 2497 5190 δὲ
2547 5140 2576 5191 6
2615 5138 2787 5206 Λόγος
2824 5143 2936 5205 τοῖς
2994 5141 3456 5209 μαθητευομένοις
3502 5135 3719 5209 γνησίως

2159 5231 2305 5282 ποιεῖ
2327 5231 2454 5294 τοὺς
2477 5231 2589 5286 τῶν
2606 5233 2887 5307 προτέρων
2914 5236 3197 5309 καμάτους
3218 5243 3602 5307 σαφεστέρους»
3624 5246 3720 5301 Xm’

2221 5473 2299 5552 (ί)
2326 5473 2508 5552 Cede;
2539 5475 2892 5552 Bodleiauus,
2929 5479 3049 5536 ἀλλ’
3077 5480 3108 5533 6
3151 5476 3286 5552 μέν*
3323 5479 3525 5550 Regius
3572 5476 3712 5542 ἁλλο,

2152 5542 2443 5614 Periouius
2482 5546 2694 5612 legebat
2725 5542 2906 5614 ἄλλος.

2223 5612 2472 5688 βίΐίὸν
2508 5616 2844 5688 ἀνθρώπου.
2867 5612 3189 5688 Legendunt
3217 5620 3427 5678 videtur
3464 5617 3569 5686 vel,
3606 5613 3717 5684 υίὸς

2155 5683 2466 5759 ἁνθριῦπου,
2502 5688 2583 5759 vel
2613 5683 2714 5759 υίῴ
2740 5683 3049 5759 ἀνθρώπου.

2229 5754 2310 5828 (ὃ)
2339 5754 2519 5813 Codex
2555 5754 2900 5828 Bodleiano-5,
2924 5757 3171 5829 συνάγει.
