3948 6206
151 307 282 363 489
1245 296 1605 358 COMMENT.
1647 293 1712 350 IN
1747 292 1938 351 J0.-\N.
1984 299 2222 357 TOMUS
2261 299 2396 354 XIII.
3347 300 3450 352 ωε)

150 422 264 492 pl;
301 419 403 474 τοῦ
433 421 619 492 ὁμοίου
653 425 763 484 τοῖς
811 419 1062 492 σπείρασι
1107 421 1297 475 κόπου.
1343 421 1436 484 Εἰς
1481 419 1580 473 ὅλα
1608 419 1665 472 δὲ
1699 417 1762 470 τὰ

1877 433 2025 488 teque
2051 418 2324 483 laborent,
2359 427 2520 484 atquc.
2550 413 2599 468 ui
2628 415 2718 483 qui
2752 413 3107 467 seiuinarunt.
3146 411 3243 469 Est
3267 423 3322 467 et
3349 414 3450 466 ‘mc

150 510 313 582 περὶ
348 511 462 563 τῶν
497 512 602 565 ὑπὸ
633 511 806 566 ἀλλων
843 511 1207 584 θεριζομένων
1241 513 1334 564 καὶ
1369 509 1526 564 τοῦτο
1557 512 1762 562 ἐπισκο-

1877 523 2095 577 quoque
2141 507 2599 562 considerandum
2653 503 2795 558 inter
2841 504 3020 558 omnia
3059 519 3179 572 qua:
3213 505 3278 558 de
3326 503 3448 556 aliis

155 599 392 668 πητέον
419 599 518 672 (4),
554 603 783 672 μήποτε,
808 601 1049 669 ἀγγέλων
1072 603 1163 654 ἐπὶ
1195 603 1293 672 τῆς
1321 602 1530 672 σπορᾶς
1560 599 1667 653 τῶν
1684 601 1762 652 ἀν⁴

1879 599 2202 652 tnctentibus
2226 599 2496 663 dicuntur,
2528 612 2653 648 num
2689 594 2929 662 quando,
2962 594 3170 662 angelis
3207 599 3272 650 ad
3299 605 3452 650 satus

153 690 192 742 0
199 690 425 761 ρώπων
447 693 813 762 τεταγμένων,
855 693 904 745 οἱ
925 694 1173 764 συνεργοὶ
1200 693 1298 762 τῆς
1317 689 1647 752 τελειώσεως
1669 688 1762 742 τῶι

1881 690 2157 742 hominum
2192 689 2477 752 ordinatis,
2516 697 2901 756 cooperatores
2948 685 3298 752 perfectionis
3352 700 3448 740 eo-

153 781 548 852 ὲσπαρμένων
576 783 864 836 ἀπόστολοι
897 787 977 848 εἰς
1002 783 1094 838 τὸν
1115 783 1223 837 τῶν
1272 783 1472 856 ἐτέρων
1502 783 1668 836 κόπον
1697 781 1762 852 (5]

1881 795 1996 832 rum
2031 780 2120 848 qui
2164 779 2416 833 seminati
2451 778 2672 830 fuerunt
2701 776 2952 846 apostoli,
3001 775 3052 829 in
3087 775 3315 829 aliorum
3373 775 3451 828 Ia—

153 874 522 946 είσὲρχονται
566 875 892 947 θερίζοντες,
934 877 1028 930 καὶ
1058 877 1305 949 καρποὺς
1346 879 1402 928 ἐν
1430 879 1541 938 τοῖς
1569 875 1762 946 ὠφεληε

1886 869 2074 921 horem
2105 867 2484 937 ingrediantur
2517 874 2804 930 metentes,
2833 875 2888 918 et
2921 865 3128 920 fructus
3153 866 3206 919 in
3247 866 3331 920 his
3361 864 3453 934 qui

161 967 374 1038 μένοις
406 969 768 1040 εὑρίσκοντες,
793 969 1098 1042 οὓστιναςή
1137 969 1311 1040 Ἰησοῦ
1345 969 1607 1039 ἐπιδημία
1637 969 1762 1022 ἐτοί·

1877 957 2275 1024 adjuvahantur
2307 957 2663 1022 invenientes,
2709 972 2843 1026 quos
2888 957 3013 1012 Jesu
3055 959 3322 1012 adventus
3357 975 3450 1027 pa-

161 1075 322 1127 μους
357 1059 493 1130 πρὸς
518 1058 777 1131 θερισμὸν
809 1061 905 1115 καὶ
931 1061 1039 1133 πρὸ
1062 1062 1159 1131 τῆς
1187 1061 1548 1132 ἐλπιζομένης
1578 1077 1762 1131 τετρσμ

1882 1061 2026 1104 ratos
2052 1051 2117 1102 ad
2151 1066 2404 1113 messeni,
2440 1051 2602 1104 etiam
2640 1061 2765 1104 attle
2807 1060 3042 1120 quatuor
3073 1065 3287 1104 menses
3318 1092 3330 1114 ,
3362 1051 3452 1120 qui

163 1152 364 1221 μήνου
400 1147 722 1224 πεποίηκεν.
761 1153 890 1206 Ἐὰν
923 1154 980 1208 δὲ
1013 1153 1166 1208 ταῦθ’
1189 1153 1362 1216 οὕτως
1391 1153 1524 1224 ἔχει,
1565 1152 1762 1224 θεωρῆ-

1879 1142 2266 1208 sperabantur,
2319 1141 2546 1195 fecerat.
2596 1142 2747 1208 Quod
2780 1144 2824 1197 si
2875 1143 2990 1196 ha:c
3041 1143 3111 1196 ita
3144 1144 3454 1208 sehahenl,

163 1257 271 1296 σαι
304 1243 457 1308 ἄξιον
482 1245 529 1296 εί
563 1245 865 1316 καματηρά
891 1247 1040 1298 ἐστιν
1062 1247 1093 1315 ἡ
1120 1244 1225 1298 τῶν
1254 1244 1508 1312 ἀγγέλων
1533 1242 1607 1313 (6)
1641 1241 1762 1314 πρὸς

1882 1229 2107 1300 dignum
2137 1244 2221 1287 εειι
2253 1241 2310 1284 ιιι
2347 1231 2702 1300 inspiciamus
2727 1247 2853 1286 num
2887 1233 3252 1288 ministerium
3287 1250 3455 1304 ange-

160 1334 232 1388 τὸ
263 1335 654 1406 ἐνσπείρεσθαι
684 1337 861 1408 ψυχὰς
897 1336 1109 1408 σώμασι
1150 1336 1484 1406 λειτουργία,
1527 1335 1620 1388 δύο
1656 1335 1762 1388 τινέ

1882 1323 2082 1386 larunt,
2122 1323 2264 1392 quod
2308 1323 2636 1391 impendunt
2674 1325 2889 1378 animas
2925 1325 2978 1379 in
3025 1328 3342 1396 corporibus
3370 1344 3456 1384 se-

162 1425 531 1494 συναγόντων
559 1429 626 1499 τῇ
653 1429 812 1496 φύσει
851 1429 1110 1482 ἐναντίων
1136 1430 1216 1492 είς
1252 1430 1452 1499 κρᾶσιν
1485 1427 1637 1498 μίαν,
1685 1429 1762 1482 κα*

1883 1411 2163 1478 minando,
2220 1413 2550 1469 laboriosum
2593 1416 2695 1482 sit;
2730 1418 2927 1488 quippe
2953 1419 3043 1486 qui
3071 1419 3179 1474 duo
3209 1423 3455 1490 qua:dam

161 1517 230 1571 ἐν
259 1516 446 1588 καιρῷ
464 1517 542 1588 τῷ
565 1519 904 1591 τεταγμένῳ,
932 1519 1256 1592 ἀρχομένων
1278 1535 1340 1571 τε
1376 1519 1474 1589 τὴν
1494 1519 1621 1589 περὶ
1651 1518 1778 1572 ἐκά-

163 1625 312 1662 στου
364 1612 535 1663 ποιεῖν
559 1611 892 1682 οἰκονομίαν,
935 1611 1030 1666 καὶ
1058 1613 1138 1674 είς
1181 1609 1571 1682 τελεσφόρησιν
1604 1627 1776 1680 προα-

162 1697 389 1766 γόντων
441 1700 530 1756 τὸν
562 1702 1076 1774 προπεπλασμένον.
1119 1701 1262 1754 Ἀλλ’
1290 1703 1407 1771 ἐρεῖ
1444 1719 1524 1764 τις
1567 1700 1776 1763 τούτοις

1880 1516 2219 1575 congregem
2256 1523 2377 1578 qua:
2414 1517 2606 1560 natura
2659 1520 2783 1562 sunt
2832 1512 3113 1564 contraria
3144 1552 3158 1577 ,
3193 1513 3246 1566 in
3284 1531 3452 1570 unum

1880 1605 2388 1666 temperamentum,
2430 1607 2483 1653 et
2535 1600 2586 1652 in
2639 1610 2884 1668 tempore
2927 1604 3203 1669 ordinato,
3254 1608 3457 1681 quique

1881 1687 2144 1756 incipiant
2188 1688 2606 1758 uniuscujusque
2652 1693 3011 1746 ceconomiatu
3049 1695 3264 1765 facere,
3307 1709 3363 1756 et
3388 1701 3456 1755 ad

163 1793 426 1846 ἐναντίον
450 1790 590 1847 εἶναι
619 1795 680 1848 τὸ
711 1795 873 1848 αὑτὸν
903 1793 1159 1862 λέγεσθαι
1201 1793 1460 1847 πλάσσειν
1499 1792 1591 1846 τὸν
1641 1791 1762 1844 Θεὸν

1879 1777 2272 1845 perfectionem
2324 1784 2628 1848 producant
2684 1783 2961 1839 hominem
3017 1796 3176 1843 antea
3220 1789 3456 1859 plasma-

160 1883 228 1937 ἐν
252 1902 321 1938 τε
351 1885 447 1956 τῷ·
487 1904 506 1936 ‹
548 1887 614 1938 Αἱ
648 1885 829 1957 χεῖρές
864 1903 958 1938 σου
987 1885 1245 1954 ἐποίησάν
1276 1901 1365 1954 με,
1408 1883 1502 1936 καὶ
1529 1883 1770 1937 ἔπλασαν

162 1994 268 2046 με·
295 1997 316 2030 ι
356 1978 451 2031 καὶ
491 1980 549 2032 ἐν
575 1978 676 2048 τῷ’
713 1999 730 2030 ι
768 1979 882 2049 Πρὸ
907 1976 1001 2031 τοῦ
1042 1995 1109 2047 με
1139 1976 1341 2030 πλάσαι
1363 1975 1443 2047 (7)
1474 1993 1534 2028 σε
1567 1977 1624 2029 ἐν
1655 1993 1770 2029 κοι-

155 2069 290 2139 λία,
326 2071 626 2142 ἐπίσταμαί
658 2089 738 2134 σε,
768 2072 859 2124 καὶ
891 2071 994 2140 πρὸ
1009 2068 1102 2122 τοῦ
1123 2087 1181 2122 σε
1197 2068 1430 2133 ἐξελθεῖν
1454 2070 1518 2121 ἐκ
1538 2069 1770 2139 μήτρας,

155 2161 394 2230 ἡγίακά
438 2177 516 2212 σε.
559 2180 576 2212 ι
599 2161 740 2232 Πρὸς
769 2159 924 2212 τοῦτο
943 2159 1185 2222 λεκτέον,
1207 2159 1290 2212 ὅτι
1316 2157 1506 2229 ὥσπερ
1539 2159 1568 2210 ὁ
1608 2157 1773 2228 νόμος

150 2248 405 2319 διετάγη
433 2249 501 2301 δι’
530 2249 798 2317 ἀγγέλων,
835 2250 928 2302 καὶ
957 2249 1211 2321 λαληθεὶς
1249 2250 1328 2320 (8)
1363 2249 1521 2318 λόγος
1557 2249 1775 2318 ἐγένετο

158 2337 421 2407 βέϐαιος,
439 2339 595 2410 δῆλον
620 2341 665 2393 δ’
689 2340 792 2403 ὃτι,
825 2341 930 2394 ὑπὸ
951 2341 1086 2394 Θεοῦ
1116 2341 1393 2413 λαληθεὶς,
1423 2341 1597 2407 οὕτως
1629 2342 1774 2395 ἐνδέ-

159 2446 338 2499 χεται
369 2430 462 2484 καὶ
490 2429 579 2484 διὰ
603 2430 712 2485 τῶν
739 2433 1087 2503 τεταγμένων
1121 2431 1214 2488 ἐπὶ
1235 2433 1337 2504 τῆς
1365 2433 1633 2503 γενέσεως
1669 2436 1770 2502 ἀγ-
1822 2496 1824 2498 τ

159 2521 355 2592 γέλων
383 2523 516 2576 Θεὸν
548 2523 807 2577 πλάττειν
840 2527 895 2578 ἐν
921 2523 1098 2595 κοιλία
1131 2525 1298 2593 λέγει.
1335 2525 1447 2579 Οὐκ
1473 2521 1594 2578 οῖδα
1620 2525 1678 2579 δὲ
1723 2527 1771 2578 εί

165 2614 371 2687 χώραν
392 2616 501 2686 ἔχει
521 2618 602 2680 είς
634 2618 695 2670 τὸ
721 2617 1070 2688 ἠπορημένον
1101 2618 1193 2670 καὶ
1221 2618 1456 2672 τοιοῦτόν
1485 2636 1537 2671 τι
1570 2617 1768 2686 λέγειν,

177 2705 272 2760 ὅτι
303 2709 352 2760 οἱ
401 2709 662 2772 εἰπόντες·
713 2729 730 2760 ι
768 2710 832 2762 Αἱ
874 2711 1053 2780 χεῖρές
1108 2726 1202 2762 σου
1240 2709 1500 2780 ἐποίησάν
1537 2727 1626 2780 με,
1679 2710 1773 2762 καὶ

169 2797 427 2853 ἔπλασαν
449 2817 517 2871 με
543 2799 640 2870 (9),
686 2820 704 2853 ι
747 2798 887 2866 Ἰὼϐ,
913 2801 1007 2854 καὶ
1037 2799 1199 2854 Δαυῒδ
1222 2801 1435 2873 μερίδος
1467 2803 1619 2866 ὄντες
1635 2800 1770 2855 Θεοῦ

172 2891 546 2962 ἐπλάσθησαν·
582 2893 678 2946 καὶ
711 2895 739 2946 ό
779 2893 1048 2965 Ἱερεμίας
1100 2893 1334 2947 ἀκούων·
1375 2911 1393 2944 ι
1432 2893 1544 2966 Πρὸ
1573 2892 1669 2947 τοῦ
1705 2912 1770 2965 με

173 2982 385 3035 πλάσαι
414 3001 472 3037 σε
497 2985 554 3037 ἐν
597 2984 794 3055 κοιλίᾳ,
831 2985 1133 3056 ἐπίσταμαί
1157 3003 1236 3048 σε,
1275 3005 1292 3037 ι
1329 2985 1404 3048 ὡς
1424 2985 1523 3056 τῆς
1555 2986 1772 3057 μερίδος

177 3074 438 3143 ἐσόμενος
468 3073 562 3127 τοῦ
613 3073 748 3127 Θεοῦ
785 3074 1096 3128 πέπλασται
1138 3074 1228 3128 ὐπ’
1261 3072 1446 3126 αὐτοῦ’
1481 3075 1530 3126 οἱ
1564 3073 1621 3128 δὲ
1662 3074 1772 3128 τῶν

1877 1879 2012 1924 ιιιιη.
2047 1868 2153 1925 Sed
2186 1871 2331 1926 dicet
2364 1871 2562 1940 aliquis
2611 1878 2943 1930 contrarium
2999 1877 3084 1932 his
3133 1893 3257 1934 esse
3309 1884 3451 1951 quod

1877 1961 2016 2016 Deus
2057 1961 2268 2016 dicatur
2309 1963 2582 2018 hominem
2621 1964 2888 2033 plasmare
2939 1978 3049 2022 tum
3097 1969 3202 2024 hoc
3248 1972 3393 2028 dicto
3436 1993 3450 2030 :

1879 2073 1898 2104 ‹
1931 2053 2116 2107 Manus
2150 2065 2253 2107 tua:
2285 2054 2533 2110 fecerunt
2562 2072 2667 2122 me,
2705 2067 2759 2112 et
2787 2057 3195 2126 plasmaverunt
3226 2067 3401 2130 me”;
3431 2088 3446 2115 ι

1877 2154 1989 2197 tum
2023 2141 2167 2200 illo':
2205 2163 2223 2196 ι
2259 2146 2570 2214 Antequam
2615 2147 2911 2203 formarem
2943 2161 2994 2206 te
3031 2152 3085 2206 in
3111 2163 3293 2219 utero,
3328 2161 3449 2210 novi

1879 2245 1985 2298 te;
2040 2246 2094 2290 et
2146 2246 2444 2307 antequam
2499 2239 2567 2292 de
2624 2237 2782 2292 vulva
2827 2242 3052 2308 exires,
3111 2248 3451 2302 sanctilicavi

1881 2337 1931 2380 te
1978 2328 2045 2380 εί.
2088 2346 2108 2379 ι
2158 2327 2320 2399 262
2362 2329 2442 2382 Ad
2497 2331 2639 2397 quod
2689 2333 3123 2401 respondendum
3173 2349 3279 2404 est,
3309 2343 3454 2410 quo-.l

1876 2419 2334 2485 quemadmodum
2370 2420 2455 2474 lex
2483 2435 2580 2489 per
2625 2422 2850 2491 angelos
2895 2424 3146 2481 ordinata
3179 2429 3247 2495 ²’,
3279 2439 3332 2484 et
3373 2431 3458 2485 di-

1877 2519 1994 2564 ctus
2023 2525 2206 2566 sermo
2231 2526 2327 2580 per
2354 2512 2581 2582 angelos
2620 2512 2721 2566 fuit
2748 2515 2961 2569 stabilis
2991 2517 3054 2582 “,
3091 2533 3215 2574 cum
3253 2520 3456 2591 alioqui

1876 2601 2222 2672 pchpicuum
2255 2603 2326 2657 sit
2349 2617 2471 2656 cum
2506 2618 2536 2657 a
2568 2603 2679 2658 Deo
2713 2604 2920 2660 dictum
2955 2605 3148 2674 fuisse,
3183 2610 3254 2664 ita
3287 2613 3453 2666 etiam

1876 2695 2198 2764 contingere
2227 2694 2280 2748 in
2313 2695 2666 2766 generatione
2694 2738 2708 2761 ,
2759 2707 2816 2752 ut
2861 2712 2957 2766 per
2985 2701 3210 2767 angelos
3246 2703 3454 2759 media-

1877 2796 2022 2842 torcs
2065 2787 2234 2841 Deum
2267 2787 2540 2858 plasmare
2573 2787 2625 2841 in
2655 2796 2810 2842 utero
2847 2793 3114 2848 dicamus.
3149 2794 3255 2848 Sed
3311 2798 3452 2850 haud

1875 2876 1990 2932 scio
2032 2893 2097 2932 an
2138 2877 2262 2932 huic
2308 2879 2448 2932 uodo
2495 2877 2756 2931 solvendo
2795 2879 2898 2933 tale
2934 2883 3061 2951 quid
3103 2884 3300 2941 adduci
3327 2902 3454 2956 pos-

1877 2972 1948 3026 sit
1975 3011 1990 3035 ,
2019 2986 2211 3040 nempe
2237 2970 2380 3039 quod
2409 2969 2512 3024 Job
2552 2982 2605 3023 ct
2639 2971 2825 3032 David,
2862 2975 3031 3042 partis
3060 2976 3154 3030 Dei
3183 2992 3306 3032 cum
3361 2993 3452 3034 εε-

1877 3075 2036 3132 seut,
2073 3064 2319 3120 dicentes
2351 3081 2364 3120 ;
2404 3081 2423 3114 ι
2457 3063 2646 3118 Manus
2680 3071 2783 3118 true
2819 3064 3067 3121 fecerunt
3099 3083 3183 3122 me
3208 3108 3223 3133 ,
3259 3079 3307 3124 ct
3342 3069 3456 3138 pla-

181 3165 386 3237 έτέρων
414 3165 627 3236 μερίδες
655 3165 807 3230 ὅντες
824 3167 929 3220 ὑπὸ
953 3167 1061 3220 τῶν
1087 3165 1357 3236 λαχόντων
1386 3166 1586 3228 αὐτοὺς
1602 3166 1762 3220 πλάτ-

1877 3163 2189 3211 smaverunt
2221 3171 2304 3210 me
2341 3155 2407 3219 “,
2454 3175 2473 3208 ι
2515 3170 2542 3206 a
2598 3155 2705 3210 Deo
2733 3156 2986 3226 plasmati
3024 3158 3265 3226 fuerint;
3298 3161 3448 3216 Jere-

177 3273 384 3312 τονται.
415 3259 525 3310 Καὶ
561 3258 979 3330 περιεργότερόν
1009 3275 1074 3327 γε
1106 3253 1260 3322 οὗτος
1286 3259 1314 3310 ὁ
1344 3257 1499 3326 λόγος
1532 3256 1765 3329 ἐκλήψε-

178 3368 274 3404 ται
309 3351 419 3420 (10)
449 3351 528 3403 τόο
563 3369 580 3402 ι
629 3352 952 3422 Ποιήσωμεν
978 3349 1262 3422 ἄνθρωπον
1291 3351 1408 3402 κατ’
1433 3349 1637 3413 εἰκόνα,
1673 3350 1766 3404 καὶ

179 3437 440 3506 ὁμοίωσιν
476 3439 780 3508 ἡμετέραν,
822 3460 839 3491 ι
871 3439 1030 3494 τοῦτο
1059 3440 1309 3509 λέγοντος
1333 3440 1428 3493 τοῦ
1461 3440 1598 3495 Θεοῦ
1634 3443 1760 3512 περὶ

183 3528 400 3581 πάντων
429 3529 748 3600 ἀνθρώπων,
779 3533 872 3584 καὶ
901 3533 1416 3603 προκαταρχομένου
1445 3533 1539 3586 τοῦ
1573 3532 1757 3602 ἔργου,

182 3621 318 3690 ὅπερ
343 3619 503 3691 ἔργον
522 3620 565 3690 (I
581 3622 602 3674 I
619 3624 634 3676 ἱ
653 3621 879 3692 ὕστερον
904 3623 996 3677 καὶ
1017 3623 1120 3677 ὑπὸ
1134 3624 1243 3679 τῶν
1268 3624 1490 3691 λοιπῶν,
1515 3624 1647 3696 πρὸς
1665 3623 1760 3688 οὓς

183 3714 212 3764 ὁ
235 3711 408 3779 λόγος.
440 3715 580 3766 κατά
617 3715 823 3768 οἰκείαν
863 3715 1056 3788 μερίδα
1082 3716 1310 3784 γίνεται,
1344 3717 1554 3781 τούτοις
1577 3717 1760 3786 λέγον-

184 3819 273 3865 τος
292 3803 383 3856 τοῦ
410 3803 565 3858 Θεοῦ·
596 3826 614 3855 ι
644 3807 968 3878 Ποιήσωμεν
991 3807 1288 3878 ἄνθρωπον·
1326 3829 1343 3859 ι
1372 3803 1453 3871 οἷς
1478 3808 1571 3862 καί
1595 3825 1758 3879 φησιν

189 3892 280 3945 ἐπὶ
303 3893 399 3964 τῆς
413 3894 521 3947 τῶν
543 3895 837 3950 διαλέκτων
866 3896 1201 3966 συγχύσεως·
1235 3916 1251 3947 ι
1278 3897 1464 3958 Δεῦτε,
1492 3898 1763 3950 καταϐάν-

187 3993 276 4042 τες
304 3980 399 4051 τὴν
432 3982 682 4050 γλῶσσαν
717 3985 1037 4056 συγχέωμεν
1068 3982 1183 4038 ἐκεῖ
1205 3985 1402 4038 αὐτῶν.
1447 4005 1464 4033 ι
1497 3985 1683 4038 Ταῦτα
1706 3985 1763 4038 δέ

187 4073 285 4125 οὐκ
311 4073 728 4147 ἀποφαινόμενοι
758 4077 1008 4147 λέγομενο
1043 4077 1244 4146 πολλῆς
1284 4075 1393 4145 γὰρ
1427 4075 1661 4145 βασάνου
1695 4077 1764 4129 τὰ

188 4164 478 4234 τηλικαῦτα
523 4168 733 4238 χρῄζει,
777 4169 842 4221 ἵν’
867 4168 1061 4239 εὑρεθῇ
1098 4169 1322 4240 πότερον
1342 4168 1512 4232 οὕτως
1543 4168 1676 4238 ἕχει,
1729 4169 1761 4238 ἢ

191 4257 403 4328 ἑτέρως.
428 4260 502 4313 Οὐ
533 4262 968 4330 καταφρονητέον
994 4260 1050 4313 δὲ
1083 4261 1176 4313 καὶ
1201 4261 1300 4330 τῆς
1335 4261 1586 4332 τοιαύτης
1607 4262 1760 4314 ἐκδο-

191 4351 308 4420 λῆς,
328 4352 550 4417 ἕκαστος
583 4353 690 4406 τῶν
707 4353 1008 4426 ἀνθρώπων
1031 4356 1188 4426 μερίς
1217 4355 1332 4408 ἐστί
1353 4371 1495 4418 τινος
1515 4353 1654 4408 κατὰ
1678 4354 1754 4407 τό·

260 4468 304 4497 ’θ
337 4467 471 4523 I’sal.
495 4482 679 4534 cxvm,
707 4469 794 4521 73.
908 4471 949 4499 ²¹
987 4469 1188 4523 Jcrcm.
1219 4486 1253 4532 I,
1280 4471 1328 4523 5.

194 4539 236 4569 "
266 4535 457 4591 Jerem.
499 4553 540 4600 t,
587 4539 640 4592 5.
735 4540 780 4570 ²⁶
812 4539 947 4596 Gen.
979 4557 1014 4606 ι,
1043 4541 1132 4593 26.
1228 4541 1271 4570 ’⁷
1305 4539 1440 4595 Gen.
1475 4557 1549 4601 χι,
1599 4540 1649 4592 7.

260 4627 332 4696 (4)
359 4627 510 4700 Idem
554 4630 721 4682 codex
777 4629 1099 4683 Bodleianus
1139 4631 1482 4700 σκοπητέον;
1520 4629 1744 4697 Regius,
1785 4636 1828 4690 D

193 4697 592 4766 ἐπισκοπητέον.

258 4769 328 4837 (,5)
356 4766 576 4822 Κόπον.
612 4767 704 4821 Sic
731 4769 894 4822 codex
936 4767 1294 4833 Bodleianus;
1328 4768 1546 4837 Regius,
1570 4768 1751 4839 κάμα-

190 4857 278 4893 τον
285 4878 296 4891 .

260 4907 327 4976 (ϐ)
365 4908 432 4959 Εἰ
481 4906 794 4976 καματηρά
832 4907 1004 4960 ἐστιν
1045 4910 1084 4976 ἡ
1141 4907 1260 4961 τῶν
1298 4907 1588 4976 ἀγγέλων,
1641 4917 1748 4963 etc.

195 4978 322 5033 Alibi
357 4977 540 5032 docuit
569 4977 828 5046 Origenes
854 4980 1070 5032 animas
1095 4994 1124 5030 τι
1167 4980 1272 5032 Deo
1303 4979 1621 5045 corporibus
1650 4979 1748 5031 itu-

198 5049 361 5114 mitti;
403 5048 454 5100 id
491 5064 633 5101 nttuc
659 5048 973 5116 angelorum
1001 5049 1304 5102 ministerio
1336 5059 1388 5100 et
1419 5062 1584 5115 opera
1623 5063 1748 5116 per-

202 5119 277 5171 lici
312 5118 566 5171 declarat.
599 5115 852 5184 Clettieus
880 5118 1260 5178 Alexamlrir.,
1288 5115 1472 5184 Eclog.
1509 5133 1527 5170 :
1555 5115 1748 5184 Ἔλεγε

197 5187 486 5258 πρεσϐύτης
520 5187 658 5251 ζῶον
689 5183 828 5258 εἶναι
865 5187 926 5240 τὸ
963 5188 1110 5241 κατὰ
1159 5183 1434 5258 γαστρός(
1462 5183 1749 5258 Είσιοῦσαν

198 5221 484 5252 -ωςυυυυις
520 5221 658 5251 ςωυν
689 5221 828 5239 sm...
877 5221 926 5240 .υ
971 5221 1110 5241 mw.
1171 5221 1413 5258 wwpuv
1462 5221 1748 5240 μευιυυυατ

196 5221 294 5328 γάρ
310 5258 403 5329 τὴν
424 5221 598 5328 ιίυχὴν
631 5259 712 5320 είς
755 5257 850 5329 τὴν
895 5258 1110 5329 μήτραν
1149 5257 1257 5310 ἀπὸ
1291 5257 1390 5326 τὴς
1423 5257 1752 5329 ,καθάρσεως

199 5327 617 5400 ηὐτρεπισμένην
659 5331 738 5400 είς
775 5327 1058 5400 σύλληψιν,
1109 5330 1202 5381 καὶ
1231 5327 1598 5400 εἰσκριθεῖσαν
1645 5327 1749 5380 ὑπό

199 5397 322 5471 τινος
346 5397 461 5451 τῶν
475 5403 542 5471 τῇ
573 5397 786 5471 γενέσει
823 5397 1147 5471 ἐφεστώτων
1188 5397 1462 5471 ἀγγέλων,
1504 5415 1746 5471 παραγ-ι·-

200 5466 474 5530 νώσκοντος
508 5466 600 5522 τὸν
633 5470 822 5537 καιρὸν
868 5466 966 5539 τῆς
1010 5469 1344 5538 συλλήψεως,
1399 5466 1746 5539 κινεῖν’πρὸς

203 5539 462 5610 συνουσίαν
500 5539 610 5610 τὴν
673 5543 907 5610 γυναῖκα
936 5581 949 5603 ,
1001 5551 1112 5592 etc.
1153 5541 1300 5610 V'I'lllll
1360 5539 1518 5610 paulo
1576 5550 1744 5610 post:

203 5607 450 5679 ’ρπηνίκα
483 5609 548 5663 ἂν
568 5607 1032 5679 ἐὐαγγελίζωνται
1057 5612 1107 5662 οἱ
1132 5607 1350 5676 ἄγγελοι
1381 5609 1476 5679 τᾲς
1508 5608 1747 5679 στείρας,

199 5671 292 5730 οἷον
317 5671 749 5750 προεισκρίνουσὶ
773 5671 886 5750 τῆς
916 5671 1232 5750 συλλήψεως
1265 5679 1361 5741 τὰς
1393 5677 1594 5749 ψυχάς.
1628 5671 1750 5750 ’Ψύ-

202 5746 492 5816 χοπομπούς
519 5746 782 5819 ejusmodi
819 5746 1038 5817 angelos
1068 5746 1182 5804 non
1213 5750 1390 5803 minus
1417 5746 1539 5818 apte
1565 5746 1751 5815 appel-

488 5847 761 5908 ΡΑτιιοι..
787 5845 905 5906 Gn.
943 5847 1113 5907 XIV.

1414 4472 1458 4502 "
1487 4469 1662 4524 Galat.
1697 4483 1778 4534 tu,
1805 4467 1891 4523 I9.

1879 3249 2018 3303 mias
2049 3256 2228 3302 autem
2275 3249 2547 3304 audiens:
2583 3265 2600 3298 ι
2637 3248 2946 3318 Antequam
2987 3249 3278 3307 formarem
3317 3261 3368 3308 te
3397 3251 3450 3307 in

1877 3351 2053 3404 utero,
2087 3342 2210 3394 novi
2244 3351 2296 3396 te
2320 3341 2391 3406 ⁸³,
2431 3361 2450 3394 ι
2486 3357 2587 3397 ceu
2620 3342 2788 3410 partis
2827 3342 2918 3397 Dei
2953 3342 3188 3410 futurus,
3231 3345 3299 3398 ab
3335 3346 3452 3415 ipso

1875 3433 2142 3488 formatus
2169 3433 2374 3500 fuerit;
2407 3434 2496 3488 alii
2543 3450 2670 3488 vero
2702 3434 2934 3488 aliorum
2974 3437 3302 3490 exsistentcs
3327 3453 3452 3506 ρει-η

1874 3533 1976 3588 tes,
2022 3526 2089 3580 ab
2125 3525 2210 3581 his
2253 3524 2557 3580 formentur
2600 3526 2798 3594 quibus
2833 3535 2984 3580 sorte
3027 3527 3334 3598 obtingunt.
3388 3529 3451 3583 Et

1871 3618 2181 3672 accuratius
2214 3617 2457 3688 profecto
2505 3618 2635 3671 illud
2677 3617 3127 3686 iuterpretabitur
3157 3620 3270 3673 haec
3318 3634 3446 3672 ora-

1871 3708 1986 3761 tio:
2027 3725 2045 3758 ι
2085 3707 2375 3762 Faciamus
2420 3708 2695 3762 hominem
2727 3708 2793 3762 ad
2834 3709 3125 3776 imaginem
3173 3718 3228 3764 et
3261 3710 3451 3763 simili-

1871 3801 2110 3856 tudinem
2139 3809 2378 3854 uostram
2410 3799 2480 3864 ",
2526 3818 2543 3850 ι
2579 3798 2682 3854 hoc
2713 3798 2924 3854 dicente
2956 3801 3065 3855 Deo
3103 3803 3169 3856 de
3195 3804 3448 3858 omnith

1870 3893 2205 3958 hominibus,
2255 3902 2308 3946 et
2359 3893 2424 3945 de
2455 3905 2618 3960 opere
2647 3899 2973 3960 antegressa
3006 3908 3021 3946 :
3056 3895 3198 3962 quod
3253 3893 3448 3949 deinde

1868 3999 2004 4053 opus
2032 3991 2085 4037 et
2113 4000 2143 4035 a
2177 3983 2392 4036 cwteris
2435 3983 2516 4047 fit,
2556 3981 2858 4037 secundum
2901 3984 3173 4052 propriam
3213 3997 3444 4054 partem,

1867 4073 1932 4125 ad
1993 4087 2129 4143 quos
2181 4072 2240 4126 fit
2286 4085 2502 4135 sermo,
2543 4071 2650 4126 Deo
2694 4073 2778 4127 his
2807 4073 3020 4129 dicente
3051 4091 3065 4130 :
3099 4093 3117 4126 ι
3157 4075 3444 4130 Faciamus

1870 4166 2172 4230 hominem;
2213 4183 2232 4218 ι
2269 4165 2463 4234 quibus
2491 4165 2655 4219 etiam
2692 4166 2866 4235 inquit
2908 4167 2960 4221 in
2991 4166 3313 4223 confusione
3341 4169 3440 4222 litt-

1865 4273 2095 4326 guarum
2131 4277 2144 4316 :
2197 4276 2215 4308 ι
2257 4257 2468 4322 Venite,
2520 4266 2574 4312 et
2610 4258 3004 4314 descendentes
3051 4259 3443 4314 confundamns

1867 4355 1976 4407 illic
2031 4353 2243 4408 illorum
2299 4354 2540 4416 linguam
2576 4352 2644 4404 ³⁷.
2689 4372 2706 4404 ι
2751 4351 2877 4407 llaec
2923 4362 3103 4406 autem
3154 4367 3258 4406 ItOu
3309 4354 3445 4404 deli-

1986 4469 2030 4500 "
2057 4468 2222 4524 Hebr.
2262 4487 2320 4532 ιι,
2355 4470 2408 4524 2.
2512 4470 2557 4501 "
2590 4469 2694 4525 Job
2725 4485 2755 4523 x
2776 4507 2791 4526 .
2820 4469 2886 4523 8:
2917 4465 3061 4522 Psal.
3097 4482 3258 4522 cxvm
3288 4505 3303 4529 ,
3349 4467 3438 4520 73.

1859 4624 2079 4686 laveris,
2108 4638 2273 4691 quam
2305 4622 2582 4677 daemones
2631 4619 3141 4691 illosethnicorum,
3179 4619 3273 4688 qui
3307 4621 3426 4673 aui-

1861 4711 1976 4750 mas
2007 4695 2074 4747 ad
2106 4688 2312 4746 inferos
2339 4693 2698 4745 deducebant.
2723 4689 2873 4744 Unde
2888 4700 2952 4760 et»
2971 4688 3274 4760 Mercurius
3299 4706 3440 4760 πομ-

1861 4771 2017 4828 πεάς,
2062 4772 2115 4816 et
2162 4762 2364 4832 ταμίας
2397 4761 2520 4832 τῶν
2563 4760 2765 4832 ψυχῶνΔ
2802 4758 3206 4832 appellabatur.
3242 4758 3436 4814 Iisdem

1861 4845 2042 4890 autem
2073 4829 2278 4901 angelis
2320 4830 2623 4884 animarum
2667 4829 2958 4901 sationem,
2987 4829 3431 4901 earutudemque,

1861 4907 1987 4959 dum
2031 4897 2244 4969 corp'ori
2272 4901 2489 4968 illigata:
2521 4909 2664 4963 sunt,
2695 4913 2882 4952 curam
2905 4898 3006 4969 hoc
3036 4897 3153 4954 loco
3179 4897 3440 4969 Origenes

1861 4968 2335 5038 atlrihuit.Alque
2387 4971 2499 5021 lnec
2548 4971 2730 5038 omnia
2764 4968 3048 5024 enucleate
3095 4986 3124 5022 a
3172 4968 3330 5024 nobis
3379 4971 3432 5024 in

1861 5042 2198 5102 Oriqenimtis
2225 5037 2572 5094 vettlilantur.
2604 5037 2866 5096 HCETIUS.

1929 5113 2007 5185 (7)
2044 5110 2188 5185 Πρὸ-Α
2204 5111 2309 5164 τοῦ
2349 5126 2425 5178 με
2467 5108 2717 5185 πλάσται.
2760 5111 2851 5185 Sic
2881 5110 3048 5185 cqch
3073 5109 3435 5185 Bodleianus;

1863 5165 2063 5253 Rc‘gi’tts
2083 5165 2138 5253 et
2158 5165 2504 5253 But-hertntts,
2522 5181 2696 5253 _tt|aIe.
2733 5181 2840 5250 πρὸ
2865 5179 2958 5232 τοῦ
2992 5179 3357 5253 μεταπλάσαι.

1930 5249 2007 5325 (8)
2036 5252 2146 5325 Καί
2177 5252 2490 5325 dudum-2k.
2522 5249 2579 5304 In
2615 5249 2796 5325 _I_Ieg‘o_
2819 5253 2967 5325 deest
2995 5249 3111 5305 καί.

1929 5319 2005 5394 (9)
2039 5323 2150 5378 Καὶ
2183 5320 2469 5378 ἓπλαςτάν
2489 5339 2584 5390 με.
2613 5321 2735 5374 II.cc
2769 5319 3152 5394 desiderantur
3181 5320 3232 5372 in
3269 5319 3436 5394 liegio

1857 5389 2062 5456 codice,
2103 5397 2196 5449 sed
2249 5389 2612 5448 restituuntur
2638 5407 2668 5444 e
2695 5391 2852 5443 codd.
2882 5389 3177 5442 Bai-herino
3209 5400 3260 5444 et
3291 5389 3432 5444 13.5.:-

1857 5465 2049 5520 lciaun.

1929 5534 2042 5603 (IO)
2074 5531 2460 5603 Ἐκλιξψεζίιι.
2497 5529 2586 5584 Sic
2611 5530 2780 5584 codex
2807 5527 2880 5582 Bo
2905 5527 3132 5582 ileianus
3158 5547 3172 5594 ;
3213 5529 3431 5600 Regius,

1857 5601 2161 5672 pt‘rpet'attt,
2186 5601 2513 5672 ἐκλείψεται.

1932 5666 1976 5741 (ι
1998 5672 2043 5737 l)
2080 5673 2319 5741 Ἔργον.
2348 5666 2438 5724 “Ιιιι
2473 5670 2637 5725 codex
2672 5669 3015 5736 Bndleianns,
3058 5671 3293 5740 Optime;
3328 5666 3434 5723 Re-

1859 5739 2005 5812 gius,
2045 5739 2206 5806 tuale,
2236 5739 2420 5812 ἔργον.

3044 5835 3116 5894 Ili
