3948 6206
242 245 373 299 497

238 362 564 426 δάσκοντος
626 363 845 417 ἀκούειν
899 365 1086 430 αὐτοῦ,
1148 366 1241 419 καὶ
1289 365 1710 435 φαντασιοῦντος

239 451 351 505 διὰ
406 452 516 504 τῶν
570 454 682 524 (‘27-)
735 455 1092 508 διδασκόντων
1150 454 1210 509 τὸ
1255 456 1604 526 ἡγεμονικὸν,
1668 455 1850 525 εὑρίσ-

243 558 361 594 >.ov
438 545 741 616 τρανότητα
816 546 926 615 (28)
983 547 1107 611 τοὺς
1161 547 1257 616 τῆς
1309 546 1570 615 ἀληθείας
1608 545 1846 610 τύπους,

242 631 418 704 ἥπερ
468 634 544 704 μὴ
592 633 802 704 ὁρῶντα
851 635 1033 698 αὐτὸν,
1090 637 1226 706 μηδέ
1274 637 1383 690 ἀπὸ
1422 636 1521 706 τῆς
1569 635 1851 708 δυνάμεως

247 725 642 796 φωτιζόμενον
673 725 836 780 αὑτοῦ
865 727 1127 782 διακόνων
1157 726 1266 781 τῶν
1298 727 1622 801 ἑωρακότων
1665 727 1846 790 αὑτὸν,

247 816 495 870 ἀκούειν
520 817 609 870 τὸν
637 819 768 891 περὶ
792 819 957 874 αὑτοῦ
979 819 1157 889 λόγον.
1188 820 1487 890 Ἀμήχανον
1509 821 1618 892 γὰρ
1637 820 1698 874 τὸ
1716 820 1850 873 αὐτὸ

243 906 341 976 τῷ
379 909 646 980 ἑωρακότι
683 910 965 981 γινόμενον
1021 911 1149 982 περὶ
1188 910 1248 963 τὸ
1298 911 1622 981 ἡγεμονικὸν
1680 911 1849 976 πάθος

249 990 468 1044 παθεῖν
508 993 598 1046 τδν
633 994 741 1048 ἀπὺ
785 995 879 1049 τοῦ
927 996 1230 1068 ἑωρακότος
1279 999 1372 1051 καὶ
1412 999 1849 1069 ἀπαγγέλλοντος

245 1081 434 1136 αὐτὸν
469 1082 853 1155 διδασκόμενον
878 1104 891 1116 ο
925 1087 1018 1140 καὶ
1053 1087 1293 1159 κρεῖττόν
1323 1107 1385 1158 γε
1416 1089 1505 1144 διὰ
1535 1090 1708 1154 εἴδους
1753 1108 1850 1144 πει

249 1177 519 1243 ριπατεῖν
547 1175 580 1246 ἦ
612 1175 702 1230 διὰ
737 1177 990 1244 πίστεως.
1016 1181 1115 1234 Διά
1146 1181 1293 1235 τοῦθ’
1323 1183 1372 1235 οἱ
1409 1183 1506 1253 μὲν
1547 1185 1710 1237 οἱονεὶ
1763 1183 1852 1236 διὰ

245 1265 445 1329 εἴδους
477 1269 906 1340 περιπατοῦντες
928 1271 986 1323 ἐν
1007 1274 1120 1336 τοῖς
1150 1272 1582 1345 προηγουμένοις
1610 1273 1852 1341 λέγοιντο

246 1357 327 1410 ἂν
371 1352 514 1411 εἶναι
551 1360 872 1430 χαρίσμασι,
897 1361 1040 1433 λόγῳ
1074 1363 1266 1434 σοφίας
1298 1363 1386 1417 διά
1415 1363 1508 1417 τοῦ
1535 1363 1850 1434 Πνεύματος

248 1448 359 1502 τοῦ
391 1448 548 1513 Θεοῦ,
580 1452 674 1504 καὶ
703 1451 846 1524 λόγῳ
874 1451 1127 1523 γιώσεως
1152 1455 1294 1510 κατά
1329 1457 1391 1510 τὸ
1427 1456 1558 1510 αὐτὸ
1587 1455 1814 1527 Πνεῦμα
1837 1477 1852 1497 ο

246 1541 306 1592 ot
363 1540 423 1593 δέ
477 1541 564 1595 διά
600 1543 853 1609 πίστεως,
888 1547 938 1600 εί
973 1548 1067 1602 καὶ
1098 1547 1346 1619 χάρισμα
1380 1549 1527 1602 ἐστιν
1577 1551 1608 1619 ή
1668 1548 1850 1612 πίστις

250 1632 405 1686 κατὰ
433 1633 519 1688 τό*
563 1655 581 1687 ι
616 1637 796 1707 Ἀλλῳ
834 1638 891 1691 δὲ
927 1639 1110 1704 πίστις
1145 1641 1203 1693 ἐν
1227 1639 1302 1711 τῷ
1336 1640 1480 1711 αὑτῷ
1517 1639 1841 1710 πνεύματι,›

1337 248 1694 306 ΟΟΜΜΕΝΤ.
1734 247 1799 301 IN
1833 248 2025 302 JOAN.
2070 245 2308 303 TOMUS
2347 243 2483 300 Xlll.

1786 366 1848 417 οὐ
1880 369 1925 427 Α
1955 363 2149 418 audire
2189 364 2472 418 docentem
2522 360 2641 416 sine
2689 353 3079 418 instrumentis,
3129 362 3205 417 et,
3246 353 3380 407 citra
3424 353 3516 405 do-

3412 241 3514 296 498

1952 464 2158 516 centes,
2176 451 2293 506 visa
2328 450 2727 519 imprimentem
2761 446 2955 500 auium
2985 443 3334 514 principatui,
3362 442 3516 495 inve-

1953 543 2120 598 nienti
2169 542 2422 597 veritatis
2473 541 2673 610 ﬁguras
2721 535 3241 603 manifesto;qnam
3283 548 3388 586 non
3435 532 3517 584 vi-

1951 634 2142 688 dentes
2177 633 2373 701 ipsum,
2421 644 2596 699 neque
2638 627 2706 682 ab
2743 627 2887 681 illius
2927 625 3228 682 illustratos
3254 623 3515 692 potentia,

1950 727 2256 780 doctrinam
2290 724 2566 795 percipere
2596 722 2662 778 de
2689 721 2781 775 illo
2812 735 2908 790 per
2939 719 3220 774 ministros
3249 719 3338 787 qui
3368 717 3515 771 illum

1951 819 2206 876 viderint.
2251 816 2630 872 Diﬂicillimum
2673 813 2816 869 enim
2861 811 3006 867 factu
3037 821 3143 877 est,
3180 819 3240 866 ut
3278 809 3518 865 alTectio-

1950 920 2070 960 nem
2105 905 2376 969 eamdem,
2406 919 2527 974 qua:
2574 904 2628 957 in
2671 902 2981 973 principatu
3021 902 3214 955 aniinae
3245 901 3392 956 illius
3427 903 3517 970 qui

1952 998 2171 1062 viderit,
2200 995 2453 1059 eﬂicitur,
2501 995 2739 1064 patiatur
2789 993 2880 1048 ille
2922 994 3015 1061 qui
3061 993 3320 1048 educetur
3359 993 3428 1048 ab
3455 1008 3520 1048 eo

1948 1090 2040 1160 qui
2065 1089 2237 1158 ipsam
2266 1087 2461 1143 viderit
2493 1108 2505 1142 :
2542 1086 2706 1159 266
2750 1087 2889 1142 unde
2925 1088 3084 1142 etiam
3125 1088 3284 1157 longe
3325 1086 3520 1142 melius

1947 1189 2033 1237 est
2062 1197 2160 1250 per
2191 1181 2429 1249 speciem
2454 1180 2734 1235 ambulare
2764 1195 2925 1250 quam
2961 1195 3058 1250 per
3089 1178 3250 1234 [idem
3272 1177 3339 1232 “'.
3371 1178 3519 1234 Hane

1948 1275 2017 1328 ob
2047 1288 2266 1330 causam
2297 1272 2466 1341 aliqui
2504 1287 2601 1342 per
2627 1272 2863 1342 Speciem
2902 1271 3250 1328 ambulantes
3295 1271 3346 1325 in
3380 1286 3519 1341 prae-

1949 1365 2128 1438 cipuis
2167 1365 2420 1420 dicentur
2450 1377 2573 1418 esse
2595 1363 3043 1430 charismatibus,
3073 1377 3265 1432 nempe
3312 1363 3365 1416 in
3396 1377 3514 1419 ser-

1950 1469 2110 1508 mone
2167 1453 2448 1521 sapientia:
2479 1469 2578 1523 per
2610 1453 2872 1522 Spiritum
2903 1451 3020 1514 Dei,
3068 1461 3122 1506 et
3168 1453 3218 1505 in
3266 1467 3516 1506 sermone

1948 1543 2192 1596 scientia:
2218 1545 2372 1611 juxta
2407 1544 2655 1598 eumdem
2689 1543 2954 1612 Spiritum
2995 1543 3038 1573 “
3083 1561 3099 1609 ;
3141 1542 3230 1612 qui
3266 1558 3393 1599 vero
3422 1560 3516 1612 per

1948 1633 2106 1689 tidem
2162 1633 2478 1698 ambulant,
2527 1633 2736 1688 etiamsi
2783 1635 2980 1688 donum
3029 1633 3102 1688 sit
3157 1633 3323 1699 ﬁdes,
3359 1635 3512 1704 juxta

249 1724 325 1792 τῇ
385 1722 537 1787 τάξει
578 1725 686 1779 τῶν
729 1728 1012 1799 προτέρων
1047 1729 1184 1782 εἰσὶν
1220 1728 1452 1800 ὕστεροι.
1501 1727 1842 1795 Ἐξεταστέον

1949 1723 2118 1779 illud:
2159 1742 2177 1777 ι
2212 1723 2314 1777 Alii
2355 1733 2532 1778 autem
2564 1724 2719 1790 ﬁdes,
2752 1726 2804 1779 in
2834 1725 3021 1780 eodem
3068 1725 3258 1794 spiritu
3293 1727 3359 1792 δ’,
3399 1744 3419 1779 ι
3458 1727 3511 1781 in

246 1812 318 1866 δὲ
348 1813 478 1868 πότε
512 1817 607 1870 καὶ
646 1817 764 1882 πῶς
811 1819 960 1890 λέγει
1011 1821 1220 1884 Παῦλος
1241 1837 1254 1852 ο
1287 1840 1304 1872 ι
1333 1819 1431 1873 Διά
1463 1821 1697 1884 πίστεως
1731 1819 1841 1892 γὰρ

254 1907 702 1980 περιπατοῦμεν,
729 1911 787 1962 οὐ
815 1910 902 1963 διὰ
929 1911 1118 1975 εῖδουςο
1153 1930 1172 1962 ι
1211 1911 1326 1975 πῶς
1355 1911 1482 1982 γάρ,
1504 1911 1636 1965 ὡσεὶ
1656 1911 1842 1966 πολλοὶ

252 1994 470 2060 νοοῦσι,
495 1997 583 2050 διά
614 2000 878 2066 πίστεως,
919 2002 1010 2054 καὶ
1057 2001 1120 2053 οὐ
1158 2000 1245 2055 διὰ
1275 2001 1447 2065 εῖδους
1484 2004 1778 2074 περιπατεῖ
1813 2003 1844 2056 ό

255 2085 673 2156 ἐμϐριθέστατα
701 2091 890 2160 λέγων’
924 2108 941 2142 ι
968 2090 1081 2144 Οὐκ
1104 2091 1218 2162 είμὶ
1248 2091 1532 2164 ἐλεύθερος
1557 2108 1572 2154 ;
1605 2093 1703 2145 οὐκ
1730 2089 1846 2162 εἰμὶ

251 2175 594 2244 ἀπόστολος;
627 2179 746 2249 οὐχὶ
779 2179 985 2251 Ἰησοῦν
1017 2180 1107 2234 τὸν
1133 2180 1337 2252 Κύριον
1378 2181 1533 2252 ἡμῶν
1575 2181 1796 2254 ἑώρακα
1825 2197 1841 2246 ;

248 2266 318 2319 οὐ
351 2267 416 2320 τὸ
462 2268 624 2340 ἔργον
674 2288 777 2342 μου
823 2273 982 2343 ὑμεῖς
1015 2275 1138 2326 ἐστε
1177 2275 1236 2326 ἐν
1290 2273 1518 2345 Κυρίῳ;
1551 2292 1570 2325 ι
1613 2272 1843 2344 Ἰδωμεν

250 2354 354 2412 οὖν
386 2359 449 2412 τὸ
483 2362 645 2431 ῥητὸν
688 2362 806 2428 πῶς
848 2363 930 2418 δεῖ
981 2364 1232 2420 ἐκλαϐεῖν
1269 2366 1358 2420 τό·
1403 2384 1422 2417 ι
1456 2364 1557 2419 Διά
1605 2365 1844 2429 πίστεως

251 2449 371 2521 γὰρ
427 2453 872 2524 περιπατοῦμεν,
911 2455 970 2507 οὐ
1015 2455 1104 2509 διὰ
1155 2455 1368 2521 εἴδους,
1403 2475 1421 2509 ι
1481 2456 1843 2518 ἀναλαϐόντες

252 2539 396 2593 αὐτὸ
428 2542 538 2595 ἀπὸ
562 2543 672 2597 τῶν
705 2545 963 2617 ἀνωτέρω
999 2545 1173 2610 οὕτως
1201 2545 1344 2617 ἐχειν
1373 2546 1503 2617 (29)⁹
1535 2566 1555 2599 ι
1578 2547 1636 2601 '0
1657 2546 1714 2600 δὲ
1743 2562 1842 2601 κα·-

254 2633 674 2704 τεργασάμενος
713 2637 862 2707 ἡμᾶς
910 2639 991 2701 εἰς
1041 2640 1174 2693 αὐτὸ
1215 2639 1372 2694 τοῦτο
1405 2643 1434 2694 ὁ
1465 2641 1616 2707 Θεὸς,
1661 2641 1689 2693 ὁ
1718 2639 1841 2704 δοὺς

257 2722 396 2790 ἡμῖν
420 2723 511 2775 τὸν
531 2724 830 2796 ἁρραὗῶνα
864 2725 958 2780 τοῦ
992 2728 1331 2800 Πνεύματος.
1375 2727 1713 2798 Θαρροῦντες
1747 2725 1842 2785 οὖν

261 2813 520 2881 πάντοτε,
557 2818 653 2870 καὶ
681 2817 902 2884 εἰδότες,
943 2819 1026 2873 ὅτι
1055 2821 1412 2892 ἐνδημοῦντες
1443 2823 1501 2874 ἐν
1527 2821 1606 2892 τῷ
1629 2820 1841 2894 σώματι

259 2906 608 2978 ἐκδημοῦμεν
648 2909 756 2963 ἀπὸ
786 2911 882 2965 τοῦ
913 2912 1121 2983 Κυρίου
1146 2927 1160 2942 ο
1190 2911 1279 2965 διὰ
1322 2913 1558 2978 πίστεως
1603 2913 1713 2987 γὰρ
1741 2931 1840 2968 πε-

270 2999 629 3070 ριπατοῦμεν,
659 3001 719 3054 οὐ
743 3002 830 3056 διὰ
853 3002 1027 3067 είδους
1047 3020 1060 3033 ·
1097 3023 1115 3056 ›
1155 3004 1340 3076 (δῆλον
1362 3006 1405 3058 δ’
1433 3007 1514 3058 ὄτι
1548 3006 1842 3077 ἐνδημοῦν-

270 3107 362 3154 τες
391 3093 449 3146 ἐν
479 3093 557 3163 τῷ
585 3093 814 3164 σώματι,
848 3095 937 3149 ὅτε
970 3095 1309 3169 ἐκδημοῦμεν
1340 3099 1448 3153 ἀπὸ
1470 3099 1561 3154 τοῦ
1584 3100 1838 3172 Κυρίουο)

277 3199 296 3230 ι
320 3179 650 3252 θαρροῦντες
687 3183 886 3254 μᾶλλον
926 3185 1251 3257 εὐδοκοῦμεν
1303 3189 1610 3261 ἐκδημῆσαι
1650 3192 1714 3244 ἐκ
1744 3189 1840 3244 τοῦ

268 3274 516 3344 σώματος
539 3315 553 3339 ,
581 3277 675 3329 καὶ
704 3277 1002 3348 ἐνδημῆσαι
1031 3278 1168 3353 πρδς
1191 3279 1284 3333 τὸν
1314 3280 1538 3355 Κύριον.
1575 3301 1593 3332 ι
1623 3281 1842 3336 Τούτων

266 3363 437 3428 οὕτως
475 3367 779 3438 εἰρημένων
811 3370 892 3432 είς
936 3367 998 3420 τὸ
1034 3371 1220 3441 νοῆσαι
1270 3372 1322 3425 τί
1379 3373 1440 3426 τὸ
1478 3373 1729 3445 ἐνδημεῖν
1762 3373 1841 3445 τῷ

269 3454 511 3526 σώματι,
547 3458 641 3511 καὶ
672 3459 927 3530 ἐκδημεῖν
971 3461 1080 3516 ἀπὸ
1136 3461 1229 3516 τοῦ
1279 3465 1520 3537 Κυρίου,
1583 3466 1637 3519 τί
1689 3485 1746 3521 τε
1780 3468 1840 3520 τὸ

267 3546 572 3619 ἐκδημῆσαι
605 3551 669 3603 ἐκ
693 3550 786 3604 τοῦ
822 3551 1092 3624 σώματος,
1133 3555 1227 3609 καὶ
1255 3556 1555 3629 ἐνδημῆσαι
1579 3559 1715 3629 πρὸς
1749 3559 1841 3614 τὸν

271 3637 488 3708 Κύριον,
517 3641 725 3696 ἑαυτῶν
774 3643 1073 3716 πυθώμεθα
1103 3647 1156 3700 τί
1204 3649 1334 3720 περὶ
1378 3649 1476 3702 τοῦ
1519 3649 1841 3704 ’Δποστόλου

270 3727 497 3800 ἐροῦμεν
517 3748 529 3761 ·
558 3731 812 3804 πότερον,
846 3735 929 3789 ὅτι
963 3735 1209 3807 ἐνδημῶν
1236 3737 1315 3808 τῷ
1349 3738 1561 3810 σώματι
1588 3738 1838 3812 ἐξεδήμει

268 3815 377 3868 ἀπὸ
402 3818 494 3872 τοῦ
533 3821 760 3893 Κυρίου,
795 3823 828 3895 ἦ
856 3824 938 3877 ὅτι
971 3824 1227 3896 ἐκδημῶν
1255 3825 1349 3880 τοῦ
1384 3826 1632 3898 σώματος
1653 3829 1836 3899 ἐνεδή-

273 3927 360 3978 μει
388 3909 464 3980 τῷ
493 3913 697 3984 Κυρίῳ.
743 3913 902 3969 Ἀλλά
955 3916 1124 3985 σαφές
1155 3915 1286 3988 (50)’
1323 3919 1444 3971 ἐπεὶ
1485 3921 1535 3971 oi
1584 3921 1642 3972 ἐν
1673 3921 1839 3992 σαρκὶ

268 3998 413 4062 ὄντες
457 3999 576 4070 Θεῷ
622 4002 816 4072 ἀρέσαι
844 4003 904 4056 οὐ
929 4001 1205 4069 δύνανται,
1241 4007 1293 4058 οἱ
1322 4005 1364 4058 δ’
1397 4006 1541 4075 ἆγιοι
1568 4006 1668 4060 οὐκ
1701 4008 1838 4061 εἰσὶν

263 4089 328 4138 -ἐν
359 4090 548 4159 σαρκὶ,
583 4090 698 4143 ἀλλ’
748 4091 806 4143 ἐν
856 4091 1156 4162 πνεύματι·
1216 4095 1376 4165 εἴπερ
1427 4093 1650 4166 Πνεῦμα
1704 4094 1836 4149 Θεοῦ

270 4178 400 4233 οἰκεῖ
453 4179 510 4232 ἐν
555 4181 768 4245 αὐτοῖς·
815 4182 1026 4247 Παῦλος
1055 4183 1155 4238 οὐκ
1187 4180 1254 4256 ἦν
1302 4185 1361 4237 ἐν
1407 4186 1590 4256 σαρκὶ,
1620 4185 1742 4238 οὐδὲ
1779 4187 1838 4240 ἐν

275 4266 508 4338 σώματι·
572 4270 822 4340 ἀληθεύει
877 4273 984 4346 γὰρ
1036 4273 1239 4343 λέγων·
1306 4293 1324 4326 ι
1353 4275 1504 4330 Δοκῶ
1566 4275 1624 4329 δέ
1681 4275 1837 4345 κάγὼ

276 4358 484 4430 Πνεῦμα
531 4360 667 4414 Θεοῦ
712 4361 888 4433 ἔχειν·
927 4383 947 4416 ι
995 4364 1097 4417 οὐκ
1150 4365 1396 4436 ἐνδημῶν
1442 4367 1500 4420 δέ
1549 4369 1614 4438 τῇ
1668 4367 1833 4438 σαρκὶ
1864 4397 1908 4451 D

276 4455 358 4507 καὶ
404 4453 648 4526 σώματι,
706 4454 799 4508 τοῦ
847 4455 1199 4529 ἐνδημοῦντος
1246 4456 1322 4528 τῷ
1369 4457 1580 4529 σώματι
1621 4458 1708 4512 διά
1742 4459 1832 4512 πί-

278 4562 430 4610 στεως
475 4547 934 4617 περιπατοῦντος,
973 4549 1034 4601 οὐ
1092 4548 1181 4603 διὰ
1230 4549 1421 4612 εἴδους.
1471 4550 1580 4603 Καὶ
1621 4551 1723 4622 ὅρα
1782 4553 1832 4605 εἰ

277 4635 480 4691 δύναται
536 4638 638 4708 τῆς
688 4639 1050 4711 ἀποστολικῆς
1101 4641 1385 4712 ἀκριϐείας
1443 4637 1583 4695 εἶναι
1632 4641 1694 4695 τὸ
1757 4643 1831 4714 μὴ

278 4727 454 4781 ταυτὸν
505 4729 735 4798 φάσκειν
789 4734 847 4784 ἐν
894 4733 1065 4803 ,σαρκὶ
1103 4727 1258 4786 ,εἶναι
1300 4733 1396 4785 καὶ
1436 4733 1687 4804 ἐνδημεῖν
1731 4733 1834 4787 σώ-

281 4836 426 4888 ματισ
459 4822 507 4872 οἱ
543 4821 643 4890 μὲν
696 4822 806 4892 γὰρ
844 4823 902 4876 ἐν
945 4823 1108 4894 σαρκὶ
1166 4822 1316 4886 ὄντες
1366 4823 1482 4894 Θεῷ
1534 4825 1725 4896 ἀρέσαι
1770 4826 1832 4879 οῦ

278 4908 528 4964 δύνανται.
567 4915 631 4966 Ui
667 4913 725 4966 δὲ
775 4914 1129 4986 ἐνδημοῦντες
1162 4914 1242 4986 τῷ
1291 4913 1503 4987 σώματι
1557 4917 1830 4988 ἐκδημοῦ-

280 5015 351 5050 σιν
399 4999 496 5069 μὲν
529 5001 639 5054 ἀπὸ
679 5003 772 5055 τοῦ
823 5004 1026 5074 Κυρίου
1056 5045 1070 5067 ,
1122 5005 1259 5076 πλὴν
1311 5004 1398 5058 διὰ
1445 5007 1543 5076 τῆς
1595 5007 1831 5071 πίστεως

279 5090 682 5159 περιπατοῦσιν,
743 5095 790 5147 εί
846 5096 939 5148 καί⁵
997 5095 1220 5166 μηδέπω
1272 5096 1510 5168 χωροῦσι
1587 5098 1675 5151 διὰ
1752 5098 1831 5152 εῖ-

277 5181 400 5244 δους.
455 5183 565 5236 Καὶ
611 5180 805 5256 οἶμαι,
858 5189 939 5241 ὅτι
985 5190 1043 5241 ἐν
1101 5190 1263 5260 σαρκὶ
1313 5189 1413 5260 μέν
1447 5191 1582 5244 εἰσιν
1611 5190 1834 5246 οἱκατὰ

337 5321 377 5354 λθ
405 5322 445 5376 ll
475 5323 666 5389 Conv,
703 5324 756 5379 7.
832 5326 872 5356 “
903 5326 915 5378 |
949 5328 1074 5381 Cor.
1100 5343 1200 5386 xu.
1226 5326 1281 5379 8.

280 5392 309 5446 5
331 5408 432 5463 seq.

339 5506 547 5580 (ἒβη-Οὐ
572 5507 686 5580 διὰ
731 5507 872 5580 τῶν,
907 5521 1010 5563 etc.
1041 5508 1279 5580 Negandi
1311 5512 1569 5578 particula
1591 5512 1747 5567 deest
1775 5513 1824 5567 in

283 5577 417 5629 codd.
455 5577 622 5642 Regio
653 5587 707 5631 et
731 5577 1046 5633 Barberino.

285 5645 442 5784 “(28)
476 5647 827 5716 Tparo'tnta.
863 5648 1168 5720 Legendqu
1214 5651 1432 5707 videtur
1464 5651 1602 5705 κατὰ
1635 5653 1826 5725 τρανό-

341 5733 415 5773 τα.

1943 1813 2136 1869 ordine
2161 1815 2405 1885 priorum
2455 1823 2583 1869 sunt
2623 1814 2816 1869 ultimi.
2859 1815 3127 1870 Caeterum
3176 1815 3513 1886 inquiramns

1943 1912 2161 1974 oportet
2200 1904 2421 1974 quando
2472 1911 2522 1957 et
2582 1905 2855 1974 quomodo
2896 1904 3044 1958 dicat
3078 1902 3316 1959 Paulus:
3354 1923 3372 1954 ι
3409 1903 3514 1957 Per

1943 1997 2104 2052 ﬁdem
2136 1997 2280 2051 enim
2310 1995 2669 2062 ambulamus,
2702 2011 2807 2050 non
2833 2010 2928 2066 per
2952 1996 3184 2066 speciem
3213 1997 3260 2032 ¹⁴³
3283 2015 3297 2052 :
3335 2015 3354 2049 ι
3379 2010 3513 2068 quo-

1946 2089 2104 2144 modo
2132 2088 2298 2152 enim,
2332 2097 2391 2142 ut
2421 2088 2573 2142 multi
2609 2097 2817 2154 rentur,
2851 2102 2947 2158 per
2983 2087 3162 2155 ﬁdem,
3193 2096 3248 2143 et
3279 2104 3384 2142 non
3415 2104 3512 2159 per

1944 2175 2181 2249 speciem
2218 2179 2481 2242 ambulat,
2529 2179 2620 2248 qui
2662 2179 2984 2248 gravissime
3028 2177 3164 2234 dicit
3200 2197 3216 2234 :
3257 2197 3277 2230 Ι
3323 2178 3512 2235 Nonne

1943 2285 2064 2327 sum
2093 2270 2232 2325 liber
2256 2271 2280 2323 ?
2317 2285 2493 2326 nonne
2519 2285 2638 2326 sum
2669 2270 2947 2341 apostolus
2971 2271 2996 2325 ?
3020 2286 3197 2327 nonne
3227 2272 3509 2327 Dominum

1946 2369 2192 2414 nostrum
2222 2357 2406 2413 .Icsum
2437 2359 2710 2416 Christum
2742 2361 2852 2416 vidi
2878 2361 2902 2414 Ἰ
2932 2375 3113 2417 nonne
3145 2374 3281 2431 opus
3331 2377 3509 2416 meum

1945 2465 2042 2506 vos
2075 2449 2208 2504 esus
2239 2444 2295 2502 in
2315 2446 2580 2503 Domino?
2602 2448 2646 2480 “
2679 2450 2918 2507 Proinde
2941 2451 3218 2508 videamus
3241 2454 3512 2523 quomodo

1944 2542 2350 2612 intelligendum
2384 2541 2455 2596 sit
2483 2541 2613 2597 illud
2641 2562 2654 2597 ε
2687 2561 2706 2594 ι
2742 2541 2848 2596 Per
2885 2542 3044 2597 [idem
3084 2544 3228 2598 enim
3261 2545 3508 2601 ambula-

1944 2649 2086 2702 mus,
2122 2649 2229 2688 non
2265 2649 2363 2703 per
2391 2633 2629 2699 speciem
2651 2633 2696 2666 ⁸⁸
2722 2649 2738 2699 ;
2775 2652 2795 2686 ι
2832 2644 3234 2691 reassumentes
3259 2651 3324 2691 ex
3352 2649 3514 2706 supe-

1945 2724 2186 2782 rioribus
2213 2724 2391 2795 ipsum
2425 2724 2508 2780 sic
2539 2725 2753 2780 habens
2779 2723 2861 2778 ιθε
2896 2743 2914 2777 ι
2957 2725 3026 2779 At
3057 2725 3148 2794 qui
3176 2741 3274 2782 nos
3313 2727 3365 2781 in
3407 2727 3510 2782 boc

1946 2817 2120 2888 ipsum
2167 2816 2405 2888 paravit,
2455 2814 2598 2872 Deus
2650 2817 2896 2886 estzqui
2943 2817 3108 2872 etiam
3153 2818 3301 2874 dedit
3354 2818 3508 2875 nobis

1944 2909 2310 2964 arrhabonem
2363 2909 2621 2978 Spiritus.
2677 2909 2865 2980 Itaque
2911 2909 3054 2966 bono
3108 2913 3288 2968 animo
3336 2915 3510 2970 simus

1941 3013 2178 3071 semper,
2209 3004 2445 3056 scientes
2475 3003 2618 3071 quod
2641 3017 2765 3060 eum
2793 3006 2941 3061 domi
2969 3021 3156 3062 sumus
3179 3007 3232 3062 in
3258 3021 3508 3078 corpore,

1943 3093 2352 3163 peregrinamur
2383 3109 2413 3148 a
2458 3095 2684 3151 Domino
2728 3113 2742 3163 ;
2775 3113 2873 3168 per
2901 3097 3060 3154 ﬁdem
3086 3099 3232 3154 enim
3258 3099 3508 3154 ambula-

1941 3198 2082 3250 mus,
2128 3199 2234 3240 non
2284 3200 2382 3255 per
2432 3184 2952 3258 speciemi(seilicet
2993 3203 3116 3244 cum
3150 3187 3295 3244 domi
3367 3187 3514 3240 exsi-

1938 3278 2213 3333 stentesin
2231 3291 2482 3346 corpore,
2516 3278 2923 3348 peregrinamur
2967 3295 2997 3335 a
3039 3280 3509 3355 Domino);tcon-

1942 3365 2189 3433 ﬁdentes,
2222 3368 2396 3436 magis
2424 3368 2715 3438 probamus
2739 3385 2965 3441 peregre
2989 3372 3180 3428 abesse
3199 3387 3229 3426 a
3253 3386 3505 3442 corpore,

1939 3465 1994 3512 et
2016 3467 2312 3528 praesentes
2341 3459 2532 3514 adesse
2559 3459 2700 3528 apud
2731 3460 3035 3516 Dominum.
3068 3481 3088 3515 ι
3129 3461 3222 3516 llis
3244 3463 3325 3517 sic
3345 3462 3506 3518 dictis

1939 3549 2272 3620 intelligendi
2305 3563 2468 3603 causa
2505 3549 2635 3618 quid
2666 3551 2737 3605 sit
2769 3565 3009 3618 praesens
3042 3566 3163 3607 esse
3192 3552 3243 3606 in
3282 3565 3510 3620 corpore

1938 3649 1992 3694 et
2027 3639 2363 3710 peregrinari
2389 3653 2417 3691 a
2449 3638 2682 3694 Domino
2707 3655 2723 3705 ;
2747 3641 2987 3710 itemque
3014 3641 3144 3710 quid
3179 3642 3248 3694 sit
3277 3654 3505 3710 peregre

1939 3729 2131 3783 abesse
2158 3745 2186 3782 a
2218 3741 2448 3795 corpore
2481 3737 2537 3783 et
2579 3743 2821 3797 praesens
2863 3729 3056 3786 adesse
3097 3731 3162 3785 ad
3195 3730 3508 3796 Dominum,

1940 3833 2040 3874 nos
2073 3818 2218 3888 ipsos
2255 3819 2676 3887 interrogemus,
2728 3820 2855 3890 quid
2905 3820 2973 3876 de
3021 3821 3280 3891 Apostolo
3309 3821 3508 3878 dicturi

1939 3913 2112 3966 simus
2150 3929 2164 3966 :
2214 3921 2467 3966 utrumne
2496 3912 2641 3982 quod
2689 3911 2834 3967 domi
2877 3913 3148 3970 exsistens
3189 3915 3243 3970 in
3283 3929 3524 3984 corpore;

1938 4016 2168 4073 peregre
2192 4002 2334 4057 absit
2371 4019 2401 4057 a
2436 4002 2690 4069 Domino,
2724 4019 2792 4060 an
2840 4006 2982 4074 quod
3021 4020 3248 4076 peregre
3277 4019 3442 4075 agens
3476 4019 3508 4058 a

1937 4109 2164 4165 corpore
2194 4109 2433 4166 prazsens
2461 4095 2604 4151 adsit
2631 4097 2771 4166 apud
2799 4095 3107 4152 Dominum.
3154 4097 3258 4151 Sed
3298 4097 3509 4167 perspi-

1938 4201 2098 4242 cuum
2127 4198 2212 4243 est
2249 4187 2300 4243 id
2328 4204 2342 4254 ;
2375 4203 2499 4243 nam
2529 4188 2786 4257 quoniam
2821 4187 2913 4256 qni
2945 4189 2998 4242 in
3025 4202 3194 4242 carne
3219 4196 3366 4246 sunt.
3399 4186 3509 4240 Deo

1937 4279 2151 4351 placere
2199 4295 2306 4335 non
2357 4290 2609 4350 possunt,
2635 4291 2691 4336 et
2717 4281 2893 4336 sancti
2939 4295 3043 4334 non
3075 4286 3200 4335 sunt
3238 4279 3289 4332 in
3321 4292 3504 4344 carne,

1939 4371 2032 4425 sed
2073 4370 2125 4424 in
2167 4370 2360 4440 spiritu
2397 4371 2441 4402 ⁸⁷
2470 4389 2484 4438 ;
2513 4371 2952 4443 quandoquidem
2998 4371 3092 4425 Dei
3141 4367 3377 4438 Spiritus
3405 4369 3506 4422 ha-

1940 4461 2076 4516 bitat
2119 4461 2172 4516 in
2215 4461 2347 4531 ipsis
2391 4479 2406 4527 ;
2442 4461 2641 4516 Paulus
2692 4476 2866 4531 neque
2902 4460 2956 4514 in
2991 4473 3178 4524 carne,
3231 4471 3402 4525 neque
3451 4457 3505 4510 in

1937 4567 2166 4623 corpore
2213 4562 2374 4608 erat:
2418 4568 2544 4607 nam
2596 4567 2722 4607 vere
2767 4551 2900 4606 dicit
2947 4567 2962 4604 :
3012 4567 3031 4600 ι
3073 4548 3280 4619 Opinor
3323 4555 3507 4602 autem

1937 4645 2080 4713 quod
2111 4655 2165 4700 et
2197 4659 2299 4715 ego
2329 4645 2594 4714 Spiritum
2622 4640 2714 4696 Dei
2735 4639 2960 4694 habeam
2983 4639 3025 4671 ³⁸
3050 4657 3065 4696 :
3090 4659 3108 4692 ι
3132 4637 3226 4695 sed
3249 4653 3424 4708 neque
3454 4639 3504 4693 in

1936 4749 2125 4798 carne,
2175 4750 2351 4804 neque
2391 4737 2446 4789 in
2523 4748 2750 4802 corpore
2803 4732 3101 4798 habitabat,
3161 4747 3283 4786 cum
3335 4731 3381 4786 is
3413 4730 3506 4800 qui

1935 4842 2134 4897 corpus
2168 4826 2461 4890 inhabitat,
2494 4839 2588 4894 per
2616 4824 2776 4878 ﬁdem
2808 4823 3068 4889 ambulet,
3101 4838 3208 4878 non
3239 4839 3337 4894 per
3379 4837 3506 4892 spe-

1938 4919 2098 4974 ciem.
2146 4919 2225 4971 Ac
2275 4916 2401 4972 vide
2452 4931 2581 4970 num
2636 4913 2948 4984 apostolica:
2995 4913 3288 4984 diligentia:
3336 4913 3509 4985 possit

1938 5024 2078 5076 esse,
2115 5019 2169 5062 ut
2201 5023 2320 5065 esse
2359 5009 2411 5062 in
2449 5023 2615 5064 carne
2649 5017 2707 5064 et
2751 5007 2996 5064 habitare
3036 5009 3088 5062 in
3115 5022 3365 5078 corpore,
3397 5023 3504 5085 non

1941 5103 2081 5156 idem
2114 5116 2234 5156 esse
2259 5101 2540 5168 dicamus;
2571 5101 2772 5157 etenim
2799 5101 2892 5171 qui
2929 5102 2982 5154 in
3017 5114 3185 5156 carne
3217 5108 3366 5165 sunt,
3396 5100 3510 5154 Deo

1942 5190 2158 5261 placere
2188 5207 2292 5246 non
2327 5199 2554 5260 possunt
2585 5192 2651 5247 δ’.
2674 5193 2880 5246 Rursus
2901 5191 2994 5260 qui
3023 5190 3274 5252 habitant
3303 5189 3354 5244 in
3387 5206 3509 5244 cor-

1384 5327 1428 5358 “
1454 5326 1587 5382 ibid.
1619 5328 1670 5382 9.
1748 5329 1794 5360 ⁸³
1826 5327 1842 5382 1

1944 5344 2016 5382 or.
2048 5344 2098 5390 ν,
2129 5328 2180 5380 7.
2259 5325 2305 5359 "'
2332 5327 2352 5381 l
2379 5327 2504 5384 Cor.
2538 5343 2618 5392 Ix,
2649 5327 2701 5380 l.
2779 5327 2824 5360 ⁸⁸
2850 5326 2891 5380 ll
2919 5326 3046 5381 Cor.
3074 5341 3127 5392 v,
3155 5325 3207 5381 7.
3295 5323 3343 5359 “
3374 5325 3504 5380 ibid.

513 5393 558 5424 ⁸⁷
584 5394 737 5448 Itoni.
767 5410 880 5458 \‘lll,
923 5395 978 5461 8,
1021 5397 1077 5454 9.
1153 5396 1198 5426 ⁸⁸
1230 5396 1247 5448 ι
1289 5397 1414 5450 Cor.
1453 5413 1549 5464 vn,
1577 5399 1666 5452 40.
1747 5399 1789 5430 ⁸⁸
1829 5399 1983 5452 Boni.
2013 5399 2210 5461 vut,8.

2009 5511 2122 5583 (29)
2171 5514 2394 5580 Ἕχειν.
2450 5508 2806 5567 Seribeudum
2854 5489 3072 5565 videtur
3110 5510 3193 5566 vel
3251 5511 3504 5583 ἑχόντων,

1937 5580 2363 5728 νεὶὸἐῶοὲαρές.
2421 5650 2499 5704 Ita
2527 5650 2696 5707 codex
2735 5650 3096 5715 Bodleianus;
3149 5650 3368 5722 Regius,
3409 5664 3507 5701 az-

1940 5737 2074 5790 φως.
