3878 6210
500 267 605 324 εςοδ
1980 252 2303 330 ORIGENIS
3620 292 3707 347 sat

505 393 558 442 iu
599 388 717 442 loco
749 388 1132 443 Servatorhoc
1160 386 1380 444 dixerit.
1414 388 1573 444 Libet
1603 399 1785 444 autem
1812 389 2036 444 admirat

2174 390 2196 443 ἕ
2205 405 2288 442 στι
2319 386 2381 441 τὸ
2409 387 2608 460 ἀληθὲς
2631 389 2732 459 τῆς
2757 390 3084 459 ἀποφάσεως
3117 392 3210 446 τοῦ
3243 393 3506 467 Σωτῆρος,
3533 397 3705 466 φθάσαν

504 481 786 535 veritatem
824 480 1110 535 sententiae
1155 480 1483 545 Servatoris,
1533 497 1653 552 qua:
1700 497 1806 537 non
1860 493 2030 536 tantm

2173 481 2235 532 ού
2287 480 2446 548 μόνον
2478 482 2570 533 ἐπὶ
2613 482 2736 546 τοὺς
2767 483 2953 552 ἁγίους
2999 486 3303 557 προφήτας,
3357 487 3703 560 ἀτιμασθέντας

504 575 570 628 ad
602 581 821 627 sanctos
851 571 1162 641 prophetas,
1194 583 1408 642 spretos
1440 589 1470 629 a
1502 575 1884 642 familiaribus,
1916 586 1971 629 et
2002 591 2030 628 a

2179 571 2326 644 παρὰ
2352 574 2463 636 τοῖς
2491 572 2732 638 οἰκείοις,
2783 574 2875 627 καὶ
2902 576 2990 628 ἐπ’
3015 577 3176 631 αὐτὸν
3219 578 3313 631 τὸν
3342 578 3534 650 Κύριον
3559 585 3703 654 ἡμῶν,

504 666 676 734 ipsum
733 663 1012 719 Dominum
1071 673 1312 718 nostrum
1363 665 1665 733 pertinuit,
1717 667 1810 722 sed
1861 668 1929 721 ad
1977 683 2035 722 eo

2177 664 2312 718 ἀλλὰ
2341 667 2434 718 καὶ
2467 665 2560 718 ἐπὶ
2599 667 2726 728 τοὺς
2758 665 2814 720 ἐν
2848 685 2952 721 τινι
3001 668 3164 740 σοφίαι⁵
3209 669 3592 742 διατρίψαντας.
3631 680 3707 730 καί

499 756 664 809 etiam
717 753 807 824 qui
855 755 1037 824 aliqua
1089 757 1353 825 sapientia
1396 757 1696 813 clarueriut
1736 775 1749 811 :
1787 761 1879 828 qui
1935 759 2030 813 ade

2179 758 2690 829 καταφρονηθέντας
2722 759 2828 813 ὑπὸ
2865 760 2976 814 τῶν
3010 760 3264 825 πολιτῶν,
3294 761 3438 816 ὥστε
3471 767 3598 831 τινας
3624 771 3706 823 αύ-

498 847 829 915 contemptui
866 847 1076 903 civibus
1121 848 1275 903 fuere
1314 849 1504 915 habiti,
1541 861 1600 904 ut
1632 849 1712 906 vel
1741 851 1807 904 ad
1840 860 2029 905 mortet

2176 849 2284 901 τῶν
2315 849 2424 922 (41)
2457 849 2550 902 καὶ
2588 849 2686 921 τὴν
2714 849 2806 903 ἐπὶ
2835 849 3050 921 θανάτῳ
3079 852 3392 924 ἀπαχθῆναι
3420 855 3543 925 (42).
3582 859 3707 922 Ἔξε-

499 938 660 1008 aliqui
697 953 886 994 eorum
918 940 1266 994 dueerentur.
1301 939 1423 996 Haec
1451 951 1629 998 autem
1661 943 1791 998 libet
1819 958 1884 997 ex
1915 941 2030 998 Crte

2180 959 2263 994 στι
2293 942 2350 994 δὲ
2379 942 2550 996 ταῦτα
2576 942 2684 996 ἀπὸ
2704 943 2804 1013 τῆς
2849 943 3163 1016 Ἑλληνικῆς
3200 947 3439 1018 ἱστορίας
3461 949 3704 1016 ἀναλέξασ-

499 1045 685 1085 corum
735 1030 960 1085 historia
1003 1031 1264 1103 colligere
1299 1033 1366 1088 de
1395 1034 1480 1089 his
1505 1035 1592 1104 qui
1629 1037 1681 1089 in
1715 1035 2030 1105 philosophi:

2178 1030 2266 1084 θαι
2302 1033 2428 1104 περί
2453 1033 2560 1086 τῶν
2599 1033 3076 1106 φιλοσοφησάντων
3107 1036 3201 1089 καὶ
3237 1037 3704 1110 ἀστρονομησάντωυ

498 1134 552 1176 et
593 1125 957 1188 astronomiae,
984 1125 1070 1178 vel
1116 1126 1170 1181 in
1220 1126 1506 1198 quibusvis
1550 1129 1769 1182 tandem
1830 1127 2029 1182 volneri

2178 1125 2211 1196 ἦ
2253 1126 2461 1190 ὁποίοις
2492 1127 2691 1198 δήποτε
2744 1127 3028 1200 μαθήμασι
3053 1128 3487 1200 διαπρεψάντων.
3526 1133 3709 1204 Ἀτιμαυ

503 1214 798 1283 disciplinis
861 1225 1284 1272 consenuerunt.
1335 1215 1570 1273 Proinde
1645 1217 2034 1273 conviciantiut

2181 1218 2379 1283 ζόντων
2421 1219 2479 1272 δὲ
2518 1221 2611 1274 καὶ
2651 1213 2810 1274 αὗται
2845 1222 2900 1272 αί
2941 1221 3141 1290 φωναί·
3186 1240 3204 1272 ι
3232 1221 3343 1291 Ούχ
3378 1217 3524 1286 οὗτός
3543 1227 3712 1280 ἐστινό

502 1319 630 1362 sunt
663 1310 824 1363 etiam
857 1309 942 1364 hae
972 1324 1130 1366 voces
1163 1329 1174 1364 ι
1209 1329 1228 1364 ι
1255 1310 1448 1366 Nonne
1476 1311 1563 1366 hic
1597 1321 1679 1366 est
1708 1310 1849 1366 fabri
1886 1309 2028 1365 illius

2183 1311 2271 1364 τοῦ
2298 1311 2548 1376 τέκτονος
2577 1311 2729 1378 υἰός;
2761 1313 2860 1383 οὐχ
2905 1315 2938 1383 ἡ
2971 1314 3111 1384 μήτη
3122 1331 3152 1385 ρ
3183 1314 3349 1368 αὑτοῦ
3399 1315 3596 1384 λέγεται
3619 1320 3714 1372 Μα-

492 1403 692 1457 "Nonne
737 1415 914 1458 mater
960 1403 1080 1472 eius
1127 1404 1329 1460 dicitttr
1373 1404 1566 1472 Maria,
1601 1413 1656 1459 et
1703 1403 1908 1460 fratres
1955 1403 2023 1472 ejt

2184 1402 2336 1474 ριὰμ,
2379 1403 2473 1456 καὶ
2517 1405 2566 1457 οἰ
2598 1403 2818 1472 ἀδελφοὶ
2851 1403 3013 1457 αὑτοῦ
3065 1407 3169 1458 εἰσι
3203 1405 3340 1476 πρὸς
3370 1408 3541 1478 ἡμᾶς;
3573 1409 3715 1464 Πόθεν

499 1505 624 1549 sunt
655 1498 797 1564 apud
829 1495 1136 1552 nos?Uude
1163 1511 1292 1565 ergo
1313 1496 1440 1552 huic
1466 1497 1585 1550 hac
1615 1497 1798 1551 omnia
1821 1496 1934 1550 “‘h
1971 1497 2030 1551 At

2184 1491 2272 1549 οὖν
2297 1494 2469 1566 τούτῳ
2495 1494 2672 1549 πάντα
2694 1495 2898 1561 ταῦτα;
2924 1515 2942 1548 ι
2977 1496 3088 1548 Καὶ
3120 1497 3543 1568 παραδοξότατόν
3562 1517 3618 1568 τε
3641 1503 3715 1554 ἐπὶ

498 1603 604 1657 que
646 1587 834 1652 etiam,
868 1589 1011 1656 quod
1058 1603 1272 1643 summa
1313 1589 1679 1644 admiratione
1719 1589 1940 1658 dignum
1969 1603 2026 1644 es

2186 1587 2288 1640 τῶν
2321 1584 2618 1658 προφητῶν
2651 1586 2808 1641 τοῦτο
2837 1588 3170 1660 συμϐέϐηκε,
3203 1589 3266 1642 τὸ
3312 1590 3410 1660 μὲν
3437 1589 3538 1653 ζῶν
3567 1592 3717 1646 αὐτῶν

499 1677 727 1746 contigit
759 1676 860 1731 hoc
911 1677 963 1730 in
1019 1678 1320 1746 prophetis,
1356 1687 1414 1732 ιιι
1457 1680 1602 1748 quod
1633 1679 1686 1733 in
1722 1680 1802 1734 eis
1834 1687 1956 1734 erat
1995 1694 2026 1731 v

2182 1679 2239 1732 ού
2273 1679 2631 1750 τετιμήκασι-ι
2654 1680 2705 1732 οἱ
2734 1678 2964 1745 πολῖται,
2987 1679 3046 1734 τὸ
3069 1680 3127 1733 δὲ
3159 1680 3353 1752 νεκρὸν
3379 1683 3713 1753 περιέπουσιν,

501 1784 648 1832 vum,
691 1783 798 1822 non
851 1767 1169 1822 honorarint
1211 1769 1387 1834 cives;
1423 1769 1566 1838 quod
1621 1778 1892 1825 mortuum
1945 1785 2032 1824 ver

2189 1747 2577 1842 ›ἰκοδομοῦντες
2619 1771 2798 1824 αὐτῶν
2825 1771 2890 1825 τά
2915 1774 3157 1844 μνημεῖα
3185 1747 3280 1825 καί
3300 1747 3720 1843 κοσμοῦντεςοίέ

499 1869 666 1923 esset,
699 1859 954 1924 foverint,
987 1859 1320 1916 :edificantes
1354 1861 1597 1930 ipsorum
1632 1869 1984 1917 monumenta
2017 1877 2030 1915 ι

2189 1863 2424 1933 ιιοδομεῖν
2473 1862 2532 1916 δέ
2563 1863 2679 1916 ὲστι
2725 1861 2794 1916 τὰ
2848 1865 3088 1933 μνημεῖα
3137 1861 3246 1915 τῶν
3294 1864 3597 1934 προφητῶν,
3643 1867 3720 1919 καὶ

500 1963 763 2008 oruautes
787 1954 854 2006 ".
892 1951 1260 2008 Edilicantur
1306 1964 1485 2008 autem
1527 1955 1924 2024 prophetarum
1959 1968 2031 2008 ιη(

2189 1956 2400 2024 κοσμεῖν
2430 1953 2592 2018 αὐτὰ,
2626 1955 2736 2018 ὅτε,
2770 1953 2830 2007 τὸ
2858 1953 3156 2018 ζωοποιοῦν
3198 1953 3418 2026 πνεῦμα
3444 1955 3720 2012 καταλιπών

502 2055 754 2099 numenta
787 2053 841 2099 et
877 2052 1166 2107 ornantur,
1195 2059 1338 2109 cum,
1380 2044 1571 2099 relicto
1599 2045 1723 2115 quis
1770 2045 1962 2115 Spiritu
1993 2045 2033 2098 vi

2188 2063 2258 2108 τις
2279 2047 2340 2100 τὸ
2364 2047 2665 2118 ἐνυπάρχον
2683 2048 2796 2109 τοῖς
2821 2043 3125 2116 βουλήμασι
3146 2043 3255 2098 τῶν
3289 2047 3618 2118 γραμμάτων
3640 2048 3719 2101 αύ-

502 2139 778 2202 viticante,
821 2138 1019 2193 latente
1063 2139 1113 2192 iu
1163 2137 1412 2193 sensibus
1448 2138 1753 2192 litterarum
1808 2139 2033 2209 ipsarurr

2188 2138 2299 2202 τῶν,
2333 2137 2584 2210 περιέπει
2619 2138 2714 2191 καὶ
2743 2140 3068 2208 περικοσμεῖ
3118 2138 3180 2194 τὸ
3221 2140 3533 2193 άποκτεῖνον
3564 2141 3719 2212 γράμ-

504 2233 647 2285 fovet
670 2241 724 2284 et
749 2240 909 2284 ornat
942 2231 1174 2285 litteram
1205 2229 1570 2294 occidentem,
1601 2228 2035 2299 pulchritudiner

2192 2249 2275 2296 ια,
2307 2231 2369 2284 τὸ
2415 2230 2608 2294 κάλλος
2650 2230 2894 2301 οἰόμενος
2923 2231 3024 2300 τῆς
3067 2231 3400 2302 προφητείας
3434 2232 3487 2284 ἐν
3522 2235 3591 2302 τῇ
3617 2232 3723 2304 ψιλῇ

505 2323 804 2392 prophetia:
847 2331 996 2376 ratus
1039 2321 1274 2392 positam
1307 2332 1429 2373 esse
1478 2320 1531 2373 in
1567 2320 1710 2374 nuda
1762 2318 2036 2376 litterarut

2240 2339 2313 2378 ναι
2343 2323 2539 2394 ὲκδοχῇ
2586 2321 2679 2376 τοῦ
2723 2322 3071 2393 γράμματος.
3111 2323 3314 2394 Ἔργον
3367 2323 3423 2376 δὲ
3459 2322 3614 2376 τοῦτο
3637 2323 3726 2377 τῶν
3769 2383 3771 2386 ,

462 2469 472 2482 ο
504 2415 863 2485 intelligentia
902 2416 1080 2483 :quod
1114 2417 1331 2486 quidem
1365 2416 1548 2470 facere
1576 2413 1752 2469 solent
1777 2423 1890 2468 tum
1932 2411 1993 2466 Pl

2196 2414 2608 2486 ιαλανιςομένων
2652 2414 2760 2468 άπὸ
2810 2413 2902 2467 τοῦ
2955 2414 3160 2484 Κυρίου
3211 2416 3601 2486 γραμματέων,
3650 2415 3727 2468 καὶ

507 2506 670 2571 riszni,
702 2515 812 2560 tum
838 2505 1061 2571 Scribae,
1081 2507 1278 2577 quibus
1307 2506 1455 2560 «Vae.
1480 2506 1683 2561 dicitur
1711 2520 1741 2558 a
1765 2503 2038 2560 Domino“

2197 2505 2486 2578 [θαρισαίων
2513 2523 2528 2539 ο
2585 2506 2958 2576 γραμματέων
3021 2504 3119 2575 μὲν
3182 2505 3594 2577 ὀνομαζομένων
3639 2505 3728 2560 τῶν

503 2613 731 2670 quorum
753 2599 910 2654 alteri
941 2614 1133 2669 nempe
1157 2601 1314 2654 nudae
1345 2599 1538 2653 littera:
1563 2605 1922 2668 COgnomento
1945 2595 2030 2650 dic

2198 2598 2478 2672 ιπωνύμων
2501 2597 2658 2670 ψιλοῦ
2693 2597 2786 2652 τοῦ
2819 2599 3144 2671 γράμματος
3164 2615 3178 2629 ο
3209 2600 3516 2671 Φαρισαίων
3547 2600 3603 2654 δὲ
3640 2600 3729 2654 τῶν

495 2699 624 2745 sunt
652 2689 945 2756 Litterarii,
971 2691 1084 2744 sive
1118 2689 1350 2755 Scriba);
1385 2688 1641 2743 Pharisaei
1671 2703 1818 2750 vero,
1844 2703 1909 2743 eo
1931 2703 2026 2758 quc

2198 2691 2652 2766 ιποδιῃρημένων,
2702 2691 2797 2746 καὶ
2849 2691 2948 2762 τὴν
3002 2691 3150 2745 θείαν
3217 2692 3443 2764 ἑνότητα
3487 2691 3729 2746 ἀπολωλε-

495 2782 654 2836 divisi
681 2792 828 2847 sunt,
856 2781 1298 2852 perdiderintque
1330 2781 1567 2836 divinam
1603 2781 1865 2836 unitatem
1901 2798 1914 2832 :
1951 2795 2018 2836 na

2200 2783 2382 2839 ιόιιτων⁸
2430 2785 2712 2858 Φαρισαῖοι
2775 2783 2884 2854 γὰρ
2943 2783 3338 2856 ὲρμηνεύονται
3384 2785 3435 2838 οἱ
3485 2783 3731 2854 διῃρημέο

500 2871 775 2934 Ρίιοιίειεί,
809 2871 851 2924 si
889 2871 1283 2942 interpreteris,
1317 2871 1478 2928 iidem
1502 2880 1631 2926 sunt
1657 2881 1819 2940 atque
1853 2872 2025 2926 divisi.

763 2913 775 2934 .
809 2871 851 2924 si
889 2871 1283 2942 interpreteris,
1317 2871 1478 2928 iidem
1502 2880 1631 2926 sunt
1657 2881 1819 2940 atque
1853 2872 2025 2926 divisi.
2177 2892 2290 2932 νοι.

560 2956 648 3010 55.
700 2973 719 3006 ι
749 2954 881 3010 Cum
933 2973 1063 3028 ergo
1099 2959 1246 3012 venit
1299 2961 1350 3012 in
1399 2957 1703 3024 Galilaaam,
1741 2972 2063 3028 receperunt

2238 2963 2324 3016 55.
2357 2981 2375 3014 ι
2407 2963 2532 3016 Ὅτε
2558 2956 2650 3015 οῦν
2680 2956 2974 3047 ἦλθεύἽις
3000 2961 3098 3033 τὴν
3143 2962 3452 3028 Γαλιλαίαν,
3505 2962 3648 3026 tatas
3660 2978 3724 3014 no

489 3065 614 3102 eum
642 3048 873 3113 Galilmi,
905 3059 961 3104 ut
990 3051 1082 3119 qui
1119 3051 1379 3106 vidissent
1418 3052 1599 3105 omnia
1634 3067 1754 3121 quae
1789 3051 2020 3123 Jerosol}

2191 3052 2332 3106 ιύτὸν
2365 3055 2415 3106 οἰ
2459 3054 2498 3106 Γ
2501 3039 2965 3116 αλιλαῖοιίπάντα
2996 3054 3300 3124 ἑωρακότες
3330 3054 3366 3108 ά
3397 3056 3640 3126 ἐποίησεν
3677 3057 3722 3108 ἐν

493 3141 593 3194 mis
627 3142 845 3196 fecisset
880 3143 930 3195 in
962 3144 1048 3196 die
1093 3142 1266 3197 festo:
1298 3154 1352 3198 ct
1388 3144 1485 3214 ipsi
1527 3145 1672 3199 enim
1712 3157 1975 3202 venerant
2000 3165 2024 3200 a

2192 3143 2570 3215 Ῑεροσολύμοις
2603 3147 2661 3198 ὲν
2692 3146 2758 3214 τῇ
2798 3145 2958 3215 ἑορτῇ
2980 3160 2993 3174 ο
3037 3145 3130 3196 καί
3157 3145 3314 3198 αύτοί
3345 3144 3455 3215 γὰρ
3483 3140 3637 3217 ἦλθον
3658 3145 3723 3207 εἰς

489 3235 630 3287 diem
679 3233 959 3288 festum“.
995 3253 1012 3286 ν
1053 3235 1282 3306 Dignum
1314 3247 1396 3291 est
1440 3246 1496 3289 ut
1529 3237 1809 3291 videamus
1842 3251 2020 3292 causat

2192 3233 2263 3304 ὴν
2309 3234 2521 3304 ἑορτήν.
2546 3252 2563 3285 ι
2601 3232 2783 3300 ’Ἄξιον
2815 3233 2942 3286 ἰδεῖν
2985 3233 3084 3304 τὴν
3113 3234 3292 3288 αἰτίαν
3325 3235 3423 3306 τῆς
3456 3235 3567 3288 τῶν
3593 3233 3723 3288 Γαλι-

489 3332 710 3392 propter
736 3339 899 3394 quam
926 3327 1235 3396 receperint
1255 3326 1462 3382 ϐειΙίΙωί
1499 3325 1842 3382 Servatorem
1866 3329 1920 3382 in
1953 3327 2020 3383 Ca

2193 3324 2332 3377 ,αίων
2381 3324 2720 3396 παραδοχῆς,
2761 3325 2827 3396 ἣν
2885 3325 3250 3394 παρεδέξαντο
3278 3326 3370 3380 τὸν
3417 3329 3641 3401 Σωτῆρα
3661 3328 3724 3381 ιλ.

491 3415 682 3471 Ιίιιεοιη
733 3417 1060 3487 profectum,
1103 3436 1230 3474 num
1274 3428 1422 3474 tanta
1461 3420 1551 3484 sit,
1585 3428 1642 3473 nt
1686 3420 1738 3472 in
1789 3429 2022 3490 stupore:

2192 3416 2326 3469 δόντα
2359 3417 2438 3480 εἰς
2465 3415 2561 3487 τὴν
2581 3415 2891 3485 Γαλιλαίαν,
2930 3419 2977 3469 εἰ
3006 3416 3309 3489 τηλικαύτη
3338 3419 3450 3490 (45)
3487 3416 3577 3491 ἦν,
3606 3420 3723 3474 ὥστε

489 3511 1028 3585 admirationemque
1075 3514 1390 3569 Servatoris
1437 3511 1670 3582 coniecti
1721 3515 1872 3568 illum
1917 3531 2019 3570 exc

2191 3507 2506 3578 ιατάπληξιν
2549 3508 2734 3572 αὐτοῖς
2765 3508 3086 3580 ἐμποιῆσαι,
3125 3511 3218 3562 καὶ
3268 3508 3591 3583 θαυμασμὸν
3621 3513 3722 3583 περὶ

491 3603 641 3674 piant
664 3615 957 3677 :prieterea
976 3609 1041 3663 ad
1060 3623 1180 3678 quas
1210 3605 1552 3662 referendum
1588 3605 1660 3661 sit
1703 3607 1807 3661 hoc
1835 3607 2022 3662 dictun

2194 3599 2261 3652 of}
2290 3600 2564 3672 Σωτῆρος,
2601 3603 2680 3664 εἰς
2702 3601 2763 3654 τὸ
2793 3599 3196 3672 παραδέξασθαι
3226 3603 3388 3657 αὐτόν
3411 3621 3425 3634 ’
3457 3603 3541 3658 ἔτι
3563 3605 3614 3658 δὲ
3650 3605 3725 3656 ἐπὶ

490 3700 715 3768 perinde
741 3702 896 3771 quasi
935 3703 1102 3758 multa
1137 3713 1322 3758 essent
1355 3718 1476 3772 quae
1509 3701 1868 3773 Jerosolymis
1902 3700 2021 3757 fecit

2193 3693 2288 3747 rlva
2316 3693 2666 3766 ἀναφέρεται,
2713 3693 2876 3748 οἰονεί
2923 3695 3095 3749 πολλὰ
3133 3695 3260 3748 ὅντα
3293 3695 3407 3765 (44)
3430 3696 3467 3750 ἃ
3499 3697 3724 3768 ἐποίησεν

489 3799 574 3844 set
619 3789 816 3859 Jesns;
849 3810 868 3845 ι
900 3809 1021 3847 cum
1051 3794 1236 3848 omnia
1273 3793 1538 3850 vidissent
1571 3809 1690 3862 quas
1721 3792 1941 3848 fecisset
1973 3791 2020 3847 ,ιε

2195 3805 2224 3840 ν
2261 3786 2654 3858 Ἰεροσολύμοις
2700 3790 2729 3840 ὁ
2770 3785 2999 3858 Ἰησοῦς.
3050 3788 3142 3841 τό·
3195 3806 3213 3838 ι
3238 3788 3426 3842 Πάντα
3450 3789 3725 3862 ἑωρακότες

493 3882 779 3952 rosolymis
817 3885 870 3937 in
916 3885 1002 3940 die
1043 3885 1242 3940 festo.»
1279 3884 1386 3940 Sed
1437 3899 1504 3939 ne
1555 3884 1804 3955 superius
1849 3883 2024 3953 quidet

2199 3891 2265 3929 σα
2303 3876 2554 3947 ἐποίησεν
2587 3879 2644 3930 έν
2687 3877 3098 3948 Ἱεροσολύμοις,
3149 3882 3207 3933 ἐν
3257 3883 3322 3950 τῇ
3368 3881 3592 3952 ἑορτῇ.»
3641 3879 3725 3933 Oti-

489 3975 784 4044 quidquam
827 3976 1156 4038 invenimus,
1205 3977 1306 4031 nisi
1342 3979 1467 4047 quia
1497 3999 1514 4030 ι
1551 3979 1758 4032 invenit
1785 3977 1837 4031 in
1867 3976 2020 4044 templ

2197 3967 2252 4020 ὲν
2280 3968 2335 4021 δὲ
2365 3968 2692 4039 εὑρίσκομεν
2738 3969 3137 4042 προειρημένον
3182 3971 3214 4041 ἦ
3243 3971 3326 4024 ὅτι
3357 3991 3374 4021 ι
3400 3965 3559 4043 εῦρεν
3586 3974 3638 4024 ἐν
3661 3969 3725 4041 τῷ

490 4065 784 4120 vendentes
841 4067 1005 4136 27o
1050 4067 1235 4132 boves,
1287 4077 1343 4122 et
1397 4084 1551 4134 oves,
1593 4077 1648 4122 et
1679 4067 2021 4128 COilllltbaS,t

2194 4058 2298 4131 ερῴ
2326 4061 2450 4124 τοὺς
2491 4059 2806 4123 πωλοῦντας
2853 4060 3002 4130 βόας,
3047 4063 3143 4116 καὶ
3171 4063 3442 4132 πρόϐατα,
3469 4066 3566 4117 καὶ
3595 4079 3725 4133 περι-

491 4159 799 4212 mensarios
852 4161 1128 4220 sedentes,
1177 4160 1433 4234 factoque
1475 4173 1506 4213 e
1542 4158 1797 4214 funiculis
1826 4159 2022 4229 flagellt

2193 4152 2366 4222 ττερὰς
2397 4193 2411 4216 ,
2462 4153 2555 4206 καί
2603 4155 2727 4216 τοὺς
2779 4154 3188 4225 κερμαστιστὰς
3233 4155 3617 4227 καθημένους,
3649 4153 3724 4207 καὶ

495 4265 689 4306 omnes
715 4266 746 4306 e
783 4251 983 4320 templo
1017 4249 1196 4318 ejecit,
1247 4259 1357 4304 tum
1407 4265 1562 4315 oves,
1620 4261 1732 4305 tum
1789 4251 1975 4318 boves,
2010 4267 2026 4306 ι

2193 4246 2400 4315 ιοιήσας
2423 4245 2746 4315 φραγέλλιον
2783 4247 2847 4299 ἐκ
2883 4247 3131 4316 σχοινίων
3163 4249 3371 4313 πάντας
3399 4249 3645 4316 ἐξέϐαλεν
3671 4249 3724 4299 ὲκ

491 4344 885 4399 meusariorum
938 4359 1011 4399 res
1041 4341 1254 4406 eli‘udit,
1309 4352 1365 4397 et
1412 4357 1630 4398 mensas
1678 4344 1962 4408 subvertit,
2009 4360 2022 4398 ι

2192 4336 2260 4389 τοῦ
2287 4335 2454 4409 ἱεροῦ,
2498 4337 2566 4392 τά
2609 4355 2670 4390 τε
2706 4338 2971 4411 πρόϐατα,
3016 4339 3108 4393 καί
3146 4342 3272 4404 τοὺς
3315 4340 3464 4411 βόας,
3510 4341 3599 4396 καὶ
3633 4339 3723 4393 τῶν

489 4435 774 4492 columbas
805 4433 1164 4490 vendentibus
1189 4431 1328 4486 dixit
1359 4448 1374 4486 :
1410 4429 1606 4486 Tollite
1642 4432 1743 4486 ista
1785 4432 1933 4498 hinc,
1962 4448 2020 4488 ne

2192 4433 2534 4487 ιολλυϐιστῶν
2587 4432 2768 4504 ἐξέχεε
2799 4433 2867 4487 τὰ
2910 4435 3180 4506 κέρματα,
3232 4436 3323 4490 καὶ
3347 4436 3447 4500 τὰς
3472 4434 3723 4508 τραπέζας

493 4530 657 4584 facite
693 4530 910 4584 domum
969 4526 1147 4582 Patris
1199 4526 1327 4592 mei,
1376 4529 1594 4584 domum
1646 4537 1919 4582 mercatus
1942 4527 2008 4581 ⁵⁸.

2192 4525 2433 4598 ινέτρεψε
2459 4525 2593 4597 (45),
2627 4526 2720 4579 καὶ
2745 4531 2858 4590 τοῖς
2881 4526 2979 4590 τὰς
3022 4545 3086 4581 πε
3096 4529 3346 4600 ριστερὰς
3374 4529 3636 4582 πωλοῦσιν
3657 4520 3723 4578 εἶ-

491 4623 628 4690 Quid
665 4636 797 4690 ergo
836 4621 887 4674 in
933 4619 1017 4674 his
1058 4618 1191 4672 tauti
1237 4627 1341 4682 est,
1375 4628 1432 4673 ut
1469 4617 1658 4672 horum
1708 4618 1880 4687 gratia
1930 4636 2016 4676 mo

2192 4635 2270 4670 τεν
2294 4635 2306 4646 ³
2341 4617 2544 4688 ’Ἄρατε
2592 4615 2765 4670 ταῦτα
2799 4617 3066 4682 ἐντεῦθεν,
3124 4619 3198 4690 μὴ
3241 4621 3444 4672 ποιεῖτε
3476 4620 3566 4672 τὸν
3597 4611 3723 4670 οἶκον

491 4715 703 4770 (ιιιιὶἰωί
743 4713 1027 4768 Dominum
1071 4712 1405 4781 reciperent;
1437 4727 1596 4781 quos,
1635 4711 1760 4780 quia
1795 4711 1938 4768 hunc
1972 4728 2022 4768 re

2195 4709 2262 4763 τοῦ
2296 4708 2505 4779 Πατρός
2563 4725 2661 4779 μου
2692 4705 2838 4762 οἶκον
2875 4710 3159 4781 ἐμπορίου.
3188 4729 3206 4761 ι
3252 4710 3317 4763 Τί
3365 4706 3457 4764 οὖν
3500 4705 3726 4782 τηλικοῦ-

489 4807 720 4875 cipiaut,
748 4813 980 4858 testatur
1022 4803 1355 4873 evangelista
1387 4801 1778 4874 Jerosolymant
1812 4818 1935 4858 cum
1965 4820 2020 4861 ve

2194 4802 2262 4855 rdv
2295 4803 2442 4854 ἐστιν
2491 4802 2549 4853 ἐν
2581 4800 2792 4863 τούτοις
2827 4801 2959 4872 (46),
3011 4800 3150 4855 ὥστε
3188 4802 3508 4873 κινηθέντας
3540 4801 3618 4854 ἐπ’
3642 4797 3725 4852 αύ-

490 4898 700 4952 nisscnt
748 4897 813 4949 ad
864 4895 1005 4950 diem
1060 4893 1280 4960 festum,
1322 4895 1522 4950 vidisse
1569 4896 1751 4950 omnia
1791 4912 1913 4964 quae
1953 4897 2021 4951 illi

2192 4897 2278 4958 οἷς
2310 4894 2434 4957 τοὺς
2460 4892 2774 4956 Γαλιλαίους
2793 4893 3046 4957 δέξασθαι
3073 4894 3163 4947 τὸν
3191 4893 3412 4965 Κύριον,
3450 4905 3723 4966 μαρτυρου-

489 4986 654 5044 Jesns
687 4984 926 5040 fecerat?
968 4986 1048 5040 Ad
1096 4988 1237 5056 quod
1278 4986 1709 5053 respondendqu
1735 4996 1840 5049 εει,
1871 4986 1914 5040 si
1951 5003 2020 5041 ιιι(

2189 4985 2360 5049 ιένους
2390 4985 2476 5038 διὰ
2509 4985 2570 5037 τὸ
2597 4983 2756 5038 αὐτὸν
2785 4985 3054 5056 δέχεσθαι,
3084 4987 3224 5050 ἐπεὶ,
3261 4985 3504 5049 ἐλθόντες
3543 4987 3616 5045 εἰς
3640 4979 3720 5048 τὴν

493 5094 673 5132 mores
705 5091 892 5131 sumus
921 5091 1108 5130 eorum
1140 5091 1260 5145 quae
1308 5074 1543 5127 diximus
1585 5073 1638 5126 iu
1691 5089 1816 5127 eum
1860 5075 2020 5130 locun

2189 5079 2360 5151 εορτὴν
2390 5081 2446 5131 ἐν
2491 5076 2902 5149 Ἱεροσολύμοις,
2954 5079 3132 5131 πάντα
3161 5079 3468 5151 ἑωράκασιν
3497 5077 3532 5131 ἃ
3560 5072 3720 5140 ἐποίη-

491 5185 610 5236 qua:
646 5168 1001 5223 declarabant
1051 5180 1154 5219 non
1189 5165 1451 5218 minorem
1485 5167 1781 5232 potentiam
1807 5166 2022 5221 Servate

2190 5187 2261 5223 ῖεν
2287 5170 2403 5221 ἐκεῖ
2444 5170 2472 5221 ὁ
2510 5167 2755 5237 Ἰησοῦς;
2807 5167 2869 5220 Εἰ
2919 5166 3243 5238 μεμνήμεθα
3293 5167 3400 5220 τῶν
3446 5162 3721 5237 εἰρημένων

563 5265 604 5294 εί
643 5263 828 5317 Matth.
874 5276 989 5325 tttll,
1038 5257 1232 5327 55,36.
1335 5256 1380 5287 ⁸⁸
1404 5259 1589 5319 Matth.
1646 5273 1796 5323 unt,
1835 5260 1936 5325 29;
1987 5262 2023 5316 L

492 5335 536 5366 ⁸⁵
567 5332 725 5386 Joau.
757 5349 818 5386 tt.
854 5333 920 5386 Ην
953 5347 1074 5386 seu.

2185 5283 2234 5330 ιι,
2263 5265 2349 5328 47,
2385 5264 2474 5318 43.
2571 5263 2616 5293 ⁸³
2655 5261 2847 5314 Matth.
2889 5277 3044 5327 tutu,
3087 5260 3176 5315 29.
3272 5262 3318 5292 “
3349 5260 3504 5316 Joan.
3536 5274 3605 5324 tv,
3638 5253 3716 5307 45.

600 5350 725 5387 oau.
757 5349 818 5396 tt,
854 5347 920 5386 tt
953 5347 1074 5400 seq.

566 5424 676 5498 (4|)
702 5423 1079 5498 "garsetﬁtq
1121 5423 1340 5478 αὐτῶν.
1379 5421 1502 5475 llaec
1563 5419 1948 5476 desiderantur
2007 5425 2058 5478 in

2206 5420 2354 5498 _(4§)
2389 5417 2598 5498 Πολλὰ
2634 5418 2797 5471 ὄντα.
2841 5418 2916 5470 Ita
2954 5418 3124 5472 codex
3158 5418 3514 5484 Bodleianus;
3546 5417 3594 5471 in
3625 5415 3715 5468 Re«

495 5488 686 5551 codice
718 5492 1032 5548 Bodleiano.
1057 5488 1068 5490 7
2168 5488 2436 5562 giodeest
2465 5488 2610 5562 dum.

567 5561 678 5635 (ιε)
701 5564 881 5635 Codetr
909 5562 1252 5635 Bodleianus,
1281 5563 1532 5635 ἀχθῆναι.
1781 5632 1790 5635 _
1922 5632 1932 5635 _

2170 5555 2194 5562 ⁷
2237 5559 2351 5635 (αἲξ)
2376 5558 2547 5635 Codd.
2586 5558 2788 5635 [ἰθείης-ι
2816 5567 2880 5612 et-
2905 5555 3255 5635 Barberinus,
3290 5556 3598 5635 άνὲστρεψε.

571 5561 682 5696 (ιίῖζ
701 5564 881 5618 Codex
909 5562 1252 5626 Bodleianus,
1281 5563 1532 5686 ἀᾶθῆναι.

571 5635 659 5750 ἳέὅ
727 5632 897 5688 Codd.
957 5633 1156 5704 Regius
1205 5641 1257 5688 ct
1352 5637 1659 5697 arberiuus.
1713 5632 2061 5704 τηλικαύτην,

2174 5559 2189 5562 '
2237 5560 2329 5621 (45
2376 5559 2547 5612 Codd.
2591 5559 2788 5628 Regius
2816 5559 3255 5618 et-Barberinus,
3290 5559 3467 5629 ἀνέστη

1941 5651 2061 5704 την,
2239 5559 2552 5701 (dﬁiCodcx
2585 5628 2933 5694 Bodleianus,
2959 5629 3015 5680 ἐν
3045 5629 3157 5690 τοῖς
3189 5629 3467 5695 τοιούτοις.

485 5708 643 5751 male.
