3878 6210
200 330 292 383 505

1225 325 1578 383 COMMENT.
1621 324 1687 378 IN
1725 324 1915 380 JOAN.
1955 323 2194 380 TOBIUS
2228 321 2364 377 χιιι.

3311 321 3414 375 506

195 449 266 510 είς
288 445 372 497 τὸν
416 444 577 498 τόπον
611 444 1034 499 ἀποδεικνύντων
1083 445 1181 498 οῦκ
1231 445 1486 500 ἐλάττονα
1517 444 1742 515 δύναμιν

1852 447 1924 499 ris
1953 443 2276 514 apparuisse
2309 440 2362 494 in
2389 439 2671 509 ejiciendis
2707 438 2833 504 illis,
2861 451 3023 506 quam
3066 451 3184 492 cum
3214 451 3411 505 opera-

195 535 523 607 ἐμφαίνεσθαι
549 535 640 589 τοῦ
661 537 909 609 Σωτῆρος
948 539 1003 590 ἐν
1029 540 1254 604 ἐκείνοις
1280 541 1428 611 παρὰ
1459 538 1557 611 τὴν
1595 540 1744 610 ἐνερ-

194 625 416 695 γήσασαν
470 626 550 689 εἰς
578 625 813 694 τυφλοὺς
846 625 1160 697 ἀναϐλέψαι,
1209 628 1300 682 καὶ
1343 629 1559 698 κωφοὺς
1591 628 1746 682 ἀκοῦ-

195 733 296 778 σαι,
338 716 426 769 καὶ
471 716 676 785 χωλοὺς
711 719 1104 789 περιπατῆσαι,
1135 719 1373 786 λεκτέον,
1408 721 1490 774 ὅτι
1537 721 1742 792 μήποτε

192 807 316 876 ὅπερ
345 805 680 877 λογισάμενοι
712 810 1062 880 ἐπινοήσαντες
1106 812 1154 864 οί
1189 811 1477 875 Γαλιλαῖοι,
1523 813 1616 865 καὶ
1648 829 1746 864 κα-

193 894 535 963 ταπλαγέντες
562 897 662 970 τὴν
690 897 938 951 θειότητα
975 898 1068 952 τοῦ
1111 899 1304 970 Ἰησοῦ,
1338 899 1558 954 ἐλθόντα
1585 901 1746 955 αὑτὸν

193 989 265 1050 εἰς
286 987 376 1058 τὴν
425 987 712 1042 Γαλιλαίαν
760 989 1030 1056 ἐδέξαντο,
1085 992 1259 1045 πάντα
1308 991 1615 1062 ἑωρακότες
1645 991 1746 1044 ὅσα

193 1081 424 1150 ἐποίησεν
473 1082 530 1132 ἐν
563 1082 677 1144 τοῖς
717 1081 1123 1153 Ἰεροσολύμοις.
1166 1082 1246 1135 Τὰ
1283 1083 1340 1136 δέ
1369 1083 1546 1137 πάντα
1573 1082 1745 1138 ταῦτα

188 1169 268 1242 ἦν,
311 1171 382 1242 τῷ
408 1174 468 1224 ἐκ
497 1171 749 1241 σχοινίων
797 1172 1106 1243 φραγελλίῳ
1151 1172 1511 1243 ἐκϐεϐλῆσθαι
1561 1174 1624 1226 ἐκ
1652 1171 1745 1226 τοῦ

192 1263 318 1336 ἱεροῦ
344 1263 406 1316 τά
435 1279 494 1316 τε
526 1262 799 1333 πρόϐατα,
829 1265 952 1326 τοὺς
985 1263 1131 1334 βόας,
1159 1265 1252 1318 καὶ
1283 1264 1390 1317 τῶν
1415 1263 1524 1334 (47)
1558 1263 1746 1317 κολλυ-

195 1355 371 1407 ϐιστῶν
413 1354 740 1426 ἐκκεχύσθαι
785 1354 853 1407 τὰ
899 1355 1168 1426 κέρματα,
1213 1355 1438 1420 καὶτὰς
1467 1357 1746 1430 τραπέζας

193 1445 587 1517 ἀνατετράφθαι.
643 1446 780 1499 Μετ’
826 1446 1070 1512 ἐξουσίας
1115 1447 1172 1500 δὲ
1221 1447 1470 1519 είρῆσθαι
1514 1450 1625 1511 τοῖς
1651 1447 1747 1510 τὰς

192 1537 491 1606 περιστερὰς
533 1534 811 1590 πωλοῦσιν
832 1553 845 1566 ο
870 1537 1114 1609 ι”Ᾱρατε
1164 1539 1335 1594 ταῦτα
1366 1537 1635 1602 ἐντεῦθεν,
1673 1538 1746 1608 μὴ

191 1628 366 1678 ποιεῖτε
395 1626 482 1678 τὸν
510 1621 665 1680 οἷκον
710 1626 802 1680 τοῦ
843 1627 1054 1700 Πατρός
1091 1646 1190 1700 μου
1240 1624 1386 1682 οἶκον
1415 1629 1700 1700 ἐμπορίου.
1723 1647 1742 1679 ι

192 1712 336 1786 Οἶμαι
372 1716 427 1770 δέ
463 1717 598 1786 μηδὲ
643 1717 816 1771 ταῦτα
849 1718 988 1788 μόνα
1014 1719 1174 1772 αὐτὸν
1219 1719 1574 1790 πεποιηκέναι
1601 1718 1744 1784 τότε,

192 1784 308 1858 ἀλλὰ
337 1807 424 1860 καὶ
449 1784 585 1860 ἀλλα
631 1784 861 1879 σημεῖαλ
881 1809 1197 1881 ἐπιφέρεται
1225 1809 1336 1883 γὰρ
1361 1784 1569 1872 τούτοις
1595 1808 1705 1881 (48)
1727 1826 1742 1840 ⁸
1773 1784 1820 1842 Β

197 1898 306 1960 ιὩς
329 1899 381 1951 δὲ
404 1894 469 1970 ἦν
503 1900 562 1952 ἐν
593 1902 711 1963 τοῖς
757 1899 1016 1972 Ἱεροσολύ
1027 1917 1148 1972 μοις
1171 1903 1227 1954 ἐν
1255 1900 1331 1970 τῷ
1355 1900 1568 1970 Πάσχα,
1597 1901 1656 1954 ὲν
1678 1902 1744 1972 τῇ

194 1991 330 2060 ἑορτῇ
373 1991 556 2044 πολλοὶ
613 1991 940 2045 ἐπίστευσαν
986 1993 1065 2055 εἰς
1091 1991 1151 2044 τὸ
1181 1992 1350 2062 ὄνομα
1396 1989 1583 2057 αὑτοῦ,
1615 1990 1748 2044 θεω-

196 2082 387 2149 ροῦντες
420 2083 586 2138 αὑτοῦ
619 2084 690 2139 τὰ
725 2087 922 2157 σημεῖα
955 2083 991 2138 ἃ
1022 2083 1275 2156 ἐποίησεν
1297 2100 1312 2114 °
1363 2104 1382 2137 ι
1435 2085 1520 2153 ἐφ’
1547 2079 1628 2146 οἷς
1654 2083 1747 2136 καὶ

195 2172 522 2245 όΝικόδημός
573 2192 740 2247 φησι·
802 2195 820 2228 ι
845 2175 1051 2240 Ῥαϐϐὶ,
1103 2175 1322 2245 οῑδαμεν
1353 2176 1434 2228 ὅτι
1480 2175 1587 2228 ἀπὸ
1613 2174 1745 2226 Θεοῦ

194 2264 426 2334 ἐλήλυθας
454 2267 809 2330 διδάσκαλος’
857 2267 1030 2331 οὐδεὶς
1071 2267 1180 2339 γὰρ
1200 2267 1420 2322 δύναται
1448 2267 1514 2322 τᾶ
1549 2270 1746 2339 σημεῖα

191 2353 339 2408 ταῦτα
378 2360 544 2410 ποιεῖν
596 2357 637 2411 ἃ.
671 2359 734 2411 σὺ
781 2360 974 2423 ποιεῖς,
1006 2357 1072 2411 ἂν
1116 2357 1190 2428 μὴ
1283 2361 1312 2412 ὁ
1335 2357 1467 2419 Θεὸς
1503 2361 1618 2429 μετ’
1650 2359 1747 2412 αύ-

193 2444 288 2498 τοῦ.
315 2465 332 2496 »
358 2447 500 2520 Πλὴν
530 2447 716 2513 ἔξεστι
758 2449 1036 2503 Γαλιλαῖον
1067 2449 1194 2503 ὄντα
1243 2448 1518 2522 ἑορτάζειν
1549 2451 1607 2504 ἐν
1651 2452 1746 2505 Ἰε-

199 2537 484 2609 ροσολύμοις
533 2539 844 2610 γινόμενον,
890 2541 1022 2595 ὅπου
1070 2543 1099 2596 ὁ
1152 2541 1276 2604 ναὸς
1307 2540 1400 2594 τοῦ
1445 2541 1602 2607 Θεοῦ,
1653 2542 1746 2596 καὶ

194 2624 388 2698 θεωρεῖν
420 2629 599 2683 πάντα
631 2631 733 2684 ὅσα
776 2631 944 2684 ἐποίει
977 2633 1092 2684 ἐκεῖ
1137 2633 1166 2685 ὁ
1207 2632 1430 2702 Ἰησοῦς,
1464 2633 1557 2687 καὶ
1592 2633 1748 2705 μάλι-

195 2733 276 2769 στα
298 2719 407 2772 τίνα
438 2722 648 2791 τρόπον
675 2721 922 2776 ἐκϐάλλοι
947 2722 1026 2794 τῷ
1067 2723 1131 2776 ἐκ
1159 2725 1404 2794 σχοινίων
1437 2725 1746 2796 φραγελλίῳ

194 2807 267 2861 ὑπ’
292 2811 442 2864 αὑτοῦ
474 2813 834 2885 πεποιημένῳ
860 2815 1067 2880 πάντας
1099 2817 1223 2879 τοὺς
1254 2817 1568 2880 πωλοῦντας
1597 2817 1743 2886 βόας,

194 2898 272 2951 καὶ
299 2902 534 2971 πρόϐατα
563 2902 706 2973 (49),
743 2903 838 2956 καὶ
883 2904 1232 2975 περιστερὰς,
1281 2905 1350 2958 τά
1379 2923 1440 2958 τε
1471 2905 1741 2977 πρόϐατα,

194 2991 410 3056 καὶτοὺς
459 2993 614 3063 βόας,
654 2995 748 3047 καὶ
791 2994 861 3048 τὰ
908 2994 1088 3050 λοιπά.
1137 2995 1301 3067 Ἀρχὴ
1344 2996 1455 3068 γὰρ
1489 2997 1546 3050 ἐν
1583 2997 1746 3066 Ἰερο-

198 3082 416 3178 σολύμοις
443 3087 608 3178 ἑορτὴ
642 3089 757 3178 τοῖς
781 3086 1082 3178 Γαλιλαίοις
1109 3089 1224 3142 ἐστὶ
1249 3087 1342 3142 τοῦ
1376 3090 1470 3143 καὶ
1491 3089 1744 3158 δέξασθαι
1769 3117 1812 3178 c

194 3175 267 3227 τὸν
288 3175 404 3229 Υίὺν
430 3176 522 3230 τοῦ
556 3177 700 3231 Θεοῦ
731 3177 952 3232 ἐλθόντα
984 3179 1118 3250 πρὸς
1143 3181 1369 3244 αὐτούς·
1404 3182 1477 3252 μὴ
1510 3182 1616 3254 γὰρ
1645 3183 1744 3237 ἐω-

198 3267 392 3334 ρακότες
429 3271 496 3323 τὰ
531 3273 590 3324 ἐν
624 3273 690 3341 τῇ
722 3272 905 3342 ἑορτῇ,
955 3272 1055 3325 οὐκ
1083 3273 1148 3326 ἂν
1193 3272 1442 3337 ἐδέξαντο
1483 3275 1678 3330 αὐτόν·
1709 3277 1742 3348 ἢ

193 3357 293 3410 οὐδὲ
338 3359 489 3424 αὐτὸς
552 3361 634 3432 μὴ
695 3361 1204 3433 προευτρεπισθεῖσι
1255 3364 1391 3436 πρὸς
1441 3364 1504 3418 τὸ
1558 3365 1742 3420 λαϐεῖν

193 3448 349 3514 αὐτὸν,
407 3451 582 3515 οὕτως
649 3452 716 3506 ἂν
767 3453 1068 3516 σπουδαίως
1122 3454 1454 3527 ἐπεδήμησε,
1520 3457 1742 3510 καταλι-

193 3535 292 3592 πὼν
329 3542 448 3607 τοὺς
489 3544 878 3614 ἐρωτήσαντας
927 3545 1088 3599 αὑτὸν
1141 3549 1318 3616 μεῖναι
1367 3552 1494 3620 παρ’
1536 3551 1738 3612 αὐτοῖς.

193 3630 246 3680 Oi
277 3631 508 3701 μέντοιγε
535 3633 825 3704 δεξάμενοι
861 3636 952 3689 τὸν
1005 3637 1210 3708 Ἰησοῦν
1253 3639 1500 3704 ἐδέξαντο
1533 3642 1624 3695 καὶ
1652 3643 1743 3696 τὸν

195 3721 551 3781 ἀποστείλαντα
581 3727 774 3780 αὐτόν·
806 3730 939 3800 φησὶ
965 3730 1073 3802 γάρ
1092 3748 1108 3762 ·
1151 3747 1169 3780 ι
1227 3732 1284 3786 '0
1325 3733 1426 3802 ἐμὲ
1455 3733 1742 3804 δεχόμενος

194 3811 376 3882 δέχεται
403 3818 494 3871 τὸν
521 3819 922 3874 ἀποστείλαντά
945 3838 1034 3890 με.
1070 3841 1088 3873 ι
1118 3823 1340 3892 Πρῶτον
1361 3820 1453 3877 οῦν
1484 3826 1613 3878 ἰδεῖν
1642 3826 1740 3891 δεῖ,

195 3905 408 3960 τουτέστι
442 3909 687 3962 συνιέναι
711 3909 778 3962 τὰ
810 3911 866 3963 ἐν
915 3910 1305 3982 Ἰεροσολύμοις
1333 3912 1468 3984 ἔργα
1500 3913 1594 3967 τοῦ
1637 3915 1740 3986 Ἰη-

197 3994 274 4047 σοῦ
303 3997 487 4065 πάντα,
527 4001 654 4054 τίνα
700 4001 900 4072 τρόπον
945 4001 1192 4074 καθαίρει
1229 4004 1290 4057 τὸ
1333 4004 1494 4074 ἱερὸν,
1532 4006 1742 4059 ἀποκα-

197 4086 356 4152 θιστὰς
396 4092 526 4145 αὐτὸ
559 4093 643 4156 εἰς
671 4092 730 4145 τό
754 4091 866 4162 (50)
891 4089 1028 4148 εἶναι
1059 4091 1204 4148 οἷκον
1232 4095 1326 4148 τοῦ
1371 4095 1607 4168 Πατρός,
1650 4099 1744 4152 καὶ

200 4179 367 4248 μηκέτι
395 4177 539 4234 οἷκον
568 4181 858 4254 ἐμπορίου,
888 4182 976 4235 ἵνα
1003 4183 1141 4253 μετὰ
1161 4183 1220 4238 τό
1243 4183 1515 4256 θεωρῆσαι
1547 4186 1740 4253 ταῦτα,

199 4268 271 4321 τὸν
309 4273 674 4344 ἐνεργήσαντα
713 4273 883 4328 ταῦτα
931 4275 1104 4342 Λόγον
1146 4275 1445 4345 δεξώμεθα.
1492 4273 1656 4346 Οἶμαι
1698 4277 1742 4330 δ’

199 4359 280 4422 ὅτι,
314 4363 382 4436 μὴ
412 4365 590 4418 πάντα
629 4364 697 4418 τὰ
739 4368 796 4419 ἐν
847 4365 1236 4437 Ἱεροσολύμοις
1291 4366 1575 4438 θεωρήσας
1607 4369 1743 4440 ἔργα

1847 539 2008 592 batur
2042 547 2100 590 ιιι
2143 535 2271 590 cmci
2315 534 2488 586 visum
2549 531 2872 598 reciperent,
2935 529 3082 584 surdi
3133 529 3412 593 audirent,

1844 629 2025 686 claudi
2059 625 2493 690 ambularent“,
2515 622 2765 678 Galilzees
2805 620 3054 682 fortasse,
3089 635 3210 674 cum
3241 620 3413 673 vidis-

1847 732 1970 779 sent
2002 721 2143 791 quod
2176 733 2452 788 nunquam
2486 717 2588 772 rati
2620 716 2872 782 fuissent,
2903 713 3187 784 perculsos
3215 713 3412 767 divini-

1847 822 1961 868 tate
1995 811 2149 879 Jesu,
2187 811 2362 880 ipsum
2405 809 2458 862 in
2507 807 2787 864 Galilaeam
2831 809 3210 860 adventantem
3257 819 3413 858 exce-

1845 907 2010 976 pisse,
2035 905 2292 958 nimirum
2326 917 2450 956 cum
2495 900 2675 956 omnia
2704 899 3106 967 vidissentque
3134 895 3410 964 Jerosoly-

1847 999 1949 1052 mis
1977 996 2212 1052 fecisset.
2259 994 2391 1060 Quae
2425 1007 2554 1048 sane
2587 991 2770 1046 omnia
2827 991 2943 1045 bzec
2973 989 3160 1055 fuere;
3195 1004 3327 1044 oves
3361 998 3416 1042 et

1845 1089 2032 1154 boves,
2071 1085 2278 1156 ﬂagello
2325 1101 2356 1140 e
2388 1083 2646 1138 funiculis
2679 1081 2845 1145 facto,
2894 1096 2925 1135 e
2969 1081 3168 1150 templo
3211 1080 3414 1149 eiectos

1845 1179 2041 1242 fuisse,
2102 1191 2320 1246 aeraque
2357 1174 2792 1244 argentariorum
2840 1170 3033 1236 effusa,
3094 1185 3416 1241 mensasque

1848 1273 2142 1327 subversas
2174 1285 2188 1321 :
2218 1269 2534 1335 dictumque
2577 1279 2700 1320 cum
2748 1272 3015 1334 potestate
3058 1261 3224 1316 fuisse
3275 1277 3411 1316 ven-

1847 1365 2102 1420 dentibus
2151 1359 2468 1416 columbas:
2506 1377 2525 1410 ι
2558 1357 2749 1412 Tollite
2779 1357 2880 1410 ista
2916 1355 3068 1418 hinc,
3109 1368 3209 1408 nec
3251 1352 3416 1408 facite

1847 1457 2066 1510 domum
2119 1451 2297 1506 Patris
2345 1450 2472 1514 mei,
2518 1449 2738 1502 domum
2804 1455 3095 1499 mercatus.
3129 1463 3148 1500 ι
3212 1443 3416 1513 Opinor

1845 1561 1975 1604 vero
2002 1561 2105 1600 non
2148 1544 2336 1600 istbaec
2370 1550 2579 1598 tantum
2609 1549 2735 1593 tunc
2758 1539 2826 1594 ab
2853 1539 2968 1608 ipso
2995 1538 3162 1604 facta,
3188 1538 3280 1591 scd
3310 1537 3414 1592 alia

1845 1639 2012 1696 etiam
2043 1637 2220 1704 signa,
2245 1649 2311 1689 eo
2351 1632 2494 1703 quod
2533 1631 2619 1685 his
2674 1629 2943 1685 inferatur
2973 1645 2985 1679 :
3024 1646 3044 1680 ι
3069 1627 3202 1684 Cum
3233 1637 3412 1682 autem

1846 1737 1993 1785 esset
2021 1725 2372 1797 Jerosolymis
2399 1726 2451 1779 in
2474 1724 2703 1790 Pascha,
2729 1721 2783 1776 in
2815 1720 2902 1776 die
2927 1720 3087 1783 festo.
3118 1719 3270 1774 multi
3297 1734 3416 1773 cre-

1848 1821 2102 1874 diderunt
2133 1817 2187 1872 in
2238 1816 2456 1870 nomine
2502 1815 2694 1885 ipsius,
2747 1813 3000 1868 videntes
3033 1811 3203 1880 ipsius
3253 1811 3408 1881 signa

1848 1925 1967 1980 qua:
2023 1909 2244 1963 fecisset
2271 1909 2354 1973 '7;
2391 1925 2408 1958 ι
2448 1916 2673 1976 propter
2718 1919 2840 1976 quae
2883 1903 3044 1960 etiam
3091 1901 3416 1958 Nicodemus

1849 2001 2069 2070 inquit:
2099 2019 2117 2052 ι
2149 1999 2430 2068 Magister,
2468 1998 2674 2052 scimus
2730 2005 2781 2052 te
2821 2012 2852 2050 a
2885 1998 2992 2052 Deo
3042 1997 3258 2050 venisse
3297 2008 3416 2047 ma-

1848 2090 2082 2158 gistrum
2115 2107 2130 2144 :
2157 2103 2315 2144 nemo
2345 2089 2490 2143 enim
2523 2097 2698 2158 potest
2725 2087 2842 2144 htec
2891 2087 3044 2157 signa
3080 2087 3264 2142 facere
3295 2101 3418 2156 qua:

1851 2191 1903 2236 tu
1933 2180 2088 2246 facis,
2130 2179 2232 2235 nisi
2260 2180 2422 2234 fuerit
2450 2179 2591 2234 Deus
2625 2194 2748 2234 cum
2781 2193 2848 2234 eo
2874 2179 2938 2231 ⁸⁸.
2968 2196 2985 2229 ι
3027 2176 3414 2232 Verumtamen

1849 2271 2043 2328 licebat
2077 2272 2150 2338 ei,
2185 2271 2274 2342 qui
2323 2271 2579 2326 Galilmus
2631 2279 2769 2335 erat,
2810 2269 2957 2324 diem
2989 2267 3182 2322 festum
3230 2279 3410 2335 agere,

1848 2378 1970 2420 cum
1997 2362 2190 2418 fuisset
2235 2360 2609 2434 Jerosolymis,
2636 2360 2726 2416 ubi
2773 2358 3033 2428 templum
3066 2365 3185 2411 erat
3210 2356 3327 2419 Dei,
3361 2363 3416 2408 ct

1846 2453 2034 2508 videre
2059 2452 2240 2508 omnia
2273 2467 2392 2522 quae
2439 2451 2551 2507 illic
2600 2449 2790 2506 fecerit
2815 2449 2974 2504 Jesus
3008 2466 3021 2502 :
3051 2462 3114 2502 ac
3148 2445 3415 2516 praecipue

1848 2555 2082 2608 quonam
2115 2547 2275 2610 pacto
2297 2539 2506 2610 flagello
2531 2553 2563 2596 e
2597 2537 2856 2594 funiculis
2880 2553 2910 2592 ιι
2945 2551 3003 2592 se
3033 2537 3196 2602 facto,
3222 2548 3415 2588 omnes

1846 2631 2031 2702 ejiciat
2053 2631 2145 2701 qui
2177 2631 2364 2696 boves,
2383 2647 2512 2688 oves
2540 2639 2594 2686 et
2625 2631 2906 2687 columbas
2936 2631 3208 2692 vendant;
3245 2625 3416 2694 ipsas-

1845 2738 1952 2794 que
1990 2739 2142 2789 oves,
2193 2733 2249 2778 et
2298 2724 2484 2785 boves.
2540 2733 2596 2779 et
2645 2731 2864 2778 extera.
2912 2720 3206 2775 Festivitas
3265 2720 3411 2774 enim

1847 2830 1967 2894 qua:
2009 2813 2360 2882 Jerosolymis
2411 2813 2698 2882 agebatur,
2751 2809 2965 2864 initium
3029 2805 3264 2863 Galilmis
3315 2803 3415 2857 fuit

1847 2905 1912 2960 ad
1961 2905 2342 2974 excipiendum
2394 2902 2590 2957 Filium
2627 2902 2721 2957 Dei
2755 2901 3060 2955 venientem
3111 2899 3178 2951 ad
3228 2897 3403 2964 ipsos;

1845 2997 2109 3067 alioquin,
2150 2997 2255 3052 nisi
2301 2996 2562 3050 vidissent
2615 3009 2738 3065 qua:
2792 2991 3004 3047 fecisset
3034 2990 3085 3044 in
3116 2989 3202 3044 die
3252 2987 3414 3048 festo,

1845 3104 1953 3142 non
2012 3087 2286 3158 recepturi
2343 3093 2499 3142 erant
2549 3086 2766 3154 ipsum;
2797 3081 2892 3138 sed
2949 3096 3016 3135 ne
3051 3080 3165 3150 ipse
3196 3078 3412 3146 quidem

1849 3183 1987 3239 adeo
2016 3183 2256 3239 studiose
2287 3182 2352 3235 ad
2382 3195 2474 3237 eos
2507 3179 2848 3241 accessisset,
2870 3175 2974 3231 nisi
3009 3181 3164 3228 antea
3201 3186 3412 3243 prcha-

1846 3275 1947 3330 rati
1980 3275 2205 3330 fuissent
2234 3275 2300 3327 ad
2327 3288 2448 3328 eum
2475 3272 2616 3326 bono
2647 3269 2829 3324 animo
2855 3267 3252 3336 excipiendum,
3285 3277 3405 3316 cum

1846 3365 2178 3435 relinqueret
2233 3378 2325 3418 eos
2379 3376 2542 3430 penes
2614 3375 2749 3429 quos
2819 3357 3109 3427 rogabatur
3164 3366 3401 3408 manere.

1844 3458 2002 3528 271
2037 3455 2299 3526 Equidem
2333 3455 2422 3524 qui
2450 3451 2632 3507 Jesum
2661 3448 2995 3518 exceperint,
3047 3446 3206 3501 iidem
3241 3445 3402 3500 etiam

1845 3549 2155 3617 receperint
2182 3561 2305 3601 eum
2353 3545 2442 3612 qui
2489 3544 2664 3614 ipsum
2709 3541 2888 3606 misit;
2926 3538 3098 3609 inquit
3133 3536 3276 3591 enim
3305 3535 3350 3566 "
3387 3551 3402 3588 :

1849 3662 1866 3696 ι
1897 3642 1996 3710 Qui
2031 3657 2117 3696 me
2148 3639 2360 3708 recipit,
2397 3637 2590 3707 recipit
2622 3649 2744 3700 eum
2775 3632 2866 3703 qui
2897 3645 2981 3686 me
2999 3629 3162 3684 misit.
3203 3646 3222 3679 ι
3247 3625 3407 3682 Priu-

1844 3735 1988 3803 cipio
2025 3733 2188 3803 igitur
2243 3729 2530 3784 videndum
2577 3734 2680 3790 est,
2713 3724 2817 3780 hoc
2865 3733 2948 3778 est
2999 3718 3410 3789 intelligendum

1843 3839 2005 3896 opera
2040 3823 2218 3878 omnia
2250 3835 2368 3891 qua:
2410 3815 2764 3886 Jerosolymis
2803 3811 2992 3869 fecerit
3023 3809 3182 3865 Jesus
3206 3848 3222 3872 ,
3270 3807 3408 3876 q'uo-

1845 3933 1967 3973 nam
2008 3923 2165 3986 pacto
2193 3921 2455 3983 expurgat
2492 3909 2769 3978 templum,
2816 3906 2946 3961 illud
2991 3904 3305 3966 restituens,
3352 3908 3408 3953 ut

1843 4011 1914 4064 sit
1945 4009 2136 4064 domus
2166 4005 2364 4068 Patris,
2397 4017 2494 4058 nec
2529 3999 2760 4072 amplius
2787 3999 2984 4053 domus
3011 4002 3318 4058 mercatus;
3353 3999 3409 4045 ut

1843 4111 2127 4172 postquam
2169 4100 2286 4155 haec
2319 4097 2883 4161 consideraverimus,
2939 4095 3282 4153 Sermonem.
3319 4086 3408 4158 qui

1847 4194 1960 4247 h:ec
1989 4200 2246 4261 operatus
2272 4190 2362 4256 sit,
2408 4188 2759 4258 recipiamus.
2791 4185 3056 4240 Futurum
3098 4195 3279 4237 autem
3329 4196 3409 4234 ar-

1845 4282 2038 4346 bitror,
2069 4290 2126 4335 ut
2159 4281 2251 4350 qui
2287 4296 2390 4334 non
2415 4281 2612 4334 viderit
2642 4293 2805 4349 opera
2837 4275 3020 4332 omnia
3051 4290 3168 4344 qua:
3191 4271 3406 4327 Jeroso-

1845 4375 2006 4447 lymis
2050 4385 2305 4445 operatus
2340 4372 2620 4436 sitJesus,
2673 4387 2778 4426 non
2821 4369 3078 4437 suscipiat
3129 4381 3276 4428 cum,
3326 4361 3408 4415 vel

200 4449 276 4501 τοῦ
307 4453 494 4522 Ἰησοῦ,
523 4456 588 4508 οὐ
621 4455 829 4522 δέξεται
862 4455 952 4508 τόν
996 4456 1222 4526 Ἰησοῦν,
1250 4457 1284 4528 ἢ
1313 4458 1434 4511 ούδέ
1464 4458 1736 4530 ἐπιδημή-

1848 4482 2021 4536 neque
2050 4467 2275 4522 accedat
2306 4464 2486 4531 Jesus,
2515 4479 2580 4518 eo
2614 4462 2873 4524 adventu,
2907 4459 3058 4526 cujus
3111 4457 3196 4511 hic
3228 4462 3313 4510 est
3349 4453 3409 4507 li-

202 4554 266 4591 σει
286 4542 394 4612 τὴν,
421 4541 486 4618 ἧς
513 4546 780 4617 σύμϐολον
807 4547 1119 4618 ἐπιδημίας,
1161 4548 1451 4619 ἐπιδημίαν
1476 4549 1584 4619 (51)
1611 4549 1740 4603 ταύο

201 4646 281 4700 την
301 4637 402 4698 τοῖς
428 4637 500 4708 μὴ
527 4638 794 4710 πρότερον
839 4638 1232 4708 ἀναϐεϐηκόσιν
1275 4641 1354 4703 είς
1380 4641 1478 4712 τὴν
1526 4641 1736 4712 ἑορτὴν,

202 4722 276 4862 ἰαὶ
300 4725 366 4797 μὴ
385 4728 558 4781 πάντα
585 4729 936 4800 τεθεαμένοις
966 4731 1065 4783 ὅσα
1095 4730 1268 4782 ἐποίει
1299 4732 1356 4784 ἐν
1378 4734 1490 4795 τοῖς
1521 4734 1740 4804 Ἰεροσο-

228 4832 377 4862 υιιοιε-

228 4832 378 4884 υμοις.

204 4993 216 5006 .
369 4929 386 4959 ι
434 4907 633 4965 Ἦλθεν
673 4909 768 4966 οὖν
803 4913 964 4966 πάλιν
1006 4916 1088 4978 εἰς
1120 4915 1218 4984 τὴν
1259 4916 1413 4968 Κανᾶ
1452 4915 1551 4985 τῆς
1580 4915 1739 4968 Γαλι-

205 4997 352 5061 λαίας,
377 5001 506 5055 ὅπου
540 5004 760 5074 ἐποίησε
789 5005 847 5056 τὸ
877 5005 1020 5076 ὕδωρ
1050 5002 1212 5058 οἶνον.
1247 5024 1263 5057 ι
1307 5006 1446 5058 Ὅσα
1471 5007 1743 5076 ἐχωρήσα-

210 5101 288 5154 μεν
311 5094 425 5160 περὶ
453 5095 549 5164 τῆς
579 5097 753 5159 Κανᾶ,
778 5098 834 5149 ἐν
859 5099 970 5160 τοῖς
1001 5097 1259 5168 ἀνωτέρω
1281 5096 1526 5166 εἴπομεν.
1559 5096 1662 5149 Δύο
1684 5097 1740 5149 δὲ

209 5177 256 5228 οὐ
291 5181 448 5254 μάτην
496 5190 554 5239 ἐν
603 5189 758 5260 Κανᾷ
799 5189 1081 5259 ἐπιδημίαι
1113 5191 1192 5261 τῷ
1249 5189 1421 5261 Ἰησοῦ
1462 5190 1732 5258 γίνονται·

1847 4575 2010 4630 gura,
2052 4559 2118 4613 ad
2162 4573 2257 4613 eos
2293 4557 2386 4627 qui
2423 4564 2580 4611 antea
2627 4569 2734 4610 non
2767 4550 3114 4608 ascenderint
3157 4551 3224 4602 ad
3268 4547 3408 4601 diem

1847 4653 2066 4716 festum,
2113 4665 2212 4706 nec
2258 4647 2606 4718 contemplati
2641 4646 2840 4702 fuerint
2892 4642 3074 4698 omnia
3107 4655 3226 4712 quae
3258 4638 3408 4697 Jcro-

1847 4741 1962 4811 soly
1975 4740 2075 4794 mis
2105 4740 2317 4793 fecerit.
2523 4775 2565 4808 α.

1913 4916 2001 4973 56.
2038 4935 2056 4966 ι
2098 4916 2253 4970 Venit
2299 4930 2428 4985 ergo
2459 4927 2648 4968 rursus
2675 4911 2874 4967 Canam
2915 4906 3175 4971 Galilmm,
3208 4904 3296 4960 ubi
3327 4902 3409 4958 fe-t

1841 5018 1994 5062 cerat
2037 5023 2101 5062 ex
2129 5022 2268 5076 aqua
2304 5006 2486 5059 viuum
2523 5004 2590 5056 "°.
2629 5021 2646 5054 ι
2683 5001 3029 5068 Quaecunque
3069 4994 3410 5067 percepimus

1839 5100 1906 5151 de
1939 5098 2160 5152 civitate
2202 5096 2373 5158 Caua,
2409 5095 2659 5166 superius
2699 5092 2970 5155 diximus;
3003 5089 3096 5144 sed
3133 5103 3241 5142 non
3290 5086 3406 5140 fru-

1841 5199 1954 5244 stra
1991 5190 2072 5244 bis
2101 5188 2257 5246 Jesus
2283 5189 2485 5244 Canam
2512 5185 2892 5258 proficiscitur.
2933 5182 3165 5237 Proinde
3198 5179 3317 5235 vide
3343 5193 3411 5234 ne

243 5311 278 5344 “
309 5311 479 5370 Manu.
510 5336 577 5384 τι,
611 5321 676 5384 5;
713 5322 842 5375 Luc.
877 5338 972 5385 vn,
1004 5323 1094 5376 22.
1171 5323 1211 5352 ⁵⁷
1245 5320 1399 5374 Joan.
1439 5335 1495 5384 ιι,
1529 5318 1618 5372 25.
1696 5315 1742 5348 ⁸⁸

1847 5331 1922 5370 ιιι.
1957 5330 2040 5378 ιιι,
2069 5315 2125 5369 2.
2199 5314 2243 5344 ³⁸
2275 5311 2405 5366 Luc.
2435 5325 2507 5373 ιιι,
2533 5308 2620 5364 48.
2696 5307 2744 5339 ⁷ο
2774 5305 2930 5361 Joan.
2963 5320 3036 5371 tv,
3075 5306 3166 5364 46.

261 5411 356 5490 (ᾆἹ)
384 5417 457 5490 τά
481 5435 544 5490 τε
565 5423 826 5490 πρόϐατα
849 5463 862 5485 ,
911 5421 1052 5488 τοὺς
1086 5423 1265 5488 βόας,
1297 5421 1394 5476 καί
1437 5421 1578 5487 τῶν,
1619 5433 1724 5481 etc.

211 5474 352 5570 (ἔρύεὶ
377 5474 716 5570 ,Βοιηιοίηίριθ
746 5474 892 5570 βόας,
919 5474 1324 5570 ἆέίτὲρδϐἆέα,
1339 5474 1453 5546 καὶ.

215 5546 479 5632 Ράςελτὰᾃτε
510 5546 772 5632 πρόϐατά,
807 5546 900 5616 καί
929 5563 1058 5624 τῶν,
1090 5546 1199 5619 etc.

269 5621 358 5704 (ιβ)
384 5621 622 5696 Τούτοις.
655 5621 910 5686 Siccodd.
944 5621 1332 5688 Bndlciauusct
1367 5634 1720 5696 Barberinus;

221 5681 382 5757 ηιτιίιιε
410 5681 678 5767 perperam
711 5704 870 5758 habet
897 5703 1120 5766 ἐκεῖνος.

1911 5426 2023 5498 (49)
2051 5426 2160 5480 Kal
2201 5427 2481 5498 πρόϐατα.
2507 5425 2670 5479 Deest
2690 5425 2742 5498 in
2769 5424 2955 5498 codice
2983 5423 3175 5498 Begio.
3213 5477 3218 5482 .

1908 5494 2020 5568 (50)
2051 5501 2150 5562 Εἰς
2179 5497 2266 5568 τό.
2302 5495 2650 5568 Desideratur
2688 5495 2740 5568 in
2768 5494 2958 5568 codice
2983 5494 3294 5568 Bodleiano:

1836 5639 1848 5692 ι
1889 5562 2018 5649 ,(51)
2074 5565 2441 5634 Ἐπιδημιάν.
2491 5565 2648 5620 Deest
2699 5565 2752 5620 in
2799 5565 2988 5620 eodem
3027 5565 3211 5622 codice
3265 5562 3398 5618 Bod-

1855 5655 2027 5691 (BIBIIO.
