3948 6206
216 366 331 419 509

1288 365 1650 425 (ΣΟΜΜΕΝΤ.
1691 365 1758 422 IN
1799 365 1813 419 l

1895 363 1992 417 ΚΝ.
2036 359 2273 416 ἸὈΜὶΣδ
2310 358 2450 416 Xlll.
3372 360 3473 412 HO

213 475 556 546 τυγχάνουσι
576 475 677 546 τῆς
709 474 982 545 βασιλείας
1017 474 1202 540 αὐτοῦ,
1235 469 1310 530 ὧν
1336 478 1433 532 ἕνα
1470 481 1589 531 τινὰ
1615 475 1808 548 ζητοῦ-

1911 476 2036 529 dam
2070 477 2390 546 qumrimus,
2426 485 2480 528 et
2507 475 2680 543 ipsius
2711 473 2903 538 ﬁlium,
2943 477 3034 544 qui
3081 473 3386 543 .egmtaiit,
3426 489 3480 526 ‹-ι

216 584 347 636 μεν,
381 567 475 620 καὶ
506 568 596 622 τὸν
621 567 994 639 ἀσθενήσαντα
1021 568 1134 620 υἱὸν
1167 568 1353 634 αὑτοῦ,
1391 571 1484 624 καὶ
1516 571 1583 624 τὰ
1612 569 1800 622 τούτου

211 658 513 711 ἀκόλουθα.
572 658 856 729 Ἐλέγομεν
882 658 938 711 δὲ
977 659 1034 712 ἐν
1063 661 1175 724 τοῖς
1207 661 1469 732 ἀνωτέρω
1504 662 1596 714 τὸν
1623 661 1801 714 πάντα

211 747 350 800 λαὸν
381 749 494 801 υἱὸν
516 746 655 802 εἶναι.
681 749 774 802 τοῦ
809 748 1079 821 Ἀϐραὰμ,
1106 751 1182 815 ὡς
1212 755 1307 806 καί
1325 754 1479 808 αὐτοὶ
1514 753 1806 824 αύχοῦντές

211 855 386 907 φασι·
429 858 450 891 ‹
487 839 714 911 Σπέρμα
763 840 1013 912 ’Λεραάμ
1056 843 1243 913 ἐσμεν,
1273 844 1370 896 καὶ
1411 843 1584 897 οὐδενὶ
1625 845 1804 898 δεδου-

209 929 497 1002 λεύκαμεν
530 931 782 984 πώποτ-ε’
815 949 838 983 ι
866 930 958 985 καί
977 949 991 962 ο
1027 951 1049 983 ~t
1071 933 1170 1006 Μὴ
1193 935 1257 988 σὺ
1291 933 1490 1006 μείζων
1513 931 1674 988 εἰτοῦ
1697 953 1803 990 πα-

209 1020 352 1091 τρὸς
405 1021 559 1092 ήμῶν
617 1018 906 1093 Ἀϐραὰμ,
937 1023 1100 1087 ϐστις
1149 1025 1453 1092 ἀπέθανεν;
1515 1045 1534 1078 ι
1591 1027 1678 1090 Ὠς
1715 1028 1801 1079 ἐπ’

210 1113 379 1184 αὐτῷ
403 1113 518 1186 γὰρ
547 1114 901 1186 καυχωμένου
939 1113 1035 1168 τοῦ
1067 1116 1194 1170 λαοῦ
1228 1117 1380 1190 παρά
1403 1120 1530 1182 τοὺς
1561 1119 1800 1182 λοιποὺς,

213 1209 315 1260 καὶ
353 1209 470 1279 μετ’
509 1211 672 1264 αὐτὸν
721 1210 981 1280 πατέρας,
1029 1212 1161 1282 φησι
1195 1213 1288 1266 καὶ
1329 1216 1356 1268 6
1391 1213 1612 1284 Σωτήρ
1657 1233 1675 1264 ι
1711 1211 1803 1282 Μὴ

211 1300 462 1372 ἄρξησθε
492 1301 694 1370 λέγειν,
727 1304 811 1356 ὅτι
853 1303 1065 1374 πατέρα
1100 1303 1297 1375 ἔχομεν
1325 1305 1416 1358 τὸν
1462 1304 1737 1377 Ἀϐραὰμ,
1779 1323 1798 1355 ι

212 1393 276 1462 ἦ,
316 1390 444 1465 «Mli
473 1393 660 1465 δόξητε
689 1393 886 1462 λέγειν,
923 1395 1137 1466 πατέρα
1161 1395 1358 1466 ἔχομεν
1395 1396 1488 1448 τὸν
1522 1395 1802 1466 Ἁϐραάμ·

200 1485 435 1542 δύναται
508 1485 617 1557 γὰρ
665 1485 777 1556 (59)
837 1489 866 1540 6
913 1486 1048 1552 Θεὸς
1088 1489 1153 1542 ὲκ
1209 1486 1320 1540 τῶν
1381 1485 1544 1540 λίθων
1602 1487 1806 1540 τούτοιν

209 1577 432 1644 ἐγεῖραι
463 1575 630 1629 τέκνα
661 1577 739 1648 τῷ
792 1578 1065 1650 Ἀϐραάμ.
1107 1597 1125 1630 ι
1181 1577 1344 1630 Ἀλλά
1373 1579 1474 1632 καὶ
1510 1579 1539 1631 ὀ
1581 1579 1806 1642 Ἡσαΐας

211 1666 364 1736 πρὸς
397 1666 490 1720 τὸν
526 1667 653 1721 λαόν
700 1685 893 1740 φησιν’
952 1689 971 1720 ι
1041 1669 1378 1740 Ἐμϐλέψατε
1421 1670 1499 1732 είς
1555 1668 1805 1739 Ἀϐραὰμ

206 1754 310 1807 τὸν
336 1756 548 1828 πατέρα
577 1757 733 1828 ὑμῶν
755 1758 894 1828 (60),
922 1758 1016 1811 καὶ
1037 1759 1116 1822 είς
1145 1758 1358 1828 Σάρραν
1381 1757 1478 1828 τὴν
1508 1757 1802 1811 ὠδίνουσαν

206 1847 367 1917 ὑμᾶς
395 1847 532 1920 (6|).
567 1869 586 1902 ι
614 1849 726 1903 Καὶ
758 1851 812 1904 τί
837 1851 919 1904 δεῖ
935 1849 1021 1904 διὰ
1037 1849 1500 1921 παραδειγμάτων
1533 1849 1796 1921 μηκύνειν

201 1939 309 1992 τὸν
335 1937 525 2008 λόγον,
561 1939 768 2010 σαφοῦς
805 1941 976 2005 ὄντος,
1013 1941 1094 1994 ὅτι
1128 1940 1287 2004 αὐτὸς
1327 1942 1542 2013 πρῶτος
1579 1959 1796 2014 χρημα-

200 2029 356 2094 τίζει
396 2030 580 2102 πατὴρ
607 2032 701 2084 τοῦ
731 2031 881 2095 λαοῦ,
911 2032 990 2086 διὸ
1023 2033 1116 2086 καὶ
1150 2031 1442 2102 ἐξαιρέτως
1469 2033 1797 2104 ὀνομάζεται

202 2123 440 2195 πατήρ;
483 2123 842 2193 ’Υπονοοῦμεν
871 2123 1046 2196 τοίνυν
1071 2122 1301 2194 τὸνμὲν
1327 2124 1627 2195 βασιλικὸν
1661 2122 1798 2180 εἶναι

199 2210 311 2264 τὸν
344 2211 612 2284 Ἀϐραὰμ,
647 2214 738 2268 τὸν
771 2213 827 2266 δὲ
849 2214 1228 2285 ἀσθενήσαντα
1259 2215 1422 2270 αὑτοῦ
1453 2216 1566 2270 υίὸν
1585 2215 1650 2270 ἓν
1679 2218 1797 2270 Κά-

204 2303 526 2372 φαρναοὺμ,
563 2305 658 2357 καὶ
697 2301 959 2374 μέλλοντα
989 2305 1378 2378 ἀποθνήσκειν,
1421 2307 1484 2361 τὸ
1531 2308 1798 2380 Ἰσραηλι-

201 2393 365 2446 τικδν
388 2393 562 2462 γένος,
599 2395 904 2467 ἀσθενῆσαν
944 2399 1002 2450 ὲν
1040 2401 1107 2469 τῇ
1149 2397 1429 2472 θεοσεϐείᾳ
1464 2399 1560 2453 καὶ
1589 2401 1656 2471 τῇ
1699 2417 1798 2471 τη-

209 2490 374 2561 ρήσει
412 2491 522 2544 τῶν
563 2493 724 2546 θείων
756 2495 956 2566 νόμων,
990 2496 1084 2550 καὶ⁵
1123 2498 1262 2567 πρὸς
1303 2499 1364 2551 τὸ
1397 2500 1688 2553 ἀποθανεῖν
1718 2500 1796 2572 τῷ

199 2581 336 2652 θεῷ
363 2584 649 2653 ,γινόμενον
671 2585 780 2637 τῶν
817 2587 1227 2658 πεπυρωμένων
1272 2588 1440 2659 βελῶν
1469 2591 1562 2643 τοῦ
1599 2591 1794 2663 ἐχθροῦ

207 2676 630 2746 πεπυρωμένον,
678 2679 772 2732 καί
813 2678 903 2731 διὰ
938 2679 1097 2732 τοῦτο
1139 2683 1431 2752 πυρέσσειν
1482 2683 1790 2755 λεγόμενον.

203 2766 466 2820 Φαίνεται
518 2769 574 2822 δὲ
623 2769 837 2839 μέλλειν
885 2771 995 2841 (62)
1038 2774 1150 2834 τοῖς
1200 2774 1650 2846 προεξεληλυθόσι
1703 2775 1794 2830 τὸν

209 2856 330 2925 βίον
357 2856 547 2911 τοῦτον
585 2860 765 2926 ἁγίοις
805 2862 932 2932 περὶ
969 2860 1065 2914 τοῦ
1105 2861 1258 2930 λαοῦ,
1293 2863 1369 2928 ὡς
1411 2867 1467 2919 ὲν
1498 2869 1609 2930 τοῖς
1637 2868 1795 2921 Μακ-

207 2947 501 3012 καϐαἳκοίς
550 2951 862 3022 γέγραπται
917 2951 1058 3022 μετά
1107 2953 1336 3008 πλεῖστα
1390 2956 1490 3010 ὅσα
1549 2957 1647 3029 ἔτη
1693 2957 1794 3029 τῆς

217 3041 486 3113 Ἰερεμίου
510 3043 855 3115 ἀναλήψεως·
891 3063 910 3095 t
952 3038 1120 3110 Οὗτός
1151 3048 1296 3100 ἐστιν
1335 3048 1602 3120 Ἱερεμίας
1641 3051 1670 3102 6
1697 3050 1791 3105 τοῦ

205 3132 349 3186 Θεοῦ
377 3133 686 3234 προὶρήτης,
718 3135 747 3186 6
777 3133 947 3186 πολλά
975 3135 1267 3206 εὐχόμενος
1297 3138 1424 3209 περὶ
1455 3137 1548 3191 τοῦ
1581 3139 1728 3194 λαοῦ.
1767 3160 1786 3192 ι
1813 3172 1865 3234 c

208 3225 356 3295 Ὅρα
414 3223 590 3276 τοίνυν
641 3225 689 3276 εί
748 3224 970 3279 δυνατόν
1003 3227 1372 3298 ἐκλαμϐάνειν
1441 3232 1607 3302 ἡμᾶς,
1647 3233 1729 3286 ὅτι
1762 3235 1792 3288 6

220 3313 478 3384 Ἀϐραάμ
529 3313 803 3383 βασιλικός
853 3333 944 3380 ’τις
995 3315 1070 3369 ῶν
1127 3321 1455 3389 νοσήσαντος
1497 3321 1647 3392 αὐτῷ
1694 3322 1789 3376 τοῦ

205 3403 354 3466 υἱοῦ,
387 3404 748 3474 ἀποθνήσκειν
795 3405 1097 3476 μέλλοντος,
1133 3407 1276 3473 ἀξιοῖ
1313 3409 1644 3482 βοηθηθῆναι
1686 3413 1791 3466 ὑπὸ

203 3493 304 3546 τοῦ
347 3493 595 3564 Σωτῆρος
635 3493 792 3564 ήμῶν
834 3494 924 3546 τὸν
964 3495 1239 3565 κάμνοντα
1263 3537 1277 3560 ,
1322 3499 1607 3570 γενόμενος
1654 3500 1790 3572 πρὸς

204 3585 394 3650 αὑτὸν,
426 3585 522 3637 καὶ
553 3583 773 3654 ἐρωτῶν
818 3585 905 3638 ἵνα
945 3588 1179 3657 καταϐῇ,
1225 3589 1318 3642 καὶ
1361 3590 1578 3661 ἰάσηται
1619 3589 1788 3644 αὑτοῦ

202 3677 298 3730 τὸν
327 3678 438 3730 υἱόν
458 3695 472 3706 ο
501 3675 692 3746 ἔμελλε
717 3677 825 3748 γὰρ
859 3678 1242 3748 ἀποθνήσκειν.

279 3769 367 3825 58.
403 3769 476 3821 T6
490 3767 566 3821 δέ·
597 3787 614 3818 ι
651 3768 776 3821 Ἐὰν
806 3769 880 3840 μὴ
898 3772 1097 3840 σημεῖα
1124 3771 1214 3824 καὶ
1239 3772 1440 3844 τέρατα
1465 3771 1630 3842 ἴδητε,
1661 3791 1681 3824 ι
1709 3773 1790 3828 λε-

206 3861 437 3932 ¹ξόμιενον
462 3860 598 3930 πρὸς
624 3859 805 3923 αὑτὸν,
833 3860 928 3930 τὴν
952 3861 1228 3930 ἀναφορὰν
1253 3860 1366 3930 ἔχει
1387 3863 1478 3915 ἐπὶ
1506 3865 1566 3916 τὸ
1588 3865 1788 3936 πλῆθος

208 3953 316 4006 τῶν
339 3951 467 4004 υἱῶν
484 3950 670 4014 αὑτοῦ,
695 3951 836 4020 τάχα
855 3951 912 4004 δὲ
939 3951 1032 4003 καὶ
1050 3953 1134 4003 ἐπ’
1157 3951 1336 4004 αὐτόν.
1367 3952 1454 4016 Ὠς
1473 3953 1580 4026 γὰρ
1617 3956 1790 4010 Ἰωάν-

209 4062 327 4115 νης.
346 4043 654 4115 προσδοκῶν
682 4043 779 4113 τὴν
803 4041 1042 4113 Χριστοῦ
1079 4043 1233 4114 ὲπιδη
1245 4043 1393 4113 μίαν,
1421 4045 1708 4116 περιέμενε
1729 4047 1790 4100 τὸ

209 4135 359 4188 δοθὲν
386 4136 626 4206 σημεῖον,
661 4135 745 4185 ἵνα
772 4133 838 4185 δι’
857 4131 1021 4186 αὑτοῦ
1055 4132 1165 4203 γνῷ
1179 4132 1267 4187 τὸν
1291 4137 1785 4208 προφητευόμενονο

209 4225 270 4278 τὸ
289 4225 341 4279 δὲ
364 4228 583 4295 σημεῖον
601 4221 687 4296 ἦν’
711 4242 730 4276 ι
755 4225 867 4292 Ἐφ’
886 4223 944 4277 ὃν
978 4224 1042 4276 ἂν
1066 4224 1180 4295 ἴδῃς
1197 4226 1265 4277 ’τὸ
1283 4225 1504 4297 Πνεῦμα
1533 4229 1788 4282 καταϐαῖ-

213 4335 320 4379 νον,
364 4317 458 4369 καὶ
512 4316 672 4386 μένον
725 4317 810 4367 ἐπ’
859 4314 1041 4379 αὑτὸν,
1089 4309 1246 4378 οὗτός
1281 4317 1428 4370 ἐστιν
1460 4321 1488 4371 6
1521 4318 1649 4383 Υίὸς
1691 4318 1785 4373 τοῦ

212 4408 344 4462 Θεοῦ
363 4426 376 4438 ο
412 4428 430 4460 t
469 4407 639 4471 οὕτως
667 4408 760 4459 καὶ
785 4407 836 4458 οἱ
864 4410 1358 4480 προκεκοιμημένοι
1386 4410 1530 4478 ἅγιοι
1561 4411 1787 4482 προσδο-

1905 577 2100 621 cmtera
2133 581 2260 636 quae
2293 567 2362 620 de
2388 568 2489 621 hoc
2521 567 2860 620 scribuntur.
2918 565 3164 619 Diximus
3213 575 3390 617 autem
3429 563 3476 614 in

1903 661 2283 730 superioribus
2334 674 2557 714 otnnem
2591 657 2845 727 populum
2877 656 3048 712 ﬁlium
3076 672 3194 712 esse
3223 655 3472 718 Abrahm,

1909 754 2359 822 quemadmodum
2387 752 2550 804 etiam
2582 749 2680 817 ipsi
2712 749 3009 816 gloriantes
3029 749 3266 802 fatentur
3285 766 3302 802 z
3323 766 3344 798 ι
3373 749 3478 802 Nos

1904 861 2093 901 semen
2137 847 2368 900 Ahraha:
2407 858 2622 903 sumus.
2661 852 2717 896 et
2775 842 2982 897 nemini
3011 842 3332 896 serrivintus
3374 859 3477 896 un-

1901 939 2166 1008 quam";
2195 956 2217 989 ι
2251 946 2307 992 et
2333 937 2461 992 illud
2492 953 2547 989 τι
2575 935 2714 990 Num
2735 945 2793 989 t-u
2829 932 3006 1001 major
3030 951 3088 990 es
3107 945 3268 1004 patre
3295 945 3479 989 nostro

1903 1028 2203 1090 Abraham,
2251 1027 2348 1095 qui
2406 1037 2652 1080 mortuus
2703 1037 2788 1078 est
2809 1024 2902 1078 ὀἳ
2967 1043 2987 1077 ι
3051 1025 3285 1080 Peri-nde
3333 1026 3476 1080 enim

1911 1121 2065 1189 quasi
2123 1117 2349 1189 populus
2384 1117 2718 1186 gloriaretur
2773 1117 2824 1172 in
2855 1117 2973 1186 ipso
3009 1117 3180 1186 magis
3227 1132 3392 1185 quam
3423 1118 3476 1172 in

1908 1213 2120 1268 caeteris
2175 1212 2440 1280 patribus,
2480 1211 2657 1280 iisque
2711 1210 2806 1281 qui
2861 1219 2985 1278 post
3029 1210 3203 1279 ipsum
3236 1210 3480 1263 exstitis-

1905 1313 2047 1368 sent,
2075 1305 2258 1372 inquit
2287 1303 2450 1358 etiam
2484 1302 2745 1356 Servatur
2777 1319 2790 1354 :
2830 1319 2849 1353 ι
2897 1302 2975 1356 Ne
3017 1301 3297 1370 caaperitis
3325 1300 3479 1354 dice-

1909 1413 1965 1451 re
1993 1414 2011 1450 :
2058 1396 2274 1450 Patrem
2301 1395 2572 1451 habemus
2617 1395 2935 1459 Abraham;
2973 1413 2993 1446 ι
3021 1393 3122 1456 νει,
3163 1411 3181 1444 ι
3224 1391 3300 1448 Ne
3329 1394 3480 1463 cogi-

1908 1489 2032 1544 tetis
2059 1489 2282 1543 dicere:
2317 1487 2537 1542 Patrem
2571 1487 2832 1542 habemus
2870 1486 3184 1548 Abraham;
3214 1499 3338 1538 nam
3383 1501 3480 1553 pn-

1907 1589 2010 1635 test
2029 1580 2170 1634 Deus
2189 1580 2257 1633 de
2278 1577 2552 1648 lapidibus
2577 1578 2662 1632 his
2677 1576 2878 1631 suscita
2889 1576 3103 1640 reﬁlius
3121 1575 3350 1629 Abraha:
3372 1578 3470 1630 ἰ.»

1903 1666 2042 1732 Quin
2077 1665 2250 1719 Isaias
2279 1678 2500 1732 quoque
2530 1665 2596 1718 ad
2623 1665 2885 1733 papulum
2919 1663 3095 1733 inquit
3122 1679 3132 1712 :
3175 1682 3193 1713 ι
3222 1663 3476 1733 Inspicite

1904 1757 1955 1810 in
1992 1756 2263 1810 Abraham
2293 1763 2505 1826 patrem
2545 1767 2809 1820 vesnum,
2859 1765 2914 1809 et
2964 1754 3017 1807 in
3064 1753 3309 1819 Sarram,
3356 1771 3476 1823 qua:

1900 1863 1998 1903 vos
2028 1849 2310 1918 peperit".
2333 1868 2351 1900 ι
2376 1847 2442 1902 Et
2465 1847 2593 1917 quid
2626 1861 2762 1916 Opus
2782 1855 2866 1900 est
2889 1845 3149 1916 exemplis
3170 1861 3472 1900 sermonem

1901 1939 2218 2008 producere,
2249 1938 2593 1994 manifestum
2631 1953 2753 1992 cum
2797 1937 2868 1993 sit
2889 1939 3031 2007 quod
3059 1939 3178 2007 ipse
3202 1939 3474 1992 Abraham

1903 2028 1978 2083 sit
2029 2026 2243 2097 primus
2264 2036 2431 2096 pater
2461 2027 2666 2097 populi.
2696 2035 2920 2097 propter
2953 2029 3095 2096 quod
3125 2027 3476 2096 singulariter

1904 2118 2072 2172 etiam
2103 2119 2416 2173 nominatur
2435 2119 2629 2188 pater?
2653 2119 3005 2188 Suspicamnr
3038 2118 3203 2188 igitur
3230 2119 3472 2186 regulum

1903 2223 2024 2264 esse
2049 2210 2346 2274 Abraham,
2389 2210 2506 2279 ejus
2537 2225 2664 2265 vero
2695 2210 2886 2274 ﬁlium,
2917 2211 3011 2281 qui
3051 2211 3102 2264 in
3156 2210 3474 2279 Capharnao

1838 2311 1853 2326 ‘
1903 2301 2210 2371 mgrotavit,
2246 2311 2472 2371 eratque
2518 2303 2839 2367 moriturus,
2885 2302 3244 2359 lsraeliticum
3284 2319 3472 2372 genus,

1903 2394 2044 2463 quod
2073 2403 2438 2463 :egrolaverat
2467 2395 2520 2448 in
2561 2393 2654 2448 Dei
2685 2395 2855 2461 cultu,
2893 2405 2947 2450 ct
2983 2395 3360 2452 observatione
3390 2397 3474 2450 di-

1903 2489 2150 2541 vinarum
2173 2486 2386 2556 legum;
2418 2486 2661 2541 etetiam
2697 2487 2804 2540 Deo
2831 2496 2888 2540 ut
2915 2497 3239 2552 moreretur,
3272 2487 3476 2543 ferven-

1904 2581 2067 2645 tibus,
2097 2588 2156 2634 ut
2209 2567 2564 2648 ita‘loquar,
2604 2579 2807 2633 inimici
2853 2580 3066 2648 sagittis
3116 2579 3470 2636 fervefacunn

1902 2671 2099 2735 fuerat,
2136 2669 2278 2723 unde
2302 2669 2464 2723 etiam
2496 2669 2728 2736 fervere,
2754 2668 2804 2723 id
2838 2677 2921 2724 est
2975 2669 3304 2746 febricitare,
3336 2671 3474 2724 dici-

1899 2771 2008 2817 tur.
2037 2759 2197 2831 273
2227 2760 2466 2830 Apparet
2495 2769 2676 2814 autem
2703 2759 2932 2823 sanctis,
2970 2761 3060 2830 qui
3087 2775 3247 2815 antea
3274 2777 3338 2814 ex
3370 2762 3473 2815 hac

1900 2855 2010 2907 vita
2040 2851 2382 2920 emigrarint,
2413 2865 2601 2906 curam
2628 2866 2749 2906 esse
2778 2851 2844 2905 de
2871 2851 3089 2922 populo,
3119 2853 3469 2922 quemadmo-

1899 2946 2026 3000 dum
2049 2944 2104 2999 in
2139 2941 2566 2999 Machabarorum
2588 2943 2755 3014 gestis
2777 2943 3042 3013 scriptum
3073 2949 3178 3007 ea,
3203 2953 3322 3012 post
3345 2944 3466 3011 pin-

1895 3037 2066 3091 rimos
2099 3051 2272 3091 annos
2311 3036 2380 3091 ab
2407 3035 2557 3090 obitu
2585 3033 2837 3090 Ieremia;
2861 3050 2880 3087 :
2913 3051 2932 3086 ι
2971 3033 3070 3090 Hic
3088 3044 3182 3090 est
3201 3033 3468 3089 Jeremias

1893 3128 1991 3182 Dei
2023 3129 2311 3196 propheta,
2339 3127 2430 3196 qui
2453 3126 2684 3180 multum
2706 3135 2950 3195 orat‘pro
2981 3126 3296 3196 μονωθεὶς
3334 3125 3468 3181 Vide

1894 3233 2024 3287 ergo
2045 3231 2469 3288 mum-exponere
2499 3217 2770 3286 possimus
2789 3257 2804 3282 ,
2838 3217 2984 3286 quod
3006 3217 3280 3272 Abraham
3313 3233 3467 3286 regu-

1894 3310 1976 3363 lus
2011 3309 2275 3378 quispiam
2321 3309 2619 3375 exsistens,
2659 3317 2960 3379 aegrotante
3002 3307 3105 3362 sibi
3133 3306 3467 3375 ﬁlio,-eoque

1894 3401 2180 3464 morituro,
2215 3401 2499 3456 Dominum
2525 3409 2682 3471 rogat
2705 3415 2808 3470 pro
2835 3399 2931 3454 ﬁlii
2965 3399 3264 3454 laborantis
3297 3415 3462 3453 sana~

1895 3493 2059 3557 tione,
2107 3491 2391 3562 profectus
2427 3492 2494 3545 ad
2517 3491 2716 3560 ipsum,
2749 3500 2804 3545 et
2823 3491 3123 3546 obsecrans
3151 3500 3208 3544 ut
3233 3491 3461 3544 descen-

1891 3585 1984 3639 dat
2001 3595 2064 3640 et
2087 3594 2244 3640 curet
2267 3599 2435 3640 suum
2464 3582 2634 3636 ﬁlium
2649 3582 2768 3652 iam
2795 3581 3148 3638 moriturum.

1963 3769 2055 3823 58.
2101 3765 2234 3820 Illud
2290 3779 2422 3819 vero
2469 3761 2615 3831 quod
2643 3761 2712 3816 ad
2759 3763 2944 3831 ipsum
2980 3759 3222 3815 dicitur:
3273 3777 3294 3812 ι
3341 3759 3458 3815 Nisi

1887 3862 2044 3930 signa
2084 3870 2137 3913 ct
2165 3859 2408 3928 prodigia
2451 3856 2716 3922 videritis,
2756 3874 2785 3907 ι
2835 3855 3159 3910 relationem
3193 3855 3352 3909 habet
3391 3858 3457 3908 ad

1891 3950 2291 4006 multitudinem
2343 3948 2576 4002 ﬁliorum
2613 3945 2762 4015 eius,
2795 3956 2850 4000 et
2889 3946 3138 4001 fortassis
3180 3946 3247 4000 ad
3283 3947 3455 4015 ipsum

1889 4044 2074 4096 etiam.
2093 4041 2159 4097 Ut
2182 4042 2328 4096 enim
2350 4039 2590 4096 Joannes
2606 4040 2807 4094 Christi
2827 4039 3116 4092 adventum
3139 4051 3457 4108 expectans,

1889 4133 2246 4205 exspectabat
2269 4133 2484 4202 signum
2514 4133 2720 4197 datum,
2749 4141 2810 4186 nt
2843 4149 2946 4203 per
2981 4147 3104 4186 eum
3141 4143 3456 4204 agnosceret

1887 4243 2009 4283 eum
2041 4227 2130 4296 qui
2157 4225 2614 4296 prophetabatur;
2640 4227 2855 4294 Signum
2887 4242 3018 4281 vero
3050 4236 3206 4280 erat:
3234 4244 3253 4276 ι
3279 4224 3456 4294 Super

1885 4335 2044 4392 quem
2081 4319 2279 4373 videris
2307 4317 2566 4387 Spiritum
2591 4318 3032 4382 descendentem,
3063 4328 3116 4372 et
3146 4326 3454 4370 manentem

1886 4427 2050 4480 super
2076 4425 2222 4476 eum,
2254 4410 2341 4465 hic
2368 4419 2452 4464 est
2478 4409 2648 4464 Filius
2680 4409 2772 4463 Dei
2804 4410 2882 4474 ⁸⁸;
2917 4428 2936 4462 ι
2974 4410 3054 4464 sic
3081 4407 3246 4462 etiam
3276 4408 3452 4460 sancti

215 4496 412 4560 κῶντες
451 4498 545 4550 καὶ
576 4495 674 4566 τὴν
700 4497 757 4548 ὲν
792 4495 1002 4566 σώματι
1038 4497 1132 4550 τοῦ
1179 4498 1412 4568 Χριστοῦ
1461 4501 1774 4571 ἐπιδημίαν,
1802 4521 1813 4576 1

1895 4506 1976 4574 qui
2009 4513 2169 4558 oniten
2231 4517 2261 4557 e
2299 4504 2414 4556 vita
2439 4501 2815 4565 decesserant,
2844 4507 3224 4570 exspectantes
3250 4497 3450 4551 Christi

211 4590 319 4644 ἀπὸ
361 4589 468 4642 τῶν
514 4587 755 4659 σημείων
781 4589 878 4641 καὶ
908 4588 1016 4641 τῶν
1050 4591 1291 4660 τεράτων
1341 4593 1776 4666 ὲχαρακτήριζον

213 4682 390 4742 αὐτὸν,
419 4681 508 4734 διὰ
541 4680 746 4732 τούτων
794 4679 869 4750 τῷ
891 4680 1225 4753 ἑλπιζομένῳ
1261 4684 1623 4748 πιστεύοντες.
1674 4685 1784 4738 Τά-

210 4787 321 4840 χιον
345 4768 400 4820 δὲ
426 4767 732 4840 παρακαλεῖ
758 4769 847 4821 τὸν
875 4769 1075 4840 Κύριον
1107 4772 1407 4843 καταϐῆναι
1451 4775 1585 4845 πρὸς
1611 4774 1674 4828 τὸ
1690 4793 1776 4830 νο-

211 4860 332 4912 σοῦν
364 4861 574 4914 παιδίον
621 4860 837 4922 ἑαυτοῦ,
897 4860 1289 4931 εὐλαϐούμενος
1340 4865 1415 4936 μὴ
1468 4867 1713 4938 προλάϐῃ
1749 4869 1778 4921 6

208 4951 428 5014 Θάνατος
466 4953 745 5022 κρατήσας
773 4951 864 5003 τὸν
903 4953 1178 5021 κάμνοντα
1204 4970 1217 4983 ·
1263 4955 1354 5006 καὶ
1385 4957 1681 5011 ἀπελαύνει
1710 4975 1774 5026 γε

209 5046 293 5099 τὸν
317 5046 544 5118 πυρετὸν
571 5047 713 5116 λόγῳ
735 5047 763 5098 6
786 5046 1036 5116 Χριστὸς,
1070 5047 1535 5117 ἐπαγγειλάμενος
1565 5048 1642 5117 τῷ
1671 5065 1774 5101 πα-

209 5138 292 5206 τρὶ
320 5136 420 5206 τῆς
440 5137 583 5208 ζωῆς
614 5136 708 5190 τοῦ
735 5135 1154 5199 κινδυνεύοντος,
1187 5137 1276 5190 διὰ
1297 5137 1419 5191 τοῦ·
1452 5157 1469 5188 ι
1501 5137 1771 5207 Πορεύου,

211 5227 237 5277 6
263 5225 370 5288 υἱός
400 5243 489 5278 σου
524 5225 608 5296 ζῇ.
644 5246 661 5276 ι
695 5227 844 5294 Ἔχει
877 5225 932 5278 δὲ
955 5218 1111 5289 οὗτος
1142 5229 1170 5280 6
1202 5228 1478 5298 βασιλικὸς
1517 5229 1579 5282 οὐ
1613 5229 1774 5300 μόνον

210 5317 329 5374 υἱὸν..
360 5317 497 5371 ἄλλά
549 5317 641 5369 καὶ
683 5316 923 5380 δούλους,
969 5312 1043 5369 ὧν
1090 5320 1356 5389 σύμϐολον
1386 5312 1526 5388 ἦσαν
1554 5323 1603 5374 οἱ
1627 5323 1774 5375 οἰκο-

212 5411 371 5474 γενεῖς
423 5410 517 5462 καὶ
581 5408 956 5479 ἀργυρώνητοι
1018 5408 1112 5462 τοῦ
1179 5411 1462 5482 Ἀϐρααμ,
1528 5409 1668 5477 εἶδός
1719 5427 1772 5466 τι

263 5517 313 5550 ’⁷⁸
351 5519 506 5575 Joan.
536 5533 654 5583 rm,
682 5515 772 5573 35.
865 5516 910 5547 '°
942 5516 1073 5572 ibid-
1103 5517 1190 5573 55-

269 5635 379 5700 (59)
415 5635 555 5701 I'dp.
590 5633 749 5686 Deest
775 5633 824 5685 in
869 5633 1052 5692 codice
1084 5636 1265 5701 tirgin.

272 5706 381 5778 (ϐο)
411 5704 624 5778 (ημῶν.
648 5703 826 5778 (index
861 5702 1057 5778 διιεῖ-ηε
1085 5702 1249 5760 habet
1284 5710 1458 5778 ήμῶν,
1481 5711 1647 5764 male.

271 5770 381 5844 (bl)
427 5770 616 5843 ἠιᾶς.
655 5772 834 5828 Codex
867 5770 1089 5840 Regius,
1121 5770 1482 5846 ἡμᾶς.ἰιιιιιο.

1291 5521 1334 5551 ⁵⁸
1361 5520 1555 5576 Matth.
1587 5539 1668 5589 ιιι,
1708 5525 1761 5577 9.
1837 5524 1882 5555 ⁸³
1909 5524 2040 5578 lsai.
2075 5539 2148 5587 ιι,
2185 5521 2240 5573 2.
2325 5521 2372 5551 ⁸³
2402 5520 2444 5572 11
2477 5519 2656 5572 Maeli.
2699 5535 2790 5583 xv,
2824 5519 2920 5573 Η.

1880 4595 2169 4649 adventura
2205 4593 2258 4646 in
2279 4607 2536 4662 corpore,
2571 4608 2598 4644 a
2624 4593 2796 4662 signis
2821 4602 2876 4645 et
2901 4590 3165 4660 prodigiis
3193 4604 3315 4642 eum
3335 4602 3447 4640 ma-

1882 4685 2246 4740 nifestandum
2295 4683 2712 4752 exspecta-baut,
2763 4697 2862 4750 per
2912 4686 3027 4735 haec
3060 4679 3344 4734 credentes
3397 4679 3448 4731 in

1879 4791 2002 4832 eum
2029 4775 2123 4844 qui
2171 4774 2511 4842 sperabatur.
2553 4769 2818 4826 Obsecrat
2859 4776 3040 4821 autem
3075 4767 3152 4820 uti
3193 4766 3450 4819 Dominus

1879 4867 2133 4921 celeriter
2161 4863 2461 4918 descendat
2499 4862 2563 4914 ad
2592 4875 2747 4914 suum
2767 4861 2950 4929 ipsius
2987 4859 3156 4912 ﬁli-um
3181 4867 3446 4928 aegrotant--

1883 4967 2010 5020 tem,
2072 4954 2340 5010 sollicitus
2384 4953 2657 5006 cxsistens
2709 4966 2775 5006 ne
2831 4967 2978 5004 mors
3040 4956 3448 5020 przcoccnparet

1875 5049 2073 5102 victum
2149 5045 2461 5109 inﬁrnmm;
2522 5043 2822 5113 febrimque
2897 5057 3150 5096 sermone
3216 5038 3444 5107 expellit

1865 5137 2139 5201 Christus,
2165 5137 2488 5192 renuntiatis
2509 5136 2840 5206 patriﬁlium
2870 5133 3264 5204 periclitantem
3287 5130 3441 5181 vive-

1881 5247 1960 5297 re,
2007 5245 2102 5299 per
2159 5230 2329 5284 illud:
2363 5247 2384 5280 ι
2423 5228 2588 5290 Vade,
2637 5229 2786 5292 ﬁlius
2833 5237 2964 5280 tuus
2993 5227 3153 5279 'virit.
3187 5242 3216 5274 ιο
3271 5222 3442 5276 Ilabct

1873 5324 2035 5375 etiam
2078 5323 2164 5375 hic
2213 5319 2425 5390 regulus
2457 5336 2559 5372 non
2601 5319 2776 5371 solum
2815 5317 3032 5383 ‘ﬁlium,
3063 5330 3250 5368 verum
3280 5315 3439 5364 etiam

1878 5425 2085 5478 servos,
2122 5426 2350 5480 quorum
2402 5419 2525 5462 nota
2573 5418 2729 5462 erant
2776 5422 2955 5461 vernae
2996 5406 3248 5471 Marulla;
3290 5415 3342 5457 et
3375 5404 3438 5458 Ἰιὶ

3015 5521 3059 5552 ⁸⁸
3081 5519 3234 5574 Joan.
3273 5522 3436 5584 1,55.

1940 5642 2052 5711 (ιῑε)
2085 5641 2368 5694 ’Φαίνεται
2407 5636 2477 5689 δὲ
2508 5637 2918 5711 “sistet-rtem.
2948 5640 3102 5694 Hunc
3144 5639 3314 5694 Ineunt
3355 5659 3438 5692 tri--

1869 5709 2039 5781 liqnis
2073 5711 2302 5777 adiunge
2335 5723 2470 5777 quos
2520 5710 2724 5781 profert
2776 5709 3134 5766 Bellarntinus
3165 5711 3258 5766 lib.
3289 5728 3316 5766 τι
3352 5711 3431 5765 ,Ιιο

1865 5779 2164 5836 sanctorum
2188 5781 2393 5842 beatil.,
2421 5792 2542 5848 cap.
2581 5779 2665 5834 l‘l.
