3878 6210
510 339 602 394 εει

1951 325 2091 383 OIllt

2202 323 2274 378 llS
3626 321 3708 377 bl!

510 466 646 520 quos
679 457 905 519 argento
957 455 1188 511 emerat,
1245 447 1416 500 forma
1448 446 1694 516 qua-dam
1740 441 2076 498 credentium

2202 436 2543 490 τιστευόντων
2604 435 3007 506 ταπεινότερον,
3053 431 3146 486 καὶ
3196 430 3542 501 ὑποϐεϐηκός.
3580 427 3709 488 Οὗτοι

509 541 774 611 abiectior
802 549 858 594 et
890 537 1168 592 humilior.
1229 535 1290 590 lli
1333 537 1785 591 consuetudinem
1821 533 2080 588 habentes

510 655 630 692 eum
664 637 772 690 tilio
803 634 1168 700 febricitante,
1211 634 1399 688 vident
1438 633 1581 688 illius
1611 632 1862 696 salutem,
1890 646 2082 684 oecur-

494 713 739 796 irnntque
771 725 910 796 patri
950 727 1114 780 vitam
1159 727 1337 780 sanati
1372 725 1800 790 annuutiantes,
1851 738 2083 792 eumque

511 823 687 876 laetum
724 821 1012 876 reddentcs
1043 822 1132 875 illo
1166 823 1335 876 verbo
1365 840 1376 875 :
1412 839 1430 872 ι
1475 820 1648 874 Filius
1694 829 1817 873 tuus
1860 817 2016 880 vivit,
2059 835 2076 868 ι

509 915 601 982 qui
631 924 792 969 antea
830 928 935 968 non
968 915 1277 984 cogitarant
1311 915 1478 968 filium
1509 913 1710 967 domini
1737 912 1938 966 vivere.
1968 909 2082 964 Non

509 1005 708 1062 frustra
748 1015 926 1061 autent
970 1008 1103 1061 hora
1135 1007 1362 1076 septima
1403 1005 1663 1074 relinquit
1703 1019 1825 1059 eum
1879 1002 2080 1066 febris,

509 1114 634 1151 nam
665 1113 925 1152 numerus
953 1097 1045 1152 ille
1070 1108 1196 1152 nota
1231 1106 1314 1151 est
1353 1098 1573 1166 quietis.
1611 1095 1665 1149 In
1701 1095 2082 1164 Capharnaum

507 1203 640 1241 sane
671 1197 750 1242 est
782 1188 870 1242 ille
913 1189 1078 1252 filius,
1107 1188 1197 1257 qui
1244 1197 1475 1259 σθαι-οισι
1511 1199 1566 1240 et
1609 1195 1835 1243 curatur
1868 1166 2085 1257 (nempe

510 1281 564 1334 in
599 1280 990 1336 consolationis
1019 1296 1172 1350 agro,
1211 1295 1379 1350 genus
1411 1280 1678 1348 quoddam
1710 1277 2083 1349 :rgrotantium

510 1383 752 1451 quidem,
785 1383 878 1438 sed
912 1383 1004 1452 qui
1037 1399 1143 1437 non
1178 1384 1400 1436 omnino
1446 1383 1556 1436 sint
1606 1382 1722 1434 sine
1776 1375 2084 1448 fructibus),

511 1484 790 1552 creditque
842 1483 1236 1554 perfectissime
1269 1493 1444 1553 pater,
1498 1485 1677 1553 agnita
1736 1483 1827 1537 filii
1889 1482 2084 1546 salute,

511 1582 728 1638 Christo
757 1584 986 1638 credens
1022 1599 1143 1638 cum
1176 1593 1288 1640 tota
1329 1587 1489 1639 domo
1521 1599 1641 1639 sua.
1675 1582 1955 1648 Quomodo
1987 1598 2084 1634 au-

513 1695 619 1738 tem
657 1683 986 1739 descendens
1033 1681 1193 1738 Jesus
1249 1699 1279 1736 a
1331 1681 1516 1737 Judma
1568 1682 1619 1736 in
1669 1680 1947 1736 Galilaeam
1984 1681 2087 1734 hoc

2184 526 2432 591 συνόντες
2473 527 2548 598 τῷ
2602 529 2862 596 κάμνοντι
2917 524 3114 593 παιδίῳ
3153 521 3410 593 Θεωροῦσι
3445 524 3538 594 τὴν
3570 542 3710 596 σωτη-

2185 621 2307 691 ρίαν
2339 619 2527 682 αὐτοῦ,
2564 619 2660 672 καὶ
2689 617 2972 673 ἀπαντῶσι
2995 615 3072 686 τῷ
3107 615 3298 686 πατρὶ,
3339 616 3708 688 εὐαγγελιζόμε-

2182 731 2262 768 νοι
2290 715 2388 785 τὴν
2411 715 2554 785 ζωὴν
2585 713 2676 767 τοῦ
2707 711 3160 784 θεραπευθέντος,
3189 710 3280 763 διὰ
3301 708 3388 762 τοῦ
3409 727 3422 740 ·
3467 729 3483 761 ι
3529 711 3583 762 Ὀ
3611 714 3709 776 παῖς

2185 821 2279 858 σου
2304 804 2392 874 ζῇ,
2425 823 2444 856 ι
2487 803 2890 876 εὐφραίνοντες,
2925 802 3007 854 ὅτι
3062 801 3162 852 οὐκ
3197 800 3450 872 ἐφρόνουν
3492 802 3713 870 πρότερον

2183 897 2313 968 περὶ
2341 897 2434 950 τοῦ
2467 896 2680 950 παιδίου
2709 894 2803 948 τοῦ
2827 893 3107 956 δεσπότου,
3141 893 3220 946 ὅτι
3251 891 3366 962 ἔζη.
3398 893 3471 944 Οὐ
3502 893 3713 962 μάτηνδὲ

2184 983 2333 1056 ὥραν
2401 985 2637 1056 ἑϐδόμην
2689 984 2917 1052 ἀφίησιν
2969 981 3134 1034 αὐτὸν
3183 981 3212 1033 6
3260 982 3520 1052 πυρετός·
3564 985 3590 1036 6
3632 983 3713 1053 γὰρ

2185 1077 2415 1150 ἀριθμὸς
2440 1078 2797 1140 ἀναπαύσεως
2816 1071 2903 1147 ἦν.
2946 1075 3004 1128 Ὀ
3025 1075 3082 1126 ὲν
3109 1073 3484 1145 Καφαρναοὺμ
3513 1074 3714 1144 μέντοιγε

2187 1168 2302 1231 υἱός
2332 1169 2478 1221 ἐστιν
2499 1169 2529 1220 6
2558 1165 2730 1222 νοσῶν
2763 1165 2858 1218 καὶ
2899 1163 3357 1237 θεραπευόμενος,
3401 1165 3429 1214 6
3463 1165 3518 1215 ἐν
3551 1163 3620 1232 τῷ

2185 1261 2579 1333 παρακλήσεως
2617 1258 2790 1330 ἀγρῷ,
2834 1257 2991 1326 γένος
3036 1274 3087 1311 τι
3137 1255 3494 1326 κεκμηκότων
3534 1255 3637 1324 μὲν,
3674 1256 3720 1308 οὐ

2189 1354 2364 1424 πάντη
2397 1353 2453 1406 δὲ
2490 1352 2595 1416 ἔξω
2630 1350 2857 1422 καρπῶν
2890 1347 3278 1418 γεγενημένον,
3319 1346 3416 1399 καὶ
3455 1345 3722 1415 τελειοτάτη

2186 1443 2367 1513 γνόντι
2399 1443 2476 1513 τῷ
2514 1443 2680 1512 πατρὶ
2730 1441 2827 1512 τὴν
2879 1439 2978 1492 τοῦ
3019 1439 3135 1492 υίοῦ
3193 1438 3468 1509 σωτηρίαν
3513 1439 3546 1507 ἡ
3580 1438 3722 1500 πίστις

2188 1535 2416 1602 γίνεται,
2451 1531 2699 1586 πανοικεὶ
2742 1530 3051 1582 πιστεύοντι
3091 1527 3334 1599 Χριστῷ.
3389 1526 3656 1580 Κατελθὼν
3681 1528 3726 1580 δὲ

2190 1629 2256 1680 ἐκ
2284 1629 2384 1697 τῆς
2426 1625 2684 1688 Ἰουδαίας
2719 1625 2797 1688 είς
2826 1623 2924 1694 τὴν
2967 1621 3256 1674 Γαλιλαίαν
3293 1619 3411 1683 πῶς
3453 1619 3600 1674 τοῦτο
3630 1619 3729 1672 656-

2189 1736 2344 1793 τερον
2385 1720 2608 1789 σημεῖον
2648 1715 2944 1786 πεποίηκεν
2975 1715 3004 1766 6
3043 1710 3272 1784 Ἰησοῦς,
3297 1710 3440 1764 κατὰ
3467 1711 3524 1764 τὸ
3545 1711 3728 1763 δυνατὸν

511 1775 722 1844 signum
749 1775 1043 1830 secundum
1077 1774 1284 1839 fecerit,
1323 1775 1374 1828 in
1415 1774 1770 1842 sequentibus
1802 1772 2082 1841 indagabi-

2202 1772 2391 1872 év'roi;
2430 1772 2556 1880 έξῆς
2575 1772 2858 1878 γενόμενοι
2887 1804 3028 1858 κατά
3063 1772 3163 1875 την
3191 1772 3340 1869 λέξιν
3383 1803 3727 1874 ἐρευνήσομεν.

515 1883 631 1920 mus
660 1882 756 1934 pro
800 1867 964 1934 virili,
1015 1883 1136 1921 cmn
1183 1869 1250 1920 ad
1300 1876 1612 1921 contextum
1653 1865 2084 1934 pervenerimus.

514 1957 678 2030 274
705 1956 1167 2013 Considerandum
1203 1951 1365 2013 etiam
1412 1969 1496 2012 est
1535 1973 1660 2011 num
1697 1957 1952 2026 potentia:
1994 1955 2091 2008 ali-

514 2049 666 2118 cujus
692 2065 756 2104 ex
786 2050 870 2105 his
899 2051 990 2121 qui
1043 2051 1169 2104 huic
1213 2051 1414 2104 scrcqu
1457 2051 1745 2118 imperant,
1796 2049 1973 2116 imago
2021 2047 2090 2102 sit

519 2141 767 2210 regulus;
798 2157 922 2194 nttm
953 2143 1120 2196 etiam
1154 2142 1294 2195 tilius
1321 2141 1444 2211 ejus
1475 2140 1650 2210 imago
1689 2139 1757 2192 sit
1783 2153 1969 2192 eorum
1998 2139 2088 2207 qui

516 2235 788 2288 exsistunt
813 2235 912 2287 sub
941 2243 1234 2304 potestate,
1266 2251 1360 2289 seu
1395 2234 1572 2304 populi
1615 2232 1945 2302 prmstantis,
2011 2241 2087 2296 et,

517 2325 678 2380 utita
729 2325 926 2389 dicam,
984 2325 1151 2381 veluti
1204 2326 1489 2381 electionis
1523 2325 1662 2394 apud
1713 2324 1930 2393 ipsum:
1965 2339 2090 2376 num

517 2419 680 2474 etiam
727 2420 1016 2475 infirmitas
1063 2420 1179 2488 ejus
1231 2421 1302 2474 sit
1354 2420 1579 2474 affectus
1629 2434 1846 2488 pravus,
1893 2427 2094 2486 prazter

517 2512 777 2582 principis
836 2513 1206 2582 propositum;
1260 2520 1313 2565 et
1373 2511 1562 2565 civitas
1596 2509 1973 2575 Capharnaum
2025 2507 2094 2561 sit

522 2605 698 2673 imago
751 2604 855 2658 loci
916 2603 1210 2658 mansionis
1244 2601 1345 2656 sibi
1399 2600 1765 2656 subditorum.
1827 2599 2092 2656 Existimo

519 2697 663 2748 enim
699 2693 903 2762 aliquot
935 2709 1000 2747 ex
1056 2693 1395 2762 principibus
1424 2689 1830 2760 obstupefactos
1873 2699 2094 2760 propter

523 2785 823 2854 potentiam
851 2794 905 2838 et
932 2785 1270 2840 divinitatem
1303 2783 1453 2852 Jesu,
1503 2783 1816 2852 confugisse
1853 2783 1918 2836 ad
1969 2797 2092 2838 eum

521 2896 577 2940 et
609 2899 794 2941 orasse
833 2901 929 2956 pro
957 2887 1059 2943 sibi
1103 2887 1358 2943 subditis.
1393 2887 1674 2956 Alioquin,
1711 2902 1830 2949 cur,
1885 2900 2093 2956 quaeso,

527 2987 773 3044 homines
797 2989 1169 3060 pmnitentiam
1207 2969 1501 3060 recipiunt,
1542 3005 1606 3045 ex
1657 2987 2095 3058 infidelitateque

519 3090 586 3142 ad
620 3089 777 3144 fidem
809 3099 1136 3154 transeunt;
1179 3091 1320 3146 idem
1370 3105 1501 3144 vero
1536 3089 1588 3142 in
1630 3088 1888 3158 potentiis
1915 3088 2096 3143 dicere
2121 3131 2167 3192 ο

520 3184 810 3238 veremur?
838 3183 935 3239 γει
969 3183 1123 3239 nobis
1175 3183 1320 3239 dicat
1355 3182 1552 3252 aliquis
1584 3196 1802 3236 causam
1853 3196 1952 3236 cur
2004 3182 2096 3236 lto-

522 3274 694 3329 mines
724 3291 944 3330 carnem
977 3285 1032 3330 et
1065 3275 1380 3345 sanguinem
1417 3274 1587 3329 induti
1634 3273 1930 3344 confugere
1968 3289 2090 3338 pos-

522 3365 632 3419 sint
664 3366 856 3421 mutati
883 3367 950 3420 ad
985 3367 1150 3420 Deum
1203 3381 1300 3435 per
1332 3364 1648 3429 Christum;
1685 3379 1778 3418 eos
1824 3379 1953 3418 vero
1998 3366 2091 3434 qui

525 3456 731 3526 puriori
766 3466 960 3511 natura
997 3465 1236 3520 utantur,
1273 3456 1440 3529 [idem
1473 3472 1580 3511 non
1614 3470 1794 3525 posse,
1831 3455 1951 3527 sed]
1979 3471 2095 3510 om-

525 3571 623 3610 nes
666 3557 954 3625 incapaces
987 3570 1110 3612 esse
1139 3555 1397 3611 credendi
1429 3555 1482 3609 in
1527 3554 1903 3618 Servatorem,
1931 3555 2095 3608 mini-

522 3662 718 3718 meque
766 3649 1159 3719 obstupescere
1211 3657 1432 3719 propter
1477 3646 1818 3717 prodigiosas
1871 3646 2098 3701 virtutes

521 3755 658 3810 quas
689 3740 800 3809 ipse
839 3739 1048 3796 fecerit.
1093 3741 1164 3794 At
1199 3755 1301 3811 ego
1329 3753 1452 3793 reor
1478 3739 1640 3792 etiam
1683 3737 1827 3791 circa
1873 3751 1967 3791 eas
2001 3752 2095 3806 po-

443 3859 452 3866 -
524 3833 742 3896 tentias,
793 3835 1130 3904 principatus
1177 3848 1314 3903 quos
1357 3841 1577 3894 vocant,
1634 3829 1839 3899 aliquid
1892 3831 2094 3884 factum

524 3924 712 3985 fuisse,
745 3924 1061 3978 immutatos
1091 3925 1143 3976 in
1174 3923 1369 3978 melius
1413 3921 1621 3976 Christi
1657 3921 1892 3975 adventu
1919 3936 1932 3972 :
1963 3921 2098 3976 adeo

526 4025 585 4066 ut
613 4015 856 4082 quaedam
900 4015 1120 4084 integra:
1150 4015 1332 4077 urbes,
1378 4012 1462 4066 vcl
1521 4013 1686 4066 etiam
1715 4020 1904 4082 gentes
1943 4027 2094 4066 com-

528 4105 735 4158 modius
787 4119 946 4173 tham
994 4105 1146 4158 multi
1200 4105 1491 4160 habuerint
1552 4119 1672 4174 quae
1704 4105 1771 4156 ad
1821 4102 2096 4158 Christum

528 4193 820 4264 pertinent.
876 4195 941 4249 Et
988 4193 1237 4264 profecto
1283 4194 1434 4264 juxta
1484 4194 1624 4248 hanc
1685 4194 2097 4264 intelligentiam

529 4287 664 4341 nihil
701 4287 920 4343 absurdi
964 4287 1092 4352 erit,
1136 4298 1194 4341 ut
1236 4289 1303 4340 ad
1350 4286 1593 4356 regulum
1635 4285 1891 4341 dicatur:
1923 4303 1941 4337 ι
1985 4285 2096 4341 Nisi

527 4380 678 4448 signa
703 4390 756 4436 et
793 4380 1034 4450 prodigia
1070 4380 1336 4443 videritis,
1367 4395 1472 4433 non
1501 4376 1739 4433 credetis
1759 4376 1828 4432 ⁸⁸.
1863 4397 1881 4430 ι
1916 4375 2100 4432 Petest

2191 1905 2253 1956 El
2279 1903 2335 1958 δὲ
2370 1903 2463 1955 καὶ
2499 1898 2779 1970 δυνάμεώς
2827 1914 2968 1960 τινος
3009 1894 3172 1949 εἰκών
3222 1897 3370 1948 ἐστιν
3416 1897 3447 1946 ὁ
3498 1891 3730 1964 βασιλικὸς

2190 1995 2298 2048 τῶν
2321 1993 2598 2066 ἀρχόντων
2635 1991 2822 2044 τούτου
2857 1986 2950 2064 τοῦ
2991 1987 3205 2051 αἰῶνος,
3260 1989 3356 2040 καὶ
3393 1988 3421 2039 6
3458 1987 3566 2049 υἱὸς
3596 1982 3728 2037 αὐτοῦ

2191 2085 2299 2140 τῶν
2321 2085 2425 2138 ὑπὸ
2447 2083 2545 2155 τὴν
2579 2082 2824 2148 ἐξουσίαν
2868 2079 3033 2134 αὑτοῦ
3073 2078 3423 2149 διαφέροντος
3463 2079 3583 2147 παρ’
3614 2071 3731 2142 αὖτῷ

2193 2177 2344 2240 λαοῦ,
2371 2175 2566 2236 καὶ,ἱ’ν’
2583 2174 2756 2236 οὕτως
2784 2173 2944 2237 εἴπω,
2969 2171 3130 2224 οἱονεὶ
3150 2171 3250 2240 τῆς
3279 2170 3409 2241 παρ’
3444 2167 3587 2238 αὑτῷ
3611 2166 3730 2220 ἐκλο-

2195 2271 2297 2341 γῆς
2329 2268 2514 2339 (63),ἦ
2533 2283 2590 2319 τε
2611 2265 2863 2319 ἀσθένεια
2889 2263 3056 2318 αὑτοῦ
3085 2264 3118 2334 ἡ
3148 2261 3301 2333 παρά
3322 2262 3420 2332 τὴν
3458 2261 3735 2332 προαίρεσιν

2195 2359 2286 2413 τοῦ
2317 2361 2573 2431 ἄρχοντος
2610 2356 2848 2419 διάθεσις
2890 2354 3158 2426 μοχθηρὰ,
3190 2353 3286 2406 καὶ
3318 2355 3350 2424 ἡ
3396 2350 3735 2422 Καφαρναοὺμ

2193 2451 2287 2504 τοῦ
2321 2449 2521 2522 χωρίου
2553 2449 2654 2518 τῆς
2689 2447 2855 2518 μονῆς
2884 2445 2991 2498 τῶν
3020 2447 3110 2499 ὑπ’
3147 2444 3310 2498 αὐτὸν
3340 2445 3374 2514 ἠ
3403 2440 3565 2495 εἰκών
3595 2441 3734 2496 ἐστιν,

2199 2542 2516 2613 σκοπητέον.
2555 2537 2719 2611 Οἶμαι
2750 2537 2858 2609 γὰρ
2891 2538 2986 2591 καὶ
3021 2537 3127 2590 τῶν
3159 2536 3440 2607 ἀρχόντων
3471 2533 3577 2604 (64)
3612 2532 3735 2593 τινὰς

2197 2633 2688 2705 καταπεπληγότας
2708 2632 2806 2702 τὴν
2827 2629 3054 2700 δύναμιν
3071 2625 3256 2689 αὐτοῦ,
3279 2627 3375 2679 καὶ
3388 2627 3492 2697 τὴν
3507 2624 3737 2692 Θειότητα,

2197 2726 2671 2801 προσπεφευγέναι
2711 2723 2878 2794 αὐτῷ,
2913 2723 3007 2776 καὶ
3039 2720 3334 2790 ἠξιωκέναι
3383 2718 3518 2789 περ).
3545 2716 3640 2769 τῶν
3665 2715 3738 2768 ὑπ’

2197 2819 2380 2880 αὐτοῖς
2431 2813 2928 2886 οἰκονομουμένων⁸
2983 2811 3104 2864 ἐπεὶ
3155 2809 3207 2862 τί
3251 2809 3451 2878 δήποτε
3504 2807 3739 2876 ἄνθρωποι

2201 2908 2297 2978 μὲν
2361 2905 2646 2976 μετάνοιαν
2707 2902 3080 2970 ἐπιδέχονται,
3136 2897 3230 2949 καὶ
3281 2895 3340 2958 ὲξ
3392 2892 3642 2954 ἀπιστίας
3677 2891 3740 2950 είς

2198 2998 2380 3051 πίστιν
2412 2994 2856 3067 μεταϐάλλουσιν,
2894 2992 2987 3044 ἐπὶ
3026 2990 3081 3042 δὲ
3112 2987 3218 3040 τῶν
3256 2986 3543 3056 δυνάμεων
3572 2985 3627 3037 τὸ
3665 2999 3742 3035 πα-

2204 3087 2498 3159 ραπλήσιον
2522 3086 2698 3154 λέγειν
2726 3084 3027 3154 όκνήσομεν
3050 3098 3064 3146 ;
3103 3081 3175 3132 Ἢ
3221 3077 3428 3146 λεγέτω
3458 3097 3542 3141 τις
3568 3076 3681 3147 ἡμῖν
3701 3072 3742 3125 τε

2196 3179 2257 3234 τδ
2292 3181 2462 3234 αἴτιον
2479 3178 2574 3233 τοῦ
2602 3177 2860 3232 δύνασθαι
2896 3176 2991 3246 μὲν
3028 3176 3153 3238 τοὺς
3183 3171 3561 3242 ὲνδεδομένους
3607 3165 3744 3238 σαρκὶ

2196 3273 2289 3326 καὶ
2321 3273 2514 3344 αἵματι
2564 3269 2968 3342 μεταδαλόντας
3007 3267 3117 3338 (65)
3166 3261 3635 3332 καταπεφευγέναι
3670 3257 3747 3312 ἐπὶ

2195 3367 2285 3420 τὸν
2318 3365 2448 3418 Θεὸν
2486 3363 2574 3418 διὰ
2600 3358 2856 3434 Χριστοῦ,
2891 3360 3016 3422 τοὺς
3046 3357 3102 3410 δὲ
3133 3355 3498 3429 καθαρωτέρᾳ
3525 3355 3585 3424 τῇ
3614 3351 3745 3420 φύσει

2196 3454 2510 3528 χρωμένους
2557 3454 2766 3516 πάντας
2814 3449 3196 3512 άνεπιδέκτους
3236 3445 3346 3517 (66)
3377 3441 3524 3498 εἶναι
3553 3444 3641 3514 τῆς
3684 3441 3745 3500 είς

2194 3547 2286 3599 τὸν
2331 3544 2559 3614 Σωτῆρα
2602 3543 2858 3604 πίστεως,
2903 3539 2997 3592 καὶ
3035 3538 3134 3607 τῆς
3175 3537 3269 3588 ἐπὶ
3308 3537 3428 3597 ταῖς
3479 3532 3747 3606 τεραστίοις

2196 3635 2485 3706 δυνάμεσιν
2517 3633 2610 3686 ὑπ’
2641 3630 2805 3684 αὑτοῦ
2836 3626 3150 3699 γινομέναις
3184 3624 3598 3695 καταπλήξεως.
3633 3614 3747 3688 Ἐγὼ

2196 3727 2252 3781 δὲ
2280 3724 2486 3797 νομίζω
2519 3724 2614 3777 καὶ
2650 3724 2778 3792 περὶ
2807 3720 2920 3792 (67)
2961 3719 3088 3782 τοὺς
3135 3717 3401 3788 ἄρχοντάς
3429 3733 3487 3769 τι
3514 3711 3745 3785 γίνεσθαι,

2201 3817 2600 3890 μεταϐαλόντας
2633 3813 2743 3883 (68)
2793 3814 2887 3866 ἐπὶ
2944 3811 3004 3864 τὸ
3061 3809 3268 3880 βέλτιον
3319 3809 3377 3860 έν
3427 3809 3498 3878 τῇ
3544 3799 3746 3876 Χριστοῦ

2198 3905 2491 3978 ἐπιδημίᾳο
2536 3904 2676 3958 ὥστε
2721 3901 2872 3964 τινὰς
2919 3900 3045 3963 ὅλας
3097 3897 3299 3960 πόλεις,
3335 3896 3368 3966 ἢ
3400 3896 3498 3949 καὶ
3542 3895 3658 3962 ἔθνη
3689 3891 3750 3942 οξ-

2199 3999 2470 4069 κειότερον
2515 3993 2724 4050 πολλῶν
2763 3990 3058 4062 ἐσχηκέναι
3101 3989 3171 4043 τὰ
3221 3988 3356 4060 πρὸς
3401 3987 3497 4041 τὸν
3528 3981 3746 4058 Χριστόν.

2197 4095 2308 4149 Καὶ
2332 4093 2482 4148 οὐδέν
2512 4109 2576 4162 γε
2608 4091 2806 4146 ἄτοπον
2833 4083 2974 4140 κατά
3009 4083 3212 4153 ταύτην
3245 4080 3342 4151 τὴν
3373 4079 3599 4150 ἐκδοχὴν
3625 4077 3748 4128 ἔσται

2197 4183 2522 4252 τὸλέγεσθαι
2571 4179 2706 4252 πρὸς
2741 4176 2830 4230 τὸν
2885 4171 3187 4246 βασιλικόν
3230 4189 3248 4221 ι
3305 4169 3431 4223 Ἐὰν
3471 4169 3547 4239 μὴ
3583 4162 3749 4252 σηιιῷῑ

2200 4277 2294 4330 καὶ
2325 4275 2527 4347 τέρατα
2570 4272 2736 4342 ἴδητε,
2782 4268 2842 4321 οὐ
2891 4267 2964 4338 μὴ
3018 4261 3369 4332 πιστεύσητε.
3407 4279 3426 4312 ι
3463 4259 3678 4312 Δόναται
3708 4250 3753 4302 δὲ

2201 4346 2443 4440 περὶτῆς
2470 4365 2750 4434 δυνάμεως
2765 4361 2857 4415 τοῦ
2885 4357 3020 4412 Θεοῦ
3051 4352 3389 4427 παρακαλεῖν
3420 4354 3450 4404 ό
3477 4346 3749 4440 βασιλικός,

528 4481 709 4527 autem
734 4483 787 4527 et
815 4474 881 4528 de
909 4471 1148 4543 potentia
1177 4473 1268 4528 Dei
1304 4475 1520 4541 regulus
1543 4470 1856 4536 obsecrare,
1909 4470 2091 4539 profe-

2207 4437 2493 4532 γενόμενος
2534 4458 2671 4529 πρὸς
2716 4455 2899 4518 αὐτὸν,
2945 4453 3094 4514 ὅπως
3133 4445 3344 4516 καταϐῇ
3378 4446 3459 4508 είς
3497 4443 3558 4496 τὸ
3586 4437 3752 4543 χωρίον

525 4575 648 4621 ctus
670 4566 734 4620 ad
754 4566 950 4636 ipsmn,
975 4565 1336 4622 utdescendat
1355 4566 1420 4620 ad
1435 4565 1609 4620 locmn
1629 4561 1960 4617 infirmitatis
1982 4562 2098 4625 ﬁlii,

489 4675 492 4678 ’
525 4666 582 4712 et
613 4658 888 4711 medeatur
915 4659 1228 4727 mgrotanti:
1254 4659 1347 4712 sed
1375 4674 1480 4712 non
1501 4657 1723 4713 omnino
1753 4657 2102 4712 descendisse

523 4765 663 4817 opus
679 4759 763 4804 est
789 4751 852 4804 ad
875 4749 1042 4804 filium
1074 4751 1244 4821 reguli
1272 4750 1681 4806 febricitantem
1702 4747 1931 4814 ;sulIicit
1955 4748 2098 4802 enim

527 4841 658 4896 illud
686 4858 699 4894 :
737 4860 756 4893 ι
779 4841 948 4896 Filius
976 4853 1100 4898 tuus
1123 4843 1253 4898 vivit
1272 4845 1338 4911 ⁸⁸,
1373 4864 1390 4895 ι
1413 4843 1618 4899 dictum
1639 4840 1704 4896 ad
1723 4839 1953 4894 salutem
1975 4838 2093 4903 filii,

596 4997 644 5031 ⁸³
667 4995 822 5052 Joan.
854 5011 926 5061 tv,
961 4995 1049 5054 68.
1127 4996 1316 5050 “ibid.
1339 4996 1426 5050 50.

598 5135 710 5204 (6'5)
749 5131 1082 5204 οἱονεὶντῆς
1109 5132 1246 5201 παρ’
1278 5130 1438 5196 αὐτῷ
1457 5127 1737 5204 ἐκλογῆς.
1756 5125 2093 5204 Valentinia-

527 5196 723 5261 normn
755 5219 916 5259 voces
951 5196 1336 5273 hie'usurpare
1378 5196 1692 5273 origenein,
1731 5196 2095 5273 ut_spiritales

531 5277 777 5330 homines
812 5274 1065 5342 appellet,
1128 5265 1398 5340 conjectat
1424 5265 1741 5342 Ferrarius.
1779 5265 1859 5342 At
1897 5265 2098 5342 electos

532 5356 738 5416 tamen.
761 5336 1015 5416 ἐκλογήν.
1048 5336 1171 5399 ante
1201 5336 1546 5398 Valentinum
1571 5336 1860 5409 appellavit
1901 5336 2098 5392 Paulus

533 5414 836 5475 Romani].
865 5414 1126 5471 Hutz'rtus.

603 5482 716 5552 (66)
748 5474 916 5555 Οἶμαι
943 5485 1051 5555 γὰρ
1081 5485 1178 5540 καὶ
1205 5483 1322 5538 τῶν
1363 5481 1691 5555 ἀρχόιςτῳν,
1740 5489 1846 5533 etc.
1897 5474 2102 5544 Nempe

535 5551 626 5606 hic
657 5551 894 5625 quoque,
933 5551 1164 5608 tit’alibi
1219 5569 1382 5624 schc,
1444 5551 1768 5625 resipiscere
1818 5555 2098 5625 _posse.ct

533 5623 852 5692 pmnitentia
887 5626 1006 5678 duci
1029 5619 1507 5679 daemonestradit.
1535 5621 1651 5692 Quo
1676 5619 1905 5692 nomine
1931 5619 2100 5692 casti-

536 5687 725 5762 igatum
770 5707 912 5762 81Ple
945 5708 975 5745 a
1028 5693 1301 5757 Patribus,
1349 5706 1404 5748 et
1456 5690 1720 5762 conviciis
1771 5687 2101 5762 proscissum

542 5755 692 5820 illum
731 5755 860 5818 alibi
909 5763 1238 5819 notavimus.
1287 5755 1386 5819 Adi
1416 5762 1628 5817 Sixtum
1656 5755 1908 5823 Senens.,
1939 5755 2036 5811 lib.
2072 5768 2104 5806 v

2207 4555 2306 4626 τῆς
2333 4554 2487 4608 νόσου
2524 4550 2617 4604 τοῦ
2656 4547 2890 4608 παιδίον,
2929 4543 3020 4596 καὶ
3055 4541 3270 4610 ἰάσηται
3301 4537 3394 4590 τὸν
3422 4532 3750 4626 νενοσηκότα·

2207 4619 2320 4703 ἀλλ’
2366 4645 2427 4699 οὐ
2477 4643 2693 4704 πάντως
2749 4633 3190 4705 καταϐεϐηκέναι
3237 4631 3318 4683 δεῖ
3347 4629 3460 4700 (69)
3507 4625 3635 4698 πρὸς
3679 4619 3753 4672 τὸν

2208 4741 2318 4794 υίδν
2350 4736 2442 4790 τοῦ
2473 4732 2749 4806 βασιλικοῦ
2774 4728 3138 4800 πυρέττοντα·
3178 4724 3338 4795 ἀρκεῖ
3367 4721 3475 4792 γὰρ
3508 4719 3593 4772 τό·
3639 4712 3752 4806 «30

2206 4835 2317 4898 υἱός
2341 4848 2434 4885 σου
2453 4804 2542 4901 ζῇ,
2582 4847 2600 4880 ι
2625 4825 2758 4897 πρὸς
2783 4819 3054 4891 σωτηρίαν
3103 4816 3392 4885 λεγόμενον
3424 4809 3520 4864 τοῦ
3570 4804 3751 4864 παιδὸς.

2205 5119 2480 5181 ΒίὸίὶυιΙι..
2509 5118 2692 5171 aduot.
2725 5113 2847 5169 151.
2881 5109 2958 5164 in.
3235 5175 3257 5181 Α
3298 5173 3313 5181 _
3344 5175 3355 5181 _
3546 5167 3584 5181 ﬁ
3660 5164 3671 5177 ,

2660 5167 3024 5244 iBodleianus,
3087 5173 3491 5248 μεταϐαλόντας
3506 5186 3520 5201 ο
3546 5167 3750 5237 Regius,

2208 5259 2719 5334 μεταβάλᾎονταςο.-
3101 5318 3114 5334 .
3551 5305 3671 5334 υηης

2276 5309 2635 5402 (ὶξιξῑῖέἑιηέί
2684 5323 3028 5384 Bodleianus,
3091 5314 3507 5375 ἀνεπιδέκτουςο
3551 5309 3751 5376 Regius,

2205 5401 2602 5461 ἀνεπιλέκτους.
2803 5463 2828 5465 _
3284 5455 3296 5465 ,
3359 5455 3395 5465 η
3475 5453 3488 5465 ,

2279 5441 3144 5539 2653635?'coqcxnedtcianus'
3169 5441 3768 5539 περί,’,“⁴ἐίνε;.ῖτὲἒίὲ·ε

2279 5519 2621 5610 (ὀὲὶξᾲόέισκ
2646 5519 2653 5520 ί
2677 5532 3024 5592 Bodleianus,
3088 5519 3518 5596 μεταϐαλόντας
3551 5519 3752 5584 ltegiUS.

2215 5607 2666 5682 wiaﬁwoms:

2281 5651 2870 5750 (6-6,)"C‘6derllcgius,
2905 5671 3072 5736 male,
3106 5664 3306 5730 παντὸς
3348 5651 3756 5726 καταϐεὸηκένιιι

2209 5751 2292 5823 δή,
2329 5761 2434 5806 etc.
