3948 6206
183 263 300 317 Si?

1279 261 1639 316 (IDMMENT.
1684 260 1746 312 IN
1785 259 1972 314 “HN.
2013 258 2252 313 TOMUS
2292 259 2427 314 Xlll.

3359 262 3464 317 bl8

183 377 426 450 ἐναργὲς
467 379 562 432 τοῦ
598 380 724 451 περὶ
764 378 855 431 τοῦ
896 379 1235 448 Δηειιουργοῦ
1276 377 1452 444 λόγου,
1478 376 1554 428 ἔτι
1585 376 1638 428 δὲ
1696 375 1775 428 7.3."

1895 386 2104 427 naturte
2127 375 2443 443 spiritualis,
2472 374 2743 443 quomodo
2777 388 2872 443 per
2898 373 3261 443 prodigiosum
3295 391 3462 444 appa-

186 469 354 542 παρὰ
385 471 488 542 τὴν
519 471 741 543 Γραφὴν
767 469 864 541 τὴν
880 470 1159 536 λέγουσαν
1198 491 1214 518 ιι
1257 470 1315 520 Εἰ
1336 467 1666 538 κρυϐήσεται
1695 468 1782 520 ἄνα

185 559 215 609 0
225 575 417 629 ρωπος
446 561 504 612 ἐν
531 560 836 631 κρυφαίοις,
866 556 1019 626 κάγὼ
1047 559 1148 611 οὐκ
1167 559 1366 628 ὂψομαι
1400 557 1594 621 αὑτόν;
1628 576 1645 607 ι
1668 556 1780 608 καῖ’

187 669 208 700 ς
261 649 469 721 Κύριος
498 649 707 714 ἐτάξων
735 649 966 721 νεφροὺς
999 649 1092 702 καὶ
1121 648 1376 719 καρδίας;
1415 667 1434 700 ι
1473 646 1586 700 καί·
1630 668 1647 698 ι
1673 645 1784 698 Κύ-

189 761 312 814 ριος
360 742 644 812 γινώσκων
692 744 821 807 τοὺς
866 743 1246 812 διαλογισμοὺς
1295 739 1404 793 τῶν
1457 737 1779 810 ἀνθρώπων,

188 834 302 888 κᾶν
331 828 433 888 ὦσι
461 837 714 905 μάταιοι;
759 854 778 886 ι
816 833 941 898 Πῶς
969 834 1026 888 δὲ
1056 833 1218 887 σώσει
1252 833 1346 886 καὶ
1373 833 1453 885 τό·
1483 852 1500 883 ι
1539 832 1596 883 '0
1626 826 1783 892 εἰδὼς

183 925 263 977 τὰ
287 927 465 978 πάντα
492 925 618 996 πρὶν
645 925 913 992 γενέσεως
941 923 1150 986 αῦτῶν;
1197 942 1214 973 ι
1245 922 1324 974 ἐτι
1367 921 1423 974 δὲ
1453 919 1650 991 μᾶλλον
1673 917 1720 972 εί
1747 922 1781 990 ή

187 1014 357 1080 φύσις
381 1013 846 1087 χαρακτηρίζεται
878 1014 971 1067 τοῦ
1017 1014 1254 1077 ίαθέντος
1276 1013 1383 1066 ἀπὸ
1416 1012 1510 1065 τοῦ
1549 1011 1780 1083 ἀριθμοῦ

184 1105 297 1174 τῆς
335 1106 502 1177 ὥρας,
535 1108 620 1176 εἴη
651 1106 813 1174 φύσις
840 1107 938 1177 τῆς
970 1107 1164 1168 ἰάσεως
1203 1104 1460 1175 γινομένη
1488 1103 1565 1174 τῷ
1595 1105 1782 1173 οἰκείῳ

183 1199 261 1267 τῇ
297 1196 602 1250 ἀναπαύσει
635 1196 886 1269 ἁριθμῷ;
921 1196 994 1249 Τὸ
1035 1196 1091 1250 δὲ
1132 1195 1427 1266 διαφθορᾶς
1464 1190 1603 1247 εἷναι
1626 1193 1784 1265 ψυχι-

185 1287 329 1352 κῶν,
359 1289 448 1341 ἐπὶ
474 1287 616 1341 τέλει
651 1281 727 1341 ὧν
761 1287 1074 1359 ἐξεθέμεθα,
1105 1288 1196 1340 ὑπ’
1243 1286 1409 1340 αὑτοῦ
1454 1286 1782 1358 εἰρημένων,

184 1375 703 1449 ἀναγεγραμμένον,
739 1378 1022 1449 ὁμωνυμία
1055 1378 1336 1450 χρωμένου
1377 1378 1514 1440 ἐστὶ,
1540 1378 1634 1430 καὶ
1664 1376 1782 1429 ἐτέ-

191 1485 299 1538 ραν
329 1469 488 1538 φύσιν
514 1472 825 1540 εἰσάγοντος
849 1470 1139 1543 τετάρτην,
1173 1471 1312 1541 ὅπερ
1341 1469 1401 1522 οῦ
1437 1467 1704 1538 βούλεται.

1899 468 2150 522 ritionem
2203 467 2474 522 credidit?
2536 467 2677 536 quod
2735 468 2779 520 si
2838 481 2945 519 non
2979 467 3138 521 aliter
3170 482 3333 536 quam
3369 483 3466 536 per

1895 559 2284 626 apparitionetu
2344 557 2709 626 prodigiosam
2755 557 2978 610 credere
3023 568 3468 624 poterat,conse-

1896 649 2079 717 quitur
2105 651 2255 718 juxta
2285 650 2497 702 illorum
2530 649 2838 717 Opinionem
2868 649 3032 702 etiam
3064 648 3236 716 ipsum
3262 649 3465 701 anima-

1897 738 1999 792 lem
2050 740 2235 794 fuisse.
2282 741 2443 810 277
2495 739 2601 793 Sed
2643 741 2916 807 quomodo
2967 756 3070 793 non
3107 741 3324 808 impium
3357 757 3462 804 ρει,

1893 841 1944 884 et
1970 841 2166 899 praeter
2191 836 2494 886 evidentem
2541 833 2803 885 rationem
2861 833 2924 886 de
2987 832 3175 884 mundi
3236 829 3464 900 Opifice.

1891 922 2033 990 quod
2062 931 2189 976 ante
2225 923 2398 991 ipsum
2431 923 2613 974 mundi
2656 921 2916 990 Opilicem
2967 921 3140 990 angeli
3169 923 3286 990 ejus
3318 924 3468 973 γων-

1893 1013 1998 1066 rint
2033 1029 2222 1068 sanum
2255 1023 2308 1068 et
2337 1015 2605 1069 sincerum
2658 1015 2873 1068 modum
2898 1015 3116 1069 vivendi
3153 1031 3340 1068 eorum
3373 1018 3466 1084 qui

1891 1114 2108 1174 propter
2156 1109 2447 1175 potentiam
2499 1107 2811 1159 Servatoris
2862 1107 3113 1160 meliores
3168 1108 3294 1160 facti
3353 1109 3468 1160 fne-

1893 1197 2021 1259 rint,
2071 1205 2256 1250 contra
2303 1197 2637 1266 Ser'ptnram
2697 1199 2968 1251 dicentem
3005 1214 3018 1249 :
3050 1217 3066 1248 ι
3106 1197 3236 1250 Num
3286 1200 3471 1251 uenul-

1893 1285 2094 1339 tabitur
2123 1289 2284 1342 homo
2312 1289 2363 1342 in
2399 1289 2532 1342 locis
2568 1289 2902 1352 latentibus“
2922 1299 2974 1342 et
3002 1304 3104 1357 ego
3139 1307 3244 1344 non
3271 1291 3468 1344 videbo

1891 1392 2014 1430 eum
2044 1377 2122 1431 ’“?
2171 1397 2190 1430 ι
2226 1389 2279 1432 et
2312 1396 2326 1432 :
2386 1397 2403 1428 ι
2456 1379 2716 1433 Dominus
2768 1389 3021 1434 scrutans
3055 1397 3231 1445 tenes,
3259 1391 3311 1435 et
3343 1399 3468 1435 cor-

1891 1471 1956 1522 tla
1988 1469 2068 1532 ’9;
2112 1488 2130 1520 ι
2162 1481 2212 1523 et
2243 1486 2255 1521 :
2306 1490 2324 1521 ι
2363 1471 2618 1525 Dominus
2646 1486 2974 1540 cognoscens
2997 1473 3347 1541 cogitationes
3375 1475 3470 1528 Ito-

189 1565 424 1631 minttm,
479 1566 734 1635 quoniam
783 1581 937 1621 vana:
990 1577 1117 1621 sunt
1145 1566 1198 1620 ‘?
1231 1584 1249 1618 ι
1288 1565 1574 1632 Quomodo
1617 1565 1780 1617 etiam
1826 1575 2010 1619 servat
2057 1566 2184 1618 illud
2231 1581 2244 1618 :
2285 1585 2302 1618 ι
2337 1568 2437 1634 Qui
2493 1569 2637 1622 videt
2691 1569 2873 1622 omnia
2928 1580 3056 1623 ante
3098 1581 3276 1625 ortum
3326 1571 3468 1641 ipso-

186 1673 316 1713 rum
342 1663 386 1726 ”,
429 1678 448 1712 ι
481 1663 713 1717 inaxime
738 1663 784 1718 si
815 1673 1008 1717 natura
1047 1663 1220 1717 sanati
1252 1661 1526 1731 designata
1573 1661 1640 1716 ab
1670 1661 1818 1714 liora:
1852 1677 2095 1726 numero,
2134 1663 2203 1715 sit
2252 1673 2441 1717 natura
2493 1665 2871 1718 medicamenti
2913 1665 3050 1718 facta
3095 1681 3318 1720 numero
3379 1669 3469 1735 qui

182 1752 636 1808 accommodatus
683 1764 770 1809 est
813 1754 882 1808 ad
913 1755 1193 1825 quietem?
1240 1753 1390 1820 Quod
1451 1768 1578 1808 vero
1629 1755 1893 1824 scriptum
1939 1765 2019 1809 cst
2057 1767 2278 1826 propter
2337 1757 2740 1825 corruptionem
2797 1772 3008 1822 eorum,
3055 1759 3143 1825 qni
3187 1770 3314 1812 sunt
3347 1763 3470 1812 ani-

181 1844 398 1912 uitales,
454 1845 508 1900 in
553 1847 658 1902 llne
712 1861 906 1902 eorum
955 1863 1075 1918 quae
1119 1847 1464 1918 exposuimus
1517 1847 1582 1902 ab
1636 1861 1704 1902 eo
1751 1847 1894 1902 dicta
1948 1849 2134 1913 luisse,
2177 1850 2535 1920 mqnirocatio
2572 1849 2777 1904 utentis
2827 1860 2936 1916 est,
2975 1859 3028 1903 et
3072 1850 3468 1906 introduccniis

177 1940 350 1993 aliam
409 1949 659 2009 quartam
713 1952 982 2005 naturam.
1041 1942 1186 2011 quod
1237 1942 1350 2010 ipse
1383 1956 1488 1994 non
1545 1942 1832 2009 approbat.

258 2031 352 2084 60.
386 2050 404 2081 ι
437 2031 606 2085 Τοῦτο
632 2031 688 2084 δὲ
723 2032 880 2086 πάλιν
923 2032 1170 2103 δεύτερον
1200 2035 1425 2103 σημεῖον
1461 2032 1715 2103 ἐποίησεν
1746 2033 1775 2086 ὁ

1951 2037 2068 2093 60.ι
2104 2037 2212 2092 Iloc
2239 2047 2417 2091 autem
2442 2052 2631 2091 rursus
2657 2037 2873 2106 signum
2896 2038 3022 2093 fecit
3048 2043 3347 2095 secundum
3371 2040 3456 2095 Je-

189 2122 434 2192 Ίησοῦς,
464 2123 633 2176 ἐλθὼν
657 2125 720 2177 ἐκ
751 2126 849 2196 τῆς
893 2123 1148 2187 Ἰουδαίας
1181 2125 1262 2187 εἰς
1289 2125 1391 2195 τὴν
1412 2123 1724 2181 Γαλιλαίαν.
1754 2143 1772 2177 ι

175 2215 264 2266 Τὸ
297 2215 459 2284 ῥητὸν
477 2214 772 2284 ἀμφίϐολόν
793 2216 929 2268 ἐστι·
966 2214 1222 2286 σημαίνει
1245 2216 1356 2287 γὰρ
1392 2215 1454 2267 τὸ
1483 2215 1582 2286 μὲν
1611 2213 1781 2268 τοιοῦ-

169 2319 302 2367 τον,
331 2307 390 2357 ἐν
427 2307 492 2375 τῇ
523 2305 628 2357 ἀπὸ
656 2305 757 2375 τῆς
809 2307 1069 2370 Ἰουδαίας
1096 2308 1177 2370 είς
1215 2307 1316 2377 τὴν
1341 2305 1631 2360 Γαλιλαίαν
1656 2307 1779 2359 ἐπι-

172 2394 362 2465 δημίᾳ
391 2397 420 2448 ὁ
468 2394 674 2465 Ἰησοῦς
711 2395 804 2450 δύο
845 2400 1047 2468 σημεῖα
1092 2399 1420 2468 πεποίηκεν,
1462 2391 1537 2450 ὧν
1564 2397 1626 2450 τὸ
1653 2397 1781 2469 περὶ

173 2484 282 2539 τὸν
314 2485 426 2538 υιὸν
467 2484 565 2539 τοῦ
613 2485 892 2556 βασιλικοῦ
936 2487 1186 2561 δεύτερόν
1228 2491 1365 2542 ἐστι·
1402 2488 1494 2542 δύο
1526 2489 1636 2560 γὰρ
1685 2503 1782 2559 ση-

186 2579 365 2648 μείων
399 2579 514 2650 (77)
543 2578 714 2634 ὄντων
744 2579 781 2634 ἃ.
805 2581 1059 2652 ἐποίησεν
1108 2583 1166 2636 ἐν
1207 2585 1272 2653 τῇ
1326 2581 1584 2653 Γαλιλαίᾳ
1617 2583 1645 2635 ὁ
1677 2583 1781 2651 Ἰη-

189 2670 343 2734 σοῦς,
367 2671 427 2724 τὸ
462 2669 714 2742 δεύτερον
729 2673 1030 2743 πεποίηκεν
1057 2672 1228 2727 ἐλθὼν
1243 2674 1352 2726 ἀπὸ
1382 2674 1480 2744 τῆς
1517 2673 1779 2737 Ἰουδαίας

185 2761 272 2821 εἰς
315 2759 413 2830 τὴν
462 2759 772 2814 Γαλιλαίαν
804 2763 896 2816 καὶ
934 2761 1092 2816 τοῦτό
1123 2762 1188 2832 γέ
1217 2765 1328 2817 ἐστι
1357 2765 1419 2818 τὸ
1459 2763 1646 2817 δεκτὺν
1685 2765 1780 2817 καὶ⁹

185 2850 393 2921 ἀληθές
422 2851 552 2921 (78)·
585 2852 647 2904 οῦ
696 2851 804 2924 γὰρ
831 2853 890 2907 τὸ
925 2853 1188 2926 πρότερον
1236 2856 1345 2908 ἀπὸ
1381 2855 1482 2926 τῆς
1522 2855 1778 2919 Ἰουδαίας

187 2945 276 3007 εἰς
306 2945 405 3015 τὴν
436 2943 728 2998 Γαλιλαίαν
777 2945 944 2999 ἐλθὼν
992 2947 1284 3018 πεποίηκε’
1319 2947 1381 3002 τὸ
1427 2948 1482 3001 δὲ
1517 2948 1779 3020 πρότερόν

188 3038 312 3090 ἐστι
339 3037 401 3091 τὸ
432 3039 560 3109 περὶ
573 3038 672 3110 τὴν
695 3039 994 3112 μεταϐολὴν
1015 3041 1111 3096 τοῦ
1141 3041 1334 3106 ῦδατος
1362 3043 1443 3106 είς
1463 3038 1624 3106 οἶνον,
1642 3043 1779 3113 ὅπερ

187 3131 416 3198 γέγονεν
449 3133 505 3184 ἐν
535 3134 602 3203 τῇ
629 3131 910 3204 ἐπαύριον⁸
941 3134 1080 3204 ὅπερ
1108 3132 1280 3187 αίτιον
1304 3133 1518 3202 ἐγένετο
1544 3134 1636 3188 καὶ
1666 3133 1776 3203 (79)

186 3221 288 3274 τοῦ
326 3223 579 3294 Ἀνδρέαν
608 3225 700 3277 τὸν
729 3224 958 3294 ἀδελφὸν
992 3225 1236 3296 Σίμωνος
1271 3225 1500 3297 Πέτρου,
1536 3224 1778 3295 πυθόμε-

186 3331 280 3367 νον
313 3313 419 3368 ποῦ
453 3315 623 3386 μένει,
670 3316 796 3388 περὶ
843 3317 1078 3389 δεκάτην
1112 3317 1261 3389 ὥραν
1307 3317 1406 3388 τῆς
1439 3317 1649 3389 ἡμέρας
1682 3333 1779 3387 με·

1881 2144 1995 2192 sns,
2020 2131 2245 2183 veniens
2267 2143 2295 2181 a
2316 2126 2499 2182 Judma
2520 2129 2572 2182 in
2597 2128 2878 2183 Galilaeam
2908 2131 2948 2183 ³.
2993 2149 3010 2182 ι
3045 2131 3140 2184 llic
3179 2143 3467 2187 contextus

1881 2231 1964 2275 est
1996 2221 2321 2290 ambiguus;
2365 2221 2528 2274 liabet
2585 2219 2728 2272 enim
2774 2220 2934 2273 talem
2983 2221 3463 2291 significationem,

1883 2312 2034 2380 quasi
2067 2310 2227 2366 Jesns
2260 2310 2370 2365 duo
2399 2311 2551 2380 signa
2583 2309 2797 2374 fecerit,
2829 2326 2948 2364 eum
2986 2312 3196 2367 veniret
3225 2329 3252 2365 a
3277 2313 3462 2369 ,Ιιιόιιιει

1883 2403 1934 2456 in
1965 2401 2265 2467 Galilmam,
2294 2415 2525 2470 quormn
2561 2401 2775 2470 signum
2811 2403 2876 2453 de
2910 2402 3025 2456 tilio
3058 2403 3227 2474 reguli
3258 2405 3330 2459 sit
3371 2421 3462 2460 se-

1881 2493 2113 2546 cundum
2147 2508 2162 2545 :
2197 2503 2251 2546 et
2284 2492 2428 2561 quod
2462 2492 2567 2546 duo
2597 2491 2751 2562 signa
2779 2507 2902 2546 cum
2939 2494 3047 2546 sint
3091 2510 3212 2563 qua:
3269 2495 3465 2551 fecerit

1879 2579 2039 2636 Jeans
2077 2581 2128 2634 in
2169 2579 2419 2643 Galilma,
2462 2581 2759 2634 secumlnm
2807 2579 3016 2645 fecerit,
3063 2581 3284 2634 veniens
3311 2597 3341 2636 a
3368 2579 3464 2637 Iu-

1880 2675 1992 2726 daea
2023 2672 2076 2725 in
2116 2669 2431 2725 Galilazamz
2469 2677 2659 2739 estque
2695 2671 2795 2722 hoc
2827 2679 3100 2738 receptum
3137 2679 3191 2722 et
3220 2684 3452 2734 verum;

1881 2776 2056 2833 neque
2104 2763 2251 2817 enim
2290 2775 2413 2815 cum
2451 2761 2892 2830 proficisceretur
2920 2775 2948 2813 a
2986 2759 3174 2815 Judaea
3225 2762 3277 2814 in
3317 2761 3463 2816 Gali-

1880 2855 2056 2917 laeam,
2109 2855 2342 2923 primum
2399 2853 2548 2918 fecit,
2605 2854 2699 2907 sed
2761 2852 2992 2922 primum
3055 2851 3184 2906 fecit
3243 2855 3464 2921 quando

1881 2948 2109 3002 mutavit
2154 2962 2348 3017 aquam
2387 2947 2438 3000 in
2468 2946 2650 2999 vinum
2689 2959 2704 2998 :
2739 2942 3055 3011 factumque
3103 2952 3187 2996 est
3238 2956 3456 3013 postera

1880 3035 1988 3103 die,
2017 3033 2225 3104 fuitque
2263 3034 2429 3089 etiam
2459 3034 2512 3087 in
2545 3049 2705 3089 causa
2736 3047 2793 3086 ιιι
2835 3031 3105 3096 Andreas,
3167 3033 3336 3088 frater
3369 3033 3459 3086 Si-

1879 3130 2055 3184 monis
2090 3129 2255 3194 Petri,
2297 3128 2640 3197 interrogans
2673 3125 2762 3181 ubi
2813 3134 3078 3192 maneret,
3129 3126 3275 3180 circa
3315 3127 3463 3181 deci-

1879 3237 2022 3276 mam
2057 3220 2162 3275 diei
2195 3221 2381 3276 horam
2421 3219 2564 3288 apud
2605 3217 2891 3272 Dominum
2935 3225 3184 3272 maneret
3219 3217 3270 3284 ‘;
3319 3219 3458 3271 seri-

1879 3324 2030 3384 ptum
2077 3323 2155 3368 est
2201 3313 2396 3368 enim:
2431 3328 2450 3362 ι
2487 3309 2765 3365 Postridie
2813 3310 2983 3364 voluit
3022 3310 3177 3362 exire
3225 3311 3278 3362 in
3312 3307 3461 3363 Gali-

189 3411 490 3480 μενηκέναι
533 3411 684 3484 παρὰ
729 3412 807 3484 τῷ
849 3414 1061 3486 Κυρίῳ·
1111 3413 1420 3486 γέγραπται
1463 3413 1593 3485 γάρ·
1637 3429 1656 3466 ι
1694 3413 1772 3484 Τῇ

1885 3404 2054 3470 Iaeani,
2083 3413 2138 3460 et
2171 3403 2375 3458 invenit
2416 3401 2724 3469 Philippum
2754 3400 2797 3454 ⁸.
2831 3415 2852 3452 ι
2887 3398 2994 3453 Sed
3039 3399 3159 3453 vide
3209 3415 3336 3454 num
3378 3400 3460 3452 in-

184 3499 453 3570 ἐπαύριον
496 3501 761 3572 ἠθέλησεν
811 3501 1042 3568 ἐξελθεῖν
1083 3506 1164 3568 είς
1189 3505 1290 3577 τὴν
1320 3503 1632 3566 Γαλιλαίαν,
1680 3503 1776 3556 καὶ

187 3589 438 3661 εὑρίσκει
463 3592 744 3646 Φίλιππον.
793 3612 813 3645 ι
851 3594 992 3664 Ὅρα
1033 3594 1096 3666 δὴ
1124 3595 1223 3666 τὴν
1255 3594 1566 3664 οἰκονομίαν
1598 3593 1647 3645 εί
1681 3591 1772 3645 δυ-

186 3681 407 3750 νάμεθα
432 3682 640 3752 νοῆσαι,
660 3681 738 3754 τῷ
771 3683 867 3737 καὶ
901 3682 1400 3754 ἐπισεσημειῶσθαι
1429 3682 1521 3736 τὸν
1553 3682 1777 3750 εὐαγγε-

185 3772 379 3843 λιστὴν
408 3773 535 3845 περὶ
571 3773 664 3828 τοῦ
697 3773 945 3846 δεύτερον
980 3774 1138 3828 τοῦτο
1175 3775 1238 3828 τὸ
1279 3777 1506 3845 σημεῖον
1557 3771 1776 3841 γεγονέ-

187 3884 302 3929 vat,
328 3865 677 3930 κατελθόντος
701 3867 810 3921 ἀπὺ
825 3867 926 3939 τῆς
963 3865 1222 3930 Ἰουδαίας
1250 3868 1331 3931 είς
1355 3866 1454 3936 τὴν
1485 3862 1776 3918 Γαλιλαίαν

186 3956 284 4010 τοῦ
319 3956 543 4027 Κυρίου.
587 3957 876 4029 Ἐλέγομεν
904 3958 962 4012 δὲ
989 3959 1049 4012 ἐν
1080 3960 1193 4020 τοῖς
1221 3957 1482 4027 ἀνωτέρω
1518 3953 1776 4008 δύνασθαι

188 4049 291 4112 τὰς
315 4048 429 4102 δύο.
449 4051 529 4113 εἰς
557 4049 656 4122 τὴν
691 4047 847 4105 Κανᾶ
888 4044 981 4098 τοῦ
1014 4051 1267 4122 Σωτῆρος
1299 4047 1456 4120 ἡμῶν
1483 4045 1778 4118 ἐπιδημίας

191 4142 274 4201 εἰς
311 4139 576 4210 σύμϐολον
603 4140 973 4212 λαμϐάνεσθαι
995 4141 1105 4196 τῶν
1129 4141 1223 4195 δύο
1251 4137 1417 4194 αὐτοῦ
1443 4140 1522 4202 είς
1546 4138 1644 4208 τὴν
1673 4136 1776 4207 γῆν

193 4231 516 4302 ἐπιδημιῶν,
559 4232 682 4302 ἥτις
725 4231 878 4303 παρὰ
916 4231 977 4286 τὸ
1021 4231 1207 4304 κτῆμα
1252 4229 1417 4286 αὑτοῦ
1469 4229 1774 4299 γεγονέναι,

196 4322 477 4392 εἰληφότος
506 4325 686 4377 πᾶσαν
717 4324 965 4391 ἐξουσίαν
996 4323 1071 4388 ὡς
1096 4326 1154 4377 ἐν
1173 4323 1387 4396 οὐρανῷ
1412 4324 1506 4379 καὶ
1535 4324 1630 4377 ἐπὶ
1650 4322 1774 4394 γῆς,

201 4415 352 4467 Κανᾶ
374 4414 666 4486 ὠνομάσθη
693 4415 828 4484 (80).
857 4417 938 4486 Τῇ
975 4416 1072 4486 μὲν
1113 4412 1206 4469 οὖν
1235 4415 1477 4488 προτέρᾳ
1511 4413 1774 4484 ἐπιδημίᾳ

203 4504 334 4574 μετὰ
382 4505 443 4558 τὸ
495 4504 718 4578 λουτρὸν
773 4508 920 4577 ἡμᾶς
959 4506 1240 4579 εὐφραίνει
1291 4505 1775 4575 συνδιαιτωμένους

200 4594 364 4666 αὐτιῖι,
415 4597 508 4650 καὶ
555 4597 730 4662 διδοὺς
761 4599 854 4652 τοῦ
884 4601 949 4652 ἐκ
983 4598 1084 4670 τῆς
1114 4598 1396 4669 δυνάμεως
1433 4595 1599 4650 αὐτοῦ
1634 4596 1775 4648 οίνου

204 4690 361 4754 πιεῖν,
414 4687 603 4753 ῦδατος
639 4690 739 4760 μὲν
779 4691 1155 4762 τυγχάνοντος,
1188 4691 1276 4743 ὅτε
1321 4688 1552 4760 ἧντλητο
1583 4685 1777 4757 πρότε-
1809 4724 1852 4779 D

206 4797 314 4849 ρον·
358 4781 499 4834 οἴνου
529 4781 586 4834 δὲ
635 4782 950 4852 γενομένου,
977 4783 1065 4836 ὅτε
1110 4781 1241 4835 αὐτὸ
1273 4779 1382 4851 (81)
1417 4776 1776 4850 μετεποίησεν

215 4871 434 4941 Ἰησοῦς.
468 4872 578 4925 Καὶ
619 4872 730 4944 γὰρ
756 4873 974 4944 άληθῶς
1013 4873 1121 4944 πρὸ
1153 4872 1252 4943 μὲν
1295 4869 1470 4941 Ἰησοῦ
1519 4869 1552 4938 ὴ
1582 4867 1774 4940 Γραφὴ

204 4960 341 5032 ὕδωρ
389 4956 477 5032 ἦν·
510 4962 620 5016 ἀπὸ
643 4963 701 5016 δὲ
733 4961 828 5016 τοῦ
883 4961 1059 5033 Ἰησοῦ
1103 4957 1244 5022 οἶνος
1279 4961 1413 5030 ἡμῖν
1459 4957 1768 5028 γεγένηται.

206 5053 280 5122 Τῇ
322 5051 374 5105 δὲ
401 5052 630 5125 δευτέρᾳ
660 5053 770 5125 (82)
804 5053 1066 5125 ἐπιδημίᾳ
1117 5051 1341 5106 ἀπολύει
1373 5049 1466 5103 τοῦ
1514 5049 1774 5120 πυρετοῦ,

1880 3496 2120 3566 telligere
2175 3495 2446 3565 possimus
2499 3491 2860 3547 oeconomiam
2895 3507 2908 3542 :
2943 3505 3008 3545 eo
3055 3491 3200 3560 quod
3255 3491 3461 3544 notarit

1876 3591 2040 3644 etiam
2083 3589 2415 3658 evangelista
2461 3587 2564 3641 hoc
2622 3583 2920 3641 secundum
2975 3583 3193 3651 signum
3247 3582 3452 3635 factum

1878 3679 2046 3734 fuisse
2072 3693 2198 3733 eum
2229 3677 2586 3732 descenderet
2633 3673 2895 3728 Daminus
2927 3690 2956 3726 a
2988 3671 3170 3727 ludam
3221 3673 3271 3726 in
3304 3671 3458 3728 Gali-

1879 3771 2053 3826 latam.
2091 3770 2336 3825 Diximus
2365 3776 2547 3821 autem
2584 3766 2638 3820 in
2677 3763 3056 3832 superioribus
3087 3765 3222 3818 duos
3253 3764 3455 3818 Serva-

1880 3863 2013 3918 toris
2038 3861 2208 3916 nostri
2256 3860 2525 3914 adventus
2573 3856 2627 3912 in
2672 3857 2878 3912 Canam
2931 3853 3106 3922 accipi
3141 3869 3301 3924 posse
3356 3869 3458 3923 pro

1879 3953 2088 4006 duobus
2119 3949 2289 4020 ipsius
2332 3961 2499 4018 super
2532 3957 2731 4002 terram
2776 3945 3097 4000 adventibus
3132 3961 3146 3997 :
3178 3959 3299 4014 qua:
3331 3945 3458 4014 qui-

1878 4041 2000 4098 dem
2032 4050 2198 4104 tcrra,
2227 4039 2354 4109 quia
2382 4038 2522 4092 facta
2555 4039 2630 4094 sit
2656 4036 2936 4110 possessio
2961 4033 3098 4103 ejus,
3128 4035 3218 4104 qni
3245 4034 3458 4104 accepit

1878 4142 2203 4204 potestatem
2236 4144 2474 4195 onmem,
2511 4131 2583 4184 ita
2615 4131 2667 4185 in
2706 4139 2874 4192 terra,
2896 4126 3351 4198 quemadmodum
3401 4127 3456 4181 in

1877 4225 2017 4280 caelo
2049 4225 2093 4288 ⁸,
2137 4223 2338 4277 idcirco
2372 4222 2528 4275 Κανᾶ
2585 4220 2850 4290 appellata
2885 4227 2988 4273 est.
3045 4217 3230 4272 Primo
3273 4218 3460 4286 itaque

1877 4315 2109 4383 adyentu
2146 4327 2240 4368 nos
2277 4323 2395 4383 post
2436 4311 2710 4366 lavacrum
2763 4325 2885 4364 cum
2941 4309 3060 4378 ipso
3095 4309 3452 4362 convivantes

1877 4371 2170 4470 exbilarat,
2205 4371 2367 4458 etiam
2403 4403 2614 4458 donans
2644 4409 2702 4454 ut
2749 4371 2996 4454 bibamus
3041 4414 3072 4452 e
3109 4398 3239 4452 vino
3272 4404 3458 4465 poten-

1880 4501 1966 4553 tiae
1998 4513 2130 4564 suae,
2159 4496 2302 4566 quod
2327 4495 2551 4564 quidem
2584 4506 2726 4562 aqua
2754 4501 2875 4545 erat
2916 4488 3133 4558 quando
3168 4485 3458 4540 haurieba-

1881 4601 1966 4646 tur
1995 4599 2191 4652 antea;
2242 4587 2409 4656 278
2436 4585 2532 4639 sed
2586 4584 2765 4636 vinum
2799 4580 2944 4635 facta
2980 4591 3084 4643 est,
3117 4577 3330 4648 quando
3361 4576 3457 4630 im-

1881 4679 2111 4732 nmtavit
2168 4675 2316 4729 illam
2383 4673 2565 4728 Jesns.
2621 4671 2837 4725 Etenim
2891 4683 3015 4723 rere
3092 4675 3219 4721 ante
3267 4664 3454 4720 Jesum

1883 4769 2167 4838 Scriptura
2214 4773 2332 4820 erat
2361 4779 2531 4833 aqua;
2563 4762 2724 4815 simul
2771 4770 2952 4814 autem
2979 4767 3142 4829 atque
3175 4759 3318 4812 venit
3359 4755 3454 4810 Je»

1881 4877 1996 4926 sus,
2027 4863 2166 4914 facta
2205 4873 2290 4913 est
2331 4855 2486 4911 nobis
2517 4855 2722 4910 vinum.
2753 4853 3000 4908 Secundo
3037 4866 3164 4907 vero
3213 4852 3452 4905 adventu

1879 4953 2075 5010 liberat
2131 4965 2160 5004 a
2192 4949 2348 5015 febri,
2410 4959 2652 5014 tempore
2682 4945 2905 5016 judieii,
2963 4944 3104 5013 quod
3153 4941 3229 4996 illi
3271 4960 3300 4994 a
3343 4941 3453 4992 Dm)

1884 5044 2253 5103 concreditum
2284 5041 2385 5097 fuit
2413 5048 2470 5096 ut
2491 5039 2723 5112 judieet,
2755 5039 2992 5093 liberans
3019 5054 3047 5088 a
3083 5035 3220 5091 febri
3253 5045 3304 5087 et
3327 5047 3454 5101 per-

275 5187 535 5243 ”Jerem.
567 5204 721 5252 χχιιι,
753 5189 842 5242 24.
892 5189 936 5220 ⁹⁹
962 5186 1102 5242 l’sal.
1129 5202 1222 5254 vn,
1251 5181 1334 5240 l0.
1414 5183 1429 5216 ¹
1456 5183 1601 5239 Psal.
1631 5198 1775 5245 Χιςιιι1

1885 5225 1888 5235 ,
1965 5179 2276 5250 'Dan.xnt,
2298 5179 2392 5236 42.
2467 5180 2488 5212 ³
2509 5178 2668 5236 Joan.
2693 5178 2874 5246 ιν,54.
2951 5173 3151 5230 I*Joan.
3174 5189 3212 5235 ι,
3241 5171 3330 5234 38,
3361 5170 3450 5226 59.

209 5265 232 5297 ⁵
263 5261 383 5314 ibid.
408 5260 499 5312 45.
577 5259 598 5288 ⁸
620 5257 812 5312 Matth.
842 5273 1032 5322 xxvnt,
1060 5256 1144 5312 l8.

273 5399 380 5466 (77)
401 5389 580 5453 Codex
607 5391 950 5459 Bodleiann.:.,
971 5393 1066 5449 δύο
1097 5395 1204 5466 γὰρ
1232 5394 1474 5464 σημείων
1498 5409 1514 5422 ·
1547 5391 1765 5462 Regius,

212 5469 266 5521 τὸ
292 5469 345 5521 δέ
376 5485 429 5520 τι
448 5467 654 5538 τοιοῦτο
689 5467 948 5538 σημείων.
990 5536 1001 5538 _
1113 5536 1120 5538 _
1227 5519 1230 5522 .

277 5539 381 5608 (78)
407 5539 584 5592 Codex
609 5529 953 5601 Bodle'ianus,
983 5536 1166 5589 δεκτὸν
1193 5535 1287 5587 καὶ
1313 5531 1512 5604 ἀληθές
1529 5548 1542 5560 ·
1571 5529 1772 5596 Regius

215 5611 378 5661 omisit
399 5610 512 5662 καί.

277 5701 597 5762 (Ἱ91Ὃπεο
625 5700 817 5754 αἴτιον
841 5700 1074 5753 ἐγένετο
1103 5697 1222 5750 καί.
1277 5696 1432 5749 Deest
1481 5695 1532 5746 in
1583 5692 1771 5745 codice

1888 5387 2078 5470 Regio,
2099 5390 2206 5470 _s_ed
2232 5385 2436 5470 legitur
2462 5388 2520 5470 in
2535 5385 2874 5470 "Bodleiano.

1949 5450 2072 5529 (ΒΟ)
2092 5457 2256 5512 Κανᾶ
2278 5450 2618 5526 ὤνομιίσθη.
2659 5460 2696 5510 Λ
2724 5467 2848 5542 περ,
2879 5469 2897 5506 ι
2929 5450 3202 5524 possedit.
3230 5471 3250 5505 ι

1953 5550 2066 5619 (81)
2089 5549 2424 5619 Bodleianus
2456 5550 2624 5601 codex
2653 5549 2804 5612 αὐτό,
2841 5548 3039 5616 llcgins
3083 5557 3137 5599 ct
3197 5545 3455 5599 Baibcri-

1882 5636 2003 5678 nus.
2041 5618 2225 5673 αὐτόν.

1954 5689 2064 5752 (8‘2)
2102 5687 2178 5754 Τῇ
2218 5687 2286 5740 δὲ
2313 5686 2578 5752 δευτέρᾳ.
2615 5687 2668 5740 In
2701 5687 2867 5752 Regio
2903 5687 3089 5740 codice
3122 5686 3264 5740 deest
3297 5688 3381 5739 δέ.
