3878 6210
523 267 631 322 519

1973 255 2295 314 ORlGENIS
3638 263 3720 318 δτξο

520 393 656 446 t‘ecte
688 402 887 443 sanans
915 386 1086 457 reguli
1119 385 1311 450 lilium,
1340 384 1455 438 sive
1487 383 1741 449 Abrahte,
1789 382 1902 438 sive
1931 381 2080 452 prin-

2199 377 2325 431 ιιατά
2363 376 2452 429 τὸν
2486 374 2676 444 καιρὸν
2727 375 2824 444 τῆς
2875 373 3108 443 κρίσεως
3135 373 3199 443 ἢν
3227 373 3515 443 ἐπιστεύθη
3553 378 3720 446 κρίνειε,

517 481 652 549 cipis
707 477 932 546 alicujus
987 477 1077 546 qui
1115 475 1333 546 regulus
1369 474 1695 530 nominetur.
1730 473 1795 528 Et
1821 473 1936 528 haec
1969 473 2088 541 qui-

518 571 638 624 dem
691 569 856 623 veluti
904 566 1280 637 praetereundo
1331 565 1641 633 superiores
1683 563 2084 634 expositiones;

519 677 752 732 quarum
779 661 1035 732 quoniatn
1069 671 1338 712 memores
1363 673 1461 711 nos
1488 672 1608 711 esse
1637 666 1872 725 oportet,
1905 656 2089 709 dicen-

519 754 643 806 dum
680 733 931 805 est'lieri
959 765 1120 820 posse
1150 759 1206 803 ut
1238 750 1416 803 omnis
1441 759 1696 802 creatura
1729 747 1994 816 duplicent
2025 745 2088 799 il-

516 844 622 896 lius
655 848 942 896 adventum
993 841 1134 894 hunc
1165 840 1230 892 ad
1271 854 1329 894 se
1355 839 1678 893 consideret.
1733 837 1970 891 Proinde
2009 836 2089 889 in-

516 934 716 1002 spicies
774 948 902 986 num
961 931 1277 1000 principalis
1314 931 1578 985 dicendus
1613 929 1684 983 sit
1732 928 1834 982 hac
1880 927 2086 981 ratione

515 1027 746 1096 primus,
777 1039 1010 1093 sequens
1036 1039 1163 1078 \ero
1195 1023 1465 1076 secmidus
1499 1036 1513 1073 :
1541 1021 1674 1074 adeo
1703 1030 1760 1073 ut
1785 1019 1836 1073 in
1885 1017 2087 1088 princi-

519 1125 622 1191 pali
657 1121 1027 1176 exhilarentnr
1053 1122 1104 1174 hi
1133 1121 1222 1188 qui
1253 1134 1374 1173 eum
1402 1120 1735 1187 receperint;
1763 1118 1813 1170 in
1848 1115 2086 1170 secundo

516 1228 646 1267 vero
681 1212 978 1265 liberentur
1007 1214 1078 1265 ab
1112 1210 1257 1264 omni
1291 1210 1477 1263 morbo
1509 1218 1563 1263 et
1591 1208 1658 1262 ab
1693 1206 1876 1277 ignitis
1907 1206 2088 1259 inimi-

516 1305 562 1358 ri
592 1305 808 1376 sagittis
847 1303 900 1357 ιιί
941 1302 1029 1372 qui
1076 1301 1364 1356 noluerant
1415 1308 1570 1352 antea
1612 1301 1677 1353 de
1703 1299 1820 1366 ejus
1855 1297 1977 1350 vino
2005 1296 2088 1351 bi-

518 1397 666 1450 bere.
702 1395 764 1448 lit
794 1395 1024 1463 primum
1056 1394 1278 1462 quidem
1309 1392 1629 1445 miraculum
1660 1389 1947 1444 indivisum
1980 1397 2086 1451 est,

518 1503 642 1539 nam
670 1486 830 1539 Cana:
855 1497 936 1538 est
967 1497 1020 1538 ct
1046 1485 1135 1553 qui
1171 1501 1366 1553 aquam
1397 1484 1560 1537 vertit
1587 1483 1639 1536 in
1667 1483 1876 1546 vinum,
1909 1491 1963 1534 et
1996 1479 2085 1547 qui

518 1579 743 1640 bibunt;
775 1576 1073 1631 secundum
1101 1591 1226 1629 vero
1258 1574 1578 1628 miraculum
1606 1574 1896 1640 quamdam
1925 1571 2084 1626 veluti

517 1669 914 1738 separationem
969 1667 1179 1720 habet:
1223 1681 1348 1718 nam
1401 1665 1542 1718 [ilius
1597 1663 1765 1729 reguli
1815 1673 2086 1732 mgrotans

2188 467 2295 522 ἀπὸ
2340 466 2432 520 τοῦ
2483 465 2639 528 Θεοῦ,
2677 463 2925 518 ἀπολύων
2973 463 3067 516 τοῦ
3115 463 3376 536 πυρετοῦ,
3411 465 3502 516 καὶ
3536 467 3725 536 ἰώμενος

2189 558 2462 621 παντελῶς
2494 557 2582 609 τὸν
2602 557 2696 609 τοῦ
2724 555 2998 626 βασιλικοῦ
3033 557 3168 618 υἱὸν,
3195 555 3308 608 εἴτε
3352 557 3609 627 Ἀϐραάμ,
3637 560 3719 612 εἴτε

2189 650 2444 722 ἄρχοντός
2487 666 2628 712 τινος
2670 648 3070 719 ὀνομαζομένου
3106 647 3408 717 βασιλικοῦ.
3442 648 3547 702 Καὶ
3585 649 3720 705 ταῦτα

2193 741 2290 811 μὲν
2309 741 2385 804 ὡς
2414 741 2546 812 πρός
2574 757 2694 795 τινα
2711 741 2959 810 διήγησιν
2991 739 3352 810 παρεξιοῦσαν
3377 740 3488 811 (85)
3515 740 3605 803 τὰς
3627 758 3725 807 προς

2188 833 2369 903 τέρας·
2404 833 2526 884 ἐπεὶ
2575 831 2631 884 δὲ
2670 832 2975 902 μεμνῆσθαι
3005 832 3152 902 ἡμᾶς
3182 830 3362 884 αὐτῶν
3392 831 3501 902 (84)
3543 833 3629 893 δεῖ,
3656 835 3722 884 λε-

2189 925 2362 987 κτέον,
2394 925 2476 977 ὅτι
2503 923 2725 978 δυνατὸν
2772 923 2918 993 πάσῃ
2951 924 3017 992 τῇ
3043 926 3232 993 κτήσει
3260 921 3424 976 αὑτοῦ
3460 923 3553 992 τὴν
3578 923 3716 985 διττὴν

2188 1018 2390 1089 ταύτην
2423 1016 2656 1072 νοεῖσθαι
2690 1015 3005 1086 ἐπιδημίαν.
3066 1013 3416 1085 Ἐπιστήσεις
3457 1017 3511 1067 δε
3539 1015 3583 1067 εἰ
3618 1035 3716 1083 apo

2188 1111 2495 1183 ηγ‹υμένην
2529 1109 2625 1178 μὲν
2643 1108 2784 1161 κατὰ
2815 1107 2972 1160 τοῦτο
2986 1104 3086 1177 τὴν
3113 1104 3335 1177 πρώτην
3365 1105 3595 1170 λεκτέον,
3620 1107 3716 1160 ἑπο-

2192 1203 2356 1274 μένην
2403 1201 2458 1254 δέ
2505 1200 2602 1272 τὴν
2649 1199 2928 1271 δευτέραν,
2967 1196 3105 1249 ὥστε
3137 1197 3232 1268 τὴν
3277 1198 3376 1268 μὲν
3423 1199 3720 1268 προηγουμέ-

2189 1311 2288 1364 νην
2338 1292 2449 1360 (85)
2491 1290 2876 1361 εὐφραίνεσθαι
2918 1289 3043 1351 τοὺς
3070 1287 3540 1360 παραδεξαμένους
3574 1288 3718 1348 αὑτὸν,

2189 1389 2253 1457 τῇ
2280 1385 2335 1438 δέ
2357 1383 2584 1454 δευτέρᾳ
2616 1382 2792 1454 πάσης
2821 1381 2978 1434 νόσου
3015 1380 3368 1443 ἀπολύεσθαι,
3413 1381 3502 1433 καὶ
3525 1379 3620 1433 τῶν
3643 1397 3720 1432 πε-

2189 1474 2525 1545 πυρωμένων
2565 1472 2659 1525 τοῦ
2696 1471 2890 1544 ἐχθροῦ
2938 1471 3105 1541 βελῶν
3147 1473 3272 1532 τοὺς
3305 1470 3380 1541 μὴ
3413 1469 3720 1540 βουληθέντας

2190 1565 2452 1638 πρότερον
2505 1563 2597 1617 τοῦ
2645 1563 2786 1616 οίνου
2848 1563 3012 1616 αὐτοῦ
3062 1565 3223 1615 πιεῖν.
3274 1562 3385 1616 Καὶ
3437 1563 3504 1616 τὰ
3535 1563 3620 1631 μὲν
3645 1561 3721 1630 τῆς

2191 1657 2412 1727 πρώτης
2436 1656 2714 1725 δυνάμεως
2766 1655 3036 1727 ἀμέριστά
3083 1656 3252 1718 ἐστιν,
3304 1656 3362 1706 ἐν
3399 1657 3545 1724 Κανᾷ
3585 1654 3675 1724 γὰρ
3700 1656 3724 1704 ὁ

518 1778 622 1815 non
654 1768 770 1813 erat
809 1759 895 1812 ubi
931 1756 1090 1810 Jesns
1123 1773 1136 1808 :
1175 1771 1279 1809 non
1307 1755 1452 1809 enim
1479 1763 1598 1807 erat
1634 1755 1685 1806 in
1711 1753 1880 1818 Cana,
1907 1753 2000 1807 sed
2033 1753 2084 1806 in

2199 1746 2356 1800 ποιῶν
2379 1747 2439 1798 τὸ
2460 1745 2601 1817 ὕδωρ
2629 1741 2793 1808 οἶνον,
2836 1746 2927 1798 καὶ
2952 1747 3000 1797 οἱ
3037 1745 3302 1809 πίνοντες·
3342 1745 3411 1797 τὰ
3433 1744 3489 1797 δέ
3515 1745 3604 1815 τῆς
3623 1745 3722 1796 δευ-

514 1853 972 1918 Capharnaozet
1027 1863 1210 1902 sermo
1262 1846 1476 1916 quidem
1537 1845 1798 1914 potentiae
1853 1859 1880 1897 a
1938 1845 2084 1897 Cana

514 1941 811 2012 egreditur,
856 1953 976 1992 nam
1007 1957 1024 1988 ι
1046 1936 1217 1990 Filius
1243 1946 1366 1990 tuus
1396 1935 1562 1990 vivit"
1585 1954 1602 1985 ›
1633 1935 1684 1988 in
1709 1934 1853 1989 Cana
1883 1934 2084 1987 dictum

514 2043 626 2096 est;
657 2046 792 2100 opus
825 2045 953 2083 vero
975 2029 1237 2082 sermonis
1266 2025 1496 2081 eiiicitur
1515 2027 1564 2079 in
1592 2027 1948 2095 Capharnao;
1980 2025 2086 2078 illic

515 2121 659 2175 enim
694 2129 926 2190 a‘grntus
977 2119 1146 2189 reguli
1178 2118 1320 2172 (ilius
1371 2131 1626 2172 sermone
1689 2117 1816 2171 Jesu
1868 2131 2089 2172 curatus

515 2220 596 2264 est
642 2230 659 2261 ι
693 2210 823 2263 hora
853 2208 1078 2276 septima
1113 2207 1134 2238 ⁸
1165 2224 1179 2273 ;
1219 2226 1234 2258 ι
1287 2207 1698 2277 invenimusque
1732 2210 1872 2260 hunc
1911 2221 1940 2260 a
1973 2223 2090 2261 ser-

518 2316 677 2356 mone
723 2310 994 2364 curatum,
1031 2299 1117 2353 cui
1171 2314 1274 2353 non
1332 2299 1626 2368 putabatur
1679 2297 1840 2354 Jesus
1871 2300 2084 2362 adesse,

517 2402 676 2461 atque
699 2392 861 2446 etiam
904 2390 1238 2445 centurionis
1276 2406 1516 2447 servum.
1556 2393 1766 2445 Etenim
1800 2393 1987 2462 procul
2021 2392 2089 2445 ab

519 2486 610 2539 illo
632 2500 752 2538 cum
781 2490 948 2548 esset,
974 2498 1079 2537 non
1103 2482 1460 2552 proﬁciscitur
1492 2484 1752 2538 Dominus
1778 2487 1844 2538 ad
1869 2486 2086 2538 domum

517 2569 874 2632 centurionis,
910 2568 998 2636 qui
1025 2568 1200 2620 dixit:
1239 2585 1268 2621 ι.
1289 2567 1535 2632 Domine,
1569 2584 1670 2622 non
1696 2586 1814 2624 sum
1842 2571 2087 2637 idoneus,

521 2672 578 2716 ut
607 2660 709 2715 sub
745 2669 942 2714 tectum
974 2673 1150 2712 meum
1209 2657 1403 2722 intres,
1435 2663 1530 2714 sed
1578 2670 1785 2713 tantum
1829 2661 1916 2715 dic
1963 2675 2088 2716 ver-

521 2757 671 2818 bum,
697 2761 752 2808 et
775 2751 1060 2806 sanabitur
1083 2765 1215 2820 puer
1241 2766 1392 2806 meus
1420 2753 1440 2784 °
1472 2768 1486 2817 ;
1526 2771 1544 2804 ι
1577 2763 1799 2821 propter
1822 2755 1965 2822 quod
2009 2755 2088 2808 in-

520 2843 722 2914 quitad
747 2843 948 2912 ipsum:
982 2860 999 2893 ι
1035 2843 1204 2906 Vade,
1235 2852 1290 2896 ct
1311 2851 1368 2896 ut
1395 2842 1697 2910 credidisti,
1728 2844 1822 2900 liat
1849 2846 1946 2900 tibi
1971 2845 2036 2900 “.
2063 2863 2085 2898 ι

521 2935 937 2990 Observavimus
989 2944 1167 2988 autem
1231 2942 1488 3002 utrosque
1535 2943 1862 3005 mgrotautes
1905 2939 1957 2990 in
1987 2937 2092 2992 Ca-

521 3029 766 3099 pharnao
797 3025 977 3087 fuisse,
1009 3026 1220 3081 scilicet
1250 3028 1416 3096 reguli
1461 3027 1626 3081 liliqu
1671 3039 1725 3083 et
1755 3030 2090 3084 centurionis

521 3134 756 3174 servum.
806 3117 945 3183 Quin
977 3132 1170 3172 socrus
1196 3117 1358 3171 etiam
1409 3118 1550 3172 Petri
1599 3129 1892 3188 prostrata,
1951 3119 2087 3174 febri

525 3208 801 3262 laborabat
850 3209 902 3262 in
960 3209 1304 3278 Capharnao,
1358 3208 1512 3277 cujus
1571 3225 1762 3265 manus
1803 3225 1923 3265 cum
1966 3213 2091 3266 atti-

523 3300 710 3367 gisset,
771 3309 1096 3370 prostratam
1129 3300 1366 3360 sanavit.
1419 3298 1552 3354 adeo
1601 3311 1656 3355 ut
1688 3313 1868 3357 erecta
1930 3302 2092 3356 mini-

532 3401 722 3448 straret
744 3391 817 3446 illi
858 3391 922 3443 “.
991 3390 1055 3444 Et
1093 3392 1144 3444 hi
1181 3390 1398 3460 quidem
1456 3393 1544 3446 dic
1573 3394 1868 3448 exsistente
1919 3396 2092 3449 curati

522 3484 674 3538 fuere
712 3485 764 3537 in
797 3483 1139 3553 Capharnao,
1171 3499 1294 3536 nam
1321 3484 1487 3553 reguli
1513 3484 1652 3539 lilius
1679 3485 1810 3539 hora
1838 3487 2087 3556 septima,

523 3577 860 3632 centurionis
886 3588 1067 3630 autem
1103 3592 1291 3631 servus
1333 3587 1388 3630 et
1415 3576 1560 3631 Petri
1608 3593 1796 3632 socrus
1849 3590 1974 3633 ante
2005 3595 2093 3632 re-

521 3684 756 3740 Speram.
787 3693 804 3720 ι
834 3668 1067 3738 Vespera
1101 3683 1230 3722 vero
1269 3667 1434 3732 facta,
1469 3688 1487 3721 ι
1522 3669 1666 3737 juxta
1701 3669 2006 3724 Matthmum
2028 3673 2092 3735 ι’,

529 3779 548 3811 ι
579 3761 878 3816 attulerunt
914 3761 986 3813 illi
1021 3779 1038 3810 ι
1072 3761 1122 3813 in
1153 3759 1476 3830 Capharnao
1505 3781 1520 3812 ι
1557 3763 1756 3817 multos
1788 3777 1815 3814 a
1849 3763 2094 3817 dzcmone

524 3866 745 3909 vexatos
768 3872 781 3907 :
814 3856 1142 3924 spiritusque
1165 3855 1317 3922 ejeeit
1343 3871 1618 3922 sermone,
1639 3873 1936 3926 omnesque
1957 3858 2096 3912 male

523 3944 690 4014 279
725 3945 985 3998 habentes
1010 3946 1238 4000 curavit.
1267 3964 1284 3997 ι
1314 3946 1546 4001 Tardius
1575 3962 1704 4017 ergo
1741 3949 1982 4018 quidam,
2011 3963 2098 4002 ce—

527 4037 692 4088 lerius
721 4035 808 4087 alii
845 4045 1104 4088 curantur
1133 4052 1160 4087 a
1188 4034 1314 4089 Jesu
1345 4053 1356 4088 :
1397 4037 1486 4105 qui
1521 4037 1664 4090 enim
1713 4053 1958 4106 vespere,
1987 4047 2097 4092 tar-

526 4126 646 4180 dius
665 4126 1159 4194 curantur,quippe
1197 4125 1286 4193 qui
1325 4125 1389 4179 iis
1423 4126 1513 4196 qui
1541 4128 1592 4180 in
1625 4127 1711 4182 die
1739 4130 1914 4183 curati
1953 4140 2098 4196 sunt,

528 4214 815 4270 inferiores
841 4215 982 4277 sint;
1019 4230 1142 4267 nam
1177 4229 1205 4265 a
1238 4215 1482 4268 (lmtnone
1524 4225 1810 4280 vexantur,
1848 4228 1903 4272 et
1961 4220 2100 4274 unde

531 4307 753 4362 habent.
795 4304 1031 4359 Proinde
1085 4305 1516 4358 contendendum
1556 4307 1713 4360 nobis
1753 4317 1854 4373 est,
1889 4319 1944 4361 ut
1980 4326 2102 4362 (ξοη-

2188 1837 2350 1909 τέρας
2387 1837 2550 1889 οἰονεὶ
2579 1836 2690 1907 ἔχει
2712 1841 2836 1891 τινά
2866 1837 3148 1907 μερισμόν·
3176 1839 3204 1890 6
3232 1836 3341 1908 γάρ
3368 1838 3459 1890 τοῦ
3484 1835 3722 1906 βασιλικοῦ

2189 1930 2300 1992 υἱὸς
2321 1929 2493 1982 νοσῶν
2514 1930 2615 1982 ούκ
2638 1925 2705 2000 ἦν
2732 1930 2864 1982 ὅπου
2914 1931 3140 1999 Ἰησοῦς*
3171 1929 3231 1982 ού
3262 1929 3371 1999 γὰρ
3398 1925 3466 1999 ἦν
3495 1931 3547 1981 ἐν
3578 1929 3721 1998 Κανᾷ,

2189 2020 2305 2074 ἀλλ’
2339 2021 2395 2072 ἐν
2425 2019 2822 2092 Καφαρναούμ*
2855 2021 2948 2073 καὶ
2976 2021 3004 2072 6
3052 2021 3148 2090 μὲν
3179 2021 3278 2090 τῆς
3304 2020 3576 2090 δυνάμεως
3600 2019 3725 2085 λόγος

2190 2113 2297 2168 ἀπὸ
2325 2115 2423 2184 τῆς
2460 2115 2616 2167 Κανᾶ
2645 2113 2943 2184 ἐξέρχεται*
2981 2110 3039 2164 τὺ
3071 2112 3196 2182 γάρ·
3231 2129 3249 2162 ι
3297 2112 3355 2164 ὐ
3389 2111 3500 2174 υἰός
3528 2127 3608 2163 σου
3632 2111 3719 2181 {ﬁt

2190 2208 2247 2258 ἐν
2288 2206 2444 2274 Κανᾷ
2481 2205 2720 2275 εἴρηται⁸
2769 2204 2828 2256 τὸ
2860 2203 2917 2254 δὲ
2945 2201 3037 2255 τοῦ
3072 2202 3230 2270 λόγου
3259 2202 3418 2272 ἔργον
3445 2204 3500 2254 ἑν
3530 2202 3723 2270 Καφαρ-

2190 2298 2366 2368 ναοὺμ.
2399 2297 2628 2365 γίνεται·
2663 2296 2780 2348 ἐκεῖ
2806 2295 2924 2364 γὰρΔ
2941 2295 3110 2348 νοσῶν
3149 2297 3176 2348 6
3215 2294 3309 2348 τοῦ
3343 2293 3608 2365 βασιλικοῦ
3634 2293 3725 2354 υἱὸς

2191 2388 2333 2458 λόγῳ
2357 2387 2696 2458 ἐθεραπεύθη
2715 2385 2808 2438 τοῦ
2851 2387 3023 2456 Ἰησοῦ
3053 2384 3193 2438 κατά
3221 2383 3318 2455 τὴν
3347 2384 3568 2454 ἑὸδόμην
3583 2383 3722 2453 ὤραν·

2191 2477 2378 2531 τοῦτον
2404 2478 2460 2531 δέ
2491 2478 2633 2549 λόγῳ
2661 2477 2983 2548 εὑρίσκομεν
3011 2475 3408 2546 θεραπευθέντα
3429 2475 3532 2527 ἀπὸ
3556 2473 3620 2543 μὴ
3644 2489 3730 2524 πα-

2194 2572 2364 2640 ρεῖναι
2395 2569 2746 2639 νομιζομένου
2769 2569 2916 2640 αύτῷ
2943 2568 3035 2622 τοῦ
3059 2567 3253 2638 Ἰησοῦ,
3289 2567 3382 2619 καὶ
3407 2566 3497 2618 τὸν
3518 2563 3603 2617 τοῦ
3624 2565 3732 2616 ἑκα-

2193 2660 2484 2730 τοντάρχου
2512 2658 2713 2713 δοῦλον·
2749 2660 2841 2713 καὶ
2871 2660 2980 2732 γάρ
3006 2660 3096 2712 ἀπ’
3128 2657 3334 2711 ἐκείνου
3367 2658 3446 2720 εἰς
3466 2655 3556 2726 τὴν
3579 2654 3729 2707 οἰκίαν

2193 2750 2288 2804 τοῦ
2320 2751 2714 2822 ἑκατοντάρχου
2730 2752 2790 2804 ού
2810 2750 3170 2822 παραγίνεται
3195 2749 3223 2800 6
3250 2747 3472 2819 Κύριος,
3496 2746 3730 2806 εἰπόντος·

2200 2861 2222 2896 ι
2266 2843 2458 2915 Κύριε,
2507 2841 2603 2896 οῦκ
2645 2845 2760 2914 εἰμί
2797 2842 2998 2906 ἰκανὺς,
3033 2843 3118 2894 ἵνα
3155 2858 3256 2912 μου
3308 2840 3412 2892 ὑπὸ
3429 2840 3525 2910 τὴν
3564 2839 3735 2908 στέγην

2197 2937 2465 3010 εἰσέλθῃς,
2521 2936 2654 2990 ἀλλὰ
2706 2944 2864 3007 μόνον
2897 2937 3017 2989 εἰπὲ
3065 2936 3226 3006 λόγῳ,
3267 2937 3361 2988 καὶ
3409 2935 3666 3006 ἰαθήσεται
3713 2937 3736 2985 ὁ

2121 3061 2162 3117 C
2198 3033 2326 3092 παῖς
2359 3042 2490 3099 μου’
2520 3047 2536 3078 ι
2573 3027 2652 3080 διό
2691 3046 2823 3099 φησι
2855 3028 2992 3100 πρὸς
3026 3028 3205 3082 αὐτόν·
3244 3047 3264 3079 ι
3308 3028 3542 3095 ’Ύπαγε,
3570 3027 3650 3079 καὶ
3672 3027 3738 3088 ὡς

2197 3122 2522 3184 ἐπίστευσας
2553 3121 2833 3191 γενηθήτω
2867 3138 2968 3174 σοι.
3006 3140 3023 3171 ι
3060 3120 3452 3192 Τετηρὴκαμεν
3483 3121 3538 3172 δὲ
3559 3120 3644 3173 καὶ
3667 3120 3739 3173 ὅτι

2193 3217 2250 3268 ἐν
2274 3214 2652 3285 Καφαρναοὺμ
2687 3213 2987 3284 ἀμφότεροι
3035 3208 3173 3283 ἦσαν
3202 3209 3505 3274 νοσοῦντες,
3535 3211 3563 3264 ὃ
3585 3228 3637 3263 τε
3654 3209 3740 3262 τοῦ

2196 3305 2586 3377 ἑκατοντάρχου
2637 3308 2765 3368 παῖς
2796 3307 2888 3358 καί
2917 3307 2945 3358 6
2990 3304 3083 3357 τοῦ
3115 3304 3389 3374 βασιλικοῦ
3419 3304 3553 3368 υἰὸς.
3584 3302 3680 3356 Καὶ
3711 3304 3740 3370 ἡ

2195 3395 2430 3468 πενθερὰ
2461 3396 2517 3450 δέ
2543 3396 2748 3468 Πέτρου
2779 3395 3082 3466 βεϐλημένη
3118 3395 3419 3467 ἐπύρεσσεν
3457 3396 3513 3447 ἑν
3540 3397 3742 3463 Καφαρ-

2195 3489 2387 3557 ναοὺμ,
2411 3483 2480 3558 ἧς
2511 3486 2785 3555 ἁψάμενος
2819 3487 2917 3556 τῆς
2948 3485 3128 3556 χειρὸς
3153 3487 3338 3538 ἰάσατο
3369 3486 3468 3554 τὴν
3501 3483 3742 3553 βεϐλημέ-

2193 3596 2311 3649 νην,
2353 3578 2427 3641 ὼς
2465 3577 2780 3648 ἐγερθεῖσαν
2813 3576 3076 3629 διακονεῖν
3109 3575 3277 3645 αύτῷ.
3336 3578 3445 3629 Καὶ
3481 3571 3615 3628 οὗτοι
3661 3574 3744 3642 μὲν

2194 3672 2403 3744 ἡμέρας
2445 3668 2888 3741 ἐθεραπεύθησαν
2925 3671 2982 3721 ἐν
3015 3668 3409 3740 Καφαρναούμο
3457 3670 3485 3719 6
3530 3667 3622 3738 μὲν
3665 3665 3743 3716 τοῦ

2197 3762 2474 3834 βασιλικοῦ
2496 3763 2608 3825 υἰὸς
2633 3761 2778 3831 ὥραν
2807 3760 3058 3831 ἑϐδόμην,
3098 3765 3126 3814 6
3159 3761 3217 3813 δὲ
3249 3760 3344 3812 τοῦ
3375 3761 3745 3830 ἑκατοντάρχου

2197 3859 2325 3919 παῖς
2365 3858 2524 3926 καὶὴ
2578 3854 2670 3908 τοῦ
2707 3854 2912 3925 Πέτρου
2982 3853 3214 3923 πενθερὰ
3267 3853 3372 3924 πρὸ
3426 3851 3523 3921 τῆς
3587 3853 3745 3921 ὰξρίας.

2203 3967 2219 3998 ι
2247 3946 2436 4016 Ὀψίας
2448 3946 2502 3999 δὲ
2528 3944 2843 4016 γενομένης,
2873 3963 2890 3995 ι
2924 3944 3064 3997 κατά
3088 3945 3178 3997 τὸν
3205 3943 3501 4006 Ματθαῖον,
3539 3961 3557 3994 ι
3579 3945 3634 3994 ἐν
3655 3943 3746 3994 Κα-

2199 4041 2485 4110 φαρναοὺμ
2530 4039 2903 4108 προσήνεγκαν
2951 4036 3099 4105 αύτῷ
3139 4033 3608 4106 δαιμονιζομένους
3641 4033 3750 4085 πολ·

2198 4132 2341 4195 λοῦς,
2371 4133 2465 4185 καὶ
2485 4130 2732 4194 ἐξέϐαλλε
2749 4129 2814 4182 τὰ
2831 4127 3113 4197 πνεύματα
3131 4126 3293 4196 λόγῳ,
3317 4126 3410 4180 καὶ
3432 4126 3631 4188 πάντας
3643 4124 3749 4183 τοὺς

2199 4223 2384 4286 κακῶς
2428 4223 2647 4292 ἔχοντας
2685 4221 3036 4292 ἐθεράπευσε.
3084 4219 3306 4290 Βράδιον
3342 4215 3434 4272 οῦν
3479 4235 3616 4280 τινες
3661 4214 3747 4268 ὑπὸ

2213 4311 2384 4381 Ἰησοῦ
2405 4311 2817 4382 θεραπεύονται,
2842 4311 2935 4363 καὶ
2956 4309 3132 4378 ἕτεροι
3159 4309 3345 4377 τάχιον
3362 4324 3374 4336 ·
3407 4309 3458 4359 οἰ
3487 4307 3592 4376 γάρ
3614 4305 3748 4374 ὀψίας

525 4415 810 4471 gregemus
859 4398 975 4454 loca
1020 4399 1107 4452 ubi
1135 4397 1340 4452 inventi
1378 4397 1528 4452 fuere
1552 4399 1641 4467 qui
1677 4402 1952 4456 curatione
1981 4418 2091 4472 ege-

2213 4402 2447 4472 βράδιον,
2477 4403 2552 4465 ὡς
2581 4403 2858 4462 ἐλάττονες
2878 4399 3188 4471 (δαιμονῶσι
3215 4401 3343 4469 γάρ.
3373 4416 3465 4451 και
3483 4399 3654 4468 έχουσι
3669 4413 3749 4448 κα-

527 4497 681 4558 bant,
721 4493 1122 4561 notandumque
1169 4501 1250 4546 est
1299 4493 1494 4560 quibus
1543 4494 1592 4546 in
1641 4492 1769 4546 locis
1819 4494 1921 4547 alia
1964 4497 2104 4550 facta

531 4583 732 4638 fuerint
770 4583 944 4652 signa,
992 4592 1045 4636 et
1076 4597 1181 4634 non
1240 4595 1301 4635 ea
1351 4597 1469 4649 quae
1517 4583 1583 4635 ad
1631 4594 1958 4652 :egromntes
1989 4601 2105 4654 5pc-

531 4683 712 4730 ctant:
740 4673 898 4730 veluti
924 4675 974 4727 in
995 4673 1239 4728 Samaria
1260 4673 1468 4743 signum
1491 4684 1610 4728 erat
1631 4675 1759 4729 illud
1786 4692 1829 4727 ει
1855 4675 2101 4746 Quinque

533 4770 677 4823 viros
718 4767 974 4832 habuisti,
1015 4775 1069 4820 et
1097 4781 1238 4820 nunc
1271 4779 1433 4834 quem
1468 4767 1636 4821 habes
1659 4808 1674 4831 ,
1711 4783 1814 4822 non
1860 4780 1941 4823 cst
1981 4780 2101 4824 tuus

533 4859 614 4911 vir
647 4858 724 4923 ¹⁸;
765 4876 782 4909 ι
806 4867 1088 4927 propterea
1126 4874 1246 4911 etnn
1279 4860 1644 4927 obstupuisset
1679 4860 1886 4919 (Illlller,
1918 4861 2050 4914 dixit
2082 4880 2095 4915 :

537 4970 554 5002 ι
601 4949 769 5004 Video
815 4961 867 5004 te
925 4949 1242 5019 prophetam
1277 4965 1428 5014 esse,
1471 4969 1488 5003 ι
1540 4952 1862 5020 civibusque
1901 4951 2033 5004 dicit
2083 4970 2098 5007 :

604 5128 625 5158 τ
653 5116 808 5174 Joan.
835 5132 910 5182 tv,
941 5115 1032 5172 50.
1106 5115 1128 5146 ⁸
1163 5117 1292 5172 ibid.
1329 5118 1416 5172 52.

533 5205 608 5250 tv,
636 5189 719 5242 l8.

1493 5118 1514 5149 ’
1547 5117 1732 5172 Matth.
1766 5132 1884 5184 vm,
1906 5116 1960 5173 8.

607 5325 719 5408 (8_3)
743 5325 931 5408 .Codex
975 5321 1324 5408 Bodleianus,
1361 5317 1755 5391 παρεξιοῦσαν’
1818 5318 2018 5389 Regius
2052 5329 2106 5375 et

539 5392 882 5465 liarberiuus,
911 5392 1316 5465 παραξύουσαν.

613 5463 724 5532 (84)
755 5457 932 5517 Codex
960 5457 1281 5517 B'odleianus
1302 5501 1316 5524 ,
1342 5458 1548 5512 αὐτῶν·
1595 5457 1794 5528 Regius
1818 5466 1871 5513 et
1904 5458 2108 5514 Barhe-

541 5534 714 5594 tinus,
741 5533 966 5585 ἑαυτῶν.

613 5601 726 5671 (85)
755 5601 872 5668 Τὴν
889 5602 1006 5671 μὲν
1041 5602 1516 5672 προηγουμένην.
1572 5599 1926 5656 Sct'ibeudum
1959 5601 2104 5655 vide-

547 5684 632 5726 tur
665 5674 728 5742 τῇ
755 5672 850 5740 μὲν
884 5673 1286 5744 προηγουμένη.

2040 5118 2084 5150 ¹⁰
2112 5119 2239 5174 ibid.
2273 5121 2358 5175 15.

2209 4495 2320 4558 κῶς
2334 4496 2371 4566 ο)
2392 4494 2496 4548 τῶν
2513 4494 2623 4566 (86)
2647 4495 2750 4565 ἠμέ
2761 4511 2857 4565 ρας
2875 4493 3069 4566 τεθερα
3077 4509 3176 4545 πευ
3185 4493 3381 4562 μένων.
3395 4489 3750 4560 Φιλοτιμητέον

2204 4589 2260 4640 δὲ
2295 4590 2618 4655 συναγαγεῖν
2665 4588 2790 4644 τοὺς
2835 4586 3033 4647 τόπους
3073 4583 3200 4636 ἔνθα
3248 4583 3548 4653 εὑρέθησαν
3578 4585 3622 4634 οἱ
3659 4579 3752 4630 δεί-

2209 4697 2358 4751 μενοι
2402 4678 2726 4750 θεραπείας,
2772 4677 2866 4730 καὶ
2914 4675 3239 4746 σημειωτέον
3285 4675 3342 4726 ἐν
3374 4673 3545 4736 ποίοις
3591 4673 3753 4729 τόποις

2205 4771 2339 4827 ἄλλα
2384 4771 2574 4839 γέγονε
2619 4773 2838 4839 σημεῖα,
2871 4770 2964 4820 καὶ
2992 4767 3053 4819 ού
3103 4765 3170 4818 τὰ
3205 4765 3335 4837 περί
3369 4767 3496 4828 τοὺς
3543 4763 3753 4833 κάμνον-

2205 4881 2301 4926 τας
2325 4862 2432 4934 (87)
2453 4880 2465 4892 ο
2491 4859 2600 4916 οἷον
2639 4863 2696 4914 ἐν
2722 4864 2788 4933 τῇ
2813 4860 3093 4931 Σαμαρείᾳ
3119 4860 3340 4929 σημεῖον
3361 4853 3430 4928 ἦν
3456 4857 3541 4911 τό·
3565 4875 3582 4908 ι
3607 4855 3754 4907 Πέντε

2209 4955 2404 5028 ἄνδρας
2433 4955 2607 5027 ἔσχες,
2636 4954 2728 5008 καὶ
2761 4953 2855 5006 νῦν
2887 4953 2944 5005 ὃν
2976 4953 3119 5022 ἔχεις
3154 4951 3254 5002 ούκ
3285 4949 3403 5002 ἐστι
3432 4967 3526 5002 σου
3565 4949 3748 5014 ἀνήρ’»

3556 5110 3596 5141 ⁸³
3615 5106 3750 5160 Joan.

2436 5121 2476 5150 “
2512 5119 2676 5173 Marc.
2717 5133 2754 5180 ι,
2786 5115 2876 5170 50.
2955 5114 2998 5145 ¹’
3029 5112 3214 5167 Matth.
3244 5127 3360 5172 vm,
3391 5110 3480 5164 16.

2437 5321 2638 5402 Codex_
2657 5321 2998 5402 Bodleianus,
3035 5319 3088 5400 οἰ
3114 5316 3222 5402 γὰρ
3255 5315 3451 5402 ὀψίας,

2212 5384 2301 5463 ὡς’
2315 5384 2592 5463 ἐλάττονες
2615 5391 2784 5463 ὄντες,
2813 5384 3134 5463 (δαιμονῶσι
3152 5384 3260 5456 γάρ
3279 5425 3293 5448 ,
3339 5385 3433 5438 καὶ
3468 5384 3637 5454 έχουσι
3678 5393 3761 5429 κα·

2214 5462 2324 5524 κῶς
2346 5479 2358 5492 ·
2380 5461 2397 5530 )
2424 5461 2622 5531 μᾶλλον
2649 5461 2782 5531 τῷν.
2807 5461 2914 5516 σξιο.
3002 5527 3011 5531 Α
3152 5525 3163 5531 _
3494 5522 3530 5531 __
3685 5518 3696 5526 .

2283 5522 2393 5602 (8Ἱ)
2417 5522 2522 5584 Kal
2549 5533 2622 5584 οὐ
2648 5530 2722 5602 ,τὰ
2744 5527 3065 5602 περὶ-τοῦς
3091 5525 3449 5602 κάμνοντας.
3494 5522 3759 5575 Ferrarius

2212 5597 2417 5670 legebat
2454 5603 2543 5654 καὶ
2568 5601 2669 5654 ποῦ
2701 5600 2768 5654 τά
2801 5600 2926 5671 περὶ
2953 5599 3079 5660 τοὺς
3109 5597 3437 5667 κάμνοντας·
