3878 6210
262 305 356 361 535

1286 294 1637 350 COMMENT.
1680 293 1743 348 IN
1778 292 1966 349 JOAN.
2008 291 2246 350 TOMUS
2284 290 2426 346 XIX.

3370 293 3474 347 5‘16

263 418 472 490 Χριστὸς
493 415 618 469 ὅταν
646 412 891 485 ἔρχηται,
915 412 1088 475 οὐδεὶς
1118 411 1373 480 γινώσκει
1404 411 1564 464 πόθεν
1600 410 1715 465 ἐστί
1736 427 1748 440 ·
1776 427 1795 460 ι

1909 410 1972 463 sit
2001 409 2077 477 ¹³;
2106 428 2125 461 ι
2163 410 2267 465 hoc
2289 420 2439 469 vero,
2473 422 2491 457 ι
2536 417 2711 472 neque
2741 421 2824 461 me
2864 406 3040 474 scitis,
3080 424 3100 459 ι
3135 413 3189 461 et
3222 408 3363 474 quod
3390 422 3479 459 se-

262 509 421 575 ὡδὶ,
451 509 531 562 ὅτι
569 526 589 558 ι
616 504 749 560 Οὔτε
786 504 889 574 ἐμὲ
930 503 1137 567 οἴδατε,
1162 521 1181 552 ι
1227 503 1322 556 καὶ
1367 502 1428 556 τὸ
1466 503 1620 574 ἑξῆς,
1669 501 1803 573 πρὸς

1907 500 2110 568 quitur,
2141 501 2208 553 ad
2235 498 2541 553 Pharisaaos
2567 497 2786 561 dicitur,
2805 497 2895 565 qui
2926 498 3182 552 dixerunt
3209 497 3282 550 illi
3314 514 3328 551 :
3352 515 3371 549 ι
3398 495 3474 550 Tu

261 603 375 664 τοὺς
420 598 662 660 εἰπόντας
715 593 866 665 αὐτῷ
919 592 1276 664 Φαρισαίους·
1329 609 1348 643 ι
1376 593 1449 647 Σὺ
1508 595 1804 665 μαρτυρεῖς

1909 588 2224 646 testiﬁcaris
2245 591 2312 645 de
2344 600 2394 646 te
2433 593 2585 661 ipso,
2621 587 2985 644 testimonium
3036 596 3187 642 tuum
3240 603 3347 642 non
3393 598 3479 643 est

263 688 384 760 περὶ
422 683 658 750 σεαυτοῦ,
686 685 720 754 ἡ
753 681 1034 755 μαρτυρία
1067 699 1161 735 σου
1200 682 1301 735 οὐκ
1342 680 1489 736 ἐστιν
1529 681 1753 753 ἀληθής.
1780 701 1799 736 ι

263 780 398 850 Πλὴν
436 778 525 831 καὶ
566 776 676 837 τοῖς
718 770 1172 846 Ἱεροσολυμίταις
1217 771 1308 826 διὰ
1349 771 1457 827 τῶν
1506 772 1804 844 προτέρων,

264 870 472 932 καὶτοῖς
491 864 800 938 Φαρισαίοις
821 863 911 917 διὰ
935 862 1044 917 τῶν
1072 863 1168 918 νῦν
1190 862 1589 935 ἐξεταζομένων
1622 865 1804 937 φησιν,

264 964 358 1025 δτι,
393 982 411 1014 ι
434 960 529 1013 Τὸν
565 957 788 1030 Πατέρα
818 956 922 1010 οὐκ
948 957 1155 1010 οἴδατεο
1181 976 1201 1010 ι
1237 958 1349 1020 τοῖς
1380 957 1479 1027 μὲν
1519 957 1807 1030 Ἱεροσολυ-

266 1052 434 1123 μίταις
475 1046 560 1102 διὰ
594 1045 830 1101 τούτων·
880 1065 898 1098 ι
938 1046 1056 1099 Ἀπ’
1104 1044 1340 1117 ἐμαυτοῦ
1395 1046 1494 1099 οὐκ
1543 1046 1806 1116 ἐλήλυθα,

261 1140 366 1195 ἀλλ’
388 1138 523 1192 ἔστιν
560 1134 814 1206 ἀληθινὸς
842 1137 870 1189 ὁ
901 1133 1122 1205 πέμψας
1169 1151 1265 1205 με,
1292 1134 1353 1188 ὃν
1384 1135 1541 1206 ὑμεῖς
1583 1136 1682 1190 οὐκ
1727 1134 1808 1189 οῖ-

259 1228 402 1283 εατε·
425 1226 531 1296 έγὼ
559 1223 679 1280 οἶδα
702 1225 886 1291 αὐτὸν,
921 1227 1003 1279 ὅτι
1029 1225 1159 1297 παρ’
1186 1225 1350 1280 αὑτοῦ
1389 1228 1523 1298 εἰμι,
1560 1228 1811 1292 κάκεῖνός

258 1339 316 1390 με
349 1318 628 1375 ἀπέστειλε
648 1334 664 1348 ’
689 1339 710 1371 ι
746 1321 860 1382 τοῖς
900 1318 959 1372 δὲ
986 1316 1301 1387 Φαρισαίοις
1327 1317 1418 1371 διὰ
1457 1317 1553 1371 τοῦ
1574 1334 1587 1348 ’
1625 1338 1645 1370 ι
1671 1317 1810 1374 Οὔτε

260 1408 348 1480 ip)
378 1408 579 1471 οτδατε,
613 1408 743 1462 οὔτε
786 1408 877 1462 τὸν
921 1408 1142 1478 Πατέρα
1185 1425 1321 1478 μου·
1355 1409 1405 1461 εί
1448 1408 1548 1480 ἐμὲ
1597 1408 1807 1480 ᾔδειτε,

259 1498 341 1552 καὶ
374 1496 459 1551 τὸν
506 1499 732 1571 Πατέρα
779 1516 880 1570 μου
925 1497 992 1553 ἂν
1041 1498 1238 1569 ᾔδειτε.
1264 1517 1284 1550 ι
1322 1499 1432 1552 Καὶ
1473 1499 1706 1571 ζητήσαι
1746 1501 1812 1557 ἄν

256 1606 329 1652 τις
349 1588 573 1658 εὐλόγως
597 1590 773 1654 ὅπως,
813 1589 969 1661 εἴπερ
990 1588 1188 1661 ἀληθὲς
1210 1589 1302 1652 τὸ,
1331 1607 1350 1640 ι
1379 1591 1443 1643 Ei
1486 1591 1587 1660 ἐμὲ
1611 1591 1808 1662 ᾔδειτε,

259 1679 340 1732 καὶ
382 1678 471 1732 τὸν
517 1680 745 1751 Πατέρα
778 1698 878 1751 μου
922 1682 987 1734 ἂν
1031 1680 1229 1751 ᾔδειτε,
1254 1699 1273 1733 ι
1305 1681 1355 1734 οἱ
1394 1681 1810 1753 Ἱεροσολυμῖται

258 1768 376 1839 πρὸς
396 1768 487 1832 οὖς
529 1786 698 1840 φησι·
742 1787 763 1822 ι
790 1770 945 1840 Κάμὲ
969 1770 1170 1834 οἴδατε,
1193 1791 1212 1823 ι
1243 1770 1344 1825 οὐκ
1370 1770 1544 1825 οἴδασι
1581 1773 1673 1826 τὸν
1703 1774 1814 1827 Πα-

256 1857 391 1929 τέρα.
425 1859 837 1931 Προσεπιτείνει
879 1862 937 1915 δὲ
980 1861 1080 1932 τὴν
1137 1863 1217 1925 εἰς
1246 1862 1340 1916 τὸν
1372 1862 1538 1916 τόπον
1579 1863 1813 1933 ἀπορίαν

258 1948 374 2002 καὶὸ
397 1950 648 2023 Ἰωάννης
664 1953 724 2006 ὲν
746 1955 811 2024 τῇ
828 1952 1104 2026 Καθολικῇ
1134 1953 1414 2025 Ἐπιστολῇ
1430 1953 1602 2009 ταῦτα
1618 1954 1807 2025 λέγων·

262 2057 278 2089 ι
295 2038 345 2094 '0
373 2041 705 2114 ἀρνούμενος
722 2043 811 2097 τὸν
829 2044 1065 2114 Πατέρα,
1094 2044 1189 2098 καὶ
1221 2044 1311 2098 τὸν
1333 2044 1461 2099 Υίόν
1476 2061 1490 2075 ο
1525 2047 1633 2110 πᾶς
1655 2046 1764 2118 γὰρ
1783 2049 1811 2101 ὀ

257 2133 559 2205 ἀρνούμενος
581 2134 681 2188 τὸν
712 2134 860 2199 Υἱὸν,
892 2135 1014 2189 οὐδὲ
1035 2135 1127 2191 τὸν
1155 2136 1374 2207 Πατέρα
1406 2136 1518 2207 ἔχει
1537 2154 1551 2168 σ
1574 2157 1594 2190 ι
1620 2141 1669 2192 εἰ
1704 2138 1812 2210 γὰρ

255 2227 280 2280 ὁ
302 2228 619 2298 ἀρνούμενος
652 2226 747 2281 τὸν
792 2227 1032 2300 Πατέρα,
1055 2228 1247 2283 καὶτὸν
1268 2228 1417 2292 Υίὸν,
1485 2232 1614 2285 καὶ(
1641 2233 1811 2301 ὀὸμο-

257 2312 407 2380 ὶογῶν
434 2314 524 2369 τὸν
558 2314 717 2382 Υὶὸν,
765 2317 858 2369 καὶ
892 2317 986 2371 τὸν
1028 2317 1246 2388 Πατέρα
1289 2317 1422 2388 ἔχει,
1460 2338 1480 2371 ι
1509 2319 1687 2389 δῆλον,
1726 2320 1809 2375 ὅτι

257 2406 301 2458 οἱ
331 2405 766 2478 Ἱεροσολυμῖται,
804 2408 925 2463 ὅσον
962 2408 1055 2462 ἐπὶ
1094 2412 1162 2479 τῇ
1206 2409 1369 2475 λέξει,
1413 2408 1493 2483 τῷ
1537 2410 1612 2482 μὴ
1644 2410 1808 2480 γινώ-

260 2511 389 2550 σκειν
428 2496 515 2551 τὸν
574 2497 835 2568 Πατέρα,
885 2497 1205 2570 ἀρνούμενοι
1272 2499 1364 2553 τὸν
1410 2498 1665 2571 Πατέρα,
1711 2501 1811 2572 ἁρ-

259 2586 451 2643 νοῦνται
473 2591 567 2644 καὶ
599 2590 698 2643 τὸν
725 2590 852 2645 Υίόν
871 2607 884 2620 ·
919 2592 969 2644 εί
995 2590 1053 2644 δὲ
1080 2590 1370 2663 ἀρνοῦνται
1398 2591 1488 2646 τὸν
1518 2592 1666 2655 Υἱὸν,
1692 2592 1810 2657 πῶς

258 2679 341 2746 τὸ,
376 2682 571 2752 ιΚάμὲ
607 2682 814 2746 οἴδατε,
843 2700 862 2733 ι
906 2682 1140 2752 ἀληθέςς
1174 2683 1343 2736 Πάλιν
1385 2685 1434 2736 οἱ
1473 2684 1627 2739 αὐτοὶ
1656 2687 1706 2738 εί
1734 2687 1810 2740 0!-

256 2771 358 2826 δασι
397 2774 483 2827 τὸν
526 2774 686 2836 Υἰὸν,
729 2774 818 2826 διὰ
856 2773 953 2837 τὸ,
1000 2793 1020 2827 ι
1051 2776 1161 2830 Καὶ
1211 2776 1311 2844 ἐμὲ
1356 2775 1534 2830 οἴδατε
1581 2777 1735 2847 (ἐπεὶ
1779 2779 1810 2832 ὁ

256 2862 504 2932 ὁμολογῶν
539 2864 640 2918 τὸν
679 2862 825 2928 Υἱὸν,
854 2865 948 2919 καὶ
990 2865 1083 2921 τὸν
1130 2864 1349 2937 Πατέρα
1377 2866 1535 2938 εχει),
1563 2886 1583 2919 ι
1615 2866 1807 2938 δμολο·

260 2952 390 3020 γοῦσι
435 2955 524 3008 τὸν
567 2954 825 3027 Πατέρασ
860 2957 909 3008 εἰ
948 2955 1005 3009 δὲ
1052 2955 1370 3027 ὁμολογοῦσι
1413 2957 1508 3012 τὸν
1552 2958 1805 3030 Πατέρα,

1909 696 2094 736 verum
2123 683 2191 736 ⁸⁵.
2231 701 2251 734 ι
2298 682 2680 738 Verumtamen
2722 679 3120 752 Jerosolymitis
3162 680 3324 733 etiam
3383 694 3479 749 per

1907 774 2208 843 superiora.
2233 784 2289 830 et
2319 774 2609 831 Pharismis
2664 788 2761 843 per
2807 773 3118 843 praesentia,
3167 786 3288 841 qua:
3336 788 3477 827 nunc

1906 864 2301 930 examinamus,
2337 866 2510 935 inquit
2541 867 2684 936 quod
2724 865 2942 921 Patrem
2989 878 3094 918 non
3129 864 3303 918 norint
3337 879 3353 929 ;
3384 859 3477 916 Je-

1911 956 2239 1028 rnsolymitis
2271 958 2486 1027 quidem
2516 974 2611 1026 per
2634 957 2721 1011 illa
2753 974 2766 1011 :
2792 976 2811 1010 ι
2846 957 2890 1010 Α
2921 971 3006 1010 me
3035 955 3153 1025 ipso
3192 969 3300 1010 non
3331 954 3477 1019 vcni,

1908 1046 2003 1101 sed
2034 1059 2115 1103 est
2138 1063 2325 1113 verax,
2353 1048 2446 1118 qui
2480 1062 2565 1103 me
2598 1048 2760 1111 misit,
2786 1062 2944 1117 quem
2974 1061 3070 1101 vos
3102 1060 3206 1099 non
3259 1045 3434 1098 nostis
3461 1063 3477 1102 :

1909 1152 2009 1201 Ptlo
2028 1138 2152 1192 novi
2184 1152 2327 1202 eum,
2342 1138 2467 1207 quia
2490 1139 2558 1193 ab
2586 1137 2703 1207 ipso
2733 1152 2874 1201 sum,
2903 1147 2954 1191 et
2983 1135 3073 1190 ille
3102 1151 3191 1189 me
3222 1129 3473 1198 misit";u

1910 1226 2199 1285 Pharisais
2232 1243 2361 1284 vero
2393 1243 2490 1299 per
2525 1230 2639 1284 haec
2669 1244 2682 1280 :
2717 1247 2737 1281 ι
2770 1226 2953 1298 Neque
2981 1242 3067 1282 me
3102 1226 3275 1290 scitis,
3303 1240 3481 1295 neque

1907 1316 2124 1375 Patrem
2174 1335 2388 1388 meum;
2421 1321 2465 1376 si
2517 1334 2603 1376 me
2632 1320 2891 1384 sciretis,
2937 1329 2993 1373 et
3027 1318 3240 1372 Patrem
3296 1332 3477 1373 meum

1910 1410 2146 1468 sciretis.
2183 1428 2202 1463 ι
2236 1411 2315 1466 Ac
2343 1420 2493 1465 certe
2537 1411 2732 1467 merito
2760 1410 2884 1479 quis
2910 1418 3177 1478 quaereret
3208 1409 3479 1478 quomodo

1912 1501 2323 1587 Jergsolymitc,
2355 1502 2422 1556 ad
2452 1517 2589 1572 quos
2615 1503 2805 1571 inquit,
2843 1519 2862 1554 ι
2895 1510 2951 1556 et
2993 1516 3078 1555 me
3107 1501 3280 1567 scitis,
3316 1520 3337 1554 ι
3372 1517 3478 1556 non

1913 1593 2098 1648 norint
2130 1592 2368 1656 Patrem,
2397 1594 2440 1647 si
2472 1607 2658 1646 verum
2682 1600 2767 1647 est
2795 1590 2963 1645 illud:
2998 1610 3016 1642 ι
3048 1589 3103 1645 Si
3133 1605 3218 1644 me
3243 1591 3479 1655 sciretis,

1913 1696 1968 1742 et
1993 1685 2206 1740 Patrem
2239 1701 2417 1739 meum
2450 1684 2685 1740 sciretis.
2719 1701 2739 1735 ι
2770 1683 3011 1751 Adauget
3035 1692 3213 1736 autem
3246 1681 3351 1736 loci
3378 1680 3482 1737 dif-

1916 1775 2209 1831 ﬁcultatem
2259 1774 2498 1830 Joannes
2535 1774 2588 1827 in
2651 1772 2889 1842 Epistola
2920 1770 3195 1826 Catholica
3245 1772 3358 1826 haec
3394 1771 3480 1825 di-

1912 1881 2086 1921 cens:
2125 1885 2143 1917 ι
2183 1866 2287 1933 Qui
2342 1874 2503 1935 negat
2557 1863 2792 1923 Patrem,
2831 1873 2993 1932 negat
3025 1863 3188 1916 etiam
3233 1860 3429 1915 Filium
3463 1880 3477 1917 :

1911 1961 2086 2011 omnis
2108 1957 2251 2011 enim
2283 1956 2373 2025 qui
2405 1965 2562 2025 negat
2589 1954 2817 2017 Filium,
2848 1951 2894 2006 is
2926 1967 2992 2006 ne
3021 1951 3234 2005 Patrem
3264 1952 3479 2021 quidem

1914 2046 2077 2101 habet
2099 2045 2176 2111 “;
2216 2063 2237 2097 ι
2284 2048 2427 2114 quod
2477 2047 2523 2099 si
2574 2044 2698 2112 quis
2754 2050 2916 2111 negat
2954 2040 3208 2104 Patrem,
3244 2042 3286 2094 is
3321 2051 3483 2109 negat

1909 2139 2073 2193 etiam
2097 2136 2330 2201 Filium;
2362 2144 2416 2191 et
2450 2152 2471 2187 ι
2503 2135 2591 2203 ιιιιί
2624 2134 2817 2188 Filium
2852 2133 3072 2195 fatetur,
3106 2132 3152 2186 is
3177 2132 3337 2185 etiam
3380 2131 3482 2187 Pa-

1914 2236 2049 2282 trem
2099 2226 2261 2282 habet
2290 2228 2379 2292 η,
2421 2244 2443 2277 ι
2495 2223 2841 2295 perspicuum
2893 2230 2977 2277 est
3032 2218 3478 2291 Jerosolymilas,

1911 2319 2051 2387 quod
2086 2318 2151 2372 ad
2182 2327 2499 2375 contextum
2543 2316 2772 2376 attinet.
2805 2321 3064 2384 negantes
3109 2311 3325 2367 Patrem
3352 2352 3367 2376 ,
3416 2329 3482 2368 eo

1910 2411 2051 2481 quod
2086 2409 2301 2465 Patrem
2331 2424 2438 2465 non
2470 2417 2787 2476 agnoscant.
2825 2420 3022 2475 negare
3047 2407 3215 2461 etiam
3238 2404 3433 2461 Filium
3460 2422 3476 2461 :

1910 2504 2135 2574 proinde
2172 2503 2220 2557 si
2276 2501 2471 2556 Filium
2517 2507 2736 2570 negant,
2766 2498 2928 2568 282
2975 2497 3244 2566 quomodo
3288 2512 3476 2552 verum

1908 2603 2014 2659 est,
2050 2613 2070 2649 ι
2106 2596 2173 2652 Et
2225 2608 2311 2649 me
2341 2592 2537 2649 scitis?
2572 2610 2591 2645 ι
2622 2591 2829 2646 Rursus
2870 2590 2916 2644 si
2951 2589 3005 2643 hi
3054 2587 3247 2643 Filium
3281 2599 3480 2643 norunt

1908 2698 2130 2761 propter
2176 2686 2329 2753 illud,
2372 2702 2392 2737 ι
2430 2684 2497 2739 Et
2530 2698 2617 2739 me
2650 2683 2805 2739 scitis
2836 2680 3115 2753 (quoniam
3143 2682 3232 2749 qui
3278 2679 3480 2735 fatetur

1910 2781 2125 2847 Filium,
2162 2779 2207 2834 is
2237 2777 2398 2833 etiam
2443 2776 2658 2830 Patrem
2686 2773 2849 2829 habet
2873 2772 2970 2838 “),
3009 2791 3027 2826 ι
3080 2772 3321 2828 fatentur
3376 2771 3479 2828 Pa-

1910 2883 2044 2928 trem
2080 2885 2096 2925 :
2131 2868 2276 2939 quod
2306 2868 2351 2923 si
2384 2865 2621 2921 fatentur
2650 2864 2888 2930 Patrem,
2920 2879 3154 2933 quonam
3186 2873 3344 2933 pacto
3385 2879 3479 2919 ve-

1910 2978 2028 3018 rum
2055 2969 2141 3017 est
2169 2957 2296 3013 illud
2325 2974 2339 3011 :
2372 2974 2391 3008 t
2430 2954 2536 3010 Sed
2562 2965 2644 3011 est
2679 2968 2842 3009 verax
2867 2954 2962 3022 qui
2992 2968 3078 3008 me
3118 2954 3287 3019 misit,
3317 2968 3476 3022 quem

259 3044 355 3109 πῶς
375 3045 565 3118 ἀληθὲς
599 3047 668 3100 τὸ
686 3086 702 3112 ,
734 3065 753 3098 ι
791 3046 927 3100 Ἀλλ’
957 3047 1102 3103 ἔστιν
1125 3048 1375 3120 ἀληθινὸς
1402 3051 1430 3104 ὁ
1457 3049 1681 3121 πέμψας
1715 3067 1804 3122 με,

1909 3068 2003 3109 vos
2057 3050 2277 3107 nescitis
2296 3046 2400 3102 "i
2440 3066 2460 3100 ι
2492 3048 2700 3115 Quibus
2760 3046 3190 3118 respondendum
3241 3054 3324 3101 est
3373 3045 3477 3101 ali-

256 3134 304 3188 ὃν
331 3136 475 3207 ὑμεῖς
512 3139 621 3191 οὐκ
653 3137 865 3204 ofﬁces;
890 3156 908 3190 ι
947 3140 1178 3195 Λεκτέον
1218 3140 1275 3195 δὲ
1318 3141 1454 3212 πρὸς
1491 3141 1683 3205 ταῦτα,
1723 3142 1807 3196 ὅτι

257 3228 476 3301 ὁΣωτὴρ
516 3229 612 3282 ὁτὲ
662 3228 761 3300 μὲν
797 3231 924 3301 περὶ
975 3230 1169 3284 ἑαυτοῦ
1224 3230 1300 3294 ὡς
1340 3232 1469 3302 περὶ
1515 3230 1806 3303 ἀνθρώπου

256 3318 560 3390 διαλέγεται,
599 3321 696 3375 ὁτὲ
741 3321 800 3375 δὲ
838 3321 915 3386 ὡς
945 3322 1075 3394 περὶ
1108 3322 1385 3395 θειοτέρας
1431 3323 1665 3393 φύσεως,
1711 3325 1806 3378 καὶ

256 3412 511 3486 mpm;
559 3417 637 3486 τῇ
688 3415 970 3488 ἀγεννήτῳ
1016 3414 1126 3484 (96)
1189 3416 1282 3470 τοῦ
1338 3417 1553 3488 Πατρὸς
1621 3416 1802 3487 φύσει.

267 3503 413 3558 Ὲπὰν
443 3507 538 3576 μὲν
563 3506 685 3578 γὰρ
710 3506 857 3576 λέγει
877 3526 947 3577 ..ι
977 3506 1091 3562 Νῦν
1123 3505 1333 3580 ζητεῖτέ
1365 3527 1433 3581 με
1466 3510 1804 3575 ἀποκτεῖναι,

256 3594 510 3667 ἄνθρωπον
543 3598 609 3662 ὃς
636 3598 735 3670 τὴν
783 3599 1039 3671 ἀλήθειαν
1084 3600 1212 3671 ὑμῖν
1263 3600 1555 3673 λελάληκα,
1581 3622 1600 3656 ι
1646 3605 1806 3660 τοῦτό

256 3702 397 3756 φησιν
442 3687 603 3753 εἰδὼς
652 3688 715 3745 τὸ
762 3689 1091 3761 ζητούμενον
1141 3692 1496 3765 ἀναιρεθῆναι
1544 3691 1686 3751 εἶναι
1740 3699 1803 3752 οὐ

255 3774 388 3843 Θεὸν,
410 3778 542 3835 ἀλλὰ
570 3778 898 3851 ἄνθρωπον·
935 3781 1032 3835 ἐὰν
1062 3782 1121 3835 δὲ
1143 3824 1158 3846 ,
1196 3800 1215 3834 ι
1256 3783 1396 3853 Ἐγὼ
1430 3786 1524 3839 καὶ
1546 3789 1575 3840 ὁ
1614 3788 1804 3862 Πατὴρ

253 3870 304 3925 ιν
324 3868 499 3941 ισμεν,
523 3890 543 3923 ι
585 3872 707 3935 καὶ,
738 3889 759 3923 ι
799 3870 939 3940 Ἐγώ
963 3874 1078 3943 εἰμι
1099 3874 1132 3943 ἡ
1154 3873 1377 3944 ἀλήθεια
1423 3878 1518 3930 καὶ
1548 3881 1580 3950 ἡ
1624 3878 1757 3951 ζωὴ,
1780 3900 1798 3932 ι

256 3960 365 4027 καὶ,
405 3980 423 4014 ι
464 3962 613 4032 Ἐγὼ
661 3965 777 4034 ειμι
826 3964 860 4034 ἡ
911 3963 1235 4029 ἀνάστασις,
1262 3984 1281 4017 ι
1336 3968 1430 4021 καὶ
1477 3969 1546 4023 τὰ
1595 3969 1803 4037 τούτοις

255 4049 412 4122 ὃμοια,
435 4055 494 4107 οὐ
532 4053 671 4125 περὶ
698 4052 794 4108 τοῦ
826 4053 1156 4124 ζητουμένου
1194 4055 1548 4127 ἀναιρεθῆναι
1593 4058 1801 4132 ἀνθρώ-

254 4157 344 4195 που
370 4141 631 4199 διδάσκει.
661 4143 847 4207 Οὕτως
872 4140 966 4198 οὖν
998 4144 1092 4199 καὶ
1116 4144 1210 4197 ἐπὶ
1241 4144 1349 4200 τῶν
1378 4148 1519 4200 κατὰ
1543 4148 1604 4201 τὸ
1629 4150 1803 4222 παρὸν

256 4232 366 4301 ἡμῖν
402 4233 751 4307 ζητουμένων
787 4236 852 4291 ὲκ
896 4234 995 4306 τῆς
1031 4236 1394 4307 συμφράσεως
1422 4241 1802 4312 κατανοητέον,

259 4322 307 4376 τὸ
330 4326 421 4395 μὲν
439 4367 457 4391 ,
492 4345 512 4377 ι
535 4326 703 4397 Κάμὲ
725 4324 920 4391 οἴδατε,
951 4326 1044 4382 καὶ
1067 4327 1243 4382 οἴδατε
1268 4328 1431 4384 πόθεν
1457 4332 1591 4402 είμὶ,
1618 4352 1637 4384 ι
1674 4334 1802 4404 περὶ

256 4390 342 4468 τού
365 4390 652 4488 ἀνθρώπου
681 4418 873 4473 ἑαυτοῦ
904 4418 1232 4489 διαλέγεται·
1267 4420 1329 4475 τὸ
1358 4421 1438 4487 δὲ,
1486 4390 1668 4478 {esu
1701 4390 1801 4496 ἐμὲ
1836 4390 1877 4445 D

255 4504 431 4573 οἴδατε,
463 4508 589 4563 οὔτε
628 4510 719 4565 τὸν
758 4510 976 4581 Πατέρα
1010 4527 1133 4581 μου,
1159 4529 1179 4562 ι
1221 4512 1351 4583 περὶ
1393 4513 1489 4584 τῆς
1522 4512 1799 4587 θεότητος’

256 4596 333 4650 τοῦ
355 4598 449 4670 μὲν
484 4600 621 4673 γὰρ,
655 4619 674 4652 ι
706 4601 863 4672 Κάμὲ
881 4599 1081 4665 οἴδατε,
1112 4602 1204 4656 καὶ
1229 4602 1404 4656 οἴδατε
1435 4603 1596 4659 πόθεν
1620 4607 1755 4678 εἰμὶ,
1778 4626 1798 4661 ι

257 4687 407 4744 ταῦτα
452 4692 818 4763 προτέτακται
876 4692 986 4763 (97)
1008 4710 1021 4724 ο
1063 4711 1084 4745 ι
1118 4693 1341 4761 Ἔλεγον
1409 4688 1504 4748 οὗν
1545 4713 1691 4761 τινες
1738 4698 1804 4751 ἐκ

256 4779 347 4833 τῶν
388 4781 852 4856 Ἱεροσολυμιτῶν·
899 4782 1015 4853 Οὐχ
1052 4776 1208 4846 οὗτός
1258 4784 1406 4837 ἐστιν
1438 4782 1496 4838 ὃν
1548 4783 1802 4856 ζητοῦσιν

258 4870 580 4940 immittat;
613 4876 721 4929 Kal
751 4874 828 4928 ῑδε
861 4875 1143 4947 παρρησίᾳ
1172 4874 1339 4939 λαλεῖ,
1367 4875 1461 4929 καὶ
1482 4876 1632 4930 οὐδὲν
1653 4879 1800 4952 αὐτῷ

259 4960 468 5029 λέγουσι.
493 4968 721 5036 Μήποτε
764 4964 979 5037 ἀληθῶς
1012 4964 1259 5033 ἔγνωσαν
1298 4966 1348 5017 oi
1394 4966 1673 5037 ἄρχοντες,
1716 4972 1800 5024 ὅτι

259 5045 391 5118 οὗτός
429 5058 576 5112 ἐστιν
600 5060 630 5110 ὁ
658 5057 925 5129 Χριστός;
959 5055 1094 5109 ἀλλὰ
1139 5056 1327 5110 τοῦτον
1376 5057 1599 5129 οἴδαμεν
1639 5062 1801 5117 πόθεν

260 5141 413 5199 ἐστίν·
448 5151 475 5201 ὁ
501 5149 559 5202 δὲ
588 5146 820 5221 Χριστὸς
860 5148 989 5203 ὅταν
1037 5146 1284 5219 ἔρχηται,
1327 5146 1501 5212 οὐδεὶς
1543 5151 1799 5218 γινώσκει

1909 3145 2123 3218 quando
2154 3143 2504 3198 Servatorem
2530 3141 2597 3195 de
2630 3140 2811 3208 seipse
2857 3137 3023 3193 veluti
3055 3138 3272 3193 homine
3298 3138 3477 3194 disse-

1910 3250 2048 3301 rere,
2072 3232 2361 3304 aliquando
2386 3232 2451 3286 de
2472 3231 2724 3287 diviniori
2757 3239 2970 3293 natura,
3002 3245 3175 3300 eaque
3214 3230 3362 3284 unita
3391 3230 3477 3285 in-

1906 3327 2102 3396 genita:
2133 3323 2310 3380 Patris
2347 3335 2574 3378 natura.
2601 3321 2736 3377 Cum
2766 3320 2910 3375 enim
2962 3319 3111 3383 dicit,
3148 3337 3169 3373 ι
3206 3319 3359 3376 Nunc
3387 3336 3478 3376 au-

1909 3429 2014 3473 tem
2040 3413 2285 3486 quaeritis
2324 3427 2411 3469 me
2469 3411 2800 3476 interﬁcere,
2840 3410 3114 3465 hominem
3150 3412 3243 3482 qui
3279 3413 3478 3468 verita-

1908 3518 2014 3563 tem
2046 3507 2200 3563 vobis
2228 3505 2437 3560 locutus
2466 3519 2584 3559 sum
2605 3503 2672 3567 ³⁸,
2699 3522 2718 3555 ι
2750 3504 2852 3559 hoc
2887 3501 3129 3572 loquitur
3157 3503 3336 3558 sciens
3367 3518 3474 3558 non

1908 3599 2098 3664 Deum,
2127 3595 2218 3653 sed
2262 3595 2532 3649 hominem
2583 3592 2749 3661 quaeri
2804 3593 2871 3649 ad
2903 3602 3169 3656 mortem;
3199 3605 3318 3645 cum
3347 3606 3476 3646 vero

1906 3691 2102 3759 inquit,
2139 3707 2158 3740 ι
2192 3688 2306 3756 Ego
2340 3693 2397 3739 et
2456 3684 2621 3738 Pater
2667 3697 2833 3735 unum
2866 3696 3055 3736 sumus
3079 3681 3166 3746 ³¹;
3207 3680 3318 3750 Ego
3356 3695 3474 3735 sum

1905 3782 2108 3837 veritas
2134 3787 2189 3832 et
2214 3779 2322 3830 vita
2344 3776 2433 3840 ³¹;
2470 3775 2732 3844 Ego-sum
2781 3771 3106 3829 resurrectio
3131 3771 3197 3837 ³³,
3233 3790 3252 3825 ι
3302 3779 3357 3825 et
3393 3772 3477 3827 his

1905 3871 2124 3938 similia,
2155 3884 2262 3923 non
2318 3869 2476 3923 docet
2510 3868 2576 3922 de
2616 3880 2681 3921 eo
2727 3865 2945 3920 homine
2972 3863 3064 3932 qui
3108 3863 3472 3933 quterchatur.

1904 3967 2013 4021 lsto
2034 3965 2198 4035 igitur
2226 3963 2384 4018 modo
2421 3962 2488 4017 de
2537 3961 2620 4015 his
2667 3961 2830 4016 etiam
2859 3973 2982 4030 quae
3006 3973 3036 4013 a
3066 3956 3221 4015 nobis
3248 3958 3300 4011 in
3332 3973 3475 4026 pra:-

1904 4058 2079 4116 sentia
2120 4039 2462 4127 quaeruntur,
2505 4063 2564 4109 ut
2603 4053 2859 4110 similiter
2892 4052 3196 4116 solvantur,
3228 4049 3477 4106 conside-

1906 4155 2134 4209 randum
2179 4159 2301 4220 est;
2357 4151 2486 4206 illud
2530 4149 2700 4214 enim,
2734 4165 2753 4200 ι
2799 4147 2865 4201 Et
2900 4158 2986 4202 me
3021 4145 3194 4210 scitis,
3238 4152 3293 4199 et
3336 4143 3478 4198 unde

1904 4250 2006 4301 sim
2056 4246 2207 4302 scitis
2235 4245 2304 4311 “,
2347 4263 2368 4297 ι
2400 4244 2468 4298 de
2519 4256 2577 4298 se
2623 4242 2741 4311 ipso
2779 4239 2998 4294 homine
3053 4237 3331 4306 disputat;
3368 4235 3472 4291 hoc

1907 4350 2056 4402 vero,
2112 4355 2131 4390 ι
2174 4336 2358 4407 Neque
2393 4348 2480 4390 me
2512 4333 2692 4398 scitis,
2724 4346 2900 4401 neque
2925 4330 3139 4385 Patrem
3170 4340 3347 4381 meum
3372 4324 3469 4387 ⁸⁸.»

1905 4429 1972 4484 de
2002 4427 2305 4484 divinitate.
2337 4425 2449 4482 Illis
2487 4425 2632 4480 enim
2681 4422 2886 4488 verbis,
2925 4439 2945 4472 ι
2984 4418 3050 4472 Ει
3079 4432 3165 4473 me
3213 4414 3386 4476 scitis,
3418 4423 3470 4466 et

1904 4519 2048 4576 unde
2076 4521 2177 4576 sim
2211 4519 2380 4585 scitis,
2420 4537 2441 4571 ι
2472 4518 2587 4574 haec
2626 4514 2915 4585 przepoita
2946 4517 3114 4565 sunt:
3163 4525 3183 4561 ι
3219 4505 3474 4560 Dicebant

1903 4625 2033 4682 ergo
2057 4611 2274 4680 quidam
2301 4624 2370 4663 ex
2399 4605 2797 4677 Jerosolymitis
2828 4623 2842 4658 :
2878 4602 3069 4658 Nonne
3090 4600 3178 4654 hic
3202 4606 3283 4653 est
3309 4609 3470 4667 quem

1903 4710 2152 4773 quaerunt
2183 4702 2489 4757 interficere
2518 4701 2542 4754 τ
2570 4700 2637 4754 Ει
2667 4710 2795 4753 ecce
2821 4711 2944 4751 cum
2985 4693 3174 4748 ﬁducia
3212 4690 3468 4760 loquitur,

1907 4809 2008 4848 nec
2041 4793 2333 4863 quidquam
2371 4791 2445 4846 illi
2481 4792 2689 4846 dicunt.
2728 4787 2866 4842 Num
2915 4800 3041 4841 vere
3098 4790 3470 4854 cognoverunt

1907 4885 2179 4955 principes
2215 4884 2356 4938 hunc
2412 4896 2533 4938 esse
2577 4880 2850 4937 Christum
2880 4878 2904 4932 ?
2932 4877 3027 4933 sed
3078 4877 3223 4930 hunc
3265 4871 3470 4927 scimus

1907 4977 2047 5032 unde
2084 4976 2156 5030 sit
2186 4991 2199 5028 :
2241 4984 2293 5029 at
2325 4973 2575 5030 Christus
2605 4988 2726 5030 cum
2761 4968 3001 5036 venerit,
3032 4981 3188 5023 nemo
3214 4969 3473 5033 agnoscet

1909 5070 2049 5126 unde
2074 5070 2145 5125 sit
2172 5068 2218 5101 ³⁸
2245 5086 2259 5131 ;
2292 5086 2311 5120 ι
2343 5068 2435 5123 bis
2468 5082 2618 5135 vero,
2683 5084 2703 5119 ι
2754 5065 2935 5135 Neque
2967 5077 3052 5117 me
3081 5059 3264 5125 scitis,
3295 5070 3471 5124 neque

1905 5160 2120 5217 Patrem
2143 5175 2373 5227 meum»
2395 5159 2509 5216 haec
2536 5167 2663 5216 sunt
2684 5155 3001 5229 praeposita:
3023 5171 3042 5205 ι
3070 5152 3470 5217 Dixeruutergo

316 5265 359 5348 ξ’
384 5265 531 5321 ιοςιιι.
551 5266 781 5348 νιιλήἳϐ,
972 5268 1019 5301 ’⁵
1049 5266 1206 5322 Joan.
1236 5282 1354 5348 ritur,
1374 5269 1462 5348 ll’g.
1494 5337 1518 5348 _
1538 5272 1584 5303 ”
1602 5270 1756 5333 Joan.
1787 5296 1804 5332 ι

1909 5281 1995 5343 28,
2026 5281 2117 5338 ’29.
2193 5280 2238 5312 "
2261 5279 2415 5335 Joan.
2454 5293 2516 5338 ll.
2538 5278 2629 5332 22.
2704 5278 2748 5312 ’ν
2780 5275 2910 5348 ibid.
2984 5273 3031 5348 ff
3062 5268 3262 5348 lJoan.
3290 5281 3351 5333 tt,

262 5331 301 5364 "
318 5333 459 5390 Joan.
498 5353 593 5398 ru,
624 5337 712 5391 28.

264 5399 464 5465 “Joan.
488 5422 604 5472 \‘lll,
647 5407 733 5461 19.
806 5407 852 5440 ⁸⁸
876 5407 1034 5463 Joan.
1070 5421 1164 5467 vn,
1191 5399 1283 5463 ’25
1325 5423 1442 5477 seq.

319 5495 419 5573 (96)
456 5498 781 5573 'Hsftuyérnc
828 5499 904 5569 τῇ
953 5501 1280 5572 ἀγεννήτῳ.
1329 5503 1404 5558 Co
1424 5505 1507 5557 lex
1569 5502 1789 5573 Regius,

265 5562 786 5643 ἀγενήτῳᾸὶιιξιειίιιιι
838 5562 1070 5643 ε’ἑτοιῇξο
1122 5562 1244 5643 aged
1286 5573 1556 5643 videntur,
1618 5562 1795 5641 usque

265 5638 597 5711 eaint‘natura
622 5639 799 5711 dijina
832 5638 1080 5710 θειοτέρα
1114 5640 1276 5711 φύσις
1319 5641 1439 5695 Filii
1487 5643 1674 5695 unitnr
1700 5638 1796 5694 ua—

268 5704 640 5771 ιιιιεεὶιικειιίιιιι
668 5707 864 5771 Patris,
893 5704 1202 5766 sed'eadcm
1248 5722 1360 5777 est;
1420 5728 1523 5765 non
1564 5711 1797 5780 ἥνωται,

1898 5509 1993 5578 sed
2020 5509 2051 5578 ἡ

825 5336 1056 5415 :°_Joan.
1090 5337 1339 5415 Vtzlnéo.
1418 5338 1461 5369 ³¹
1489 5337 1644 5401 Joan.
1676 5362 1728 5413 ιι,
1754 5348 1804 5403 5(

1922 5336 2157 5405 ’θἸοιιιι.
2200 5365 2313 5414 xw,
2349 5349 2403 5403 6.
2479 5336 2523 5380 “
2550 5348 2707 5403 Joan.
2735 5346 2909 5415 xt,25.
2985 5344 3032 5376 “
3059 5341 3216 5398 Joan.
3245 5353 3341 5404 ru,
3376 5337 3468 5392 28.

1963 5507 2514 5648 ‘(szimzisigima
2544 5576 2637 5634 Sic
2669 5576 2831 5633 codex
2854 5575 3182 5633 Bodleianus
3207 5591 3223 5642 ;
3250 5572 3470 5645 Regius.

1896 5646 2315 5717 προστέτακται.
