3878 6210
434 304 540 361 9‘27

1879 316 2198 374 OlllGENlS

3565 333 3660 389 523

435 427 481 478 ei
509 426 800 481 l'harisa-i:
831 428 908 484 Tu
937 429 1004 485 de
1038 431 1210 496 leipso
1243 432 1554 490 testiﬁcaris
1587 455 1600 502 ;
1634 437 1974 493 testimoniun

2103 441 2263 496 πόθεν
2311 443 2458 498 ὲστί·
2490 465 2508 498 ι
2545 447 2638 502 τοῦ
2671 449 2761 514 δὲ,
2797 467 2816 502 ι
2847 449 2985 506 Οὔτε
3020 454 3121 524 ἐμὲ
3167 455 3372 519 οἴδατε,
3421 457 3542 509 οὒτε
3581 459 3662 512 τὸν

436 525 586 569 tuum
623 533 726 570 nou
751 528 834 574 est
856 535 1064 575 verum.
1084 522 1382 590 Respondit
1409 525 1587 590 Jesus,
1615 537 1671 582 et
1699 528 1832 583 dixit
1858 529 1998 585 illis:

435 606 657 662 Etiamsi
711 625 812 679 ego
865 611 1126 667 testiﬁcor
1175 615 1241 669 de
1288 629 1374 670 me
1427 616 1576 685 ipso,
1631 619 1998 674 testimonium

435 712 612 750 Ineum
639 712 823 752 verum
849 709 952 765 est,
976 702 1101 771 quia
1134 704 1257 758 novi
1293 705 1434 759 unde
1459 709 1578 760 veni
1607 715 1660 760 et
1681 721 1788 775 quo
1820 709 1993 774 vado;

431 803 526 842 vos
563 789 862 843 secundum
913 805 1132 845 carnem
1181 792 1604 866 judicatis;ego
1653 811 1756 850 non
1810 795 1998 866 judico

429 892 794 946 quemquam;
834 890 998 948 atque
1058 881 1272 936 etiamsi
1326 883 1506 952 judico
1560 899 1683 954 ego,
1733 885 1994 954 judicium

430 983 604 1022 meum
638 985 822 1024 rerum
852 979 955 1034 est,
989 969 1130 1039 quod
1170 971 1318 1027 solus
1359 988 1466 1027 non
1497 989 1636 1039 sum,
1670 975 1763 1029 sed
1791 991 1910 1044 ego,
1942 985 1996 1032 et

427 1060 519 1126 qui
575 1059 721 1114 misit
753 1076 858 1127 me,
892 1061 1055 1118 Pater
1086 1063 1159 1118 ³⁷.
1195 1083 1213 1114 ι
1249 1063 1325 1117 Ex
1375 1063 1460 1118 his
1498 1079 1626 1135 ergo
1654 1067 1994 1134 perspicuum

425 1162 507 1204 est
535 1165 563 1203 a
590 1147 989 1223 Jerosolymitis
1037 1155 1238 1209 dictum
1295 1154 1480 1222 fuisse,
1524 1172 1542 1206 ι
1580 1154 1732 1212 Hunc
1767 1159 1991 1226 scimus,

424 1239 565 1294 unde
582 1242 701 1304 sit,»
727 1241 827 1296 hoc
857 1243 1216 1300 referentibus
1243 1247 1310 1300 ad
1338 1255 1514 1301 ortum
1543 1247 1712 1317 ipsius
1745 1248 1796 1302 in
1834 1249 1995 1303 Beth-

422 1329 580 1398 leeiu,
636 1331 984 1404 sciebantque
1035 1335 1178 1392 hunc
1227 1351 1368 1402 esse,
1413 1336 1566 1405 cujus
1616 1347 1788 1392 mater
1851 1339 1996 1393 dice-

421 1423 582 1478 batur
632 1423 835 1492 Maria,
866 1436 920 1482 et
972 1427 1170 1484 fratres
1219 1427 1335 1497 ejus
1368 1429 1598 1485 Jacobus
1649 1441 1704 1486 et
1735 1429 1991 1495 Joannes.

418 1526 474 1574 et
526 1517 711 1572 Simon
759 1517 924 1574 Judas
970 1518 1062 1584 ⁸⁸;
1109 1535 1272 1588 quam
1319 1521 1388 1575 ob
1435 1536 1650 1575 causam
1703 1521 1994 1610 assenjjtur

420 1609 585 1662 etiam
638 1607 723 1661 his
774 1609 864 1676 qui
925 1609 1198 1674 dixerant,
1261 1627 1279 1662 ι
1335 1609 1565 1675 Scimus
1611 1611 1750 1666 unde
1800 1607 1912 1676 sit,
1966 1629 1985 1664 ι

2101 532 2318 604 Πατέρα
2365 549 2488 606 μου,
2517 557 2534 590 ι
2589 540 2794 594 ταῦτα’
2831 559 2849 592 ι
2875 538 3050 597 Εἶπαν
3099 539 3195 598 οῦν
3240 545 3393 617 αὐτῷ
3424 547 3474 599 οἱ
3508 549 3661 620 (Ῑιαρι⁹

2103 622 2272 672 σαίοιο
2336 625 2407 677 Σὺ
2473 627 2600 696 περὶ
2665 629 2891 682 σεαυτοῦ
2947 635 3274 704 μαρτυρεῖς,
3318 635 3351 704 ἡ
3405 638 3663 707 μαρτυρία

2101 728 2194 764 σου
2235 713 2334 766 οὐκ
2373 713 2517 769 ἔστιν
2549 717 2776 790 ἀληθής.
2821 723 3119 794 Ἀπεκρίθη
3151 727 3180 777 6
3217 724 3443 796 Ἰησοῦς,
3475 727 3567 780 καὶ
3595 723 3661 780 el-

2099 820 2199 856 πεν
2231 806 2441 870 αὐτοῖς’
2493 808 2611 862 Κᾶν
2650 810 2759 879 ἐγὼ
2811 817 3074 887 μαρτυρῶ
3100 817 3228 888 περὶ
3258 819 3522 888 ἐμαυτοῦ,
3551 819 3662 892 άλη-

2098 894 2197 966 θής
2229 897 2376 950 ἐστιν
2465 901 2741 972 μαρτυρία
2773 921 2894 973 μου,
2920 905 3001 958 ὅτι
3029 902 3146 960 οἶδα
3176 907 3340 962 πόθεν
3364 905 3552 980 ἦλθον,
3577 912 3661 964 καὶ

2097 983 2202 1038 ποῦ
2230 985 2424 1056 ὑπάγω
2443 1003 2457 1017 ⁸
2493 989 2652 1060 ὑμεῖς
2681 992 2820 1046 κατὰ
2851 993 2946 1065 τὴν
2987 997 3164 1068 σάρκα
3196 1000 3433 1070 κρίνετε,
3470 1000 3580 1069 ἐγὼ
3605 1003 3657 1056 οὒ

2095 1075 2264 1146 κρίνω
2308 1077 2528 1132 οὐδένα”
2565 1081 2659 1134 καὶ
2704 1083 2799 1137 ἐὰν
2844 1085 3014 1154 κρίνω
3059 1087 3115 1140 δὲ
3161 1089 3288 1158 ἐγὼ,
3335 1093 3368 1162 ή
3420 1092 3658 1164 κρίσιςή

2096 1169 2202 1236 ἐμὴ
2253 1168 2476 1242 ἀληθινή
2523 1171 2694 1236 ἐστιν,
2748 1174 2829 1228 ὅτι
2882 1177 3042 1247 μόνος
3087 1179 3184 1232 οὐκ
3218 1181 3360 1252 εἰμὶ,
3400 1183 3520 1234 ἀλλ’
3559 1184 3662 1252 ἐγὼ

2094 1260 2188 1311 καὶ
2219 1261 2248 1312 6
2279 1260 2500 1330 πέμψας
2532 1280 2599 1333 με
2638 1265 2884 1336 Πατήρ.)
2917 1269 3084 1339 Δῆλον
3113 1267 3205 1324 οὖν
3228 1274 3291 1325 ὲκ
3329 1273 3560 1338 τούτων,
3585 1275 3660 1328 ὅτι

2093 1350 2196 1403 ὑπὸ
2243 1353 2340 1422 μὲν
2377 1353 2482 1407 τῶν
2519 1355 2960 1427 Ἱεροσολυμιτῶν
3002 1362 3251 1431 ἐλέγετο,
3302 1383 3320 1414 ι
3351 1365 3553 1418 Τοῦτον
3591 1368 3660 1420 ol-

2092 1437 2261 1510 δαμεν
2308 1441 2468 1496 πόθεν
2507 1444 2674 1509 ἐστὶν,
2701 1464 2719 1498 ι
2767 1447 3148 1519 ἀναφερόντων
3195 1453 3289 1506 ἐπὶ
3319 1453 3381 1505 τὸ
3422 1455 3482 1507 ὲν
3527 1454 3658 1525 Βηθ-

2093 1531 2226 1617 λεὲμ
2240 1533 2399 1588 αὑτὸν
2424 1537 2749 1607 γεγενῆσθαι
2781 1542 2874 1594 καὶ
2907 1543 3286 1615 ἐπισταμένων
3314 1541 3382 1617 ἧν
3405 1547 3662 1617 (97⁸),ᾶα

2091 1613 2246 1686 οὗτος
2272 1619 2338 1694 ἦν
2368 1619 2427 1678 οὗ
2458 1627 2490 1694 ἡ
2524 1628 2705 1700 μήτηρ
2736 1630 2950 1700 ἐλέγετο
2981 1613 3188 1706 Μαρία,
3233 1613 3420 1691 καὶ-οἰ-
3446 1613 3661 1709 ἀδελφοὶ

420 1715 518 1768 per
571 1699 682 1752 haec
737 1699 920 1762 verba,
954 1715 972 1750 ι
1018 1709 1072 1754 et
1125 1714 1211 1754 me
1241 1701 1392 1755 scitis
1438 1701 1580 1754 unde
1627 1702 1748 1756 sim.
1785 1702 1974 1772 i283

2095 1711 2255 1764 αὐτοῦ
2295 1713 2574 1779 Ἰάκωϐος,
2617 1699 2711 1770 καὶ
2751 1699 3033 1794 Ἰωάννης,
3067 1699 3377 1796 καὶὝΣίμων
3416 1699 3655 1791 Ἰούδαςο

417 1793 486 1844 At
546 1788 835 1844 Pharisaeis
897 1789 962 1843 de
1019 1789 1267 1844 diviniori
1316 1799 1509 1844 natura
1564 1790 1859 1858 disserens,
1899 1771 1974 1854 et]

2089 1800 2279 1874 διόπερ
2333 1803 2426 1857 καὶ
2491 1771 3383 1885 μαρτυρεῖντοῖς

417 1892 476 1936 ιιι
518 1881 716 1950 aliquis
770 1881 999 1944 diceret,
1051 1883 1104 1936 in
1151 1891 1410 1951 quantum
1462 1890 1544 1937 est
1596 1881 1974 1952 primogenitus

2086 1891 2250 1945 πόθεν
2285 1895 2420 1959 ἐστὶ,
2445 1914 2464 1948 ι
2503 1896 2592 1979 διὰ
2622 1898 2714 1952 τοῦ
2736 1916 2748 1930 ·
2789 1919 2808 1952 ι
2838 1903 2994 1974 Κάμὲ
3025 1881 3203 1958 οἴδατε
3238 1905 3402 1960 πόθεν
3450 1881 3574 1978 εἰμί
3588 1925 3602 1940 ο
3632 1929 3650 1963 ι

415 1972 592 2026 omnis
616 1981 902 2036 creatum,
929 1972 1043 2026 haec
1083 1972 1219 2026 dixit
1253 1991 1266 2026 :
1305 1989 1323 2022 ι
1345 1971 1568 2026 Etiamsi
1603 1987 1702 2042 ego
1727 1973 1974 2028 testiﬁcor

2083 1985 2194 2047 τοῖς
2243 1983 2301 2037 δὲ
2348 1971 2659 2058 Φαρισαίοις
2705 1991 2799 2058 τὸ,
2846 2011 2866 2045 ι
2914 1971 3022 2049 Καὶ
3069 1995 3180 2065 ἐγὼ
3221 1971 3659 2073 μαρτυρῶ-περὶ

415 2065 482 2118 de
519 2079 604 2119 me
658 2065 794 2132 ipso,
853 2063 1222 2120 testimonium
1255 2077 1434 2116 meum
1485 2077 1673 2116 verum
1708 2073 1820 2126 est,
1855 2064 1974 2132 quia

2082 2075 2338 2144 ἐμαυτοῦ,
2365 2078 2570 2150 ἀληθής
2601 2083 2748 2136 ἐστιν
2775 2087 2806 2155 ἡ
2835 2063 3234 2160 μαρτυρία-μοῦ
3257 2107 3270 2121 ο
3301 2063 3384 2146 δτι
3409 2063 3532 2146 οἴδα

416 2155 530 2209 seio
568 2154 708 2209 unde
741 2156 862 2209 veni
891 2163 944 2209 et
966 2169 1072 2224 quo
1105 2154 1243 2207 vado
1264 2153 1331 2206 ".
1358 2172 1376 2205 ι
1414 2151 1777 2219 Quamobrem
1813 2155 1983 2209 inter-

415 2246 728 2314 regantihus
785 2260 910 2299 eum
945 2253 1130 2300 contra
1167 2243 1304 2308 haec,
1352 2252 1406 2297 et
1460 2242 1783 2309 dicentibus,
1823 2262 1842 2295 ι
1879 2245 1980 2302 Ubi

413 2346 497 2391 est
541 2335 701 2390 Pater
745 2345 869 2390 tuus
898 2335 978 2389 “‘3
1012 2354 1030 2387 ι
1071 2333 1382 2404 respondet,
1417 2342 1474 2387 ιιι
1523 2332 1721 2403 aliquis
1750 2335 1976 2401 diceret,

414 2428 550 2482 alius
583 2427 850 2482 exsistcns
879 2427 946 2482 ab
989 2441 1053 2480 eo
1099 2426 1192 2496 qui
1227 2425 1394 2491 dicit,
1428 2443 1446 2476 ι
1471 2425 1537 2480 Ει
1569 2439 1653 2480 me
1678 2425 1833 2480 scitis
1855 2426 1922 2491 “,
1952 2443 1970 2478 ι

412 2531 465 2574 et
505 2521 680 2590 inquit
711 2539 724 2574 :
761 2539 780 2572 ι
815 2518 999 2589 Neque
1019 2533 1103 2574 me
1132 2519 1308 2584 scitis,
1346 2531 1518 2588 neque
1542 2518 1760 2574 Patrem
1799 2535 1973 2575 meum

412 2612 480 2665 “.
504 2631 522 2666 ι
551 2612 818 2668 Czeterum
848 2611 1098 2665 ruditatis
1138 2609 1542 2666 Phariszcorum
1573 2619 1712 2677 erat,
1755 2609 1838 2664 vel
1869 2625 1973 2665 non

411 2702 712 2774 intelligere
755 2701 938 2756 Jesum
973 2701 1038 2756 de
1071 2700 1180 2755 Deo
1229 2701 1608 2757 universorum
1644 2699 1812 2770 loqui,
1846 2701 1973 2755 dum

411 2795 640 2859 diceret,
702 2813 720 2845 ι
751 2793 1098 2848 Tcstiticatur
1128 2794 1196 2848 de
1223 2806 1327 2858 me,
1359 2793 1451 2863 qui
1485 2791 1632 2848 misit
1672 2808 1775 2854 me.
1811 2791 1974 2847 Pater

409 2886 484 2951 u;
513 2905 531 2937 ι
565 2888 647 2940 vel
673 2887 717 2939 si
741 2885 1120 2939 intellexerant
1143 2885 1206 2939 de
1233 2884 1342 2938 Deo
1371 2890 1483 2939 haec
1508 2885 1632 2948 dici,
1658 2885 1975 2938 existimare

407 2981 574 3034 Deum
606 2978 808 3034 essein
858 2980 999 3042 loco,
1045 2988 1099 3032 et
1147 2979 1350 3033 idcirco
1407 2979 1778 3048 respondere:
1819 2993 1835 3028 ι
1870 2975 1970 3031 Ubi

406 3080 489 3126 est
535 3070 691 3124 Pater
731 3069 886 3124 tuus?
920 3087 937 3120 ι
971 3068 1167 3123 Verum
1222 3069 1362 3123 scire
1405 3079 1623 3137 oportet
1667 3069 1808 3138 quod
1845 3068 1971 3125 hinc
1997 3101 2040 3158 ο

406 3161 692 3216 manifeste
720 3162 928 3216 ostendi
961 3169 1154 3229 putent
1202 3159 1466 3222 lueretici,
1500 3159 1665 3213 Deum
1693 3199 1706 3224 ,
1736 3160 1818 3214 cui
1849 3174 1967 3215 ser-

404 3255 620 3309 viebant
667 3253 858 3318 Judmi,
894 3269 996 3308 non
1035 3267 1156 3309 esse
1198 3253 1414 3306 Patrem
1467 3251 1709 3306 Christi:
1739 3267 1862 3305 nam
1925 3250 1972 3307 si

405 3347 692 3402 Pharisaeis
733 3346 1098 3401 servientibus
1135 3344 1316 3399 mundi
1357 3342 1608 3397 Effectori
1637 3383 1650 3407 ,
1688 3343 1965 3414 inquiunt,

403 3438 615 3492 dicebat
640 3438 916 3500 Servator,
952 3453 969 3486 ι
1006 3434 1188 3504 Neque
1215 3449 1298 3487 me
1323 3433 1494 3497 scitis,
1539 3447 1713 3502 neque
1754 3433 1966 3488 Patrem

404 3543 607 3592 meum,
645 3548 663 3580 ι
706 3527 1050 3582 manifestum
1079 3539 1164 3581 est
1193 3525 1498 3579 Pharismos
1532 3540 1636 3580 non
1668 3539 1829 3578 nosse
1869 3523 1970 3578 Pa-

404 3630 542 3676 trem
574 3621 699 3677 Jesu
735 3621 966 3675 alterum
1002 3619 1352 3673 cxsistentem
1390 3633 1419 3670 a
1451 3618 1636 3672 mundi
1677 3616 1968 3673 Effectore.

401 3711 510 3769 Sed
565 3728 632 3768 ne
676 3711 1064 3781 lcrosolymitae
1099 3709 1338 3778 quidem,
1394 3708 1668 3776 inquiunt,
1708 3722 1830 3761 eum
1866 3723 1968 3762 no-

401 3813 547 3868 rant,
577 3804 775 3873 quibus
822 3814 985 3868 supra
1037 3801 1289 3854 dixerat:
1328 3817 1346 3850 ι
1381 3797 1486 3853 Sed
1513 3808 1596 3853 est
1643 3811 1824 3863 verax,
1874 3798 1966 3868 qui

405 3897 550 3950 ruisit
582 3909 686 3960 me,
739 3909 900 3962 quem
940 3908 1036 3948 vos
1071 3891 1336 3947 nescitis:
1373 3909 1391 3943 ι
1446 3905 1567 3959 quae
1600 3890 1806 3957 dicunt,
1838 3890 1966 3958 quia

402 4001 507 4040 non
549 3985 795 4053 legerunt
825 3983 1139 4052 Scripturas
1169 3982 1401 4049 divinas,
1429 3995 1604 4050 neque
1637 3981 1965 4036 observave-

403 4084 529 4132 runt
581 4073 1025 4127 consuetudinem
1062 4071 1354 4127 locutionis
1390 4073 1651 4141 ipsarum.
1702 4071 1967 4138 Quamvis

401 4164 546 4220 enim
575 4163 870 4231 intelligere
896 4162 1016 4229 quis
1043 4162 1352 4230 possitquae
1385 4163 1449 4215 ad
1477 4161 1640 4215 Deum
1669 4163 1962 4232 pertinent,

401 4272 430 4310 a
469 4253 712 4324 patribus
757 4251 979 4306 edoctus
1032 4251 1156 4306 huic
1195 4253 1294 4306 soli
1343 4251 1690 4307 serviendum
1740 4265 1879 4316 esse,
1919 4252 1964 4306 si

402 4349 545 4401 vivat
578 4346 622 4399 is
656 4361 759 4400 non
785 4345 944 4408 bene,
982 4342 1124 4396 hunc
1171 4343 1360 4397 dicunt
1393 4357 1497 4396 non
1537 4341 1736 4396 habere
1772 4344 1962 4414 cogni-

2083 2164 2174 2254 θεν
2201 2163 2382 2238 ἦλθον,
2416 2170 2510 2222 καὶ
2538 2171 2640 2224 ποῦ
2671 2173 2885 2244 ὑπάγω,
2919 2196 2936 2230 ι
2975 2182 3040 2250 τῇ
3071 2180 3318 2254 θειοτέρα
3353 2187 3514 2252 φύσει
3540 2185 3643 2239 δια-

2080 2253 2366 2327 λεγόμενος
2399 2259 2603 2328 ἔφασκε
2634 2263 2824 2330 ταῦτα,
2848 2267 2964 2332 καὶ,
2997 2269 3073 2332 ὼς
3112 2271 3178 2324 ἂν
3211 2253 3355 2326 εἴποι
3395 2292 3500 2338 τις,
3534 2275 3657 2328 καθ’

2077 2344 2106 2398 ὃ
2141 2348 2483 2438 πρωτότοκος
2521 2354 2702 2426 πάσης
2735 2358 2962 2423 κτίσεως
2993 2356 3080 2432 ἦν.
3128 2363 3327 2435 Διόπερ
3364 2369 3476 2429 τοῖς
3520 2369 3657 2438 πρὸς

2077 2435 2246 2490 ταῦτα
2268 2439 2592 2510 πυθομένοις
2622 2445 2784 2499 αὐτοῦ
2817 2449 2910 2501 καὶ
2938 2452 3218 2522 είρηκόσι,
3254 2473 3273 2505 ι
3313 2455 3422 2508 Ποῦ
3453 2435 3600 2509 ἐστιν
3627 2461 3657 2510 6

2076 2525 2265 2598 Πατήρ
2296 2544 2430 2596 σου;
2469 2549 2487 2582 ι
2518 2531 2889 2606 ἀποκρίνεται,
2916 2539 2993 2601 ὡς
3041 2540 3106 2594 ἂν
3142 2543 3285 2595 εἴποι
3331 2561 3434 2608 τις,
3469 2546 3656 2618 ἔτερος

2073 2614 2150 2705 ὢν
2176 2617 2269 2671 τοῦ
2301 2619 2582 2688 λέγοντος,
2619 2642 2638 2675 ι
2668 2627 2828 2697 Κάμὲ
2858 2629 3057 2694 οἴδατε,
3095 2651 3114 2683 ι
3155 2634 3249 2686 καί
3283 2639 3448 2705 φησι·
3483 2655 3504 2687 ι
3545 2614 3657 2692 Καὶ

2073 2704 2195 2758 οὔτε
2233 2708 2334 2778 ἐμὲ
2357 2711 2554 2777 οἴδατε,
2579 2712 2701 2768 οὔτε
2727 2715 2820 2768 τὸν
2846 2717 3062 2789 Πατέρα
3093 2737 3215 2791 μου.
3253 2741 3273 2774 ι
3310 2704 3471 2778 Κατὰ
3501 2724 3560 2778 δὲ
3592 2725 3655 2778 τὸ

2072 2797 2325 2850 ταπεινὸν
2356 2799 2464 2852 τῶν
2491 2803 2797 2872 Φαρισαίων
2823 2802 2908 2878 ἦν,
2943 2811 3060 2880 ἦτοι
3095 2813 3168 2883 μὴ
3201 2816 3342 2868 νοεῖν
3361 2855 3375 2878 ,
3414 2817 3497 2870 ὅτι
3528 2818 3656 2890 περὶ

2072 2887 2164 2940 τοῦ
2193 2888 2327 2944 Θεοῦ
2359 2891 2466 2946 τῶν
2493 2893 2628 2948 ὅλων
2658 2895 2809 2966 ἔλεγε
2832 2900 2893 2953 τό
2911 2941 2924 2961 ,
2955 2920 2972 2952 ι
3001 2905 3283 2977 Μαρτυρεῖ
3310 2907 3440 2979 περὶ
3467 2887 3652 2980 ἐμοῦ-ι

2072 2979 2294 3051 πέμψας
2311 2999 2379 3053 με
2402 2984 2642 3056 Πατὴρ,›
2664 2988 2720 3059 ἢ,
2739 2991 2786 3042 εί
2801 2990 3101 3064 ἐξεδέχοντο
3127 2999 3253 3068 περὶ
3272 2998 3381 3070 (98)
3404 2979 3653 3056 τοῦθεοῦ

2073 3071 2242 3128 ταῦτα
2267 3074 2550 3142 λέγεσθαι,
2585 3079 2820 3148 νομίζειν
2843 3123 2857 3148 ,
2886 3084 2967 3137 ὅτι
2999 3087 3059 3139 ὲν
3085 3088 3232 3158 τόπῳ
3256 3090 3402 3142 ἐστὶν
3438 3096 3466 3144 6
3498 3093 3652 3159 Θεὸς,

2073 3163 2167 3216 καὶ
2214 3164 2302 3218 διὰ
2351 3166 2510 3220 τοῦτο
2551 3169 2973 3242 ἀποκρίνεσθαι·
3009 3195 3026 3228 ι
3060 3179 3170 3233 Ποῦ
3211 3181 3358 3237 ἔστιν
3394 3185 3423 3237 6
3458 3186 3653 3262 Πατήρ

2074 3273 2216 3350 σου
2241 3275 2259 3308 ι
2291 3258 2410 3331 Χρὴ
2439 3259 2620 3350 μέντοι
2662 3279 2725 3330 γε
2751 3264 2967 3333 ειδέναι,
3001 3269 3085 3322 ὅτι
3129 3272 3177 3324 οἱ
3209 3273 3507 3347 ἑτερόδοξοι
3538 3258 3650 3350 (99)

2071 3344 2348 3438 νομίζουσι
2413 3348 2600 3419 σαφῶς
2633 3353 2879 3408 ἐντεῦθεν
2924 3344 3390 3430 παρίστασθαιτδ
3437 3369 3515 3438 μὴ
3548 3344 3651 3424 ’τδὲ

2071 3435 2202 3489 Θεὸν
2222 3431 2265 3506 ᾧ
2286 3437 2571 3498 ὲλάτοευον
2603 3442 2842 3499 Ἰουδαῖοι
2865 3447 3086 3520 Πατέρα
3105 3447 3242 3506 εἶναι
3266 3456 3357 3510 τοῦ
3385 3431 3652 3528 Χριστοῦ.

2070 3528 2134 3580 Et
2175 3528 2417 3622 Tag-eoi;
2464 3534 2772 3604 Φαρισαίοις
2818 3537 3135 3610 λατρεύουσι
3179 3545 3255 3616 τῷ
3299 3547 3650 3622 Δημιουργῷ.

2071 3620 2255 3687 φασὶν,
2281 3620 2463 3690 ἔλεγεν
2488 3625 2516 3676 6
2541 3625 2730 3697 Σωτὴρ
2751 3667 2764 3692 ,
2805 3646 2822 3678 ι
2859 3629 2997 3682 Οὔτε
3025 3633 3125 3704 ἐμὲ
3157 3635 3363 3702 οτδατε,
3394 3620 3523 3694 οὔτε
3559 3620 3653 3698 τόν

2070 3709 2289 3782 Πατέρα
2325 3729 2446 3783 μου,
2475 3732 2493 3764 ι
2531 3716 2717 3783 σαφὲς,
2753 3717 2834 3771 ὅτι
2859 3719 3043 3791 ἕτερον
3091 3724 3217 3779 ὅντα
3249 3727 3341 3780 τοῦ
3378 3731 3652 3802 Δημιουρ-

2070 3801 2167 3870 γοῦ
2206 3803 2295 3856 τὸν
2326 3804 2542 3876 Πατέρα
2575 3807 2771 3879 Ἰησοῦ,
2798 3811 3076 3882 Φαρισαῖοι
3115 3816 3216 3871 οὐκ
3256 3801 3476 3889 ᾔδεσαν.
3508 3823 3652 3876 Ἀλλ’

2068 3895 2190 3948 οὐδὲ
2235 3896 2652 3968 Ἱεροσολυμῖται
2675 3940 2689 3964 ,
2734 3897 2813 3965 οἷς
2860 3906 3214 3977 προειρήκει,
3256 3928 3274 3960 ι
3299 3911 3438 3965 Ἀλλ’
3501 3913 3650 3969 ἔστιν

2069 3985 2317 4056 ἀληθινὸς
2344 3991 2372 4042 6
2407 3989 2628 4060 πέμψας
2660 4009 2748 4061 με,
2776 3993 2833 4046 ὃν
2860 3995 3016 4065 ὑμεῖς
3043 3998 3143 4052 οὐκ
3177 4000 3374 4066 οἴδατε,
3419 4023 3438 4056 ι
3471 4006 3645 4061 ταῦτα

2067 4076 2337 4146 λέγουσιν,
2351 4078 2448 4133 ἆτε
2467 4081 2541 4153 μὴ
2562 4082 2927 4149 ἀνεγνωκότες
2949 4086 3047 4151 τὰς
3071 4089 3220 4152 θείας
3243 4092 3486 4162 Γραφὰς,
3507 4097 3644 4166 μηδὲ

2067 4168 2166 4241 τὴν
2215 4169 2498 4241 συνήθειαν
2538 4171 2640 4242 τῆς
2685 4173 2743 4225 ὲν
2787 4175 2977 4240 αὑταῖς
3021 4178 3220 4245 λέξεως
3255 4187 3640 4254 τετηρηκότες.

2068 4260 2188 4314 Κᾶν
2210 4260 2318 4332 γὰρ
2343 4261 2655 4328 διεξοδεὺειν
2677 4281 2760 4327 τις
2779 4265 2999 4337 δύνηται
3021 4271 3087 4322 τὰ
3112 4273 3235 4342 περὶ
3265 4273 3420 4337 Θεοῦ,
3451 4277 3517 4328 ἐκ
3543 4296 3646 4332 πα-

2066 4350 2238 4423 τέρων
2269 4352 2622 4424 μεμαθηκὼς,
2649 4357 2730 4410 ὅτι
2753 4358 2928 4430 τούτῳ
2954 4359 3235 4432 λατρεύειν
3261 4366 3407 4436 μόνῳ
3439 4367 3540 4431 δεῖ,
3570 4372 3642 4440 μὴ

402 4440 602 4493 tionem
639 4437 755 4491 Dei.
791 4435 846 4490 Si
889 4435 1173 4505 quisquam
1212 4435 1375 4504 igitur
1402 4434 1538 4488 alius
1567 4436 1716 4488 novit
1741 4449 1864 4503 quae
1895 4436 1960 4489 ad

2079 4440 2172 4494 Sto‘t’
2199 4441 2256 4494 δὲ
2289 4441 2497 4508 καλῶς,
2534 4443 2717 4498 τοῦτόν
2751 4464 2914 4516 φασιν
2942 4450 3040 4502 οὐκ
3080 4450 3222 4520 ἔχειν
3255 4434 3457 4522 γνῶσιν
3485 4434 3642 4512 Θεοῦ,

400 4531 586 4584 mundi
614 4526 932 4582 Etfectorem
964 4525 1260 4598 pertinent,
1290 4535 1345 4581 ct
1374 4539 1493 4595 quae
1534 4526 1600 4578 ad
1632 4524 1839 4579 cultum
1869 4539 1960 4579 sa~

401 4619 752 4683 cerdotalem,
779 4619 1127 4688 perspicuum
1161 4624 1311 4671 certe
1346 4625 1433 4670 est
1483 4617 1626 4670 inter
1655 4618 1756 4670 hos
1797 4615 1964 4671 fuisse

401 4709 540 4764 ﬁlios
565 4707 682 4762 lleli
713 4708 1034 4774 sacerdotis,
1067 4707 1158 4775 qui
1198 4707 1386 4760 nutriti
1416 4705 1569 4761 fuere
1593 4707 1644 4760 in
1669 4705 1762 4760 Dei
1794 4707 1962 4762 cultu.

401 4801 650 4852 Attamen
683 4813 748 4852 eo
773 4800 915 4868 quod
946 4799 1310 4868 peccaverint,
1349 4798 1549 4866 scripta
1583 4808 1709 4852 sunt
1753 4797 1868 4853 haec
1899 4799 1964 4854 de

400 4891 506 4946 illis
551 4890 604 4944 in
639 4891 811 4959 primo
851 4891 1052 4962 Regum
1079 4891 1124 4923 ’⁵⁵
1155 4909 1167 4944 :
1203 4909 1221 4941 ι
1249 4891 1312 4944 Et
1365 4890 1458 4944 lilii
1500 4889 1637 4954 Heli,
1665 4891 1759 4944 ﬁlii
1791 4893 1962 4961 pesti-

396 4983 595 5048 lentes,
623 4997 729 5038 non
768 4993 1136 5053 cognoverunt
1185 4983 1488 5038 Dominum.
1521 4999 1540 5032 ι
1578 4980 1688 5052 [(1)
1723 4981 1961 5036 Interro-

395 5089 584 5145 gemus
609 5074 753 5130 enim
773 5089 866 5129 cos
889 5073 980 5144 qui
1007 5074 1168 5128 etiam
1199 5082 1402 5129 sectam
1432 5080 1756 5141 sequuntur,
1774 5087 1952 5127 annon

465 5216 508 5247 ³⁷
539 5215 666 5269 ibid.
697 5215 896 5283 tsscq.

397 5282 599 5348 “ibid,
641 5287 728 5342 18.
803 5282 900 5340 “Vl
927 5282 1059 5355 Reg.
1101 5301 1170 5348 ιι,
1197 5283 1287 5339 12.

467 5423 610 5492 (Ἦν)
640 5423 782 5491 Lege
834 5425 920 5480 hic
967 5425 1348 5495 ἐπισταμένων
1397 5423 1502 5495 ὅτι,
1554 5432 1824 5495 capttncto
1863 5419 1953 5494 ἦν·

395 5491 636 5563 quinque
667 5503 845 5563 aptent
873 5495 1070 5563 abhinc
1102 5491 1279 5560 lineis,
1307 5494 1520 5562 corrige
1544 5491 1645 5545 κᾶν
1676 5491 1803 5560 ἐγώ,
1839 5491 1961 5563 pro,

396 5562 488 5615 καὶ
521 5561 652 5630 ἐγώ.
689 5560 844 5617 Ευιτ.
879 5562 1118 5618 Parnm.

466 5632 578 5702 (98)
607 5632 680 5686 Ἢ
695 5631 1134 5702 είέξεδέχοντο.
1161 5633 1250 5690 Sic
1273 5634 1440 5690 codex
1471 5631 1831 5700 Bodleianus;
1857 5632 1961 5688 lle-

396 5701 536 5772 gltts,
574 5702 695 5755 ἐπεὶ
719 5701 1041 5770 ἐξεδέχοντο.

973 5214 1017 5246 ³⁸
1054 5213 1240 5267 Matth.
1278 5228 1398 5278 xui,
1425 5211 1514 5266 55.
1592 5211 1634 5244 ³⁸
1661 5209 1817 5266 Joan.
1841 5228 1958 5280 vm,
1993 5214 2080 5270 M.

2067 4530 2135 4582 Εῐ
2157 4548 2242 4595 τις
2269 4530 2398 4600 γοῦν
2441 4533 2596 4596 ἄλλος
2626 4535 2740 4605 ᾔδει
2780 4537 2848 4590 τὰ
2877 4539 3004 4608 περὶ
3045 4541 3138 4594 τοῦ
3167 4545 3510 4616 Δημιουργοῦ
3553 4551 3645 4603 καὶ

2066 4623 2164 4693 τῆς
2209 4624 2487 4695 ἱερατικῆς
2529 4625 2695 4680 αὐτοῦ
2739 4628 3068 4700 θεραπείας,
3116 4634 3276 4704 δῆλον
3301 4677 3316 4701 ,
3351 4637 3432 4691 ὅτι
3464 4641 3560 4693 καὶ
3593 4640 3642 4693 οι

2078 4709 2234 4766 Ἠλεὶ
2256 4713 2348 4766 τοῦ
2380 4715 2570 4786 ἱερέως
2599 4719 2736 4784 υἱοὶ,
2775 4721 2921 4793 παρὰ
2951 4725 3014 4794 τῇ
3051 4723 3274 4797 λατρεία
3301 4728 3643 4802 ἀνατεθραμ-

2071 4804 2221 4874 μένοι
2244 4821 2258 4836 ⁸
2289 4805 2402 4859 ἀλλ’
2441 4806 2622 4877 ὅμως,
2655 4811 2778 4863 ἐπεὶ
2805 4812 3079 4884 ἥμαρτον,
3118 4818 3426 4888 γέγραπται
3469 4821 3641 4874 ταῦτα

2069 4894 2199 4964 περὶ
2229 4894 2406 4948 αὐτῶν
2433 4895 2490 4949 ὲν
2522 4899 2586 4967 τῇ
2626 4897 2734 4950 τῶν
2779 4899 3073 4954 Βασιλειῶν
3109 4904 3333 4979 πρώτῃ·
3387 4926 3406 4958 ι
3443 4910 3552 4963 Καὶ
3589 4911 3639 4963 οε

2066 4984 2171 5036 υἱοὶ
2215 4984 2401 5052 Ἠλεὶ,
2447 4986 2552 5040 υἱοὶ
2575 4986 2750 5058 λοιμοὶ
2773 5028 2788 5054 ,
2821 4991 2920 5044 οὐκ
2956 4991 3198 5059 ἔγνωσαν
3243 4995 3333 5049 τὸν
3365 4998 3586 5067 Κύριον.
3615 5019 3632 5050 ι

2063 5076 2399 5150 Πευσώμεθα
2420 5080 2528 5150 γὰρ
2559 5079 2665 5134 τῶν
2694 5081 3032 5149 ἑτεροδόξων,
3069 5085 3116 5136 εἰ
3156 5085 3230 5158 μὴ
3261 5090 3388 5158 περὶ
3411 5088 3508 5142 τοῦ
3533 5094 3636 5162 Δη-

2191 5217 2233 5250 ⁸⁸
2252 5218 2381 5274 ibid.
2417 5219 2502 5274 l9.
2607 5219 2818 5278 “Joan.
2851 5237 2950 5292 vn,
2979 5223 3070 5281 ‘28.
3148 5223 3369 5283 "Joan.
3395 5245 3516 5295 vm,
3551 5230 3633 5286 19.

2137 5427 2248 5504 (99)
2269 5429 2392 5504 Χρὴ
2419 5428 2622 5504 μέντοι
2643 5447 2708 5498 τε
2721 5432 2961 5504 ειδέναι,
2977 5435 3065 5488 ὅτι
3086 5438 3141 5488 ol
3157 5436 3513 5504 ἑτερόδοξοι.
3529 5445 3633 5490 etc.

2064 5496 2798 5577 chdqniani,:Marcianum,
2835 5496 3224 5575 Valentiniani,
3245 5496 3466 5577 'aliique
3495 5496 3634 5575 ejus-

2065 5567 2394 5640 ιιειιιζόμης
2425 5571 2688 5626 haeretici.
2717 5573 2957 5630 "UETIUS

2135 5637 2211 5709 (l)
2246 5637 2369 5695 llaec
2397 5655 2426 5694 e
2453 5640 2720 5697 l’criouio.
