3948 6206
237 288 346 342 5:9
1301 285 1658 344 COMMENT.
1692 283 1758 341 IN
1793 281 1986 338 JOAN.
2022 282 2264 339 TOMUS
2305 281 2444 336 XIX.
3388 279 3493 333 530

241 403 508 475 μιουργοῦ
539 405 844 476 γέγραπται
875 404 952 456 τό·
991 422 1008 454 ι
1038 405 1152 458 Οὐκ
1173 405 1413 474 ἔγνωσαν
1442 407 1534 458 τὸν
1553 404 1775 476 Κύριοψ

1931 402 1998 455 de
2035 403 2220 456 mundi
2276 401 2480 472 Opiiice
2510 401 2612 454 hoc
2647 398 2902 469 scriptum
2933 400 2997 455 sil
3027 417 3039 453 :
3081 418 3098 450 ι
3129 397 3242 452 Νοιι
3295 411 3487 465 cogno—

242 493 338 546 at
381 496 825 566 ἀποκρινομένων
853 534 868 558 ,
907 496 990 548 ὅτι
1027 499 1154 567 περὶ
1191 495 1284 549 τοῦ
1321 494 1664 568 Δημιουργοῦ
1706 497 1799 548 ὲστ

1929 502 2120 549 verunt
2149 489 2596 563 Doniititiui;i]ct
2638 490 3085 559 respondentibus
3127 489 3234 542 illis
3279 489 3393 542 haic
3421 486 3488 542 ad

236 583 440 644 ταῦτα.
455 587 761 656 ζητήσομεν
774 587 834 656 (Γ.
859 587 1026 658 σωμ-)
1040 587 1126 641 διά
1137 588 1189 641 τί
1201 587 1414 658 εἴρηται
1425 603 1495 640 πε
1503 587 1556 658 pl.
1568 585 1675 639 1:th
1691 584 1795 637 υίῶ

1928 583 2107 637 mundi
2143 581 2458 637 Eﬂectorem
2486 581 2780 650 pertinere,
2802 593 3106 646 quaeremus
3140 575 3487 644 quamobrem

253 675 452 736 Ἠλείί
481 681 594 733 Οὐκ
627 679 868 748 ἔγνωσαν
896 681 986 734 τὸν
1011 682 1233 752 Κύριονο
1271 701 1289 734 ι
1323 683 1548 754 πότερον
1580 681 1667 735 διὰ
1695 682 1812 743 τοὺς

1931 676 1990 730 de
2045 675 2168 731 filiis
2198 675 2311 731 lleli
2337 676 2538 730 dictum
2566 675 2638 730 sit
2667 693 2680 728 :
2717 693 2734 724 ι
2766 672 2882 726 Non
2909 677 3281 740 cognoverunt
3309 665 3490 721 Domi-

237 769 375 841 περὶ
394 769 528 823 Θεοῦ
547 770 641 824 τοῦ
662 772 1004 843 Δημιουργοῦ
1033 773 1242 841 λόγους,
1269 773 1302 844 ἢ
1332 773 1420 827 διά
1440 773 1540 844 τὴν
1563 772 1796 844 πονηρία

1930 784 2092 834 num;
2130 788 2148 821 ι
2189 778 2367 823 utrum
2403 777 2621 838 propter
2661 767 2902 820 rationes
2956 763 3022 817 de
3053 761 3160 815 Deo
3196 757 3375 813 mundi
3407 756 3489 810 fa-

240 862 445 916 αὐτῶν.
481 863 656 932 Σαφὲς
691 864 768 928 δὲ,
805 864 887 917 ὅτι
924 863 1012 918 διά
1047 864 1146 936 τὴν
1177 865 1438 936 πονηρίαν
1465 865 1712 934 λέγονται
1747 863 1799 934 μί

1934 863 2217 924 bricatore,
2243 877 2309 916 an
2341 871 2558 932 propter
2593 858 2856 914 malitiam
2888 857 3150 925 ipsorum.
3188 851 3293 908 Sed
3327 850 3493 919 liquet

241 955 546 1024 ἐγνωκέναι
587 956 679 1008 τὸν
715 956 945 1028 Κύριον·
985 957 1076 1010 καὶ
1115 957 1175 1011 ού
1220 957 1482 1029 περὶτῶν
1509 958 1638 1010 υἱῶν
1676 956 1800 1010 Ἠλε

1930 961 2144 1022 propter
2160 951 2444 1014 malitiam,
2472 966 2566 1006 eos
2592 951 2696 1005 diei
2726 965 2830 1004 non
2861 947 3146 1018 agnovisse
3167 943 3449 998 Dominum
3477 959 3489 994 :

245 1047 410 1117 μόνον
433 1047 546 1100 ἔστι
582 1048 738 1101 τοῦτο
767 1049 966 1120 εὑρεῖν,
997 1049 1132 1103 ἀλλά
1157 1050 1251 1103 καὶ
1281 1051 1408 1120 περὶ
1449 1048 1621 1102 ἀλλων
1667 1047 1804 1117 βασι-

1934 1055 2080 1110 quam
2112 1056 2226 1095 rem
2271 1056 2375 1094 non
2430 1040 2602 1094 solum
2640 1040 2693 1094 in
2729 1039 2856 1093 ﬁliis
2897 1036 3011 1090 lleli
3062 1033 3310 1090 invenire
3346 1031 3493 1091 licet,

240 1137 549 1192 λευσάντων
584 1140 642 1191 ὲν
677 1119 895 1210 Ἰσραῆλ
937 1141 1031 1192 καὶ
1075 1140 1241 1194 Ἰούδα
1285 1119 1646 1212 ἁμαρτωλῶν.
1668 1138 1799 1192 Οὕτιι

1938 1147 2110 1186 verum
2139 1132 2304 1186 etiam
2341 1131 2394 1184 iu
2425 1130 2567 1193 aliis,
2600 1130 2694 1198 qui
2720 1145 2842 1185 cum
2875 1127 3152 1198 regnarint
3175 1124 3230 1177 in
3260 1119 3497 1175 lsraelet

240 1229 425 1281 τοίνυν
449 1230 610 1283 καὶοὶ
635 1231 914 1299 Φαρισαῖοι
945 1231 1034 1284 τὸν
1067 1231 1287 1303 Πατέρα
1314 1210 1419 1284 ούκ
1442 1231 1639 1302 ᾔδεσαν
1659 1246 1672 1260 ’
1703 1230 1799 1282 οὐδ

1934 1221 2130 1286 Iudaea,
2176 1231 2490 1291 peccatores
2539 1220 2708 1275 fuere.
2763 1218 2870 1274 lsto
2923 1218 3087 1288 igitur
3136 1214 3293 1267 modo
3331 1210 3493 1275 etiam

240 1323 357 1392 γὰρ
389 1322 566 1375 ὲόίουν
597 1322 737 1375 κατά
769 1321 830 1374 τὸ
852 1319 943 1376 τοῦ
989 1321 1332 1394 Δημιουργοῦ
1369 1321 1633 1392 βούλημα.
1667 1321 1799 1373 Ἐστ

1937 1311 2181 1366 Phariszei
2217 1311 2430 1366 Patrem
2466 1325 2571 1364 non
2620 1319 2837 1370 norant,
2871 1323 2990 1362 cum
3022 1321 3126 1358 non
3160 1303 3402 1356 viverent
3430 1316 3496 1354 ex

241 1411 302 1464 δὲ
343 1413 436 1465 καὶ
480 1413 607 1467 ἄλλο
651 1393 1166 1484 σημαινόμενοντοῦ
1209 1412 1496 1481 γινώσκειν
1544 1413 1635 1466 τὸν
1667 1413 1800 1467 Θεὸν

1940 1403 2194 1459 sententia
2215 1404 2399 1456 mundi
2425 1401 2734 1457 Eﬂ'eetoris.
2769 1398 2934 1470 284
2955 1399 3088 1453 Cum
3121 1405 3301 1450 autem
3326 1393 3499 1448 diver-

240 1503 437 1574 ὲτέρου
483 1505 634 1569 ὄντος
672 1505 766 1558 τοῦ
808 1505 1094 1574 γινώσκειν
1135 1507 1227 1559 τὸν
1261 1506 1394 1560 Θεὸν
1449 1505 1596 1577 παρά
1633 1505 1694 1558 τὸ
1733 1523 1799 1558 πις

1936 1511 1998 1550 ste
2028 1497 2138 1550 sint
2165 1494 2595 1564 signiﬁcationes
2647 1490 2975 1561 agnoscendi
3007 1487 3198 1551 Deum,
3224 1487 3495 1541 diversum

243 1593 460 1648 στεύειν
490 1595 662 1664 ψιλῶς
693 1597 774 1658 είς
796 1596 887 1649 τὸν
915 1596 1070 1660 Θεὸν,
1106 1596 1182 1660 ὡς
1209 1597 1366 1668 δῆλον
1401 1598 1462 1650 ὲκ
1491 1575 1583 1650 τοῦ
1608 1613 1622 1628 ⁸
1654 1597 1802 1650 «Ὅσα

1936 1603 2140 1660 quoque
2193 1596 2276 1643 est
2327 1601 2625 1656 agnoscere
2675 1583 2842 1637 Deum
2896 1588 2950 1635 et
2995 1580 3222 1633 credere
3271 1577 3413 1630 nude
3445 1575 3495 1629 in

237 1685 272 1738 ὁ
301 1685 459 1756 νόμος
473 1685 642 1751 λαλεῖ,
667 1690 781 1750 τοῖς
808 1688 864 1739 ὲν
887 1687 964 1758 τῷ
992 1688 1140 1759 νόμῳ
1165 1688 1313 1742 λαλεῖ
1332 1689 1463 1742 αύτό
1484 1688 1545 1760 [Ῑ.
1564 1689 1747 1761 αύτά].
1774 1708 1792 1740 ι

1934 1687 2120 1747 Deum,
2155 1693 2214 1736 ut
2255 1682 2422 1751 liquet
2467 1697 2534 1736 ex
2589 1695 2653 1734 eo
2679 1679 2770 1732 "z
2811 1698 2830 1730 ι
2868 1677 3083 1732 Scimus
3123 1683 3302 1726 autem
3353 1671 3493 1739 quod

2163 1787 2166 1788 ,
2237 1787 2246 1788 κ
2291 1772 2304 1788 ι
2412 1770 2448 1788 I_
2475 1787 2482 1788 ,
2539 1770 2591 1788 9.,
2624 1785 2645 1788 _
2704 1768 2787 1788 [9-
2823 1767 2932 1788 1-..-
2970 1767 3224 1788 1,----ιη-
3252 1763 3338 1788 κηι
3373 1767 3491 1788 μ...ιῆ

245 1775 323 1829 Ἦ
346 1776 521 1846 δῆλον,
539 1779 622 1830 ὅτι
653 1778 888 1841 καὶτοὺς
917 1781 1219 1850 προφήτας,
1250 1774 1324 1834 ὧν
1342 1784 1356 1802 ‘
1375 1779 1444 1832 τά
1473 1781 1712 1852 ῥήματα,
1739 1780 1804 1844 ὡς

1935 1787 2254 1843 quacunque
2291 1772 2376 1826 lex
2409 1770 2667 1840 loquitur,
2704 1768 2790 1822 his
2823 1767 2935 1822 hanc
2970 1767 3224 1836 loquatur
3249 1763 3338 1831 qui
3372 1767 3494 1812 sunt

239 1867 304 1918 ἐν
335 1866 515 1930 ἀλλοις
553 1867 912 1939 ἀπεδείξαμεν
935 1909 948 1933 ,
994 1869 1155 1939 νόμος
1183 1869 1431 1937 λέγεται·
1469 1868 1680 1940 εἴρηται
1703 1870 1798 1923 τοί·

1937 1867 2020 1922 sub
2055 1866 2222 1936 lege»
2258 1868 2277 1886 θ
2304 1865 2386 1918 An
2424 1879 2528 1918 non
2575 1860 2915 1930 perspicuum
2954 1867 3037 1912 est
3065 1858 3230 1910 etiam
3263 1852 3496 1923 prophe-

239 1975 339 2009 νυν
371 1959 428 2010 ὲν
459 1958 735 2028 Ψαλμοῖς·
779 1976 798 2009 ι
838 1957 1160 2028 Σχολάσατε,
1197 1958 1290 2013 καὶ
1341 1957 1546 2028 γνῶτε,
1583 1960 1666 2013 ὅτι
1707 1959 1798 2029 ὲγιὲ

1936 1971 2030 2023 Las,
2081 1973 2309 2028 quorum
2337 1959 2354 1980 ‘
2387 1955 2573 2018 verba,
2630 1966 2688 2008 ut
2722 1953 2774 2006 in
2819 1950 2939 2004 aliis
2989 1947 3354 2009 ostendimus,
3410 1941 3495 1996 lex

241 2049 364 2117 εἰμι
393 2049 422 2100 6
450 2047 612 2112 Θεός.
656 2066 673 2098 ι
706 2048 800 2111 Τίς
834 2048 880 2101 δ’
922 2049 1020 2101 οὐκ
1063 2048 1128 2102 ἂν
1169 2049 1500 2122 ὁμολογήσαι
1532 2050 1794 2104 πιστεῦσα

1935 2047 2198 2102 dicuntur.
2226 2045 2437 2100 Dictum
2469 2053 2552 2099 est
2585 2044 2748 2114 igitur
2779 2043 2830 2096 in
2859 2037 3148 2095 Psalmis“
3178 2056 3191 2091 :
3233 2054 3251 2088 ι
3275 2034 3494 2096 Vacate,

241 2137 554 2208 γεγράφθαι
574 2136 740 2190 ταῦτα
768 2135 879 2206 λαῷ
906 2135 1206 2190 πιστεύοντι
1237 2137 1318 2200 είς
1349 2136 1438 2190 τὸν
1461 2138 1796 2209 Δημιουργὸν

1936 2147 1983 2192 et
2016 2138 2320 2208 agnoscite,
2342 2134 2486 2207 quod
2515 2149 2614 2204 ego
2642 2147 2761 2188 sum
2797 2133 2957 2186 Deus.
2985 2148 3002 2182 ι
3027 2129 3158 2196 Quis
3182 2136 3360 2182 autem
3388 2139 3495 2180 non

244 2229 429 2282 ὅντινα
452 2227 650 2297 γνῶναι
675 2229 772 2280 οὐκ
803 2226 918 2280 ἔστι
959 2228 1033 2300 μὴ
1061 2227 1398 2298 σχολάσαντα
1417 2268 1430 2290 ,
1465 2229 1558 2282 καὶ
1583 2227 1803 2282 ἐκκαθά-

1938 2232 2189 2285 I’ateretur
2223 2244 2283 2284 se
2310 2229 2536 2283 credere
2566 2228 2682 2281 lizec
2707 2225 2912 2293 scripta
2944 2221 3113 2276 fuisse
3146 2215 3344 2288 popqu
3378 2229 3497 2270 creo

246 2335 418 2389 ραντα
481 2318 572 2371 τὸν
630 2317 785 2383 νοῦν,
853 2317 963 2370 τῶν
1031 2317 1294 2373 νοούντων
1356 2320 1450 2374 καὶ
1533 2319 1805 2390 θειοτέροις

1940 2323 2074 2378 lenti
2110 2321 2162 2376 in
2201 2320 2384 2375 mundi
2411 2319 2705 2388 Opiﬁeem;
2755 2329 2918 2384 quem
2945 2325 3239 2382 agnoscere
3269 2323 3373 2362 non
3407 2322 3499 2360 va-

240 2408 540 2480 ὀφθαλμοῖς
576 2408 880 2479 βλεπόντων
909 2410 997 2464 τὸν
1035 2409 1168 2464 Θεὸν
1197 2449 1212 2473 ,
1247 2410 1334 2464 διὰ
1365 2411 1425 2464 τὸ
1451 2411 1699 2482 καθαρὰν
1725 2411 1799 2482 τὴε

1939 2413 2055 2478 icat,
2099 2411 2190 2481 qui
2227 2426 2334 2466 non
2367 2409 2595 2474 vacarit,
2647 2405 3059 2476 puriﬁcaritque
3095 2409 3364 2463 mentem;
3417 2395 3498 2450 di-

245 2503 474 2574 καρδίαν
495 2502 869 2574 πεποιηκέναι,
889 2502 986 2571 τῆς
1005 2502 1223 2573 χάριτος
1239 2502 1440 2574 ταύτης
1468 2502 1799 2574 ἀξιουμένων

1940 2507 2050 2576 guis
2097 2507 2201 2561 hoc
2238 2518 2465 2559 munere
2503 2500 2702 2556 habitis
2742 2498 2829 2552 his
2875 2497 2965 2563 qui
3009 2494 3182 2550 oeulis
3217 2488 3499 2545 diviniori-

249 2594 324 2658 ὡς
355 2595 384 2647 6
405 2595 597 2666 Σωτὴρ
625 2596 893 2666 μαρτυρεῖ
919 2593 1092 2662 λέγων
1115 2611 1128 2625 ο
1165 2613 1182 2645 ι
1215 2595 1492 2666 Μακάριοι
1516 2597 1564 2648 οί
1592 2595 1808 2668 καθαρά

1939 2601 2029 2654 bus
2058 2599 2222 2654 Deum
2259 2597 2629 2657 considerant,
2656 2593 2948 2660 vidcnlque
2976 2587 3101 2658 quia
3119 2601 3216 2640 cor
3241 2587 3498 2638 mundum

249 2688 316 2756 τῇ
349 2685 566 2756 καρδίᾳ,
593 2687 673 2738 ὅτι
696 2684 850 2737 αὐτοὶ
875 2684 965 2736 τὸν
993 2684 1125 2737 Θεὸν
1153 2683 1392 2753 ὅψονταις
1425 2704 1444 2738 ι
1474 2685 1626 2756 Ἀμα
1649 2685 1705 2737 δὲ
1729 2685 1808 2739 καπ

1942 2692 2187 2752 iecerint,
2244 2687 2698 2759 quemadmodum
2753 2693 2983 2740 testatur
3015 2679 3275 2733 Dominus
3317 2675 3501 2729 dicens

250 2776 388 2847 πρὸς
420 2775 506 2840 τὸ,
540 2795 558 2826 ι
596 2775 784 2838 Οὐδεὶς
811 2774 952 2842 ἔγνω
994 2774 1086 2828 τὸν
1114 2773 1332 2845 Πατέρα
1367 2777 1414 2828 εί
1445 2774 1520 2846 μὴ
1549 2777 1577 2828 6
1605 2775 1752 2838 Υἱὸς,
1800 2794 1809 2826 ι

1936 2785 2007 2839 "z
2040 2803 2056 2835 ι
2089 2783 2237 2837 Beati
2269 2782 2470 2836 mundo
2495 2778 2817 2848 corde,quia
2842 2776 2942 2846 ipsi
2979 2776 3146 2830 Deum
3169 2769 3495 2826 videbunt?»

252 2871 518 2940 φήσομεν,
535 2869 616 2921 ὅτι
636 2867 694 2920 ού
711 2866 906 2920 ταυτόν
932 2868 1049 2920 ἐστι
1079 2865 1139 2918 τὸ
1164 2865 1452 2934 γινώσκειν
1474 2865 1565 2920 τὸν
1584 2867 1811 2938 ΠατέραἸ

1943 2873 2105 2929 Simul
2150 2875 2314 2928 etiam
2353 2874 2405 2926 in
2441 2886 2506 2926 co
2559 2869 2790 2925 dicto“.
2855 2885 2874 2919 ι
2929 2866 3098 2922 Nemo
3136 2863 3352 2934 agnovit
3401 2860 3502 2914 Pa-

251 2963 345 3015 καὶ
377 2959 651 3013 πιστεύειν
697 2960 865 3030 αὐτῷ.
908 2960 983 3012 Οὐ
1039 2959 1270 3030 μάχεται
1309 2953 1402 3012 οὖν
1451 2958 1535 3022 τὸ,
1583 2979 1600 3010 ι
1639 2960 1810 3024 Οὐδεὶς

1942 2973 2094 3029 trem,
2124 2964 2230 3018 nisi
2270 2962 2498 3028 Filius,»
2552 2959 2749 3014 dicturi
2809 2972 3017 3015 sumus,
3064 2971 3168 3010 non
3206 2955 3344 3008 idem
3381 2967 3501 3006 esse

250 3055 392 3122 ἔγνω
419 3053 510 3106 τὸν
543 3052 762 3123 Πατέρα
819 3053 866 3105 εἰ
903 3052 977 3123 μὴ
1007 3053 1036 3104 6
1077 3051 1237 3118 Υίὸς,
1289 3070 1308 3104 ι
1341 3050 1472 3122 «(In
1509 3052 1809 3106 Ἑπίστευσε

1943 3068 2228 3126 agnoscere
2269 3052 2486 3107 Patrem
2539 3060 2593 3104 et
2657 3047 2731 3102 illi
2776 3046 3020 3100 credere.
3060 3043 3208 3098 Unde
3252 3041 3382 3094 illud
3419 3040 3502 3093 di-

248 3144 307 3197 δὲ
343 3142 591 3214 Ἀϐραὰμ
612 3142 688 3212 τῷ
711 3141 848 3212 Θεῷ,
869 3142 962 3194 καὶ
985 3141 1236 3212 ἐλογίσθη
1269 3140 1417 3212 αύτῷ
1442 3144 1522 3206 είς
1553 3143 1807 3196 δικαιοσύ-

1941 3157 2078 3203 ctum
2112 3185 2128 3209 ,
2163 3164 2181 3198 ι
2212 3142 2382 3198 Nemo
2435 3140 2652 3212 agnovit
2699 3138 2934 3200 Patrem,
2971 3135 3072 3190 nisi
3115 3134 3303 3195 Filius,
3337 3150 3355 3182 ι
3395 3147 3500 3184 non

249 3253 368 3306 νην.
411 3253 428 3286 ι
461 3233 523 3287 Et
557 3233 613 3286 δέ
646 3250 730 3296 τις
777 3231 947 3286 οἴεται
972 3233 1119 3302 ἡμᾶς
1158 3232 1442 3303 βιάζεσθαι
1474 3233 1727 3302 λέγοντας
1753 3233 1808 3305 μί]

1939 3249 2131 3310 pugnat
2167 3252 2290 3292 cum
2319 3237 2458 3290 hoc:
2498 3251 2517 3284 ι
2549 3230 2792 3288 Credidit
2827 3241 3006 3283 autem
3054 3226 3332 3282 Abraham
3367 3225 3498 3290 Deo,

247 3325 444 3380 ταυτὸν
471 3321 609 3378 εἶναι
637 3325 697 3377 τὸ
727 3324 1002 3378 πιστεύειν
1029 3323 1106 3395 τῷ
1135 3323 1454 3392 γινώσκειν,
1485 3325 1578 3378 καὶ
1615 3325 1806 3396 ἐνδέχει

1945 3338 1981 3382 :t
2013 3329 2336 3396 imputatum
2363 3334 2446 3379 est
2473 3323 2546 3378 illi
2581 3322 2648 3377 ad
2671 3319 2938 3390 justitiam
2965 3318 3031 3375 ι’.
3065 3338 3082 3368 ι
3119 3317 3273 3386 Quod
3308 3316 3351 3372 si
3381 3315 3504 3385 quis

253 3419 376 3471 σθαι
409 3415 686 3470 πιστεύειν
719 3415 836 3486 μὲν,
854 3415 951 3468 οὐκ
977 3414 1120 3485 ἔχειν
1148 3413 1204 3468 δὲ
1229 3413 1430 3482 γνῶσιν
1459 3415 1552 3469 τοῦ
1572 3432 1812 3469 πιστευο-

1939 3419 2201 3474 existimet
2235 3433 2334 3472 nos
2367 3417 2474 3471 vim
2520 3415 2719 3481 facere,
2757 3416 2847 3482 qui
2907 3415 3153 3467 dicamus
3207 3425 3312 3464 non
3359 3407 3498 3461 idem

256 3509 418 3580 μένου
446 3509 536 3560 ὑπ’
577 3505 762 3572 αὑτοῦ,
791 3505 886 3559 τοῦ
914 3505 1088 3576 Ἰησοῦ
1109 3507 1392 3560 ἀκουσάτω
1422 3507 1670 3574 λέγοντος
1693 3509 1815 3580 πρὸς

1946 3527 2051 3568 asse
2099 3515 2323 3568 credere
2360 3512 2503 3582 quod
2549 3525 2869 3578 agnoscere,
2925 3510 3354 3574 contingereque
3407 3501 3505 3552 ali-

249 3611 378 3664 τους
403 3599 830 3662 πεπιστευκότας
855 3599 1002 3670 αὐτῷ
1046 3599 1333 3663 Ἰουδαίους
1352 3617 1364 3630 ο
1405 3618 1423 3650 ι
1447 3600 1573 3653 Ἐὰν
1609 3601 1808 3672 μείνητε

1945 3608 2147 3674 pianda
2179 3615 2234 3660 ut
2265 3605 2466 3674 aliquis
2498 3606 2684 3658 credat
2737 3603 2828 3673 qui
2869 3617 2974 3656 non
3009 3600 3207 3654 habeat
3235 3596 3504 3664 cognitio-

251 3696 312 3747 ὲν
341 3692 418 3764 τῷ
447 3692 590 3762 λόγῳ
619 3689 696 3761 τῷ
728 3689 844 3762 ἐμῷ
862 3731 876 3755 ,
901 3689 1172 3759 γνώσεσθε
1205 3691 1303 3762 τὴν
1344 3690 1600 3761 ἀλήθειαν
1624 3731 1639 3755 ,
1675 3691 1770 3744 καὶ⁵
1796 3694 1810 3742 1‘

1945 3713 2054 3752 aem
2087 3698 2165 3752 rei
2194 3699 2261 3752 ab
2295 3696 2414 3766 ipso
2440 3695 2686 3757 creditae,
2723 3693 2912 3750 Iesum
2937 3693 3120 3746 audiat
3142 3691 3410 3744 dicentem
3438 3685 3504 3740 ad

252 3786 482 3856 ἀλήθεια
522 3782 875 3854 ἐλευθερώσει
932 3783 1095 3853 ὑμᾶς.
1141 3801 1158 3833 ι
1209 3783 1525 3854 Παρατήρει
1559 3782 1704 3854 γὰρ,
1748 3784 1806 3836 ὃτ

1945 3803 2026 3842 :os
2075 3789 2166 3858 qui
2221 3789 2273 3841 in
2340 3787 2515 3855 ipsum
2572 3786 2938 3851 crediderant,
2987 3785 3206 3853 Iudaeos
3233 3785 3328 3838 8"z
3371 3798 3390 3833 ι
3447 3780 3504 3835 Si

255 3875 363 3956 ⁴πρὸ
387 3874 503 3939 τοῦ,
533 3893 550 3926 ι
591 3875 713 3927 Ἐὰν
737 3873 957 3944 μείνητε
991 3875 1047 3925 ὲν
1072 3871 1149 3943 τῷ
1174 3871 1315 3944 λόγῳ
1343 3872 1421 3943 τῷ
1453 3872 1590 3944 ὲμῷ,
1623 3873 1814 3944 γνώσε-

1943 3880 2246 3935 manseritis
2277 3879 2330 3932 in
2371 3893 2624 3934 sermone
2663 3893 2807 3943 meo,
2857 3878 3168 3948 agnoscetis
3198 3877 3502 3939 veritatem,

256 3965 349 4018 σθε
380 3965 478 4035 τὴν
505 3964 782 4034 ἀλήθειαν,
814 3983 832 4014 ι
866 3963 1174 4032 γέγραπται
1195 3978 1208 3992 ·
1246 3961 1504 4030 «Ἔλεγεν
1531 3959 1622 4017 οῦν
1650 3966 1679 4017 6
1723 3965 1815 4038 Ἰη-

1948 3975 1988 4022 at
2011 3967 2216 4023 veritas
2245 3965 2502 4021 liberabit
2540 3981 2658 4022 vos.
2685 3987 2703 4020 ι
2737 3965 2975 4022 Observa
3011 3966 3156 4020 enim
3203 3965 3344 4035 quod
3382 3975 3507 4018 ante

257 4056 382 4120 σοῦς
419 4057 551 4128 πρὸς
595 4058 718 4120 τοὺς
762 4055 1112 4119 πιστεύοντας
1149 4054 1296 4126 αύτῷ
1339 4055 1647 4120 Ἰουδαίους·
1687 4075 1706 4108 ι
1741 4059 1816 4110 κα¹

1946 4072 1996 4112 ea
2052 4059 2238 4124 verba,
2288 4077 2306 4110 ι
2343 4057 2398 4112 Si
2428 4058 2742 4114 manseritis
2771 4059 2822 4113 in
2859 4073 3112 4112 sermone
3148 4071 3288 4124 meo,
3333 4071 3505 4126 agno-

254 4149 288 4202 ἂ
324 4146 506 4214 ἔλεγεν
543 4143 644 4218 ἦν’
702 4167 719 4197 ι
756 4147 881 4201 Ἐὰν
929 4146 1148 4218 μείνητε
1180 4147 1236 4198 ὲν
1271 4143 1349 4215 τῷ
1392 4145 1535 4216 λόγῳ
1577 4145 1653 4217 τῷ
1693 4147 1810 4218 ὲμῷ

1948 4151 2099 4205 sectis
2146 4152 2492 4215 veritatem,»
2540 4152 2802 4220 scriptum
2860 4149 2974 4205 sil:
3015 4168 3032 4201 ι
3066 4148 3291 4204 Dicebat
3346 4147 3507 4218 igitur

257 4237 528 4306 γνώσεσθε
561 4238 658 4308 τὴν
695 4238 970 4310 ἀλήθειαν.
1007 4259 1025 4291 ι
1064 4239 1206 4292 Πολὺ
1243 4238 1300 4291 δὲ
1333 4239 1578 4311 διαφέρει
1607 4240 1668 4294 τὸ
1698 4241 1816 4312 πρὸς

1943 4239 2089 4295 Iesus
2111 4239 2175 4292 ad
2207 4255 2299 4295 eos
2327 4241 2418 4310 qui
2451 4241 2800 4296 crediderant
2830 4240 2929 4304 illi,
2953 4239 3200 4306 Judieos;
3228 4259 3248 4294 ι
3283 4249 3336 4294 et
3358 4237 3502 4310 quod

256 4330 333 4402 τῷ
358 4331 632 4384 πιστεύειν
657 4331 986 4398 ἐγνωκέναι,
1027 4330 1121 4385 τοῦ
1169 4332 1445 4386 πιστεύειν
1483 4333 1672 4404 μόνον’
1710 4354 1727 4387 ι
1762 4331 1815 4407 τε

1947 4345 2053 4399 iure
2085 4330 2301 4394 dixerit,
2321 4332 2434 4385 11ωο
2463 4341 2658 4388 erant:
2703 4351 2720 4383 ι
2757 4330 2813 4386 Si
2837 4331 3148 4386 manseritis
3180 4331 3232 4384 in
3257 4344 3506 4384 sermone

261 4423 356 4493 μὲν
393 4423 501 4494 γὰρ
545 4422 635 4476 διὰ
669 4422 762 4474 τοῦ
811 4423 1124 4493 Πνεύματος
1173 4424 1370 4478 δίδοται
1414 4425 1568 4493 λόγος
1617 4427 1820 4496 σοφίας,

1948 4436 2078 4485 meo,
2107 4421 2412 4492 aguoscetis
2453 4423 2758 4476 veritatem.
2790 4440 2808 4473 ι
2845 4420 3008 4474 Multa
3045 4429 3222 4473 autem
3248 4426 3332 4471 est
3357 4417 3507 4470 dill‘e-

257 4511 398 4581 ἀλλῳ
421 4512 476 4566 6“:
500 4511 656 4579 λόγος
680 4511 930 4580 γνώσεως
959 4511 1098 4564 κατά
1126 4512 1185 4564 τὸ
1221 4514 1354 4566 αὐτὸ
1383 4513 1628 4586 Πνεῦμα,
1658 4516 1816 4588 ἑτέρη.

1950 4515 2108 4569 rentia
2139 4514 2280 4569 inter
2313 4529 2641 4584 cognoscere
2674 4511 3005 4580 conjunctim
3041 4526 3162 4564 cum
3199 4509 3424 4564 credere
3455 4519 3509 4562 et

260 4604 438 4666 πίστις
472 4605 528 4655 ὲν
560 4601 636 4673 τῷ
659 4601 806 4672 αὐτῷ
833 4601 1128 4671 Πνεύματι.
1164 4621 1181 4652 ι
1221 4605 1329 4657 Καὶ
1353 4605 1522 4660 ταῦτα
1562 4607 1819 4679 μὲνύπὲε

1950 4616 2077 4662 inter
2114 4608 2336 4663 credere
2375 4607 2548 4660 solum
2579 4625 2592 4660 :
2625 4624 2642 4657 ι
2684 4605 2786 4658 Alii
2820 4603 2960 4657 enim
2995 4616 3089 4671 per
3119 4599 3378 4667 Spiritum
3415 4598 3509 4651 da-

258 4693 347 4747 τοῦ
378 4695 718 4764 παραστῆσαι
748 4694 931 4764 ἕτερον
962 4690 1099 4746 εἶναι
1125 4695 1184 4746 τὸ
1210 4694 1567 4763 γινώσκεσθαι
1588 4699 1674 4752 τὸν
1697 4699 1817 4754 Θεὸι

1964 4715 2026 4753 ur
2057 4714 2236 4754 sermo
2289 4698 2593 4767 sapientize,
2627 4696 2716 4749 alii
2744 4704 2926 4748 autem
2972 4708 3155 4748 sermo
3181 4690 3523 4762 cognitionis.

259 4786 350 4838 τοῦ
399 4785 764 4840 πιστεύεσθαι.
816 4785 902 4848 Ὠς
943 4785 1000 4838 δὲ
1039 4786 1174 4856 πρὸς
1205 4786 1266 4838 τὸ
1296 4786 1515 4856 ἀκριϐὲς
1552 4790 1644 4842 καὶ
1676 4791 1818 4848 τοῦτ‹

1948 4791 2232 4844 secundum
2287 4788 2534 4841 eumdem
2586 4785 2873 4853 Spiritum,
2905 4782 2994 4839 alii
3046 4782 3179 4838 ﬁdes
3226 4783 3277 4836 in
3319 4781 3507 4836 eodem

261 4881 368 4940 τοῖς
388 4879 506 4947 είρη
515 4877 695 4947 μένοις
720 4876 1233 4948 προσαποδώσομεν,
1251 4878 1334 4930 ὅτι
1363 4879 1498 4948 πρὸς
1523 4879 1616 4943 οῦς
1647 4899 1820 4953 φησιν,

1948 4881 2141 4950 Spiritu
2170 4880 2237 4931 ⁸¹.
2261 4897 2279 4930 ι
2307 4877 2374 4932 Et
2412 4877 2526 4931 hazc
2552 4875 2797 4946 quidem,
2829 4887 2887 4931 ut
2918 4875 3336 4931 ostenderemus
3361 4872 3507 4927 aliud

267 4987 284 5018 ι
315 4966 450 5020 Ούτε
493 4968 593 5038 ἐμὲ
635 4967 812 5020 οἴδατε
837 5008 851 5031 ,
895 4965 1019 5019 οὔτε
1061 4967 1152 5019 τὸν
1193 4967 1415 5038 Πατέρα
1450 4985 1586 5038 μου,
1618 4989 1636 5020 ι
1672 4973 1826 5046 Φαρι.

1958 4981 2056 5020 :sse
2091 4977 2387 5035 agnoscere
2434 4963 2599 5016 Dcmn
2622 5001 2637 5026 ,
2671 4961 2739 5016 ab
2794 4977 2859 5018 eo
2893 4963 3038 5031 quod
3079 4971 3164 5014 est
3201 4957 3424 5013 credere
3455 4958 3517 5011 in

263 5057 462 5118 σαίους,
497 5055 734 5123 εὐλόγως
777 5055 843 5109 ἂν
881 5050 1002 5107 εἶπέ
1048 5071 1161 5118 τις⁸
1205 5054 1342 5107 Ἀλλ’
1389 5056 1509 5109 οὐδὲ
1554 5060 1822 5114 πιστεύετε

1950 5060 2126 5112 Deum.
2161 5054 2273 5112 lloc
2306 5071 2431 5110 vero
2458 5055 2601 5124 quod
2635 5057 2702 5109 ad
2753 5061 3066 5109 accuratam
3109 5049 3509 5120 interpretatio-

262 5150 337 5210 είς
383 5146 473 5199 τὸν
523 5147 742 5217 Πατέρα
788 5163 916 5216 μου·
960 5145 1038 5216 τῷ
1071 5147 1180 5218 γὰρ
1209 5147 1563 5201 ἀποσταλέντι
1593 5151 1701 5204 ἀπὸ
1744 5152 1821 5210 τοί

1961 5165 2062 5202 lem
2087 5151 2302 5216 attinet,
2337 5148 2426 5203 his
2451 5162 2572 5216 quae
2608 5147 2845 5202 diximus
2874 5145 3138 5199 addemus
3161 5183 3176 5208 ,
3209 5141 3407 5195 merito
3443 5142 3520 5194 ad

265 5237 473 5307 Πατρὸς
528 5238 627 5290 οὐκ
667 5237 1023 5291 ἐπίστευσαν·
1082 5258 1099 5290 ι
1153 5239 1208 5292 '0
1260 5238 1316 5291 δὲ
1353 5239 1684 5311 ἀρνούμενος
1747 5241 1824 5296 τὸι

1947 5239 2264 5304 Pharisaeos,
2294 5239 2492 5307 quibus
2524 5239 2697 5308 inquit
2726 5237 2905 5302 Iesus,
2942 5255 2960 5288 ι
2997 5235 3190 5304 Neque
3220 5249 3304 5288 me
3333 5233 3506 5298 scitis,

266 5327 409 5392 Υίὸν,
447 5347 465 5378 ι
499 5326 746 5397 οὐδαμῶς
781 5347 798 5378 ι
839 5328 930 5381 τὸν
971 5328 1188 5399 Πατέρα
1232 5327 1342 5398 ἔχει
1370 5347 1383 5360 ·
1423 5349 1440 5382 ι
1475 5331 1567 5384 καὶ
1593 5332 1825 5403 οὐδαμῶς

1955 5349 2111 5402 teque
2139 5333 2354 5387 Patrem
2383 5348 2559 5387 meum
2580 5332 2926 5399 ",ialiquem
2951 5329 3222 5384 dicturum
3246 5344 3260 5380 ;
3287 5325 3392 5380 Sed
3418 5342 3511 5378 ιιυ-

265 5440 402 5493 φημι
421 5459 436 5486 ,
471 5421 552 5474 ὅτι
599 5419 722 5474 οὔτε
754 5419 894 5474 κατά
928 5419 1260 5489 πίστιν,οῦτε
1285 5422 1421 5475 κατά
1451 5422 1669 5493 γνῶσιν.
1699 5425 1824 5497 Ὅρα

1952 5442 2042 5495 lue
2074 5426 2126 5479 in
2160 5425 2375 5479 Patrem
2407 5439 2582 5478 meum
2613 5423 2873 5487 creditis;
2903 5435 3027 5473 eum
3056 5419 3128 5484 ei,
3155 5417 3242 5488 qui
3275 5433 3304 5471 a
3348 5415 3511 5470 Patre

265 5514 318 5568 δὲ
351 5515 398 5567 εἰ
431 5515 505 5585 μὴ
536 5515 629 5568 καὶ
662 5513 836 5577 ἄλλως
877 5522 911 5592 ἡ
949 5514 987 5565 Γ
995 5513 1136 5583 ραφὴ
1196 5515 1320 5577 τοὺς
1367 5516 1824 5588 ἀνακεκραμένους

1951 5517 2136 5571 :nissus
2183 5514 2383 5574 fuerat,
2442 5528 2548 5568 non
2599 5513 2970 5579 crediderint;
3015 5521 3070 5568 et
3105 5529 3118 5566 :
3159 5530 3176 5562 ι
3208 5511 3308 5578 Qui
3352 5518 3510 5578 Iiegat

335 5631 564 5705 "_“Qlll.
608 5647 688 5697 Ill,
721 5631 802 5705 ιθ.
882 5633 926 5705 ξε
952 5631 1092 5705 Psal.
1133 5648 1249 5696 ην,
1282 5633 1364 5705 [0.
1442 5635 1483 5666 "
1517 5635 1704 5690 Matth.
1729 5653 1778 5700 ν,
1809 5639 1864 5694 8.

1950 5638 1988 5668 ⁸³
2018 5637 2205 5690 Matth.
2243 5635 2424 5705 v.27.
2501 5634 2545 5665 δ’
2568 5634 2704 5690 Gen.
2744 5652 2828 5705 xv,
2851 5637 2911 5700 6;
2952 5634 3106 5692 Rom.
3135 5650 3206 5702 Iv,
3232 5633 3294 5700 3;
3335 5631 3509 5688 Galat.

268 5718 343 5770 tu,
377 5703 437 5770 6;
466 5701 581 5759 Jac.
623 5718 678 5770 It,
714 5703 804 5758 “2.5.
882 5703 927 5734 "
956 5701 1109 5760 Joan.
1145 5718 1260 5770 \‘lll,
1300 5703 1390 5771 5|,
1414 5705 1506 5763 52.
1585 5707 1626 5737 ³⁸
1661 5707 1678 5761 Ι
1708 5709 1827 5764 Cor.

1145 5718 1260 5770 \‘lll,
1300 5703 1506 5771 5|,52.
1585 5707 1626 5737 ³⁸
1661 5707 1678 5761 Ι
1708 5709 1831 5764 Cor.
1869 5724 1962 5778 xu,
2001 5709 2054 5774 θ,
2076 5707 2128 5762 9.
2206 5708 2249 5738 ⁵³
2275 5704 2427 5761 Joau.
2465 5720 2580 5773 \nt,
2623 5706 2699 5762 l9.
