3878 6210
344 162 441 217 £531
1789 174 1927 230 ΟΜ(

2035 175 2113 231 [IS
3477 183 3570 237 532

347 273 569 340 Filium,
592 274 637 329 is
665 290 733 331 ne
755 274 973 332 Patrem
1005 294 1023 328 ι
1053 280 1272 335 omnino
1304 299 1323 332 ι
1344 283 1565 352 quidem
1593 286 1754 344 habet
1776 289 1823 321 ⁸³
1851 308 1907 344 τι

2035 292 2119 345 τινὶ
2148 290 2242 345 καὶ
2278 290 2574 354 ένωθέντας
2626 289 2907 360 γινώσκειν
2941 290 3117 344 ἐκεῖνό
3162 307 3325 360 φασιν
3345 331 3359 357 ,
3411 287 3457 356 ᾧ
3485 298 3569 349 ἀν.

344 367 698 436 omninoque,
727 369 966 435 inquam,
998 370 1121 437 quia
1170 385 1348 441 neque
1396 379 1694 435 secundum
1726 379 1906 445 ﬁdem,

346 473 523 528 neque
570 461 861 514 secundum
908 462 1293 530 cognitionem.
1339 466 1475 522 Vide
1515 483 1643 525 vero
1685 486 1752 527 an
1805 488 1912 528 non

347 550 455 604 alio
483 551 646 604 etiam
679 550 837 606 modo
865 550 1148 622 Scriptura
1199 555 1346 611 dicat
1394 573 1490 615 eos
1515 561 1606 630 qui
1639 562 1803 619 alicui
1835 564 1912 619 rei

347 643 617 698 commisti
675 643 918 712 unitique
976 645 1195 713 fuerint,
1250 649 1400 704 illam
1453 666 1771 723 agnoscere,
1825 655 1913 710 cui

348 733 617 788 commisti
667 735 868 789 fuerint
907 740 1570 811 communicaverintque;
1601 753 1727 799 ante
1757 745 1915 801 talem

347 838 478 878 vero
509 824 787 889 unionem,
821 834 870 879 et
901 829 1361 896 communionem,
1408 833 1624 889 etiamsi
1675 836 1915 891 rationes

346 914 524 982 aliqua
556 914 621 968 de
653 930 709 969 re
738 926 1120 985 assequamur,
1140 933 1244 973 non
1271 935 1566 991 agnoscere
1589 925 1758 980 illam.
1779 926 1919 981 Hinc

349 1002 511 1073 285
545 1003 713 1058 Adam
755 1020 876 1059 cum
918 1006 1122 1061 diceret
1165 1008 1231 1064 de
1274 1010 1404 1076 Eva,
1442 1030 1461 1063 t
1498 1014 1611 1069 Hoc
1657 1032 1803 1073 nunc
1854 1033 1921 1075 os

348 1108 413 1148 ex
443 1095 655 1148 ossibus
695 1095 849 1159 meis,
884 1106 936 1150 et
987 1111 1118 1152 caro
1165 1099 1231 1155 de
1272 1116 1438 1158 carne
1486 1119 1603 1159 mea
1630 1107 1697 1173 “,
1742 1127 1762 1161 ι
1812 1125 1919 1164 non

352 1183 680 1255 agnoscebat
708 1184 1030 1256 conjugem;
1078 1202 1200 1243 cum
1241 1204 1369 1246 vero
1409 1192 1484 1246 illi
1523 1196 1771 1263 atlhmsit,
1806 1207 1918 1253 tum

352 1275 552 1330 dictum
578 1284 661 1330 est
688 1276 813 1330 illud
843 1295 855 1330 ε
897 1295 916 1328 ι
938 1278 1167 1346 Agnovit
1198 1290 1377 1337 autem
1409 1285 1580 1339 Adam
1604 1286 1768 1341 Evam
1790 1304 1924 1344 cou-

347 1367 530 1436 jugem
554 1382 705 1421 suam
727 1367 797 1422 ⁸³.
827 1385 847 1419 ι
878 1366 1031 1433 Quod
1061 1368 1104 1422 si
1135 1369 1258 1438 quis
1289 1370 1531 1440 irrideat,
1556 1378 1700 1446 quod
1725 1377 1792 1434 de
1822 1380 1918 1435 Dei

353 1459 661 1527 cognitione
692 1468 987 1515 tractantes
1011 1462 1384 1528 acceperimus
1430 1462 1560 1520 illud
1590 1470 1920 1540 exemplum,

360 1548 651 1619 tCtthtOVil
675 1561 852 1604 autem
880 1552 1046 1605 Adam
1074 1552 1238 1605 Evam
1265 1553 1550 1626 coniugem
1579 1572 1787 1623 suam,»
1808 1562 1921 1629 pri—

2013 381 2324 453 εκράθησαν
2350 380 2443 435 καὶ
2468 380 2927 451 κεκοινωνήκασι’
2971 380 3075 451 πρὸ
3113 379 3170 433 δὲ
3205 380 3305 452 τῆς
3331 383 3573 457 τοιαύτης

2014 471 2259 535 ένώσεως
2284 471 2379 525 καὶ
2405 469 2702 534 κοινωνίας,
2730 468 2834 524 κᾶν
2858 470 2985 533 τοὺς
3013 469 3205 538 λόγους
3236 470 3577 543 καταλαμϐά-

2014 578 2145 623 νωσι
2191 562 2317 633 περί
2362 579 2541 626 τινος,
2587 562 2647 614 οὐ
2694 559 3053 629 γινώσκουσιν
3094 562 3290 616 έκεῖνο.
3352 561 3413 616 '0
3457 562 3575 632 γοῦν

2028 651 2199 723 Ἀδὰμ
2231 652 2358 723 περὶ
2387 652 2487 724 τῆς
2514 650 2657 717 Εὔας
2678 651 2851 720 λέγων
2876 691 2891 717 ,
2927 669 2947 701 ι
2975 648 3146 705 Τοῦτο
3175 650 3271 705 νῦν
3296 650 3490 706 ὀστοῦν
3522 654 3578 708 ὲκ

2014 741 2122 795 τῶν
2150 742 2350 796 ὀστέων
2379 759 2501 813 μου,
2536 741 2632 796 καὶ
2660 740 2798 814 σὰρξ
2827 742 2893 794 ἐκ
2919 740 3017 811 τῆς
3044 740 3246 812 σαρκός
3273 758 3400 812 μου,
3432 758 3453 793 ι
3488 741 3579 797 οὐκ

2015 832 2134 904 ᾔδει
2163 832 2264 904 τὴν
2289 836 2523 901 γυναῖκα
2540 849 2553 862 ο
2591 833 2679 885 ὅτε
2713 831 2822 903 γάρ
2862 833 3001 903 αὐτῇ
3033 831 3297 903 ἐκολλήθη
3316 871 3334 895 ,
3357 831 3485 886 τότε
3513 833 3581 886 εί-

2019 937 2211 991 ρηται⁶
2249 922 2463 989 «Ἔγνω
2489 921 2547 974 δὲ
2583 921 2753 992 ’Δδὰμ
2777 920 2920 975 Εὕαν
2949 922 3049 992 τὴν
3074 924 3305 989 γυναῖκα
3340 920 3526 977 αὐτοῦ.
3558 941 3575 974 ι

2019 1012 2128 1065 Καὶ
2156 1012 2211 1064 εἴ
2234 1011 2316 1077 τίς
2338 1028 2403 1081 γε
2434 1014 2768 1084 προσκόπτοι
2807 1011 2896 1066 διὰ
2921 1013 2982 1066 τὸ
3014 1012 3414 1083 παρειληφέναι
3448 1014 3585 1084 ἡμᾶς

2019 1103 2099 1164 εἰς
2118 1099 2213 1171 τὴν
2245 1102 2372 1173 περὶ
2395 1098 2529 1155 Θεοῦ
2562 1101 2764 1170 γνῶσιν
2795 1100 3143 1172 παράδειγμα
3169 1100 3229 1154 τὸ
3247 1139 3263 1165 ,
3294 1101 3585 1169 ιἜῬιωδι

2034 1190 2203 1262 Ἀδὰμ.
2226 1192 2325 1264 τὴν
2365 1195 2597 1261 γυναῖκα
2642 1189 2809 1245 αὑτοῦ
2829 1231 2845 1257 ,
2888 1211 2907 1243 ι
2941 1190 3157 1262 πρῶτον
3184 1190 3283 1261 μὲν
3312 1190 3430 1261 τῷ,
3466 1209 3487 1243 ι
3518 1192 3588 1245 Τὸ

2025 1283 2318 1353 μυστήριον
2348 1282 2503 1335 τοῦτο
2535 1282 2675 1352 μέγα
2700 1282 2848 1336 ἐστὶν
2878 1301 2899 1333 ι
2929 1282 3275 1353 ἐπιστησάτω
3294 1300 3309 1316 ⁶
3344 1282 3590 1356 δεύτερον

2020 1372 2077 1425 δὲ
2118 1372 2530 1444 ἀντιπαραοέτω
2567 1372 2629 1426 τὸ
2656 1373 2783 1444 περὶ
2809 1373 3034 1445 ἄρρενος
3069 1372 3166 1428 καὶ
3191 1373 3412 1446 θηλείας
3443 1375 3588 1445 λεγό-

2026 1479 2185 1534 μενον
2232 1462 2386 1535 παρὰ
2431 1463 2510 1534 τῷ
2556 1462 2860 1533 Ἀποστόλῳ
2887 1466 2978 1534 (τῇ
3033 1464 3169 1535 αὐτῇ
3211 1463 3354 1530 λέξει
3400 1467 3590 1537 χρῆται

2026 1554 2153 1624 ’περὶ⁵
2176 1552 2461 1624 ανθρώπου
2496 1553 2592 1607 καὶ
2621 1553 2825 1623 Κυρίου
2848 1546 2929 1623 [2]
2955 1558 2997 1623 )ο
3034 1572 3052 1605 ι
3090 1554 3150 1608 '0
3181 1554 3537 1626 κολλώμενος,
3568 1575 3586 1606 ι

358 1654 501 1693 mum
536 1640 755 1709 quidem
796 1639 924 1694 illud
958 1641 1003 1695 is
1042 1650 1193 1695 notet
1221 1659 1234 1695 :
1271 1660 1290 1694 ι
1321 1641 1433 1700 lloc
1463 1650 1780 1716 mysterium
1806 1666 1921 1703 ma-

2035 1644 2157 1716 φησὶ
2189 1644 2286 1714 (5),
2322 1663 2341 1696 ι
2375 1647 2442 1717 τῇ
2479 1644 2648 1716 πόρνῃ
2679 1643 2737 1697 ἓν
2761 1643 2921 1715 σῶμά
2947 1644 3063 1699 ἐστι
3086 1662 3099 1675 ·
3136 1646 3234 1698 καὶ
3260 1647 3289 1697 ό
3320 1646 3591 1717 κολλώμεσ

355 1745 519 1801 gnum
553 1739 635 1785 est
660 1729 738 1798 ³⁶;
779 1751 799 1783 ι
833 1731 1029 1786 deinde
1068 1741 1249 1785 autem
1289 1743 1521 1803 apponat
1574 1746 1628 1791 et
1678 1739 1924 1807 conferat

359 1822 502 1893 quod
536 1823 738 1878 dicitur
771 1822 912 1892 apud
944 1822 1262 1892 Apostolum
1306 1826 1374 1879 de
1418 1841 1568 1883 mare
1616 1837 1671 1882 et
1719 1829 1919 1889 femina

356 1914 504 1985 (nam
530 1914 717 1969 eadem
753 1914 990 1970 dictione
1018 1915 1188 1968 utitur
1218 1914 1283 1967 de
1319 1916 1537 1974 homine
1561 1921 1704 1977 etde
1734 1923 1920 1978 Domi-

359 2021 429 2060 no
452 2010 495 2076 ),
551 2023 569 2057 ι
611 2004 711 2071 Qui
773 2006 1048 2073 adhaeret,
1083 2026 1103 2059 ι
1162 2009 1412 2078 inquiens
1432 2009 1499 2078 ⁸⁷,
1560 2015 1921 2081 «meretrici,

358 2113 523 2152 unum
561 2108 643 2153 est
672 2113 910 2168 corpus;
938 2110 990 2155 et
1016 2102 1107 2170 qui
1133 2101 1377 2156 adhaeret
1407 2102 1658 2173 Domino,
1678 2122 1819 2162 unus
1839 2115 1925 2163 est

355 2183 602 2253 spiritus.
627 2204 646 2238 ι
681 2184 869 2256 Itaque
898 2190 989 2258 qui
1041 2190 1280 2244 adhaeret
1336 2193 1632 2261 meretrici,
1669 2196 1924 2252 meretrio

358 2287 777 2346 cemagnoscat;
803 2277 894 2348 qui
922 2280 1162 2337 adhaeret
1183 2283 1423 2356 conjugi,
1453 2286 1732 2356 coniugem
1759 2302 1924 2357 agno-

359 2376 494 2430 scat,
528 2369 656 2435 imo,
689 2371 872 2441 potius
906 2387 1067 2442 quam
1101 2375 1229 2440 hoc,
1262 2376 1352 2446 qui
1387 2377 1629 2432 adhaeret
1670 2377 1923 2445 Domino,

357 2467 413 2511 et
446 2468 632 2514 sancte
685 2472 945 2529 agnoscat
972 2461 1279 2519 Dominum.
1315 2465 1467 2533 Quod
1520 2468 1564 2522 si
1607 2469 1722 2524 lure
1760 2470 1831 2524 ita
1863 2486 1923 2528 se

360 2550 865 2627 halient,_Pharisaei
905 2569 1011 2609 non
1046 2565 1241 2610 norant
1269 2572 1448 2627 neque
1500 2557 1713 2614 Patrem
1751 2576 1926 2631 neque

360 2637 592 2709 Filium,
633 2656 897 2712 verasque
925 2654 1008 2701 est
1035 2659 1214 2701 sermo
1253 2645 1437 2703 dicens
1465 2645 1545 2702 ⁵⁸ε
1579 2667 1598 2701 ι
1624 2647 1807 2721 Neque
1840 2667 1926 2709 me

358 2733 533 2798 scitis,
570 2749 742 2804 neque
774 2736 987 2793 Patrem
1029 2753 1228 2795 meum.
1271 2759 1291 2794 ι
1338 2740 1394 2796 Si
1422 2756 1552 2796 vero
1614 2742 1719 2797 isto
1767 2744 1927 2799 modo

360 2840 467 2879 non
502 2839 855 2894 exponamus,
880 2828 1004 2884 dico
1028 2839 1207 2884 autem
1236 2831 1536 2886 secundum
1568 2832 1814 2886 ultimam
1846 2832 1931 2886 iu-

363 2916 737 2986 telligcntiam,
783 2921 1007 2976 verbum
1055 2940 1372 2995 agnoscere;
1418 2937 1517 2993 pro
1553 2937 1617 2978 eo
1650 2921 1794 2994 quod
1842 2931 1929 2979 est

359 3009 702 3065 cmnmisceri
734 3020 788 3066 et
815 3013 979 3080 uniri,
1016 3023 1252 3083 exponat
1281 3015 1478 3084 aliquis
1506 3014 1633 3068 illud
1667 3033 1680 3068 :
1723 3031 1742 3065 ι
1778 3012 1929 3070 Nunc

361 3111 538 3154 autem
574 3114 934 3169 agnoscentes
988 3104 1177 3170 Deum,
1220 3104 1390 3175 magis
1443 3114 1623 3160 autem
1680 3104 1849 3174 agniti
1900 3121 1930 3158 a

364 3188 471 3242 ὓ.εο
495 3189 573 3252 ⁸⁹;
611 3208 631 3242 ι
672 3200 726 3244 et
759 3191 890 3246 illud
920 3210 934 3246 :
985 3208 1005 3242 ι
1027 3191 1256 3260 Agnovit
1291 3189 1550 3245 Dominus
1574 3205 1669 3246 eos
1694 3189 1781 3259 qui
1805 3200 1931 3244 sunt

363 3282 568 3354 ιξιιεδθ.
596 3302 615 3336 ι
653 3283 865 3338 Iudicio
904 3286 1047 3338 enim
1094 3297 1236 3345 meo,
1271 3284 1492 3355 agnovit
1537 3282 1795 3337 Dominus
1837 3295 1930 3336 eos

364 3374 454 3441 qui
483 3384 608 3429 sunt
640 3375 778 3442 ejus,
816 3378 1132 3431 commistus
1158 3376 1284 3443 illis,
1320 3384 1372 3430 et
1403 3390 1557 3431 suam
1593 3375 1765 3444 ipsius
1791 3374 1930 3428 divi-

367 3467 593 3521 nitatem
650 3468 757 3523 illis
806 3469 1175 3538 participans,
1217 3482 1608 3538 assumensque
1658 3467 1827 3536 ipsos,
1875 3474 1933 3519 ut

366 3558 677 3628 evangelica
705 3558 868 3614 lectio
896 3560 1079 3625 ltaltet,
1105 3559 1157 3615 in
1175 3575 1270 3615 sua
1299 3559 1471 3630 ipsius
1495 3575 1655 3613 manu
1687 3575 1701 3613 :
1733 3559 1935 3627 quippe

367 3666 487 3703 cum
516 3651 570 3704 in
609 3651 857 3706 manibus
885 3652 996 3706 sint
1018 3650 1217 3719 Patris,
1232 3653 1324 3722 qui
1343 3649 1691 3705 crediderunt
1720 3649 1772 3703 iu
1802 3647 1931 3702 Scr-

365 3748 606 3793 vatorem
638 3758 652 3795 :
704 3743 1056 3809 quamobrem
1090 3740 1256 3795 etiam
1296 3754 1401 3795 non
1438 3738 1738 3808 rapientur,
1769 3736 1822 3791 ni
1866 3736 1934 3791 ab

368 3828 483 3895 ipsa
512 3827 710 3881 cadant
742 3822 1058 3897 elongautes
1083 3845 1141 3887 se
1163 3845 1194 3885 a
1222 3845 1383 3885 manu
1431 3830 1558 3895 Dei;
1587 3828 1766 3883 nullus
1787 3827 1933 3882 enim

366 3932 460 3971 eas
495 3918 634 3984 rapit
671 3918 737 3971 de
768 3934 930 3971 manu
960 3920 1141 3975 Patris
1163 3921 1231 3978 “.
1270 3923 1397 3977 Post
1439 3921 1553 3976 haec
1607 3920 1849 3991 iuquires
1883 3920 1934 3972 in

368 4007 500 4063 illud
554 4008 794 4072 dictum,
850 4009 1072 4079 «Neque
1127 4028 1213 4068 me
1257 4013 1450 4076 nostis,
1488 4026 1661 4081 neque
1716 4010 1934 4067 Patrem

371 4112 549 4154 meum
576 4098 640 4161 “,
674 4116 694 4150 ι
735 4113 861 4152 num
906 4100 978 4155 sit
1017 4101 1212 4170 aliquis
1238 4103 1328 4170 qui
1376 4111 1636 4170 agnoscat
1680 4099 1850 4155 Deum
1882 4109 1937 4155 et

372 4187 587 4244 Patrem
618 4204 726 4245 non
760 4200 1071 4258 cognoscat.
1105 4190 1242 4244 Nam
1267 4191 1310 4245 si
1350 4189 1452 4243 alia
1478 4189 1624 4244 illius
1654 4189 1802 4243 notio
1832 4200 1934 4253 est,

1956 2973 2002 3034 Ο

2025 1752 2116 1799 νος
2164 1735 2243 1807 τῷ
2282 1737 2471 1806 Κυρίῳ
2511 1734 2567 1789 ἒν
2603 1734 2821 1806 πνεῦμά
2865 1737 3030 1789 ἐστιν.
3070 1754 3090 1788 ι
3139 1737 3459 1806 Ἐγνωκέτω
3500 1737 3593 1809 μὲν

2024 1823 2116 1882 οὖν
2135 1830 2163 1883 ό
2186 1826 2522 1901 κολλώμενος
2553 1829 2618 1900 τῇ
2650 1827 2824 1899 πόρνῃ
2850 1826 2947 1899 τὴν
2976 1828 3203 1900 πόρνην,
3232 1830 3327 1883 καὶ
3349 1832 3380 1883 ό
3407 1830 3594 1883 κολλώ-

2027 1937 2186 1991 μενος
2217 1922 2283 1993 τῇ
2308 1917 2527 1989 γυναικὶ
2557 1919 2657 1991 τὴν
2681 1921 2934 1987 γυναῖκα,
2965 1919 3163 1989 μᾶλλον
3193 1919 3253 1973 δὲ
3280 1920 3474 1974 τούτου
3503 1920 3592 1975 καὶ

2026 2013 2194 2082 ἁγίως
2222 2013 2506 2082 ὲγνωκέτω
2527 2013 2556 2065 ὁ
2578 2009 2913 2081 κολλώμενος
2934 2009 3010 2080 τῷ
3040 2009 3230 2081 Κυρίῳ
3258 2011 3351 2067 τὸν
3371 2009 3591 2081 Κύριον.

2024 2104 2087 2157 Et
2128 2102 2186 2157 δὲ
2231 2102 2373 2157 τοῦθ’
2405 2103 2574 2167 οὕτως
2607 2101 2753 2172 ἔχει,
2794 2102 3074 2173 Φαρισαῖοι
3116 2101 3207 2156 τὸν
3248 2101 3471 2175 Πατέρα
3500 2101 3595 2155 οὐκ

2023 2194 2240 2267 ¹ᾔδεσαν,
2261 2193 2381 2247 οὐδὲ
2406 2194 2497 2248 τὸν
2526 2192 2674 2259 Υἱὸν,
2693 2193 2788 2247 καὶ
2803 2192 3008 2264 ἀληθὴς
3028 2187 3098 2264 ἦν
3118 2194 3149 2244 ὁ
3191 2191 3368 2260 λέγων
3389 2208 3403 2221 ·
3431 2189 3594 2245 culis:

2026 2286 2126 2357 ἐμὲ
2155 2286 2331 2339 οἴδατε
2350 2324 2365 2349 ,
2396 2283 2518 2339 οὔτε
2544 2285 2636 2339 τὸν
2667 2284 2885 2354 Πατέρα
2914 2300 3036 2355 μου.
3080 2301 3100 2336 ι
3130 2284 3194 2337 Ei
3230 2282 3289 2337 se
3319 2283 3395 2354 μὴ
3424 2281 3597 2347 οὓτως

2026 2376 2481 2448 ὲκλαμόάνοιμεν,
2498 2376 2639 2445 λέγω
2657 2375 2714 2429 δὲ
2738 2373 2880 2428 κατὰ
2898 2374 2996 2446 τὴν
3018 2373 3331 2429 τελευταίαν
3350 2374 3596 2444 ἐκδοχὴν,

2025 2469 2087 2522 τὸ
2110 2466 2446 2538 γινώσκειν,
2487 2467 2607 2520 ἀντὶ
2636 2465 2753 2531 τοῦ,
2785 2463 3191 2537 ἀνακεκρᾶσθαι
3215 2464 3310 2518 καὶ
3337 2463 3596 2535 ἡνῶσθαι,

2026 2560 2316 2632 διηγείσθω
2344 2575 2429 2621 τις
2466 2558 2527 2611 τὸ
2548 2595 2564 2620 ,
2593 2576 2612 2608 ι
2649 2555 2761 2610 Νῦν
2786 2556 2844 2609 δὲ
2873 2554 3095 2623 γνόντες
3120 2555 3289 2619 Θεὸν,
3324 2554 3596 2625 μᾶλλονᾶ

2026 2649 2356 2720 γνωσθέντες
2382 2648 2487 2703 ὑπὸ
2513 2647 2604 2700 τοῦ
2628 2645 2795 2713 Θεοῦ,
2833 2664 2851 2698 ι
2887 2646 2983 2701 καὶ
3014 2645 3075 2698 τό
3092 2661 3107 2676 ⁸
3138 2663 3161 2697 ί
3190 2646 3375 2714 Ἔγνω
3401 2644 3599 2716 Κύρως

2026 2743 2155 2805 τοὺς
2200 2741 2356 2803 ὄντας
2405 2737 2572 2793 αὑτοῦ
2597 2755 2610 2769 ·
2653 2758 2672 2790 ι
2707 2736 2850 2791 κατὰ
2891 2735 3001 2807 γὰρ
3040 2737 3188 2807 ἡμᾶς
3219 2734 3363 2804 ἔγνω
3402 2735 3602 2805 Κύριος

2027 2836 2153 2898 τοὺς
2176 2833 2334 2896 ὸντας
2368 2830 2530 2885 αὐτοῦ
2558 2828 2888 2900 ἀνακραοεὶς
2926 2830 3138 2894 αὐτοῖς,
3173 2828 3269 2881 καὶ
3310 2827 3605 2898 μεταδεδω-

2030 2924 2139 2990 κὼς
2166 2925 2348 2988 αὐτοῖς
2372 2923 2474 2993 τῆς
2509 2920 2698 2976 ἑαυτοῦ
2729 2921 3023 2992 θειότητος,
3055 2920 3151 2975 καὶ
3181 2917 3488 2990 ἀνειληφὼς
3509 2919 3605 2977 αὑ-

2031 3018 2177 3080 τοὺς,
2201 3016 2275 3078 ὼς
2300 3018 2334 3085 ἡ
2368 3013 2463 3068 τοῦ
2492 3012 2822 3082 Εὑαγγελίου
2854 3011 2999 3076 λέξις
3026 3013 3210 3084 φησὶν,
3243 3014 3324 3076 είς
3352 3010 3455 3080 τὴν
3484 3012 3603 3064 ἑαυ-

2030 3104 2123 3159 τοῦ
2150 3106 2329 3175 χεῖρα,
2356 3105 2416 3157 ἐν
2444 3105 2511 3175 τῇ
2543 3102 2685 3175 χειρὶ
2709 3101 2803 3154 τοῦ
2828 3100 3036 3172 Πατρὸς
3071 3100 3239 3154 ὄντων
3266 3105 3374 3153 τῶν
3407 3099 3487 3162 είς
3517 3099 3606 3150 τὸν

2031 3194 2257 3265 Σωτῆρα
2301 3193 2775 3247 πεπιστευκότων·
2815 3192 2896 3245 διὸ
2941 3191 3038 3245 καὶ
3075 3191 3125 3243 εἰ
3162 3189 3236 3261 μὴ
3268 3189 3484 3243 πέσοιεν
3512 3188 3603 3240 ἀπ’

2031 3284 2223 3356 αὐτῆς,
2248 3284 2474 3349 ἑαυτοὺς
2496 3282 2860 3355 μακρύνοντες
2885 3280 2994 3335 ἀπὸ
3015 3280 3114 3351 τῆς
3133 3280 3311 3352 χειρὸς
3333 3278 3426 3332 τοῦ
3449 3278 3606 3344 Θεοῦ,

2031 3377 2129 3445 οὐχ
2150 3376 2561 3447 ἁρπαγήσονται
2582 3390 2596 3407 ν
2629 3373 2802 3436 οὐδεὶς
2826 3370 2937 3443 γὰρ
2956 3368 3191 3441 ἁρπάζει
3210 3373 3276 3424 ὲκ
3299 3369 3398 3439 τῆς
3426 3368 3609 3440 χειρὸς

2030 3467 2123 3520 τοῦ
2154 3466 2381 3536 Πατρός.
2407 3463 2562 3519 Μετὰ
2584 3463 2755 3518 ταῦτα
2769 3461 3022 3535 ζητήσεις
3037 3464 3115 3526 είς
3130 3462 3191 3515 τὸ
3205 3460 3356 3525 αὐτὸ,
3374 3459 3611 3528 λέγωδὲ,

2039 3578 2055 3608 ι
2066 3556 2201 3611 Οὔτε
2220 3558 2245 3608 ὲ
2253 3556 2318 3627 μὲ
2332 3555 2528 3618 οἴδατε,
2540 3555 2660 3608 οὐδὲ
2674 3556 2737 3623 (Ῑ.
2754 3552 2901 3624 οὔτε)
2916 3552 3005 3606 τὸν
3020 3551 3236 3623 Πατέρα
3259 3567 3383 3621 μου,
3397 3569 3415 3601 ι
3430 3551 3482 3603 εί
3496 3548 3613 3603 ἔστι

2034 3646 2370 3717 γινώσκοντα
2396 3663 2518 3701 τινα
2544 3645 2636 3701 τὸν
2660 3645 2794 3698 Θεὸν
2829 3645 2902 3715 μὴ
2932 3641 3223 3713 γινώσκειν
3245 3641 3337 3697 τὸν
3354 3640 3610 3713 Πατέρα⁶

2036 3742 2086 3793 εί
2116 3738 2225 3812 γὰρ
2257 3739 2419 3810 ἑτέρα
2451 3737 2614 3793 αὐτοῦ
2643 3736 2854 3791 ἐπίνοιά
2877 3739 3017 3799 ἔστι,
3046 3734 3168 3789 καθ’
3201 3734 3230 3787 ὅ
3254 3736 3373 3787 ἔστι
3399 3731 3611 3803 Πατὴρ,

2037 3824 2129 3879 καὶ
2169 3824 2330 3895 ἑτέρα
2373 3824 2496 3877 καθ’
2523 3823 2552 3877 ὅ
2581 3826 2727 3879 ἐστιν
2753 3823 2782 3877 ὁ
2811 3822 2963 3886 Θεὸς,
2989 3822 3128 3893 τάχα
3158 3821 3273 3875 ἔστι
3300 3819 3423 3874 τινὰ
3446 3818 3610 3888 γινώ-

2040 3934 2191 3971 σκειν
2234 3916 2334 3988 μὲν
2380 3917 2470 3971 τὸν
2510 3914 2674 3980 Θεὸν,
2728 3914 2805 3986 μὴ
2847 3913 3135 3983 γινώσκειν
3164 3913 3221 3968 δὲ
3249 3913 3342 3968 τὸν
3368 3913 3612 3985 Πατέρα,

2039 4010 2191 4082 παρὰ
2225 4008 2286 4062 τὸ
2312 4004 2453 4061 εἶναι
2476 4007 2638 4063 αὐτὸν
2674 4008 2837 4072 Θεὸν,
2871 4008 2946 4080 μὴ
2974 4005 3262 4075 γινώσκειν
3292 4004 3350 4058 δὲ
3376 4004 3468 4059 τὸν
3500 4005 3613 4057 Πα-

2039 4101 2192 4173 τέρα.
2236 4101 2404 4171 Φησὶν
2443 4095 2536 4154 οὖν
2583 4101 2613 4154 ὁ
2660 4099 2851 4171 Σωτὴρ
2901 4097 3036 4169 μετὰ
3080 4096 3177 4168 τὴν
3209 4094 3504 4149 ἀνάστασιν
3547 4096 3613 4164 τῇ

2039 4191 2259 4263 Μαρίᾳ·
2295 4208 2313 4240 ι
2348 4190 2587 4262 Πορεύου
2630 4189 2686 4243 δὲ
2720 4190 2855 4260 πρὸς
2885 4190 3010 4253 τοὺς
3045 4185 3307 4256 ἀδελφούς
3337 4201 3440 4256 μου
3464 4225 3481 4250 ,
3522 4185 3617 4239 καὶ

374 4283 427 4336 itt
460 4290 720 4351 quantum
752 4281 932 4349 Pater,
967 4283 1070 4337 alia
1107 4283 1158 4337 in
1189 4291 1451 4353 quantum
1487 4281 1658 4348 Deus,
1689 4280 1927 4336 fortassis

2041 4282 2163 4336 είπὲ
2198 4281 2412 4344 αὐτοῖς·
2453 4278 2762 4352 Πορεύομαι
2811 4278 2947 4352 πρὸς
2974 4278 3066 4333 τὸν
3105 4277 3325 4346 Πατέρα
3359 4292 3497 4347 μου,
3525 4275 3617 4329 καὶ

375 4373 573 4443 aliquis
616 4384 911 4445 cognoscat
934 4373 1342 4441 Deum,nullam
1369 4373 1546 4427 Patris
1574 4372 1927 4442 cognitionem

2048 4373 2268 4444 Πατέρα
2291 4369 2465 4444 ὑμῶν,
2493 4373 2586 4426 καὶ
2624 4371 2756 4426 Θεόν
2785 4388 2885 4442 μου
2905 4412 2920 4439 ,
2950 4371 3043 4425 καὶ
3080 4369 3214 4423 Θεὸν
3247 4366 3421 4439 ὑμῶν.
3457 4385 3477 4419 ι
3508 4366 3617 4421 Καὶ

375 4462 604 4529 habens,
631 4465 732 4519 nisi
761 4465 887 4535 quia
917 4468 991 4519 sit
1015 4464 1127 4534 ipse
1162 4464 1325 4518 Deus.
1349 4460 1527 4532 luquit
1558 4462 1720 4532 igitur
1740 4458 1941 4515 Serva-

378 4567 487 4622 tor,
519 4566 644 4626 post
671 4557 1157 4615 resurrectionem.
1187 4554 1370 4609 Mariae
1397 4571 1412 4608 :
1452 4572 1471 4605 ι
1503 4552 1647 4608 Vade
1668 4562 1850 4606 autem
1874 4551 1942 4606 ad

378 4646 575 4702 fratres
601 4661 772 4717 meos,
810 4658 863 4704 et
912 4649 1000 4705 dic
1033 4647 1140 4703 illis
1166 4665 1179 4702 :
1209 4645 1360 4703 Vado
1388 4647 1456 4703 ad
1486 4647 1702 4702 Patrem
1737 4660 1937 4711 meum,

484 4787 532 4820 ⁸³
554 4786 573 4841 Ι
596 4785 750 4843 Joan.
782 4804 842 4851 tt,
870 4787 961 4843 95.
1055 4788 1103 4820 "
1137 4786 1272 4842 Gen.
1304 4803 1364 4853 tt,
1385 4785 1477 4841 23.

1583 4786 1629 4819 ⁸⁵
1659 4784 1796 4841 Gen.
1838 4800 1913 4853 tv,
1943 4784 1995 4839 l.

2049 4466 2164 4518 ἐστι
2195 4481 2259 4533 γε
2284 4467 2398 4529 τοῖς
2439 4463 2766 4535 έτεροδόξοις
2797 4463 2870 4534 (4)
2904 4462 3080 4531 λέγειν
3112 4458 3486 4532 χαριζομένων
3527 4458 3618 4511 αὐ-

2046 4560 2159 4622 τοῖς
2182 4597 2198 4621 ,
2228 4559 2311 4611 ὃτι
2345 4558 2446 4611 οὐκ
2480 4556 2723 4625 ἔγνωσαν
2753 4556 2845 4609 τὸν
2890 4553 3112 4626 Πατέρα
3148 4551 3391 4622 Μωῦσῆς
3432 4548 3528 4603 καὶ
3564 4549 3614 4601 οί

2047 4652 2345 4725 προφῆται·
2370 4650 2508 4721 ὅπερ
2538 4650 2678 4719 τάχα
2710 4648 2811 4702 οὐκ
2838 4646 2982 4701 ἐστιν
3018 4643 3213 4711 ἀληθὲς
3238 4641 3336 4714 (5),
3370 4641 3454 4695 ὃτι
3485 4638 3620 4693 πάν-

2097 4786 2144 4819 ⁸¹
2181 4784 2378 4853 Epltes.
2410 4782 2584 4853 v.432.
2690 4782 2736 4814 "
2777 4780 2952 4853 ligor.
2981 4794 3057 4844 vi,
3094 4776 3296 4843 16,17.
3389 4769 3612 4829 I‘Joan.

374 4870 490 4925 Vm,
518 4858 601 4914 i9.
677 4858 722 4889 ην
745 4849 924 4912 Galat.
960 4873 1030 4922 tv,
1070 4858 1121 4914 9.
1197 4857 1303 4911 “Il
1334 4849 1472 4911 'l‘itu.
1498 4871 1553 4923 ιι,
1602 4856 1682 4913 19.
1760 4856 1803 4887 ⁸⁸
1835 4849 1927 4911 Joa

2035 4873 2079 4923 ι,
2111 4855 2203 4921 28,
2226 4849 2318 4910 29.
2393 4854 2442 4935 ⁸³1
2466 4851 2622 4907 Joan.
2656 4866 2770 4915 vni,
2797 4849 2883 4905 19.

451 5006 525 5080 (ξ)
569 5002 897 5073 Ἀνθρώπου
928 5003 1025 5080 καὶ
1055 5003 1293 5069 Κυρίου.
1318 5000 1392 5055 Ita
1415 5001 1581 5056 codex
1615 5001 1954 5056 Bodleianus.

380 5075 438 5130 lu
462 5073 649 5145 'Regio
676 5080 824 5145 deest
856 5073 970 5127 καί.

456 5148 534 5217 (5)
561 5141 737 5217 il-nal.
770 5144 932 5198 Deest
960 5141 1240 5217 .in_co_dice
1280 5141 1469 5217 liegio.

2133 4997 2207 5067 (5)
2245 4997 2421 5061 Ὅπερ
2466 4989 2759 5067 τάχιξρὺκ
2783 4986 2956 5067 ἐστιν
2977 4986 3222 5067 «Linque,
3261 4982 3498 5067 etc.‘Sic
3528 4983 3620 5067 lia:

2063 5054 2407 5120 lieut'otnues
2438 5054 2574 5114 ms."
2600 5059 2841 5126 Negandi
2895 5054 3214 5124 particulam
3268 5054 3617 5126 praetermisit

2060 5135 2369 5197 Ferrarius,
2395 5142 2451 5187 et
2484 5144 2605 5199 qua:
2655 5122 3239 5199 p'roxittte:_sequuutttr
3285 5122 3447 5176 aliter
3475 5122 3615 5191 legit.

697 5193 841 5271 ῐσὲἱ
853 5193 928 5283 ’πῐέ
1520 5207 1869 5288 Cerdpniaui,
1900 5222 1927 5288 ς

2060 5193 2565 5288 Ροεξοιιίιιεέηιιιιιιξιιι
2612 5193 2849 5279 priorem
2880 5195 3028 5276 illam
3079 5193 3359 5288 pericopes
3415 5201 3617 5288 palpent

383 5276 738 5348 Blaréionittn,
775 5276 910 5353 quos
951 5276 1323 5347 ltic'lace'ssit,
1376 5276 1958 5354 qutouP76v_cogtii-

387 5367 524 5421 tum,
551 5346 752 5409 Clu-isti
787 5346 1002 5407 Patrem
1042 5354 1285 5421 ignotum
1307 5346 1696 5421 Opinabau'ttjr.
1722 5346 1949 5415 Epiplia~

386 5418 519 5480 nius
545 5427 681 5479 ΙιιιξΓ.
714 5441 825 5485 xu,
857 5437 980 5490 cap.
1019 5418 1079 5485 1,
1103 5432 1159 5476 et
1188 5437 1319 5487 xui,
1347 5418 1474 5490 'cap.
1506 5421 1560 5473 '2.
1589 5418 1707 5475 Mox
1741 5434 1840 5490 pro
1860 5431 1960 5485 χα-

2061 5273 2316 5341 neglexit.
2347 5271 2421 5325 Τὸ
2449 5274 2558 5323 οὐκ
2592 5259 2935 5331 retiuuimus,
2954 5265 3023 5341 ita
3047 5259 3619 5341 volente"settsu._Lot-i

2057 5330 2239 5397 anilem
2292 5343 2458 5396 totius
2505 5342 2617 5392 lucc
2649 5346 2730 5390 est
2783 5330 3056 5389 sententia
3105 5332 3235 5385 :Ac
3277 5330 3619 5385 heterodoxis

2066 5413 2286 5482 quidem
2318 5411 2688 5482 gratiticatttes
2726 5404 3029 5459 concedere
3070 5416 3359 5482 possumus
3381 5398 3620 5482 _I_oysen

389 5470 953 5567 ξὶξξιὶἐῖᾠξιῖόέοῗξῖ
966 5470 979 5475 ⁷
994 5470 1319 5567 ιὲᾀυῖἶςιῖιῇῗ
1344 5470 1558 5567 {uicini
1589 5470 1927 5562 ’ᾖᾶῥιξόμὲῖις

2067 5470 2121 5537 ἐι
2153 5470 2443 5550 ριόιιίιῖιιιιε
2481 5479 2690 5532 Patrem
2732 5491 2839 5529 non
2877 5472 3197 5567 cognovisse
3231 5470 3393 5540 (quod
3444 5478 3620 5522 tamen

390 5560 593 5629 αὐτοῖς,
630 5566 711 5619 vel
743 5561 1114 5629 χαριζομένων
1147 5560 1303 5629 ἡμῶν
1336 5561 1535 5622 αὐτοῖς.

2071 5541 2298 5609 fortasse
2321 5566 2505 5605 verum
2548 5561 2655 5602 n0n
2679 5555 2797 5607 est;
2834 5541 2963 5599 naut
3002 5543 3047 5598 si
3076 5541 3292 5596 Patrem
3328 5554 3432 5595 non
3459 5552 3615 5610 agno~
