3948 6206
303 222 414 276 5.35

1364 219 1718 276 COMMENT.
1756 218 1818 272 ΙΝ
1853 215 2043 272 «ΙΟᾹΝ.
2077 214 2314 270 TOMUS
2355 213 2495 267 XIX.

3451 213 3558 267 554

304 359 414 404 τως
441 345 470 396 ό
504 342 578 414 μὴ
609 342 862 410 ἐγνωκὼς
895 343 982 395 τὸν
1009 341 1226 412 Πατέρα
1270 343 1366 395 οὐκ
1409 342 1548 409 ἔγνω
1580 342 1668 394 τὸν
1719 340 1845 392 Υίόν
1872 356 1884 369 ·

1993 347 2047 392 ει
2094 338 2303 393 Patrem
2350 343 2610 398 vestrum,
2641 342 2694 388 et
2737 333 2899 386 Deum
2937 345 3145 392 meum,
3175 339 3232 384 et
3263 331 3430 384 Deum
3466 345 3560 386 ve-

302 433 330 485 ό
367 432 468 502 μὲν
500 433 608 504 γάρ
639 434 766 496 Υἱὸς
800 434 937 502 ἕγνω
965 432 1055 485 τὸν
1096 433 1334 504 Πατέρα,
1360 435 1388 486 ὁ
1425 433 1479 486 δὲ
1513 432 1765 503 θεράπων
1793 430 1884 483 τὸν

303 521 512 594 Κύριον
538 543 550 556 ·
582 525 678 578 καὶ
702 524 886 594 ὥσπερ
905 524 1004 576 οὐκ
1030 523 1094 576 ἂν
1125 524 1494 597 ἀσεϐήσαιμεν
1512 526 1783 594 λέγοντες,
1801 524 1882 576 ὅτι

302 614 334 666 ό
361 615 488 678 Υίὸς
516 616 618 669 οὐκ
648 616 790 684 ἔγνω
817 615 907 670 τὸν
932 615 1134 687 Κύριον
1155 633 1169 647 ⁸
1203 618 1330 681 Υἱὸς
1370 620 1479 688 γάρ
1501 617 1576 669 ὣν
1597 619 1658 669 οὐ
1691 615 1873 669 πεπεί-

307 720 471 774 ραται
496 704 590 759 τοῦ
623 705 832 776 Πατρὸς
853 705 1112 760 δεσπότου
1132 725 1146 740 ’
1180 707 1324 760 οὕτω
1357 706 1648 778 τηροῦντες
1677 706 1766 758 τὸν
1787 705 1886 758 αὑ·-

304 795 399 846 τὸν
422 795 574 860 Θεὸν,
621 795 771 847 οὐδὲν
815 795 1014 849 ἄτοπον
1065 797 1475 868 παραδεξόμεθα
1507 797 1582 866 (6)
1617 796 1882 864 λέγοντες,

306 887 391 940 ὅτι
429 886 505 957 τῷ
537 886 635 957 μὲν
665 886 780 958 Υίῷ
827 886 1032 957 ἔπρεπε
1063 888 1348 956 γινώσκειν
1398 889 1488 943 τὸν
1522 888 1737 958 Πατέρα
1761 927 1776 950 ,
1809 886 1886 958 τῷ

305 974 367 1029 δὲ
393 977 680 1046 θεράποντι
705 976 797 1028 τὸν
841 975 1064 1044 Κύριον,
1101 980 1194 1032 καὶ
1219 978 1342 1032 οὔτε
1369 980 1398 1031 ό
1445 979 1696 1049 θεράπων
1747 977 1887 1046 ἔγνω

307 1069 401 1120 τὸν
445 1068 663 1140 Πατέρα
683 1108 699 1134 ,
729 1065 852 1120 οὕτε
885 1067 914 1119 ό
957 1068 1082 1131 Υἱὸς
1113 1069 1201 1121 τὸν
1234 1068 1453 1140 Κύριον.
1497 1068 1720 1140 Μυρίων
1757 1067 1886 1137 γοῦν

307 1160 484 1214 οὐσῶν
509 1160 684 1231 εὐχῶν
713 1159 1213 1232 ἀναγεγραμμένων
1241 1163 1299 1214 ὲν
1340 1163 1454 1224 τοῖς
1490 1159 1762 1230 Ψαλμοῖς,
1795 1161 1888 1212 καὶ

303 1259 421 1316 τοῖς
447 1254 773 1324 προφήταις,
807 1255 940 1308 ἀλλά
969 1255 1060 1308 καὶ
1086 1254 1163 1324 τῷ
1184 1253 1352 1323 νόμῳ,
1387 1253 1448 1305 ού
1488 1252 1627 1304 πάνυ
1656 1269 1710 1304 τι
1735 1250 1890 1322 εὖρο-

313 1363 414 1417 μεν
435 1344 729 1416 εὐξάμενόν
755 1348 831 1416 (7)
855 1364 996 1414 τινα,
1019 1348 1114 1401 καὶ
1136 1347 1362 1414 λέγοντα
1381 1345 1472 1397 τὸν
1495 1344 1626 1397 Θεὸν
1644 1343 1885 1414 Πατέραο

311 1437 538 1510 καὶγὰρ
581 1438 861 1509 εὐχόμενοι
899 1438 977 1509 τῷ
1005 1437 1126 1507 Θεῷ
1165 1439 1226 1492 οὐ
1263 1438 1513 1506 λέγουσι,
1556 1436 1744 1504 Πάτερ
1770 1436 1845 1507 (8)
1871 1453 1884 1466 ·

309 1531 451 1599 τάχα
482 1531 599 1582 ἐπεὶ
635 1530 735 1583 οὐκ
757 1529 1002 1596 ἔγνωσαν
1031 1529 1122 1581 τὸν
1147 1527 1397 1598 Πατέραο
1431 1526 1676 1597 εύχονται
1704 1527 1760 1579 δὲ
1793 1527 1890 1580 αὐ-

307 1621 388 1691 τῷ
411 1621 485 1684 ὡς
507 1620 628 1691 Θεῷ
651 1621 745 1674 καὶ
773 1621 987 1691 Κυρίῳ,
1024 1620 1418 1690 περιμένοντες
1451 1618 1540 1672 τὸν
1569 1619 1628 1671 τὸ
1672 1618 1889 1687 πνεῦμα

309 1711 410 1780 τῆς
440 1711 709 1775 υἱοθεσίας
753 1711 1015 1780 ἐκχέοντα
1047 1711 1148 1763 οὐκ
1178 1710 1395 1764 ἔλαττον
1442 1709 1529 1762 ἐπ’
1570 1708 1810 1772 ἐκείνους
1851 1709 1884 1778 ἢ

309 1804 403 1855 ἐπὶ
431 1805 558 1867 τοὺς
586 1805 722 1874 μετά
758 1805 858 1875 τὴν
888 1805 1188 1878 παρουσίαν
1221 1804 1300 1865 είς
1329 1802 1459 1856 Θεὸν
1496 1801 1566 1854 δι’
1599 1799 1763 1854 αὑτοῦ
1791 1818 1883 1853 πι-

311 1893 602 1957 στεύοντας
627 1894 702 1964 (9)
730 1911 743 1924 ·
777 1896 826 1948 εί
876 1895 950 1966 μὴ
982 1895 1090 1966 ἄρα
1120 1896 1152 1965 ἡ
1182 1892 1343 1964 νοητὴ
1386 1893 1569 1955 αὐτοῖς
1591 1892 1883 1963 γεγένηται

312 1986 576 2057 ἐπιδημία
621 1987 885 2058 Χριστοῦ,
911 1988 1004 2042 καὶ
1047 1987 1204 2056 ἔσχον
1238 1987 1368 2039 ποτὲ
1407 1984 1780 2048 τελειωθέντες
1824 1985 1886 2040 τὸ

311 2076 411 2147 τῆς
437 2076 705 2140 υἱοθεσίας
733 2077 945 2148 πνεῦμα
971 2097 983 2110 ·
1009 2079 1068 2132 ἐν
1094 2078 1390 2150 ἀπορρήτῳ
1421 2077 1478 2131 δὲ
1523 2078 1618 2132 καὶ
1649 2079 1710 2130 οὺ
1742 2095 1884 2146 γνω-

315 2167 455 2230 στῶς
484 2170 644 2221 πᾶσιν
681 2169 864 2237 ελεγον
898 2171 930 2240 ἢ
961 2170 1198 2243 ἔγραφον
1221 2171 1313 2224 τὸν
1341 2171 1474 2224 Θεὸν
1507 2170 1730 2242 Πατέρα
1750 2210 1765 2235 ,
1801 2170 1887 2225 ἵνα

314 2258 389 2328 μὴ
431 2259 883 2329 προκαταλάδωσι
925 2262 1024 2332 τὴν
1075 2262 1162 2316 διά
1203 2262 1298 2316 τοῦ
1346 2260 1520 2333 Ἰησοῦ
1566 2261 1889 2331 ἐκκενουμέ-

315 2364 406 2417 νην
435 2347 544 2416 (10)
573 2351 736 2403 παντὶ
773 2351 853 2421 τῷ
893 2353 1082 2423 κόσμῳ
1126 2354 1315 2424 χάριν,
1353 2353 1560 2414 πάντας
1597 2351 1887 2414 καλοῦντος

308 2438 400 2489 ἐπὶ
429 2437 526 2510 τὴν
556 2439 848 2505 υἱοθεσίαν,
879 2442 965 2495 ἵνα
995 2443 1320 2513 διηγήσηται
1348 2442 1410 2494 τὸ
1441 2441 1610 2511 ὄνομα
1632 2441 1726 2494 τοῦ
1751 2441 1884 2494 Θεοῦ

307 2529 419 2589 τοῖς
447 2528 694 2598 ἀδελφοῖς
715 2531 904 2596 αὐτοῦ,
932 2534 1025 2586 καὶ
1046 2535 1103 2586 ὲν
1139 2534 1290 2603 μέσῳ
1319 2533 1641 2604 Ἐκκλησίας
1670 2534 1886 2606 ὑμνήσῃ

309 2616 398 2669 τὸν
430 2618 647 2689 Πατέρα
678 2620 820 2674 κατά
844 2621 907 2674 τὸ
939 2622 1321 2692 γεγραμμένον
1340 2639 1353 2652 ·
1395 2639 1414 2674 ι
1455 2624 1798 2693 Διηγήσομαι
1825 2622 1886 2674 τὸ

308 2707 479 2778 ὄνομά
520 2725 613 2762 σου
658 2713 771 2775 τοῖς
816 2712 1064 2781 ἀδελφοῖς
1109 2729 1232 2783 μου,
1284 2715 1342 2768 ὲν
1378 2713 1527 2785 μέσῳ
1566 2713 1885 2784 Ἐκκλησίας

309 2799 537 2872 ὑμνήσω
566 2819 643 2856 σε.
683 2821 703 2857 r
744 2803 864 2856 Ὀτι
896 2804 1078 2874 μέντοι
1118 2822 1181 2873 γε
1216 2808 1246 2859 ό
1288 2806 1446 2870 αὐτός
1481 2809 1596 2858 ἐστι
1626 2805 1756 2869 Θεὸς
1779 2805 1886 2859 τῶν

312 2895 607 2963 προφητῶν
626 2933 640 2958 ,
676 2895 772 2948 καὶ
806 2895 902 2948 τοῦ
935 2897 1139 2967 κόσμου
1163 2897 1494 2969 δημιουργὸς
1518 2937 1532 2962 ,
1564 2897 1886 2967 πολλαχόθεν

314 2982 413 3050 μὲν
439 2981 554 3036 ἐστι
581 2982 856 3056 θεωρῆσαι
879 3003 892 3016 υ
929 2987 1090 3057 ἀργεῖ
1112 2987 1169 3039 δὲ
1205 2987 1301 3039 ἐπὶ
1341 2987 1432 3040 τοῦ
1469 2989 1731 3057 παρόντος
1756 2987 1888 3040 θεω-

314 3075 473 3142 ρῆσαι
501 3077 599 3147 τήν
632 3093 690 3129 τε
730 3078 1000 3146 Στεφάνου
1038 3080 1146 3134 ἀπὸ
1183 3081 1290 3134 τῶν
1327 3079 1585 3151 Πράξεων
1619 3081 1756 3152 πρὸς
1794 3081 1886 3134 τὸν

314 3163 439 3218 λαὸν
477 3167 837 3238 δημηγορίαν,
869 3169 1011 3223 οῦτω
1049 3171 1325 3240 λέγοντος·
1363 3191 1381 3222 ι
1409 3172 1632 3243 Ἀνδρες
1670 3171 1888 3240 ἀδελφοὶ⁵

314 3255 406 3306 καὶ
456 3257 722 3327 πατέρες,
771 3258 1071 3314 ἀκούσατεο
1130 3262 1188 3315 Ὀ
1239 3263 1370 3326 Θεὸς
1394 3263 1493 3334 τῆς
1535 3261 1690 3333 δόξης
1729 3261 1888 3331 ὤφθη

313 3344 391 3416 τῷ
455 3351 620 3420 πατρὶ
681 3351 838 3421 ἡμῶν
898 3353 1146 3424 Ἀϐραὰμ
1207 3354 1320 3408 ὄντι
1382 3355 1440 3409 ἐν
1505 3358 1572 3425 τῇ
1641 3357 1889 3408 Μεσοπο-

313 3439 500 3509 ταμίᾳ,
569 3441 700 3512 πρὶν
755 3443 788 3512 ἦ
851 3443 1068 3513 οίκῆσαι
1129 3445 1291 3498 αὐτὸν
1355 3448 1412 3498 ὲν
1470 3446 1731 3516 Χαρράν·
1794 3447 1888 3499 καὶ

314 3524 434 3581 εἷπε
475 3530 608 3601 πρὸς
670 3533 861 3586 αὐτόν⁶
903 3535 1122 3601 Ἔξελθε
1188 3538 1252 3589 ὲκ
1318 3537 1418 3606 τῆς
1478 3537 1580 3606 γῆς
1630 3553 1744 3599 σου,
1793 3538 1888 3589 καὶ

315 3618 380 3670 ἐκ
439 3619 537 3689 τῆς
589 3623 907 3691 συγγενείας
944 3642 1037 3678 σου
1064 3663 1078 3687 ,
1118 3644 1136 3676 ι
1181 3625 1275 3678 καί
1321 3625 1388 3679 τὰ
1437 3625 1597 3694 ἑξῆς·
1653 3625 1719 3678 δι’
1763 3625 1887 3678 ὅλου

313 3713 424 3782 γάρ
472 3712 564 3766 τοῦ
603 3714 761 3783 λόγου
797 3719 1204 3791 άναντιῤῥήτως
1237 3717 1352 3770 ἐστι
1411 3717 1620 3788 μαθεῖν,
1654 3718 1745 3770 τὸν
1779 3717 1888 3770 τῶν

318 3803 608 3875 προφητῶν
651 3806 804 3872 Θεὸν,
840 3809 1062 3878 Πατέρα
1094 3804 1233 3862 εἶναι
1267 3807 1504 3879 Χριστοῦ
1552 3806 1756 3878 Ἰησοῦ,
1796 3809 1890 3861 καὶ

318 3895 382 3947 ὲκ
421 3895 519 3965 τῆς
552 3897 688 3968 πρὸς
730 3899 1030 3970 Ῥωμαίους
1087 3898 1406 3968 Ἐπιστολῆς
1436 3897 1528 3950 τοῦ
1570 3898 1888 3952 Ἀποστόλου

317 3999 374 4050 ἐν
398 3999 633 4064 τούτοις·
671 4001 930 4067 «Παῦλος,
964 4002 1146 4067 δοῦλος
1177 4001 1412 4075 Χριστοῦ
1453 4002 1654 4072 Ἰησοῦ,
1697 4003 1890 4074 κλητὸς

317 4104 629 4172 ἀπόστολος,
661 4108 1041 4179 ἀφωρισμένος
1061 4109 1139 4171 είς
1170 4107 1498 4176 Εὑαγγέλιον
1524 4107 1679 4170 Θεοῦ,
1699 4107 1729 4161 ὃ
1753 4125 1888 4180 προ-

316 4211 682 4280 επηγγείλατο
711 4212 798 4265 διὰ
829 4213 936 4266 τῶν
981 4212 1271 4284 προφητῶν
1313 4211 1476 4265 αὐτοῦ
1537 4215 1593 4265 ἐν
1651 4213 1890 4284 Γραφαῖς

1989 440 2159 484 strum
2191 430 2256 483 ⁸³.
2282 448 2301 480 ι
2334 428 2410 481 Ac
2437 425 2683 496 profecto
2706 424 3064 494 gratificanth
3092 423 3198 478 illis
3230 423 3320 492 qui
3353 424 3422 478 ab
3454 425 3559 480 Ec-

1987 523 2165 577 clesia:
2195 522 2429 575 decretis
2460 517 2746 580 dissident,
2803 518 2983 571 dicere
3017 531 3302 584 possumus
3338 514 3556 584 Moysen

1985 622 2034 668 et
2082 612 2372 682 prephetas
2421 611 2632 666 Patrem
2687 624 2795 662 non
2849 607 3139 676 agu0visse
3169 622 3184 659 :
3218 605 3384 676 286
3415 607 3558 675 quod

1985 703 2219 757 fortasse
2243 717 2431 757 verum
2463 715 2574 754 non
2609 708 2714 762 est,
2735 708 3016 768 propterea
3052 699 3193 768 quod
3217 701 3439 752 omnino
3467 697 3559 767 qui

1986 793 2202 848 Patrem
2237 809 2340 848 non
2377 794 2548 856 novit,
2572 806 2743 860 neque
2777 789 2974 846 Filium
3003 789 3186 854 novit;
3215 787 3382 843 Filius
3410 790 3559 842 enim

1989 886 2137 941 novit
2161 885 2401 950 Patrem,
2429 899 2620 939 servus
2651 893 2829 937 autem
2865 883 3149 936 Dominum
3173 898 3189 936 :
3213 891 3268 935 et
3290 883 3556 950 quemad-

1989 981 2203 1035 modum
2237 981 2399 1051 impie
2439 997 2546 1035 non
2589 981 2896 1034 diceremus
2915 978 3113 1032 Filium
3142 993 3245 1033 non
3275 978 3562 1048 agnovisse

1991 1071 2296 1138 Dominum,
2336 1072 2462 1142 quia
2498 1070 2669 1126 Filius
2719 1087 2840 1125 cum
2879 1069 2973 1135 sit,
3010 1085 3118 1124 non
3152 1071 3434 1138 experitur
3460 1069 3562 1124 Pa-

1991 1169 2124 1224 trem
2154 1160 2469 1226 dominum;
2511 1162 2581 1214 ita
2611 1167 2894 1214 servantes
2919 1161 3170 1212 eumdem
3205 1160 3394 1224 Deum,
3427 1159 3564 1215 nihil

1989 1251 2210 1305 absurdi
2242 1250 2592 1306 admitteutus
2621 1251 2867 1305 dicentes
2899 1253 3092 1305 decere
3114 1259 3170 1303 ut
3199 1247 3368 1305 Filius
3398 1266 3566 1322 agno-

1990 1350 2107 1395 seat
2148 1341 2386 1408 Patrem,
2419 1357 2607 1397 servus
2671 1343 2960 1396 Dominum
2997 1361 3009 1395 :
3051 1353 3105 1396 ct
3161 1357 3334 1412 neque
3373 1357 3564 1397 servus

1990 1444 2245 1500 agnoscat
2285 1435 2526 1499 Patrem,
2569 1449 2742 1502 neque
2773 1433 2938 1488 Filius
2968 1434 3277 1490 Dominum.
3310 1434 3442 1489 Cum
3482 1436 3564 1489 in-

1991 1539 2234 1579 numera:
2276 1525 2440 1592 igitur
2463 1526 2812 1594 precationes
2846 1527 2898 1579 iu
2929 1525 3158 1579 Psalmis
3185 1525 3294 1578 sint
3324 1525 3562 1594 scriptzr,

1989 1625 2043 1670 et
2077 1617 2370 1684 prophetis,
2415 1627 2581 1684 atque
2635 1619 2797 1669 etiam
2835 1616 2971 1686 lege,
3011 1633 3116 1671 non
3162 1618 3449 1670 admodum
3482 1619 3566 1670 in-

1921 1688 1960 1742 Β
1992 1707 2239 1760 venimus
2262 1706 2496 1774 aliquem
2528 1706 2620 1774 qui
2647 1706 2812 1759 Deum
2833 1707 3067 1775 appellet
3093 1705 3310 1760 Patrem
3336 1722 3351 1772 ;
3384 1707 3561 1776 siqui-

1986 1800 2106 1853 dem
2147 1798 2488 1868 precationes
2515 1797 2622 1850 Deo
2648 1794 2940 1850 fundentes
2969 1812 3074 1849 uon
3107 1797 3318 1861 dicunt,
3356 1797 3520 1849 Pater
3539 1812 3562 1851 :

1984 1887 2254 1955 fortassis,
2303 1887 2560 1959 quoniam
2609 1902 2717 1942 non
2751 1897 3092 1956 agnoverunt
3136 1886 3393 1942 Patrem:
3433 1887 3560 1940 fune

1985 1983 2119 2037 dunt
2145 1991 2326 2037 autem
2357 1981 2430 2035 illi
2465 1995 2654 2050 preces
2693 1979 2860 2034 veluti
2914 1979 3048 2046 Deo,
3094 1988 3148 2033 et
3181 1980 3433 2043 Domino,
3459 1995 3559 2033 ex-

1986 2083 2290 2144 Speetantes
2317 2088 2462 2136 eum,
2494 2073 2584 2140 qui
2632 2071 2822 2127 ell'udit
2859 2071 3113 2138 spiritum
3141 2071 3449 2140 ad0ptionis
3491 2077 3556 2130 ti-

1989 2166 2185 2220 liorum
2216 2164 2285 2228 “,
2317 2178 2421 2218 non
2461 2165 2636 2218 minus
2676 2177 2842 2224 super
2899 2161 3020 2215 illos
3054 2175 3214 2230 quam
3248 2178 3412 2232 super
3435 2179 3551 2220 cre-

1989 2259 2180 2311 dentes
2216 2269 2310 2324 per
2348 2269 2471 2310 eum
2527 2254 2581 2306 in
2619 2252 2813 2316 Deum,
2848 2261 2969 2320 post
3016 2253 3184 2321 ipsius
3223 2253 3557 2308 adventum:

1989 2346 2091 2400 nisi
2125 2344 2265 2400 forte
2311 2343 2703 2412 iutelligibilem
2733 2345 3024 2397 adventum
3071 2343 3272 2398 Christi
3309 2343 3409 2414 ipsi
3460 2346 3560 2400 ha-

1989 2437 2240 2499 buerunt,
2271 2435 2508 2504 factique
2533 2435 2756 2504 perfecti
2783 2435 3094 2489 habuerunt
3117 2435 3410 2505 aliquando
3432 2437 3564 2493 θόο-

1988 2526 2184 2595 ptionis
2232 2527 2528 2595 spiritum:
2565 2526 2702 2580 clam
2749 2535 2957 2591 autem,
3008 2537 3064 2581 et
3116 2543 3220 2582 non
3276 2527 3563 2586 manifeste

1988 2617 2241 2672 omnibus
2271 2617 2522 2672 dicebant
2551 2615 2637 2670 vel
2665 2615 2981 2670 scribebant
3027 2615 3220 2683 Deum,
3243 2627 3298 2674 et
3321 2619 3558 2686 Patrem,

1987 2726 2055 2767 ne
2106 2719 2549 2780 praeoccuparem
2598 2711 2827 2781 gratiam
2868 2714 2964 2765 toti
3021 2713 3222 2767 mundo
3249 2729 3345 2783 per
3373 2711 3561 2769 Iesum

1987 2803 2232 2867 causam,
2263 2803 2357 2873 qui
2395 2818 2588 2858 omnes
2620 2804 2854 2858 vocabat
2913 2803 2980 2857 ad
3035 2803 3270 2858 filiorum
3310 2805 3563 2874 adoptio-

1989 2910 2130 2960 nem,
2169 2906 2226 2949 ut
2255 2906 2542 2950 enarraret
2593 2897 2684 2951 Dei
2727 2913 2927 2953 nomen
2963 2895 3226 2950 fratribus
3265 2901 3410 2962 suis,
3455 2897 3563 2952 Pa-

1913 3026 1955 3081 ε
1992 2997 2235 3054 lremque
2255 2987 2308 3040 iu
2336 2987 2592 3042 Ecclesia:
2621 2989 2798 3043 medio
2816 2988 3397 3049 laudaret,secundum
3421 2989 3564 3058 quod

1987 3078 2248 3145 scriptum
2274 3086 2386 3132 est:
2411 3098 2427 3128 ι
2451 3076 2693 3132 Narrabo
2721 3094 2919 3133 nomen
2944 3088 3092 3132 tuum
3116 3078 3378 3134 fratribus
3403 3080 3561 3141 meis,

1989 3169 2041 3223 iu
2077 3171 2249 3224 medio
2275 3168 2527 3223 Ecclesiae
2553 3170 2784 3224 laudabo
2816 3179 2866 3225 le
2888 3171 2954 3224 “.
2979 3189 2997 3222 ι
3023 3171 3176 3240 Quod
3202 3174 3314 3240 ipse
3343 3171 3561 3241 quidem

1989 3265 2058 3315 sit
2091 3264 2232 3316 Deus
2271 3263 2680 3332 pr0phetarum,
2720 3262 3013 3332 mundique
3041 3273 3381 3332 procreator,
3425 3262 3563 3318 mul-

1989 3354 2058 3409 tis
2118 3368 2185 3408 ex
2241 3353 2373 3408 locis
2432 3355 2619 3407 videre
2671 3368 2989 3422 possumus;
3039 3355 3132 3410 sed
3179 3355 3232 3409 in
3269 3355 3559 3423 praesentia

1987 3447 2215 3504 sullieiat
2266 3448 2450 3502 videre
2505 3448 2825 3502 concionem
2880 3448 3142 3518 Stephani
3197 3465 3264 3504 ex
3316 3450 3468 3503 Actis
3493 3451 3561 3503 ad

1989 3540 2239 3610 populum
2267 3540 2411 3594 hunc
2449 3538 2498 3590 in
2529 3539 2745 3591 modum
2793 3538 3026 3593 dicentis
3045 3540 3090 3571 “
3118 3557 3132 3592 :
3165 3557 3184 3589 ι
3225 3538 3333 3592 Viri
3369 3541 3562 3594 fratres

1987 3642 2043 3684 et
2070 3641 2273 3700 patres,
2297 3629 2480 3682 audite
2507 3645 2521 3679 :
2555 3625 2696 3681 Deus
2720 3629 2904 3698 gloria:
2933 3631 3184 3698 apparuit
3209 3629 3349 3696 patri
3375 3640 3562 3685 nostro

1992 3723 2241 3785 Abrahae,
2270 3735 2392 3774 cum
2421 3729 2569 3772 esset
2599 3720 2649 3770 in
2677 3718 3088 3785 Mesopotamia,
3125 3727 3416 3786 antequam
3461 3720 3561 3773 ha-

1990 3813 2188 3866 bitaret
2209 3811 2261 3865 in
2284 3810 2495 3872 Chara;
2522 3808 2770 3877 dixitque
2787 3807 2852 3862 ad
2875 3825 2997 3862 eum
3028 3828 3040 3864 :
3063 3810 3334 3880 Egredere
3363 3825 3393 3864 e
3420 3819 3562 3864 terra

1993 3912 2106 3965 tua,
2131 3913 2184 3956 et
2211 3913 2243 3955 e
2281 3897 2605 3968 cognatione
2649 3908 2761 3964 tua,
2793 3917 2810 3949 ι
2855 3908 2907 3952 ει
2945 3915 3065 3969 qua:
3106 3909 3440 3968 sequuntur;
3467 3915 3564 3969 per

1991 4001 2156 4047 totam
2179 3993 2324 4046 enim
2344 3989 2647 4046 orationem
2682 3991 2817 4044 citra
2838 3991 3321 4044 contradictionem
3338 4004 3564 4044 cernere

1991 4084 2116 4138 licet
2152 4084 2536 4153 prepltetarum
2568 4082 2732 4136 Deum
2779 4079 2992 4136 Patrem
3022 4097 3146 4137 esse
3180 4082 3380 4137 Christi
3409 4079 3559 4135 Jesu.

1989 4175 2134 4231 Idem
2152 4187 2378 4228 cernere
2402 4171 2565 4226 etiam
2589 4171 2711 4226 licet
2731 4186 2796 4226 ex
2829 4172 3069 4241 Apostoli
3097 4171 3332 4240 Epistola
3357 4172 3425 4226 ad
3451 4169 3562 4226 Ro-

1993 4267 2258 4332 tnauos,in
2282 4267 2366 4320 his
2381 4265 2424 4294 ⁸⁷
2446 4283 2460 4320 :
2484 4282 2502 4316 ι
2528 4263 2726 4320 Paulus
2739 4278 2932 4319 servus
2954 4263 3081 4320 Jesu
3104 4263 3561 4328 Christi,vocatus

317 4311 516 4379 ἁγίαις,
561 4313 688 4384 περὶ⁹
731 4312 823 4366 τοῦ
849 4311 980 4367 Υἱοῦ
1024 4313 1186 4368 αὐτοῦ
1220 4311 1312 4366 τοῦ
1338 4312 1626 4384 γενομένου
1650 4315 1712 4366 ὲκ
1734 4315 1884 4384 σπέρ-

1994 4311 2258 4332 .......--,...
2282 4311 2365 4320 ...-
2446 4311 2460 4320 .
2488 4311 2502 4316 -
2528 4311 2550 4318 -
2573 4311 2819 4320 __._----
2846 4311 2931 4319 ._-
2955 4311 3081 4320 --.τ
3110 4311 3328 4328 ---η-η,
3348 4311 3356 4314 -
3378 4311 3557 4317 ,-ηη

1993 4358 2154 4427 287
2215 4357 2512 4427 apostolus,
2555 4367 2877 4427 segregatus
2928 4358 2980 4409 in
3031 4353 3384 4418 Evangelium
3442 4352 3557 4418 Dei,

315 4432 485 4482 ματος
516 4416 676 4468 Δαίλδ
709 4415 848 4470 κατὰ
879 4419 1074 4490 σάρκα,
1104 4417 1196 4472 τοῦ
1239 4416 1541 4490 ὁρισθέντος
1584 4417 1713 4470 Υίοῦ
1747 4416 1882 4470 Θεοῦ

316 4517 373 4568 ὲν
405 4517 647 4586 δυνάμει,
683 4518 822 4570 κατά
845 4520 1065 4590 Πνεῦμα
1093 4520 1415 4592 ἁγιωσύνης,
1449 4518 1508 4584 ἐξ
1544 4519 1888 4583 ἀναστάσεως

315 4622 522 4690 νεκρῶν
563 4623 736 4692 Ἰησοῦ
771 4623 1002 4694 Χριστοῦ
1045 4623 1139 4677 τοῦ
1159 4625 1362 4695 Κυρίου
1383 4624 1559 4694 ἡμῶν,
1588 4623 1654 4676 δι’
1682 4619 1743 4678 οὗ
1767 4623 1890 4676 ὲλάο

317 4727 485 4796 δυμεν
515 4729 672 4799 χάριν
717 4730 809 4782 καὶ
842 4728 1162 4800 ἀποστολὴν,
1195 4731 1274 4794 είς
1305 4727 1548 4799 ὑπακοὴν
1579 4730 1812 4793 πίστεως
1837 4730 1894 4782 ἐν

387 4818 434 4850 ⁸⁸
455 4815 612 4872 Joan.
648 4833 738 4883 xx,
763 4819 850 4872 17.
929 4819 974 4850 ⁸⁸
1001 4819 1156 4874 Rom.
1185 4836 1294 4884 vm,
1330 4822 1420 4876 2‘5.
1497 4821 1540 4854 ⁸³
1569 4821 1710 4876 Psal.
1742 4836 1855 4885 ut,

2063 4817 2108 4847 “
2140 4817 2262 4870 Act.
2301 4830 2391 4878 ru,
2416 4813 2451 4866 2
2480 4829 2598 4882 seq.

1983 4913 2212 4982 Regius,
2245 4907 2688 4982 παραδεξάμεθα,
2725 4910 2884 4982 male.

321 4912 754 4984 vissedaremus,
783 4913 1013 4967 dandum
1039 4925 1184 4968 esset
1212 4917 1396 4984 utique
1423 4931 1522 4971 nec
1549 4917 1745 4970 Filium
1781 4932 1872 4970 co-

319 4983 593 5053 gnovisse,
627 4997 749 5034 cum
779 4985 1055 5053 cognitum
1091 4987 1157 5038 ab
1191 4983 1325 5053 ipsis
1357 4985 1573 5051 Filium,
1601 4996 1656 5039 et
1685 4987 1875 5040 vatici-

323 5051 429 5103 niis
457 5050 790 5125 Celcbratum
825 5050 988 5125 fuisse
1022 5050 1283 5125 constet),
1319 5056 1489 5109 Filius
1526 5050 1726 5125 quippe
1775 5055 1876 5108 Pa-

325 5129 459 5172 trem
517 5121 816 5187 cognoscit,
871 5122 1104 5176 fanmlus
1151 5121 1359 5176 herum.
1410 5121 1875 5190 Quemadmodum

320 5199 497 5242 autem
531 5191 714 5243 dicere
755 5189 877 5262 li_cet
923 5190 1117 5262 Filium
1149 5207 1255 5245 non
1291 5189 1620 5262 cognoscere
1653 5194 1876 5258 herum;

324 5274 445 5330 nam
479 5267 745 5330 quatenus
775 5259 939 5312 Filius
967 5271 1069 5322 est,
1107 5261 1284 5316 Patris
1310 5259 1579 5330 quatenus
1603 5264 1766 5316 herus
1795 5273 1879 5315 est

326 5327 606 5400 imperium
631 5343 739 5381 non
779 5332 1058 5400 experitur
1094 5349 1107 5384 :
1145 5333 1217 5384 ita
1253 5327 1433 5386 dicere
1463 5347 1751 5400 possumus
1783 5347 1881 5386 uec

1991 4451 2133 4518 quod
2179 4457 2304 4504 ante
2343 4449 2671 4518 promiserat
2703 4464 2801 4516 per
2833 4447 3124 4516 prophetas
3157 4460 3286 4498 suos
3323 4443 3377 4498 iu
3410 4441 3560 4496 Scri-

1994 4542 2169 4610 pturis
2201 4542 2408 4595 sanctis
2438 4540 2505 4594 de
2529 4538 2670 4594 Filio
2703 4552 2801 4592 suo
2836 4538 3018 4606 genito
3044 4551 3110 4590 ex
3139 4535 3344 4589 semine
3390 4533 3558 4588 David

1995 4634 2293 4688 secundum
2337 4647 2580 4696 cantem,
2615 4630 2890 4685 declarato
2940 4627 3078 4683 Filio
3125 4629 3214 4682 Dei
3259 4627 3310 4682 iu
3358 4627 3560 4680 virtute

2003 4725 2293 4781 secundum
2351 4723 2614 4792 Spiritum
2673 4719 3140 4782 sanctiﬁcationis,
3194 4735 3258 4772 ex
3311 4733 3379 4774 eo
3419 4719 3563 4787 quod

2675 4813 2717 4844 ⁸⁷
2755 4812 2912 4868 Rom.
2950 4827 2989 4878 ι,
3024 4811 3074 4878 1,
3109 4809 3145 4863 2
3179 4824 3296 4879 seq.

2586 4981 2678 5034 Sic
2729 4981 2896 5034 codex
2929 4977 3292 5047 Bodleianus;
3335 4977 3556 5048 Regius,

1984 5049 2296 5124 εὐξάμενον,
2328 5049 2488 5124 male.

2057 5115 2264 5197 (viil-Kal
2295 5120 2403 5192 γὰρ
2432 5120 2745 5197 εὐχόμενοι
2765 5118 2860 5197 ’τῷ
2882 5116 3008 5197 ’Θεῷ
3032 5119 3104 5197 οὐ
3136 5117 3406 5197 λέγουσι,
3451 5115 3561 5170 Πάρ

1987 5189 2228 5260 τεῤ.’8ἰε
2267 5189 2407 5246 hunc
2445 5192 2646 5253 locum,
2675 5194 2726 5243 iu
2765 5191 2930 5259 Hegio
2950 5190 3141 5260 codice
3172 5189 3440 5250 quatum,
3475 5202 3562 5240 sae

1990 5257 2140 5317 ιιὶἰςιιί
2169 5265 2459 5317 restituunt
2489 5261 2648 5312 codd.
2683 5257 3006 5312 Bodleiauus
3028 5267 3082 5310 et
3113 5257 3464 5310 liarberinus.

2055 5333 2129 5403 (9)
2152 5333 2230 5385 Δι’
2251 5330 2440 5386 αὑτοῦ
2466 5331 2879 5403 πιστεύοντας.
2900 5328 2990 5381 Sic
3021 5329 3185 5403 codex
3216 5325 3558 5393 Bodleianus,

329 5396 550 5470 [annulus
581 5411 909 5464 cognoscere
943 5397 1155 5470 Patrem
1183 5417 1198 5464 ;
1230 5416 1350 5453 nam
1375 5396 1644 5469 quatenus
1697 5401 1878 5454 farnuii

1993 5396 2216 5470 optime;
2257 5403 2476 5467 Regius,
2505 5402 2662 5470 male,
2688 5399 2776 5451 διὰ
2803 5404 2926 5464 τοὺς
2963 5397 3332 5462 πιστεύοντας.

321 5476 466 5586 ﬁunt,
497 5467 684 5518 lterum
720 5475 988 5536 quatenus
1035 5469 1197 5522 Pater
1228 5479 1332 5534 est,
1378 5467 1484 5524 non
1519 5484 1878 5540 cognoscunt.

371 5551 581 5586 uenus.

371 5551 581 5589 UI'ITIUS.

394 5606 468 5673 (6)
532 5606 998 5674 Πηί-αδεξόμεθα.
1029 5608 1100 5660 lla
1128 5606 1290 5661 Ituth
1315 5609 1482 5664 codex
1518 5609 1881 5670 Bodleiunus;

2060 5472 2170 5540 (10)
2224 5465 2706 5538 Ἐκλενοινμένην.
2735 5472 2966 5527 Uantino
2998 5471 3275 5540 legendum
3299 5465 3560 5542 ὲκχεομέμ

1991 5559 2106 5611 νην.
