3878 6210
421 215 509 256 Boi)

1848 199 2164 255 ORIGENIS
3488 211 3568 268 '536

404 315 696 376 resurrein
736 331 765 370 a
800 317 1028 372 mortuis
1071 317 1226 373 Iesus
1277 320 1525 376 Christus
1573 321 1831 376 Dominus
1872 337 1965 374 no-

2092 325 2202 376 τᾶσι
2233 327 2343 387 τοῖς
2384 324 2609 391 ἔθνεσιν,
2647 326 2786 397 ὑπὲρ
2818 327 2911 380 τοῦ
2939 327 3193 398 ὀνόματος
3235 326 3404 392 αὐτοῦ,
3430 331 3477 384 ἐν
3510 330 3571 397 οἷς

405 421 540 477 δίεπ’,
576 426 672 480 per
694 425 853 479 quem
885 412 1198 479 accepimus
1226 412 1456 480 gratiam
1493 422 1547 465 et
1583 412 1966 481 apostolatum,

406 515 464 556 ut
499 504 786 559 obediatur
810 503 929 557 tidei
963 503 1014 555 in
1043 503 1294 556 omnibus
1319 505 1588 574 gentibus,
1631 519 1726 572 pro
1755 504 1972 559 nomine

406 597 541 662 ejus,
573 597 623 650 in
649 595 844 664 quibus
872 594 1005 648 estis
1033 605 1086 648 et
1114 609 1213 647 vos
1238 597 1409 649 vocali
1440 594 1566 650 Jesu
1593 595 1790 652 Christi
1819 616 1830 651 :
1857 612 1971 651 om-

410 690 566 743 nibus
596 687 688 756 qui
721 695 846 740 sunt
888 685 1090 748 Romze,
1129 685 1337 740 dilectis
1362 687 1474 754 Dei,
1507 689 1712 742 vocatis
1740 689 1969 752 sanctis,

408 781 579 850 gratia
618 777 797 842 vobis,
830 787 878 832 et
918 794 1016 846 pax
1055 794 1081 830 a
1119 778 1224 832 Deo
1259 778 1418 833 Patre
1451 791 1638 835 nostro
1667 792 1719 835 et
1745 781 1972 835 Domino

406 869 532 926 Jesu
567 869 805 923 Christo.
840 889 857 921 ι
885 868 958 922 Ex
992 870 1074 924 his
1097 871 1239 924 enim
1269 869 1443 938 palam
1471 870 1761 926 didicimus
1789 871 1970 925 mundi

411 969 852 1031 procreatoretu,
918 961 1084 1015 Deum
1142 962 1572 1032 prophetarum,
1639 974 1692 1018 et
1758 962 1972 1018 Patrem

409 1051 636 1114 Christi,
671 1050 834 1105 Deum
877 1059 932 1105 et
971 1049 1184 1106 Patrem
1241 1061 1482 1106 nostrum
1527 1068 1666 1107 esse.
1714 1051 1972 1107 Pharisaei

410 1143 574 1210 igitur
609 1157 713 1196 non
747 1141 918 1196 solum
947 1142 1306 1211 cognitionem
1343 1157 1445 1195 non
1482 1142 1754 1196 habebant
1798 1144 1975 1198 Patris

410 1234 635 1300 Christi,
671 1235 763 1302 qui
799 1233 970 1302 legem
1011 1233 1178 1295 dedit,
1225 1244 1492 1302 quatenus
1531 1234 1694 1288 Pater
1728 1244 1830 1301 est,
1881 1250 1976 1288 seu

408 1334 678 1392 quatenus
708 1324 884 1389 Deus;
921 1323 1014 1378 sed
1044 1339 1109 1377 ne
1134 1327 1270 1376 citra
1297 1327 1731 1378 controversiam
1759 1325 1976 1394 quidem

412 1415 510 1483 ipsi
546 1415 856 1475 credebant,
898 1424 1166 1482 quatenus
1207 1415 1366 1470 Pater
1412 1424 1532 1468 erat
1575 1412 1726 1481 Jesu,
1757 1426 1811 1470 et
1841 1415 1980 1472 Deus

412 1507 604 1575 ipsius,
648 1516 811 1574 atque
863 1505 1026 1560 etiam
1075 1505 1305 1560 fortasse
1353 1516 1624 1575 quatenus
1681 1508 1820 1564 Deus
1864 1518 1979 1562 erat

414 1599 503 1664 qui
541 1598 726 1652 omnia
759 1604 1058 1650 creaverat.
1095 1597 1200 1650 Sed
1234 1615 1299 1652 ne
1325 1600 1602 1654 Christum
1641 1600 1857 1666 quidem
1889 1615 1981 1651 no-

417 1697 534 1741 rant
578 1705 592 1752 ;
646 1696 699 1740 et
755 1687 890 1740 bene
925 1686 1185 1740 Servator
1211 1702 1304 1740 eos
1340 1689 1637 1756 redarguit,
1679 1690 1866 1742 dicens
1895 1687 1973 1741 6"z

420 1799 438 1829 ‹
470 1778 652 1847 Neque
686 1793 769 1830 me
793 1778 968 1842 scitis,
1004 1793 1179 1847 neque
1201 1777 1414 1832 Patrem
1443 1794 1618 1833 meum
1649 1780 1819 1833 scitis.
1848 1799 1865 1831 ι
1897 1778 1984 1834 In-

415 1886 574 1940 super
608 1870 722 1923 h'ec
751 1883 933 1937 quaero
959 1887 972 1923 :
999 1879 1176 1924 utrum
1215 1872 1320 1926 hoc
1349 1871 1710 1941 proloquium,
1750 1889 1768 1922 ι
1793 1871 1846 1927 Si
1876 1872 1980 1926 Pa-

417 1975 551 2016 trem
602 1975 778 2016 meum
824 1961 1056 2025 sciretis,
1087 1971 1142 2016 et
1187 1977 1272 2017 me
1304 1963 1540 2029 sciretis,
1577 1981 1595 2012 ι
1639 1962 1778 2016 idem
1805 1963 1984 2018 valeat

417 2071 538 2108 eum
598 2054 710 2118 illo,
752 2072 770 2105 ι
815 2053 872 2108 Si
915 2068 1001 2112 me
1034 2053 1275 2117 sciretis,
1313 2061 1367 2107 et
1400 2052 1615 2108 Patrem
1660 2069 1838 2107 meum
1876 2055 1985 2108 sei-

415 2147 569 2209 retis,
608 2164 626 2196 ι
665 2160 732 2199 an
768 2159 894 2198 non.
925 2141 991 2197 Et
1017 2143 1253 2198 arbitror
1284 2143 1399 2198 haec
1431 2143 1574 2198 inter
1607 2158 1668 2199 se
1691 2159 1797 2198 non
1817 2145 1983 2214 aequi-

416 2238 645 2307 pollere,
670 2252 735 2292 eo
767 2237 908 2305 quod
967 2235 1057 2306 qui
1095 2235 1308 2289 Patrem
1349 2236 1617 2305 agnoscit,
1665 2227 1920 2290 ascendat
1952 2253 1983 2292 a

414 2329 724 2398 cognitione
777 2327 894 2380 Filii
946 2327 1012 2381 ad
1057 2326 1424 2396 cognitionem
1475 2325 1672 2389 Patris,
1722 2340 1822 2379 nec
1879 2325 1985 2378 alio

417 2421 575 2474 modo
624 2419 872 2472 videatur
920 2417 1080 2472 Pater
1131 2431 1292 2485 quam
1342 2417 1548 2471 visione
1601 2416 1765 2479 Filii;
1815 2434 1834 2467 ι
1883 2415 1982 2482 Qui

417 2513 558 2566 cnim
607 2511 741 2565 vidit
793 2525 914 2575 me,
971 2509 1164 2579 inquit,
1216 2507 1348 2562 vidit
1380 2518 1433 2562 et
1481 2506 1696 2561 Patrem
1727 2508 1792 2572 “,
1825 2526 1843 2559 ι
1893 2507 1984 2576 qui

420 2605 566 2658 misit
607 2618 734 2666 me;
768 2617 865 2656 nec
903 2612 1080 2656 tamen
1123 2601 1352 2654 dixisset
1385 2617 1398 2652 :
1436 2599 1540 2666 Qui
1584 2599 1718 2653 vidit
1747 2598 1983 2665 Patrem,

422 2695 552 2747 vidit
585 2706 689 2755 me,
727 2690 985 2762 quoniam
1019 2690 1109 2758 qui
1140 2687 1459 2744 Sermonem
1493 2688 1581 2742 Dei
1627 2689 1797 2754 videt,
1843 2689 1988 2743 videt

422 2787 610 2848 Deum,
667 2784 970 2839 ascendens
1009 2796 1039 2835 a
1075 2780 1212 2836 Filio
1251 2781 1318 2835 ad
1353 2779 1566 2834 Patrem
1611 2796 1627 2844 ;
1682 2779 1796 2834 ﬁeri
1841 2782 1986 2836 enim

421 2877 608 2945 nequit
663 2884 722 2928 ut
770 2875 950 2928 videat
992 2873 1114 2942 quis
1163 2869 1327 2927 Deum
1379 2885 1484 2924 non
1539 2870 1748 2926 habens
1797 2871 1987 2926 ducem

2071 413 2192 464 ἐστε
2221 417 2311 465 καὶ
2341 416 2497 483 ὑμεῖς
2531 417 2717 486 κλητοὶ
2750 416 2919 487 Ἰησοῦ
2951 416 3202 488 Χριστοῦ·
3236 419 3358 470 πᾶσι
3381 421 3476 483 τοῖς
3501 419 3571 474 οὖς

2073 521 2155 557 σιν
2186 508 2242 558 ἐν
2281 502 2462 580 Ῥώμῃ
2500 510 2800 579 ἀγαπητοῖς
2815 507 2970 570 Θεοῦ,
3005 509 3223 579 κλητοῖς
3247 509 3424 576 ἁγίοις,
3451 514 3576 584 χάρις

2073 597 2198 666 ὑμῖν
2220 597 2310 650 καὶ
2339 599 2524 669 εἰρήνη
2555 599 2661 653 ἀπὸ
2687 599 2822 652 Θεοῦ
2847 601 3058 670 Πατρὸς
3085 599 3256 669 ἡμῶν,
3284 601 3371 652 καὶ
3412 603 3574 672 Κυρίου
3755 616 3757 660 |

2085 688 2254 758 Ἰησοῦ
2283 688 2537 759 Χριστοῦ.
2589 710 2624 741 ι.
2659 690 2849 758 Σαφῶς
2879 690 2986 760 γὰρ
3021 690 3127 742 ἀπὸ
3152 689 3344 743 τούτων
3374 692 3580 763 μεμαθή-
3757 694 3759 746 i

2073 797 2264 850 καμεν,
2305 780 2387 832 ὅτι
2421 780 2449 832 6
2477 781 2833 852 Δημιουργὸς,
2869 781 2962 834 καὶ
2994 779 3124 842 Θεὸς
3171 779 3273 833 τῶν
3315 782 3580 852 προφητῶν,
3759 770 3761 808 ¹

2073 870 2167 922 καὶ
2199 870 2386 941 Πατὴρ
2429 870 2522 924 τοῦ
2553 871 2808 943 Χριστοῦ,
2851 871 2982 934 Θεός
3027 888 3085 923 τε
3120 871 3210 924 καὶ
3251 872 3424 942 Πατὴρ
3463 874 3584 943 ἡμῶν

2075 963 2208 1015 ἐστι.
2264 964 2542 1032 Φαρισαῖοι
2588 963 2763 1016 τοίνυν
2795 963 2855 1015 οὒ
2903 961 3060 1032 μόνον
3102 961 3295 1029 γνῶσιν
3335 963 3427 1014 οὐκ
3455 959 3586 1032 εἶχον,

2074 1052 2196 1106 οῦτε
2229 1053 2348 1106 καθ’
2375 1055 2403 1108 ὃ
2436 1056 2646 1126 Πατὴρ,
2683 1054 2809 1108 οὔτε
2835 1055 2956 1108 καθ’
2985 1056 3013 1108 ὃ
3046 1053 3196 1116 Θεὸς,
3225 1053 3312 1106 τοῦ
3345 1054 3590 1119 δεδωκότος

2075 1143 2166 1195 τὸν
2194 1143 2354 1212 νόμον
2388 1144 2596 1214 Πατρὸς
2634 1144 2728 1197 τοῦ
2781 1143 3038 1214 Χριστοῦ
3075 1143 3186 1197 ἀλλ’
3225 1142 3327 1195 οὐδ’
3359 1143 3593 1197 ἐπίστευον

2078 1233 2227 1304 αὐτῷ
2258 1234 2700 1305 ὁμολογουμένως
2756 1235 2852 1305 μέν
2905 1233 3030 1287 καθ’
3075 1233 3102 1286 6
3146 1233 3328 1304 Πατὴρ
3354 1229 3416 1304 ἦν
3455 1233 3594 1304 Ἰησοῦ

2079 1326 2171 1379 καὶ
2204 1325 2334 1388 Θεὸς
2385 1326 2568 1389 αὑτοῦ,
2603 1326 2742 1395 τάχα
2775 1326 2832 1378 δὲ
2858 1325 2978 1378 καθ’
3011 1325 3041 1377 ὃ
3079 1326 3108 1377 6
3136 1324 3263 1386 Θεὸς
3288 1325 3314 1376 ὁ
3336 1324 3506 1387 κτίσας
3545 1325 3598 1380 τά

2081 1417 2256 1470 πάντα
2286 1412 2372 1486 ἦν·
2411 1416 2522 1468 ἀλλ’
2547 1416 2668 1469 οὐδὲ
2707 1417 2796 1468 τὸν
2821 1416 3054 1485 Χριστὸν
3084 1415 3318 1485 ᾔδεισανο
3345 1415 3429 1468 καὶ
3453 1414 3598 1480 καλῶς

2081 1508 2288 1576 ἐλέγχει
2333 1507 2528 1570 αὐτοὺς
2553 1509 2581 1559 6
2625 1506 2814 1578 Σωτὴρ
2859 1506 3052 1574 λέγων’
3101 1524 3119 1556 ι
3162 1504 3293 1558 Οῦτε
3325 1506 3416 1575 ἐμὲ
3438 1506 3597 1568 οἴδατε,

2083 1598 2203 1652 οὔτε
2233 1600 2323 1652 τὸν
2349 1599 2566 1670 Πατέρα
2589 1616 2688 1669 μου
2721 1598 2916 1652 οἴδατε.
2957 1617 2976 1650 ι
3015 1596 3201 1650 Ταῦτα
3226 1595 3384 1666 ζητῶ,
3416 1596 3601 1669 πότερον

2086 1691 2195 1743 ῐσον
2222 1689 2440 1743 δύναται
2464 1689 2560 1760 τῷ,
2595 1709 2612 1740 ι
2639 1690 2700 1742 Ei
2729 1689 2825 1758 ἐμὲ
2858 1688 3053 1759 ᾔδειτε,
3077 1687 3277 1740 καὶτὸν
3298 1684 3495 1755 Πατέρα
3523 1703 3602 1756 μου

2085 1779 2150 1834 ἂν
2170 1780 2364 1850 ᾔδειτε,
2403 1798 2420 1830 ι
2453 1779 2533 1841 τὸ,
2569 1797 2586 1829 ι
2621 1779 2682 1831 El
2713 1779 2805 1831 τὸν
2840 1779 3058 1848 Πατέρα
3088 1793 3189 1847 μου
3211 1775 3398 1845 ᾔδειτε,
3429 1774 3508 1827 καί⁵
3527 1773 3604 1842 ἐμὲ

2084 1872 2148 1925 ἂν
2171 1873 2367 1943 ᾔδειτε,
2411 1891 2430 1923 ι
2464 1870 2593 1941 ἢοί).
2631 1871 2740 1923 Καὶ
2765 1868 3006 1941 ἡγοῦμαι
3042 1868 3118 1940 μὴ
3156 1869 3266 1921 ἴσον
3291 1865 3450 1920 ταῦτα
3483 1865 3608 1917 δῦνα-

2085 1963 2206 2016 σθαι
2253 1962 2518 2033 ἀλλήλοις,
2548 1961 2626 2032 τῷ
2653 1960 2958 2014 ἀναϐαίνειν
2989 1959 3098 2013 ἀπὸ
3144 1959 3243 2028 τῆς
3271 1956 3500 2025 γνώσεως
3534 1953 3608 2006 τοῦ

2085 2054 2216 2107 Υἱοῦ
2249 2055 2342 2108 ἐπὶ
2373 2055 2471 2127 τὴν
2503 2053 2700 2123 γνῶσιν
2731 2053 2825 2106 τοῦ
2850 2052 3062 2123 Πατρὸς
3093 2051 3185 2105 τὸν
3207 2047 3518 2118 γινώσκοντα
3539 2043 3610 2096 τὸν

2085 2146 2322 2216 Πατέρα,
2357 2146 2452 2199 καὶ
2503 2145 2577 2216 μὴ
2621 2144 2796 2208 ἄλλως
2843 2143 3075 2214 ὁρᾶσθαι
3118 2140 3208 2194 τὸν
3256 2134 3513 2207 Πατέραῆ
3549 2131 3611 2202 τῷ

2084 2238 2309 2312 ὁρᾶσθαι
2343 2237 2431 2292 τὸν
2478 2237 2623 2290 Υἱὸν·
2668 2236 2766 2290 «⁸0
2808 2234 2916 2306 γὰρ
2972 2230 3270 2305 ἑωρακὼς,
3305 2228 3472 2298 φησιν,
3514 2223 3610 2292 ἐμὲ,

2086 2331 2294 2403 ἑώρακε
2319 2330 2410 2382 τὸν
2442 2328 2659 2399 Πατέρα
2705 2346 2724 2378 ι
2762 2327 2852 2380 τὸν
2886 2323 3180 2395 πέμψαντά
3229 2337 3312 2391 με·
3358 2318 3448 2370 οὐκ
3477 2315 3533 2368 ἂν
3568 2312 3613 2366 δὲ

2085 2424 2292 2493 εἰρήκει
2312 2420 2390 2473 to"
2411 2421 2466 2473 '0
2487 2417 2744 2490 ἑωρακὼς
2775 2417 2865 2469 τὸν
2889 2414 3132 2485 Πατέρα,
3152 2409 3356 2482 ἑώρακέ
3384 2423 3462 2478 με·
3491 2403 3615 2456 ἐπεί-

2087 2529 2191 2582 περ
2222 2514 2250 2564 6
2289 2510 2378 2563 τὸν
2416 2509 2584 2577 Λόγον
2621 2506 2976 2577 τεθεωρηκὼς
3017 2502 3116 2556 τοῦ
3150 2500 3303 2563 Θεοῦ,
3338 2497 3512 2567 θεωρεῖ
3545 2493 3618 2546 τὸν

2086 2604 2238 2667 Θεὸν,
2271 2600 2576 2656 ἀναϐαίνων
2602 2599 2710 2653 ἀπὸ
2737 2597 2830 2650 τοῦ
2858 2597 3031 2664 Λόγου
3064 2593 3203 2665 πρὸς
3227 2591 3314 2643 τὸν
3340 2587 3479 2641 Θεόνυ
3502 2584 3618 2654 ἀμή-

2088 2712 2245 2766 χανον
2269 2694 2326 2746 δέ
2342 2695 2456 2746 ἐστι
2490 2692 2563 2763 μὴ
2598 2689 2705 2744 ἀπὸ
2731 2688 2824 2741 τοῦ
2854 2687 3025 2755 Λόγου
3062 2683 3338 2754 θεωρῆσαι
3371 2679 3453 2731 τὸν
3491 2674 3616 2766 Θεάν·

2088 2764 2181 2840 διαὶ
2207 2788 2236 2840 6
2265 2783 2482 2856 Θεωρῶν
2511 2783 2608 2852 τὴν
2641 2780 2829 2848 σοφίαν
2863 2780 2927 2848 ἣν
2965 2777 3180 2830 ἔκτισεν
3205 2776 3233 2828 6
3260 2773 3385 2833 Θεὸς
3414 2768 3508 2834 πρὸ
3534 2764 3622 2819 τῶν

2090 2879 2298 2933 αἰώνων
2324 2880 2402 2940 είς
2419 2876 2554 2947 ἔργα
2587 2873 2773 2937 αὑτοῦ,
2793 2870 3072 2926 ἀναϐαίνει
3109 2868 3218 2922 ἀπὸ
3247 2864 3336 2919 τοῦ
3364 2858 3623 2947 ἐγνωκέναι

3775 1380 3777 1452 ί

3775 1456 3779 1522 4

3777 1534 3781 1590 i

3777 1599 3783 1656 ί

3783 1686 3785 1734 t

422 2968 617 3035 Λόγον,
651 2965 785 3038 {seu
849 2963 1188 3031 Sermonem,
1245 2972 1301 3018 et
1347 2962 1542 3018 Filium
1591 2963 1683 3018 Dei
1717 2961 1774 3034 :]
1813 2972 1866 3018 et
1898 2965 1988 3033 qui

2093 2969 2189 3040 τὴν
2218 2967 2407 3036 σοφίαν
2433 2946 2524 3018 ἐπὶ
2552 2965 2641 3017 τὸν
2659 2963 2875 3032 Πατέρα
2908 2959 3100 3029 αὐτῆς·
3136 2957 3388 3010 ἀδύνατον
3411 2951 3461 3003 δὲ
3484 2946 3624 3040 χωρὶς

425 3060 677 3129 cognovit
707 3059 1062 3130 Sapientiam,
1111 3073 1273 3128 quam
1315 3057 1520 3111 ereavit
1559 3057 1700 3112 Deus
1741 3068 1867 3113 ante
1893 3073 1993 3113 ste-

421 3153 541 3208 rula
573 3154 638 3206 ad
669 3169 835 3224 Opera
863 3169 959 3208 sua
982 3152 1052 3217 ”,
1087 3169 1114 3205 a
1147 3151 1457 3222 cognitione
1486 3152 1784 3221 Sapientia:
1811 3164 1995 3203 ascen-

425 3247 504 3300 dit
531 3248 595 3300 ad
629 3247 795 3315 ipsius
828 3244 1120 3312 Sapientiae
1145 3243 1360 3299 Patrem
1391 3265 1405 3301 :
1435 3245 1552 3297 lieri
1585 3243 1748 3296 etiam
1787 3242 1990 3311 nequit,

427 3347 486 3394 ιιι
510 3339 628 3394 sine
661 3338 818 3404 hujus
849 3337 1138 3405 Sapientiae
1174 3338 1336 3390 ductu
1380 3335 1716 3404 intelligatur
1768 3331 1996 3402 Sapien-

428 3431 518 3484 tia:
550 3429 710 3484 Deus.
743 3427 894 3495 Quod
927 3426 1066 3481 idem
1100 3426 1167 3481 de
1201 3427 1430 3481 veritate
1469 3426 1616 3479 dices
1653 3443 1666 3479 :
1711 3440 1816 3479 non
1852 3425 1992 3478 enim

429 3522 677 3591 intelligit
712 3520 908 3587 aliquis
945 3519 1132 3583 Deum,
1180 3518 1265 3574 vel
1306 3517 1451 3572 videt
1495 3517 1692 3586 ipsmn,
1720 3526 1775 3570 et
1805 3525 1996 3586 postea

427 3611 754 3677 veritatem;
791 3610 880 3665 sed
919 3621 1073 3664 antea
1107 3609 1420 3671 veritatem,
1457 3615 1515 3659 ut
1560 3607 1662 3660 isto
1715 3607 1873 3660 modo
1909 3620 1999 3658 ve—

427 3705 542 3760 niat
573 3704 640 3758 ad
669 3701 1139 3771 contemplandam
1165 3699 1483 3764 essentiam,
1517 3695 1602 3750 vel
1638 3695 1876 3751 essentia
1906 3709 1998 3750 su-

427 3796 696 3866 periorem
734 3796 1033 3864 potentiam
1085 3802 1140 3847 et
1187 3801 1438 3846 naturam
1490 3789 1605 3843 Dei.
1644 3789 1722 3842 Ac
1756 3786 2000 3856 profecto

429 3887 680 3949 fortasse,
715 3885 1168 3954 quemadmodum
1219 3883 1418 3951 gradus
1461 3880 1680 3951 quidam
1733 3887 1891 3934 erant
1948 3877 1999 3931 in

431 3978 626 4044 templo
671 3991 768 4044 per
812 3990 947 4043 quos
989 3975 1394 4042 ingrediebatur
1443 3973 1639 4042 aliquis
1692 3973 1744 4025 in
1797 3971 1998 4025 Sancta

430 4074 767 4127 sanctorum,
807 4066 878 4116 ita
916 4077 1104 4117 omnes
1131 4065 1330 4133 gradus
1358 4066 1529 4118 nostri
1566 4065 1877 4133 unigenitus
1917 4071 2002 4116 est

432 4157 600 4213 Filius
649 4156 739 4209 Dei
780 4169 795 4217 ;
837 4163 892 4208 et
940 4155 1080 4209 sicut
1124 4157 1330 4224 primus
1382 4157 1646 4223 graduum
1685 4154 2000 4225 Uuigenitus

431 4259 516 4306 est
548 4251 603 4304 in
646 4249 806 4304 rebus
835 4247 1043 4314 inferis,
1071 4247 1239 4318 288
1264 4247 1498 4316 itemque
1520 4245 1789 4300 secundus
1827 4246 2001 4314 primo

434 4342 703 4412 superior,
740 4350 796 4395 et
823 4339 902 4394 sic
929 4339 1183 4408 deinceps
1214 4353 1384 4409 usque
1423 4339 1488 4392 ad
1519 4352 1830 4405 supremum
1875 4354 1888 4401 ;
1922 4337 2001 4390 sic

435 4452 621 4492 omnes
644 4439 842 4509 gradus
866 4448 994 4492 sunt
1022 4437 1314 4495 Servator:
1340 4439 1495 4511 cujus
1535 4436 1849 4493 humanitas
1883 4451 2005 4504 gra-

2094 3037 2191 3132 τῆς
2209 3059 2399 3128 σοφίας
2432 3054 2793 3128 προσαγωγῆς
2827 3053 2938 3122 (ll)
2968 3048 3229 3119 νοηθῆναι
3251 3044 3337 3097 τὸν
3364 3043 3453 3111 τῆς
3469 3037 3625 3132 σοφίας

2095 3127 2244 3205 Θεόν.
2275 3127 2316 3202 Τ
2319 3151 2348 3203 ὸ
2377 3149 2420 3201 δ’
2450 3127 2579 3202 αὐτὸ
2604 3149 2749 3216 ἐρεῖς
2770 3144 2862 3198 καὶ
2890 3142 3016 3211 περί⁵
3045 3140 3146 3210 τῆς
3172 3136 3434 3207 ἀληθείας
3461 3131 3513 3182 οὐ
3539 3127 3627 3195 γὰρ

2096 3244 2207 3296 νοεῖ
2227 3259 2307 3304 τις
2335 3240 2424 3292 τὸν
2457 3236 2610 3302 Θεὸν,
2642 3235 2676 3307 ἢ
2724 3235 2917 3305 Θεωρεῖ
2959 3229 3144 3294 αὐτὸν,
3189 3226 3283 3280 καὶ
3329 3221 3457 3294 μετὰ
3484 3216 3630 3270 ταῦτα

2096 3334 2193 3405 τὴν
2227 3331 2500 3402 ἀλήθειαν·
2528 3328 2661 3382 ἀλλά
2685 3326 2944 3398 πρότερον
2971 3322 3071 3394 τὴν
3096 3317 3372 3389 ἀλήθειαν,
3394 3312 3455 3366 ἵν’
3476 3309 3629 3412 pirate;

2099 3425 2226 3497 ἔλθῃ
2257 3423 2348 3475 ἐπὶ
2367 3421 2427 3473 τὸ
2451 3421 2640 3474 ἐνιδεῖν
2657 3420 2720 3487 τῇ
2748 3415 2926 3484 οὐσία,
2951 3413 2983 3484 ἢ
3005 3413 3071 3481 τῇ
3095 3408 3417 3480 ὑπερέκεινα
3446 3408 3533 3497 τῇς
3555 3408 3631 3449 oo-

2101 3493 2224 3581 σίας
2247 3517 2492 3585 δυνάμει,
2518 3514 2610 3566 καὶ
2628 3511 2785 3580 φύσει
2805 3507 2897 3562 τοῦ
2923 3505 3077 3558 Θεοῦ.
3111 3504 3222 3557 Καὶ
3254 3500 3388 3569 τάχα
3405 3513 3462 3564 γε
3475 3493 3634 3559 ὥσπερ

2099 3610 2238 3664 κατά
2256 3609 2346 3662 τὸν
2373 3606 2497 3659 ναὸν
2523 3601 2824 3672 ἀναϐαθμοί
2857 3593 3174 3668 τινες-ἦσαν,
3193 3593 3258 3647 δι’
3285 3586 3356 3644 ὧν
3389 3585 3543 3656 εἰσῄει
3568 3596 3637 3641 τις

2101 3705 2178 3767 είς
2206 3701 2272 3755 τὰ
2297 3702 2460 3768 ’Λγια
2491 3697 2598 3749 τῶν
2629 3695 2818 3763 ἁγίων,
2853 3691 3025 3753 οὕτως
3051 3691 3098 3741 οἱ
3131 3687 3330 3747 πάντες
3353 3679 3496 3751 ἡμῶν
3525 3677 3636 3768 6M}-

2103 3763 2299 3865 ϐαθμοὶ
2321 3793 2348 3843 6
2366 3763 2672 3858 ὲίίονογενής
2696 3789 2812 3838 ἐστι
2843 3783 2935 3836 τοῦ
2952 3779 3086 3834 Θεοῦ
3105 3778 3241 3851 (~12)'
3258 3776 3350 3830 καὶ
3365 3773 3502 3865 ὥσπε
3512 3763 3639 3865 ριτῶν

2103 3860 2430 3954 ἀναῦαθμῶν
2470 3884 2498 3935 6
2525 3878 2833 3946 Μονογενής
2857 3877 2973 3927 ἐστι
3006 3871 3224 3943 πρῶτος
3267 3867 3358 3920 ἐπὶ
3394 3864 3459 3956 τά
3493 3860 3640 3956 κάτω,

2103 3980 2131 4032 ὁ
2159 3978 2214 4030 δὲ
2263 3974 2451 4028 τούτου
2492 3970 2769 4041 ἀνωτέρω,
2817 3967 2909 4020 καὶ
2947 3963 3120 4026 οὕτως
3149 3959 3346 4029 ἐφεξῆς
3385 3954 3532 4026 μέχρι
3561 3954 3639 4041 τοῦ

2104 4067 2382 4122 ἀνωτάτωσ
2426 4062 2596 4124 οὕτως
2647 4037 2696 4112 οἱ
2749 4059 2847 4128 μὲν
2895 4057 3092 4116 πάντες
3133 4052 3271 4105 εἰσὶν
3321 4037 3596 4111 ἁναϐαθμοὶ
3619 4038 3644 4088 ὁ

2105 4158 2310 4228 Σωτήρ.
2347 4154 2374 4206 6
2402 4153 2457 4206 δὲ
2489 4147 2598 4206 οἷον
2645 4148 2857 4220 πρῶτος
2907 4143 3200 4214 κατωτέρω
3243 4140 3303 4193 τὸ
3343 4132 3642 4228 ἁπιῦρώπινον

2107 4247 2293 4310 αὑτοῦ,
2417 4242 2785 4304 ἐπιϐαίνοντες
2823 4236 3098 4306 ὁδεύομεν,
3127 4232 3224 4286 καί⁵
3258 4229 3326 4282 τὰ
3354 4226 3474 4294 ἑξῆς
3502 4221 3641 4314 dim"

2105 4342 2254 4401 ὄντα,
2289 4338 2387 4407 τὴν
2412 4338 2591 4388 πᾶσαν
2615 4335 2671 4384 ὲν
2699 4333 2811 4392 τοῖς
2843 4324 3176 4394 ἀναϐαθμοῖς
3209 4321 3346 4382 ὁδὸν,
3369 4317 3498 4368 ὥστε
3529 4310 3644 4408 ἀνα-

2102 4435 2261 4502 ϐῆναι
2303 4430 2370 4482 δι’
2403 4425 2565 4480 αὐτοῦ
2599 4424 2750 4486 ὄντος
2796 4421 2888 4474 καὶ
2920 4418 3174 4487 ἀγγέλου,
3216 4414 3310 4468 καὶ
3340 4409 3442 4462 τῶν
3471 4405 3646 4502 λοιπῶν

3639 3389 3645 3424 l

3645 3437 3658 3522 i

437 4534 538 4587 dus
565 4532 794 4588 inferior
817 4534 988 4588 veluti
1014 4533 1222 4604 primus
1239 4542 1324 4588 est
1347 4551 1362 4592 :
1389 4494 1485 4603 per
1511 4546 1670 4602 quam
1698 4529 1989 4599 gradiente:

2102 4494 2397 4590 δυνάμεων.
2462 4517 2570 4570 Καὶ
2621 4512 2761 4566 κατά
2799 4510 2896 4572 τὰς
2929 4506 3170 4569 ἐπινοίας
3208 4505 3265 4558 δὲ
3307 4498 3460 4555 αὐτοῦ
3493 4494 3647 4604 (εἴπερ

435 4626 724 4680 emetimur
773 4640 988 4680 omnem
1024 4625 1292 4696 graduum
1327 4626 1493 4688 viam,
1542 4633 1598 4677 et
1647 4622 1902 4690 deinceps
1943 4635 2005 4674 ea

435 4730 556 4784 qua!
606 4717 720 4786 ipse
758 4727 840 4771 est
867 4733 882 4781 ;
911 4716 981 4770 ita
1022 4724 1080 4772 ut
1123 4717 1481 4773 ascendamus
1522 4730 1618 4783 per
1665 4715 1864 4784 ipsum,
1915 4712 2007 4782 qui

435 4804 675 4873 Angelus
703 4814 859 4860 estet
887 4817 1098 4862 caetera:
1129 4809 1404 4877 potentiae.
1435 4807 1576 4872 Quin
1599 4808 1763 4860 etiam
1792 4814 2008 4874 propter

440 4895 908 4953 considerationes
958 4897 1024 4951 de
1074 4895 1190 4964 ipso
1223 4895 1684 4966 (quandoquidem
1733 4894 1876 4948 aliud
1926 4902 2009 4948 est

441 4992 523 5044 via
574 5001 630 5044 et
669 4989 810 5043 aliud
853 4987 1097 5057 ostium),
1130 4989 1361 5057 primum
1399 5001 1687 5055 pergamus
1737 5001 1832 5055 per
1866 4986 2006 5038 viam

443 5097 663 5136 necesse
710 5089 814 5147 est,
859 5088 917 5132 ut
964 5090 1148 5149 postea
1185 5081 1288 5133 isto
1329 5079 1484 5130 modo
1521 5077 1896 5145 perveniamus
1937 5075 2002 5128 ad

348 5241 350 5244 ν
441 5173 638 5226 ostium
674 5188 690 5238 ;
738 5182 792 5227 et
836 5172 902 5226 ad
949 5172 1202 5226 utendutn
1251 5186 1335 5234 eo,
1368 5169 1636 5237 praecipue
1665 5169 1714 5220 in
1744 5176 2002 5234 quantum

515 5334 563 5367 ⁸⁸
581 5335 736 5392 Joan.
757 5350 874 5398 viti,
905 5334 990 5389 19.

519 5481 630 5550 (lli
657 5476 1080 5552 Προσαγωγῆς.
1111 5475 1473 5552 Srribcndjtm
1510 5468 1860 5552 προαγιιιγῇς.

529 5539 639 5620 (1⁵2)
681 5539 733 5601 Ὀ
764 5539 1104 5616 arci-0,54%
1130 5548 1258 5599 ἐστι
1293 5545 1396 5598 τοῦ
1435 5539 1602 5604 Θεοῦ,
1625 5552 1736 5621 etc...
1765 5542 1850 5593 Sic.
1877 5539 2015 5620 hunc.

454 5618 656 5688 locum,
693 5621 741 5674 in
785 5619 950 5686 Regio
985 5618 1170 5672 codice
1200 5618 1468 5675 vilittum,
1519 5618 1738 5668 sanitati
1784 5618 2016 5664 restituit

2104 4582 2286 4684 ἕτερὸν
2337 4612 2483 4662 ἐστιν
2536 4607 2654 4669 ὁδὸς
2693 4604 2788 4658 καὶ
2831 4601 3014 4673 Οῦρα),
3059 4588 3568 4684 προαπαντῆσαιμδεῖ
3591 4582 3646 4650 τῇ

2112 4676 2234 4773 ὀδῷ,
2262 4702 2346 4756 ἴνα
2377 4698 2515 4771 μετὰ
2539 4696 2708 4750 ταῦτα
2726 4695 2897 4755 οὓτως
2928 4691 3109 4761 φθάσῃ
3138 4705 3221 4750 τις
3252 4685 3342 4738 ἐπὶ
3363 4683 3455 4752 τὴν
3481 4676 3646 4773 θῦραν,

2115 4766 2208 4842 καί.
2250 4766 2465 4860 ἄρχοντι
2511 4781 2814 4856 χρήσασθαι
2857 4778 3006 4847 αὐτῷ
3045 4777 3163 4830 καθ’
3203 4775 3231 4829 6
3274 4771 3469 4840 ποιμήν
3503 4766 3647 4860 ἐστιν,

2116 4885 2203 4936 ἵνα
2239 4897 2319 4943 τις
2346 4877 2546 4948 δυνηθῇ
2582 4875 2747 4930 αὐτοῦ
2785 4871 3088 4928 ἀπολαῦσαι
3121 4869 3213 4922 καὶ
3248 4863 3515 4936 βασιλέως,
3541 4855 3649 4955 5W3-

2118 4974 2237 5028 σοαί
2259 4990 2316 5026 τε
2344 4970 2504 5024 αὐτοῦ
2523 4968 2737 5040 πρῶτον
2757 4967 2831 5029 ὼς
2853 4962 3048 5034 ἀμνοῦ,
3077 4962 3162 5014 ἵνα
3179 4957 3388 5030 πρῶτον
3405 4950 3650 5040 ἅρῃὴμξγ

2114 5071 2211 5141 τὴν
2255 5066 2547 5138 ἁμαρτίαν,
2568 5034 2684 5116 ’καὶ
2729 5059 2864 5132 μετά
2888 5057 3060 5111 ταῦτα
3089 5045 3530 5121 κεκαθαρισμένοι
3556 5034 3650 5138 (l3)

2112 5168 2371 5236 φάγωμεν
2415 5156 2580 5212 αὐτοῦ
2629 5155 2726 5224 τῆς
2765 5150 2985 5222 σαρκὸς,
3018 5148 3118 5217 τῆς
3161 5141 3411 5213 ἀληθινῆς
3450 5140 3647 5206 τροφης·

1070 5332 1114 5364 ⁶⁹
1145 5330 1301 5387 Joan.
1331 5344 1444 5395 XIV,
1474 5326 1528 5382 9.
1601 5327 1646 5358 "°
1669 5325 1823 5380 Prov.
1874 5339 1992 5390 vttt,
2019 5323 2106 5376 ‘22.

2126 5462 2291 5526 coiit-5f
2324 5456 2667 5526 Ιῖιιιίιιξὶειιιιιςἶ
2873 5517 2909 5526 -
2981 5517 2993 5526 _
3084 5515 3094 5526 .

2199 5517 2306 5598 (Ιῇ)
2339 5527 2507 5598 Codd.
2542 5523 2736 5588 Regius
2773 5526 2826 5598 et
2873 5517 3224 5598 Barberinus,

2124 5587 2240 5655 VOL"
2283 5587 3063 5659 Βοιιιρίαιιιιδ,κεκαθαρμένοι.

3277 5487 3642 5569 κεκαθαρισμέ-
