3878 6210
36 1840 53 1869 “r

0 1888 57 1915 ἃς.

0 1950 75 1999 κξέε

0 2040 69 2099 ags

0 2144 51 2179 :0

36 2162 55 2175 ,ι

250 269 328 328 ΞΞἹ

1262 269 1620 328 COMMENT.
1657 270 1723 325 IN
1758 270 1952 328 JOAN.
1994 271 2235 330 TOMUS
2261 276 2405 333 XIX.

3347 278 3454 337 53-8

248 388 316 441 καὶ
346 384 755 457 ὲπιμελέστερόν
795 403 856 440 τε
896 386 966 440 τά
1008 389 1386 461 παρακείμενα
1437 391 1646 456 τούτοις
1695 408 1763 455 τις

1884 403 1969 448 est
2013 403 2219 464 pastor,
2251 407 2308 453 ut
2343 398 2467 467 quis
2503 395 2668 451 etiam
2714 409 2782 451 eo
2820 404 2881 451 ut
2913 396 3063 468 Rege
3111 397 3219 453 frui
3264 400 3454 466 possit,

243 477 458 544 ίξετάσας
485 476 583 530 καὶ
618 477 975 548 παραλαϐὼν,
1011 479 1304 535 ἀκούσεται
1346 481 1481 553 (ﬂ),
1521 502 1539 534 ι
1582 484 1644 537 Ei
1675 484 1775 554 ἐμὲ

240 570 394 632 οἴδατε,
417 568 509 622 καὶ
534 568 630 621 τὸν
662 568 885 639 Πατέρα
916 587 1018 640 μου
1044 571 1245 634 οἴδατε,
1294 590 1313 623 ι
1345 572 1460 638 καὶ,
1497 573 1648 627 Ἐπεὶ
1674 574 1775 644 ἐμὲ

238 660 393 722 ollim,
416 657 510 711 καὶ
538 657 633 711 τὸν
662 657 881 728 Πατέρα
917 675 1020 729 μου
1045 658 1242 713 οίδατε.

1877 482 2165 552 juvarique
2195 485 2264 540 ab
2298 486 2439 555 ipso,
2494 486 2670 556 primo
2704 484 2900 555 gradu,
2954 501 3052 540 cett
3096 501 3257 557 agno,
3298 498 3356 540 ut
3400 487 3454 540 in

1880 572 2071 641 primis
2104 575 2256 629 tollat
2286 586 2564 645 peccatum
2597 586 2843 631 nostrum
2870 576 2913 608 "
2947 591 3052 643 ;ac
3087 587 3277 647 postea.
3307 577 3456 645 puri-

1880 662 2026 720 licati
2061 668 2408 724 comedamus
2441 671 2612 741 ipsius
2647 686 2895 735 carnem,
2925 664 3119 736 nempe
3152 684 3339 723 verum
3370 668 3453 723 οἱα

237 753 367 808 bum:
394 766 623 820 cumque
663 750 788 821 quis
827 751 1140 821 diligentius
1182 762 1551 821 perscrutatus
1592 752 1759 811 fuerit
1819 756 1907 812 his
1956 762 2202 828 proxima
2250 764 2681 833 perceperitque,
2746 763 2877 818 illud
2912 761 3146 816 audiet:
3181 778 3203 813 ι
3263 759 3321 814 Si
3365 773 3454 817 me

233 844 435 909 sciretis,
479 852 535 898 et
572 843 787 899 Patrem
836 859 1014 899 meum
1049 846 1264 902 sciretis
1305 848 1353 879 η
1385 866 1400 913 ;
1428 867 1447 900 ι
1483 856 1567 905 et:
1605 847 1871 915 Quoniam
1905 867 1993 909 me
2023 856 2194 920 scitis,
2221 866 2275 911 et
2309 856 2523 912 Patrem
2560 871 2736 912 meum
2766 858 2942 913 scitis.

282 934 327 989 2.
360 952 381 986 ι
414 934 598 988 Ταῦτα
624 933 693 987 τά
734 935 955 1005 ῥήματα
992 933 1252 1006 ἐλάλησεν
1277 937 1335 989 ὲν
1361 936 1439 1008 τῷ
1469 935 1776 1007 γαζοφυλα-

231 1026 331 1097 κίῳ,
354 1025 611 1080 διδάσκων
632 1027 692 1078 ὲν
720 1026 800 1096 τῷ
829 1025 980 1098 ἱερῷ,
1007 1027 1102 1080 καὶ
1133 1027 1309 1092 οὐδεὶς
1341 1028 1564 1083 ὲπίασεν
1588 1029 1769 1094 αὐτὸν,

230 1116 294 1170 ὅτι
320 1115 462 1169 οὔπω
496 1115 741 1187 ἐληλύθει
784 1117 818 1188 ὴ
861 1114 983 1187 ὥρα
1018 1116 1210 1170 αὐτοῦ’
1246 1136 1266 1170 ι
1293 1119 1357 1171 El
1395 1120 1470 1192 μή
1501 1137 1554 1172 τι
1582 1110 1773 1193 χρήσι-

232 1224 308 1276 μον
333 1203 398 1278 ἦν
428 1205 617 1277 μαθεῖν
664 1210 729 1261 ὲκ
771 1207 867 1261 τοῦ
911 1207 979 1262 τά
1013 1211 1383 1281 προειρημένα
1428 1211 1771 1283 άπηγγέλθαι

230 1299 311 1352 ὑπὸ
335 1298 423 1353 τοῦ
454 1299 705 1371 Σωτῆρος
734 1301 830 1353 καὶ
856 1298 1183 1371 λελαλῆσθαι
1205 1301 1317 1375 (15)
1348 1305 1407 1357 ὲν
1433 1302 1511 1374 τῷ
1536 1301 1772 1375 γαζοφυ-

228 1387 384 1459 λακίῳ,
414 1388 512 1442 ούκ
539 1390 608 1444 ἂν
633 1390 972 1463 προσέθηκεν
1013 1393 1042 1445 ὀ
1082 1393 1485 1467 Εὐαγγελιστὴς
1509 1390 1592 1461 οἷς
1619 1393 1770 1451 εἶπεν

229 1480 251 1534 6
280 1480 489 1553 Ἰησοῦς,
515 1482 598 1536 τό·
642 1500 664 1534 ι
700 1482 886 1537 Ταῦτα
925 1482 997 1538 τά
1038 1485 1257 1556 ῥήματα
1305 1485 1565 1559 ἐλάλησεν
1603 1489 1664 1544 ἐν
1691 1488 1770 1560 τῷ

227 1571 574 1642 γαζοφυλακίῳ
616 1572 887 1627 διδάσκων
912 1575 971 1628 ὲν
999 1574 1082 1647 τῷ
1110 1574 1259 1648 ίερῷο
1310 1594 1330 1629 ι
1371 1579 1466 1631 καὶ
1498 1579 1768 1651 πανταχοῦ

1949 941 2005 997 2.
2039 960 2062 995 ι
2097 944 2218 999 llaec
2254 947 2416 1001 verba
2449 945 2666 1001 locutus
2726 956 2810 1002 est
2844 946 2896 1001 in
2937 946 3327 1018 gazophylacio
3355 946 3459 1002 de.

1879 1046 2008 1088 cens
2039 1033 2091 1089 in
2126 1036 2326 1105 templo
2366 1054 2381 1092 :
2427 1046 2481 1091 et
2520 1037 2699 1092 nullus
2744 1055 2869 1094 eum
2898 1038 3276 1108 apprehendit,
3309 1040 3450 1107 quod

1880 1124 2118 1178 nondum
2178 1136 2405 1182 venerat
2441 1127 2575 1182 hora
2605 1126 2721 1196 ejus
2761 1128 2828 1182 ⁷⁸.
2880 1146 2900 1180 ι
2948 1125 3058 1181 Nisi
3096 1127 3275 1197 aliqua
3307 1138 3452 1183 esset

1878 1214 2109 1281 utilitas,
2146 1232 2210 1272 eo
2244 1218 2387 1287 quod
2418 1219 2674 1287 prmdicta
2712 1217 2957 1272 nuntiata
3000 1216 3155 1272 fuere
3198 1231 3277 1271 ac.
3305 1217 3447 1272 dicta

1876 1320 1905 1358 a
1933 1303 2228 1362 Servatore
2261 1309 2313 1362 in
2342 1306 2754 1379 gazophylacio,
2782 1306 3202 1376 haudquaquam
3229 1307 3446 1362 additu-

1877 1411 1970 1450 rus
1987 1395 2160 1452 fuerat
2183 1400 2515 1470 evangelista
2542 1400 2627 1454 his
2654 1414 2775 1470 quae
2804 1400 3012 1453 dixerat
3037 1396 3198 1454 Jesus
3224 1418 3237 1453 :
3275 1412 3293 1445 ι
3324 1397 3451 1454 ΙΙωο

1874 1489 2040 1544 verba
2082 1490 2291 1546 locutus
2324 1501 2409 1547 est
2439 1491 2492 1545 in
2553 1490 2939 1562 gazophylacio
2982 1490 3182 1545 docens
3222 1490 3276 1544 in
3311 1501 3448 1544 tem-

1875 1580 1965 1649 plo
1991 1599 2005 1649 ;
2038 1600 2058 1634 ι
2093 1592 2147 1635 et
2185 1582 2503 1656 frequenter
2528 1584 2619 1638 ubi
2651 1582 2869 1637 additur
2897 1600 2911 1637 :
2942 1581 3068 1636 Hzec
3097 1580 3259 1636 verba
3291 1581 3446 1635 locu-

228 1676 277 1731 γι
296 1664 413 1717 ὅπου
431 1664 772 1737 πρόσκειται·
802 1664 987 1719 Ταῦτα
1016 1665 1092 1720 τὰ
1115 1668 1335 1739 ῥήματα
1359 1668 1395 1723 ἃ
1426 1667 1688 1742 ἐλάλησεν
1711 1672 1763 1725 ὲν

1876 1684 1960 1729 tus
1987 1683 2070 1730 est
2105 1675 2158 1729 in
2195 1673 2283 1728 tali
2321 1673 2462 1736 loco,
2500 1676 2543 1729 si
2589 1674 2936 1745 indagaveris
2969 1672 3258 1737 rationem,
3291 1673 3447 1726 inve-

225 1746 415 1823 ᾦδέτινι
439 1754 607 1827 τύπῳ,
635 1755 935 1828 ἐπιστήσας
956 1757 1212 1829 εὑρήσεις
1234 1757 1296 1812 τὸ
1317 1758 1419 1829 τῆς
1452 1757 1769 1832 προσθήκης

223 1844 427 1915 εὔλογον.
464 1847 562 1901 Ἵν’
612 1843 710 1901 οὖν
757 1846 920 1918 νοηθῇ
961 1847 1015 1900 τί
1058 1848 1122 1901 τὸ
1163 1849 1223 1903 ἐν
1264 1847 1345 1920 τῷ
1388 1848 1770 1923 γαζοφυλακίῳ

218 1936 366 1990 ταῦτα
393 1936 460 1991 τὰ
485 1938 706 2009 ῥήματα
728 1937 797 1991 τά
823 1937 933 1990 ὑπὸ
955 1936 1051 1991 τοῦ
1097 1938 1271 2008 Ἰησοῦ
1295 1937 1566 2010 εἰρῆσθαι,
1592 1957 1771 2012 παρα-

218 2027 468 2099 θησόμεθα
504 2027 651 2101 άπερ
692 2028 802 2083 άπὸ
834 2030 1022 2083 Λουκᾶ
1048 2029 1144 2083 καὶ
1182 2030 1412 2101 Μάρκου
1447 2029 1769 2101 μεμαθήκα-

214 2135 324 2188 μεν,
370 2119 749 2189 ὀνομασάντων
790 2119 854 2173 τὸ
893 2117 1314 2189 γαζοφυλάκιονο
1364 2119 1473 2174 άπὸ
1521 2120 1620 2191 μὲν
1674 2119 1767 2174 τοῦ

204 2208 377 2265 Δουκᾶ
422 2208 615 2265 ταῦτα’
652 2229 673 2262 r
717 2210 1057 2282 ’Δναϐλὲψας
1103 2211 1161 2265 δὲ
1211 2213 1291 2276 είς
1321 2212 1448 2274 τοὺς
1480 2210 1769 2282 βάλλοντας

201 2300 276 2363 είς
305 2299 366 2353 τὸ
393 2299 790 2371 γαζοφυλάκιον
814 2300 886 2356 τά
914 2302 1062 2376 δῶρα
1110 2302 1293 2357 αὐτῶν
1314 2301 1622 2367 πλουσίους,
1661 2297 1768 2355 εἶδὲ

197 2406 313 2443 τινα
344 2391 511 2462 χήραν
534 2392 798 2464 πενιχράν
832 2392 1130 2463 βάλλουσαν
1144 2392 1316 2449 λεπτά
1342 2391 1455 2457 δύο,
1484 2393 1578 2445 καὶ
1590 2385 1763 2444 εἶπεν·

205 2481 440 2553 Ἀληθῶς
463 2482 604 2553 λέγω
618 2484 771 2556 ὑμῖν,
802 2486 886 2539 ὅτι
919 2486 953 2556 ἡ
979 2486 1124 2557 χήρα
1155 2485 1189 2556 ἡ
1218 2483 1408 2555 πτωχὴ
1428 2482 1568 2553 αὕτη
1585 2482 1768 2537 πλεῖον

188 2572 407 2627 πάντων
432 2572 610 2627 ἐϐαλε’
633 2575 830 2638 πάντες
862 2575 972 2647 γάρ
987 2570 1132 2629 οὗτοι
1149 2576 1214 2628 ἐκ
1243 2572 1338 2629 τοῦ
1356 2572 1767 2647 περισσεύοντος

180 2664 372 2727 αὐτοῖς
392 2663 579 2718 ἔϐαλον
608 2666 690 2729 είς
723 2664 791 2718 τά
819 2665 970 2738 δῶρα
1003 2665 1099 2720 τοῦ
1130 2664 1286 2720 Θεοῦο
1321 2664 1460 2735 αὕτη
1494 2664 1552 2718 δὲ
1582 2666 1646 2717 ὲκ
1672 2663 1764 2718 τοῦ

176 2753 558 2826 ὑστερήματος
573 2755 743 2826 αὐτῆς
754 2756 932 2810 πάντα
941 2756 1033 2810 τὸν
1047 2756 1162 2828 βίον
1173 2755 1392 2827 ἑαυτῆς,
1404 2755 1463 2809 δν
1473 2750 1618 2826 εἶχεν
1630 2754 1762 2823 (16),

172 2844 399 2900 ἔϐαλεν.
455 2865 474 2899 υ
507 2847 643 2903 ’Δπδ
672 2846 731 2901 δὲ
762 2848 857 2902 τοῦ
890 2847 1033 2903 κατὰ
1058 2848 1304 2919 Μάρκονο
1342 2865 1361 2899 ι
1404 2847 1514 2900 Καὶ
1543 2844 1711 2910 ἑστὼς
1735 2846 1765 2899 ὁ

168 2937 397 3008 Ἰησοῦς
415 2938 700 2993 κατέναντι
718 2938 812 2992 τοῦ
839 2939 1240 3009 γαζοφυλακίου
1264 2936 1507 3010 ἐθεώρει,
1529 2938 1624 2990 καὶ
1655 2937 1765 3001 πᾶς

1874 1766 1993 1820 nies
2019 1766 2164 1834 quod
2197 1766 2268 1818 sit
2300 1765 2373 1819 illi
2408 1766 2777 1820 additamenta
2808 1772 3204 1819 consentanea.
3238 1762 3305 1818 Ut
3346 1763 3447 1831 igi-

1872 1864 1961 1910 tur
1991 1856 2330 1924 intelligatur
2362 1855 2592 1924 aliquid,
2627 1869 2797 1925 quare
2845 1870 2874 1907 a
2906 1852 3032 1908 Jcsu
3072 1852 3215 1907 dicta
3248 1851 3447 1906 fuerint

1871 1944 1987 1998 haec
2017 1945 2182 1997 verba
2226 1944 2279 1998 in
2314 1943 2725 2015 gazophylacio,
2769 1957 3107 2012 apponemus
3149 1956 3211 1996 ea
3261 1955 3380 2009 quae
3414 1954 3447 1995 a

1870 2032 2012 2088 Luca
2038 2044 2093 2088 et
2130 2033 2313 2089 Marco
2345 2035 2661 2099 didicimus,
2699 2034 2791 2103 qui
2823 2035 3151 2088 mentionem
3180 2034 3451 2104 gazophy-

1872 2126 1993 2179 lacii
2028 2125 2290 2179 fecerunt.
2324 2126 2388 2180 Et
2418 2127 2533 2181 haec
2562 2126 2779 2195 quidem
2808 2123 2968 2179 Luca:
2994 2134 3119 2179 sunt
3153 2124 3319 2179 verba
3349 2123 3440 2180 ’δι

1876 2231 1896 2266 ι
1931 2213 2247 2283 Respiciens
2280 2227 2458 2270 autem
2497 2215 2548 2268 in
2578 2215 2777 2269 divites
2816 2229 3040 2268 munera
3073 2230 3167 2268 sua
3202 2214 3254 2267 in
3288 2228 3444 2284 gazo-

1868 2305 2179 2374 phylacium
2216 2305 2518 2371 mittentes,
2562 2306 2695 2359 vidit
2733 2305 3115 2374 pauperculam
3147 2305 3441 2373 quamdam

1870 2398 2085 2450 viduam
2117 2397 2420 2451 mittentem
2452 2397 2655 2451 minuta
2698 2399 2824 2461 duo.
2855 2408 2910 2453 et
2947 2399 3083 2454 dixit
3112 2417 3124 2453 :
3161 2397 3296 2454 Vere
3321 2400 3443 2454 dico

1870 2487 2024 2539 vobis
2057 2486 2197 2540 hanc
2222 2500 2512 2555 pauperem
2539 2488 2756 2542 viduam
2789 2490 2911 2557 plus
2935 2504 3098 2560 quam
3131 2504 3320 2543 omnes
3347 2491 3445 2545 tui-

1867 2576 2005 2630 sisse
2031 2594 2043 2630 :
2073 2592 2196 2631 nam
2229 2592 2425 2632 omnes
2456 2578 2510 2631 bi
2539 2593 2604 2633 ex
2628 2592 2693 2634 eo
2721 2580 2863 2649 quod
2892 2580 2993 2634 sibi
3026 2579 3315 2642 redundat,
3340 2582 3443 2635 mi-

1866 2677 2053 2722 serunt
2097 2669 2150 2721 in
2186 2670 2327 2724 dona
2394 2670 2530 2733 Dei;
2579 2669 2696 2724 haec
2747 2679 2927 2722 autem
2970 2684 3034 2722 ex
3073 2672 3295 2739 penuria
3341 2687 3439 2725 sua

1867 2760 2179 2814 universam
2223 2760 2586 2816 substantiam
2630 2776 2811 2823 suam,
2857 2774 3019 2830 quam
3051 2759 3304 2822 habebat,
3341 2759 3442 2813 mi-

1865 2852 1955 2906 sit.
1999 2871 2018 2905 ι
2058 2850 2225 2907 Marci
2260 2868 2389 2909 vero
2417 2854 2579 2909 verba
2612 2853 2692 2909 sic
2722 2868 2781 2909 se
2814 2853 3015 2906 habent
3049 2852 3096 2884 ⁷⁸
3124 2870 3138 2906 :
3177 2871 3196 2902 ι
3227 2850 3291 2905 Ει
3317 2866 3439 2904 cum

1866 2941 2081 2996 sederet
2129 2939 2291 2997 Jesus
2343 2957 2410 2997 ex
2460 2943 2691 2997 adverso
2722 2941 3122 3014 gazophylaeii,
3155 2940 3441 3008 spectabat

163 3028 373 3084 ἔϐαλλε
396 3031 505 3102 (17)
540 3030 742 3102 χαλκὸς
788 3029 850 3102 [ί.
882 3029 1104 3103 χαλκὸν]
1145 3031 1226 3094 είς
1257 3030 1318 3084 τὺ
1345 3026 1762 3099 γαζοφυλάκιον,

1869 3034 2143 3100 quomodo
2171 3033 2459 3087 multitudo
2490 3035 2733 3089 mitteret
2757 3048 2832 3088 tes
2858 3033 2909 3086 in
2947 3031 3393 3104 gazophylacium
3422 3048 3439 3087 :

160 3119 275 3174 καὶ
306 3120 489 3175 πολλοὶ
521 3121 766 3175 πλούσιοι
805 3120 1028 3175 ἔϐαλλον
1071 3119 1260 3175 πολλά·
1300 3118 1526 3174 ἐλθοῦσα
1563 3118 1622 3173 δὲ
1664 3118 1764 3189 μία

162 3211 329 3282 χήρα
364 3212 550 3283 πτωχὴ
576 3211 736 3265 ἔϐαλε
764 3211 936 3266 λεπτά
955 3211 1068 3277 δύο,
1096 3212 1125 3266 ὃ
1156 3213 1273 3265 ἐστι
1302 3210 1616 3282 κοδράντης·
1668 3209 1763 3264 καὶ

164 3301 697 3373 προσκαλεσάμενος
728 3302 855 3366 τοὺς
886 3301 1132 3373 μαθητὰς
1159 3299 1327 3356 αὑτοῦ
1370 3297 1522 3357 εἶπεν
1554 3302 1758 3367 αὐτοῖς’

164 3388 357 3462 ’Δμὴν
384 3391 529 3461 λέγω
559 3393 712 3465 ύμῖν,
743 3392 824 3447 ὅτι
865 3395 900 3464 ἡ
921 3393 1065 3465 χήρα
1102 3394 1136 3464 ἠ
1177 3391 1366 3464 πτωχὴ
1405 3390 1545 3464 αὕτη
1579 3392 1762 3449 πλεῖον

164 3482 404 3537 πάντων
433 3483 590 3539 ἔϐαλε
617 3483 729 3537 τῶν
775 3482 1075 3554 βαλλόντων
1114 3485 1197 3548 εἰς
1238 3483 1302 3536 τδ
1339 3482 1757 3553 γαζοφυλάκιον

166 3572 386 3637 πάντες
402 3574 510 3647 γὰρ
532 3577 599 3628 ἐκ
628 3573 723 3628 τοῦ
756 3573 1170 3650 περισσεύοντος
1205 3575 1394 3640 αὐτοῖς
1420 3575 1631 3630 ἔϐαλον*
1659 3574 1761 3630 αὖ·

166 3681 237 3735 τη
289 3666 347 3719 δὲ
385 3667 451 3720 ἐκ
489 3667 590 3737 τῆς
637 3667 980 3738 ὑστερήσεως
1020 3665 1192 3737 αὐτῆς
1244 3665 1424 3719 πάντα
1467 3666 1568 3720 ὅσα
1616 3662 1760 3737 εῖχεν

162 3750 395 3823 ἔϐαλεν,
442 3757 564 3812 ὅλον
601 3756 694 3810 τὸν
742 3756 858 3827 βίον
887 3756 1076 3827 αὐτῆς.
1114 3774 1135 3809 ι
1177 3756 1243 3809 Τί
1283 3755 1339 3809 δέ
1378 3775 1470 3829 μοι
1512 3757 1760 3829 βούλεται

166 3847 204 3918 ἡ
232 3848 349 3901 τῶν
381 3850 560 3921 ῥητῶν
582 3848 892 3921 παράθεσις
914 3850 1236 3921 τηρήσαντι,
1260 3849 1344 3902 ὅτι
1361 3848 1423 3902 τὸ
1455 3847 1763 3920 γαζοφυλά-

172 3953 292 3991 κιον
318 3942 380 3993 ἐν
415 3940 491 4011 τῷ
520 3938 653 4013 ἱερῷ
674 3934 762 4011 ἦν,
791 3939 931 4011 ὑπὲρ
947 3938 1041 3993 τοῦ
1059 3939 1246 4011 νοῆσαι
1265 3939 1364 4012 τὴν
1394 3940 1760 4014 προκειμένην

175 4021 271 4077 τοῦ
312 4025 559 4081 Ἰωάννου
593 4026 758 4093 λέξιν,
807 4027 907 4099 ἤδη
948 4026 1195 4100 λέξομεν.
1240 4029 1305 4082 El
1353 4029 1415 4082 τὸ
1463 4030 1604 4102 ἱερὸν
1646 4029 1757 4102 (18)

184 4114 451 4188 ἀνάγομεν
501 4117 601 4173 τοῦ
651 4117 809 4183 Θεοῦ,
852 4120 945 4173 καὶ
998 4120 1141 4174 κατὰ.
1184 4120 1277 4175 τὸν
1313 4121 1460 4185 ναὸν,
1513 4115 1624 4175 εἶτε
1667 4120 1760 4176 τὸν

192 4209 547 4279 πνευματικὸν
592 4209 771 4278 λόγον,
805 4209 983 4281 τούτῳ
1014 4209 1323 4276 ἀκολούθως
1365 4213 1460 4266 καὶ
1507 4211 1571 4266 τὸ
1596 4213 1653 4267 ὲν
1680 4212 1760 4285 τῷ

194 4297 315 4369 ἱερῷ
352 4299 752 4371 γαζοφυλάκιον
796 4303 1239 4375 κατανοήσωμεν,
1267 4304 1406 4375 ὅπερ
1445 4303 1563 4357 ἐστὶ
1595 4304 1759 4369 τόπος

197 4390 526 4460 νομισμάτων
562 4392 645 4455 είς
675 4392 840 4463 τιμὴν
870 4389 1005 4445 Θεοῦ
1045 4392 1138 4446 καὶ
1169 4394 1478 4466 οἰκονομίαν
1508 4395 1756 4450 ἀναπαύ-

204 4493 321 4544 σεως
341 4482 587 4555 πενήτων
617 4483 1094 4555 προσφερομένων.
1125 4483 1207 4537 Τά
1220 4485 1278 4539 δὲ
1304 4485 1616 4556 νομίσματα
1635 4485 1758 4540 τίνα

206 4568 261 4621 ἂν
285 4572 362 4643 εἴη
391 4573 423 4645 ἢ
450 4575 498 4627 οί
518 4573 651 4627 θεῖοι
683 4573 832 4642 λόγοι
862 4573 959 4646 τὴν
996 4574 1179 4629 εἰκόνα
1199 4575 1292 4629 τοῦ
1337 4575 1570 4646 μεγάλου
1605 4574 1757 4645 βασι-

207 4657 322 4726 ~I-étn;
343 4664 784 4737 ὲντετυταυιμὲνην
821 4664 1053 4736 ἔχοντες,
1093 4667 1200 4721 ὑπὸ
1235 4666 1473 4738 δοκίμων
1496 4665 1757 4737 τραπεζι-

210 4753 301 4806 τῶν
345 4754 720 4828 θεωρούμενοι,
773 4757 881 4812 τῶν
924 4757 1177 4829 χωρίζειν
1217 4757 1599 4829 ἐπισταμένων
1645 4759 1756 4813 άπὸ

210 4843 297 4899 τῶν
322 4845 547 4918 δοκίμων
578 4847 650 4903 τὰ
674 4847 928 4919 ἀδόκιμα,
962 4847 1404 4921 προσποιούμενα
1427 4848 1485 4903 δὲ
1501 4845 1635 4904 εἶναι
1673 4850 1757 4904 δό-

1864 3129 1920 3177 et
1947 3121 2099 3176 multi
2131 3121 2332 3177 divites
2360 3123 2643 3177 mittebant
2679 3121 2885 3189 multa;
2914 3136 3037 3176 cum
3068 3121 3309 3177 venisset
3343 3134 3432 3174 an-

1865 3223 1971 3269 tem
2001 3215 2250 3283 qumdam
2277 3213 2439 3269 vidua
2471 3229 2697 3285 pauper,
2725 3212 2875 3269 misit
2908 3212 3111 3267 minuta
3140 3213 3269 3277 duo,
3294 3209 3438 3282 quod

1863 3315 1947 3361 est
1998 3306 2278 3375 quadrans
2323 3322 2339 3372 ;
2387 3307 2704 3377 vocatisque
2743 3307 2810 3361 ad
2857 3320 2918 3361 se
2955 3304 3124 3376 289
3161 3304 3443 3375 discipulis

1863 3401 1998 3466 suis,
2030 3398 2163 3454 dicit
2196 3398 2307 3455 illis
2335 3418 2351 3455 :
2387 3401 2556 3455 Amen
2588 3400 2709 3454 dico
2737 3399 2914 3467 vobis,
2956 3399 3085 3468 quia
3123 3396 3285 3451 vidua
3322 3396 3441 3451 haec

1863 3506 2067 3561 pauper
2095 3493 2216 3562 plus
2244 3491 2390 3547 misit
2421 3506 2584 3559 quam
2618 3504 2812 3545 omnes
2836 3489 2931 3560 qui
2957 3489 3225 3544 miserunt
3255 3488 3307 3542 in
3339 3500 3439 3555 ga—

1863 3581 2243 3653 zophylacium
2277 3603 2290 3639 :
2318 3597 2443 3637 nam
2495 3595 2690 3638 omnes
2724 3595 2790 3635 ex
2833 3595 2899 3636 eo
2927 3580 3071 3649 quod
3102 3578 3211 3632 illis
3239 3590 3436 3644 super-

1861 3684 2002 3739 erat,
2036 3676 2301 3730 miserunt
2325 3693 2340 3740 ;
2366 3684 2424 3729 at
2473 3676 2596 3729 haec
2627 3689 2658 3728 e
2690 3672 2915 3742 penuria
2945 3685 3042 3726 sua
3073 3669 3255 3724 omnia
3289 3684 3440 3739 quae-

1862 3782 2076 3837 cunque
2115 3765 2376 3831 habebat,
2405 3765 2578 3829 misit,
2612 3774 2777 3819 totam
2808 3761 3171 3818 substantiam
3199 3775 3376 3815 suam.
3414 3779 3435 3813 ι

1861 3858 2000 3926 Quid
2040 3867 2222 3913 autem
2263 3872 2365 3929 ego
2400 3854 2559 3911 velim
2600 3855 2898 3908 observans
2949 3851 3281 3907 additionem
3315 3866 3443 3905 vcr-

1861 3948 2079 4016 borum,
2109 3964 2306 4020 nempe
2336 3948 2481 4019 quod
2511 3944 2958 4018 gazophylacium
2989 3953 3108 3998 erat
3136 3942 3187 3997 in
3219 3941 3438 4013 templo,

1862 4054 1961 4109 pro
1992 4039 2348 4109 intelligentia
2386 4045 2683 4094 contextus
2720 4034 2970 4102 Joannis,
2998 4049 3107 4104 quo
3134 4034 3201 4089 de
3230 4035 3438 4104 agitur,

1855 4129 1967 4198 jam
1999 4129 2263 4184 dicemus.
2296 4129 2423 4185 Sive
2465 4127 2724 4199 templum
2763 4126 2880 4192 Dei,
2911 4135 2967 4182 et
2996 4141 3118 4195 qua:
3155 4126 3207 4180 in
3238 4125 3441 4194 templo

1861 4229 2008 4285 sunt,
2034 4233 2196 4273 sensu
2229 4218 2527 4287 anagogico
2552 4215 2899 4287 exponimus,
2931 4215 3048 4270 sive
3091 4213 3437 4284 spiritualem

1861 4322 2194 4375 sermonem,
2210 4307 2335 4363 huic
2356 4317 2760 4378 consequenter
2778 4304 3222 4378 gazophylacium
3246 4305 3438 4370 etiam,

1861 4401 2008 4470 quod
2045 4400 2098 4454 in
2136 4397 2336 4468 templo
2385 4408 2527 4463 erat,
2581 4399 2873 4470 diligenter
2921 4396 3436 4453 considerabimus:

1860 4490 2003 4558 quod
2036 4490 2253 4559 quidem
2303 4488 2750 4559 gazophylacium
2781 4487 2932 4542 locus
2961 4501 3082 4541 eum
3111 4486 3184 4538 sit
3226 4483 3437 4539 numis-

1863 4590 2095 4646 matum,
2129 4596 2250 4651 qum
2289 4580 2595 4636 umeruntur
2627 4581 2693 4635 ad
2725 4582 2986 4635 honorem
3017 4577 3110 4632 Dei
3144 4585 3198 4631 et
3231 4576 3300 4630 ad
3327 4573 3441 4629 dis-

1862 4673 2238 4741 pensationem
2272 4672 2477 4739 requiei
2506 4684 2830 4741 pauperum,
2861 4668 2991 4737 qnid
3019 4665 3164 4720 aliud
3186 4674 3314 4719 sunt
3337 4678 3440 4718 nu-

1863 4762 2118 4823 mismata
2144 4777 2305 4832 quam
2320 4761 2489 4815 divini
2512 4773 2792 4816 sermones
2814 4759 3104 4829 imaginem
3128 4760 3307 4824 magni
3332 4755 3438 4809 Bu-

1862 4850 1949 4923 gis
1981 4852 2302 4921 impressam
2329 4851 2614 4915 habentes,
2648 4849 2738 4918 qui
2771 4849 3196 4905 considerantur
3220 4863 3253 4903 a
3281 4860 3437 4902 men-

267 5032 474 5090 ηοω.
508 5051 556 5111 ι,
590 5037 677 5093 29.
756 5038 801 5070 "
823 5035 981 5092 Joan.
1010 5052 1129 5102 vni,
1155 5037 1242 5093 l9.
1320 5036 1519 5093 "ibid.
1551 5036 1641 5093 '20.
1716 5038 1760 5069 ⁷⁸
1785 5039 1916 5094 an.
1951 5051 2067 5102 tm,
2095 5036 2148 5102 l,
2183 5035 2220 5091 2
2264 5050 2382 5104 seq.
2457 5036 2505 5068 ⁷⁸
2545 5034 2710 5090 Marc.
2754 5051 2853 5101 xu,
2880 5034 2943 5090 Η
2971 5050 3086 5107 seq.

270 5193 367 5265 (l4)
396 5195 581 5252 Codex
610 5196 961 5265 Bodleianus,
991 5198 1284 5254 ἀκούσεται
1302 5217 1316 5230 ·
1354 5199 1578 5271 Regius,
1601 5199 1757 5255 ἀκού-

221 5278 276 5318 σει
302 5283 375 5331 τε,

267 5337 362 5415 ς15)
402 5335 544 5415 βαι.
588 5333 984 5415 λεᾼαᾼῇσςᾷαι.
1038 5337 1097 5392 In
1147 5339 1332 5395 codice
1383 5338 1553 5415 [legio
1600 5341 1752 5396 deest

216 5406 303 5469 xci,
323 5409 414 5477 sed
447 5407 642 5477 legitnr
679 5408 730 5461 in
759 5406 1072 5461 Bodleiano.

266 5476 363 5543 (I6)
396 5472 521 5548 βοῇ
539 5472 723 5545 εῖχεν.
754 5477 852 5530 Ὃν
893 5479 1100 5533 excidit
1135 5492 1166 5534 e
1212 5479 1399 5535 codice
1433 5479 1626 5548 Regio,
1655 5479 1751 5536 sed

213 5557 359 5599 exstat
393 5546 448 5599 in
480 5545 797 5600 Bodleiano.

264 5614 488 5684 (17)Καὶ
515 5613 637 5682 πᾶς
664 5616 902 5675 ἔϐαλλε.
934 5616 1024 5672 Sic
1046 5617 1244 5673 habent
1267 5617 1482 5673 codices
1505 5619 1750 5674 Bodleia-

216 5700 294 5740 nus
314 5694 367 5742 et
398 5686 751 5745 Barberinus.
787 5689 877 5744 ubi
912 5687 1115 5761 licgius
1149 5702 1433 5761 perperam
1464 5690 1628 5748 habet
1654 5690 1748 5745 καὶ

1865 5199 2036 5251 :ta‘sw
2093 5197 2304 5252 ἔϐαλλε.
2346 5196 2572 5268 Vulgata
2621 5196 2788 5253 Marci
2847 5195 3177 5267 exemplaria
3222 5194 3440 5261 Grteca,

1858 5267 1975 5340 πῷς
1996 5270 2044 5340 Δὁ
2066 5268 2221 5340 ὄχλος
2242 5267 2446 5339 βάλλει.

1896 5337 2014 5409 (l8)
2046 5332 2130 5390 Εϊ
2162 5332 2442 5409 τὸςίερόν,
2474 5347 2581 5392 etc.
2630 5337 2814 5409 Codex
2866 5335 3343 5409 Bodleianus,_stes
3377 5332 3443 5409 τὸ

1860 5405 2164 5479 ίε’ρόν,ειε.
2214 5405 2500 5479 Ferrarius
2527 5409 2746 5479 videtur
2786 5407 2980 5479 legisse
3031 5407 3141 5479 εἴτε
3185 5407 3253 5479 το
3296 5405 3441 5479 ἱερρν

1854 5475 2131 5548 ἀνάγομεν
2170 5477 2264 5548 τοῦ
2296 5477 2451 5548 Θεοῦ,
2486 5476 2581 5548 καὶ
2609 5475 2677 5529 τά
2724 5475 2862 5529 κατά
2894 5476 2984 5530 τὸν
3016 5476 3162 5540 ναὸν,
3200 5477 3308 5548 εἴτε
3346 5475 3441 5548 τον

1859 5545 2441 5618 πνευματικὺνῌλόγοῃ
2496 5546 2802 5618 Lugendum
2837 5548 3068 5618 fortasse
3098 5548 3145 5618 εί
3186 5545 3246 5598 τὸ
3268 5617 3271 5618 ν
3294 5545 3440 5618 ίερδν

1853 5611 2127 5689 ἀνάγομεν
2164 5615 2274 5689 τοῦ
2309 5611 2441 5689 θεοῦ
2492 5616 2583 5670 καὶ
2618 5614 2683 5669 τὰ
2735 5619 2875 5670 κατὰ
2922 5614 3007 5669 τὸν
3064 5615 3188 5671 ναὸν
3230 5617 3308 5679 εἰς
3346 5611 3440 5672 τὸν

1855 5685 2231 5757 πνευματικὸν
2263 5685 2439 5755 λόγον.
