3948 6206
174 181 315 239 541

1266 179 1621 239 (ΣΟΪνΙΜΕΝΤ.
1664 181 1729 236 IN
1767 180 1962 237 JOAN.
1998 180 2239 237 TOMUS
2274 180 2424 238 XIX.

3383 186 3489 240 ΜΞ

180 297 594 369 πράττουσιν,
644 298 727 352 ὅτι
786 297 962 350 πάντα
1002 296 1039 350 ἃ
1084 297 1363 367 δεδύνηται
1412 298 1731 369 πεποίηκεν,
1786 303 1794 350 ἡ

1925 313 2030 355 nou
2059 299 2293 354 debeant
2325 306 2519 354 contra
2558 310 2655 353 eos
2690 296 2783 366 Qui
2816 295 3022 364 judicio
3050 295 3329 353 hominum
3363 310 3491 357 sunt

176 391 449 454 bste;
492 391 555 443 οὐ
600 391 777 445 πάντα
821 386 931 455 οἷός
974 407 1031 445 τε
1069 386 1141 462 ἦν
1183 390 1531 445 ἀπαιτεῖσθαι
1565 391 1674 445 ἀπὸ
1720 390 1814 444 τοῦ

176 481 410 550 Λόγου
444 481 485 536 ἃ
510 482 845 537 ἀποδέδωκεν
894 481 1051 555 (24⁸).
1100 480 1413 550 ’Δνέϐλεψεν
1444 477 1537 534 οὖν
1571 483 1652 544 είς
1690 480 1827 543 τοὺς.

179 569 535 640 βάλλοντας
563 572 645 636 είς
668 572 729 625 τὸ
754 571 1148 641 γαζοφυλάκιον
1174 571 1244 626 τὰ
1263 570 1414 642 δῶρα
1444 569 1625 625 αὐτῶν
1642 570 1829 641 ςπλουπ

183 661 381 724 σίους
414 662 448 714 6
500 661 723 731 Ἰησοῦς
753 662 848 715 καὶ⁵
875 660 997 715 ἰδὼν
1029 662 1129 732 τὴν
1160 660 1425 733 πενιχρὰν
1456 662 1631 733 χήραν
1644 655 1819 716 λεπτὰ

182 749 509 821 βαλοῦσαν
548 750 659 822 (25)
692 750 817 815 δύο,
838 752 980 822 τάχα
1003 750 1082 821 τῷ
1109 751 1390 823 γνωστιμῷ
1431 751 1580 823 τόπῳ
1606 752 1701 805 καὶ
1735 751 1815 823 τῷ

178 841 530 913 πρακτικῷ
576 841 938 914 ἁπλούστερον
988 842 1258 913 περὶτῶν
1297 842 1454 897 θείων
1489 841 1809 915 φρονοῦσαν,

177 933 308 986 καὶ
345 932 621 1002 ἀνάλογον
644 933 857 996 τούτοις
902 930 1146 1002 βιοῦσαν,
1174 928 1346 986 εἶπεψ
1385 953 1406 985 ι
1454 933 1692 1003 ’Δληθῶς
1723 934 1811 988 λέ-

174 1043 292 1092 γω
333 1026 500 1097 ὑμῖν,
527 1026 610 1079 ὅτι
638 1026 671 1096 ἡ
703 1028 849 1098 χήρα
894 1030 927 1099 ἡ
981 1029 1169 1099 πτωχὴ
1201 1028 1338 1100 αὕτη
1383 1029 1566 1083 πλεῖον
1596 1027 1812 1082 πάντων

175 1114 408 1169 ἔεαλε.
456 1134 476 1167 ι
502 1115 611 1169 Καὶ
659 1116 818 1171 τοῦτο
854 1114 976 1173 εἶπε
1023 1118 1136 1188 (εδ)
1169 1118 1415 1192 καθορῶν
1450 1119 1574 1174 τίνα
1611 1118 1813 1185 τρόπον

179 1203 669 1259 πολλαπλασίονα
729 1205 1013 1276 δυνάμενοι
1065 1209 1252 1281 φέρειν
1303 1210 1383 1272 εἰς
1422 1209 1485 1263 τὸ
1524 1209 1723 1271 κοινὸν,
1760 1210 1811 1262 οι

176 1292 345 1348 ὅσον
382 1297 483 1350 ἐπὶ
508 1298 574 1366 τῇ
613 1296 839 1367 δυνάμει
877 1298 1122 1357 πλούσιοι
1156 1301 1221 1354 ὲκ
1254 1299 1350 1355 τοῦ
1392 1300 1813 1372 περισσεύοντος

180 1381 415 1446 αὐτοῖς
439 1382 627 1438 εόαλον
648 1385 730 1448 είς
758 1384 826 1439 τὰ
857 1385 1004 1459 δῶρα
1034 1386 1131 1442 τοῦ
1169 1387 1306 1442 Θεοῦ
1378 1388 1659 1460 ἐλάχιστον
1696 1388 1809 1459 (27)

190 1468 420 1541 μόριον
449 1468 525 1525 ὧν
551 1467 654 1526 οἷοί
681 1489 740 1526 τε
768 1469 909 1545 ἦσαν
932 1476 1331 1547 συνεισφέρειν.
1352 1477 1621 1532 Κατανόει
1638 1476 1695 1530 δὲ
1718 1476 1811 1530 καί⁵

190 1556 280 1610 τὰ
333 1558 445 1628 τῆς
482 1560 658 1631 χήρας
695 1562 1074 1635 ὑστερήματα,
1109 1565 1207 1618 καὶ
1236 1566 1318 1619 ὅτι
1347 1564 1650 1637 βιασαμένη
1676 1568 1807 1620 ἑαυ-

1921 393 2240 446 tenuiores:
2284 407 2389 447 non
2425 391 2570 446 enim
2610 399 2793 445 certus
2822 399 2903 444 est
2935 389 3128 454 ﬁdelis,
3165 391 3488 449 existimans

1916 499 1976 539 se
2003 484 2228 538 meliora
2263 493 2319 539 et
2358 484 2664 553 copiosiora
2696 481 2896 543 facere,
2928 480 3211 537 conferens
3248 498 3484 553 seipsum

1917 587 2041 639 cum
2073 574 2295 628 minima
2327 573 2636 643 agentibus,
2665 572 2812 641 quod
2837 571 3019 627 omnia
3043 584 3162 639 quae
3198 574 3371 641 potuit
3399 571 3484 628 fe-

1917 666 1995 731 cit
2015 667 2041 732 ';
2082 664 2166 719 vel
2196 666 2340 736 quod
2388 679 2486 735 per
2541 663 2888 727 Sermonem,
2927 672 2983 716 et
3022 660 3219 716 Filium
3254 663 3345 718 Dei
3380 680 3485 719 non

1914 764 2167 828 poterant
2190 757 2334 828 exigi
2366 757 2436 811 ab
2461 770 2527 811 eo
2557 756 2738 810 omnia
2769 769 2890 823 qua!
2937 753 3190 808 reddidit.
3231 752 3490 821 Respexit

1913 862 2045 921 ergo
2073 849 2141 904 ad
2170 863 2266 904 eos
2288 846 2484 902 divites
2499 845 2679 910 Jesus,
2707 845 2800 914 qui
2829 857 3174 917 munerasua
3199 843 3488 898 mittebant

1915 940 1969 993 in
2002 936 2442 1010 gazophylacium
2478 953 2493 990 :
2522 947 2576 992 et
2600 934 2830 990 intuitus
2848 930 3234 1002 pauperculam
3265 930 3484 985 viduam

1913 1028 2122 1082 minuta
2155 1029 2260 1083 duo
2294 1028 2598 1080 mittentem
2653 1022 2943 1092 (fortassis
2985 1021 3319 1090 cogitantem
3349 1022 3482 1072 sim-

1914 1118 2111 1187 plicius
2139 1118 2205 1173 de
2238 1104 2398 1171 rebus
2425 1113 2626 1168 divinis
2652 1108 3136 1180 contemplatione,
3162 1117 3216 1162 et
3244 1107 3480 1172 actione,

1912 1215 1969 1262 et
1995 1215 2395 1275 consequenter
2434 1205 2518 1260 his
2547 1203 2867 1271 viventem),
2904 1199 3045 1254 dixit
3088 1217 3100 1252 :
3146 1216 3167 1251 ι
3203 1197 3338 1253 Vere
3362 1198 3484 1253 dico

1912 1296 2071 1352 vobis
2104 1296 2324 1351 viduam
2378 1295 2519 1350 hanc
2571 1307 2866 1364 pauperem
2921 1289 3041 1360 plus
3087 1303 3247 1358 quam
3292 1303 3483 1344 omnes

1913 1385 2130 1441 misisse
2167 1386 2214 1418 ⁷⁸
2254 1404 2268 1439 :
2314 1404 2334 1437 ι
2362 1385 2507 1454 quod
2565 1384 2700 1437 dixit
2740 1382 3043 1451 despiciens
3085 1380 3481 1448 quodammodo

1911 1473 2131 1539 divites,
2168 1475 2258 1545 qui
2311 1474 2480 1527 multo
2529 1471 2836 1540 capiosiora
2895 1469 3038 1522 ferre
3090 1469 3144 1521 in
3188 1481 3479 1522 commune

1908 1562 2175 1629 valentes,
2228 1563 2372 1630 quod
2408 1563 2474 1616 ad
2505 1560 2806 1629 potentiam
2852 1560 3066 1625 attinet,
3106 1573 3173 1612 ex
3218 1572 3284 1613 eo
3330 1560 3475 1628 quod

189 1646 313 1719 τὴν
362 1649 545 1704 πάντα
583 1651 643 1705 ὃν
677 1647 824 1724 εἶχεν
868 1653 984 1724 βίον
1015 1655 1246 1726 ἠνεγκεν
1277 1657 1357 1719 εἰς
1397 1656 1457 1709 τὺ
1487 1657 1545 1709 ὲν
1565 1655 1643 1726 τῷ
1674 1655 1794 1727 ῖερῷ

1908 1652 2013 1707 illis
2042 1652 2401 1716 redundabat,
2452 1652 2742 1705 mittebant
2785 1651 2837 1704 in
2880 1663 3104 1705 munera
3136 1649 3229 1705 Dei
3263 1658 3472 1719 partem

196 1736 651 1805 γαζοφυλάκων,
680 1742 1062 1813 προσφέρουσα
1082 1744 1261 1797 πᾶσαν
1285 1742 1384 1813 τὴν
1416 1741 1641 1814 δύναμιν
1672 1744 1801 1796 ἐαυ-

188 1826 311 1896 τῆς
338 1826 426 1898 τῷ
442 1827 585 1900 Θεῷ.
622 1830 733 1883 Ἀεὶ
748 1832 925 1886 τοίνυν
944 1834 973 1886 6
1003 1831 1228 1903 Ἰησοῦς,
1257 1831 1396 1887 κατὰ
1429 1834 1525 1903 μὲν
1543 1833 1638 1887 τὸν
1666 1835 1803 1888 Δου-

196 1916 341 1980 κᾶν,
379 1918 703 1975 άναόλέπων
739 1923 820 1985 είς
842 1923 968 1986 τοὺς
988 1922 1276 1992 βάλλοντας
1299 1924 1378 1988 είς
1398 1923 1457 1977 τὸ
1490 1922 1801 1996 γαζοφυλά-

194 2019 335 2059 κιον
365 2007 654 2073 πλουσίους
682 2008 749 2063 τὰ
775 2009 921 2083 δῶρα
951 2010 1150 2077 αὐτῶν,
1174 2014 1277 2084 δρᾷ
1294 2012 1391 2068 καὶ
1418 2016 1517 2085 τὴν
1539 2016 1802 2088 πενιχρὰν

196 2093 398 2164 χήραν
438 2093 731 2165 βάλλουσαν
760 2096 932 2153 λεπτὰ
972 2098 1084 2152 δύω
1137 2099 1281 2153 κατὰ
1322 2100 1380 2153 δὲ
1410 2101 1503 2155 τὸν
1552 2102 1801 2174 Μάρκον,

197 2183 393 2248 ἑστὼς
432 2185 713 2241 κατέναντι
741 2186 835 2241 τοῦ
864 2188 1264 2260 γαζοφυλακίου
1300 2189 1496 2262 θεωρεῖ
1527 2191 1649 2247 τίνα
1678 2194 1803 2265 τρό-

200 2289 316 2327 πον
348 2276 464 2338 πᾶς
490 2275 658 2341 ὁλαδς
687 2277 869 2348 βάλλει
900 2280 1041 2335 κατὰ
1064 2280 1294 2353 δύναμιν
1334 2282 1426 2335 τὸν
1458 2282 1646 2355 νοητὸν
1673 2284 1802 2354 χαλε

199 2361 310 2417 κδν
361 2367 445 2429 είς
473 2365 538 2419 τὺ
586 2363 1006 2439 γαζοφυλάκιονο
1054 2371 1148 2425 καὶ
1176 2372 1253 2435 ὡς
1295 2371 1456 2442 μόνος
1502 2373 1799 2445 δυνάμενος

202 2452 440 2523 βλέπειν
496 2458 626 2523 τοὺς
678 2459 966 2524 πλουσίους
985 2500 1000 2526 ,
1052 2455 1190 2516 εἶδεν
1253 2456 1343 2517 οἷά
1406 2480 1535 2517 ποτε
1606 2466 1796 2539 πτωχὴ

198 2544 362 2617 ψυχὴ
419 2548 517 2602 καὶ
564 2549 933 2622 ὑστερουμένη
999 2550 1110 2624 (28)
1168 2552 1351 2624 βάλλει
1399 2554 1498 2628 ὅλῃ
1549 2555 1793 2629 δυνάμει,

203 2636 309 2688 καὶ
347 2636 439 2691 διὰ
478 2637 636 2693 τοῦτο
666 2640 778 2712 (29)
812 2640 1160 2715 δικαιουμένη
1207 2644 1358 2717 παρὰ
1400 2648 1526 2711 τοὺς
1569 2648 1796 2715 πολλοὺς

202 2726 526 2792 πλουσίους.
563 2730 740 2804 "Amp
768 2733 830 2786 οὐ
853 2736 967 2798 τοῖς
990 2735 1215 2807 τυχοῦσι
1245 2737 1413 2807 λέγει,
1442 2738 1554 2793 ἀλλ’
1574 2739 1650 2807 ὥς
1687 2760 1762 2815 φη

204 2831 300 2869 σιν
330 2817 360 2869 6
390 2818 636 2890 Μάρκος,
678 2823 790 2886 τοῖς
836 2823 1107 2895 μαθηταῖς
1138 2826 1338 2883 αὐτοῦ’
1372 2829 1469 2883 καὶ
1518 2830 1613 2885 νῦν
1661 2832 1792 2905 γὰρ,

722 2914 849 3022 τοὺς
881 2914 1128 3022 μαθητάς
1167 2918 1536 3022 αὐτοῦιλέγει
1566 2923 1749 2989 αὐτοῖς
1771 2966 1787 2991 ,
1815 2963 1857 3022 C

200 2995 484 3055 διδάσκων
522 3000 761 3071 βλέπειν,
797 3007 895 3076 οὐχ
927 3005 1004 3070 ὡς
1048 3008 1239 3079 ὄψεται
1291 3010 1618 3085 ἄνθρωπος,
1674 3016 1787 3071 ἀλλ’

204 3087 291 3153 ὡς
323 3088 510 3160 ὄψεται
538 3094 566 3145 6
588 3093 721 3158 Θεὸς
761 3094 1066 3168 (ἄνθρωπος
1121 3099 1229 3172 γὰρ
1277 3100 1468 3172 ὄψεται
1508 3105 1591 3170 είς
1626 3107 1793 3178 πρόσ-

217 3194 384 3244 ωπον,
405 3182 435 3234 6
457 3181 515 3235 δὲ
544 3182 675 3248 Θεὸς
699 3184 891 3254 δψεται
908 3188 987 3252 εἰς
1010 3189 1282 3261 καρδίαν),
1298 3192 1377 3246 τόο
1403 3211 1422 3244 ι
1446 3194 1615 3266 ’Δμὴν
1648 3196 1791 3265 λέγω

212 3267 368 3338 ὑμῖν,
402 3271 483 3324 ὅτι
516 3274 548 3343 ἠ
582 3275 725 3346 χήρα
746 3276 779 3346 ἡ
801 3277 991 3349 πτωχὴ
1016 3277 1154 3351 αὕτη
1185 3281 1366 3335 πλεῖον
1388 3283 1602 3338 πάντων
1630 3285 1788 3340 ἔϐαλε

212 3358 327 3412 τῶν
356 3359 652 3430 βαλλόντων
696 3367 777 3429 είς
807 3365 868 3421 τὸ
894 3367 1311 3437 γαζοφυλάκιον,
1342 3392 1361 3424 ι
1395 3374 1488 3427 καὶ
1531 3374 1600 3428 τὰ
1638 3375 1783 3448 ἑξῆς.

214 3450 283 3503 Τί
309 3450 368 3523 δή
398 3470 488 3522 μοι
517 3453 690 3510 ταῦτα
711 3457 884 3511 πάντα
914 3458 1180 3528 βούλεται,
1209 3464 1568 3534 προκειμένου
1596 3465 1789 3537 διηγή-

214 3541 409 3596 σασθαι
438 3543 520 3608 τὸ,
567 3564 586 3597 ι
636 3544 817 3600 Ταῦτα
869 3548 936 3601 τὰ
985 3552 1203 3622 ῥήματα
1234 3552 1270 3607 ἃ
1301 3554 1560 3627 ἐλάλησεν
1605 3558 1662 3609 ὲν
1707 3556 1787 3629 τῷ

214 3630 611 3707 γαζοφυλακίῳ,
646 3636 910 3693 διδάσκων
940 3643 997 3694 ὲν
1024 3642 1101 3714 τῷ
1132 3642 1279 3716 ἱερῷ,
1310 3660 1330 3694 ι
1358 3643 1392 3716 ἢ
1416 3647 1782 3717 παραστῆσαι,

215 3726 301 3778 ὅτι
325 3726 536 3783 πάντων
574 3732 1040 3803 συνεισφερόντων
1082 3732 1142 3785 ὲν
1168 3732 1248 3803 τῷ
1272 3733 1657 3807 γαζοφυλακίῳ
1686 3735 1781 3791 τοῦ

219 3815 362 3888 ἱεροῦ
404 3816 496 3870 τοῦ
540 3820 681 3893 ὑπὲρ
719 3821 815 3875 τοῦ
847 3820 1026 3877 κοινοῦ
1051 3820 1119 3875 τὰ
1149 3822 1413 3894 θρέψοντα
1449 3825 1574 3888 τοὺς
1596 3825 1785 3896 δεομέ-

1906 1743 2183 1797 minimam
2230 1757 2417 1797 eorum
2461 1755 2582 1810 qua:
2622 1740 2823 1796 inferre
2867 1748 3137 1810 poterant.
3176 1738 3472 1794 Considera

1902 1832 2063 1888 etiam
2093 1832 2266 1887 viduae
2296 1831 2574 1901 penurias,
2623 1839 2675 1884 et
2720 1830 2866 1900 quod
2899 1830 3006 1883 vim
3052 1830 3154 1885 sibi
3205 1829 3471 1896 inferens,

1902 1935 2117 1975 onmem
2149 1935 2312 1989 quam
2342 1919 2580 1974 habebat
2612 1919 2978 1975 substantiam
3017 1919 3205 1974 tulerit
3239 1920 3292 1973 in
3335 1930 3473 1975 tem-

1902 2010 2071 2081 plum,
2119 2010 2191 2064 in
2230 2009 2700 2081 gazOphylacium,
2750 2008 2984 2065 oderens
3023 2025 3238 2065 omnem
3284 2022 3471 2081 poten-

1906 2105 2031 2159 tiam
2054 2117 2204 2157 suam
2241 2102 2371 2157 Deo.
2397 2100 2627 2168 Semper
2655 2100 2819 2170 igitur
2852 2099 3032 2163 Jesus.
3056 2100 3214 2170 juxta
3244 2100 3469 2171 Lucam,

1904 2193 2206 2262 respiciens
2246 2192 2301 2245 in
2330 2191 2526 2247 divites
2569 2189 2849 2245 mittentes
2888 2205 3115 2246 munera
3154 2207 3252 2246 sua
3279 2193 3335 2248 in
3378 2209 3472 2262 ga-

1902 2283 2302 2356 zophylacium,
2329 2283 2474 2337 videt
2496 2282 2663 2336 etiam
2694 2281 3074 2352 pauperculam
3100 2283 3318 2338 viduam
3348 2284 3473 2337 mit-

1900 2386 2103 2432 tentem
2138 2375 2348 2430 minuta
2380 2373 2508 2428 duo.
2546 2369 2709 2426 Juxta
2743 2370 2980 2426 Marcum
3020 2386 3171 2437 vero,
3213 2388 3336 2428 cum
3384 2390 3472 2429 se-

1896 2467 2039 2524 derit
2063 2482 2129 2523 ex
2161 2467 2391 2522 adverso
2420 2463 2813 2536 gazophylacii,
2860 2463 3007 2519 videt
3043 2478 3279 2533 quonam
3309 2465 3470 2519 modo

1895 2559 2074 2614 omnis
2097 2556 2325 2629 populus
2349 2554 2511 2609 mittit
2533 2570 2631 2624 pro
2649 2553 2856 2608 viribus
2875 2554 2988 2608 suis
3008 2568 3083 2608 ass
3105 2554 3389 2619 spirituale
3411 2557 3466 2610 iu

1895 2650 2338 2722 gazophylacium
2366 2667 2379 2703 :
2408 2659 2484 2716 et,
2515 2657 2770 2716 tanquam
2799 2646 2892 2716 qui
2920 2644 3069 2701 solus
3091 2645 3277 2700 videre
3299 2648 3470 2715 possit

1896 2743 2114 2807 divites,
2162 2740 2307 2794 videt
2344 2753 2589 2809 quamam
2620 2737 2854 2803 ,taudem
2896 2736 3075 2790 mittat
3104 2735 3160 2789 in
3192 2735 3321 2790 illud
3367 2752 3465 2807 pro

1894 2831 2102 2886 viribus
2152 2830 2268 2884 suis
2317 2829 2482 2883 etiam
2535 2828 2713 2882 anima
2769 2824 3095 2896 paupercula
3145 2834 3201 2879 et
3243 2840 3464 2894 egena:

1897 2921 2054 2992 291
2098 2934 2218 2990 quae
2251 2918 2382 2988 quia
2413 2916 2555 2987 quod
2582 2924 2760 2994 potest
2789 2915 2975 2980 mittit,
3006 2929 3117 2984 pra:
3146 2913 3335 2970 multis
3381 2916 3463 2970 di-

1895 3014 2094 3068 vitibus
2133 3010 2469 3080 justiticatur
2499 3010 2685 3065 etiam.
2724 3006 2837 3062 Nec
2881 3006 2996 3062 hmc
3024 3007 3262 3078 loquitur
3304 3006 3466 3063 Jesus

1890 3104 2228 3174 vulgaribus,
2285 3104 2423 3167 sed,
2483 3099 2939 3170 quemadmodum
2991 3097 3208 3154 Marcus
3262 3099 3462 3170 inquit,

1888 3191 2172 3260 discipulis
2221 3191 2354 3246 suis.
2383 3187 2606 3244 Etenim
2643 3202 2788 3241 nunc
2835 3202 3152 3243 convocans
3193 3188 3260 3242 ad
3296 3204 3355 3244 se
3380 3189 3464 3245 di-

1888 3282 2124 3353 scipulos
2170 3296 2320 3349 suos,
2364 3279 2627 3347 dicitillis
2650 3278 2805 3344 illud,
2863 3280 3103 3334 edocens
3139 3292 3236 3333 eos
3267 3289 3327 3334 ut
3382 3280 3464 3334 vi-

1886 3375 2067 3441 deant,
2085 3389 2188 3428 non
2207 3372 2662 3444 quemadmodum
2690 3371 2877 3436 homo,
2892 3371 2986 3426 sed
3009 3371 3459 3439 quemadmodum

1884 3467 2034 3521 videt
2086 3466 2228 3521 Deus
2268 3466 2455 3539 (homo
2492 3463 2641 3519 enim
2670 3460 2819 3515 videt
2866 3465 2920 3516 in
2969 3460 3128 3524 facie.
3157 3461 3300 3515 Deus
3329 3477 3460 3516 vero

1883 3556 1938 3609 in
1959 3555 2121 3611 corde
2144 3555 2212 3625 ⁷⁸)
2241 3572 2256 3609 :
2283 3572 2305 3606 ι
2327 3554 2501 3609 Amen
2524 3554 2648 3608 dico
2675 3553 2828 3609 vobis
2854 3552 3070 3605 viduam
3100 3551 3242 3605 hanc
3259 3564 3460 3619 paupe-

1883 3659 2000 3700 rem
2026 3644 2148 3716 plus
2164 3645 2414 3700 omnibus
2437 3644 2671 3709 misisse,
2703 3642 2798 3712 qui
2821 3642 3086 3696 miserunt
3105 3643 3158 3695 in
3184 3642 3462 3712 gazophy-

1882 3735 2136 3801 lacium,»
2162 3744 2217 3789 et
2240 3750 2361 3803 qua:
2375 3743 2697 3803 sequuntur.
2715 3732 2821 3787 Sed
2834 3732 3330 3801 quidnam,qu:nso,
3353 3745 3458 3799 pu-

1883 3838 1966 3883 tas
1988 3843 2072 3883 me
2089 3826 2223 3882 velle
2239 3827 2342 3882 hoc.
2369 3825 2528 3896 longo
2549 3824 2868 3898 hyperbato,
2894 3839 3014 3878 cum
3033 3823 3366 3892 propositum
3384 3821 3455 3877 sit

220 3920 361 3969 νους,
397 3907 590 3977 μᾶλλον
643 3909 860 3965 πάντων
902 3911 1071 3983 ἐχρῆν
1111 3912 1203 3965 τὸν
1238 3913 1447 3984 Ἰησοῦν
1478 3914 1663 3986 φέρειν
1712 3915 1783 3970 τὰ

1901 3918 2011 3973 llud
2046 3918 2251 3973 dictum
2280 3931 2583 3986 exponere:
2607 3936 2626 3970 ι
2652 3917 2777 3972 llaec
2807 3915 2968 3970 verba
2993 3930 3112 3984 qua;
3137 3914 3346 3970 locutus
3370 3921 3455 3968 est

221 3995 596 4067 ὠφελήσαντα,
649 4000 793 4074 ἅπερ
843 3997 912 4074 ἦν
947 4003 1171 4074 ῥήματα
1214 4002 1360 4077 ζωῆς
1411 4006 1651 4072 αἰωνίου,
1685 4008 1780 4064 καὶ

1898 4010 2100 4067 lesusin
2118 4009 2501 4082 gazophylacio
2523 4009 2792 4065 docensin
2830 4006 3049 4078 templo,
3081 4025 3099 4059 ι
3132 4005 3236 4061 nisi
3266 3993 3454 4061 osten-

222 4082 521 4138 διδασκαλία
554 4088 587 4157 ἡ
614 4088 740 4160 περὶ
780 4089 936 4157 Θεοῦ,
962 4092 1058 4146 καὶ
1080 4092 1310 4160 ὲαυτοῦς
1344 4095 1454 4149 Καὶ
1486 4097 1685 4161 παντός
1714 4115 1778 4168 γε

1898 4102 2008 4158 lere
2038 4100 2182 4171 quod
2217 4100 2474 4157 omnibus
2523 4096 2882 4153 inferentibus
2905 4098 2958 4152 in
3002 4095 3448 4168 gazophylacium

226 4172 541 4264 νομίσματος
565 4179 992 4254 τιμαλφέστερον
1018 4178 1086 4255 ἦν
1113 4184 1193 4250 τὸ,
1221 4203 1240 4234 ι
1283 4184 1423 4253 Ἐγώ
1446 4188 1564 4257 είμι
1584 4187 1644 4240 τὸ
1664 4186 1778 4258 φῶς

1898 4193 2066 4263 ηθιιιριί
2117 4208 2237 4264 qua:
2287 4192 2343 4247 in
2390 4191 2666 4247 communi
2724 4190 2982 4245 alimento
3028 4187 3214 4243 futura
3265 4197 3450 4241 essent

226 4260 315 4316 τοῦ
344 4264 570 4336 κόσμου,
600 4286 621 4321 ι
673 4271 732 4323 ὲν
770 4271 849 4344 τῷ
885 4274 1264 4347 γαζοφυλακίῳ
1313 4277 1630 4349 εἰρημένον,
1680 4283 1775 4337 καὶ

1898 4260 2185 4353 :gentibus,
2216 4296 2440 4337 necesse
2476 4283 2548 4337 sit
2573 4280 2650 4334 uti
2675 4278 2833 4336 Jesus
2863 4278 3038 4349 magis
3068 4290 3232 4347 quam
3256 4287 3449 4328 omnes

226 4354 303 4445 τὸ,
336 4373 352 4406 ι
376 4357 432 4411 El
471 4359 573 4429 ἐμὲ
601 4361 801 4434 ᾔδειτε,
829 4366 924 4418 καὶ
952 4367 1042 4422 τὸν
1071 4368 1291 4440 Πατέρα
1312 4386 1413 4440 μου
1445 4368 1511 4425 ἂν
1540 4372 1772 4443 libens,»

1901 4373 2079 4428 nferat
2110 4389 2232 4445 qua:
2263 4372 2486 4429 utilitati
2514 4374 2624 4429 sint
2653 4371 2858 4436 futura,
2902 4383 3096 4437 nempe
3124 4365 3290 4422 verba
3322 4365 3448 4418 vita:

228 4444 316 4499 καὶ
341 4446 426 4500 ὅλα
454 4448 522 4503 τὰ
558 4451 700 4506 κατά
741 4453 832 4508 τὸν
870 4455 1052 4511 τόπον.
1089 4460 1201 4513 Καὶ
1233 4461 1263 4512 6
1290 4462 1397 4524 πᾶς
1428 4477 1492 4530 γε
1515 4462 1623 4518 τῶν
1660 4463 1772 4518 λοι-

1898 4475 2116 4535 sternar,
2165 4477 2220 4524 et
2268 4468 2533 4525 doctrina;
2584 4468 2652 4523 de
2681 4468 2815 4530 Deo,
2859 4474 2915 4519 et
2962 4463 3030 4519 de
3069 4476 3128 4515 se
3172 4457 3336 4529 ipso?
3366 4457 3445 4512 Ac

230 4536 336 4630 πων
364 4541 436 4603 εἰς
457 4540 524 4630 τὸ
554 4542 950 4614 γαζοφυλάκιον
986 4550 1257 4621 φερόντων
1307 4552 1343 4605 ἃ
1380 4547 1521 4623 εἶχον
1547 4554 1768 4625 χρυσὸς,

1898 4557 2205 4628 .plendidius
2256 4561 2498 4629 profecto
2530 4559 2723 4630 quovis
2752 4557 3081 4611 numismate
3112 4551 3245 4607 illud
3296 4559 3436 4613 erat,

227 4626 429 4698 ψάμμος
456 4626 521 4702 ὴν
547 4632 703 4705 ὀλίγη
732 4635 808 4699 ὡς
847 4633 984 4709 πρὸς
1006 4639 1075 4694 τὰ
1117 4640 1290 4711 Ἰησοῦ
1335 4643 1573 4713 ῥήματα·
1612 4646 1774 4714 σοφία

1903 4626 1916 4628 _
1939 4647 2050 4717 Ego
2077 4662 2195 4702 sum
2224 4626 2315 4702 lux
2339 4626 2610 4714 mundi“,
2648 4664 2668 4699 ι
2695 4646 2842 4715 quod
2888 4643 3090 4698 dictum
3121 4640 3221 4695 fuit
3259 4640 3312 4693 in
3342 4654 3441 4710 ga-

228 4720 327 4793 γὰρ
350 4717 410 4793 ἦν
432 4725 538 4788 πᾶς
570 4725 599 4777 6
629 4724 784 4794 λόγος
813 4728 1009 4782 αὐτοῦ·
1051 4749 1069 4781 ι
1102 4731 1218 4794 na;
1246 4730 1301 4783 δὲ
1331 4733 1531 4803 χρυσὸς
1562 4735 1619 4787 ἐν
1649 4734 1770 4806 ὄψει

1898 4720 2191 4805 :ophylacio
2219 4752 2233 4789 :
2271 4743 2325 4789 et
2361 4735 2490 4789 illud
2519 4750 2534 4789 :
2568 4751 2587 4786 ι
2630 4733 2690 4789 Si
2737 4749 2822 4788 me
2853 4732 3070 4788 sciretis
3092 4771 3109 4798 ,
3139 4740 3193 4785 et
3222 4728 3437 4784 Patrem

231 4811 401 4879 σοφίας
428 4812 651 4886 ψάμμος
678 4817 869 4890 ὀλίγη,
917 4820 1010 4874 καὶ
1055 4822 1131 4886 ὡς
1178 4823 1343 4892 πηλὸς
1385 4824 1766 4896 λογισθήσεται

1898 4843 2054 4881 neum
2088 4826 2303 4882 sciretis
2327 4827 2416 4890 '1;
2455 4846 2475 4880 ι
2513 4827 2608 4882 sed
2650 4836 2703 4883 et
2747 4826 2930 4881 omnia
2958 4839 3081 4894 quae
3101 4831 3228 4879 sunt
3259 4824 3313 4878 in
3350 4822 3441 4876 illo

230 4899 440 4991 άργυρος
464 4905 703 4962 ἐναντίον
726 4909 917 4980 αὐτῆς.
961 4930 979 4962 ι
1008 4913 1119 4965 Καὶ
1147 4912 1320 4968 ταῦτά
1340 4931 1402 4983 γε
1428 4916 1614 4984 σαφῶς
1645 4936 1768 4991 νοη-

1872 4918 1994 4971 loco
2018 4917 2323 4989 [splendida
2353 4916 2527 4990 sunt.]
2558 4917 2736 4988 Atque
2768 4931 2959 4974 aurum
2991 4929 3124 4971 sane
3157 4929 3318 4969 omne
3335 4927 3439 4966 cae-

231 4988 427 5060 θήσεται
478 5000 591 5060 τοῖς
639 5000 958 5056 κατακούειν
992 5003 1334 5076 μεμαθηκόσι
1376 5006 1479 5077 τῆς
1533 5012 1646 5073 τοῖς
1681 4988 1766 5065 τε-

1879 5020 2116 5065 terorum
2150 5011 2241 5080 qui
2291 5010 2343 5065 in
2404 5010 2792 5082 gazOphylacio
2831 5008 3079 5066 ferebant
3111 5020 3232 5077 quas
3268 5001 3441 5059 habe-

328 5129 510 5189 "Luc.
540 5150 652 5205 xxI,
688 5139 742 5195 5.
819 5138 909 5193 "l
941 5141 1074 5212 Reg.
1099 5158 1211 5208 xvi,
1240 5144 1292 5197 7.
1389 5143 1436 5177 '°
1466 5145 1624 5204 Joan.
1650 5165 1767 5219 vm,
1799 5151 1886 5206 12.
1981 5146 2025 5179 ⁸¹
2054 5145 2183 5204 ibid.
2212 5145 2299 5202 l9.

297 5242 414 5315 (εισ)
438 5247 496 5300 Ἀ
529 5249 926 5305 ἀποδέδωκεν.
959 5249 1053 5307 Sic
1076 5262 1220 5307 recte
1246 5253 1410 5309 habet
1430 5258 1600 5315 codex
1619 5260 1755 5316 Bod-

237 5312 428 5386 leiauus,
457 5316 654 5386 Regius
678 5334 805 5383 vero
835 5322 969 5376 rivale
1001 5323 1184 5377 omisit
1210 5324 1264 5378 ἃ.

237 5378 591 5508 Μέὲξὶοῦοάέκ
622 5378 965 5455 Bodleianus,
1013 5390 1301 5462 βαλοῦσαν,
1352 5394 1575 5467 Regius.
1622 5397 1752 5469 βάλ-

407 5524 584 5601 ςούθκ
617 5525 955 5601 _B_odleianus,
996 5525 1137 5601 εἷπε,
1162 5532 1383 5601 Regius,
1416 5535 1604 5589 εἰπών.

301 5592 581 5665 (27)Codex
617 5596 959 5665 Bodleianus,
1010 5592 1310 5672 ὲλάχιστόν,
1358 5592 1575 5675 Regius,
1625 5606 1748 5659 ελα-

1861 5259 2045 5400 ﬁmi
2086 5328 2259 5400 Codd.
2304 5329 2634 5384 Bai-bcrinus
2682 5340 2734 5382 ct
2783 5328 3131 5400 Bodleinuus,
3165 5324 3279 5400 oid_
3297 5342 3431 5400 ποτε

1859 5392 2046 5470 πτωχὴ
2067 5398 2211 5469 ψυχὴ
2236 5400 2330 5452 καὶ
2365 5399 2754 5470 ύλστερουμένη.
2792 5401 2845 5454 ltt
2894 5398 3061 5467 Regio
3094 5413 3191 5468 pro
3221 5392 3313 5453 οἷα
3353 5397 3430 5453 le~

1859 5415 2046 5470 πτωχη
2067 5415 2211 5469 ψύχη
2236 5415 2330 5452 και
2365 5415 2490 5451 υστε

1859 5472 2001 5537 gitur
2030 5472 2099 5524 εί.
2128 5482 2176 5538 ut
2204 5472 2353 5538 deest
2376 5415 2558 5538 ψυχῖὶ

1930 5539 2041 5623 (ευ)
2067 5537 2175 5589 Καὶ
2217 5537 2314 5590 διὰ
2356 5537 2548 5592 τοῦτο.
2585 5537 2640 5593 In
2670 5540 2852 5594 rudicc
2886 5538 3055 5609 Regio
3085 5538 3430 5596 desideratur

1858 5624 1968 5659 και.
