3878 6210
478 164 591 221 5-15

1888 165 2211 223 ORIGENIS
3582 179 3669 236 5M

476 285 797 348 bant,arena
815 293 932 338 erat
959 298 1127 353 pauca
1155 266 1557 352 comparatione
1574 286 1859 341 verborum
1892 286 2042 344 Jesu.

2149 289 2309 353 λείοις
2332 287 2664 362 λαλουμένης
2691 290 2882 359 σοφίας
2928 289 2988 343 ἐν
3028 288 3315 361 μυστηρίῳ
3362 289 3666 367 ἀτωκεκρυμρ

478 373 762 442 Sapientia
816 375 1086 443 siquidem
1115 384 1233 427 erat
1258 376 1437 444 quiilis
1462 377 1580 444 ejus
1612 392 1815 441 sermo,
1846 378 1913 434 de
1935 393 2042 448 qua

478 465 676 519 dicitur
710 466 805 519 ":
862 484 881 517 ι
935 463 1108 520 Οιιιιιε
1164 481 1356 520 aurum
1408 482 1592 522 coram
1647 470 1911 540 Sapientia
1960 478 2047 526 est

479 567 648 624 pauca
681 569 875 619 arena;
928 564 985 610 et
1013 570 1111 610 ceu
1141 570 1358 611 omnum
1387 559 1729 627 reputabitur
1756 571 2044 630 argentum

479 659 660 697 coram
691 659 752 698 ea
783 661 798 699 :
839 663 858 696 ι
892 655 945 700 ει
977 647 1091 702 hare
1117 658 1268 703 certe
1296 650 1744 717 COItSidel‘nbllttl,
1783 663 2044 722 quotquot

476 735 652 790 edocti
683 744 811 790 sunt
839 738 1026 791 audire
1063 739 1388 808 sapientiam
1422 740 1569 795 illam
1604 758 1725 812 quae
1753 745 2047 799 annuntia-

472 836 561 880 tur
587 825 728 880 inter
767 826 1059 896 perfectos,
1096 830 1148 883 in
1178 832 1438 900 mysterio
1468 833 1862 899 absconditam,
1882 850 2042 904 quam

482 916 832 986 praedestinat
867 920 1008 975 Deus
1039 931 1167 976 ante
1196 922 1392 976 sazcnla
1425 926 1491 977 ad
1514 924 1787 994 justorum
1823 942 2043 981 suorum

478 1008 705 1077 gloriam
742 1010 807 1064 ⁸⁸.
839 1011 1271 1068 Considerabunt
1305 1016 1419 1070 haec
1449 1017 1610 1070 etiam
1640 1018 1730 1087 qui
1777 1019 2046 1089 dispicere

480 1100 660 1154 valent
710 1102 1034 1170 sapientiam
1090 1105 1184 1160 Dei
1237 1107 1398 1180 longe
1447 1111 1890 1166 excellentiorem
1946 1127 2037 1167 sa-

480 1190 679 1257 pientia
715 1191 873 1260 hujus
900 1194 1103 1260 stnculi,
1130 1197 1211 1250 vel
1243 1199 1544 1269 principum
1587 1201 1772 1256 saeculi
1802 1201 1959 1268 hujus
1974 1201 2042 1268 “,

478 1285 570 1353 qui
603 1287 978 1354 destruuntur,
1011 1305 1110 1345 ceu
1143 1292 1236 1361 qui
1282 1302 1507 1348 utantur
1537 1295 1772 1364 propriis
1815 1297 2047 1367 prophe-

480 1378 570 1443 tis,
600 1387 655 1432 et
687 1387 946 1435 tueantur
971 1381 1378 1454 qualescunque
1407 1399 1707 1453 sermones,
1739 1387 1874 1442 alios
1908 1403 2047 1458 pra:-

478 1474 561 1522 ter
598 1469 882 1524 veritatem
918 1489 932 1526 :
966 1488 1090 1527 nam
1122 1485 1332 1529 caetera
1364 1478 1649 1547 sapientiae
1676 1516 1693 1542 ,
1726 1493 1848 1548 quae
1878 1478 2043 1533 veluti

477 1574 669 1613 aurum
696 1570 1031 1630 reputantur,
1054 1580 1218 1619 arena
1248 1577 1374 1620 sunt
1401 1583 1566 1637 parva
1605 1582 1795 1624 coram
1833 1571 2045 1640 sapien-

479 1651 574 1715 tia,
601 1665 762 1719 quam
796 1655 1009 1709 creavit
1049 1656 1186 1712 Deus
1221 1658 1550 1728 principium
1579 1660 1791 1714 viarum
1823 1675 2042 1715 suarum

477 1742 546 1794 ad
592 1756 757 1812 opera
797 1757 895 1799 sua
945 1746 1023 1813 ⁸⁸;
1065 1756 1462 1819 argentumque
1506 1749 1788 1820 splendida
1824 1760 1881 1806 et
1929 1750 2044 1807 elo-

476 1849 651 1900 quens
677 1835 967 1891 multorum
993 1840 1169 1894 oratio
1194 1855 1293 1895 ceu
1327 1855 1544 1896 cteuum
1588 1844 1927 1912 reputabitur
1954 1858 2046 1899 co-

478 1939 595 1978 ram
634 1926 803 1981 castis
841 1929 1181 1983 sermonibus
1214 1929 1451 1997 Domini,
1484 1932 1574 2001 qui
1610 1932 1764 2002 igniti
1792 1943 1940 1997 sunt,
1990 1945 2047 1991 et

474 2014 712 2084 purgati,
764 2024 821 2070 et
870 2015 1081 2086 probati
1130 2019 1434 2088 septuplum
1481 2021 1547 2089 ⁸⁸,
1587 2023 1714 2093 quia
1763 2038 2047 2093 processe-

477 2114 603 2159 runt
649 2106 718 2160 ab
752 2106 845 2161 illo
893 2107 1156 2164 Sermone
1191 2110 1282 2180 qui
1328 2121 1447 2166 erat
1478 2114 1534 2168 in
1585 2115 1854 2186 principio
1907 2115 2046 2184 apud

476 2195 643 2249 Demn
677 2197 745 2252 ⁸⁷.
798 2197 1066 2255 Caeterum
1101 2203 1410 2258 testimonia
1441 2218 1508 2260 ex
1558 2205 1697 2261 libro
1724 2212 1815 2277 qui
1854 2208 2050 2263 inscri-

476 2289 623 2341 bitur
645 2287 683 2344 S
703 2289 943 2359 ipientia,
971 2292 1107 2348 alias
1134 2296 1506 2364 apposuimus,
1534 2308 1592 2351 ut
1617 2298 1924 2354 videremus
1939 2300 2046 2353 vim

475 2378 604 2436 dicti
641 2381 827 2438 illius:
865 2400 885 2435 ι
927 2384 1048 2439 llaec
1069 2386 1229 2440 verba
1260 2401 1381 2455 quae
1419 2387 1631 2444 locutus
1656 2397 1737 2443 est
1760 2389 1921 2459 292
1959 2388 2050 2445 Je-

476 2485 567 2525 sus
598 2471 650 2525 in
687 2473 1074 2544 gazophylacio
1103 2475 1304 2531 docens
1335 2477 1388 2530 in
1443 2477 1644 2547 templo
1664 2478 1711 2511 ⁸⁸
1742 2495 1760 2534 :
1801 2498 1820 2532 ι
1855 2482 2048 2534 obser-

475 2573 635 2615 vetur
675 2563 820 2616 enim
851 2564 1121 2632 expositio
1167 2564 1235 2620 de
1283 2567 1632 2637 pauperibus,
1679 2569 1856 2640 deque
1889 2570 2046 2625 vidua

479 2653 827 2723 paupercula,
860 2664 914 2708 ut
956 2654 1226 2724 explicata
1250 2667 1365 2722 eat,
1399 2666 1454 2712 et
1475 2658 1521 2713 si
1554 2659 1676 2730 quis
1703 2660 1943 2715 imitator
1964 2669 2050 2716 est

474 2743 702 2811 Christi,
736 2744 920 2798 veniat
950 2744 1016 2800 ad
1042 2746 1298 2816 templum
1339 2748 1457 2815 Dei,
1485 2749 1625 2818 quod
1655 2761 1836 2806 mente
1864 2752 2046 2808 cerni-

476 2842 585 2899 tur,
620 2841 674 2887 et
711 2847 817 2887 non
851 2843 932 2889 est
970 2835 1023 2890 in
1055 2835 1195 2904 loco,
1239 2848 1420 2893 mente
1456 2838 1561 2893 iter
1584 2837 1810 2906 faciens,
1846 2850 1901 2895 et
1959 2855 2048 2895 se-

474 2896 648 2994 quens
685 2925 963 2997 spiritum,
991 2942 1022 2982 a
1053 2942 1160 2998 quo
1180 2896 1357 2983 'manu
1387 2930 1509 2986 duci
1542 2931 1658 3002 ipse
1683 2933 1750 2987 ad
1786 2896 2042 3002 templum

2150 2896 2376 2985 πλοῦτον
2413 2896 2694 2995 ἀνατεθεὶς
2740 2896 2819 3001 τῶ
2863 2896 3019 3001 Θε-ᾧί
3063 2896 3272 2999 ίιτϊσέῦς
3310 2928 3406 2981 καὶ
3445 2927 3503 2980 οὐ
3543 2925 3695 2980 πάντα

2152 3018 2189 3074 ἃ
2226 3015 2339 3091 εἶχε
2388 3021 2608 3093 ῥήματα
2648 3021 2910 3093 ἐλάλησεν
2954 3023 3013 3075 ἐν
3049 3019 3129 3091 τῷ
3166 3016 3551 3090 γαζοφυλακίῳ
3574 3016 3698 3071 διδά-

479 3018 653 3086 ipsum
690 3028 870 3088 potest
896 3036 911 3085 ;
942 3018 1241 3090 aﬂ‘eratque
1266 3022 1490 3091 probata
1523 3025 1872 3088 numismata,
1898 3037 2049 3079 nem-

476 3124 545 3179 pe
576 3112 736 3166 verba
772 3111 896 3166 vitae
925 3119 1149 3167 aeterna:
1176 3112 1243 3167 ad
1286 3114 1753 3185 gazophylacium,
1797 3123 1851 3170 et
1881 3129 2048 3185 Opera

479 3201 854 3271 hujuscemodi
884 3204 1065 3258 verbis
1092 3221 1350 3261 consona.
1388 3209 1565 3276 Atque
1605 3209 1809 3261 utinam
1853 3207 2051 3279 aliquis

478 3304 726 3349 nostrum
759 3310 864 3349 non
914 3295 988 3350 sit
1021 3295 1107 3348 illa
1142 3311 1348 3366 pauper
1379 3313 1556 3369 neque
1588 3299 1676 3353 illa
1711 3300 1895 3365 vidua,
1930 3315 2050 3368 qua:

479 3386 624 3441 lcrre
667 3385 786 3454 plus
823 3385 896 3439 nil
949 3385 1091 3440 valet
1139 3387 1350 3443 duobus
1390 3390 1636 3454 minutis,
1673 3404 1848 3459 neque
1899 3390 2049 3446 dives

477 3474 709 3531 afferetts
735 3490 799 3531 ex
827 3489 892 3530 eo
919 3475 1037 3531 solo
1064 3477 1208 3545 quod
1252 3477 1540 3543 redundat,
1573 3479 1668 3533 sed
1697 3494 1885 3534 omnes
1913 3481 2051 3536 divi-

477 3568 581 3621 tias
620 3567 727 3622 Deo
750 3567 980 3622 dedicet.
1007 3566 1276 3623 Caeterum
1310 3584 1418 3624 non
1452 3569 1637 3624 omnia
1664 3585 1787 3641 qua:
1816 3570 2050 3626 habebat

478 3658 646 3713 verba
694 3658 908 3715 locutus
952 3667 1040 3734 est
1080 3656 1237 3716 Jesus
1280 3658 1332 3714 in
1364 3659 1755 3731 gazophylacie
1804 3660 2045 3728 docens,

475 3750 572 3806 sed
602 3759 681 3807 tot
709 3760 840 3820 quot
863 3750 1109 3821 capiebat
1132 3749 1575 3821 gazophylacium
1602 3766 1618 3818 ;
1648 3766 1773 3806 nam
1810 3766 1878 3807 ne
1895 3767 2050 3805 mun~

480 3848 606 3898 dum
642 3844 861 3911 quidem
899 3844 1074 3912 ipsum
1105 3852 1275 3898 totum
1307 3844 1549 3899 arbitror
1569 3858 1766 3913 capere
1799 3842 1896 3898 Dei
1928 3858 2051 3899 ver-

480 3936 611 3989 bum
630 3933 696 3989 ”.
728 3936 979 3988 Attamen
1007 3943 1087 3989 tot
1115 3936 1277 3990 verba
1312 3936 1364 3989 in
1383 3935 1771 4007 gaZOphylacio
1796 3936 2047 4006 loquens,

479 4034 535 4081 et
573 4027 775 4080 docens
788 4025 945 4082 .lcsus
975 4026 1028 4079 in
1046 4027 1268 4096 templo,
1299 4029 1538 4083 nondum
1569 4029 1635 4083 ab
1663 4026 1772 4083 ullo
1804 4036 2046 4093 tenetur;

480 4119 645 4171 verba
676 4131 911 4186 namque
955 4117 1124 4186 ipsius
1174 4117 1401 4173 fortiora
1434 4129 1590 4173 erant
1638 4119 1815 4188 ipsum
1852 4133 2050 4187 appre-

483 4209 722 4265 hendere
766 4208 1075 4264 volentibus
1123 4226 1139 4267 :
1183 4219 1239 4264 et
1287 4218 1437 4264 certe
1483 4211 1725 4280 quandin
1780 4210 2039 4280 loquitur,

2149 380 2350 451 μένης,
2392 381 2461 453 ἢν
2492 381 2793 455 προώρισεν
2822 384 2850 435 6
2907 380 3042 444 Θεὸς
3096 381 3203 453 πρὸ
3237 380 3345 434 τῶν
3384 380 3575 439 ultimm
3605 389 3665 453 tl;

2144 471 2244 544 τὴν
2272 472 2384 527 τῶν
2421 472 2645 527 δικαίων
2675 471 2840 527 αὐτοῦ
2877 462 3068 539 δόξαν,
3131 473 3229 527 καὶ
3274 471 3568 543 δυναμένοις
3600 478 3663 530 ἐν-

2143 566 2276 636 ορᾷν
2309 565 2583 638 ὑπεροχὴν
2616 566 2808 635 σοφίας
2854 565 2991 620 Θεοῦ
3040 566 3193 637 παρὰ
3244 565 3345 635 τὴν
3399 566 3571 636 σοφίαν
3592 568 3663 625 τοῦ

2145 654 2341 719 αίῶνος
2370 655 2582 723 τούτου,
2617 656 2651 728 ἢ
2684 655 2793 710 τῶν
2812 656 3089 729 ἀρχόντων
3119 653 3217 708 τοῦ
3255 654 3448 719 αἰῶνος
3472 654 3628 712 τούτω
3648 700 3661 725 ,

2142 743 2251 797 τῶν
2281 744 2749 816 καταργουμένων
2766 747 2929 799 οἱονεὶ
2954 746 3261 818 προφήταις
3311 744 3458 810 ίδίοις
3492 749 3658 819 χρωμέ-
3686 760 3697 765 '

2147 851 2275 897 νων,
2326 836 2435 890 τῶν
2481 836 2879 913 όποιωνδήποτε
2919 836 3092 905 λόγων
3145 836 3351 908 ἐτέρων
3408 837 3549 908 παρὰ
3590 839 3659 911 τήν

2145 922 2400 994 ἀλήθειαν
2427 916 2857 997 προϊσταμένων·
2886 924 3111 995 ψάμμος
3137 925 3249 996 γὰρ
3273 925 3431 995 ὀλίγη
3451 929 3503 979 αἱ
3522 927 3661 983 λοιπαὶ

2148 1015 2352 1083 σοφίαι,
2387 1014 2588 1086 χρυσὸς
2619 1008 2759 1071 εἶναι
2787 1015 3162 1087 νομιζόμεναι,
3187 1016 3246 1068 ὲν
3276 1014 3398 1085 ὕψει
3428 1016 3593 1085 σοφίας
3611 1018 3664 1088 ἢν

2145 1104 2358 1159 ἔκτισεν
2388 1107 2417 1159 ό
2436 1107 2570 1170 Θεὸς
2585 1107 2759 1179 ἀρχὴν
2780 1108 2898 1161 ὁδὸν
2931 1107 3052 1180 (sic)
3075 1106 3241 1162 αὐτοῦ
3264 1109 3344 1171 είς
3363 1106 3496 1178 ἔργα
3519 1109 3662 1162 αὐτοῦ’

2145 1195 2241 1249 καὶ
2285 1195 2521 1268 ἄργυρος
2573 1198 2603 1249 ό
2644 1195 2754 1250 τῶν
2787 1195 2998 1250 πολλῶν
3049 1195 3304 1267 λαμπρὸς
3355 1196 3450 1248 καὶ
3488 1195 3669 1260 πιθανὸς

2145 1285 2301 1355 λόγος
2326 1287 2401 1349 ὡς
2433 1286 2602 1357 πηλὸς
2624 1286 3023 1359 λογισθήσεται,
3051 1286 3161 1341 τῶν
3188 1286 3374 1357 ἁγνῶν
3390 1286 3568 1355 λογίων
3582 1288 3670 1359 (30)

2146 1378 2355 1450 Κυρίου
2406 1378 2516 1432 τῶν
2571 1378 2984 1449 πεπυρωμένων
3055 1376 3152 1431 καὶ
3234 1375 3673 1447 κεκαθαρισμένων

2147 1467 2569 1533 ἐπταπλασίως,
2616 1468 2711 1522 καὶ
2766 1460 3034 1539 δοκίμων,
3094 1467 3191 1522 an
3238 1467 3675 1539 προσεληλυθότων

2146 1561 2255 1616 ἀπὸ
2283 1560 2379 1615 τοῦ
2411 1563 2471 1614 ἐν
2499 1561 2640 1632 ἀρχῇ
2680 1560 2819 1633 πρὸς
2862 1560 2954 1614 τὸν
2997 1561 3131 1615 Θεὸν
3175 1559 3374 1630 Λόγου.
3402 1559 3480 1613 Τὰ
3510 1559 3559 1613 δὲ
3585 1558 3679 1613 ἀπὸ

2147 1653 2247 1723 τῆς
2283 1651 2769 1724 ἐπιγεγραμμένης
2803 1651 3002 1720 Σοφίας
3046 1651 3223 1717 ἄλλως
3261 1651 3589 1722 παρεθέμεθα
3610 1653 3679 1715 εἰς

2145 1742 2208 1795 τὸ
2238 1741 2471 1795 συνιδεῖν
2507 1740 2606 1812 τὴν
2634 1739 2862 1811 δύναμιν
2897 1740 3021 1794 τοῦ·
3068 1759 3088 1792 ι
3122 1740 3308 1794 Ταῦτα
3330 1741 3402 1794 τὰ
3439 1739 3681 1811 ρήματαδ

2147 1831 2407 1903 ἐλάλησεν
2453 1832 2510 1884 ἐν
2568 1830 2646 1902 τῷ
2700 1829 3083 1901 γαζοφυλακίῳ
3132 1829 3401 1883 διδάσκων
3436 1831 3466 1883 6
3506 1828 3682 1898 Ἰησοῦς

2149 1924 2260 1995 (51)
2294 1924 2354 1976 ἐν
2377 1922 2457 1994 τῷ
2488 1922 2639 1995 ἱερῷο
2672 1941 2691 1975 ι
2728 1921 3000 1994 τηρείσθω
3038 1919 3147 1991 γὰρ
3172 1922 3207 1991 ή
3238 1921 3369 1992 περὶ⁵
3399 1919 3503 1973 τῶν
3542 1919 3681 1972 πλον·

2152 2016 2281 2070 σίων
2314 2016 2407 2069 κα)⁵
2437 2016 2537 2087 τῆς
2582 2016 2845 2087 πενιχρᾶς
2882 2015 3057 2087 χήρας
3092 2013 3377 2085 διήγησις,
3419 2012 3493 2077 ὡς
3518 2011 3682 2066 ἀποδέ-

2146 2108 2316 2172 δοται,
2340 2108 2435 2162 καὶ⁸
2457 2108 2510 2161 εῑ
2526 2107 2611 2171 τίς
2632 2106 2694 2176 γε
2713 2107 2824 2177 (52)
2847 2106 3089 2178 μιμητής
3115 2106 3230 2159 ἐστι
3252 2103 3505 2177 Χριστοῦ,
3531 2104 3685 2174 ἡκέτω

2148 2201 2242 2254 ἐπὶ
2271 2200 2333 2254 τὸ
2359 2200 2435 2272 μή
2456 2201 2514 2253 ἐν
2538 2186 2689 2270 τόπῳ
2714 2200 2903 2273 νοητὸν
2932 2200 3076 2272 ἱερὸν
3107 2197 3200 2253 τοῦ
3229 2197 3387 2262 Θεοῦ,
3419 2197 3604 2251 ὁδεύων
3621 2195 3688 2266 τῷ

2147 2290 2244 2361 νῷ,
2274 2292 2369 2345 καὶ
2391 2289 2698 2365 ἀκολουθῶν
2729 2288 2807 2361 τῷ
2831 2289 3098 2360 πνεύματι
3124 2287 3530 2362 χειραγωγῆσαι
3550 2286 3689 2341 αὑτὸν

2148 2383 2234 2434 ἐπ’
2264 2382 2397 2435 αὐτὸ
2435 2380 2743 2452 δυναμένῳο
2781 2382 2875 2435 καὶ
2908 2380 3119 2452 φερέτω
3146 2381 3343 2451 δόκιμα
3366 2380 3653 2450 νομίσματα
3673 2416 3688 2440 ,

2149 2473 2368 2545 ῥήματα
2403 2471 2548 2544 ζωῆς
2586 2473 2828 2541 αίωνίου,
2881 2473 2976 2527 ἐπὶ
3024 2472 3086 2526 τὸ
3132 2469 3559 2542 γαζοφυλάκιον,
3610 2470 3690 2524 καὶ

2148 2563 2284 2634 ἔργα
2335 2562 2603 2618 ἀκόλουθα
2654 2566 2767 2628 τοῖς
2809 2563 3070 2627 τοιούτοις
3122 2563 3382 2633 ῥήμασιν.
3430 2560 3560 2614 Ἀλλ’
3594 2559 3691 2613 είθι

2153 2632 2292 2727 μήτε
2339 2653 2577 2735 πενιχρά.
2599 2672 2685 2719 τις
2717 2654 2896 2727 ήμῶν,
2952 2655 3087 2727 μήτε
3116 2632 3260 2727 χήρα
3288 2652 3377 2725 εἴη
3402 2652 3580 2724 φέρειν
3604 2668 3692 2722 μη·

2146 2744 2235 2799 δὲν
2270 2745 2452 2799 πλεῖον
2493 2745 2768 2817 δυναμένη
2812 2745 2909 2800 δύο
2938 2744 3172 2808 λεπτῶν,
3209 2746 3347 2817 μήτε
3374 2743 3615 2808 πλούσιος
3641 2745 3694 2795 ἐκ

2151 2839 2314 2909 μόνου
2364 2838 2460 2893 τοῦ
2510 2828 2949 2911 περισσεύματος
2995 2838 3209 2909 φέρων,
3244 2836 3382 2891 ἀλλὰ
3415 2835 3587 2889 πάντα
3617 2834 3693 2887 τὸν

2154 3127 2329 3176 σκων,
2366 3110 2503 3164 ἀλλὰ
2533 3111 2770 3166 τοσαῦτα
2798 3112 2899 3166 ὅσα
2939 3109 3136 3183 ἐχώρει
3185 3110 3247 3164 τὸ
3284 3109 3695 3178 γαζοφυλάκων·

2150 3203 2271 3258 ούδέ
2296 3204 2406 3276 γὰρ
2435 3204 2596 3258 αὐτόν
2623 3221 2687 3283 γε
2720 3200 2874 3277 οἶμαι
2897 3205 3096 3276 χωρεῖν
3118 3202 3210 3255 τὸν
3233 3202 3439 3272 κόσμον
3474 3201 3568 3256 τὸν
3598 3200 3695 3255 ὅλον
3810 3214 3811 3283 ξ

2148 3295 2244 3350 τοῦ
2295 3295 2431 3349 Θεοῦ
2480 3295 2655 3366 λόγον.
2692 3297 2880 3367 Ὅμως
2927 3295 2983 3348 δέ
3024 3295 3257 3349 τοσαῦτα
3283 3297 3503 3366 ῥήματα
3542 3296 3594 3348 ἐν
3632 3290 3696 3362 τῷ

2150 3386 2536 3459 γαζοφυλακίῳ
2571 3380 2746 3441 λαλῶν
2786 3387 2880 3441 καὶ
2924 3386 3192 3440 διδάσκων
3228 3387 3258 3438 6
3309 3385 3522 3456 Ἰησοῦς
3557 3386 3608 3437 ἐν
3631 3382 3693 3453 τῷ

2153 3477 2317 3549 ίερῷ,
2356 3479 2448 3532 ὑπ’
2482 3474 2695 3543 οὐδενὸς
2720 3476 3001 3550 ἐκρατεῖτό
3039 3493 3157 3530 πον
3208 3475 3303 3530 καὶ⁵
3339 3476 3510 3530 αὑτοῦ
3542 3475 3635 3547 γὰρ
3654 3475 3693 3526 οἱ

2149 3566 2295 3636 λόγοι
2324 3568 2659 3640 ἰσχυρότεροι
2684 3566 2977 3638 ἐτύγχανον
2996 3566 3104 3620 τῶν
3130 3567 3321 3621 πιάσαι
3351 3567 3518 3621 αὐτὸν
3544 3565 3693 3620 eam.
3810 3596 3811 3613 ;

2148 3676 2255 3713 των
2279 3676 2294 3691 ο
2320 3659 2415 3713 καὶ
2464 3660 2588 3712 ὅσον
2623 3675 2689 3727 γε
2728 3658 2898 3727 λέγει,
2935 3655 3186 3712 τοσοῦτον
3211 3657 3320 3729 (55)
3350 3657 3529 3723 οὐδεὶς
3561 3655 3695 3711 αὐτὸν
3810 3660 3811 3723 ξ

2151 3745 2346 3800 πιάσαι
2370 3745 2478 3800 τῶν
2501 3746 2957 3801 ἐπιϐουλευόντων
2997 3746 3147 3817 αὐτῷ
3184 3745 3408 3801 δύναται
3437 3746 3546 3819 (34)
3562 3764 3577 3778 ο
3599 3743 3693 3799 ἀλλ’
3810 3764 3811 3767 ‘

2150 3836 2246 3891 ἐὰν
2272 3839 2556 3910 σιωπήσῃ,
2600 3838 2723 3892 τότε
2776 3841 3077 3910 κρατεῖται·
3121 3839 3271 3904 ὅθεν,
3311 3839 3438 3892 ἐπεὶ
3481 3838 3695 3892 ἐϐούλετο
3810 3852 3811 3887 ι

2151 3931 2291 4003 ὑπὲρ
2324 3930 2418 3984 τοῦ
2444 3931 2651 4002 κόσμου
2680 3931 2895 3995 παθεῖν,
2926 3929 3315 4000 ἐξεταζόμενος
3355 3931 3467 3985 ὑπὸ
3498 3930 3584 3985 τοῦ
3616 3929 3693 3983 Πιο

2149 4019 2343 4085 λάτου,
2395 4020 2489 4073 καὶ
2523 4018 2952 4090 μαστιγούμενος
2982 4020 3189 4091 σιωπᾷ·
3233 4021 3282 4072 εί
3327 4020 3439 4093 γὰρ
3480 4017 3693 4086 ὲλελαλή-
3810 4008 3811 4053 Ῡ

2150 4127 2258 4177 κει,
2290 4111 2391 4164 οὐκ
2422 4110 2502 4165 ἔτι
2536 4111 2745 4181 ἐγίνετο
2769 4109 2917 4181 αὐτῷ
2952 4110 3013 4163 τὸ
3053 4109 3436 4181 ἐσταυρῶσθαι
3484 4111 3536 4178 ἐξ
3562 4108 3693 4163 ἀσθε-

2151 4203 2317 4267 νείας·
2352 4204 2582 4276 ἐπείπερ
2615 4203 2717 4257 οὐκ
2747 4202 2893 4256 ἔστιν
2932 4200 3183 4258 ἀσθένεια
3226 4205 3286 4257 ἐν
3333 4201 3419 4270 οἷς
3478 4209 3506 4260 6
3552 4204 3692 4271 Λόγος

484 4299 673 4355 tandiu
702 4313 858 4352 nemo
890 4298 965 4352 illi
994 4298 1220 4355 insidias
1264 4300 1594 4355 struentium
1634 4300 2046 4369 apprehendere

2149 4294 2329 4348 λαλεῖ’
2376 4294 2490 4349 δντι
2533 4296 2592 4349 δὲ
2630 4294 2781 4368 αύτῷ
2813 4299 2870 4351 ἐν
2901 4295 2980 4367 τῷ
3008 4296 3391 4369 γαζοφυλακίῳ
3438 4298 3633 4353 οὐδέπω
3664 4294 3692 4362 ἡ
3810 4314 3811 4317 ‘

480 4409 606 4451 eum
654 4391 995 4459 valent;sed
1025 4392 1072 4447 si
1125 4392 1397 4457 tacuerit,
1445 4401 1576 4449 tunc
1627 4400 1871 4459 tenetur;
1905 4393 2048 4447 unde

487 4484 859 4555 interrogatus
889 4498 918 4537 a
948 4481 1120 4537 Pilato
1149 4490 1205 4538 et
1238 4480 1562 4552 llagellatus,
1596 4482 1738 4553 quod
1769 4482 1931 4538 vellet
1953 4497 2050 4552 pro

481 4575 682 4631 mundo
711 4576 862 4647 pati,
919 4583 1063 4631 tacet
1086 4575 1173 4642 '°;
1212 4574 1452 4643 alioquin
1483 4575 1532 4630 si
1590 4575 1803 4630 locutus
1839 4573 2049 4641 luisset,

481 4684 589 4723 non
616 4667 1012 4738 cruciﬁgendns
1049 4683 1116 4724 ex
1166 4667 1503 4733 inﬁrmitate,
1546 4668 1806 4738 quoniam
1832 4682 1937 4722 non
1965 4675 2051 4721 est

484 4757 772 4813 inﬁrmitas
803 4759 855 4812 in
903 4758 990 4813 his
1020 4774 1140 4828 qua:
1171 4760 1365 4815 Sermo
1402 4757 1573 4814 Filius
1606 4758 1704 4814 Dei
1753 4758 1994 4828 loquitur
2028 4773 2043 4810 :

480 4863 715 4919 cumque
739 4849 1033 4904 exsisteret
1063 4850 1116 4903 in
1167 4848 1579 4921 gazophylacio,
1614 4849 1846 4903 nondum
1876 4847 2047 4902 iusta-

552 4964 598 4994 “
632 4963 757 5033 Sap.
810 4981 902 5030 vn,
954 4964 1008 5018 9.
1100 4965 1148 4997 ⁸³
1179 4965 1346 5020 lCor.
1382 4980 1443 5029 ιι,
1477 4964 1532 5027 6,
1563 4966 1618 5019 7.
1708 4965 1754 4997 “
1802 4965 1935 5018 ibid.
1990 4962 2043 5017 6.

2153 4385 2271 4457 ὥρα
2297 4387 2596 4457 ἐνειστήκει
2632 4385 2727 4439 τοῦ
2756 4386 3052 4457 πιασθῆναι
3088 4386 3252 4441 αὑτὸν
3271 4427 3286 4452 ,
3312 4387 3430 4442 ἀλλ’
3457 4388 3566 4442 οὐδὲ
3598 4386 3691 4438 ὄντι

2155 4479 2213 4530 ἐν
2237 4475 2314 4548 τῷ
2343 4475 2473 4549 ἱερῷ
2498 4477 2608 4549 (55)
2624 4496 2639 4510 ο
2662 4477 2997 4551 χειμάρρουν
3020 4478 3078 4533 δέ
3101 4496 3221 4533 τινα
3257 4480 3431 4551 ἐχρῆν
3473 4477 3598 4535 εἶναι
3618 4476 3691 4529 τὸν

2156 4568 2340 4633 τόπον,
2372 4567 2499 4621 ἔνθα
2531 4566 2781 4621 ἐϐούλετο
2803 4568 3094 4639 πιασθῆναι
3130 4573 3160 4624 6
3196 4572 3437 4644 Ἰησοῦς,
3477 4570 3562 4623 καὶ
3595 4564 3692 4619 ἐδύ-

2156 4676 2305 4713 νατο.
2340 4656 2503 4711 Ἀλλὰ
2540 4658 2637 4712 καὶ
2682 4659 2872 4731 καιρὸν
2921 4659 3015 4714 τοῦ
3060 4662 3381 4733 κρατεῖσθαι
3421 4661 3571 4717 αὐτὸν
3608 4655 3690 4710 οὐκ

2156 4750 2262 4804 ἔδει
2302 4750 2561 4823 ήμερινόν
2580 4769 2594 4782 ·
2628 4769 2647 4802 ι
2688 4751 2748 4804 '0
2768 4750 2877 4820 γὰρ
2918 4751 3117 4816 Ἰούδας
3144 4752 3324 4807 λαϐὼν
3352 4755 3455 4827 τήν
3475 4752 3686 4821 σπεῖραν,

2156 4842 2253 4897 καὶ
2303 4844 2369 4896 ἐκ
2407 4842 2515 4896 τῶν
2561 4841 2859 4912 ἀρχιερέων
2907 4843 3001 4896 καὶ
3038 4843 3347 4915 Φαρισαίων
3401 4840 3684 4915 ὑπηρέτας,

2163 4961 2209 4995 ⁸⁸
2235 4961 2394 5018 Prov.
2446 4974 2565 5026 ml,
2609 4958 2699 5013 ἥ.
2794 4959 2841 4992 ⁸⁸
2868 4958 3012 5016 Psal.
3058 4975 3135 5027 st,
3189 4958 3242 5013 7.
3317 4959 3362 4992 ⁸⁷
3403 4960 3548 5016 Joatt.
3584 4948 3681 5017 ιβ.

480 5032 528 5066 ⁸⁸
557 5032 715 5090 Joau.
742 5049 857 5102 vm,
886 5034 976 5089 at).
1072 5034 1118 5066 ⁸⁹
1142 5032 1298 5089 Joau.
1332 5050 1444 5102 ut,
1474 5034 1564 5090 25.
1654 5034 1701 5066 ⁹⁰
1727 5033 1884 5090 Juan.
1915 5034 2085 5099 εικῆ,
2113 5033 2200 5089 ll.

556 5148 668 5220 (50)
702 5147 824 5204 Τῶν
850 5146 1319 5220 ἁγνῶν-λογίων.
1361 5147 1582 5219 Snpple,
1613 5151 1671 5202 ἐν
1710 5149 1855 5219 ὄψει,
1910 5147 2053 5220 quod

506 5218 735 5273 met-edit
761 5236 776 5285 ;
804 5220 856 5272 id
885 5219 1017 5272 vidit
1052 5218 1357 5273 Ferrarius.
1390 5218 1798 5288 Adimarginem
1848 5219 2053 5273 codicis

487 5235 766 5342 llarberini
790 5304 856 5342 ex
886 5288 1200 5342 coniectura
1231 5289 1444 5342 legitur.
1483 5290 1576 5342 ἐπὶ
1603 5288 1713 5342 τῶν
1738 5287 1918 5342 ἁγνῶν
1965 5287 2053 5341 λο-

510 5290 766 5359 larberiui
790 5304 856 5343 ex
886 5288 1200 5356 conjectura
1231 5289 1444 5359 legitur,
1483 5290 1576 5342 ἐπὶ
1603 5287 1713 5342 τῶν
1738 5287 1918 5357 ἁγνῶν
1965 5287 2054 5341 λο-

486 5358 671 5500 ﬁgi)
711 5425 1051 5500 'o_'1ncr_oﬁq.
1086 5427 1243 5484 Deest
1280 5429 1333 5483 in
1375 5428 1566 5487 codice
1601 5427 1793 5500 Regio,
1826 5428 1920 5485 sed
1972 5428 2052 5484 le-

488 5495 635 5562 gitur
662 5496 712 5548 in
748 5496 1056 5551 Bodleiano.

560 5562 671 5635 (52)
705 5564 887 5620 Codex
941 5564 1281 5638 Bodleianus,
1318 5569 1409 5624 καὶ
1441 5569 1495 5624 εἴ
1532 5571 1614 5637 τίς
1673 5585 1768 5641 γε·
1831 5566 2047 5640 Rusius.

2160 5147 2281 5202 ἐπεί
2310 5147 2395 5209 τίς
2423 5164 2507 5216 γε.

2231 5217 2342 5299 (ὂβ)
2371 5204 2695 5299 ξῖὸαοᾷτον.
2723 5214 2884 5272 Deest
2911 5213 2965 5269 in
2986 5213 3171 5270 codice
3200 5211 3391 5285 Regio,
3411 5209 3500 5267 sed
3544 5204 3683 5260 habe-

2162 5297 2251 5341 tur
2284 5288 2335 5338 in
2370 5287 2680 5341 Dmlleiano.

2237 5355 2348 5426 (δι)
2376 5355 2648 5426 Δύναται.
2684 5354 3030 5409 Desideratur
3071 5353 3124 5408 in
3152 5353 3341 5410 codice
3387 5349 3559 5420 Regio.
3601 5337 3683 5397 sed

2164 5426 2444 5509 “ﬁeri”
2482 5425 2839 5509 υεράιειωεοκ
2961 5494 2975 5509 .
3086 5494 3123 5509 ..
3433 5470 3648 5509 ξε

2215 5485 2355 5617 ῗῦῖἑὶ
2380 5496 2506 5552 Post
2531 5496 2587 5547 ὲν
2607 5494 2683 5568 τῷ
2720 5492 2850 5566 ἱερῷ
2880 5494 3047 5551 codex
3085 5493 3407 5551 Bodleianus
3433 5485 3580 5545 habet
3601 5485 3689 5524 5°“

2160 5582 2295 5621 πιασ
2330 5582 2473 5637 ηναι.
