3948 6206
152 345 272 402 515
1189 350 1543 406 (ΣΟΜΜΕΝΤ.
1585 351 1648 406 ΙΝ
1687 351 1728 408 ,14

1833 353 1878 408 1.
1923 352 2164 409 TOMUS
2213 352 2353 408 XIX.
3306 353 3411 410 516

147 467 390 535 ἔρχεται
422 462 539 515 ἐκεῖ
569 459 706 533 μετὰ
735 460 936 530 φανῶν,
956 461 1050 515 καὶ
1069 461 1388 532 λαμπάδων.
1401 465 1493 517 καὶ
1507 465 1728 520 artium:

1854 467 1940 520 hat
1974 467 2105 520 hora
2139 482 2246 535 qua
2278 465 2707 534 prehenderetur
2736 483 2751 532 ;
2784 468 2874 521 sed
2917 484 3092 538 neque
3123 470 3411 537 oportebat

149 556 305 626 Περὶ
347 555 406 607 δὲ
437 553 554 617 τοῦ,
591 573 608 606 ι
643 553 808 605 Οὔπω
853 553 1110 623 ἐλήλυθεν
1145 553 1208 622 (f.
1239 555 1506 627 ἐληλύθει)
1544 559 1578 629 ἡ
1625 557 1728 628 ὦρο

1849 573 1972 613 eum
2010 558 2270 626 prehendi
2305 560 2357 611 in
2395 560 2594 626 templo
2626 576 2641 616 :
2677 571 2971 614 torrentem
3014 577 3134 616 esse
3182 574 3409 615 necesse

147 645 357 709 αὑτοῦ,
378 664 396 696 I
425 646 483 699 ὲν
509 648 619 708 τοῖς
644 645 899 716 ἀνωτέρω
941 644 1030 697 διὰ
1069 643 1330 698 πλειόνων
1369 646 1728 719 διειλήφαμενη

1849 659 1969 703 erat
1995 649 2194 714 locum,
2227 649 2317 702 ubi
2351 649 2558 703 volebat
2587 649 2742 704 Jesus
2767 651 3049 720 prehendi,
3081 661 3134 705 et
3181 652 3269 703 ubi
3316 667 3410 718 po-

143 729 242 800 οἷς
283 736 469 806 χρήσῃ
519 734 610 787 καὶ
641 735 720 796 εἰς
749 732 818 786 τὰ
850 733 1111 803 παρόντα.
1490 815 1492 817 γ

1853 749 1992 794 terat
2019 743 2302 809 prehendi.
2347 743 2486 809 Quin
2519 743 2681 796 etiam
2731 755 2943 813 tempus
2976 757 3082 812 quo
3120 743 3411 811 capiendus

146 839 313 897 erat,
341 829 564 883 minime
611 829 864 882 diurnum
903 841 1024 882 esse
1055 829 1340 898 oportebat
1374 846 1388 881 :
1427 847 1445 880 ι
1490 826 1622 883 Nam
1653 827 1823 887 Judas
1868 849 1989 888 cum
2023 837 2322 905 accepisset
2369 837 2673 901 cohortem,
2705 846 2758 891 et
2793 852 2822 889 a
2853 838 3186 906 principibus
3235 851 3414 891 sacer-

159 923 362 976 dotum
409 936 474 976 ac
528 919 822 976 Pbarisreis
880 921 1180 987 ministros,
1231 922 1375 976 venit
1425 922 1548 978 illuc
1601 940 1722 978 cum
1777 925 2022 994 laternis,
2066 937 2120 983 et
2162 929 2392 994 facibus,
2438 945 2500 984 ac
2542 932 2710 986 armis
2738 933 2804 986 ".
2840 956 2859 984 ι
2897 932 3162 986 Caeterum
3209 931 3274 986 de
3313 931 3414 986 boe

146 1014 335 1077 dicto,
366 1032 384 1064 ι
420 1012 667 1066 Nondum
706 1021 934 1070 venerat
973 1013 1105 1070 hera
1167 1012 1284 1082 ejus
1305 1015 1384 1078 ",
1423 1033 1442 1065 ι
1491 1016 1545 1068 in
1609 1016 1982 1084 superioribus
2040 1021 2398 1077 disseruimus
2448 1022 2692 1091 pluribus
2747 1023 2944 1091 verbis,
2998 1026 3195 1094 quibus
3247 1024 3410 1079 etiam

146 1105 214 1160 in
245 1105 538 1173 przesentia
571 1105 764 1160 uteris.

228 1207 293 1260 '5.
334 1225 353 1258 ι
381 1201 545 1258 Εἶπεν
592 1201 688 1258 οῦν
732 1203 892 1259 πάλιν
939 1204 1152 1268 αὐτοῖς·
1201 1203 1344 1273 Ἐγὼ
1387 1204 1604 1273 ὑπάγω,
1648 1204 1745 1258 καὶ

143 1295 430 1368 ζητήσετέ
458 1314 524 1366 με
544 1336 558 1359 ,
588 1296 685 1350 καὶ
711 1297 768 1349 ἐν
792 1299 856 1367 τῇ
884 1296 1126 1367 ἁμαρτία
1159 1295 1310 1367 ὑμῶν
1344 1296 1706 1349 ἀποθανεῖσθε
1727 1313 1740 1328 ο

142 1387 300 1439 ὅπου
339 1385 449 1455 ἐγὼ
490 1387 718 1454 ὑπάγω,
764 1387 919 1456 ὑμεῖς
963 1387 1024 1440 οὐ
1067 1386 1295 1441 δύνασθε
1339 1386 1533 1440 ἐλθεῖν.
1565 1406 1584 1438 ι
1635 1387 1728 1440 Ka'

1842 1399 2001 1463 vado,
2028 1413 2125 1453 vos
2154 1414 2261 1453 non
2295 1400 2521 1468 potestis
2551 1401 2739 1454 venire
2770 1401 2836 1454 ’³.
2870 1419 2889 1451 ι
2927 1401 2991 1454 Ει
3023 1402 3135 1457 haec
3164 1400 3218 1455 in
3248 1417 3409 1472 gazo-

141 1475 340 1530 ταῦτα
382 1479 439 1529 ὲν
471 1475 549 1546 τῷ
589 1475 976 1547 γαζοφυλακίῳ
1019 1478 1078 1530 ὲν
1120 1475 1198 1547 τῷ
1232 1476 1381 1548 ἱερῷ,
1435 1477 1728 1548 προστιθεὶς

1842 1490 2116 1562 pbylacio,
2151 1492 2204 1546 in
2242 1493 2442 1562 templo
2473 1508 2595 1547 cum
2637 1493 2969 1560 loqueretur,
2999 1495 3206 1548 addidit
3249 1511 3411 1565 supe-

146 1569 282 1628 τοῖς
329 1567 614 1636 προτέροις
657 1567 717 1620 οὐ
780 1566 940 1637 μόνον
991 1565 1167 1618 ταῦτα
1191 1605 1206 1630 ,
1264 1565 1401 1620 ἀλλά
1443 1567 1534 1619 καὶ
1577 1567 1728 1637 ἕτερα

1843 1582 2113 1636 rioribus:
2153 1598 2252 1637 nec
2292 1583 2462 1636 solum
2492 1584 2630 1648 haec,
2668 1585 2762 1637 sed
2808 1584 2910 1636 alia
2942 1585 3108 1639 multo
3136 1585 3287 1654 plura
3319 1603 3408 1641 us-

1913 1204 1970 1258 5.
2008 1221 2027 1256 ι
2065 1203 2272 1258 Rursus
2299 1217 2430 1274 ergo
2464 1204 2603 1259 dixit
2643 1202 2750 1259 illis
2781 1221 2795 1256 :
2824 1205 2933 1272 Ego
2982 1205 3146 1270 vado,
3180 1213 3234 1259 et
3263 1220 3410 1273 qum—

1843 1296 1976 1351 retis
2010 1311 2120 1358 me,
2150 1304 2206 1350 et
2235 1296 2287 1349 in
2322 1307 2546 1364 peccato
2573 1306 2752 1351 vestro
2788 1296 3089 1350 moriemini
3122 1313 3136 1355 ;
3174 1312 3280 1366 quo
3302 1313 3404 1366 ego

149 1658 388 1710 πλείονα
438 1658 548 1728 (56)
590 1657 694 1722 ἕως
739 1657 866 1712 τοῦ·
927 1675 945 1708 ι
985 1656 1158 1728 Ἀμὴν
1201 1657 1343 1727 λέγω
1390 1659 1518 1728 ὑμῖν
1541 1699 1556 1724 ,
1607 1661 1736 1730 πρὶν

166 1748 426 1820 Ἀϐραὰμ
450 1748 701 1816 γενέσθαι
729 1791 742 1812 ,
780 1746 890 1815 ἐγώ
923 1750 1057 1817 εἰμι.
1089 1767 1107 1799 I
1142 1749 1294 1800 Μετὰ
1326 1748 1382 1800 δὲ
1418 1747 1604 1801 τοῦτον
1644 1747 1734 1800 τόν

149 1834 317 1901 λόγον
341 1833 592 1905 ἀράντων
621 1833 821 1896 λίθους,
857 1834 944 1888 ἴνα
972 1834 1260 1888 λιθάσωσιν
1292 1835 1474 1900 αὑτὸν,
1528 1836 1734 1907 Ἰησοῦς

150 1924 391 1994 ἐκρύϐη,
425 1925 518 1977 καὶ
545 1923 765 1993 ἐξῆλθεν
798 1925 863 1977 ὲκ
899 1923 991 1977 τοῦ
1023 1923 1166 1994 ἱεροῦ
1185 1941 1197 1954 ·
1224 1925 1311 1977 ὅτε
1341 1925 1603 1997 παράγων
1625 1921 1730 1979 εἶδε

147 2016 248 2068 τὸν
288 2017 402 2068 ἀπὸ
434 2016 664 2085 γενετῆς
699 2015 914 2084 τυφλὸν,
966 2017 1093 2086 περὶ
1137 2009 1198 2069 οὗ
1253 2015 1547 2086 εἰσόμεθα,
1596 2017 1730 2070 Θεοῦ

145 2105 417 2169 διδόντος,
448 2106 725 2176 γενόμενοι
755 2105 893 2158 κατά
921 2104 1010 2156 τὸν
1047 2104 1229 2157 τόπον.
1260 2105 1422 2172 Λέγει
1457 2106 1514 2158 δὲ
1537 2105 1731 2169 ταῦτα,

145 2197 245 2249 ἵνα
291 2195 354 2249 τὸ
407 2197 795 2266 ἐπιφερόμενον
843 2195 1102 2266 γένηται,
1153 2214 1170 2247 ι
1206 2195 1390 2248 Ταῦτα
1420 2197 1529 2268 γάρ
1567 2197 1732 2251 αὑτοῦ

145 2286 447 2348 λαλοῦντος
500 2285 824 2339 ἐπίστευσαν
861 2287 942 2348 είς
986 2285 1150 2338 αὑτὸν
1174 2326 1189 2351 ,
1231 2304 1249 2336 ι
1309 2287 1470 2340 οἱονεὶ
1504 2287 1734 2359 πένητες

150 2376 271 2446 (57)
306 2375 588 2446 ἐρχόμενοι
623 2376 718 2430 ἐπὶ
751 2377 812 2429 τὸ
846 2376 1268 2446 γαζοφυλάκιον,
1305 2377 1371 2430 ἵν’
1399 2379 1606 2431 ἐκεῖθεν
1640 2378 1734 2432 λά-

151 2468 328 2520 ϐωσιν
372 2467 408 2521 ἃ.
447 2467 543 2521 ἐὰν
576 2467 859 2534 δύνωνται,
891 2469 986 2521 καὶ
1030 2467 1066 2522 ἃ
1120 2469 1213 2522 ὲάν
1255 2468 1482 2540 μερισθῇ
1528 2469 1729 2533 αὐτοῖς.

157 2577 176 2608 ι
213 2557 408 2610 Πολλοὶ
467 2559 566 2629 μὲν
594 2555 688 2611 οὖν
725 2558 1048 2611 ἐπίστευσαν
1091 2560 1170 2623 εἰς
1203 2560 1387 2624 αὑτὸν,
1423 2579 1442 2612 ι
1492 2560 1552 2612 ού
1600 2561 1731 2614 πολ-

150 2649 243 2703 λοὶ¹
275 2649 334 2702 δὲ
384 2649 628 2718 ἔγνωσαν
660 2649 842 2703 αὐτόν’
893 2649 1017 2702 ἐπεὶ
1051 2648 1155 2702 τῶν
1183 2651 1621 2705 πεπιστευκότων
1651 2655 1731 2716 εἰς

149 2743 325 2797 αὑτὸν
353 2743 402 2796 oi
435 2742 686 2813 μένοντες
715 2745 772 2795 ἐν
804 2741 880 2812 τῷ
911 2741 1056 2812 λόγῳ
1097 2742 1282 2808 αὐτοῦ,
1319 2743 1535 2815 ἀληθῶς
1587 2745 1732 2814 γινό-

151 2853 316 2904 μενοι
348 2834 589 2907 μαθηταὶ
621 2833 808 2898 αὑτοῦ,
843 2833 1140 2902 γνώσονται
1167 2835 1266 2904 τὴν
1296 2835 1550 2907 ἀλήθειαν
1570 2855 1582 2866 ο
1613 2838 1732 2908 οὒχί

147 2926 217 2980 δὲ
242 2931 294 2979 οἱ
328 2926 511 2978 πολλοὶ
549 2924 657 2978 τῶν
704 2925 1146 2978 πεπιστευκότων
1179 2927 1260 2988 είς
1291 2927 1452 2978 αὑτὸν
1486 2928 1731 2997 μένουσιν

142 3019 215 3070 ἐν
241 3016 321 3087 τῷ
349 3016 490 3086 λόγῳ
521 3014 706 3069 αὐτοῦ·
738 3016 858 3069 οὐδὲ
888 3018 936 3068 οἱ
969 3016 1152 3068 πολλοὶ
1181 3015 1395 3087 ἀληθῶς
1427 3017 1592 3072 αὑτοῦ
1629 3037 1733 3089 μα-

145 3107 325 3177 θηταὶ
354 3107 626 3176 γίνονται·
667 3107 856 3177 διόπερ
897 3107 1018 3161 οὑδὲ
1064 3106 1249 3161 πολλοὶ
1285 3105 1582 3175 γνώσονται
1617 3109 1728 3178 (58)

143 3199 436 3270 ἀλήθειαν,
495 3199 589 3252 καὶ
637 3201 704 3269 τῇ
765 3199 991 3270 ἀληθείᾳ
1043 3199 1317 3271 ἐλεύθεροι
1350 3199 1410 3252 οὐ
1467 3199 1726 3268 γίνονται·

150 3292 367 3362 σφόδρα
398 3291 506 3362 γὰρ
531 3289 701 3358 ὀλίγοι
727 3289 963 3361 χωροῦσι
1005 3290 1103 3360 τὴν
1131 3289 1386 3360 ἀλήθειαν
1411 3291 1542 3363 ('59).
1573 3291 1730 3355 Τίνες

147 3383 214 3438 δέ
249 3385 386 3436 εἰσιν
417 3385 466 3436 οἱ
494 3382 847 3453 γνωσόμενοι,
882 3381 914 3451 ἢ
938 3383 987 3434 oi
1016 3381 1276 3450 ὑψοῦντες
1303 3381 1497 3446 αὑτόν;
1521 3383 1595 3444 ὡς
1627 3383 1727 3434 αὐ-

149 3477 250 3540 τὸς
300 3474 534 3528 διδάσκει
581 3473 788 3542 λέγων’
821 3491 840 3524 ι
878 3475 1045 3526 Ὅταν
1076 3473 1327 3543 ὑψώσητε
1354 3472 1443 3525 τὸν
1475 3472 1597 3525 Υἰὺν
1631 3471 1726 3525 τοῦ

155 3565 468 3637 ἀνθρώπου,
499 3565 618 3618 τότε
645 3564 940 3633 γνώσεσθε,
984 3567 1064 3619 ὅτι
1090 3565 1200 3634 ἐγώ
1228 3567 1344 3636 είμι
1365 3583 1379 3596 ο
1410 3582 1428 3615 ι
1461 3563 1635 3627 οὐδεὶς
1669 3563 1728 3616 δὲ

151 3661 316 3717 αὑτὸν
342 3660 466 3729 ύψοῖ
488 3659 719 3728 γάλακτι
752 3659 1122 3728 ποτιζόμενος,
1145 3656 1574 3730 παρασκευάζων
1600 3657 1728 3708 ἐαυ-

151 3754 246 3808 τὸν
279 3754 358 3815 εἰς
387 3750 697 3822 παραδοχὴν
729 3751 825 3820 τῆς
854 3750 1080 3820 στερεᾶς
1124 3749 1361 3820 τροφῆς·
1407 3747 1597 3817 διόπερ
1649 3745 1728 3816 τῷ

152 3845 380 3915 τοιούτῳ
393 3844 568 3912 λέγει·
604 3862 622 3895 ι
651 3845 879 3914 Ἐκρινα
900 3841 1065 3913 μηδὲν
1094 3841 1288 3894 εἰδέναι
1319 3843 1376 3893 ὲν
1396 3841 1546 3912 ὑμῖν,
1568 3840 1617 3892 ει
1653 3838 1727 3910 μὴ

165 3936 373 4007 Ἰησοῦν
412 3935 664 4008 Χριστὸν,
703 3935 797 3987 καὶ
826 3933 1016 3988 τοῦτον
1059 3930 1496 4003 ἐσταυρωμένον·
1521 3951 1540 3984 I
1593 3930 1730 3999 πρὸς

155 4027 214 4081 δν
251 4027 345 4079 καὶ
376 4026 404 4078 ὁ
436 4024 530 4078 τοῦ
563 4023 722 4092 λόγου
749 4021 995 4084 διάκονος
1021 4022 1078 4072 ἐν
1112 4019 1364 4092 ἀσθενείᾳ
1396 4019 1623 4088 γίνεται,
1653 4018 1729 4083 ὥς

158 4135 319 4189 φησιν
344 4117 372 4168 ὁ
405 4115 614 4177 Παῦλος
648 4115 759 4177 τοῖς
787 4111 1045 4174 τοιούτοις
1066 4127 1081 4140 ·
1122 4128 1140 4160 ‹
1168 4108 1338 4178 Κάγὼ
1367 4110 1425 4162 ὲν
1453 4109 1724 4181 ἀσθενείᾳ,

158 4210 250 4264 καὶ
297 4210 353 4260 ὲν
400 4206 571 4276 φόϐῳ,
627 4205 722 4258 καὶ
753 4207 810 4257 έν
859 4203 1048 4277 τρόμῳ
1083 4200 1262 4272 πολλῷ
1293 4202 1558 4272 ἐγενόμην
1590 4201 1728 4272 πρὸς

158 4300 319 4368 ὑμᾶς.
353 4317 372 4348 ι
409 4296 546 4366 Φησὶ
578 4295 756 4346 τοίνυν
787 4296 815 4346 ὀ
845 4292 938 4346 τοῦ
973 4292 1107 4346 Θεοῦ
1140 4292 1312 4361 Λόγος
1347 4292 1519 4362 ἀρχὴν
1546 4290 1728 4344 ποιού-

159 4407 314 4462 μενος
335 4387 606 4458 δευτέρων
645 4384 978 4455 μαθημάτων
1007 4383 1114 4438 τῶν
1145 4385 1202 4437 ὲν
1230 4383 1306 4454 τῷ
1338 4383 1721 4453 γαζοφυλακίῳ

156 4483 215 4533 ὲν
245 4477 320 4548 τῷ
348 4475 477 4548 ἱερῷ
496 4491 507 4502 ·
569 4493 587 4526 ι
622 4473 766 4543 Ἐγὼ
801 4474 995 4542 ὑπάγω
1014 4513 1029 4538 ,
1076 4474 1172 4526 καὶ
1204 4471 1467 4543 ζητήσετέ
1508 4489 1596 4543 με,
1627 4475 1721 4527 καὶ

154 4576 213 4628 ἐν
255 4573 320 4643 τῇ
361 4570 604 4642 ἁμαρτίᾳ
643 4567 797 4638 ὑμῶν
839 4565 1218 4622 ἀποθανεῖσθε.
1248 4584 1266 4616 ›
1301 4565 1456 4636 Ζητῶ
1499 4565 1587 4618 διὰ
1636 4565 1719 4632 τδ,

160 4685 180 4718 ε
218 4664 399 4718 Ταῦτα
430 4659 596 4715 αὑτοῦ
622 4659 932 4722 λαλοῦντος,
961 4657 1144 4710 πολλοὶ
1169 4656 1493 4711 ἐπίστευσαν
1517 4659 1596 4721 είς
1619 4658 1721 4711 αὐ-

159 4756 246 4812 σδν
267 4795 284 4819 ,
315 4773 334 4804 I
374 4753 582 4823 μήποτε
610 4752 671 4804 οὐ
700 4750 836 4820 πρὸς
865 4749 1073 4811 πάντας
1102 4748 1224 4811 τοὺς
1265 4748 1535 4819 παρόντας
1572 4747 1721 4818 λέγει

158 4847 237 4910 τδ,
269 4863 288 4895 ι
324 4842 464 4912 Ἐγὼ
490 4843 705 4910 ὑπάγω,
733 4841 826 4896 καὶ
853 4838 1116 4910 ζητήσετέ
1141 4855 1228 4908 με,
1253 4839 1346 4890 καὶ
1370 4838 1429 4890 ὲν
1454 4840 1520 4908 τῇ
1545 4839 1723 4909 ἀμαρ-

160 4936 247 5006 τίᾳ
303 4932 454 5003 ὑμῶν
502 4929 881 4996 ἀποθανεῖσθε,
921 4948 941 4979 ι
1001 4925 1137 4980 ἀλλά
1186 4925 1321 4996 πρὸς
1361 4926 1582 4989 τούτους
1627 4925 1720 4989 οὓς

163 5028 272 5098 ᾔδει
302 5025 375 5095 μὴ
411 5023 823 5084 πιστεύσαντας,
853 5019 948 5072 καὶ
980 5017 1066 5070 διὰ
1105 5015 1262 5068 τοῦτο
1289 5018 1347 5069 ὲν
1377 5019 1443 5088 τῇ
1477 5017 1721 5088 ἁμαρτίᾳ

164 5116 332 5170 αὐτῶν
375 5111 879 5182 ἀποθανουμένους,
923 5110 1017 5162 καὶ
1063 5107 1138 5178 μὴ
1189 5107 1518 5177 δυναμένους
1549 5106 1724 5159 ὀπίσω

167 5204 318 5258 αὑτοῦ
347 5201 734 5271 ἀκολουθῆσαι,
767 5199 841 5270 μὴ
867 5198 1194 5268 δυναμένους
1225 5195 1282 5250 δὲ
1305 5194 1392 5248 διὰ
1411 5193 1472 5246 τὸ
1501 5194 1576 5266 μὴ
1604 5193 1725 5263 βού-

255 5296 294 5327 ⁹¹
323 5292 476 5348 Joan.
507 5307 664 5357 xvm,
694 5291 750 5346 3.
821 5292 868 5323 9’
895 5289 1051 5344 Joan.
1079 5303 1173 5341 vttt
1197 5327 1213 5350 ,
1247 5286 1337 5340 ΞΟ.
1414 5284 1460 5316 ’³
1487 5285 1624 5357 ibid.
1639 5284 1744 5357 2.1.

708 5361 755 5393 ’°
791 5361 923 5414 ibid.
951 5359 1040 5413 28.
1117 5359 1162 5396 ’⁸
1194 5357 1357 5412 llebr.
1384 5369 1439 5415 v,
1479 5353 1679 5417 12,14.

1851 5354 1977 5410 Cor.
2014 5369 2073 5416 Il,
2108 5355 2163 5411 2.
2240 5355 2260 5384 ³
2295 5354 2426 5410 ibid.
2453 5355 2506 5408 5.
2587 5351 2784 5407 'Joan.
2819 5367 2935 5414 vIII,
2982 5351 3072 5408 21.

169 5364 210 5396 ⁸⁷
245 5363 364 5417 ibid.
400 5363 490 5426 ³51,
523 5362 611 5415 '52.

1835 1687 1942 1740 que
1967 1673 2033 1726 ad
2083 1687 2205 1725 eum
2237 1683 2553 1727 contextum
2584 1690 2598 1732 ς
2629 1692 2647 1725 ι
2691 1674 2862 1727 Amen
2901 1675 3021 1729 dico
3063 1677 3229 1738 vobis,
3265 1689 3410 1731 ame-

1832 1777 1994 1830 qnam
2031 1762 2303 1816 Abraham
2359 1761 2556 1829 ﬁeret,
2591 1778 2694 1832 ego
2745 1779 2864 1818 sum
2915 1763 2984 1818 “.
3034 1785 3053 1818 ι
3100 1767 3228 1822 Post
3260 1769 3406 1823 hune

1831 1862 2014 1906 autem
2050 1867 2358 1908 sermonem
2401 1870 2525 1910 cum
2580 1855 2784 1924 lapides
2831 1857 3079 1912 tulissent
3127 1858 3293 1914 Judaei
3348 1871 3407 1915 ut

1831 1944 2134 2014 lnpidarent
2164 1961 2312 2010 eum,
2336 1945 2496 2002 Jesus
2525 1949 2812 2003 absoondit
2839 1964 2897 2004 se
2926 1960 2980 2005 et
3013 1952 3178 2007 exivit
3209 1969 3238 2007 e
3269 1962 3407 2007 tetu-

1834 2040 1922 2108 plo
1951 2056 1966 2096 :
2001 2039 2161 2110 293
2193 2040 2408 2106 quando
2439 2042 2760 2109 praeteriens
2807 2042 2938 2098 vidit
2975 2059 3176 2098 caurum
3203 2060 3229 2098 a
3259 2047 3404 2100 nati-

1833 2131 2074 2194 vitate”,
2103 2132 2168 2184 de
2189 2145 2296 2198 quo
2333 2131 2588 2194 sciemus,
2624 2130 2735 2184 Deo
2771 2133 2954 2196 dante,
2986 2149 3108 2188 cum
3135 2136 3200 2188 ad
3231 2136 3402 2190 locum

1836 2222 2264 2289 pervenerimus.
2306 2220 2428 2275 llaec
2467 2231 2646 2275 autem
2685 2223 2944 2291 loquitur,
2993 2233 3052 2278 ut
3089 2228 3301 2280 eveniat
3351 2227 3406 2281 id

1835 2313 1977 2382 quod
2039 2313 2403 2382 subiungitur,
2443 2331 2462 2364 ι
2497 2312 2620 2367 Haec
2655 2328 2721 2368 eo
2757 2313 3030 2383 loquente.
3062 2317 3408 2372 crediderunt

1836 2405 1889 2457 in
1922 2419 2042 2458 eum
2071 2403 2138 2468 “,
2176 2422 2196 2455 ι
2231 2403 2483 2457 nimirqu
2523 2419 2817 2473 pauperes,
2853 2407 2944 2476 qui
2976 2407 3043 2460 ad
3077 2407 3405 2478 gazophyla-

1833 2494 1978 2549 cium
2011 2503 2293 2559 venerant,
2332 2495 2456 2548 inde
2482 2496 2760 2567 accepturi
2793 2512 2916 2566 quae
2951 2508 3167 2565 possent
3195 2508 3250 2552 et
3283 2512 3405 2567 qua:

1833 2595 1937 2648 sibi
1975 2595 2262 2649 distributa
2293 2597 2542 2650 fuissent.
2577 2597 2759 2665 Itaque
2802 2617 2820 2649 ι
2861 2597 3012 2652 multi
3057 2600 3406 2654 crediderunt

1834 2685 1888 2738 in
1920 2699 2066 2749 eum,
2102 2704 2121 2738 ι
2156 2685 2248 2740 sed
2275 2702 2377 2740 non
2411 2687 2561 2740 multi
2586 2697 2925 2758 agnoverunt
2947 2703 3067 2742 eum
3097 2704 3112 2752 ;
3147 2688 3400 2756 quoniam

1833 2789 1899 2828 ex
1927 2775 2012 2829 his
2039 2777 2129 2845 qui
2154 2777 2502 2831 crediderunt
2531 2778 2581 2830 in
2611 2792 2758 2844 eum,
2790 2787 3074 2831 manentes
3111 2778 3164 2830 in
3197 2792 3402 2831 senun-

1839 2893 1904 2932 ne
1941 2877 2080 2946 eius,
2114 2893 2243 2933 vere
2277 2877 2405 2934 facti
2441 2879 2690 2948 discipuli
2720 2880 2835 2946 ejus
2873 2888 3176 2947 agnoscunt
3200 2876 3404 2933 verita-

1757 2960 1804 3022 ο
1839 2991 1944 3036 tem
1986 2983 2076 3046 ης
2113 2981 2205 3036 sed
2260 2999 2364 3035 non
2421 2982 2574 3035 multi
2607 2960 2674 3035 ex
2716 2982 2802 3035 bis
2831 2981 2920 3045 qui
2962 2961 3398 3036 credideruntiu

1832 3086 1977 3136 eum,
2010 3085 2230 3126 manent
2260 3073 2312 3126 in
2342 3087 2592 3127 sermone
2617 3072 2733 3140 ejus
2760 3089 2775 3136 ;
2812 3087 2876 3127 ac
2906 3089 2972 3128 ne
3004 3074 3155 3126 multi
3180 3074 3400 3143 quidem

1833 3181 1962 3222 vere
1995 3165 2300 3222 eﬁiciuntur
2346 3168 2489 3222 illius
2531 3168 2781 3238 discipuli
2818 3186 2833 3229 ;
2869 3169 3095 3238 proinde
3125 3185 3193 3222 ne
3243 3169 3401 3224 multi

1831 3259 2051 3327 quidem
2080 3271 2384 3329 agnoscunt
2410 3261 2720 3325 veritatem,
2753 3271 2809 3316 et
2837 3263 3066 3316 veritate
3101 3261 3255 3316 liberi
3290 3277 3399 3317 non

1830 3350 2171 3406 redduntur:
2203 3351 2492 3405 admodum
2543 3353 2688 3405 enint
2743 3353 2900 3421 pauci
2933 3353 3158 3421 capiunt
3193 3353 3402 3407 verita-

1831 3452 1962 3496 tem.
1996 3441 2101 3494 Sed
2133 3441 2354 3509 quinam
2387 3441 2622 3511 agnitnri
2656 3451 2782 3498 sunt
2807 3458 2929 3497 eum
2955 3482 2970 3506 ,
3009 3444 3111 3498 nisi
3154 3445 3402 3500 exaltan-

1830 3539 1910 3586 tes
1929 3530 2090 3584 eum?
2121 3539 2178 3583 nt
2207 3531 2370 3586 etiam
2403 3530 2521 3599 ipse
2539 3531 2715 3595 docet,
2738 3532 2982 3586 dicens"
3008 3551 3020 3585 :
3045 3551 3064 3585 ι
3093 3533 3226 3588 Cum
3257 3536 3404 3588 exal-

1831 3622 2077 3677 taveritis
2115 3622 2310 3676 Filium
2350 3621 2607 3686 hominis,
2642 3631 2769 3675 tunc
2795 3623 3104 3691 agnoscetis
3133 3625 3275 3692 quod
3300 3639 3402 3693 ego

1827 3739 1992 3780 sum:
2033 3744 2051 3776 I
2083 3725 2260 3779 nullus
2313 3732 2493 3777 autem
2533 3737 2656 3776 eum
2707 3723 2934 3788 exultat,
2979 3723 3069 3790 qui
3106 3723 3244 3779 lacte
3298 3725 3402 3779 ali-

1832 3836 1918 3882 tur
1949 3841 2271 3896 prmparans
2306 3824 2545 3894 seipsum
2579 3825 2646 3878 ad
2692 3825 3092 3890 susceptionem
3122 3827 3228 3882 cibi
3269 3827 3400 3882 soli-

1829 3918 1882 3972 di
1923 3919 1969 3949 ”
1993 3934 2009 3983 ;
2037 3917 2391 3986 quamobrem
2428 3917 2520 3972 tali
2556 3915 2687 3970 dicit
2715 3918 2732 3948 ³
2762 3932 2776 3969 :
2817 3935 2836 3968 ι
2867 3915 3113 3996 ,Ιυιιίεεινί
3150 3933 3236 3974 me
3267 3920 3401 3974 nihil

1829 4007 1972 4062 scire
2001 4007 2143 4061 inter
2171 4021 2291 4069 vos,
2329 4006 2430 4060 nisi
2464 4005 2647 4059 Jesum
2671 4005 2972 4074 Christum,
3012 4019 3067 4064 et
3100 4010 3244 4064 hunc
3271 4025 3399 4064 cru-

1829 4099 2048 4154 ciﬁxum
2088 4115 2104 4164 ;
2141 4116 2164 4149 I
2201 4111 2366 4168 penes
2407 4112 2570 4166 quem
2619 4099 2783 4152 etiam
2825 4100 3097 4155 sermonis
3149 4101 3399 4157 minister

1831 4191 1883 4245 in
1936 4189 2254 4246 inﬁrmitate
2285 4200 2550 4253 versatur,
2592 4200 2650 4244 ut
2677 4191 2852 4260 inquit
2875 4191 3078 4246 Paulus
3112 4191 3304 4248 talibus
3331 4193 3396 4248 ':

1761 4285 1802 4341 D
1837 4304 1854 4336 ι
1889 4285 1956 4340 Εῑ
1983 4299 2083 4353 ego
2111 4283 2164 4338 in
2200 4285 2538 4351 inﬁrmitate,
2563 4294 2617 4340 et
2661 4287 2714 4339 in
2748 4287 2966 4348 timore,
2993 4296 3047 4339 et
3077 4287 3130 4340 in
3163 4295 3398 4343 tremore

1830 4378 2003 4434 multo
2043 4388 2290 4433 versatus
2320 4394 2437 4434 sum
2466 4379 2605 4447 apud
2638 4393 2751 4432 vos.
2803 4396 2822 4430 ι
2867 4375 3048 4446 lnquit
3099 4378 3264 4447 igitur
3309 4379 3397 4434 ille

1830 4470 1923 4525 Dei
1979 4469 2173 4524 Sermo
2197 4512 2213 4537 ,
2251 4469 2340 4524 ille
2373 4469 2466 4524 Dei
2520 4468 2687 4523 Filius
2711 4509 2727 4535 ,
2775 4482 2996 4522 rursum
3033 4467 3227 4522 docere
3264 4467 3398 4521 inei-

1827 4561 1984 4630 piens
2017 4560 2067 4614 in
2099 4559 2486 4630 gomphylneio
2527 4558 2580 4611 in
2621 4559 2866 4627 templo:
2909 4575 2930 4608 ι
2970 4557 3081 4626 Ego
3124 4556 3286 4619 vado,
3343 4565 3398 4610 et

1828 4653 2082 4719 quaeretis
2130 4667 2235 4717 tne,
2269 4660 2326 4705 et
2357 4651 2407 4704 in
2453 4661 2677 4718 peccato
2729 4660 2912 4703 vestro
2941 4648 3248 4703 moriemini
3289 4647 3331 4702 ⁸.
3372 4665 3392 4699 ι

1829 4743 2025 4810 Quer
2057 4751 2280 4811 propter
2337 4743 2440 4796 hoe
2491 4742 2715 4804 dictum,
2749 4758 2769 4790 ι
2812 4739 2935 4794 llaec
2981 4754 3046 4794 eo
3095 4741 3388 4808 loquente.

1830 4834 1980 4888 multi
2015 4832 2365 4886 crediderunt
2413 4831 2464 4884 iu
2513 4845 2678 4896 eum,
2731 4848 2750 4880 ι
2801 4829 3041 4896 nunquid
3091 4830 3157 4884 ad
3207 4845 3397 4883 omnes

1827 4932 2119 4994 praesentes
2165 4922 2362 4977 dixerit
2393 4940 2407 4976 :
2441 4939 2459 4973 ι
2497 4921 2606 4992 Ego
2637 4921 2800 4987 vado,
2825 4929 2878 4974 et
2919 4920 3176 4989 quaeretis
3199 4935 3307 4984 me,
3338 4929 3395 4974 et

1829 5016 1882 5070 in
1932 5028 2156 5086 peccato
2182 5023 2368 5069 vestro
2404 5013 2746 5076 moriemini;
2778 5031 2796 5065 ι
2841 5029 2910 5067 an
2958 5012 3140 5082 potius
3176 5012 3242 5066 ad
3298 5026 3394 5066 eos

1828 5121 1984 5175 quos,
2033 5104 2160 5174 quia
2197 5118 2300 5158 non
2347 5103 2747 5169 credidissent,
2781 5111 3008 5158 noverat
3060 5102 3116 5156 in
3170 5109 3396 5171 peccato

1831 5211 1930 5250 suo
1964 5197 2294 5257 morituros,
2347 5210 2454 5249 non
2485 5194 2733 5249 valentes
2781 5207 2921 5263 pone
2966 5193 3143 5262 ipsqu
3193 5191 3391 5261 sequi;

1840 5285 1887 5316 "
1921 5285 2049 5340 ibid.
2076 5285 2167 5350 58,
2212 5284 2302 5340 59.
2378 5285 2426 5317 ⁸³
2456 5282 2611 5337 Joan.
2641 5298 2719 5348 Ix,
2750 5283 2802 5336 1.
2893 5282 2940 5315 ’⁸
2966 5279 3124 5334 Joan.
3158 5294 3281 5346 VIII,
3303 5279 3394 5336 30.

233 5457 336 5528 (56)
368 5457 548 5514 Codex
589 5454 934 5521 Bodleianus,
968 5455 1130 5524 ἕτερα
1163 5452 1406 5518 πλείονα,
1446 5451 1499 5505 in
1548 5449 1714 5522 Regio

1912 5449 2178 5528 γίνονταις
2207 5449 2426 5528 Regius,
2458 5447 2554 5500 καὶ
2589 5448 2638 5499 εἰ
2683 5447 2760 5517 μὴ
2811 5445 3040 5516 ἀλήθεια
3097 5441 3393 5515 ἐλευθεροῖ,

166 5529 512 5600 derisit-cepa.
574 5597 603 5600 _
999 5595 1012 5600 _
1107 5592 1119 5600 ,
1229 5589 1240 5600 .
1496 5589 1533 5600 .-
1611 5590 1623 5600 .

233 5599 331 5666 (57)
363 5589 540 5652 Cddex
573 5597 926 5659 Bodleianus,
966 5592 1131 5646 οἱονεὶ
1175 5589 1437 5660 πένητες·
1496 5589 1718 5660 Regius,

158 5659 614 5742 οἷονοίπένητεςλ
1031 5733 1042 5742 ,
1123 5733 1148 5742 _
1195 5729 1239 5742 ..
1294 5659 1373 5742 μ,
1449 5727 1491 5742 ..
1551 5727 1563 5742 .

234 5738 334 5801 (38)
367 5727 545 5792 (letlex
566 5727 928 5804 Bodleianus,
960 5733 1055 5788 καὶ
1087 5733 1153 5802 τῇ
1185 5727 1412 5800 ἀληθείᾳ
1446 5727 1719 5800 ἐλεύθεροι

1823 5519 2095 5591 ἐλεύθεροι
2127 5520 2186 5572 ού
2219 5520 2474 5591 γίνονται.

1896 5583 2242 5666 (SQI'tJodex'
2273 5588 2596 5644 Bodleiauus
2631 5583 2885 5666 ἀλήθειαν
2909 5601 2922 5615 ·
2985 5584 3183 5655 Regius
3245 5599 3395 5648 vero,

1827 5659 2158 5731 ἐλευθερίαν.
