3878 6210
581 340 679 394 517

1982 339 2141 394 ORIG

2248 340 2304 394 .S
3677 349 3760 404 548

585 471 689 510 non
719 453 962 512 valentes
1011 466 1188 510 autem
1239 470 1305 510 eo
1335 457 1479 526 quod
1513 457 1753 523 nollem;
1805 474 1928 511 nam
1965 459 2009 513 si
2057 476 2141 513 vo-

2252 459 2437 514 λεσθαι
2457 477 2469 490 ·
2509 461 2555 513 εί
2583 460 2692 531 γὰρ
2726 459 3037 530 βουλόμενοι
3066 461 3165 513 οὐκ
3202 459 3472 517 ἐδύναντο.
3497 461 3588 514 οὑκ
3609 461 3660 515 ἂν
3686 468 3758 518 εὑ-

582 547 752 600 lentes
783 563 888 600 non
926 557 1196 615 poterant,
1224 549 1644 617 haudquaquam
1695 549 1801 603 illis
1851 551 2147 606 rationabi-

581 643 701 696 liter
732 643 1010 697 diceretur
1043 661 1056 698 :
1104 663 1122 694 ι
1172 644 1227 698 In
1263 653 1487 712 peccato
1519 652 1701 698 vestro
1753 646 2080 699 moriemini.
2123 662 2142 697 ι

581 737 650 786 At
679 747 806 787 vero
847 735 1047 804 aliquis
1093 746 1284 790 contra
1315 736 1416 790 hoc
1471 735 1714 790 dicturus
1759 747 1842 789 est
1873 754 1887 788 :
1923 735 1979 790 Si
2033 736 2146 790 haec

581 826 794 878 dicebat
835 841 938 878 non
970 828 1410 895 permanentihus
1439 827 1490 880 in
1530 827 1654 892 ﬁde,
1703 829 1978 897 quomodo
2027 829 2147 881 tali-

581 915 687 969 bus
719 915 851 969 dicit
886 934 899 969 :
930 935 947 967 ι
986 917 1250 982 Qumretis
1285 919 1414 980 me?
1462 937 1480 968 ι
1523 917 1654 970 Nam
1687 934 1932 982 quaerere
1962 917 2146 972 Iesum

579 1022 950 1076 sapt-numero
999 1019 1083 1063 est
1111 1010 1330 1076 bonum,
1363 1010 1506 1078 quod
1541 1010 1681 1064 idem
1719 1009 1832 1064 fere
1866 1011 1959 1073 sit,
2003 1010 2146 1078 quod

579 1112 823 1165 quarrere
872 1099 1192 1153 Sermonem
1219 1139 1233 1162 ,
1267 1109 1319 1153 et
1350 1101 1660 1164 veritatem,
1695 1109 1750 1154 et
1799 1101 2144 1169 sapientiam.

581 1193 688 1247 Sed
740 1195 1093 1262 respondebis
1145 1195 1246 1249 hoc
1291 1196 1538 1260 verbum,
1590 1209 1858 1264 quaerere,
1889 1195 1995 1248 dici
2049 1193 2150 1246 ali-

582 1283 800 1352 quando
829 1283 894 1337 de
927 1287 1010 1339 his
1035 1285 1126 1353 qui
1161 1285 1386 1339 insidias
1407 1294 1656 1349 struunt,
1691 1284 2145 1353 quemadmodum

583 1376 635 1427 in
668 1374 759 1428 illo
785 1374 972 1431 dicto:
1007 1393 1026 1425 ι
1064 1374 1392 1442 Quazrebaut
1419 1391 1542 1430 eum
1578 1375 1940 1443 prehendere,
1971 1381 2025 1428 et
2053 1390 2148 1427 ne-

584 1480 673 1519 mo
708 1465 761 1519 in
793 1480 918 1520 eum
960 1465 1146 1535 injecit
1190 1483 1382 1521 manus
1408 1507 1424 1534 ,
1460 1467 1602 1536 quod
1634 1466 1871 1520 nondum
1913 1465 2148 1519 venisset

589 1555 722 1608 hora
753 1554 870 1621 ejus
901 1555 956 1622 ⁸;
1000 1575 1018 1609 ι
1060 1565 1115 1611 et
1153 1557 1203 1611 in
1237 1559 1336 1612 hoc
1369 1574 1383 1612 :
1413 1577 1431 1609 ι
1471 1558 1603 1612 Novi
1631 1572 1728 1609 vos
1761 1557 2032 1610 Abraham
2063 1569 2149 1610 se-

583 1659 704 1700 men
740 1659 879 1712 esse,
913 1649 1008 1702 sed
1044 1648 1289 1716 quaeritis
1328 1665 1411 1702 me
1436 1647 1760 1710 interﬁcere,
1794 1647 1937 1716 quod
1967 1661 2148 1700 sermo

583 1749 732 1790 meus
780 1751 886 1791 non
937 1739 1084 1807 capit
1136 1739 1188 1792 in
1248 1740 1488 1806 vobis“;
1541 1757 1559 1790 ι
1599 1748 1653 1794 el
1707 1740 1760 1792 in
1807 1736 2148 1809 1100:295

586 1843 604 1875 ι
641 1826 792 1878 Nunc
823 1834 1003 1881 autem
1038 1828 1283 1896 quaeritis
1337 1842 1422 1882 me
1471 1826 1800 1893 interﬁcere,
1847 1829 2139 1890 hominem,

581 1913 672 1980 qui
718 1914 930 1970 locutus
975 1932 1096 1971 smn
1146 1921 1436 1973 veritatem
1483 1917 1654 1982 vobis,
1692 1934 1855 1988 quam
1889 1919 2074 1972 audivi
2114 1934 2143 1972 a

582 2001 741 2058 Patre
772 2005 815 2059 ⁸.
869 2024 888 2058 ι
926 2006 1097 2074 Quam
1138 2008 1304 2062 etiam
1358 2008 1428 2061 ob
1481 2022 1704 2062 causam
1761 2009 1961 2062 dicitur
2014 2009 2144 2064 illud

580 2109 702 2148 eum
743 2111 849 2152 non
884 2098 1020 2153 bene
1053 2098 1444 2165 quaerentibus,
1514 2116 1534 2150 ι
1573 2100 1638 2153 Ει
1676 2101 1929 2169 quaeretis
1964 2115 2072 2164 me,
2120 2120 2140 2153 ι

579 2197 724 2264 quod
754 2194 1090 2250 contrarium
1145 2207 1249 2246 non
1281 2203 1365 2246 est
1413 2193 1462 2247 ei
1495 2192 1684 2247 dicto:
1734 2211 1752 2244 ι
1800 2193 1995 2248 Omnis
2050 2195 2142 2264 qui

580 2289 793 2356 quaerit,
844 2285 1134 2342 invenit".
1195 2304 1215 2337 ι
1248 2286 1326 2340 Ac
1377 2295 1524 2340 certe
1563 2285 1883 2342 differentia:
1931 2302 2146 2356 semper

579 2390 706 2434 sunt
735 2379 1095 2450 qua‘rentium
1139 2375 1321 2432 Jesum
1349 2419 1363 2443 ,
1399 2394 1519 2432 cum
1559 2393 1750 2434 omnes
1778 2395 1881 2432 non
1911 2379 2142 2446 sincere,

579 2480 634 2524 et
665 2485 762 2540 pro
792 2485 886 2524 sua
933 2470 1169 2537 ipsorum
1226 2467 1422 2530 salute,
1472 2475 1526 2522 et
1556 2479 1612 2520 ut
1661 2468 1729 2520 ab
1771 2481 1838 2522 eo
1866 2467 2144 2535 juventur,

578 2569 824 2630 quaram
857 2574 1002 2615 eum.
1038 2559 1177 2612 Sunt
1233 2558 1378 2612 enim
1429 2557 1591 2626 aliqui
1642 2560 1944 2614 innumeris
1987 2577 2146 2631 argu-

581 2651 801 2714 mentis,
858 2663 977 2716 qna:
1030 2648 1099 2702 ab
1149 2650 1376 2703 honesto
1431 2648 1786 2715 drﬁexcrunt,
1846 2664 2145 2719 querentes

577 2735 761 2792 Jesum
795 2752 810 2788 ι
842 2739 1198 2804 quamobrem
1245 2737 1343 2790 soli
1387 2745 1531 2791 recte
1563 2748 1872 2806 qumrcntes
1899 2755 2021 2795 eum
2052 2758 2146 2811 pa-

579 2840 694 2880 cem
741 2827 1102 2892 invenerunt;
1136 2827 1227 2895 qui
1259 2828 1420 2883 etiam
1449 2830 1667 2900 proprie
1698 2832 1948 2887 dicentur
1971 2835 2142 2904 ipsum

577 2931 822 2988 quaerere
849 2918 899 2971 in
928 2919 1194 2986 principio
1239 2919 1591 2974 exsisteutem
1640 2920 1984 2990 Sermonem,
2017 2927 2146 2978 Ser-

581 3023 791 3062 monem
838 3010 980 3078 apud
1014 3010 1201 3072 Deum,
1247 3019 1305 3063 ut
1341 3011 1482 3077 ipsos
1514 3012 1749 3066 adducat
1790 3014 1856 3067 ad
1904 3012 2140 3070 Patrem.

577 3102 852 3156 Assistens
897 3111 1074 3155 autem
1105 3100 1193 3154 ille
1242 3100 1433 3168 Λόγος,
1465 3100 1540 3171 [id
1573 3111 1678 3170 est,
1713 3104 1849 3157 ratio
1879 3115 1932 3160 et
1976 3106 2145 3161 Filius
2172 3125 2212 3181 ρ

584 3189 727 3261 Dei,]
781 3199 836 3244 et
869 3191 1120 3245 notiones
1165 3205 1480 3260 suggerens,
1531 3191 1629 3245 nisi
1663 3193 1928 3248 admissus
1959 3194 2144 3264 fuerit,

579 3282 818 3334 minatur
870 3296 930 3336 se
968 3281 1285 3345 abiturum,
1339 3291 1394 3334 et
1443 3281 1619 3340 dicit:
1657 3301 1674 3333 ι
1713 3283 1826 3351 Ego
1879 3287 2059 3352 vado;
2120 3306 2139 3339 ι

576 3386 699 3424 eum
738 3371 892 3426 nobis
935 3380 1143 3441 postea,
1177 3372 1221 3425 si
1269 3374 1562 3425 abeuntem
1604 3372 1999 3441 quzesierimus,
2040 3392 2143 3431 non

579 3462 898 3527 inventuris,
936 3463 1030 3517 sed
1060 3462 1112 3516 in
1163 3473 1390 3531 peccato
1445 3472 1631 3518 nostro
1663 3466 1960 3520 morituris.
1990 3467 2146 3523 Novit

577 3561 754 3605 autem
787 3565 817 3602 a
845 3565 950 3619 quo
987 3550 1236 3616 discedit,
1290 3561 1345 3605 et
1375 3551 1514 3619 apud
1567 3567 1726 3620 quem
1759 3565 1961 3623 manet,
2012 3572 2142 3611 nou-

577 3639 699 3693 dum
732 3639 1009 3703 inventus,
1040 3649 1098 3692 ut
1129 3639 1180 3692 in
1222 3649 1465 3708 tempore
1497 3641 1758 3708 quaesitus
1790 3642 2143 3702 inveniatur:

574 3733 770 3800 quibus
788 3730 1029 3802 proiecto
1047 3732 1148 3786 isto
1167 3733 1325 3787 modo
1344 3731 1667 3789 habentibus
1688 3750 1834 3804 eum,
1853 3752 1951 3791 nec
1968 3740 2144 3794 adhuc

577 3822 726 3876 illum
774 3823 1079 3878 videntibus
1133 3825 1329 3878 dicitur
1379 3824 1559 3879 illud:
1617 3844 1635 3877 ι
1697 3824 1775 3879 Ne
1826 3828 2030 3883 dixeris
2087 3831 2139 3884 in

574 3915 739 3968 corde
769 3926 861 3967 tuo
894 3932 908 3968 :
949 3914 1084 3980 Quis
1111 3917 1371 3969 ascendet
1396 3917 1448 3970 in
1479 3918 1717 3972 caelum?
1749 3919 1850 3975 hoc
1879 3931 1962 3974 est
1988 3920 2144 3976 Chri-

576 4012 718 4057 stum
757 4005 1024 4057 deducere
1055 4019 1069 4068 ;
1100 4005 1221 4057 vel:
1258 4004 1388 4070 Quis
1423 4007 1716 4063 descendet
1759 4010 1811 4063 in
1845 4012 2143 4082 abyssum?

576 4093 680 4146 hoc
729 4102 815 4146 est
864 4094 1143 4148 Christum
1188 4111 1251 4148 ex
1287 4098 1514 4152 mortuis
1545 4101 1828 4156 reducere.
1879 4102 1984 4157 Sed
2014 4105 2141 4172 quid

575 4183 710 4237 dicit
737 4183 1020 4252 Scriptura
1049 4183 1073 4236 ?
1114 4183 1417 4239 Admodum
1444 4203 1607 4256 prope
1634 4198 1684 4244 te
1721 4201 1804 4244 est
1832 4193 2053 4246 verbum
2087 4194 2140 4247 in

575 4289 670 4328 ore
707 4283 820 4339 tuo,
855 4283 911 4329 et
949 4275 1002 4328 in
1041 4277 1203 4330 corde
1241 4285 1333 4330 tuo
1359 4275 1398 4329 ⁸.
1439 4295 1457 4329 ι
1486 4276 1718 4334 Proinde
1751 4281 1834 4336 his
1873 4281 2035 4336 etiam
2059 4283 2143 4338 be-

578 4364 742 4434 nigne
771 4363 1032 4419 Servator
1058 4366 1296 4418 ostendit
1321 4381 1441 4433 qua:
1475 4366 1540 4420 ad
1583 4382 1806 4434 regnum
1841 4371 1932 4424 Dei
1975 4373 2142 4440 perti-

576 4463 810 4521 uent,ne
843 4463 1088 4524 quierant
1112 4457 1240 4510 illud
1271 4467 1424 4511 extra
1455 4459 1686 4528 seipsos,
1711 4475 1884 4529 neque
1916 4463 2131 4518 dicant:
2169 4453 2212 4506 Ῑ)

578 4563 597 4596 ι
652 4546 789 4600 Ecce
835 4548 946 4613 hic,
995 4548 1078 4602 vel
1124 4563 1253 4604 ecce
1301 4549 1498 4614 illic’;
1548 4569 1566 4602 ι
1607 4553 1956 4621 inquitenim
2005 4557 2131 4614 cis:

578 4657 596 4688 ι
639 4636 879 4707 Regnum
915 4639 1008 4693 Dei
1045 4641 1183 4692 intra
1213 4653 1306 4694 vos
1333 4650 1416 4694 est
1447 4658 1462 4697 :
1491 4661 1508 4695 ι
1544 4654 1598 4696 et
1632 4645 1870 4711 quandiu
1913 4645 2132 4713 quidem

571 4742 852 4783 servamus
876 4731 1072 4783 anima:
1108 4739 1307 4785 nostrae
1327 4731 1588 4802 Jngenita
1625 4735 1866 4788 veritatis
1895 4737 2130 4800 semina,

570 4819 797 4887 ejusque
853 4820 1152 4890 principia,
1189 4838 1462 4891 nunquam
1497 4839 1526 4877 a
1581 4825 1734 4879 nobis
1783 4826 2014 4880 discedit
2047 4827 2134 4881 ille

569 4907 760 4975 Λόγος,
797 4908 876 4978 [id
910 4919 1014 4975 est,
1060 4910 1196 4965 ratio
1223 4922 1277 4966 et
1305 4913 1472 4968 Filius
1518 4912 1661 4984 Dei]
1711 4913 1861 4980 Quod
1896 4914 1940 4968 si
1982 4915 2136 4968 maii-

569 5000 658 5052 tian
705 5000 1060 5055 dissolutione
1087 5005 1325 5072 corrupti
1377 5005 1664 5070 fuerimus,
1723 5015 1849 5060 tunc
1881 5005 2034 5060 nobis
2060 5008 2136 5061 di-

567 5099 760 5143 cturus
789 5099 873 5144 est
901 5108 916 5148 ς
950 5110 968 5142 ι
1003 5089 1186 5158 Vado;
1228 5113 1246 5146 ι
1288 5110 1392 5148 non
1425 5097 1726 5150 inventuris
1755 5097 1924 5161 illum,
1945 5099 2134 5151 etiam-

566 5178 612 5232 si
645 5195 950 5249 quaeramus
980 5185 1234 5252 maxime,
1269 5185 1362 5240 sed
1407 5187 1459 5240 in
1491 5196 1712 5256 peccato
1755 5198 1944 5242 nostro
1969 5189 2131 5242 mori-

567 5271 728 5336 tur-is,
777 5273 1130 5343 deprehensis
1167 5277 1218 5330 iu
1270 5292 1358 5344 co,
1389 5288 1443 5333 et
1477 5279 1771 5349 assumptis
1821 5280 1888 5334 ab
1923 5280 2007 5335 his
2036 5282 2126 5351 qui

565 5361 797 5416 ordinati
851 5375 974 5418 sunt
1025 5376 1082 5420 ut
1140 5380 1382 5438 repetant
1437 5371 1694 5437 animam,
1744 5370 1895 5439 juxta
1943 5374 2129 5428 dicen-

565 5462 671 5502 tem
706 5451 749 5484 ¹⁶
785 5469 801 5507 :
843 5473 861 5506 ι
896 5456 1174 5528 lnsipie'us,
1207 5472 1364 5515 nocte
1390 5463 1488 5516 hac
1513 5461 1748 5515 animam
1781 5463 1877 5517 abs
1903 5472 1952 5516 te
1977 5473 2120 5518 tuam

667 5561 688 5592 ⁸
722 5562 878 5635 Joan.
918 5583 1013 5635 vn,
1062 5573 1148 5624 50.

560 5629 618 5660 Ἥ
667 5572 688 5592 ⁸
722 5572 878 5660 fma.
918 5583 1013 5635 vn,
1062 5573 1163 5660 52;
1246 5575 1266 5605 ⁸
1301 5572 1459 5630 Joau.
1499 5591 1614 5639 vut,
1662 5575 1750 5628 57.

563 5631 648 5683 ⁵31.
725 5633 768 5665 ¹⁰
800 5634 931 5689 Luc.
971 5631 1065 5703 xit,
1095 5641 1183 5696 20.

2249 553 2422 620 λόγως
2475 554 2656 616 αὐτοῖς
2701 552 2915 620 ἐλέγετο
2945 552 3038 604 τό·
3080 571 3099 602 ι
3148 555 3236 605 Ἑν
3271 555 3338 622 τῇ
3374 553 3600 624 ἁμαρτίᾳ
3638 556 3759 625 ὑμῶν

2247 645 2627 700 ἀποθανεῖσθε.
2663 664 2681 697 ι
2730 647 2874 716 Ἑρεῐ
2905 646 2962 697 δέ
2995 663 3076 708 τις
3105 645 3242 715 πρὸς
3273 645 3451 698 τοῦτο·
3481 645 3630 715 Είπερ
3667 651 3758 712 τοῖς

2249 739 2544 808 ὲμμένουσι
2579 738 2657 808 τῷ
2691 738 2762 808 μὴ
2796 738 3071 791 πιστεύειν
3109 736 3282 790 ταῦτα
3314 737 3498 804 ἔλεγε,
3532 737 3629 800 πῶς
3673 740 3762 801 τοῖς

2248 825 2508 888 τοιούτοις
2544 827 2678 896 φησι
2718 826 2806 877 τό·
2845 845 2862 877 ι
2896 826 3169 896 Ζητήσετέ
3202 841 3304 896 με;
3336 845 3354 876 ι
3390 821 3636 894 Πολλαχοῦ
3676 827 3760 897 γὰρ

2249 917 2450 985 ἀγαθὸν
2484 917 2544 969 τὸ
2575 917 2757 987 ζητεῖν
2789 918 2880 970 τὸν
2926 917 3156 986 Ἰησοῦν,
3193 917 3390 970 ταυτόν
3417 933 3528 978 πως
3551 918 3756 986 τυγχάνον

2247 1008 2326 1078 τῷ
2352 1008 2535 1078 ζητεῖν
2581 1010 2771 1077 Λόγον,
2815 1009 2910 1062 καὶ
2949 1008 3207 1079 ἀλήθειαν
3231 1050 3246 1075 ,
3292 1009 3385 1062 καὶ
3427 1009 3617 1076 σοφίαν.
3651 1010 3755 1062 Ἀλλ’

2249 1101 2413 1169 ἐρεῖς,
2448 1100 2532 1152 ὅτι
2564 1100 2658 1152 καὶ
2685 1117 2749 1152 πε
2761 1100 2812 1169 pi.
2843 1099 3296 1152 ἐπιϐουλευόντων
3328 1099 3458 1152 ποτὲ
3494 1099 3677 1166 λέγεται
3714 1101 3759 1153 τὸ

2254 1188 2436 1258 ζητεῖν
2454 1230 2468 1254 ,
2490 1189 2678 1259 ὥσπερ
2701 1191 2760 1242 ὲν
2791 1189 2867 1259 τῷ
2888 1207 2902 1221 ·
2938 1210 2957 1242 ι
3002 1189 3258 1258 Ἐζήτουν
3284 1190 3446 1243 αὑτὸν
3481 1191 3665 1252 πιάσαι,
3691 1194 3760 1244 καὶ

2247 1279 2420 1340 οὐδεὶς
2452 1278 2747 1332 ἐπέϐαλλεν
2779 1278 2868 1331 ἐπ’
2897 1280 3058 1332 αὑτὸν
3083 1280 3182 1350 τὴν
3211 1283 3390 1349 χεῖρα,
3415 1280 3496 1332 ὅτι
3522 1278 3652 1332 σῦπω
3670 1280 3764 1349 ἐλη-

2247 1370 2395 1424 λύθει
2421 1373 2454 1440 ἡ
2483 1369 2599 1441 ὥρα
2631 1370 2794 1424 αὑτοῦ
2817 1386 2831 1401 ·
2859 1389 2882 1423 ›
2921 1371 3014 1424 καὶ
3044 1373 3101 1424 ἐν
3125 1370 3222 1440 τῷ·
3259 1389 3278 1421 ι
3304 1367 3454 1433 Οἶδα,
3488 1372 3564 1424 ὅτι
3588 1370 3764 1441 σπέρμα

2262 1459 2510 1531 ’Λὸραάμ
2562 1462 2706 1524 ἐστε,
2769 1458 2905 1512 ἀλλά
2943 1459 3154 1530 ζητεῖτέ
3186 1476 3252 1526 με
3284 1461 3614 1520 ἀποκτεῖναι,
3645 1461 3709 1513 ὃτι
3743 1461 3766 1510 ὁ

2247 1548 2404 1616 λόγος
2431 1551 2459 1601 ὁ
2487 1547 2616 1617 ἐμὸς
2657 1549 2717 1601 οὑ
2747 1551 2914 1620 χωρεῖ
2938 1551 2995 1601 ὲν
3028 1549 3156 1619 ὑμῖν
3176 1564 3188 1576 ·
3217 1567 3235 1600 ι
3274 1549 3368 1602 καὶ
3411 1550 3469 1601 ἐν
3501 1549 3599 1619 τῷ·
3634 1568 3650 1600 ι
3679 1549 3766 1602 Νῦν

2247 1641 2303 1694 δὲ
2324 1638 2534 1710 ζητεῖτέ
2567 1657 2636 1710 με
2655 1640 2989 1705 ἀποκτεῖναι,
3023 1640 3327 1710 ἄνθρωπον,
3358 1641 3417 1703 ὃς
3437 1641 3532 1710 τὴν
3559 1641 3767 1711 ἀλήθειαν

2249 1731 2378 1800 ὑμῖν
2409 1730 2712 1800 λελάληκα,
2759 1731 2827 1800 ῆν
2867 1732 3073 1801 ἥκουσα
3105 1731 3254 1802 παρά
3296 1731 3390 1784 τοῦ
3419 1731 3635 1801 Beryk.
3657 1751 3673 1782 ι
3699 1732 3768 1783 Διὸ

2247 1823 2341 1876 καὶ
2378 1822 2595 1890 λέγεται
2621 1824 2732 1884 τοῖς
2761 1822 2834 1893 μὴ
2875 1822 3053 1886 καλῶς
3090 1822 3312 1894 ζητοῦσι
3341 1822 3401 1874 τὸ
3420 1861 3434 1884 ,
3466 1840 3482 1872 ι
3513 1825 3612 1875 Καὶ
3642 1821 3770 1890 ζητή-

2249 1914 2369 1967 σετέ
2428 1931 2495 1984 με
2519 1954 2534 1979 ,
2571 1933 2591 1967 ι
2641 1915 2741 1967 οὑκ
2785 1912 3025 1968 ἐναντίον
3063 1913 3166 1983 τῷ·
3223 1932 3242 1964 ι
3278 1915 3392 1975 Πᾶς
3429 1916 3457 1966 ὁ
3507 1912 3665 1984 ζητῶν
3701 1915 3770 1965 εὑ-

2249 2006 2448 2077 ρίσκει.
2485 2023 2503 2056 ι
2544 2005 2653 2058 Καὶ
2687 2006 2773 2058 ἀεὶ
2810 2005 2866 2058 δὲ
2904 2005 3158 2076 διαφοραί
3209 2006 3315 2056 είσι
3371 2005 3481 2058 τῶν
3517 2005 3767 2075 ζητούντων

2247 2095 2337 2148 τὸν
2382 2094 2612 2166 Ἰησοῦν,
2645 2095 2706 2147 ού
2737 2094 2951 2147 πάντων
2982 2094 3240 2164 γνησίως,
3266 2095 3359 2147 καὶ
3386 2095 3526 2164 ὑπὲρ
3552 2094 3640 2162 τῆς
3667 2095 3765 2146 ἐαυ-

2245 2187 2353 2240 τῶν
2377 2186 2772 2256 σωτηρίας,κα“ι
2792 2185 2884 2238 τοῦ
2911 2184 3254 2254 ὠφεληθῆναι
3287 2186 3381 2238 ἀπ’
3403 2183 3562 2238 αὑτοῦ
3587 2183 3766 2254 ζητούν-

2245 2295 2353 2332 των
2412 2279 2593 2330 αὑτόν.
2645 2278 2766 2329 Εἰσὶ
2794 2277 2900 2346 γὰρ
2930 2277 3023 2329 καὶ
3074 2276 3215 2329 κατά
3253 2277 3450 2345 μυρίας
3490 2278 3770 2328 ἀποπεπτω-

2246 2369 2406 2431 κυίας
2447 2369 2539 2421 τοῦ
2577 2367 2741 2421 καλοῦ
2778 2367 3062 2438 προθέσεις
3095 2367 3384 2438 ζητοῦντες
3434 2369 3526 2421 τὸν
3566 2367 3766 2436 Ἰησοῦν·

2245 2461 2434 2532 διόπερ
2467 2459 2618 2529 μόνοι
2652 2461 2701 2512 oi
2737 2457 2912 2528 ὀρθῶς
2951 2457 3236 2528 ζητοῦντες
3271 2459 3433 2512 αὑτὸν
3470 2460 3672 2530 εἰρήνην
3701 2450 3768 2508 εὖ·

2249 2569 2360 2625 ρον·
2376 2552 2425 2604 οἳ
2443 2552 2537 2603 καὶ
2557 2549 2762 2620 κυρίως
2789 2550 3012 2618 λέγοιντ’
3030 2551 3097 2604 ἂν
3113 2550 3274 2603 αὑτὸν
3292 2549 3474 2619 ζητεῖν
3494 2551 3579 2602 τὸν
3591 2552 3641 2603 ὲν
3658 2551 3768 2618 ἀρχῇ

2245 2644 2434 2711 Λόγον,
2468 2642 2601 2712 πρὸς
2628 2642 2718 2694 τὸν
2747 2640 2878 2695 Θεὸν
2924 2641 3115 2708 Λόγον,
3151 2642 3243 2694 καὶ
3289 2642 3375 2696 ἵνα
3409 2641 3601 2702 αὑτοὺς
3637 2655 3769 2709 πεοι-

2247 2735 2368 2804 άγοι
2408 2733 2486 2804 τῷ
2518 2734 2708 2805 Πατρί.
2755 2734 2955 2805 Παρὼν
3007 2735 3086 2797 δὲ,
3135 2735 3226 2787 καὶ
3267 2731 3769 2803 ἐμφανταζόμενοςό

2246 2829 2437 2896 Λόγος,
2473 2825 2610 2879 ἐπὰν
2649 2825 2722 2897 μὴ
2754 2826 3089 2897 παραδεχθῇ,
3118 2825 3334 2878 ἀπειλεῖ
3360 2823 3421 2876 τὸ
3446 2824 3679 2890 ὑπάγειν,
3700 2821 3771 2872 καὶ

2246 2919 2391 2986 λέγει
2409 2935 2422 2948 ·
2463 2937 2482 2968 ι
2522 2917 2662 2986 Ἐγὼ
2693 2919 2909 2986 ὑπάγω·
2937 2936 2954 2970 ι
2992 2917 3086 2970 καὶ
3115 2916 3209 2969 ὲάν
3236 2957 3250 2980 ,
3283 2917 3602 2979 ἀπελθόντος
3625 2931 3678 2982 γε
3699 2914 3770 2967 αὐ·

2245 3007 2360 3072 τοῦ,
2390 3007 2640 3078 ζητῶμεν
2668 3008 2828 3060 αὑτὸν
2848 3045 2862 3068 ,
2895 3008 2992 3077 οὑχ
3036 3007 3342 3078 εὑρήσομεν
3386 3007 3566 3070 αὑτὸν,
3604 3005 3700 3060 ἀλλ’
3727 3004 3771 3056 iv

2246 3102 2311 3170 τῇ
2337 3099 2581 3170 ἁμαρτίᾳ
2617 3099 2770 3169 ἡμῶν
2819 3098 3254 3169 ἀποθανούμεθα.
3289 3093 3412 3150 Οἵδε
3440 3099 3501 3152 δὲ
3539 3097 3637 3152 ἀπὸ
3661 3096 3770 3157 τίνος

2246 3191 2466 3260 ὑπάγει,
2495 3191 2588 3244 καὶ
2618 3191 2725 3244 τίνι
2760 3192 3086 3261 παραμένει,
3125 3190 3350 3261 μηδέπω
3387 3190 3769 3260 εὑρισκόμενος.

2246 3284 2311 3336 ἶν’
2336 3285 2393 3336 ὲν
2427 3282 2603 3353 καιρῷ
2635 3283 2830 3354 εὑρεθῇ
2872 3281 2983 3352 (40)
3012 3281 3286 3358 ζητηθείς·
3315 3282 3410 3334 καὶ
3447 3285 3562 3344 τοῖς
3607 3297 3663 3349 γε
3704 3278 3770 3331 οὖ-

2244 3389 2352 3436 τως
2383 3372 2593 3442 ἔχουσιν
2624 3373 2784 3442 αὑτὸν
2807 3414 2822 3439 ,
2864 3374 2958 3426 καὶ
2995 3373 3069 3443 μὴ
3101 3372 3505 3444 τεθεωρηκόσιν
3531 3371 3673 3425 αὑτὸν
3705 3367 3767 3420 λέ-

2244 3478 2419 3530 γεται·
2452 3481 2470 3513 ι
2512 3462 2602 3533 Μὴ
2633 3463 2792 3535 είπῃς
2837 3467 2894 3516 ὲν
2932 3465 2998 3533 τῇ
3031 3462 3228 3534 καρδίᾳ
3267 3479 3390 3515 σου·
3422 3462 3523 3525 Τίς
3552 3459 3769 3527 ἀναϐήσε-

2243 3571 2335 3606 ται
2369 3555 2448 3616 είς
2473 3553 2562 3606 τὸν
2593 3553 2852 3624 οὑρανόν;
2890 3553 3133 3608 τουτέστι
3175 3552 3408 3624 Χριστὸν
3443 3553 3767 3618 καταγαγεῖν·

2244 3645 2300 3714 ἢ,
2332 3643 2428 3707 Τίς
2460 3645 2828 3716 καταϐήσεται
2863 3645 2942 3706 είς
2971 3643 3068 3714 τὴν
3098 3643 3330 3698 ἇὸυσσον
3361 3658 3376 3707 ;
3404 3643 3641 3696 τουτέστι
3665 3641 3768 3707 Χρι-

2245 3734 2368 3788 στὸν
2406 3736 2471 3787 ἐκ
2499 3733 2708 3806 νεκρῶν
2737 3735 3062 3802 ἀναγαγεῖν·
3100 3731 3234 3785 ἀλλὰ
3268 3733 3320 3784 τί
3347 3731 3558 3802 λέγειὴ
3588 3728 3768 3800 Γραφής

2256 3823 2454 3892 Ἐγγύς
2489 3840 2583 3877 σου
2609 3823 2672 3875 τὸ
2698 3823 2847 3893 ῥῆμα
2884 3823 3086 3892 σφόδρα
3119 3824 3177 3875 ὲν
3205 3820 3282 3892 τῷ
3317 3821 3549 3892 στόματί
3575 3837 3677 3880 σου,
3701 3817 3769 3869 καὶ

2243 3916 2300 3967 ὲν
2332 3917 2398 3984 τῇ
2429 3913 2628 3984 καρδίᾳ
2661 3930 2775 3966 σου.
2818 3933 2837 3965 ι
2868 3914 3089 3976 Τούτοις
3127 3913 3185 3964 δὲ
3216 3913 3609 3983 φιλανθρώπως
3635 3914 3659 3964 ό
3685 3909 3769 3961 ἃ»-

2241 4004 2342 4076 τὴρ
2373 4005 2714 4060 ὑποδείκνυσι
2748 4005 2841 4058 καὶ
2869 4004 2936 4060 τὰ
2958 4005 3085 4074 περὶ
3109 4005 3209 4075 τῆς
3239 4003 3333 4057 τοῦ
3364 4003 3506 4056 Θεοῦ
3524 4000 3767 4072 βασιλείας,

2241 4099 2330 4153 ἵνα
2370 4099 2444 4170 μὴ
2496 4098 2731 4168 ζητῶσιν
2765 4097 2931 4168 αὑτὴν
2965 4097 3069 4162 ἔξω
3103 4098 3342 4162 ἑαυτῶν,
3383 4099 3522 4169 μηδὲ
3549 4096 3766 4162 λέγωσιν·

2247 4210 2266 4242 ι
2307 4191 2436 4244 Ἰδοὺ
2461 4184 2586 4255 ὧδε,
2607 4190 2639 4260 ἢ
2662 4189 2769 4244 ἰδοὺ
2797 4191 2930 4243 ἐκεῖ·
2953 4209 2971 4240 ι
3011 4191 3145 4260 φησὶ
3173 4190 3282 4260 γάρ
3307 4189 3521 4254 αὐτοῖς·
3558 4208 3575 4238 ι
3612 4187 3665 4238 Ἦ
3694 4182 3767 4252 βα-

2245 4281 2419 4336 σιλεία
2447 4281 2540 4335 τοῦ
2580 4280 2716 4334 Θεοῦ
2750 4281 2902 4344 ἐντὸς
2926 4281 3081 4351 ὑμῶν
3109 4283 3225 4334 ἐστι
3243 4297 3256 4310 ·
3285 4300 3304 4332 ι
3335 4282 3436 4334 καὶ
3467 4283 3584 4333 ὅσον
3608 4294 3663 4346 γε
3689 4271 3770 4326 σὼ-

2242 4371 2407 4443 ζομεν
2443 4370 2513 4425 τά
2567 4371 2906 4442 ὲνσπαρέντα
2939 4371 3098 4441 ἡμῶν
3147 4374 3212 4441 τῇ
3244 4369 3390 4439 ψυχῇ
3426 4370 3526 4439 τῆς
3557 4363 3767 4434 ἀληθείας

2241 4463 2547 4535 σπέρματα,
2577 4463 2671 4515 καὶ
2701 4462 2801 4525 τάς
2825 4461 3000 4533 ἀρχὰς
3026 4462 3214 4532 αὐτῆς,
3241 4460 3458 4514 οὐδέπω
3483 4454 3768 4528 ἀπελήλυθεν

2240 4560 2330 4628 ἀφ’
2358 4557 2513 4628 ήμῶν
2542 4559 2571 4610 ό
2603 4557 2801 4624 Λόγος·
2856 4556 2951 4608 ὲὰν
2987 4555 3043 4609 δὲ
3089 4555 3196 4609 ἀπὸ
3228 4554 3328 4623 τῆς
3377 4555 3519 4607 κατὰ
3564 4551 3651 4620 τὴν
3693 4563 3768 4596 κα·

2239 4651 2363 4705 κίαν
2388 4649 2594 4720 χύσεως
2614 4647 3019 4720 διαφθαρῶμεν,
3057 4649 3177 4700 τότε
3225 4649 3353 4717 ἡμῖν
3404 4649 3552 4718 ὲρεῖ,
3596 4639 3768 4693 ιὙπὰ·

2239 4758 2319 4810 γω
2347 4781 2361 4803 ,
2403 4759 2421 4791 ι
2464 4740 2581 4801 ἵνα,
2637 4736 2741 4790 κᾶν
2776 4737 3025 4808 ζητῶμεν
3081 4735 3266 4798 αὑτὸν,
3308 4735 3411 4806 οὑχ
3453 4735 3765 4805 εὑρήσωμεν.

2239 4833 2353 4886 ἀλλ’
2396 4835 2454 4885 ὲν
2498 4833 2565 4900 τῇ
2613 4830 2855 4900 ἁμαρτίᾳ
2917 4827 3077 4900 ἡμῶν
3129 4826 3578 4896 ἀποθανούμεθα,
3629 4834 3766 4874 κατα-

2239 4923 2636 4994 λαμϐανόμενοι
2693 4923 2750 4972 ὲν
2793 4919 2964 4990 αὐτῇ,
3004 4919 3098 4972 καὶ
3131 4906 3768 4988 παραλαμϐανόμενοιύτὴ

2238 5013 2439 5083 ταύτης
2488 5011 2592 5063 ὑπὸ
2634 5009 2743 5063 τῶν
2784 5008 3130 5080 τεταγμένων
3165 5009 3257 5061 ἐπὶ
3293 5006 3371 5077 τῷ
3427 5005 3656 5060 ἀπαιτεῖν
3687 4996 3766 5066 τὴν

2235 5104 2448 5175 ψυχὴν,
2519 5098 2658 5156 κατὰ
2705 5101 2795 5154 τὸν
2853 5100 3111 5154 εἰπόντα·
3166 5120 3184 5150 ι
3219 5101 3425 5168 ’Λφρον
3451 5135 3466 5160 ,
3519 5093 3668 5162 ταύτῃ
3711 5090 3764 5155 τῇ

2235 5196 2392 5250 νυκτὶ
2427 5193 2718 5247 ἀπαιτοῦσι
2744 5191 2842 5263 τὴν
2873 5191 3051 5262 ψυχήν
3082 5208 3174 5243 σου
3221 5190 3330 5245 ἀπὸ
3361 5188 3476 5242 σού.
3516 5206 3532 5237 ι
3563 5183 3632 5238 Οὑ
3677 5177 3763 5249 χρὴ

2237 5283 2293 5336 δὲ
2351 5281 2638 5354 παρελθεῖν
2688 5280 3042 5346 ἀνεξέταστον
3074 5279 3192 5332 οὑδὲ
3249 5279 3343 5334 καὶ
3391 5277 3484 5328 τό·
3531 5292 3548 5324 ι
3593 5270 3669 5322 Ἐν
3709 5265 3763 5330 τῇ

2239 5375 2482 5447 ἁμαρτίᾳ
2537 5375 2689 5445 ὑμῶν
2739 5371 3128 5426 ἀποθανεῖσθε·
3171 5391 3188 5423 ι
3248 5372 3295 5423 εί
3351 5369 3446 5440 μὲν
3500 5363 3765 5447 κοινότερον

2238 5446 2592 5538 λαμϐάνεται,
2625 5464 2783 5535 δῆλον
2802 5504 2816 5529 ,
2848 5465 2929 5518 ὅτι
2955 5466 3003 5517 oi.
3030 5461 3342 5534 ἁμαρτωλοὶ
3372 5462 3428 5514 ὲν
3461 5461 3524 5528 τῇ
3554 5446 3765 5522 ἁμαρτίᾳ

1845 5578 1864 5606 θ
1889 5575 2041 5630 Joan.
2075 5581 2293 5647 \‘ttt,40.
2371 5582 2388 5610 ⁷
2426 5579 2614 5634 Matth.
2650 5591 2748 5644 vn,
2778 5578 2831 5634 8.
2911 5579 2932 5610 ⁸
2964 5578 3118 5633 Rom.
3155 5594 3206 5644 χ,
3245 5576 3297 5643 6,
3325 5574 3377 5631 8.
3455 5575 3474 5605 ’
3499 5570 3615 5625 Luc.
3648 5575 3759 5623 nn,

633 5729 743 5794 (40)
774 5730 1023 5797 Εὐίεϐῇ.
1060 5733 1215 5788 Dccst
1245 5735 1295 5787 in
1339 5737 1525 5792 codice
1551 5737 1736 5807 ltrgio,
1773 5750 1828 5794 at
1857 5739 2049 5810 legitur
2078 5740 2129 5793 in
2154 5738 2464 5794 Bodleiano.
