3948 6206
139 309 266 361 559
1233 319 1586 375 COMMENT.
1626 319 1692 373 IN
1725 319 1919 375 JOAN.
1955 317 2196 376 TOMUS
2223 320 2360 374 XIX.
3339 334 3440 390 556

151 430 368 485 αὐτῶν
394 432 817 498 ἀποθανοῦνται,
855 437 903 488 oi
935 436 989 488 δὲ
1019 436 1213 490 δίκαιοι
1244 441 1300 491 ὲν
1333 440 1648 510 δικαιοσύνῃ
1674 457 1687 470 ’
1719 458 1741 493 ε

1877 449 2144 507 repetunt.
2178 459 2197 490 ι
2228 440 2332 495 Sed
2363 455 2428 495 ne
2466 441 2566 495 hoc.
2601 442 2818 510 quidem
2878 445 3111 513 dictum,
3151 467 3168 501 ι
3205 447 3260 505 1η
3317 468 3437 523 pce-

153 522 220 574 δὲ
258 521 333 574 1:6
376 542 394 574 ι
419 525 829 580 ἀποθανεῖσθε-ι
872 528 1013 580 κατά
1051 528 1140 581 τὸν
1179 530 1369 600 ἐχθρὸν
1403 531 1497 584 τοῦ
1530 531 1741 602 Χριστοὲ

1871 539 1992 584 cato
2031 541 2213 585 vestro
2255 533 2581 596 moriemini,
2627 553 2644 585 ι
2677 535 2882 605 absque
2927 538 3178 608 indagine
3213 521 3438 612 praster-

157 613 424 667 θάνατον
453 615 810 687 λαμϐάνεται,
827 619 901 683 ὡς
925 620 1019 674 τοῦ
1044 621 1178 692 πρὸς
1199 621 1426 675 θάνατον
1446 624 1741 695 ήμαρτηκό

1869 625 2111 678 eundum
2177 631 2322 688 est;
2382 639 2508 677 nam
2571 624 2617 678 si
2682 628 3042 682 communiter
3096 631 3436 700 accipiatur,

153 720 260 768 τος
294 706 761 778 ἀποθνήσκοντος,
793 711 972 780 δῆλον,
996 713 1078 765 ὄτι
1105 709 1186 777 οἷς
1208 713 1379 768 ταῦτα
1411 716 1648 784 ἐλέγετο,
1671 718 1741 771 οὑκ

1865 714 2220 783 perspicuum
2273 722 2357 766 est
2412 725 2726 784 peccatores
2792 716 2842 770 in
2898 727 3122 785 peccato
3173 736 3273 775 suo
3324 738 3439 774 mo-

149 793 328 848 δέπω
351 798 837 871 ἀποτεθνήκεισαν.
855 805 962 856 Καὶ
983 804 1235 877 ζητήσεις
1258 808 1374 871 πῶς
1394 809 1440 861 εί
1460 809 1532 878 μὴ
1547 810 1741 863 πιστεύ·

1866 804 2109 865 rituros;
2163 803 2341 872 iustos
2394 819 2522 859 vero
2575 805 2628 859 in
2684 821 2780 860 sua
2831 807 3042 876 iustitia
3092 825 3108 862 :
3163 811 3246 865 sin
3283 826 3434 872 vero.

155 903 402 952 σαντες,
443 890 525 943 ὅτι
573 891 710 956 ἔζων
745 894 1026 964 μέλλοντές
1056 916 1184 952 ποτε
1215 900 1598 954 ἀποθανεῖσθαι
1626 900 1757 971 (41)·
1870 917 1888 946 ι
1951 896 2311 960 moriemini,
2375 914 2393 946 ρ
2445 897 2753 965 accipiatur
2801 897 2868 951 de
2917 909 3129 962 morte,
3187 915 3308 969 qua:
3354 913 3438 955 est

147 976 552 1049 ἀπαντήσεται
585 982 641 1035 δέ
673 1001 756 1048 τις
790 987 882 1038 καὶ
935 987 1069 1058 πρὸς
1102 989 1258 1043 τοῦτο
1299 991 1493 1059 λέγων,
1520 993 1602 1045 ὅτι
1639 1009 1741 1046 κατ

1865 985 2082 1040 inimica
2149 984 2398 1049 Christi,
2473 993 2532 1040 ut
2603 986 2650 1040 is
2713 997 2902 1055 pereat
2973 988 3067 1056 qui
3141 991 3207 1044 ad
3284 1006 3435 1044 mor-

150 1068 360 1122 ἐκεῖνο
389 1072 582 1143 καιροῦ
613 1074 677 1127 τδ
713 1077 938 1146 μηδέπω
971 1079 1242 1134 πιστεύειν
1273 1082 1393 1135 οὐδὲ
1426 1083 1563 1157 πρὸς
1599 1082 1741 1137 θάναι

1865 1088 1969 1134 tem
2031 1079 2329 1149 peccavit,
2385 1078 2732 1148 perspicuum
2789 1089 2873 1134 est
2924 1081 3161 1135 nondum
3232 1083 3432 1152 periis-

144 1177 263 1214 τον
295 1163 603 1235 ἁμάρτημα
629 1162 718 1236 ἦν,
750 1169 844 1221 καὶ
875 1169 1010 1240 πρὸς
1040 1169 1134 1234 οὒς
1173 1175 1202 1224 6
1232 1173 1424 1241 Λόγος,
1454 1175 1666 1228 οὐδέπω
1691 1175 1741 1229 τὲ

1860 1185 1921 1225 se
1987 1185 2081 1225 eos
2143 1171 2340 1240 quibus
2402 1173 2515 1226 haec
2582 1171 2922 1228 dicebantur.
2981 1171 3207 1238 Quaeres
3267 1174 3432 1228 etiam

147 1252 320 1322 πρὸς
355 1253 581 1309 θάνατον
607 1259 1040 1330 ήμαρτήκεισαν,
1066 1261 1179 1315 ἀλλ’
1210 1263 1347 1328 ἔζων
1381 1266 1478 1336 μὲν
1506 1267 1563 1320 ἐν
1594 1267 1758 1320 ἀσθε-

149 1344 297 1415 νείᾳ
320 1347 420 1416 τῆς
441 1347 616 1419 ψυχῆς
648 1351 831 1416 αὑτοῖς
850 1353 960 1425 (42)
977 1370 990 1384 ο
1011 1354 1113 1425 ἠδὲ
1132 1355 1383 1410 ἀσθένεια
1413 1359 1593 1430 εκείνη
1624 1361 1760 1432 πρὸς

148 1432 411 1488 θάνατον
425 1432 510 1507 ἦν’
528 1438 616 1491 διὰ
631 1440 786 1494 τοῦτο
798 1442 889 1496 καὶ
903 1445 931 1496 6
950 1445 1243 1516 ίατρδςμδ)
1253 1488 1265 1508 ,
1280 1446 1492 1513 βλέπων
1504 1450 1758 1523 ὀλεθρίως

153 1524 380 1615 ᾳύτοὺς
429 1527 822 1596 ἀσθενοῦντας,
875 1533 1057 1602 ἔλεγεν
1115 1538 1388 1606 ἀπογνοὺς
1438 1541 1616 1598 αὑτῶν
1657 1543 1756 1615 τὴν

153 1614 496 1684 θεραπείανο
536 1637 554 1670 ι
591 1620 732 1688 Ἐγὼ
763 1622 980 1690 ὑπάγω,
1027 1625 1124 1677 καὶ
1159 1625 1421 1698 ζητήσετέ
1455 1647 1555 1700 με,
1577 1633 1670 1686 καὶ
1696 1614 1741 1686 ἐκ

1856 1625 1979 1677 dum
2015 1623 2183 1676 fuisse
2228 1631 2512 1692 peccatum
2549 1623 2616 1675 ad
2663 1633 2934 1687 mortem;
2963 1632 3016 1676 et
3056 1623 3260 1680 idcirco
3309 1625 3430 1680 illus

151 1707 230 1775 τῇ
271 1705 522 1777 ἁμαρτίᾳ
551 1708 705 1778 ὑμῶν
738 1710 1116 1766 ἀποθανεῖσθε.
1146 1732 1162 1763 ι
1193 1715 1430 1784 Εἴπομεν
1451 1717 1561 1785 (44)
1583 1718 1645 1789 δὴ
1667 1719 1741 1771 τό⁴

1855 1725 2018 1778 penes
2064 1725 2200 1778 quos
2233 1709 2556 1776 loquebatur
2592 1711 2886 1774 Servator,
2923 1711 2990 1762 ad
3042 1722 3271 1766 mortem
3318 1729 3426 1769 non

171 1795 337 1848 Ἐπεὶ
373 1798 406 1868 ἡ
450 1797 706 1854 ἀσθένεια
754 1801 937 1870 ἐκείνη
985 1798 1049 1873 ἢν
1086 1805 1270 1867 αὑτοῖς
1317 1781 1464 1875 πρὸς⁷
1498 1781 1741 1872 θάνατον,

1851 1815 2137 1870 peccasse:
2170 1799 2422 1854 vivebant
2449 1799 2523 1853 illi
2566 1809 2742 1854 tamen
2786 1801 2840 1852 in
2882 1799 3192 1857 infirmitate
3230 1805 3426 1860 anima:

155 1884 262 1938 ἇτε
315 1887 584 1957 μαθόντες
623 1891 733 1944 ἀπὸ
775 1892 868 1944 τοῦ
928 1893 1097 1963 Ἰησοῦ
1141 1895 1402 1966 διαφορὰν
1443 1897 1741 1963 ἀσθενείας,

1849 1907 1962 1948 sum
1982 1933 1996 1958 ,
2027 1905 2252 1961 eratque
2283 1892 2571 1947 infirmitas
2616 1892 2704 1945 illa
2736 1894 2803 1946 ad
2831 1904 3091 1948 mortem:
3135 1904 3418 1964 prOpterca

153 1975 392 2042 ἠσθένει
440 1979 497 2032 δὲ
543 1981 638 2034 καὶ
666 1982 695 2033 6
723 1982 983 2054 Λάζαρος,
1015 1983 1128 2036 ἀλλ’
1155 1984 1269 2055 ᾔδει
1297 1988 1324 2038 6
1353 1988 1554 2058 ἰατρὸς,
1599 1991 1680 2044 ὅτι
1711 1993 1741 2062 ή

1849 1985 2012 2040 etiam
2046 1986 2284 2040 medicus
2327 1985 2516 2037 videns
2550 1984 2670 2038 illos
2718 1985 2916 2040 misere
2949 1995 3308 2052 aegrotantes,
3339 1999 3419 2041 at-

1860 1275 2095 1330 quonam
2162 1271 2322 1331 pacto
2397 1261 2488 1330 qui
2572 1278 2679 1316 nun
2755 1263 3097 1316 crediderant
3156 1279 3216 1318 se
3289 1265 3435 1319 vive-

1863 1365 1921 1404 re
1992 1351 2047 1405 in
2114 1352 2481 1415 infirmitate,
2552 1352 2803 1406 tnorituri
2881 1353 2992 1406 sint
3072 1355 3428 1423 aliquando;

1858 1441 2020 1513 295
2054 1444 2348 1511 prmsertint
2387 1459 2507 1498 cum
2543 1443 2740 1509 aliquis
2783 1443 2835 1496 in
2885 1444 3075 1497 horum
3112 1445 3430 1502 defensione

1857 1536 1927 1590 sit
1955 1547 2313 1602 responsurus
2349 1533 2780 1586 incredulitatem
2808 1533 2858 1586 in
2894 1533 2984 1587 illo
3017 1543 3262 1602 tempore
3292 1552 3426 1589 non-

150 2066 428 2122 ἀσθένεια
461 2071 627 2124 αὑτοῦ
656 2073 714 2125 οὑ
749 2075 884 2145 πρὸς
923 2073 1150 2130 θάνατον
1195 2073 1285 2148 ἦν’
1328 2079 1516 2152 διόπερ
1548 2085 1743 2153 φησίν·

159 2174 182 2206 σ
211 2158 374 2229 Δῦτη
423 2163 454 2232 ή
509 2163 756 2216 ἀσθένεια
805 2165 904 2218 οὐκ
948 2165 1063 2219 ἔστι
1119 2169 1257 2239 πρὸς
1302 2169 1548 2225 θάνατον⁸
1581 2195 1599 2225 ι
1647 2175 1749 2228 Διά

155 2246 349 2312 τοῦτο,
387 2253 491 2304 κᾶν
520 2253 1041 2327 ἀπιλαμϐανώμεθα
1075 2259 1185 2312 τῶν
1213 2261 1506 2317 ἀσθενειῶν
1541 2266 1748 2321 ἑαυτῶν

158 2336 559 2407 ἀσθενούντων,
579 2345 933 2415 προσέχωμεν
957 2351 1164 2419 μήποτε
1185 2351 1321 2422 πρὸς
1340 2352 1566 2407 θάνατον
1586 2356 1747 2410 ἀσθε-

158 2430 444 2519 νήσωμεν.
479 2436 883 2509 μεταϐαλούσης
906 2441 1006 2511 τῆς
1029 2441 1183 2495 νόσου
1216 2443 1324 2496 ἀπὸ
1347 2444 1438 2497 τοῦ
1466 2444 1544 2498 ἔτι
1575 2446 1745 2519 αὑτὴν

160 2514 305 2574 εἶναι
327 2521 586 2576 δύνασθαι
623 2526 736 2598 (45)
779 2530 869 2582 ἐπὶ
901 2531 961 2582 τὸ
986 2531 1222 2585 ἀνίατον.
1244 2533 1391 2604 Ἅμα
1411 2534 1464 2587 δὲ
1487 2514 1745 2604 σαφέστε-

159 2613 262 2685 ρόν
288 2630 411 2678 πως
438 2615 591 2669 ἔσται
629 2618 724 2672 καὶ
751 2620 840 2687 τὸ,
881 2639 900 2672 ι
924 2624 1096 2675 Ὅπου
1125 2624 1234 2692 ἐγὼ
1266 2625 1477 2695 ὑπάγω,
1506 2629 1660 2698 ὑμεῖς
1680 2629 1742 2682 οὐ

159 2705 399 2758 δύνασθε
451 2706 643 2774 ἐλθεῖν,
676 2729 694 2761 ι
749 2712 1141 2784 ἐπιφερόμενον
1190 2716 1299 2787 τῷ·
1363 2737 1380 2768 ι
1411 2720 1519 2771 Καὶ
1572 2722 1630 2774 ὲν
1675 2723 1742 2792 τῇ

157 2797 415 2870 ἁμαρτίᾳ
454 2799 609 2870 ὑμῶν
643 2801 996 2856 ἀποθανεῖσθε
1016 2823 1063 2856 ο»
1091 2807 1218 2860 ὅταν
1249 2808 1356 2879 γὰρ
1387 2810 1632 2882 ἀποθάνῃ
1663 2829 1745 2875 τις

157 2887 225 2939 ιν
257 2891 327 2958 τῇ
361 2889 548 2943 ἑαυτοῦ
593 2892 867 2965 ἁμαρτίᾳ,
919 2895 1051 2948 ὅπου
1096 2897 1292 2965 ὑπάγει
1334 2901 1362 2952 6
1421 2900 1646 2972 Ἰησοῦς,
1683 2903 1742 2956 οὑ

153 2979 392 3034 δύναται
424 2981 706 3036 ἀπελθεῖν·
744 2985 918 3050 οὐδεὶς
962 2988 1071 3059 γάρ
1098 2990 1288 3060 νεκρὸς
1316 2991 1627 3046 ἀκολουθεῖν
1649 2992 1742 3046 δύ-

159 3085 328 3121 ναται
359 3068 437 3139 τῷ
494 3071 687 3141 Ἰησοῦ
727 3089 744 3122 t
811 3079 948 3134 Οὺδὲ
1001 3078 1113 3150 γὰρ
1143 3080 1191 3132 οἱ
1234 3079 1415 3150 νεκροὶ
1467 3081 1738 3135 αἰνέσουσί

155 3173 251 3224 σε,
289 3159 478 3232 Κύριε,
523 3163 642 3217 οὑδὲ
687 3164 886 3230 πάντες
926 3171 973 3221 οἱ
1020 3169 1436 3236 καταδαίνοντες
1464 3174 1542 3236 είς
1574 3172 1733 3244 ᾆδουο

158 3249 287 3302 ἀλλ’
321 3252 476 3321 ἡμεῖς
498 3255 548 3306 oi
580 3255 780 3322 ζῶντες
812 3259 1174 3330 εὑλογήσομεν
1210 3263 1301 3316 τὸν
1331 3263 1585 3334 Κύριον.»
1619 3267 1736 3318 Ἔτι

159 3339 308 3410 πρὸς
331 3340 425 3406 τὸ,
464 3362 482 3395 ι
519 3344 608 3397 Ἐν
631 3349 696 3417 τῇ
730 3347 973 3419 ἁμαρτίᾳ
999 3350 1152 3420 ὑμῶν
1171 3351 1547 3417 ἀποθανεῖσθε,
1579 3374 1596 3405 ι
1631 3373 1736 3408 πα-

167 3430 386 3504 ραθήσῃ
418 3433 479 3485 τὸ
505 3434 570 3486 ὲκ
612 3435 706 3488 τοῦ
764 3437 1021 3508 Ἰεζεκιὴλ
1063 3439 1234 3503 οὓτως
1277 3441 1425 3511 ἔχονο
1468 3443 1736 3516 «Ψυχὴὴ

167 3524 588 3593 ἁμαρτάνουσα,
643 3526 782 3598 αῦτη
837 3529 1221 3584 ἀποθανεῖται·
1250 3551 1267 3582 ι
1347 3532 1574 3597 θάνατος
1629 3534 1738 3606 γὰρ

170 3615 345 3685 inp];
393 3618 668 3688 ἁμαρτία·
722 3616 876 3692 οἶμαι
926 3622 1003 3686 δὲ,
1050 3625 1132 3676 ὅτι
1180 3625 1242 3678 οὑ
1286 3627 1454 3688 πᾶσα,
1510 3626 1625 3678 ἀλλ’
1669 3629 1737 3698 ήν

167 3724 333 3778 φησιν
372 3711 622 3781 Ἰωάννης
642 3712 776 3783 πρὸς
801 3713 1028 3768 θάνατον
1049 3732 1062 3746 ·
1089 3715 1202 3786 ἅμα
1228 3717 1284 3770 δὲ
1301 3717 1395 3772 καὶ
1417 3717 1735 3784 διαστέλλει,

170 3801 251 3851 ὅτι
279 3818 358 3864 τις
392 3803 631 3873 ἁμαρτία
660 3803 887 3869 θάνατός
912 3807 1026 3858 ἐστι
1047 3805 1246 3876 ψυχῆς,
1270 3809 1363 3862 καί
1385 3826 1468 3871 τις
1496 3811 1739 3880 ἁμαρτία

171 3889 417 3944 ἀσθένεια
448 3893 645 3963 αὑτῆς·
677 3894 816 3964 τάχα
845 3895 902 3948 δὲ
929 3896 1023 3948 καὶ
1046 3897 1227 3966 τρίτον
1257 3914 1340 3961 τις
1383 3899 1623 3969 ἁμαρτία
1644 3898 1739 3971 ζη-

175 3980 272 4051 μία
312 3981 490 4053 ψυχῆς
513 3985 679 4048 ἐστιν,
705 3987 948 4057 ἁμαρτία
971 3986 1082 4057 (46)
1111 3987 1349 4059 δηλονότι
1386 3991 1451 4043 ὲκ
1491 3990 1614 4043 τοῦ·
1643 3992 1739 4045 «Τί

173 4073 575 4145 ὠφεληθήσεται
604 4077 698 4132 ἀνθ
708 4095 908 4150 ρωπος,
933 4079 1027 4132 ἐὰν
1051 4079 1170 4134 ὅλον
1195 4081 1286 4135 τὸν
1311 4081 1512 4152 κόσμον
1543 4101 1604 4136 κε
1614 4083 1740 4155 ρδή-

176 4179 262 4240 σῃ,
291 4165 384 4236 τὴν
417 4167 471 4220 δὲ
501 4168 676 4240 ψυχὴν
708 4170 874 4224 αὑτοῦ
912 4170 1173 4242 ἀπολέσῃ,
1205 4172 1238 4242 ἢ
1269 4172 1553 4244 ζημιωθῇς
1583 4193 1601 4226 ι
1646 4175 1740 4228 καὶ

175 4258 238 4310 ἐκ
261 4256 351 4309 τοῦ
371 4275 384 4288 ·
425 4276 443 4309 ι
463 4260 529 4312 Et
555 4277 698 4324 τινος
723 4261 784 4314 τὸ
813 4260 971 4334 ἔργον
1000 4264 1425 4333 κατακαήσεται,
1459 4263 1740 4336 ζημιωθή-

176 4363 341 4401 σεται.
367 4367 385 4399 ι
422 4349 546 4412 Τοῖς
579 4350 677 4420 μὲν
711 4347 804 4404 οὖν
832 4354 888 4404 ὲν
916 4354 980 4423 τῇ
1011 4351 1252 4424 ἁμαρτίᾳ
1281 4354 1738 4425 ἀποθανουμένοις

176 4437 331 4507 φησίν
349 4454 360 4466 ·
403 4458 420 4490 ι
452 4440 696 4508 Ὑπάγω,
729 4443 821 4494 καὶ
847 4443 1105 4514 ζητήσετέ
1137 4462 1224 4514 με,
1252 4446 1344 4498 καὶ
1383 4446 1442 4499 ὲν
1464 4448 1530 4517 τῇ
1559 4449 1736 4518 ἀμαρ-

1844 4443 1981 4500 idem
2031 4443 2245 4513 aliquod
2305 4443 2674 4498 infirmitatem
2725 4454 2846 4494 esse
2916 4439 3032 4505 eius

1849 2091 1956 2144 que
2006 2077 2072 2129 de
2118 2075 2332 2129 illorum
2367 2073 2541 2128 salute
2601 2075 2920 2142 desperans,
2955 2076 3206 2130 diccbat:
3251 2095 3269 2128 ι
3311 2077 3420 2146 Ego

1850 2165 2008 2227 vado,
2036 2172 2092 2216 et
2124 2163 2381 2232 quaeretis
2417 2178 2534 2227 tne,
2567 2171 2615 2216 et
2667 2162 2718 2216 in
2750 2173 2976 2230 peccato
3007 2173 3188 2217 vestro
3218 2165 3421 2219 morie-

1851 2255 2005 2309 mini.
2047 2274 2065 2308 ι
2100 2255 2351 2308 Dicamus
2383 2254 2544 2323 igitur
2569 2253 2710 2321 quod
2743 2254 3036 2308 infirmitas
3064 2253 3153 2307 illa
3191 2253 3296 2308 illis
3348 2255 3417 2310 ad

1848 2357 2074 2400 mortem
2107 2355 2253 2410 erat,
2291 2354 2544 2413 tauquam
2575 2358 2602 2396 a
2648 2343 2777 2397 Jesu
2827 2344 3006 2398 edocti
3058 2344 3416 2400 differentiam

1849 2438 2234 2494 infirmitatis:
2275 2436 2654 2491 iufirmabatnr
2702 2449 2937 2504 namque
2990 2434 3271 2500 Lazarus,
3324 2437 3416 2490 sed

1847 2539 2073 2585 noverat
2123 2528 2364 2582 medicus
2413 2527 2784 2580 infirmitatem
2833 2525 2992 2593 hujus
3037 2542 3143 2582 non
3182 2542 3306 2582 esse
3351 2529 3420 2582 ad

1845 2631 2108 2685 mortem;
2139 2620 2489 2689 quamobrem
2510 2618 2741 2688 inquit“
2769 2635 2826 2672 ει
2854 2618 3147 2674 lnfirmitas
3179 2621 3414 2674 haecuon

1844 2720 1925 2765 est
1972 2712 2039 2766 ad
2101 2720 2353 2766 mortem.
2397 2729 2415 2763 ι
2463 2711 2612 2766 llanc
2655 2711 2724 2766 ob
2783 2725 3006 2765 causam
3057 2712 3102 2764 si
3152 2712 3415 2779 suscipia-

1844 2817 1966 2856 mus
1991 2803 2340 2857 infirmitates
2366 2802 2606 2871 ipsorum
2641 2802 3040 2871 aegrotandum,
3067 2801 3416 2856 adhibeamus

1845 2892 2084 2944 animum
2115 2907 2183 2946 ne
2209 2896 2429 2960 quando
2455 2891 2520 2944 ad
2557 2902 2790 2946 mortem
2841 2903 3198 2962 :rgrotemus,
3226 2894 3416 2946 morbo

1845 2979 1988 3036 facto
2029 2980 2444 3044 immedicabili,
2485 2996 2608 3035 cum
2656 2981 2833 3035 adhuc
2875 2995 3000 3048 spes
3047 2996 3168 3036 esse
3210 2989 3413 3051 posset.

1845 3069 2060 3125 Pariter
2092 3071 2257 3126 etiam
2302 3071 2543 3139 apertius
2585 3070 2816 3139 quodam
2851 3071 3011 3126 modo
3045 3072 3150 3126 erit
3193 3071 3294 3127 hoc
3332 3073 3415 3126 di-

1841 3173 2011 3225 ctum,
2051 3180 2069 3214 ι
2109 3160 2225 3227 Quo
2265 3175 2365 3231 ego
2393 3161 2564 3226 vado,
2609 3175 2709 3214 vos
2739 3175 2843 3215 non
2873 3163 3097 3230 potestis
3130 3163 3413 3227 venire“,o

1839 3256 1985 3325 quod
2017 3254 2357 3324 subiungitur
2389 3253 2494 3310 illis
2521 3254 2734 3308 verbis:
2767 3271 2786 3305 ι
2817 3253 2884 3308 Et
2910 3256 2962 3309 in
2987 3266 3209 3325 peccato
3233 3267 3408 3312 vestrc

1841 3346 2190 3412 moriemini;
2240 3365 2259 3398 ι
2321 3347 2537 3416 quando
2582 3345 2727 3400 enim
2772 3347 3004 3402 moritur
3050 3347 3174 3416 quis
3222 3347 3274 3401 in
3312 3361 3423 3402 suo

1840 3438 2007 3508 ipsius
2031 3448 2286 3507 peccato,
2322 3454 2428 3508 quo
2455 3440 2602 3494 vadit
2653 3437 2813 3494 Jesus
2865 3455 2972 3493 non
3011 3447 3190 3507 potest
3218 3439 3408 3493 abire:

1840 3531 2018 3585 nullus
2045 3531 2189 3586 enim
2222 3541 2463 3586 mortuus
2507 3531 2660 3598 sequi
2696 3540 2876 3598 potest
2916 3529 3132 3594 Jesum,
3165 3531 3411 3598 quando-

1838 3623 2073 3692 quidem,
2107 3641 2126 3674 ι
2158 3621 2275 3676 Νοη
2309 3624 2506 3677 mortui
2536 3621 2832 3675 laudabunt
2859 3629 2932 3684 te,
2963 3621 3212 3684 Domine,
3239 3635 3418 3688 neque

1837 3727 2026 3768 omnes
2062 3712 2152 3781 qni
2182 3711 2516 3765 descendunt
2547 3711 2600 3763 in
2633 3709 2939 3772 infernum;
2971 3707 3064 3762 sed
3095 3722 3191 3760 nos
3224 3707 3409 3760 viven-

1842 3815 1920 3859 tes
1946 3803 2285 3857 laudabimus
2319 3801 2602 3854 Dominum
2636 3801 2698 3853 ¹³.
2738 3817 2757 3850 ι
2793 3799 2873 3852 Ad
2922 3798 3034 3852 haec
3075 3798 3200 3851 huic
3230 3797 3410 3861 dicto,

1845 3914 1862 3946 ι
1895 3894 1950 3948 In
1979 3902 2201 3964 peccato
2249 3902 2431 3947 vestro
2470 3891 2813 3953 moriemini,
2853 3908 2871 3940 ι
2932 3889 3059 3943 illud
3102 3889 3407 3944 Ezechielis

1840 3988 2096 4055 adiunges
2117 3985 2262 4040 hunc
2297 3985 2351 4039 in
2386 3983 2604 4038 modum
2635 3999 2694 4036 se
2717 3985 2961 4040 habens:
3011 4001 3030 4034 ι
3066 3983 3258 4036 Anima
3286 3996 3411 4050 pec-

1840 4093 2005 4145 cans,
2047 4079 2159 4147 ipsa
2197 4077 2425 4132 moritur
2449 4075 2525 4127 “:
2567 4094 2586 4128 ι
2621 4091 2764 4130 mors
2803 4077 2948 4130 enim
2987 4075 3182 4130 anime
3215 4088 3413 4143 pecca-

1842 4180 1989 4233 tum;
2018 4185 2124 4222 non
2159 4184 2319 4224 omne
2367 4177 2566 4232 tamen,
2599 4168 2961 4236 meoiudicio.
2997 4170 3088 4221 sed
3112 4166 3240 4220 illud
3265 4167 3410 4235 quod

1838 4262 1970 4316 dicit
1993 4260 2226 4316 Joannes
2252 4261 2316 4315 ad
2351 4268 2579 4317 mortem
2610 4261 2652 4293 "
2691 4277 2704 4312 :
2748 4261 2840 4330 qui
2877 4260 3079 4328 pariter
3121 4258 3284 4312 etiam
3329 4257 3412 4310 di-

1841 4353 2066 4422 stinguit
2094 4363 2370 4421 peccatum
2417 4351 2635 4421 aliquod
2675 4361 2902 4406 mortem
2937 4364 3058 4404 esse
3091 4349 3284 4402 anima:
3308 4384 3324 4412 ,
3355 4355 3412 4399 et

3079 4453 3096 4491 :
3159 4435 3411 4491 fortassis

171 4530 262 4600 τίᾳ
296 4531 444 4599 ὑμῶν
492 4530 1023 4588 ἀποθανεῖσθε.ὃπου
1065 4535 1176 4604 ἐγὼ
1213 4537 1428 4605 ὑπάγω,
1473 4539 1630 4607 ὑμεῖς
1675 4539 1735 4590 οὑ

1844 4537 2001 4590 etiam
2051 4536 2213 4591 tertio
2262 4535 2422 4591 modo
2475 4539 2752 4602 peccatum
2799 4529 3014 4598 aliqum]
3040 4529 3296 4580 damnum
3325 4535 3411 4580 est

174 4621 392 4674 δύνασθε
425 4622 594 4675 ἐλθεῖν
611 4639 626 4653 ο
652 4642 670 4673 t
702 4623 779 4694 τῷ
805 4623 861 4678 δὲ
884 4625 1074 4697 Πέτρῳ
1092 4644 1107 4660 ο
1139 4645 1158 4676 ι
1185 4628 1359 4680 Ὅπου
1385 4627 1497 4696 ἐγὼ
1524 4628 1738 4697 ὑπάγω,

174 4713 235 4766 οὑ
266 4712 483 4766 δύνασαί
533 4731 622 4784 μοι
673 4714 768 4768 νῦν
815 4715 1208 4787 ἀκολουθῆσαι·
1251 4717 1637 4788 ἀκολουθήσεις
1685 4719 1742 4771 δὲ

179 4801 419 4874 ὕστερονο
447 4823 466 4856 ι
508 4802 808 4877 ἓξεστιγάρ
831 4807 1266 4878 μαθητευόμενον
1293 4809 1371 4880 τῷ
1404 4809 1608 4881 Ἰησοῦ,
1651 4808 1744 4862 νῦν

185 4893 275 4965 μιν
307 4895 376 4966 μὴ
408 4895 846 4969 παρεσκευάσθαι
866 4898 976 4967 (47)
1019 4899 1152 4970 πρὸς
1183 4900 1245 4953 τὸ
1267 4900 1575 4953 ἀκολουθεῖν
1600 4901 1748 4970 αὑτῷ

248 5027 288 5060 ¹¹
311 5025 463 5082 Joan.
497 5047 574 5095 xi,
608 5030 662 5084 ι.

766 5033 809 5064 ¹¹
841 5032 996 5088 Joan.
1031 5049 1145 5100 vnt,
1171 5033 1261 5090 2i.

184 5099 224 5133 ι’
243 5097 421 5152 Matth.
446 5115 557 5165 xvn,
586 5101 678 5156 26.

249 5240 350 5308 (Η)
383 5239 663 5316 (errati-ius
692 5242 905 5316 yidetur
926 5243 1122 5316 legisse
1146 5244 1260 5316 πῷς
1303 5245 1350 5316 οἱ
1406 5244 1479 5316 μὴ
1514 5244 1736 5316 πιστεύ-

183 5327 378 5432 σιξζτθες,
404 5311 485 5364 ὅτι
524 5313 659 5378 ἔζων
689 5314 746 5366 ὲν
776 5313 1050 5386 ἀσθενείᾳ,
1090 5313 1340 5386 μέλλουσί
1369 5311 1496 5368 ποτε
1524 5315 1732 5370 ἀποθα-

183 5397 256 5432 νει
315 5397 390 5432 αι.

183 5397 390 5434 νεισυαι.

249 5448 346 5584 (Η.)
373 5452 605 5516 Αὐτοῖς.
640 5451 945 5518 Legendum
978 5452 1194 5506 videtur
1218 5452 1422 5506 αὐτῶν.

249 5519 326 5580 (45
375 5521 482 5574 Καὶ
511 5524 543 5573 ό
577 5523 790 5584 ἰατρός.
818 5521 978 5575 Deest
1007 5521 1059 5574 in
1089 5523 1274 5576 codice
1311 5521 1418 5575 Bod

248 5519 346 5584 (45)
375 5521 482 5574 Καὶ
511 5524 543 5573 ό
577 5523 790 5587 ἰατρός.
818 5521 978 5575 Deest
1007 5521 1059 5574 in
1089 5523 1274 5576 codice
1311 5521 1620 5579 Bodleiano.

251 5587 349 5658 (tu
381 5590 606 5658 ετπομε

251 5655 348 5728 (45)
378 5655 655 5712 Ἀπάτοῦ
679 5659 765 5711 ἔτι
795 5659 988 5726 αὐτὴν
1009 5655 1158 5712 dim
1189 5655 1498 5714 δύνασθαι.
1528 5661 1733 5728 Legen-

184 5725 294 5782 duin
325 5725 550 5783 fortasse
581 5729 688 5781 ἀπὸ
721 5728 813 5781 τοῦ
845 5729 922 5781 ἔτι
958 5729 1171 5799 ἰαθῆναι
1209 5729 1484 5798 δύνασθαι,
1508 5725 1734 5784 γυίάπὸ

607 5607 664 5643 ν.
699 5590 988 5644 Ferrarius
1016 5591 1223 5659 legebat
1250 5591 1513 5659 εἴπωμεν.

1374 5035 1419 5067 ⁸³
1448 5036 1584 5090 Psal.
1631 5051 1786 5100 cxut,
1821 5038 1906 5107 Π,
1937 5036 2023 5091 18.
2102 5037 2146 5069 ’δ
2174 5033 2369 5090 Ezecb.
2403 5048 2556 5098 xvm,
2596 5031 2685 5086 20.

1839 4631 2066 4692 animae,
2095 4628 2239 4697 quod
2267 4627 2478 4681 scilicet
2516 4640 2580 4678 ex
2617 4639 2682 4678 eo
2721 4624 2890 4692 liquet
2928 4637 2943 4675 :
2983 4639 3002 4673 ι
3038 4622 3175 4688 Quid
3208 4622 3410 4676 utilita-

1842 4721 1914 4775 tis
1941 4719 2164 4776 habebit
2192 4719 2385 4781 homo,
2414 4717 2458 4770 si
2493 4716 2806 4769 universum
2847 4714 3107 4766 mundum
3145 4713 3420 4773 lucretur,

1843 4812 2039 4864 anima:
2065 4822 2194 4862 vero
2222 4821 2333 4862 sua:
2371 4806 2754 4860 detrimentum
2812 4805 3048 4872 patiatur
3073 4804 3156 4856 “1?
3193 4822 3214 4854 ι
3251 4814 3305 4857 et
3343 4818 3418 4858 es.

1844 4917 1942 4958 eo:
1990 4918 2010 4952 ι
2041 4900 2097 4954 Si
2129 4897 2286 4966 cuius
2311 4911 2449 4967 opus
2473 4903 2722 4950 exustum
2758 4895 2944 4960 interit,
2964 4896 3214 4948 damnum
3243 4895 3418 4948 hahe-

2804 5035 2846 5064 ”
2873 5032 2890 5087 Ι
2919 5030 3074 5087 Joan.
3110 5047 3161 5094 ν,
3199 5033 3287 5092 16.
3323 5032 3414 5088 Π,

1841 5245 1934 5365 τοῦ
1968 5244 2046 5298 ἔτι
2068 5245 2238 5317 αὐτὴν
2285 5242 2440 5314 ἰατὴν
2484 5241 2623 5299 εἶναι
2675 5244 2968 5310 δύνασθαι,
3028 5241 3108 5298 νει
3159 5241 3286 5311 quid
3329 5244 3406 5298 si-

1842 5331 1910 5365 IIII
1936 5331 1986 5365 e.

1842 5331 2020 5450 111(εἶθ)
2059 5385 2325 5454 Ἂμαρτία
2353 5383 2937 5453 δηλονότι.”Λμαρτία
2966 5383 3179 5437 videtur
3201 5382 3408 5455 παρέλ-

1838 5472 2022 5593 κεὶἒῖ)
2053 5523 2180 5578 Νῦν
2214 5523 2330 5592 μὲν
2350 5523 2436 5592 μὴ
2472 5522 2975 5590 παρεσκευάσθαι.
3015 5522 3252 5593 Negandi
3281 5541 3411 5593 par-

1842 5595 2001 5647 ticula
2035 5594 2086 5646 in
2120 5593 2371 5647 Ferrario
2430 5607 2534 5645 non
2585 5604 2894 5662 comparet;
2923 5607 3082 5660 quant
3119 5597 3406 5662 genuinam

1843 5675 2024 5785 tzltuten
2051 5663 2188 5717 ratio
2229 5672 2283 5716 et
2334 5661 2548 5717 codices
2608 5661 2963 5734 manuscripti
3011 5674 3066 5718 et
3125 5661 3409 5719 l’eriouius

1841 5749 1869 5786 c
1895 5741 2096 5787 autaut.
