3878 6210
584 345 682 402 551
1992 339 2115 397 Οῐιῐ1

2243 339 2316 395 "3
3693 343 3774 397 si:

583 463 659 516 bit
686 463 754 515 ‘7.
790 478 808 512 ι
852 460 1030 528 Atque
1084 456 1137 511 in
1178 464 1399 526 peccato
1429 457 1647 526 quidem
1683 456 2042 512 morientibus
2073 459 2114 512 ii

2259 454 2470 509 ἀπιόντι
2498 453 2629 524 πρὸς
2665 452 2754 505 τὸν
2785 450 3023 522 Πατέρα,
3059 450 3284 520 ὕστερον
3315 450 3372 503 δὲ
3419 450 3475 516 ἐξ
3516 453 3769 524 ἐπιμελεξας

578 555 695 623 quit
715 552 799 606 ηε
830 570 848 602 ι
885 550 1054 614 Vado,
1080 560 1134 604 et
1158 551 1410 619 quaeretis
1432 564 1536 615 me,
1565 561 1620 604 et
1645 551 1697 604 in
1727 559 1950 619 peccato
1968 560 2109 603 vestr

2258 545 2379 598 κατ’
2425 544 2544 614 ἴχνη
2596 543 2842 613 βαίνοντα
2895 541 3205 595 ἀκολουθεῖν
3249 542 3330 611 τῷ
3375 542 3668 615 διδασκάλῳ,
3699 553 3763 604 καὶ

581 642 884 698 moriemini
918 658 932 693 :
968 657 1076 712 quo
1120 656 1219 710 ego
1276 643 1412 696 vado
1467 657 1571 696 non
1607 643 1831 710 potestis
1871 641 2092 707 venire;

2257 635 2484 689 ἕπεσθαι
2533 635 2610 705 τῷ
2656 635 2812 704 Λόγῳ
2852 633 2946 686 τοῦ
2991 633 3148 686 Θεοῦ.
3189 633 3352 697 Εἰκὸς
3402 633 3478 697 δέ,
3519 636 3592 688 ὅτι
3620 637 3690 690 διὰ
3718 643 3765 693 τὰ

579 737 646 788 ad
677 735 892 790 Petrum
936 749 1098 790 vero:
1136 754 1154 785 ι
1183 735 1298 801 Quo
1346 751 1446 804 ego
1489 735 1624 789 vado
1649 775 1665 800 ,
1699 750 1803 788 non
1855 745 2011 802 potes
2067 749 2110 788 n1

2257 728 2384 798 περὶ
2434 727 2619 787 τέλους
2669 727 2800 796 ἡμῖν
2853 723 3224 794 ὑπονοούμενα
3279 725 3556 795 ἐπιστήσει
3586 745 3656 790 τις
3685 729 3762 799 τῷ·

579 828 738 880 modo
765 827 941 896 sequi,
973 827 1218 896 sequeris
1245 836 1426 880 autem
1458 836 1643 896 postea
1673 826 1755 890 ¹⁹;
1794 844 1813 878 ι
1848 825 1963 880 ﬁeri
2003 824 2110 878 enit

2262 839 2280 871 ι
2315 821 2486 872 Ὅπου
2519 818 2630 886 ἐγὼ
2668 817 2886 886 ὑπάγω,
2919 817 3077 886 ὑμεῖς
3102 816 3163 868 οὑ
3202 814 3431 868 δύνασθε
3459 815 3673 870 ἐλθεῖν»
3699 823 3763 874 καὶ

577 928 758 986 potest
793 900 863 971 ut.
898 919 1199 986 discipulus
1225 917 1350 972 Jesu
1400 933 1505 972 non
1541 917 1608 972 sit
1641 933 1783 972 nunc
1808 917 2024 986 quidem
2058 931 2108 984 p:

2255 910 2391 982 πρὸς
2422 909 2580 963 τοῦτο
2617 911 2752 978 ἐρεῖ,
2792 909 2873 961 ὅτι
2921 907 3097 973 ἔξεστι
3135 905 3230 959 νῦν
3285 907 3382 977 μὲν
3431 908 3506 978 μὴ
3545 907 3756 972 δύνασθαι,

577 1019 727 1063 ratus
749 1009 816 1062 ad
839 1010 1167 1078 sequendum
1192 1008 1467 1064 Christum
1491 1010 1777 1063 abeuntem
1803 1009 1868 1062 ad
1895 1008 2108 1062 Patrem

2256 1000 2481 1072 ὕστερον
2517 999 2574 1053 δέ
2606 999 2932 1071 δυνήσεσθαι
2985 997 3116 1068 (48)·
3179 998 3274 1051 κα)⁹
3303 999 3462 1070 εῖπερ
3494 998 3602 1050 ἐστί
3625 1016 3688 1062 τις
3709 1002 3759 1052 ἐν·

575 1107 760 1166 postea
791 1112 924 1151 vero
949 1098 1234 1166 diligenter
1262 1097 1508 1167 vestigiis
1535 1097 1750 1151 insistat
1775 1097 2106 1166 pt-mceptori:

2255 1091 2501 1162 εστηκὼς
2532 1091 2684 1155 αίὼν,
2723 1093 2817 1145 καὶ
2841 1091 2998 1154 ἀλλος
3037 1089 3264 1161 μέλλων,
3293 1083 3439 1142 οὗτοι
3462 1090 3589 1160 πρὸς
3609 1089 3681 1153 οὓς
3699 1091 3756 1143 te.

576 1199 634 1241 et
686 1197 946 1255 sequatur
993 1189 1308 1243 Sermonem
1360 1189 1477 1244 Dei.
1533 1188 1698 1260 296
1751 1187 2019 1241 Credibile
2065 1201 2107 1240 et

2253 1183 2468 1249 λεκται,
2509 1202 2526 1234 ι
2554 1183 2627 1236 Οὑ
2654 1181 2882 1235 δύνασθε
2922 1181 3118 1245 ἐλθεῖν,
3140 1201 3158 1232 ι
3201 1180 3341 1234 κατά
3371 1181 3462 1233 τὸν
3497 1182 3756 1251 ἐνεστηκότι

575 1289 791 1342 autem,
825 1290 1045 1346 propter
1075 1295 1136 1332 ea
1182 1295 1302 1348 quae
1349 1293 1378 1333 a
1413 1279 1569 1333 nobis
1606 1281 1672 1333 de
1727 1278 1833 1332 ﬁne
1873 1277 2106 1332 intellecl

2253 1275 2424 1329 αἰῶνα
2473 1275 2660 1344 (πολὺς
2687 1274 2744 1328 δὲ
2776 1276 2804 1328 6
2841 1274 3042 1327 λείπων
3073 1275 3153 1338 είς
3191 1274 3287 1345 τὴν
3321 1272 3619 1327 συντέλειαν
3641 1274 3754 1327 αύπῦ

573 1377 737 1430 sunt,
787 1367 1026 1438 aliquem
1087 1369 1328 1422 animum
1356 1369 1422 1421 ad
1455 1367 1505 1422 id
1540 1367 1890 1423 adversarum
1917 1407 1932 1431 ,
1975 1384 1995 1418 ς
2031 1364 2104 1432 Qu

2253 1369 2365 1420 ἐστι
2389 1367 2599 1438 χρόνος)
2637 1366 2697 1418 οὑ
2738 1365 2991 1420 δύνανται
3023 1366 3196 1420 ἐλθεῖν
3233 1368 3366 1419 ὅπου
3408 1361 3623 1435 Ἰησοῦς,
3645 1383 3757 1417 τούτ-

571 1473 672 1528 ego
701 1459 840 1513 vado
863 1500 878 1521 ,
921 1474 1015 1513 vos
1049 1475 1156 1513 non
1187 1459 1414 1528 potestis
1445 1459 1662 1525 venire,
1703 1476 1722 1510 ι
1759 1458 1824 1512 ad
1871 1457 2034 1526 idque
2063 1457 2094 1508 d

2254 1458 2421 1520 ἐστιν,
2465 1459 2598 1510 ὅπου
2631 1458 2664 1527 ἡ
2723 1455 2967 1528 ἀλήθεια,
2997 1456 3091 1510 καὶ
3121 1459 3154 1527 ἡ
3205 1455 3385 1524 σοφία,
3418 1455 3511 1508 καὶ
3545 1455 3572 1507 6
3608 1455 3760 1521 Λόγος·

571 1557 826 1610 cturum,
876 1548 989 1602 ﬁeri
1038 1548 1255 1617 quidem
1306 1564 1472 1618 posse
1508 1558 1566 1603 ιιι
1591 1564 1734 1604 nunc
1784 1565 1890 1603 non
1915 1548 2097 1618 possin

2251 1546 2409 1600 τοῦτο
2453 1545 2564 1616 γάρ
2606 1547 2773 1607 ἐστιν,
2810 1544 2962 1598 ὅπου
3009 1543 3270 1611 Ἰησοῦς·
3323 1539 3438 1596 οῖδα
3467 1543 3522 1596 δέ
3558 1560 3700 1606 τινας,
3723 1544 3767 1594 ei

573 1638 929 1707 imposterum
973 1647 1152 1692 autem
1183 1639 1426 1706 possint;
1479 1647 1534 1692 et
1571 1638 1616 1692 si
1667 1638 1884 1707 quidem
1927 1637 2104 1705 aliquo

2254 1638 2412 1708 μόνον
2445 1638 2502 1689 ἐν
2533 1636 2611 1706 τῷ
2644 1635 2799 1689 αἰῶνι
2834 1635 3026 1705 τούτῳ,
3060 1633 3198 1688 ἀλλά
3227 1633 3321 1686 καὶ⁸
3359 1634 3417 1685 ἐν
3464 1632 3540 1704 τῷ
3577 1632 3769 1703 μέλλοντι

569 1735 656 1780 est
680 1726 934 1780 saeculum
963 1742 1220 1796 praesens,
1255 1727 1398 1780 aliud
1430 1743 1557 1782 vero
1588 1729 1826 1781 futurum
1851 1767 1867 1792 ,
1899 1742 1993 1781 eos
2023 1743 2094 1796 qu

2251 1726 2651 1798 κρατουμένους
2686 1725 2790 1779 ὑπὸ
2835 1727 2932 1795 τῆς
2974 1726 3106 1789 ἰδίας
3157 1724 3466 1796 ἁμαρτίας,
3498 1723 3568 1786 ὡς
3596 1723 3771 1787 τούτους

570 1815 673 1870 bus
694 1817 893 1870 dicitur
913 1855 929 1880 ,
960 1835 978 1868 ι
1001 1817 1115 1870 Non
1142 1817 1366 1885 potestis
1391 1817 1596 1885 venire,
1623 1837 1641 1871 ι
1666 1819 1768 1873 hoc
1792 1817 1988 1872 sarculo
2011 1832 2101 1886 pra

2251 1814 2379 1882 περὶ
2425 1807 2500 1865 ὧν
2543 1828 2706 1883 φησιν
2729 1812 2757 1864 ὁ
2782 1811 2981 1880 Αόγος’
3026 1831 3044 1863 ι
3081 1813 3205 1866 Ἐὰν
3233 1813 3594 1883 βλασφημήσῃ
3628 1815 3691 1874 είς
3723 1814 3771 1864 τὸ

570 1905 707 1957 senti
735 1903 984 1972 (multum
1016 1914 1192 1958 autem
1223 1905 1288 1957 ad
1317 1902 1434 1972 ejus
1456 1906 1974 1960 consummationem
2003 1917 2101 1961 tem

2251 1901 2471 1973 Πνεῦμα
2497 1902 2605 1974 (49)
2633 1903 2693 1955 τὸ
2724 1902 2895 1970 ἅγιον,
2914 1904 3015 1956 οὑκ
3046 1904 3158 1973 ἔχει
3191 1904 3382 1972 ἄφεσιν
3401 1903 3525 1956 οὑτε
3553 1904 3606 1955 ἐν
3631 1903 3765 1972 τούτῳ

568 1998 721 2064 poris
751 1998 1017 2067 superest)
1055 1998 1240 2052 venire
1277 2013 1380 2052 non
1409 2012 1566 2065 posse
1592 1997 1683 2052 ubi
1713 2007 1798 2052 est
1827 1997 2010 2063 Jesus,
2040 2001 2099 2054 hc

2247 1991 2327 2062 τῷ
2368 1991 2548 2053 αἰῶνι,
2584 1989 2705 2044 οὑτε
2735 1993 2792 2043 ἐν
2819 1990 2897 2061 τῷ
2934 1990 3196 2061 μέλλοντι·
3221 2010 3240 2042 ι
3275 1992 3336 2043 οὑ
3367 1991 3550 2060 μέντοι
3573 2006 3629 2057 γε
3652 1991 3690 2041 εί
3711 1989 3769 2058 μὴ

567 2098 647 2141 est
671 2129 686 2154 ,
716 2089 803 2141 ubi
849 2097 933 2140 est
979 2087 1210 2150 veritas,
1242 2097 1294 2142 et
1341 2087 1607 2156 sapientia
1633 2129 1648 2154 ,
1690 2097 1744 2142 et
1776 2088 2002 2156 Sermo;
2039 2091 2098 2145 hc

2249 2085 2304 2137 ἐν
2331 2081 2409 2152 τῷ
2454 2081 2698 2152 μέλλοντι
2724 2081 2834 2152 (50)
2884 2081 3058 2146 αἰῶνι,
3108 2081 3209 2152 ἤδη
3251 2081 3375 2134 οὑδὲ
3413 2082 3471 2134 ἐν
3511 2083 3615 2143 τοῖς
3647 2078 3769 2131 αῖῶσι

565 2179 710 2232 enim
746 2178 1044 2245 significat,
1090 2178 1177 2230 ubi
1221 2188 1298 2232 est
1345 2177 1503 2232 Jews
1545 2193 1563 2232 :
1605 2189 1661 2233 at
1712 2180 1973 2249 quosdam
2017 2197 2096 2237 n0‘

2247 2178 2357 2239 τοῖς
2386 2174 2788 2245 ἐπερχομένοις.
2828 2174 2885 2226 '0
2915 2173 3096 2244 μέντοι
3120 2189 3184 2242 γε
3221 2173 3556 2244 Ἡρακλέων,
3586 2171 3768 2241 ἐκθέμε-

566 2268 656 2337 qui
694 2283 796 2321 non
827 2268 996 2320 solum
1027 2268 1077 2321 in
1127 2269 1228 2322 hoc
1257 2268 1486 2336 szeculo,
1533 2284 1718 2323 verum
1759 2272 1927 2326 etiam
1962 2272 2017 2326 in
2052 2273 2097 2326 fu

2246 2287 2335 2333 νος
2372 2268 2473 2340 τὴν
2517 2268 2644 2339 περὶ
2695 2267 2788 2320 τοῦ
2835 2265 3234 2335 γαζοφυλακίου
3275 2264 3442 2330 λέξιν,
3480 2263 3621 2317 οὑδέν
3653 2257 3770 2314 εἶπεν

569 2365 692 2412 Iuro
724 2373 752 2410 a
805 2359 1023 2426 proprio
1066 2368 1286 2428 peccato
1334 2360 1720 2426 detineantur,
1753 2361 1921 2416 veluti
1985 2363 2100 2418 isto:

2247 2363 2325 2423 εἰς
2354 2361 2540 2431 αὑτήν.
2580 2362 2674 2423 Εἰς
2701 2359 2757 2412 δέ
2783 2359 2863 2422 τὸ,
2897 2377 2916 2409 ι
2953 2359 3125 2411 Ὅπου
3156 2355 3266 2425 ἐγὼ
3304 2357 3522 2425 ὑπάγω,
3555 2355 3691 2425 ὑμεῖς
3717 2355 3763 2406 οὑ

566 2450 634 2502 de
663 2449 857 2516 quibus
890 2448 1059 2504 Filius
1097 2451 1186 2504 Del
1217 2450 1480 2520 inquit":
1507 2468 1524 2500 ι
1550 2451 1650 2517 Qui
1685 2452 2096 2523 blasphemaver

2245 2450 2470 2504 δύνασθε
2511 2450 2704 2516 ἐλθεῖν,
2728 2469 2746 2502 ι
2784 2449 2945 2521 φησί’
2986 2467 3005 2501 ι
3054 2448 3179 2512 Πῶς
3205 2449 3313 2520 (51)
3361 2451 3417 2501 ἐν
3465 2447 3660 2517 ἀγνοίᾳ,
3698 2445 3771 2496 καὶ

567 2540 620 2594 in
653 2541 913 2608 Spiritum
955 2551 1239 2605 sanctum,
1303 2557 1410 2596 non
1467 2543 1692 2599 habebit
1739 2545 2098 2602 remissionen‘

2245 2543 2491 2613 ἀπιστίᾳ,
2518 2543 2612 2594 καὶ
2634 2542 3026 2613 ἁμαρτήμασιν
3051 2541 3224 2603 ὅντες,
3250 2541 3306 2593 ἐν
3331 2539 3606 2610 ἀφθαρσίᾳ
3624 2536 3772 2589 δύναν-

567 2647 744 2699 neque
805 2633 856 2685 in
911 2635 1162 2700 praesenti
1234 2635 1462 2697 szrculo,
1516 2651 1694 2705 neque
1742 2637 1794 2690 in
1859 2637 2075 2703 futuro;

2243 2651 2332 2688 ται
2361 2633 2686 2702 γενέσθαι;ι
2726 2633 2861 2704 μηδὲ
2904 2635 2961 2686 ἐν
3005 2631 3180 2702 τούτῳ
3225 2629 3544 2694 κατακούων
3585 2625 3766 2680 ἑαυτοῦ·

567 2738 668 2776 nec
695 2733 872 2777 tamen
904 2725 1187 2792 sequitur,
1218 2726 1260 2780 si
1303 2743 1407 2780 non
1455 2726 1616 2780 habet
1661 2725 2034 2782 remissionem
2085 2730 2096 2781 i

2245 2728 2293 2780 εἰ
2319 2725 2428 2797 γάρ
2469 2725 2519 2778 οἱ
2558 2725 2615 2777 ἐν
2648 2725 2860 2796 ἀγνοίᾳ,
2906 2724 3000 2778 καὶ
3024 2722 3273 2792 ἀπιστίᾳ,
3310 2721 3406 2774 κα)⁵
3429 2719 3772 2791 ἁμαρτήμασιν

567 2810 749 2864 futuro
778 2812 976 2866 sarculo
997 2851 1010 2876 ,
1049 2829 1155 2866 nou
1188 2814 1388 2868 habere
1434 2814 1485 2868 in
1531 2814 1939 2882 superventuris
1969 2829 2098 2868 saaeu

2243 2818 2415 2881 ὄντες,
2448 2819 2506 2871 ἐν
2552 2816 2833 2888 ἀφθαρσίᾳ
2869 2816 2928 2870 οὑ
2974 2815 3227 2869 δύνανται
3275 2813 3557 2882 γενέσθαι,
3602 2809 3701 2872 πῶς
3737 2808 3771 2858 οἱ

566 2898 654 2951 lis.
690 2899 836 2954 Sane
874 2900 1170 2955 lleracleon
1210 2916 1489 2972 exponens
1532 2903 1824 2957 dictionem
1865 2903 2097 2974 gazoph)

2245 2907 2554 2971 ἀπόστολοι,
2587 2909 2644 2960 ἐν
2674 2906 2865 2976 ἀγνοίᾳ
2889 2905 3001 2978 (52)
3029 2905 3178 2969 ποτέ,
3221 2905 3314 2958 καὶ
3342 2905 3400 2955 ἐν
3439 2900 3673 2970 ἀπιστίᾳ,
3704 2895 3773 2950 καὶ

564 2990 688 3046 lacii
715 3034 730 3057 ,
775 2993 911 3048 nihil
959 2996 1096 3050 dixit
1147 2997 1198 3050 in
1243 3011 1382 3051 eam.
1427 2995 1483 3050 lu
1545 2996 1648 3051 hoc
1683 3006 1864 3050 autem
1906 2996 2095 3052 dictun

2245 2999 2302 3052 ἐν
2344 2999 2704 3070 ἁμαρτήμασι
2753 2998 3054 3068 γενόμενοι,
3104 2999 3162 3050 ἐν
3209 2993 3490 3066 ἀφθαρσίᾳ
3529 2992 3771 3061 γεγόνασις

568 3101 590 3136 ι
618 3084 736 3152 Quo
762 3101 860 3154 ego
886 3088 1058 3154 vado,
1089 3103 1184 3141 vos
1225 3103 1329 3144 nou
1357 3088 1580 3158 potestis
1610 3087 1798 3142 venire
1817 3127 1834 3152 ,
1870 3107 1890 3140 ι
1927 3088 2099 3158 inquit

2248 3088 2508 3144 Δύνανται
2539 3083 2631 3140 οὖν
2674 3087 2724 3139 οἱ
2758 3088 2814 3139 ἐν
2857 3087 3071 3157 ἀγνοίᾳ,
3107 3087 3200 3140 καὶ
3237 3088 3294 3139 ἐν
3341 3083 3585 3155 ἀπιστίᾳ,
3617 3081 3699 3134 καὶ
3732 3079 3776 3130 ἐν

568 3192 588 3227 ι
626 3174 906 3242 Quomodo
937 3180 1025 3248 qui
1058 3179 1110 3232 in
1139 3179 1440 3248 ignorantia
1473 3188 1528 3232 et
1562 3179 1613 3232 in
1647 3178 1967 3234 inﬁdelitate
1989 3194 2090 3234 sun

2245 3181 2605 3252 ἁμαρτήμασι
2656 3179 2938 3250 γενόμενοι
2998 3178 3249 3247 γενέσθαι
3304 3178 3362 3228 ἐν
3413 3173 3707 3244 ἀφθαρσίᾳ,
3739 3168 3775 3220 ιι

561 3275 616 3320 et
651 3267 702 3320 in
742 3270 1012 3337 peccatis,
1051 3269 1494 3338 incorruptibiles
1532 3268 1647 3323 fieri
1673 3270 1943 3338 possunt?
1977 3289 1996 3322 ι
2042 3286 2092 3324 nt

2251 3270 2640 3342 μεταϐάλλοιεν
2662 3287 2676 3300 '
2709 3269 2932 3325 δυνατὸν
2964 3270 3021 3323 δέ
3058 3269 3254 3332 αὑτοὺς
3279 3268 3391 3338 (55)
3444 3262 3773 3338 μεταϐάλλειν.

561 3373 665 3424 que
695 3357 796 3413 hac
846 3361 896 3414 iu
947 3376 1006 3416 re
1039 3361 1139 3415 sibi
1192 3361 1539 3416 consentiens
1587 3377 1759 3431 :,nam
1790 3363 1835 3417 si
1872 3363 1926 3417 in
1982 3363 2285 3432 ignorantia
2312 3405 2327 3430 ,
2353 3372 2408 3418 et
2447 3363 2500 3416 in
2552 3361 2963 3426 incredulitate,
3013 3371 3066 3415 et
3098 3361 3151 3414 in
3195 3361 3433 3429 peccatis
3471 3359 3774 3414 exsistcntes.

568 3449 688 3504 fleri
717 3466 822 3504 non
853 3459 1081 3520 possunt
1111 3449 1576 3520 incorruptibiles,
1625 3453 1894 3520 quomodo
1941 3453 2198 3522 apostoli,
2230 3454 2318 3522 qui
2365 3451 2652 3522 aliquando
2695 3451 2849 3506 fuere
2898 3451 2952 3505 in
2985 3449 3309 3519 ignorantia,
3346 3457 3402 3502 et
3444 3449 3498 3501 in
3531 3443 3776 3500 increduli-

564 3552 712 3608 tate,
765 3551 819 3596 et
858 3545 910 3597 in
961 3544 1198 3610 peccatis
1225 3583 1242 3608 ,
1295 3542 1421 3596 iacti
1471 3551 1601 3598 sunt
1656 3543 2138 3616 incorruptibiles?
2169 3543 2404 3600 Proinde
2451 3552 2678 3614 possunt
2719 3545 2808 3612 qui
2856 3543 2908 3596 in
2951 3543 3352 3607 incredulitate,
3389 3541 3524 3596 etin
3564 3540 3776 3610 ignoran-

563 3634 658 3698 tia,
684 3645 738 3688 et
772 3634 825 3687 in
856 3636 1096 3704 peccatis
1139 3645 1287 3702 sunt,
1317 3635 1432 3691 fieri
1466 3637 1926 3706 incorruptibiles,
1961 3639 2006 3693 si
2049 3641 2442 3705 immutentur;
2480 3637 2746 3706 facileque
2776 3637 2939 3690 etiam
2982 3634 3126 3690 factu
3157 3647 3241 3689 est
3271 3650 3364 3690 eos
3394 3636 3614 3688 mutari.

630 3727 686 3780 4.
733 3745 752 3777 ι
791 3727 1052 3782 Dicebant
1082 3743 1214 3798 ergo
1251 3725 1460 3782 Judazi:
1503 3727 1752 3795 Nunquid
1791 3729 2025 3799 seipsum
2057 3732 2140 3785 in-

2315 3732 2368 3785 4.
2391 3750 2410 3782 ι
2434 3729 2658 3799 Ἔλεγον
2674 3725 2765 3784 οὖν
2779 3731 2828 3782 οἱ
2858 3728 3280 3799 Ἰουδαῖοι-’Μήτι
3298 3730 3591 3782 ἀποκτενεῖ
3607 3725 3772 3787 ἑαυτὸν,

561 3817 892 3871 terfecturus
911 3827 1014 3883 est,
1046 3818 1187 3886 quod
1225 3817 1359 3872 dicit
1403 3834 1418 3871 :
1452 3815 1572 3884 Quo
1595 3831 1693 3885 ego
1721 3818 1878 3885 vado,
1910 3835 2007 3874 vos
2031 3835 2092 3874 no

2243 3822 2325 3874 ὄτι
2385 3821 2566 3889 λέγει·
2632 3821 2804 3873 Ὅπου
2848 3817 2962 3888 ἐγὼ
3005 3819 3222 3886 ὑπάγω,
3267 3819 3426 3888 ὑμεῖς
3473 3819 3536 3871 οὑ
3591 3816 3773 3872 δύνασθε

561 3909 789 3975 potestis
819 3910 1006 3963 venire
1029 3909 1122 3962 "i
1158 3928 1177 3961 ι
1217 3909 1444 3979 Dignum
1472 3913 1704 3978 quaesita
1741 3919 1826 3966 est
1862 3913 2092 3966 undenat

2241 3913 2441 3978 ἐλθεῖν;
2473 3930 2492 3964 ι
2531 3909 2713 3975 Ἀξιον
2756 3908 2990 3982 ζητῆσαι
3026 3909 3187 3962 πόθεν
3237 3908 3550 3979 κινηθέντες
3589 3911 3632 3962 οῖ
3671 3909 3772 3959 Ἰον-

563 3999 692 4050 moti
723 3995 892 4050 Judaei
933 3999 1000 4052 ad
1055 3999 1190 4054 illud
1233 4002 1467 4066 dictum,
1504 4020 1524 4054 ι
1555 4002 1674 4068 Quo
1701 4017 1800 4072 ego
1829 4003 2002 4070 vado,
2037 4019 2094 4058 vc

2241 4002 2372 4057 δαῖοι
2400 4003 2535 4076 πρὸς
2569 4003 2652 4070 τὸ,
2684 4021 2702 4054 ι
2729 4003 2902 4056 Ὅπου
2929 3999 3041 4070 ἐγὼ
3066 4001 3282 4070 ὑπάγω,
3307 4001 3465 4071 ὑμεῖς
3493 4001 3560 4054 οὑ
3587 3996 3772 4053 δύνασθε

563 4104 667 4140 non
700 4088 926 4154 potestis
951 4090 1142 4145 venire
1162 4131 1176 4154 ,
1203 4110 1221 4142 ι
1251 4092 1466 4148 dicant:
1502 4111 1521 4145 ι
1551 4092 1802 4163 Nunquid
1823 4093 2094 4149 interfecti

2238 4095 2409 4149 ἐλθεῖν
2461 4095 2594 4166 (54),
2645 4113 2663 4146 ι
2703 4094 2838 4164 φασὶ
2886 4093 2973 4146 τό·
3012 4112 3030 4144 ι
3074 4095 3220 4164 Μήτι
3262 4093 3560 4146 ἀποκτενεῖ
3600 4089 3769 4148 ἑαυτὸν,

561 4193 654 4232 rus
685 4187 768 4232 est
795 4179 1062 4247 seipsum,
1119 4181 1258 4249 quod
1309 4183 1478 4238 dicit:
1538 4183 1654 4250 Quo
1693 4200 1792 4254 ego
1821 4187 1996 4252 vado,
2039 4201 2092 4240 vo

2240 4188 2310 4241 ὃτι
2366 4187 2546 4254 λέγει’
2602 4187 2774 4240 Ὅπου
2821 4184 2934 4253 ἐγὼ
2983 4185 3200 4252 ὑπάγω,
3261 4185 3418 4255 ὑμεῖς
3466 4185 3528 4237 οὑ
3584 4178 3771 4237 δύνασθε

561 4287 667 4325 non
701 4273 926 4342 potestis
961 4273 1186 4328 venire?
1217 4293 1234 4327 ι
1277 4274 1346 4330 Ut
1381 4290 1509 4330 vero
1532 4277 1694 4331 etiam
1723 4281 1882 4333 detur
1919 4277 2092 4348 simpli

2241 4276 2403 4329 ἐλθεῖν
2427 4293 2441 4340 ;
2465 4295 2483 4326 ι
2525 4277 2643 4330 ’Ὶνα
2672 4276 2728 4329 δὲ
2761 4276 2855 4329 καὶ
2881 4275 3006 4346 δοθῇ
3039 4275 3405 4345 ἁπλούστερον
3439 4276 3634 4338 αὑτοὺς
3651 4273 3772 4342 είρηα

558 4363 676 4418 cius
709 4377 802 4417 eos
851 4363 1082 4431 dixisse,
1116 4383 1135 4416 ι
1177 4364 1431 4436 Nunquid
1475 4367 1860 4424 interfecturus
1911 4378 1993 4424 est
2040 4384 2089 4424 se

2239 4367 2380 4421 κέναι
2408 4367 2500 4420 τό·
2542 4386 2561 4418 ι
2583 4368 2728 4438 Μήτι
2765 4369 3054 4421 ἀποκτενεῖ
3093 4367 3318 4432 ἐαυτόν;
3346 4386 3364 4418 ι
3410 4366 3535 4431 πῶς
3563 4368 3608 4419 ol
3646 4362 3770 4416 δυνά-

560 4453 776 4522 ipsum?
813 4473 830 4506 ι
862 4457 1133 4524 quomodo
1159 4457 1251 4527 qui
1276 4467 1527 4527 poterant
1555 4457 1763 4526 seipsos
1794 4459 2091 4514 interﬁcere

2240 4475 2380 4529 μενοι
2425 4459 2740 4513 ἀποκτεῖναι
2792 4459 3038 4522 ἐαυτοὺς,
3073 4457 3174 4511 κάν
3231 4457 3306 4528 μὴ
3352 4459 3644 4529 ἀναιρῶσιν
3673 4455 3771 4506 ἐαυ-

555 4547 900 4600 etiamsinon
947 4548 1278 4604 interﬁciant
1324 4550 1563 4618 seipsos,
1602 4564 1778 4619 neque
1811 4549 2006 4606 vadant
2059 4568 2086 4606 c

2236 4552 2376 4612 τοὺς,
2411 4550 2544 4619 μηδὲ
2566 4551 2824 4618 γίνωνται
2849 4551 2980 4604 ὅπου
3013 4551 3042 4602 ὁ
3077 4549 3315 4620 ἀναιρῶν
3345 4550 3542 4602 ἐαυτὸν
3577 4548 3767 4616 γίνεται,

553 4653 662 4708 quo
688 4639 834 4694 vadit
865 4640 953 4708 qui
983 4641 1219 4710 seipsum
1252 4641 1540 4710 interﬁcit,
1571 4657 1635 4697 eo
1667 4642 1819 4695 abire
1857 4657 1963 4697 non
1998 4657 2084 4712 pos

2237 4640 2289 4693 οὑ
2336 4640 2586 4694 δύνανται
2629 4641 2742 4711 (55)
2795 4641 3012 4694 ἀπιέναι
3062 4641 3194 4693 ὅπου
3247 4641 3276 4692 6
3326 4641 3567 4710 ἀναιρῶν
3613 4634 3768 4690 ἐαυτὸν

555 4740 680 4783 sunt
703 4744 812 4800 quo
843 4733 1044 4784 recedit
1085 4733 1176 4802 qui
1210 4733 1445 4802 seipsum
1492 4733 1746 4788 interficit
1772 4733 1795 4788 ?
1823 4732 2007 4802 Itaque
2039 4747 2086 4787 re

2237 4732 2558 4804 ἀπέρχεταις
2594 4731 2826 4786 Λεκτέον
2854 4728 2946 4785 οὖν
2988 4731 3125 4803 πρὸς
3176 4730 3245 4784 τά
3291 4729 3599 4802 ζητούμενα
3627 4726 3768 4780 ταῦτα

555 4821 856 4886 spondeam
884 4830 1099 4887 Oportet
1129 4824 1193 4875 ad
1241 4823 1355 4877 hzec
1387 4825 1642 4892 quaesita,
1677 4825 1767 4893 qui
1813 4823 2086 4892 diligentiu

2238 4827 2340 4886 τοῖς
2369 4823 2786 4894 ἐπιμελέστερον
2825 4823 2920 4875 καὶ
2955 4821 3247 4893 βαθύτερον
3288 4821 3548 4876 ἀκούουσι
3581 4818 3678 4872 τῶν
3700 4817 3769 4868 λεν

553 4916 605 4959 et
641 4908 958 4976 profundius
989 4911 1294 4980 intelligunt
1327 4928 1447 4982 qua:
1489 4927 1518 4966 a
1551 4911 1752 4968 Judzeis
1781 4913 2034 4968 dicuntur
2069 4911 2080 4964 i

2237 4911 2472 4982 γομένων
2507 4912 2612 4966 ὑπὸ
2652 4912 2920 4967 Ἰουδαίων
2955 4914 3013 4965 ἐν
3054 4914 3167 4975 τοῖς
3217 4912 3589 4981 Εὑαγγελίοις,
3627 4903 3768 4974 σαφές

624 5068 668 5102 ¹⁷
699 5069 716 5124 l
744 5070 872 5130 Cor.
910 5086 992 5138 ιιι,
1027 5071 1114 5126 l5.
1194 5072 1237 5105 ⁸⁸
1266 5071 1424 5127 Joan.
1461 5089 1578 5141 vm,
1624 5077 1715 5129 2i.
1787 5077 1830 5108 ¹⁹
1859 5074 2016 5131 Joan.
2048 5091 2155 5131 xm.

1874 5074 2016 5131 Ioan.
2048 5091 2166 5138 xm.
2199 5071 2288 5130 56.
2363 5071 2411 5104 ⁸⁸
2445 5070 2632 5126 Matth.
2654 5087 2748 5132 xu,
2774 5073 2863 5127 52.
2943 5073 2986 5103 ¹¹
3009 5070 3293 5136 Joan.vttt,
3316 5070 3405 5124 22.

621 5223 741 5298 (48)
762 5223 854 5298 Sic
884 5224 1235 5298 recteghabet
1253 5225 1434 5298 code;
1457 5225 1798 5298 Bodleianus,
1828 5243 2112 5298 perperam
2294 5228 2408 5296 (52)
2449 5229 2792 5298 Ἐνάγνοίᾳ.
2809 5228 2864 5283 1η
2883 5230 3066 5284 codice
3090 5227 3260 5296 Regio
3281 5226 3420 5280 male
3439 5220 3764 5298 omittiturgy.

548 5288 696 5365 vero;
717 5295 916 5365 Regius
939 5306 991 5350 et
1021 5295 1368 5356 Barberinus,
1395 5294 1450 5348 δὲ
1488 5288 1795 5365 δύνησθαι.⁷
1830 5288 1844 5298 ’
1929 5288 1944 5298 ’

2294 5288 2406 5362 (55)
2442 5288 2709 5354 Δυναίνὸν
2733 5288 2800 5352 δὲ
2815 5301 3054 5364 αὐτούς.
3079 5299 3135 5352 In
3161 5288 3327 5362 Regio
3347 5297 3528 5365 codice
3550 5288 3761 5365 dcestGé.

620 5361 1072 5442 (i9)-[.egendum
1103 5365 1318 5419 videtur
1354 5365 1449 5418 ἐὰν
1503 5361 1872 5438 βλασφημήσῃ
1904 5384 1987 5431 τις
2038 5369 2119 5432 εἰς

2232 5437 2251 5442 _
2293 5368 2406 5442 (54>
2439 5369 2649 5442 Ἄξιον
2669 5361 3142 5442 ζητῆσαι,πβθεν
3169 5361 3515 5442 κινηίὲένῑες
3542 5364 3593 5442 ςι
3612 5361 3761 5442 ,Ἰοεῗ

444 5451 452 5459 ’
548 5428 879 5507 τδμὶλέῆμτᾶο
910 5444 1015 5507 9⁴θο
1197 5504 1207 5507 _
1284 5502 1295 5507 _
1349 5504 1360 5507 _
1475 5428 1514 5507 μ’
1589 5504 1598 5507 _
1651 5428 1663 5434 '
1702 5428 1734 5437 Π
1785 5428 1796 5438 ¹
1968 5428 1980 5431 ﬁ
2075 5428 2114 5507 ί
2221 5428 2543 5504 (Baio/396;;
2565 5439 2666 5491 τό·
2707 5428 3034 5507 ’Ὄέτουέγὼ
3059 5428 3478 5507 ὑπάγιιιίὺμεῖς
3515 5435 3582 5507 οὐ
3602 5428 3762 5507 δύνας

590 5570 598 5578 _
619 5501 732 5567 (50)
854 5493 1057 5578 μέντοι
1077 5519 1141 5578 γε
1160 5504 1210 5557 ει
1221 5502 1310 5578 μὴ
1337 5504 1406 5557 ἐν
1427 5503 1505 5578 τῷ
1524 5504 1830 5578 μέλλοντι.
1861 5505 2117 5575 Agnoscis

2227 5510 2332 5559 σθε
2349 5493 2568 5561 ἐλᾶεῐῖι.
2607 5507 2729 5578 lla}:
2757 5493 3134 5561 desiderantur
3165 5493 3217 5561 io
3244 5493 3414 5576 Regio
3440 5493 3616 5556 codice
3642 5535 3658 5553 .
3679 5493 3758 5548 sed

550 5567 870 5648 hit-sentina
926 5567 1242 5648 Qrige'niani'
1297 5567 1541 5648 erroris;
1576 5577 1669 5644 qui
1731 5567 2116 5630 damnatorum
2235 5579 2597 5648 restituuntur
2624 5576 2997 5648 eiBodleiauo.

547 5641 727 5718 pii-itis
761 5641 920 5718 linem
953 5641 1280 5718 imponebat.
1307 5641 1617 5718 liuertug:
2304 5643 2418 5716 (55)
2450 5646 2625 5702 Codex
2657 5647 2873 5716 llcgius,
2907 5661 3214 5718 perperam,
3238 5643 3477 5698 δύναται.

620 5707 731 5770 (51)
759 5708 936 5763 Codex
965 5707 1184 5776 Regius,
1221 5712 1353 5776 φησι
1375 5713 1502 5779 γάρ’
1535 5714 1679 5780 Πῶς,
1709 5724 1814 5768 etc.
