3878 6210
547 265 652 318 555

2019 250 2178 304 υιιιϐ
2189 249 2344 302 ENIS
3659 248 3739 306 555

549 380 914 453 repetentibus
943 375 1267 448 quibusdam
1299 387 1395 429 eas
1429 373 1496 428 ad
1523 371 1688 444 298
1724 370 1824 426 boe
1855 369 2120 426 ordinatis

2236 385 2337 420 ται·
2369 363 2536 430 εἰδὼς,
2563 365 2646 418 ὅτι
2673 360 2951 435 κρείττους
2977 361 3084 414 εἰσὶ
3111 359 3221 414 τῶν
3247 360 3435 430 ψυχῶν
3465 359 3550 416 ἐπὶ
3580 361 3741 436 ταύτης

548 481 926 536 assumantur,
973 469 1052 524 uti
1101 465 1381 538 probabile
1413 479 1533 522 esse
1581 465 1706 520 lmic
1757 463 1967 518 muneri
2017 462 2118 516 ob-

547 565 730 622 eundo
755 561 1035 615 ordinatos
1054 596 1070 623 ,
1097 557 1188 626 qui
1226 556 1361 626 ipsis
1389 555 1676 611 animabus
1717 555 1826 608 sint
1855 562 2118 623 prtestan-

553 655 750 716 tiores;
787 647 913 703 illud
945 647 1090 702 enim
1126 663 1140 700 :
1179 666 1197 700 ι
1232 645 1521 714 lnsipiens,
1549 644 1654 699 hac
1678 651 1837 698 nocte
1873 649 2124 711 repetunt

547 745 644 797 abs
671 751 722 796 te
751 741 992 794 animam
1027 749 1171 793 tuam
1205 737 1276 803 '°,
1309 755 1328 790 ι
1359 735 1464 792 tale
1494 735 1627 804 quid
1656 733 1923 790 declarat.
1967 733 2120 799 Quod

549 837 592 891 si
624 835 750 905 quis
789 833 934 888 dicat
967 833 1070 886 hoc
1097 830 1314 900 quidem
1343 830 1448 885 diei
1479 843 1640 899 posse
1678 828 1744 882 de
1788 827 1982 891 malis,
2017 841 2122 892 non

549 943 681 982 vero
709 929 774 981 de
800 925 932 980 viris
960 923 1429 994 przestantioribus
1452 961 1467 988 ,
1496 920 1676 990 deque
1715 921 1801 976 bis
1833 920 1924 990 qui
1959 920 2126 989 probe

550 1018 816 1084 vixerint,
871 1016 998 1071 illud
1049 1023 1233 1078 notet,
1287 1027 1470 1068 annon
1537 1013 1800 1068 Dominus
1848 1013 2125 1082 singulare

552 1111 808 1180 quiddam
841 1122 955 1179 ιιι-ιο
987 1106 1244 1163 omnibus
1267 1147 1283 1171 ,
1312 1104 1405 1176 qui
1450 1105 1503 1158 in
1547 1119 1746 1174 corpus
1787 1104 2123 1168 advenerim,

552 1203 619 1256 de
649 1201 826 1269 seipso
851 1198 1170 1254 renuntians
1196 1197 1370 1252 dicat:
1410 1214 1428 1250 ι
1464 1195 1635 1251 Nemo
1671 1194 1809 1249 tollit
1839 1207 1866 1249 a
1896 1210 1985 1250 me
2009 1193 2128 1252 ani-

553 1307 696 1345 mam
731 1305 908 1345 meam
933 1308 948 1356 ;
982 1289 1074 1344 sed
1101 1303 1202 1360 ego
1233 1301 1373 1358 pono
1402 1301 1519 1344 eam
1549 1300 1580 1339 a
1612 1285 1838 1356 meipso,
1865 1293 1922 1342 et
1954 1285 2128 1342 habeo

555 1389 880 1452 potestatem
909 1378 1139 1448 ponendi
1167 1393 1310 1444 eam,
1345 1384 1401 1431 et
1444 1376 1641 1432 iterum
1678 1375 1854 1431 habeo
1886 1382 2126 1444 potesta-

556 1485 665 1529 tem
687 1472 934 1528 sumendi
969 1487 1086 1524 eam
1114 1472 1182 1524 ".
1219 1489 1238 1522 ι
1278 1469 1699 1524 Consideremus
1726 1465 1871 1522 enim
1894 1467 2126 1537 aliquem

553 1565 648 1636 qui
683 1578 806 1618 cum
838 1561 1090 1626 voluerit,
1126 1561 1400 1631 relinquat
1427 1574 1646 1629 corpus,
1701 1566 1757 1614 et
1803 1566 1965 1614 exeat
2011 1558 2129 1614 sine

556 1659 642 1713 via
691 1656 901 1712 ferente
941 1655 1010 1708 ad
1063 1661 1334 1708 mortem:
1383 1651 1592 1706 scilicet
1636 1649 1827 1706 exiens
1869 1651 1990 1706 sine
2028 1642 2131 1706 viis

2221 459 2317 529 τῆς
2341 456 2614 519 διακονίας
2663 451 2984 522 τεταγμένοι
3005 466 3018 481 °
3050 451 3110 504 τὸ
3151 450 3263 522 γάρ
3282 467 3294 480 ·
3330 469 3349 503 ι
3376 451 3590 522 Ἀφρον,
3609 454 3740 525 ταύτη

2221 551 2288 619 τῇ
2321 547 2474 600 νυκτὶ
2498 545 2594 618 τὴν
2621 544 2799 614 ψυχήν
2830 559 2923 596 σου
2953 539 3278 595 ἀπαιτοῦσιν
3314 539 3422 594 ἀπὸ
3455 538 3742 605 σοῦ,ιτοιοῦ-

2222 642 2314 695 τόν
2339 657 2398 693 τε
2425 637 2592 710 δηλοῖ.
2635 636 2758 690 Ἐὰν
2780 632 2846 689 ’δέ
2873 649 2958 699 τις
2988 629 3174 707 φάσκῃ
3219 632 3380 688 τοῦτο
3413 631 3508 703 μὲν
3541 631 3745 688 δῦνασθαι

2225 733 2318 788 ἐπὶ
2367 730 2476 783 τῶν
2521 729 2782 802 χειρόνων
2836 726 3112 795 λέγεσθαι,
3151 727 3213 780 οῦ
3271 725 3379 796 μὴν
3427 725 3518 778 καὶ
3559 725 3748 779 ἐπὶτῶν

2225 822 2568 895 κρειττόνων,
2607 820 2700 872 καὶ
2737 817 2916 882 καλῶς
2971 815 3334 888 βεϐιωκότων,
3377 817 3691 887 ἐπιστησάτω
3714 820 3748 869 εί

2230 914 2304 985 μὴ
2337 911 2616 983 ἐξαίρετόν
2643 927 2696 963 τι
2726 909 2879 980 παρὰ
2912 908 3120 970 πάντας
3151 908 3279 970 τοὺς
3314 909 3372 960 ἐν
3410 907 3611 976 σώματι
3634 923 3748 973 72w-

2229 1005 2422 1077 μένους
2469 1003 2596 1074 περὶ
2645 998 2839 1054 ἐαυτοῦ
2889 997 3250 1067 ἀπαγγέλλων
3285 998 3315 1050 ό
3352 996 3555 1068 Κύριός
3603 1014 3745 1066 φησιν’

2231 1117 2252 1150 ι
2285 1097 2472 1160 Οὐδεὶς
2521 1095 2665 1167 αἴρει
2697 1093 2799 1166 τὴν
2831 1091 3010 1164 ψυχήν
3047 1109 3149 1164 μου
3193 1091 3286 1146 ἀπ’
3333 1087 3501 1160 ἐμοῦ’
3549 1088 3648 1142 ἀλλ’
3674 1089 3752 1157 ἐγὼ

2228 1191 2418 1262 τίθημι
2450 1185 2618 1258 αὐτὴν
2650 1185 2742 1240 ἀπ’
2783 1167 3051 1256 ἐμαυτοῦ·
3089 1182 3336 1248 ἐξουσίαν
3375 1181 3486 1252 ἔχω
3520 1179 3667 1234 θεῖναι
3687 1183 3756 1235 αὑ-

2229 1280 2344 1354 τὴν,
2377 1279 2470 1334 καὶ
2498 1276 2659 1332 πάλιν
2689 1273 2938 1341 ἐξουσίαν
2975 1274 3082 1345 ἔχω
3109 1272 3293 1329 λαϐεῖν
3323 1273 3513 1343 αὑτήν.
3538 1291 3556 1324 ι
3585 1273 3758 1344 Noncu-

2233 1390 2332 1444 μεν
2373 1370 2482 1442 γὰρ
2512 1370 2635 1423 τίνα
2664 1385 2726 1421 τε
2759 1364 3008 1438 βοῦλεται
3037 1364 3148 1435 (65)
3178 1363 3572 1418 καταλείποντα
3601 1363 3652 1416 τὸ
3678 1363 3757 1415 σῶ-

2235 1483 2330 1536 μα,
2367 1464 2463 1518 καὶ
2504 1461 2714 1527 ἐξιόντα
2752 1458 2920 1530 χωρὶς
2961 1456 3083 1512 ὁδοῦ
3125 1456 3226 1528 τῆς
3267 1454 3542 1527 φερούσης
3588 1456 3666 1510 ἐπὶ
3693 1454 3758 1506 τὸν

2232 1559 2481 1622 θάνατον,
2502 1557 2619 1628 ἦτοι
2647 1554 2735 1609 διὰ
2763 1551 2951 1624 βιαίων
2976 1550 3112 1606 ὁδῶν
3137 1549 3170 1622 ἢ
3195 1549 3284 1604 διὰ
3307 1551 3506 1614 νόσων,
3532 1550 3618 1603 καὶ
3638 1550 3761 1603 πάλιν

2234 1651 2371 1705 ἐπὰν
2423 1651 2554 1722 θέλῃ
2606 1649 2928 1711 ἐπανιόντα,
2973 1649 3068 1702 καὶ
3119 1646 3401 1719 χρώμενον
3459 1645 3658 1717 ὀργάνῳ
3704 1644 3762 1715 τῷ

554 1747 826 1811 violentis,
849 1744 934 1800 vel
964 1745 1083 1800 sine
1113 1741 1336 1806 morbis,
1369 1755 1687 1812 rursusque,
1719 1755 1841 1796 cum
1875 1739 2126 1807 voluerit,

2236 1741 2446 1813 σώματι
2488 1741 2518 1795 ὃ
2556 1741 2944 1796 καταλέλοιπεο
3001 1740 3092 1793 τὸν
3133 1739 3243 1811 γὰρ
3293 1737 3536 1792 τοιοῦτον
3574 1737 3765 1809 ἐροῦμεν

561 1835 776 1890 rediens
821 1842 1086 1903 utensque
1127 1831 1490 1887 instrumento
1519 1845 1781 1902 corpore,
1809 1831 1952 1900 quod
2004 1830 2130 1886 reli-

558 1936 788 1998 querat:
829 1928 896 1980 ab
923 1925 1027 1980 hoc
1056 1923 1201 1979 enim
1235 1922 1329 1978 tali
1365 1923 1600 1978 animam
1651 1937 1756 1978 non
1786 1923 1955 1994 repeti
1987 1923 2134 1980 dice-

561 2035 700 2076 mus.
751 2020 830 2076 Ac
869 2018 1070 2075 decens
1113 2016 1356 2089 profecto
1404 2026 1488 2074 est
1521 2019 1588 2072 de
1629 2015 1756 2072 Jesu
1792 2015 1974 2072 anima
2028 2016 2134 2072 isto

561 2111 723 2166 modo
751 2111 937 2166 dicere
963 2118 1194 2165 mortem
1251 2108 1455 2174 fuisse;
1516 2107 1801 2178 ipsumque
1845 2106 2135 2164 ostendere

561 2198 831 2255 volentem
862 2196 1143 2269 discipulis
1177 2195 1516 2252 nobilitatem
1555 2195 1830 2252 discessus
1869 2195 1996 2251 hinc
2025 2195 2133 2262 sui,

562 2290 805 2345 dixisse:
867 2307 886 2341 ι
922 2288 1090 2344 Nemo
1120 2286 1258 2343 tollit
1291 2301 1321 2340 a
1365 2300 1452 2341 me
1499 2286 1738 2341 animam
1772 2299 1949 2341 meam
1972 2329 1988 2355 ,
2038 2286 2134 2342 sed

560 2397 660 2454 ego
682 2396 823 2453 pono
847 2397 967 2436 eam
993 2396 1023 2436 a
1044 2394 1131 2436 me
1153 2382 1271 2451 ipso
1297 2394 1312 2444 ;
1351 2395 1370 2430 ι
1403 2376 1506 2433 hoc
1536 2377 1680 2433 enim
1703 2393 1880 2450 neque
1903 2377 2132 2450 Moyses,

564 2489 738 2543 neque
767 2472 1201 2543 patriarcharum
1244 2471 1473 2540 aliquis,
1507 2483 1681 2538 neque
1724 2470 2135 2540 prophetarum,

563 2581 630 2620 ac
661 2581 728 2621 ne
766 2563 1136 2633 apostolorum
1169 2564 1385 2633 quidem
1423 2561 1620 2632 aliquis
1650 2561 1784 2617 dixit
1820 2572 2018 2632 prazter
2044 2562 2136 2619 .le-

563 2673 704 2723 snm,
740 2656 876 2729 [(6‘)
922 2655 1120 2727 quippe
1163 2670 1288 2709 cum
1322 2653 1565 2710 omnium
1608 2653 1891 2709 hominum
1941 2654 2140 2712 animas

563 2751 636 2802 ab
675 2749 756 2804 eis
787 2746 1158 2820 auferantur.]
1187 2745 1425 2802 Proinde
1446 2785 1460 2810 ,
1496 2746 1598 2801 hoc
1623 2745 1992 2813 considerato,
2024 2761 2136 2802 ma-

568 2839 822 2895 nifestum
853 2853 976 2896 esse
1006 2837 1138 2894 illud
1163 2847 1342 2910 potest
1367 2841 1512 2910 quod
1557 2840 1612 2894 in
1651 2839 1884 2910 septimo
1909 2847 1962 2895 et
1988 2846 2142 2894 octo-

565 2929 773 3001 gesimo
800 2928 1009 3000 psalmo
1048 2928 1249 2983 dictum
1297 2938 1382 2984 est
1411 2930 1518 2985 hoc
1552 2929 1710 2986 modo
1732 2971 1746 2994 ,
1797 2944 1866 2984 ex
1911 2943 2139 3000 persona

567 3018 874 3075 Servatoris
925 3034 939 3070 :
1000 3035 1019 3069 ι
1061 3017 1116 3072 ln
1169 3018 1400 3072 mortuis
1433 3017 1590 3075 liber.
1634 3039 1654 3072 ι
1703 3019 1908 3076 Notans
1958 3029 2138 3074 autem

565 3108 982 3180 Evangeliorum
1017 3109 1217 3178 scripta
1253 3109 1319 3163 de
1345 3108 1588 3165 discessu
1631 3109 1760 3166 hinc
1801 3125 1934 3176 suo,
1986 3111 2138 3168 inve-

567 3206 684 3260 nies
711 3205 762 3259 in
798 3204 903 3259 illis
928 3217 1034 3259 non
1059 3203 1434 3260 dissonantcm
1467 3202 1878 3273 intelligentiam
1909 3205 2140 3277 scripto-

569 3311 688 3352 run.
719 3298 785 3353 de
826 3299 972 3353 exitu
1007 3311 1139 3353 suo:
1177 3312 1301 3352 nam
1330 3299 1374 3353 si
1403 3305 1648 3352 mortuus
1691 3295 1886 3353 fuisset
1918 3298 2141 3368 perinde

568 3401 634 3442 ac
660 3387 734 3443 illi
765 3387 1005 3442 latrones
1034 3389 1126 3457 qui
1155 3402 1276 3443 cum
1305 3402 1372 3444 eo
1403 3388 1654 3444 cruciﬁxi
1688 3389 1839 3445 fuere
1857 3393 1922 3458 '°,
1943 3402 2142 3460 etquo-

569 3494 688 3534 rum
741 3478 938 3534 milites
977 3478 1256 3549 fregerunt
1307 3481 1688 3536 damnatorum
1731 3496 1893 3536 crura
1921 3522 1936 3547 ,
1966 3482 2140 3538 haud-

567 3584 835 3641 quaquam
863 3571 1044 3627 dicere
1070 3585 1358 3642 possemus
1387 3572 1621 3627 animam
1664 3587 1694 3627 a
1733 3574 2025 3644 semetipso
2053 3572 2146 3629 Je-

569 3679 688 3719 sum
721 3665 966 3735 posuisse
993 3707 1008 3728 ,
1038 3665 1133 3720 sed
1163 3664 1345 3735 aliqua
1390 3665 1474 3719 via
1509 3666 1880 3722 morientium.
1905 3667 1977 3721 At
1999 3681 2145 3722 nunc

567 3755 726 3814 Jesus
763 3775 785 3806 ε
817 3768 950 3812 voce
1005 3758 1184 3813 valida
1231 3771 1354 3814 cum
1409 3759 1726 3822 clamasset.
1777 3758 1961 3815 emisit
1994 3758 2146 3829 spiri-

574 3849 786 3910 tum”;
829 3868 847 3900 ι
876 3863 1105 3920 cumque
1133 3851 1321 3917 etiam,
1349 3851 1504 3921 quasi
1538 3866 1657 3920 rex,
1683 3850 1997 3920 reliquisset
2023 3865 2146 3906 cor-

570 3953 706 4005 pus,
745 3946 799 3992 et
839 3952 964 3992 cum
1021 3939 1220 3996 virtute
1274 3952 1327 3997 et
1361 3944 1602 4014 potentia
1651 3952 1910 4014 operatus
1952 3943 2146 3998 fuisset

572 4043 691 4096 qua:
735 4026 1013 4095 judicabat
1061 4041 1485 4088 consentaneum
1532 4048 1655 4089 esse
1708 4034 1922 4098 facere,
1962 4035 2143 4090 statim

577 4137 598 4170 ο
636 4117 812 4172 velum
857 4119 1039 4188 templi
1088 4119 1319 4175 scissum
1359 4133 1442 4177 est
1487 4139 1516 4177 a
1555 4138 1774 4179 sursum
1830 4139 1999 4194 usque
2056 4123 2147 4179 de-

2236 1834 2310 1906 μὴ
2341 1831 2688 1888 ἀπαιτεῖσθαι
2731 1832 2830 1904 τὴν
2859 1832 3058 1905 ψυχήν.
3091 1832 3201 1886 Καὶ
3248 1831 3460 1902 πρέπον
3489 1847 3550 1898 γε
3589 1829 3668 1883 ἐπὶ
3690 1829 3766 1898 τῆς

2245 1925 2420 1999 Ἰησοῦ
2465 1925 2645 1996 ψυχῆς
2686 1925 2830 1979 οὓτω
2871 1924 3052 1994 λέγειν
3100 1924 3192 1978 τὸν
3237 1923 3468 1978 θάνατον
3511 1921 3766 1990 γεγονέναι,

2235 2017 2330 2070 καὶ
2353 2017 2516 2070 αὑτὸν
2551 2015 2900 2087 παραστῆσαι
2932 2013 3254 2085 βουλόμενον
3295 2016 3408 2076 τοῖς
3445 2011 3690 2084 μαθηταῖς
3722 2010 3770 2064 τὸ

2235 2107 2511 2180 ἐξαίρετον
2545 2108 2644 2179 τῆς
2675 2105 2921 2160 ἐντεῦθεν
2955 2105 3121 2161 αὑτοῦ
3153 2104 3496 2176 ἀπαλλαγῆς,
3537 2104 3768 2175 εἰρηκέναι

2234 2203 2325 2256 τό·
2364 2221 2383 2254 ι
2409 2200 2596 2264 Οὐδεὶς
2638 2201 2781 2270 αἴρει
2830 2198 2928 2270 τὴν
2977 2199 3154 2270 ψυχήν
3209 2215 3312 2269 μου
3357 2199 3453 2251 ἀπ’
3496 2196 3644 2268 ἐμοῦ,
3682 2194 3770 2248 ἀλλ’

2235 2291 2348 2362 ἐγὼ
2378 2291 2568 2363 τίθημι
2604 2291 2772 2364 αὐτὴν
2805 2290 2899 2345 ἀπ’
2930 2289 3199 2361 ἐμαυτοῦσ
3225 2308 3243 2342 ι
3281 2286 3440 2343 τοῦτο
3465 2289 3574 2359 γὰρ
3609 2287 3705 2340 οὔτ’
3724 2284 3774 2339 ἂν

2236 2383 2496 2455 Μωῦσῆς,
2525 2384 2586 2437 οῦ
2619 2384 2727 2437 τῶν
2759 2381 3111 2454 πατριαρχῶν
3147 2398 3253 2444 τις,
3287 2381 3323 2452 ἢ
3359 2379 3660 2452 προφητῶν,
3687 2376 3774 2430 οὒτ’

2239 2475 2308 2530 ἂν
2334 2473 2442 2530 τῶν
2472 2475 2785 2529 ἀποστόλων
2813 2491 2898 2538 τις
2934 2469 3055 2526 εἷπε
3081 2471 3160 2543 τῷ
3203 2470 3401 2543 Ἰησοῦ,
3446 2473 3567 2525 ἐπεὶ
3598 2469 3776 2522 πάντων

2237 2568 2296 2620 αἱ
2327 2566 2496 2638 ψυχαὶ
2541 2565 2842 2639 ἀνθρώπων
2875 2563 3120 2636 αἴρονται
3165 2564 3260 2617 ἀπ’
3294 2563 3494 2619 αὐτῶν.
3530 2563 3712 2617 Τούτου
3737 2562 3778 2614 δὲ

2238 2657 2542 2731 νοηθέντος,
2592 2657 2817 2712 δύναται
2859 2657 3026 2726 σαφὲς
3077 2651 3218 2710 εἶναι
3271 2656 3331 2708 τὸ
3370 2656 3430 2709 ἐν
3484 2655 3569 2719 σις’
3617 2652 3780 2724 ψαλμῷ

2238 2747 2426 2802 τοῦτον
2457 2749 2744 2820 εἰρημένον
2793 2747 2886 2801 τὸν
2915 2749 3117 2819 τρόπον
3155 2748 3220 2800 ἐκ
3260 2745 3554 2818 προσώπου
3581 2745 3666 2800 τοῦ
3692 2747 3781 2798 Σω-

2239 2840 2439 2914 τῆρος·
2494 2859 2514 2894 ι
2550 2841 2638 2896 Ἐν
2690 2843 2902 2914 νεκροῖς
2945 2840 3249 2914 ἐλεύθερος.
3282 2860 3300 2894 ι
3376 2841 3694 2911 Ἐπιστήσας
3735 2840 3784 2891 ὲκ

2241 2931 2349 2986 τῶν
2381 2931 2728 3002 Εὑαγγελίων
2758 2935 2870 2996 τοῖς
2899 2931 3304 3004 γεγραμμένοις
3339 2931 3470 3003 περὶ
3509 2931 3606 3004 τῆς
3632 2929 3786 2984 ἐντεῦο

2243 3021 2334 3075 θεν
2367 3021 2532 3075 αὑτοῦ
2565 3021 2909 3093 ἀπαλλαγῆς,
2955 3022 3207 3094 εὑρήσεις
3257 3021 3333 3093 μὴ
3364 3021 3672 3093 ἀπᾴδουσαν
3697 3020 3786 3090 (θό)

2240 3113 2340 3186 τὴν
2378 3115 2507 3186 περὶ
2547 3113 2648 3184 τῆς
2682 3114 2862 3181 ἐξόδου
2891 3113 3054 3167 αὑτοῦ
3089 3113 3314 3186 ἐκδοχὴν
3336 3113 3447 3169 τῶν
3471 3117 3790 3184 ἀναγεγραμ-

2245 3205 2454 3275 μένωνο
2505 3206 2554 3258 el
2607 3205 2706 3277 μὲν
2748 3205 2857 3279 γὰρ
2905 3206 2982 3270 ὼς
3037 3207 3085 3259 oi
3139 3207 3615 3278 συσταυρωθέντες
3666 3204 3790 3273 αὐτῷ

2239 3297 2459 3372 λῃσταὶ,
2500 3297 2610 3353 τῶν
2644 3297 2989 3370 στρατιωτῶν
3018 3298 3396 3366 κατεαξάντων
3421 3299 3492 3353 τὰ
3523 3299 3679 3368 σκέλη
3702 3296 3791 3350 τῶν

2243 3388 2610 3454 πεπονθότων,
2642 3389 2943 3461 ἐτεθνήκει,
2981 3391 3083 3444 οὐκ
3121 3390 3189 3444 ἂν
3234 3390 3518 3462 ἐλέγομεν,
3547 3393 3625 3445 ὅτι
3657 3388 3790 3459 ἔθηκε

2243 3479 2342 3550 τὴν
2381 3479 2558 3552 ψυχὴν
2603 3479 2769 3534 αὑτοῦ
2823 3481 2918 3551 ἀφ’
2965 3481 3180 3546 ἑαυτοῦ,
3230 3481 3366 3536 ἀλλά
3412 3499 3520 3535 τινι
3569 3480 3666 3552 ὀδῷ
3703 3479 3792 3533 τῶν

2243 3571 2726 3642 ἀποθνησκόντων·
2765 3573 2882 3627 νυνὶ
2925 3573 2983 3626 δέ
3026 3577 3056 3628 ό
3107 3573 3332 3646 Ἰησοῦς,
3383 3593 3402 3625 ι
3428 3573 3633 3646 κράξας
3666 3573 3791 3642 φωνῇ

2250 3658 2460 3732 μεγάλῃ
2485 3698 2501 3725 ,
2550 3660 2727 3732 ἀφῆκε
2757 3660 2820 3713 τὸ
2861 3661 3109 3732 πνεῦμιν
3137 3681 3157 3714 ι
3187 3663 3288 3716 καὶ
3314 3663 3393 3727 ὼς
3437 3663 3691 3734 βασιλέως
3717 3680 3795 3715 κα-

2244 3749 2562 3814 ταλιπόντος
2601 3750 2664 3804 τὸ
2710 3751 2890 3822 σῶμα,
2934 3753 3028 3806 καὶ
3067 3754 3461 3826 ἐνεργήσαντος
3494 3755 3631 3826 μετά
3664 3754 3795 3808 δυνό-

2250 3858 2396 3912 μεως
2414 3881 2428 3907 ,
2482 3842 2577 3897 καὶ
2632 3841 2880 3908 ἐξουσίας
2899 3881 2914 3908 ,
2958 3843 3103 3915 ειπερ
3159 3846 3374 3917 ἔκρινεν
3427 3845 3645 3915 εῦλογον
3679 3844 3798 3900 εἶναι

2248 3937 2441 4000 ποιεῖν,
2471 3934 2674 4000 εὐθέως
2714 3953 2734 3987 ι
2762 3936 2824 3990 τὸ
2857 3938 3258 4010 καταπέτασμα
3302 3938 3398 3992 τοῦ
3439 3939 3572 3994 ναοῦ
3604 3939 3800 4010 ἐσχίσθη

2247 4025 2451 4080 ἄνωθεν
2478 4027 2581 4090 ἕως
2616 4025 2788 4092 κάτω,
2824 4029 2917 4081 καὶ
2942 4031 2976 4100 ἡ
3009 4029 3083 4099 γῆ
3126 4029 3367 4102 ἐσείσθη,
3408 4032 3506 4085 καὶ
3547 4034 3602 4086 αί
3630 4032 3802 4102 πέτραι

2249 4117 2597 4190 ἐσχίσθησαν,
2631 4119 2724 4172 καὶ
2755 4119 2824 4173 τὰ
2852 4123 3090 4191 μνημεῖα
3114 4121 3466 4193 ἀνεῴχθησαν
3484 4139 3498 4153 ·
3533 4125 3624 4177 καὶ

570 4224 790 4275 orsum,
817 4217 884 4283 et.
902 4219 1044 4264 terra
1077 4218 1223 4264 mota
1255 4220 1338 4265 est
1364 4252 1379 4279 ,
1410 4221 1464 4266 et
1490 4222 1655 4280 petra:
1687 4215 1875 4270 scissa:
1906 4223 2058 4280 sunt,
2091 4226 2134 4270 el

2251 4208 2480 4279 σώματα
2529 4208 2638 4262 τῶν
2683 4211 3098 4282 κεκοιμημένων
3149 4212 3320 4282 ἁγίων
3361 4214 3687 4288 ἠγέρθησαν,
3725 4213 3805 4265 καὶ

575 4310 926 4356 monumenta
943 4309 1125 4372 aperta
1145 4309 1291 4366 sunt,
1306 4309 1359 4355 et
1377 4302 1542 4356 multa
1562 4318 1792 4373 corpora
1807 4313 2134 4373 sanctorum,

2248 4299 2555 4366 ἐξελθόντες
2599 4300 2706 4354 ἀπὸ
2751 4301 2859 4355 τῶν
2926 4304 3205 4374 μνημείων
3259 4304 3398 4375 μετά
3449 4305 3548 4379 τὴν
3611 4305 3805 4374 ἔγερσιν

572 4394 667 4464 qui
687 4392 1040 4459 dormierant.
1063 4405 1440 4463 surrexerunt,
1465 4407 1520 4450 et
1541 4396 1748 4466 egressi
1770 4410 1801 4451 e
1827 4411 2134 4452 monumen‘

2251 4389 2436 4455 αὐτοῦ,
2474 4391 2718 4463 εἰσῆλθον
2748 4392 2858 4464 (67)
2905 4395 2984 4458 είς
3035 4394 3130 4466 τὴν
3169 4395 3329 4464 ἁγίαν
3373 4396 3550 4461 πόλιν,
3583 4398 3671 4451 καὶ
3711 4398 3806 4448 ἐνε-

574 4488 646 4541 tis
666 4496 787 4558 post
805 4487 1258 4544 resurrectionem
1279 4489 1416 4560 ejus,
1441 4487 1671 4558 ingressi
1689 4495 1812 4543 sunt
1831 4488 1882 4542 in
1899 4499 2134 4546 sanctam

2253 4483 2587 4555 φανίσθησαν
2609 4485 2840 4550 πολλοῖς·
2865 4506 2884 4537 ι
2907 4486 2984 4552 ὡς
3010 4507 3029 4538 ι
3049 4487 3138 4541 τὸν
3158 4489 3580 4562 ἑκατόνταρχον,
3596 4490 3683 4543 καὶ
3699 4490 3808 4549 τοὺς

574 4580 872 4644 civitatem,
889 4589 1319 4652 etapparuerunt
1333 4581 1546 4638 multis:
1569 4599 1592 4634 ν»
1614 4579 1687 4635 ita
1705 4589 1764 4635 ut
1784 4581 2078 4648 «centurio,
2093 4592 2134 4638 el

2256 4582 2371 4651 μετ’
2392 4579 2556 4633 αὐτοῦ
2572 4580 2868 4656 τηροῦντας
2885 4582 2976 4635 τὸν
3005 4581 3230 4653 Ἰησοῦν,
3253 4583 3460 4647 ἰδόντας
3480 4583 3573 4638 τὸν
3589 4582 3807 4652 σεισμὸν,

577 4672 667 4738 qui
693 4686 814 4726 cum
845 4670 934 4726 illo
950 4682 1127 4738 erant,
1146 4682 1423 4730 servantes
1445 4671 1650 4740 Jesum,
1674 4672 1789 4730 viso
1806 4680 1966 4728 terra
2001 4681 2134 4728 mott

2254 4673 2347 4726 καὶ
2371 4670 2441 4725 τὰ
2466 4673 2751 4743 γενόμενα,
2771 4671 3069 4744 φοϐηθῆναι
3096 4674 3319 4745 σφόδρα,
3339 4674 3598 4745 λέγοντας
3615 4692 3629 4705 ·
3667 4672 3811 4742 ’Δληο

575 4765 746 4835 299
788 4773 985 4833 etquae
1035 4765 1256 4829 ﬂebant,
1294 4765 1451 4822 valde
1495 4766 1792 4831 timuerint,
1854 4764 2094 4820 dicentes
2130 4784 2134 4819 :

2256 4763 2364 4828 θῶς
2394 4763 2529 4818 Θεοῦ
2571 4765 2698 4830 Υἱὸς
2735 4761 2803 4837 ἦν
2839 4759 3011 4830 οὗτος.
3060 4785 3080 4819 s
3121 4767 3275 4837 Τάχα
3322 4763 3417 4822 οῦν
3450 4771 3509 4822 ἐν
3542 4771 3657 4833 ταῖς
3700 4764 3816 4836 περὶ

585 4854 721 4908 Vere
767 4853 936 4910 Filius
981 4856 1072 4912 Dei
1126 4867 1244 4912 erat
1279 4857 1368 4912 hic
1393 4857 1460 4911 ⁸⁸.
1499 4875 1518 4908 ι
1558 4854 1832 4911 Fortassis
1877 4853 2040 4924 igitur
2093 4868 2134 4908 ut

2255 4852 2490 4925 Χριστοῦ
2517 4854 2876 4926 παραδόσεσιν
2898 4851 2986 4928 ἦν,
3008 4855 3195 4930 ὥσπερ
3222 4857 3285 4910 τὸ
3313 4858 3640 4929 γεγενῆσθαι
3665 4856 3818 4910 αὐτὸν

585 4945 638 5000 in
674 4944 1057 5003 traditionibus
1080 4949 1146 5004 de
1167 4947 1383 5004 Christo
1411 4956 1530 5004 erat
1551 4963 1674 5004 eum
1725 4946 2061 5003 nasciturum
2091 4947 2134 5000 in

2250 4945 2312 4999 ἐν
2347 4945 2612 5018 Βηθλεὲμ,
2656 4948 2754 5001 καὶ
2778 4947 2840 5001 τδ
2878 4949 2944 5002 ἐκ
2982 4949 3154 5021 φυλῆς
3209 4949 3381 5005 Ἰούδα
3426 4949 3820 5022 ἀναστήσασθαι

645 5065 693 5100 ³⁸
724 5062 858 5119 Luc.
895 5081 993 5131 xu,
1028 5065 1121 5120 20.
1196 5066 1241 5097 "
1269 5064 1424 5121 Joan.
1457 5080 1513 5128 ιι,
1548 5063 1637 5121 18.
1712 5063 1758 5096 ⁸⁸
1792 5061 1945 5118 Joan.
1974 5077 2092 5127 xu,
2121 5062 2211 5118 52.
2287 5063 2330 5094 "
2361 5062 2551 5118 Matth.
2577 5079 2748 5130 xxvu,
2775 5062 2864 5120 50.
2940 5066 2985 5100 ³⁰
3016 5064 3206 5122 Matth.
3238 5081 3407 5132 xxvu,
3438 5067 3503 5123 51
3539 5082 3651 5139 seq.

583 5155 1005 5232 tutiquejudicii
1039 5157 1270 5232 formula
1301 5158 1367 5216 ad
1409 5155 1625 5232 inferos
1671 5155 1968 5232 proﬁcisci,
2024 5171 2134 5232 cun

2297 5155 2442 5232 _(65)
2473 5156 2654 5232 Qodex
2685 5155 3030 5232 Bodleianus,
3050 5158 3171 5232 γὰρ
3191 5159 3309 5232 τινα
3335 5177 3395 5232 τε
3417 5158 3682 5232 βούλεται.
3723 5155 3824 5232 ιιι).

579 5226 718 5284 ducé
748 5226 836 5302 ιιιρ
853 5229 944 5302 _cui
973 5230 1284 5302 mandatum
1323 5236 1410 5302 est
1430 5241 1524 5302 eos
1553 5226 1700 5281 illinc
1730 5226 1906 5302 istbuc
1957 5226 2134 5302 tradu-

2257 5226 2379 5302 gius
2406 5226 2467 5302 et
2489 5227 2836 5302 Barberinus,
2865 5226 3158 5302 γὰρ-τίνας
3192 5247 3250 5284 τε
3285 5226 3828 5302 βούλετααιιεερζιει

580 5313 724 5353 cere.
761 5315 782 5350 ι
815 5298 958 5356 Idem
999 5296 1162 5371 habet
1201 5294 1632 5371 Plotinus_Enn._
1656 5311 1734 5371 ut,
1763 5295 1854 5371 lib.
1888 5311 1963 5371 tv.
2017 5296 2134 5351 Ani-

2255 5294 2537 5371 Perionius
2566 5297 2677 5368 γάρ
2695 5315 2840 5367 τινα,
2865 5294 2958 5352 ὅτε
2979 5294 3251 5370 βούλεται,
3285 5294 3448 5371 "quod
3495 5301 3624 5354 mihi
3675 5294 3828 5351 i'alde

582 5382 793 5438 marina
834 5377 1013 5430 autem
1045 5367 1129 5423 vel
1161 5379 1214 5424 et
1263 5369 1343 5434 εἰς
1389 5367 1535 5432 ᾶῖδος
1568 5365 1661 5438 δῷΔ
1692 5367 2134 5438 deducendarum

2260 5368 2545 5438 probatur-

583 5435 668 5510 yel
692 5436 818 5492 inde
846 5439 1477 5510 evocandarummunus
1505 5447 1560 5496 et
1581 5436 1812 5510 ollieiurp
1842 5436 2149 5510 vetustigfa-
2262 5435 2277 5438 ⁷
2329 5435 2442 5510 (66)
2494 5435 2664 5492 Codd.
2719 5438 2922 5510 Regius
2978 5451 3032 5496 et
3091 5439 3461 5510 Barberinus,
3506 5435 3826 5502 ἀποδοῦσαν,

584 5505 854 5568 bulatores
877 5509 1222 5579 assignarunt
1250 5507 1540 5579 Mercurio,
1571 5507 1664 5579 qui
1699 5507 1820 5564 inde
1851 5508 2147 5579 πομπαῖος,
2257 5505 2418 5579 male.

586 5575 1771 5704 ἐιιιςτοιετεείοξιξξεῖιξιιειιξιιῖέξςιυε
1973 5575 2148 5632 "m-

699 5579 959 5659 ξοπομπός
992 5575 1058 5659 et
1102 5575 1771 5659 ψυχαγωγόςβρρὲιιοιιιε
1816 5575 1938 5635 εει(
1973 5575 2148 5632 Huar.
2260 5575 2634 5659 “(67)lidem
2701 5578 2858 5638 codd.
2922 5578 3122 5652 Regius
3161 5588 3215 5638 et
3246 5579 3610 5654 Barberiuus,
3665 5579 3828 5634 εἰσελ-

656 5643 770 5714 (64)
815 5643 991 5704 Haece
1016 5643 1274 5704 Per‘ioiiio'
1305 5643 1689 5720 suppleri'mus.
2031 5715 2036 5719 ,
2259 5643 2460 5709 θόύτες.
2499 5649 2657 5706 male.
3004 5643 3030 5652 ⁷
3360 5662 3373 5673 ‘

2259 5644 2460 5709 θόντες.
2499 5649 2657 5706 male.
