  <div class='ocr_page' id='page_1' title='image "/cluster/home/n/w/nwhite01/storage/ocr_20150623/14/hvd.32044073501363/284.png"; bbox 0 0 3948 6206; ppageno 0'>
   <div class='ocr_carea' id='block_1_1' title="bbox 228 275 350 330">
    <p class='ocr_par' dir='ltr' id='par_1_1' title="bbox 228 275 350 330">
     <span class='ocr_line' id='line_1_1' title="bbox 228 275 350 330; baseline 0 0"><span class='ocrx_word' id='word_1_1' title='bbox 228 275 350 330; x_wconf 65' lang='lat'><strong>557</strong></span> 
     </span>
    </p>
   </div>
   <div class='ocr_carea' id='block_1_2' title="bbox 1309 266 2470 329">
    <p class='ocr_par' dir='ltr' id='par_1_2' title="bbox 1309 266 2470 329">
     <span class='ocr_line' id='line_1_2' title="bbox 1309 266 2470 329; baseline -0.002 -2"><span class='ocrx_word' id='word_1_2' title='bbox 1309 270 1670 329; x_wconf 75' lang='lat' dir='ltr'><strong>COMMENT.</strong></span> <span class='ocrx_word' id='word_1_3' title='bbox 1714 268 1776 323; x_wconf 82' lang='lat' dir='ltr'><strong>IN</strong></span> <span class='ocrx_word' id='word_1_4' title='bbox 1817 268 2009 326; x_wconf 74' lang='lat' dir='ltr'><strong>JOAN.</strong></span> <span class='ocrx_word' id='word_1_5' title='bbox 2053 266 2293 326; x_wconf 73' lang='lat' dir='ltr'><strong>TOMUS</strong></span> <span class='ocrx_word' id='word_1_6' title='bbox 2323 266 2470 325; x_wconf 72' lang='lat' dir='ltr'><strong>XIX.</strong></span> 
     </span>
    </p>
   </div>
   <div class='ocr_carea' id='block_1_3' title="bbox 3417 280 3520 330">
    <p class='ocr_par' dir='ltr' id='par_1_3' title="bbox 3417 280 3520 330">
     <span class='ocr_line' id='line_1_3' title="bbox 3417 280 3520 330; baseline 0.01 -1"><span class='ocrx_word' id='word_1_7' title='bbox 3417 280 3485 329; x_wconf 62' lang='grc' dir='ltr'><strong>εις</strong></span> <span class='ocrx_word' id='word_1_8' title='bbox 3498 282 3520 330; x_wconf 66' lang='grc' dir='ltr'><strong>ἶ</strong></span> 
     </span>
    </p>
   </div>
   <div class='ocr_carea' id='block_1_4' title="bbox 227 384 1807 464">
    <p class='ocr_par' dir='ltr' id='par_1_4' title="bbox 227 390 1807 464">
     <span class='ocr_line' id='line_1_4' title="bbox 227 390 1807 464; baseline -0.001 -17"><span class='ocrx_word' id='word_1_9' title='bbox 227 393 388 447; x_wconf 84' lang='grc' dir='ltr'>κατᾶ</span> <span class='ocrx_word' id='word_1_10' title='bbox 418 392 516 457; x_wconf 74' lang='grc' dir='ltr'><strong>τὰς</strong></span> <span class='ocrx_word' id='word_1_11' title='bbox 542 393 713 462; x_wconf 85' lang='grc' dir='ltr'>ὑγιεῖς</span> <span class='ocrx_word' id='word_1_12' title='bbox 733 390 955 462; x_wconf 75' lang='grc' dir='ltr'>ὲκδοχὰς</span> <span class='ocrx_word' id='word_1_13' title='bbox 976 391 1081 444; x_wconf 80' lang='grc' dir='ltr'>τῶν</span> <span class='ocrx_word' id='word_1_14' title='bbox 1108 392 1460 464; x_wconf 80' lang='grc' dir='ltr'><strong>προφητικῶν</strong></span> <span class='ocrx_word' id='word_1_15' title='bbox 1476 392 1671 462; x_wconf 80' lang='grc' dir='ltr'>λόγων,</span> <span class='ocrx_word' id='word_1_16' title='bbox 1689 391 1807 446; x_wconf 67' lang='grc' dir='ltr'>οῦτο</span> 
     </span>
    </p>
   </div>
   <div class='ocr_carea' id='block_1_5' title="bbox 1916 384 3573 464">
    <p class='ocr_par' dir='ltr' id='par_1_5' title="bbox 1938 384 3573 457">
     <span class='ocr_line' id='line_1_5' title="bbox 1938 384 3573 457; baseline 0.004 -18"><span class='ocrx_word' id='word_1_17' title='bbox 1938 384 2279 450; x_wconf 82' lang='lat' dir='ltr'><strong>Bethlchem,</strong></span> <span class='ocrx_word' id='word_1_18' title='bbox 2319 386 2767 456; x_wconf 83' lang='lat' dir='ltr'><strong>proditurumque</strong></span> <span class='ocrx_word' id='word_1_19' title='bbox 2790 400 2854 439; x_wconf 76' lang='lat' dir='ltr'><strong>rx</strong></span> <span class='ocrx_word' id='word_1_20' title='bbox 2892 386 3032 440; x_wconf 88' lang='lat' dir='ltr'><strong>trilm</strong></span> <span class='ocrx_word' id='word_1_21' title='bbox 3058 385 3214 450; x_wconf 81' lang='lat' dir='ltr'><strong>.lmla,</strong></span> <span class='ocrx_word' id='word_1_22' title='bbox 3242 387 3393 457; x_wconf 67' lang='lat' dir='ltr'><strong>juxta</strong></span> <span class='ocrx_word' id='word_1_23' title='bbox 3428 407 3506 447; x_wconf 58' lang='grc' dir='ltr'>ιλιι-</span> <span class='ocrx_word' id='word_1_24' title='bbox 3564 418 3573 425; x_wconf 72' lang='grc' dir='ltr'><em>ο</em></span> 
     </span>
    </p>
   </div>
   <div class='ocr_carea' id='block_1_6' title="bbox 230 472 1807 558">
    <p class='ocr_par' dir='ltr' id='par_1_6' title="bbox 230 478 1807 557">
     <span class='ocr_line' id='line_1_6' title="bbox 230 478 1807 557; baseline -0.001 -19"><span class='ocrx_word' id='word_1_25' title='bbox 230 484 334 538; x_wconf 67' lang='grc' dir='ltr'><strong>καὶ</strong></span> <span class='ocrx_word' id='word_1_26' title='bbox 352 485 589 557; x_wconf 76' lang='grc' dir='ltr'>περὶτοῦ</span> <span class='ocrx_word' id='word_1_27' title='bbox 605 485 833 539; x_wconf 85' lang='grc' dir='ltr'>θανάτου</span> <span class='ocrx_word' id='word_1_28' title='bbox 851 484 1037 549; x_wconf 86' lang='grc' dir='ltr'>αὑτοῦ,</span> <span class='ocrx_word' id='word_1_29' title='bbox 1055 484 1129 547; x_wconf 84' lang='grc' dir='ltr'>ὼς</span> <span class='ocrx_word' id='word_1_30' title='bbox 1145 484 1337 538; x_wconf 78' lang='grc' dir='ltr'>ἑαυτὸν</span> <span class='ocrx_word' id='word_1_31' title='bbox 1348 478 1393 553; x_wconf 82' lang='grc' dir='ltr'>ᾧ</span> <span class='ocrx_word' id='word_1_32' title='bbox 1409 486 1633 556; x_wconf 83' lang='grc' dir='ltr'>εἴπομεν</span> <span class='ocrx_word' id='word_1_33' title='bbox 1645 486 1807 557; x_wconf 57' lang='grc' dir='ltr'>τρόπιε</span> 
     </span>
    </p>
   </div>
   <div class='ocr_carea' id='block_1_7' title="bbox 1916 472 3517 558">
    <p class='ocr_par' dir='ltr' id='par_1_7' title="bbox 1938 472 3517 550">
     <span class='ocr_line' id='line_1_7' title="bbox 1938 472 3517 550; baseline 0.002 -20"><span class='ocrx_word' id='word_1_34' title='bbox 1938 492 2033 532; x_wconf 85' lang='lat' dir='ltr'><strong>uas</strong></span> <span class='ocrx_word' id='word_1_35' title='bbox 2070 478 2459 549; x_wconf 87' lang='lat' dir='ltr'><strong>iutelligeutias</strong></span> <span class='ocrx_word' id='word_1_36' title='bbox 2497 477 2935 548; x_wconf 61' lang='lat' dir='ltr'><strong>pragmaticorum</strong></span> <span class='ocrx_word' id='word_1_37' title='bbox 2971 494 3281 534; x_wconf 82' lang='lat' dir='ltr'><strong>sermonum</strong></span> <span class='ocrx_word' id='word_1_38' title='bbox 3319 472 3397 550; x_wconf 66' lang='lat' dir='ltr'><strong>ﬂ;</strong></span> <span class='ocrx_word' id='word_1_39' title='bbox 3436 484 3517 537; x_wconf 64' lang='lat' dir='ltr'><strong>sic:</strong></span> 
     </span>
    </p>
   </div>
   <div class='ocr_carea' id='block_1_8' title="bbox 228 571 1830 648">
    <p class='ocr_par' dir='ltr' id='par_1_8' title="bbox 228 571 1830 648">
     <span class='ocr_line' id='line_1_8' title="bbox 228 571 1830 648; baseline 0.006 -25"><span class='ocrx_word' id='word_1_40' title='bbox 228 571 654 638; x_wconf 79' lang='grc' dir='ltr'>ἀπαλλάξαντος</span> <span class='ocrx_word' id='word_1_41' title='bbox 695 572 787 627; x_wconf 82' lang='grc' dir='ltr'><strong>τοῦ</strong></span> <span class='ocrx_word' id='word_1_42' title='bbox 818 574 967 644; x_wconf 64' lang='grc' dir='ltr'>βίου.</span> <span class='ocrx_word' id='word_1_43' title='bbox 1022 577 1131 629; x_wconf 73' lang='grc' dir='ltr'>Καὶ</span> <span class='ocrx_word' id='word_1_44' title='bbox 1160 575 1326 639; x_wconf 71' lang='grc' dir='ltr'>εἰκὸς,</span> <span class='ocrx_word' id='word_1_45' title='bbox 1361 577 1444 631; x_wconf 82' lang='grc' dir='ltr'>ὅτι</span> <span class='ocrx_word' id='word_1_46' title='bbox 1494 577 1715 648; x_wconf 78' lang='grc' dir='ltr'><strong>ᾔδεισαν</strong></span> <span class='ocrx_word' id='word_1_47' title='bbox 1741 578 1830 633; x_wconf 80' lang='grc' dir='ltr'>τὸν</span> 
     </span>
    </p>
   </div>
   <div class='ocr_carea' id='block_1_9' title="bbox 164 661 1828 741">
    <p class='ocr_par' dir='ltr' id='par_1_9' title="bbox 164 661 1828 741">
     <span class='ocr_line' id='line_1_9' title="bbox 164 661 1828 741; baseline 0.006 -27"><span class='ocrx_word' id='word_1_48' title='bbox 164 684 167 685; x_wconf 50' lang='grc' dir='ltr'><strong>ν</strong></span> <span class='ocrx_word' id='word_1_49' title='bbox 228 661 419 727; x_wconf 86' lang='grc' dir='ltr'>οῦτως</span> <span class='ocrx_word' id='word_1_50' title='bbox 462 665 870 737; x_wconf 75' lang='grc' dir='ltr'>ὲξελευσόμενον</span> <span class='ocrx_word' id='word_1_51' title='bbox 920 667 1315 722; x_wconf 78' lang='grc' dir='ltr'><strong>ἀπελεύσεσθαι</strong></span> <span class='ocrx_word' id='word_1_52' title='bbox 1357 672 1441 734; x_wconf 81' lang='grc' dir='ltr'><strong>είς</strong></span> <span class='ocrx_word' id='word_1_53' title='bbox 1471 669 1655 741; x_wconf 82' lang='grc' dir='ltr'>χώραν</span> <span class='ocrx_word' id='word_1_54' title='bbox 1700 670 1828 724; x_wconf 79' lang='grc' dir='ltr'>ἔνθα</span> 
     </span>
    </p>
   </div>
   <div class='ocr_carea' id='block_1_10' title="bbox 228 755 1828 827">
    <p class='ocr_par' dir='ltr' id='par_1_10' title="bbox 228 755 1828 827">
     <span class='ocr_line' id='line_1_10' title="bbox 228 755 1828 827; baseline 0.008 -22"><span class='ocrx_word' id='word_1_55' title='bbox 228 755 339 806; x_wconf 83' lang='grc' dir='ltr'><strong>οὑκ</strong></span> <span class='ocrx_word' id='word_1_56' title='bbox 367 755 633 824; x_wconf 65' lang='grc' dir='ltr'>ἠδύναντο</span> <span class='ocrx_word' id='word_1_57' title='bbox 677 758 931 826; x_wconf 78' lang='grc' dir='ltr'>γενέσθαι</span> <span class='ocrx_word' id='word_1_58' title='bbox 959 760 1069 815; x_wconf 80' lang='grc' dir='ltr'>οὐδ’</span> <span class='ocrx_word' id='word_1_59' title='bbox 1097 762 1145 815; x_wconf 90' lang='grc' dir='ltr'><strong>οί</strong></span> <span class='ocrx_word' id='word_1_60' title='bbox 1174 761 1348 815; x_wconf 84' lang='grc' dir='ltr'>ταῦτα</span> <span class='ocrx_word' id='word_1_61' title='bbox 1379 763 1646 827; x_wconf 71' lang='grc' dir='ltr'>νοοῦντεςο</span> <span class='ocrx_word' id='word_1_62' title='bbox 1685 763 1828 818; x_wconf 84' lang='grc' dir='ltr'>ὥστε</span> 
     </span>
    </p>
   </div>
   <div class='ocr_carea' id='block_1_11' title="bbox 233 845 1828 927">
    <p class='ocr_par' dir='ltr' id='par_1_11' title="bbox 233 845 1828 927">
     <span class='ocr_line' id='line_1_11' title="bbox 233 845 1828 927; baseline 0.005 -28"><span class='ocrx_word' id='word_1_63' title='bbox 233 845 315 915; x_wconf 83' lang='grc' dir='ltr'>μὴ</span> <span class='ocrx_word' id='word_1_64' title='bbox 343 846 489 899; x_wconf 81' lang='grc' dir='ltr'>κατᾶ</span> <span class='ocrx_word' id='word_1_65' title='bbox 518 849 578 901; x_wconf 80' lang='grc' dir='ltr'>τὸ</span> <span class='ocrx_word' id='word_1_66' title='bbox 604 848 969 923; x_wconf 77' lang='grc' dir='ltr'><strong>ἁπλούστερον</strong></span> <span class='ocrx_word' id='word_1_67' title='bbox 1002 851 1166 907; x_wconf 85' lang='grc' dir='ltr'>αὑτοῦ</span> <span class='ocrx_word' id='word_1_68' title='bbox 1206 852 1319 923; x_wconf 83' lang='lat'><strong>(68)</strong></span> <span class='ocrx_word' id='word_1_69' title='bbox 1362 855 1663 927; x_wconf 68' lang='grc' dir='ltr'>εἰρηκέναι,</span> <span class='ocrx_word' id='word_1_70' title='bbox 1690 854 1828 910; x_wconf 88' lang='grc' dir='ltr'><strong>ἀλλά</strong></span> 
     </span>
    </p>
   </div>
   <div class='ocr_carea' id='block_1_12' title="bbox 231 939 1827 1021">
    <p class='ocr_par' dir='ltr' id='par_1_12' title="bbox 231 939 1827 1021">
     <span class='ocr_line' id='line_1_12' title="bbox 231 939 1827 1021; baseline 0.009 -31"><span class='ocrx_word' id='word_1_71' title='bbox 231 939 387 992; x_wconf 84' lang='grc' dir='ltr'>κατά</span> <span class='ocrx_word' id='word_1_72' title='bbox 434 956 557 995; x_wconf 88' lang='grc' dir='ltr'>τινα</span> <span class='ocrx_word' id='word_1_73' title='bbox 612 943 743 1014; x_wconf 72' lang='grc' dir='ltr'>περὶ</span> <span class='ocrx_word' id='word_1_74' title='bbox 808 944 1045 1016; x_wconf 79' lang='grc' dir='ltr'><strong>Χριστοῦ</strong></span> <span class='ocrx_word' id='word_1_75' title='bbox 1109 945 1406 1017; x_wconf 76' lang='grc' dir='ltr'><strong>παράδοσιν</strong></span> <span class='ocrx_word' id='word_1_76' title='bbox 1451 947 1541 1002; x_wconf 89' lang='grc' dir='ltr'>τό·</span> <span class='ocrx_word' id='word_1_77' title='bbox 1598 967 1617 1001; x_wconf 78' lang='grc' dir='ltr'><strong>ι</strong></span> <span class='ocrx_word' id='word_1_78' title='bbox 1679 950 1827 1021; x_wconf 81' lang='grc' dir='ltr'>Μήτι</span> 
     </span>
    </p>
   </div>
   <div class='ocr_carea' id='block_1_13' title="bbox 231 1032 1822 1110">
    <p class='ocr_par' dir='ltr' id='par_1_13' title="bbox 231 1032 1822 1110">
     <span class='ocr_line' id='line_1_13' title="bbox 231 1032 1822 1110; baseline 0.009 -26"><span class='ocrx_word' id='word_1_79' title='bbox 231 1032 534 1086; x_wconf 82' lang='grc' dir='ltr'>ἀποκτενεῖ</span> <span class='ocrx_word' id='word_1_80' title='bbox 585 1034 802 1099; x_wconf 73' lang='grc' dir='ltr'>ἑαυτὸν,</span> <span class='ocrx_word' id='word_1_81' title='bbox 861 1037 942 1089; x_wconf 86' lang='grc' dir='ltr'>ὅτι</span> <span class='ocrx_word' id='word_1_82' title='bbox 993 1036 1139 1107; x_wconf 74' lang='grc' dir='ltr'>λέγει</span> <span class='ocrx_word' id='word_1_83' title='bbox 1165 1054 1178 1067; x_wconf 89' lang='grc'><strong>·</strong></span> <span class='ocrx_word' id='word_1_84' title='bbox 1222 1040 1396 1091; x_wconf 80' lang='grc' dir='ltr'>Ὅπου</span> <span class='ocrx_word' id='word_1_85' title='bbox 1438 1040 1551 1109; x_wconf 66' lang='grc' dir='ltr'><strong>ἐγὼ</strong></span> <span class='ocrx_word' id='word_1_86' title='bbox 1598 1040 1822 1110; x_wconf 78' lang='grc' dir='ltr'>ὑπάγω,</span> 
     </span>
    </p>
   </div>
   <div class='ocr_carea' id='block_1_14' title="bbox 233 1124 1826 1201">
    <p class='ocr_par' dir='ltr' id='par_1_14' title="bbox 233 1124 1826 1201">
     <span class='ocr_line' id='line_1_14' title="bbox 233 1124 1826 1201; baseline 0.008 -24"><span class='ocrx_word' id='word_1_87' title='bbox 233 1124 402 1194; x_wconf 81' lang='grc' dir='ltr'>ὑμεῖς</span> <span class='ocrx_word' id='word_1_88' title='bbox 420 1126 480 1178; x_wconf 89' lang='grc' dir='ltr'><strong>οὑ</strong></span> <span class='ocrx_word' id='word_1_89' title='bbox 505 1125 735 1183; x_wconf 75' lang='grc' dir='ltr'><strong>δύνασθε</strong></span> <span class='ocrx_word' id='word_1_90' title='bbox 763 1127 978 1194; x_wconf 54' lang='lat' dir='ltr'><strong>aestv;</strong></span> <span class='ocrx_word' id='word_1_91' title='bbox 1024 1149 1042 1182; x_wconf 74' lang='grc' dir='ltr'><strong>ι</strong></span> <span class='ocrx_word' id='word_1_92' title='bbox 1079 1131 1189 1184; x_wconf 74' lang='grc' dir='ltr'><strong>Καὶ</strong></span> <span class='ocrx_word' id='word_1_93' title='bbox 1226 1133 1274 1184; x_wconf 79' lang='grc' dir='ltr'><strong>εί</strong></span> <span class='ocrx_word' id='word_1_94' title='bbox 1310 1131 1529 1201; x_wconf 83' lang='grc' dir='ltr'>λέγουσι</span> <span class='ocrx_word' id='word_1_95' title='bbox 1556 1133 1615 1187; x_wconf 71' lang='grc' dir='ltr'>δὲ</span> <span class='ocrx_word' id='word_1_96' title='bbox 1650 1134 1826 1190; x_wconf 85' lang='grc' dir='ltr'>ταῦτα</span> 
     </span>
    </p>
   </div>
   <div class='ocr_carea' id='block_1_15' title="bbox 228 1217 1825 1300">
    <p class='ocr_par' dir='ltr' id='par_1_15' title="bbox 228 1217 1825 1300">
     <span class='ocr_line' id='line_1_15' title="bbox 228 1217 1825 1300; baseline 0.008 -31"><span class='ocrx_word' id='word_1_97' title='bbox 228 1217 284 1268; x_wconf 79' lang='grc' dir='ltr'>οἱ</span> <span class='ocrx_word' id='word_1_98' title='bbox 331 1218 593 1284; x_wconf 81' lang='grc' dir='ltr'>Ἰουδαῖοι,</span> <span class='ocrx_word' id='word_1_99' title='bbox 626 1220 983 1286; x_wconf 83' lang='grc' dir='ltr'>διστακτικῶς</span> <span class='ocrx_word' id='word_1_100' title='bbox 1012 1223 1151 1278; x_wconf 85' lang='grc' dir='ltr'>αὑτά</span> <span class='ocrx_word' id='word_1_101' title='bbox 1177 1240 1309 1293; x_wconf 84' lang='grc' dir='ltr'>φασι</span> <span class='ocrx_word' id='word_1_102' title='bbox 1329 1240 1345 1256; x_wconf 75' lang='grc' dir='ltr'><strong>ο</strong></span> <span class='ocrx_word' id='word_1_103' title='bbox 1372 1225 1434 1279; x_wconf 86' lang='grc' dir='ltr'>τὸ</span> <span class='ocrx_word' id='word_1_104' title='bbox 1466 1226 1603 1298; x_wconf 83' lang='grc' dir='ltr'><strong>γάρ⁸</strong></span> <span class='ocrx_word' id='word_1_105' title='bbox 1635 1248 1653 1280; x_wconf 80' lang='grc' dir='ltr'><strong>ι</strong></span> <span class='ocrx_word' id='word_1_106' title='bbox 1676 1227 1825 1300; x_wconf 88' lang='grc' dir='ltr'>Μήτι</span> 
     </span>
    </p>
   </div>
   <div class='ocr_carea' id='block_1_16' title="bbox 230 1304 1826 1387">
    <p class='ocr_par' dir='ltr' id='par_1_16' title="bbox 230 1304 1826 1387">
     <span class='ocr_line' id='line_1_16' title="bbox 230 1304 1826 1387; baseline 0.008 -27"><span class='ocrx_word' id='word_1_107' title='bbox 230 1304 527 1361; x_wconf 84' lang='grc' dir='ltr'>ἀποκτενεί</span> <span class='ocrx_word' id='word_1_108' title='bbox 551 1308 774 1375; x_wconf 83' lang='grc' dir='ltr'>ὲαυτόν;</span> <span class='ocrx_word' id='word_1_109' title='bbox 809 1328 828 1362; x_wconf 78' lang='lat' dir='ltr'><strong>r</strong></span> <span class='ocrx_word' id='word_1_110' title='bbox 862 1311 1100 1366; x_wconf 87' lang='grc' dir='ltr'>τοιοῦτόν</span> <span class='ocrx_word' id='word_1_111' title='bbox 1122 1315 1257 1366; x_wconf 71' lang='grc' dir='ltr'>εστι.</span> <span class='ocrx_word' id='word_1_112' title='bbox 1286 1313 1393 1368; x_wconf 79' lang='grc' dir='ltr'><strong>Καὶ</strong></span> <span class='ocrx_word' id='word_1_113' title='bbox 1425 1314 1484 1369; x_wconf 82' lang='grc' dir='ltr'><strong>οὑ</strong></span> <span class='ocrx_word' id='word_1_114' title='bbox 1506 1315 1826 1387; x_wconf 80' lang='grc' dir='ltr'>θαυμαστὸν</span> 
     </span>
    </p>
   </div>
   <div class='ocr_carea' id='block_1_17' title="bbox 230 1398 1826 1476">
    <p class='ocr_par' dir='ltr' id='par_1_17' title="bbox 230 1398 1826 1476">
     <span class='ocr_line' id='line_1_17' title="bbox 230 1398 1826 1476; baseline 0.008 -26"><span class='ocrx_word' id='word_1_115' title='bbox 230 1398 597 1468; x_wconf 78' lang='grc' dir='ltr'>ἀμφιδάλλειν</span> <span class='ocrx_word' id='word_1_116' title='bbox 627 1401 824 1466; x_wconf 77' lang='grc' dir='ltr'>αὑτοὺς</span> <span class='ocrx_word' id='word_1_117' title='bbox 855 1404 984 1474; x_wconf 80' lang='grc' dir='ltr'>περὶ</span> <span class='ocrx_word' id='word_1_118' title='bbox 1016 1404 1277 1476; x_wconf 76' lang='grc' dir='ltr'><strong>Χριστοῦ,</strong></span> <span class='ocrx_word' id='word_1_119' title='bbox 1296 1406 1387 1459; x_wconf 82' lang='grc' dir='ltr'>ὅτε</span> <span class='ocrx_word' id='word_1_120' title='bbox 1406 1423 1471 1475; x_wconf 88' lang='grc' dir='ltr'><strong>γε</strong></span> <span class='ocrx_word' id='word_1_121' title='bbox 1501 1408 1596 1461; x_wconf 76' lang='grc' dir='ltr'>καὶ</span> <span class='ocrx_word' id='word_1_122' title='bbox 1630 1409 1691 1463; x_wconf 76' lang='grc' dir='ltr'>ὲν</span> <span class='ocrx_word' id='word_1_123' title='bbox 1710 1411 1826 1473; x_wconf 79' lang='grc' dir='ltr'>τοῖς</span> 
     </span>
    </p>
   </div>
   <div class='ocr_carea' id='block_1_18' title="bbox 229 1488 1819 1571">
    <p class='ocr_par' dir='ltr' id='par_1_18' title="bbox 229 1488 1819 1571">
     <span class='ocr_line' id='line_1_18' title="bbox 229 1488 1819 1571; baseline 0.009 -28"><span class='ocrx_word' id='word_1_124' title='bbox 229 1491 495 1564; x_wconf 75' lang='grc' dir='ltr'><strong>ἀνωτέρω</strong></span> <span class='ocrx_word' id='word_1_125' title='bbox 520 1494 569 1547; x_wconf 87' lang='grc' dir='ltr'>οἱ</span> <span class='ocrx_word' id='word_1_126' title='bbox 596 1496 659 1548; x_wconf 77' lang='grc' dir='ltr'>ὲκ</span> <span class='ocrx_word' id='word_1_127' title='bbox 693 1496 787 1549; x_wconf 90' lang='grc' dir='ltr'><strong>τοῦ</strong></span> <span class='ocrx_word' id='word_1_128' title='bbox 814 1496 973 1566; x_wconf 69' lang='grc' dir='ltr'>ὄχλου</span> <span class='ocrx_word' id='word_1_129' title='bbox 1003 1496 1342 1563; x_wconf 84' lang='grc' dir='ltr'>ἀκούσαντες</span> <span class='ocrx_word' id='word_1_130' title='bbox 1380 1499 1490 1554; x_wconf 83' lang='grc' dir='ltr'>τῶν</span> <span class='ocrx_word' id='word_1_131' title='bbox 1524 1488 1697 1571; x_wconf 85' lang='grc' dir='ltr'>λόγων</span> <span class='ocrx_word' id='word_1_132' title='bbox 1723 1501 1819 1557; x_wconf 81' lang='grc' dir='ltr'><strong>τοῦ</strong></span> 
     </span>
    </p>
   </div>
   <div class='ocr_carea' id='block_1_19' title="bbox 242 1580 1817 1665">
    <p class='ocr_par' dir='ltr' id='par_1_19' title="bbox 242 1580 1817 1665">
     <span class='ocr_line' id='line_1_19' title="bbox 242 1580 1817 1665; baseline 0.01 -32"><span class='ocrx_word' id='word_1_133' title='bbox 242 1580 426 1652; x_wconf 80' lang='grc' dir='ltr'>Ἰησοῦ</span> <span class='ocrx_word' id='word_1_134' title='bbox 481 1584 691 1654; x_wconf 76' lang='grc' dir='ltr'>ἔλεγον·</span> <span class='ocrx_word' id='word_1_135' title='bbox 734 1604 754 1639; x_wconf 79' lang='grc' dir='ltr'><strong>ι</strong></span> <span class='ocrx_word' id='word_1_136' title='bbox 810 1582 980 1651; x_wconf 76' lang='grc' dir='ltr'>Οὗτός</span> <span class='ocrx_word' id='word_1_137' title='bbox 1012 1589 1159 1644; x_wconf 72' lang='grc' dir='ltr'>ἔστιν</span> <span class='ocrx_word' id='word_1_138' title='bbox 1193 1588 1410 1660; x_wconf 84' lang='grc' dir='ltr'>ἀληθῶς</span> <span class='ocrx_word' id='word_1_139' title='bbox 1441 1590 1470 1643; x_wconf 92' lang='lat'><strong>6</strong></span> <span class='ocrx_word' id='word_1_140' title='bbox 1498 1594 1817 1665; x_wconf 78' lang='grc' dir='ltr'><strong>προφήτης·</strong></span> 
     </span>
    </p>
   </div>
   <div class='ocr_carea' id='block_1_20' title="bbox 228 1671 1821 1752">
    <p class='ocr_par' dir='ltr' id='par_1_20' title="bbox 228 1671 1821 1752">
     <span class='ocr_line' id='line_1_20' title="bbox 228 1671 1821 1752; baseline 0.007 -25"><span class='ocrx_word' id='word_1_141' title='bbox 228 1673 385 1728; x_wconf 77' lang='grc' dir='ltr'>ἄλλοι</span> <span class='ocrx_word' id='word_1_142' title='bbox 417 1676 474 1730; x_wconf 74' lang='grc' dir='ltr'>δὲ</span> <span class='ocrx_word' id='word_1_143' title='bbox 514 1677 731 1747; x_wconf 80' lang='grc' dir='ltr'>ελεγον·</span> <span class='ocrx_word' id='word_1_144' title='bbox 776 1671 946 1743; x_wconf 71' lang='grc' dir='ltr'>Οὗτός</span> <span class='ocrx_word' id='word_1_145' title='bbox 986 1680 1134 1734; x_wconf 79' lang='grc' dir='ltr'>ἐστιν</span> <span class='ocrx_word' id='word_1_146' title='bbox 1167 1682 1198 1734; x_wconf 89' lang='lat'><strong>6</strong></span> <span class='ocrx_word' id='word_1_147' title='bbox 1242 1683 1506 1752; x_wconf 88' lang='grc' dir='ltr'>Χριστός·</span> <span class='ocrx_word' id='word_1_148' title='bbox 1541 1686 1592 1737; x_wconf 82' lang='grc' dir='ltr'>οἱ</span> <span class='ocrx_word' id='word_1_149' title='bbox 1624 1684 1680 1738; x_wconf 75' lang='grc' dir='ltr'>δὲ</span> <span class='ocrx_word' id='word_1_150' title='bbox 1706 1684 1821 1738; x_wconf 79' lang='grc' dir='ltr'>ἔλε-</span> 
     </span>
    </p>
   </div>
   <div class='ocr_carea' id='block_1_21' title="bbox 1934 567 3512 641">
    <p class='ocr_par' dir='ltr' id='par_1_21' title="bbox 1934 567 3512 641">
     <span class='ocr_line' id='line_1_21' title="bbox 1934 567 3512 641; baseline 0.003 -20"><span class='ocrx_word' id='word_1_151' title='bbox 1934 567 1999 622; x_wconf 87' lang='lat' dir='ltr'><strong>de</strong></span> <span class='ocrx_word' id='word_1_152' title='bbox 2028 577 2202 622; x_wconf 91' lang='lat' dir='ltr'><strong>morte</strong></span> <span class='ocrx_word' id='word_1_153' title='bbox 2230 568 2401 637; x_wconf 79' lang='lat' dir='ltr'><strong>ipsius</strong></span> <span class='ocrx_word' id='word_1_154' title='bbox 2433 568 2598 623; x_wconf 88' lang='lat' dir='ltr'><strong>etiam</strong></span> <span class='ocrx_word' id='word_1_155' title='bbox 2628 578 2769 632; x_wconf 87' lang='lat' dir='ltr'><strong>erat,</strong></span> <span class='ocrx_word' id='word_1_156' title='bbox 2809 568 2953 638; x_wconf 90' lang='lat' dir='ltr'><strong>quod</strong></span> <span class='ocrx_word' id='word_1_157' title='bbox 2996 568 3244 623; x_wconf 91' lang='lat' dir='ltr'><strong>Christus</strong></span> <span class='ocrx_word' id='word_1_158' title='bbox 3272 572 3512 641; x_wconf 81' lang='lat' dir='ltr'><strong>scipsum</strong></span> 
     </span>
    </p>
   </div>
   <div class='ocr_carea' id='block_1_22' title="bbox 1932 660 3514 730">
    <p class='ocr_par' dir='ltr' id='par_1_22' title="bbox 1932 660 3514 730">
     <span class='ocr_line' id='line_1_22' title="bbox 1932 660 3514 730; baseline 0.003 -16"><span class='ocrx_word' id='word_1_159' title='bbox 1932 675 1962 714; x_wconf 92' lang='lat' dir='ltr'><strong>e</strong></span> <span class='ocrx_word' id='word_1_160' title='bbox 1996 663 2102 716; x_wconf 85' lang='lat' dir='ltr'><strong>vita</strong></span> <span class='ocrx_word' id='word_1_161' title='bbox 2159 660 2493 716; x_wconf 68' lang='lat' dir='ltr'><strong>liberaturus</strong></span> <span class='ocrx_word' id='word_1_162' title='bbox 2535 669 2683 717; x_wconf 88' lang='lat' dir='ltr'><strong>esset</strong></span> <span class='ocrx_word' id='word_1_163' title='bbox 2729 676 2794 715; x_wconf 89' lang='lat' dir='ltr'><strong>eo</strong></span> <span class='ocrx_word' id='word_1_164' title='bbox 2832 662 2991 714; x_wconf 86' lang='lat' dir='ltr'><strong>modo</strong></span> <span class='ocrx_word' id='word_1_165' title='bbox 3023 677 3129 730; x_wconf 89' lang='lat' dir='ltr'><strong>quo</strong></span> <span class='ocrx_word' id='word_1_166' title='bbox 3154 662 3426 730; x_wconf 79' lang='lat' dir='ltr'><strong>diximus;</strong></span> <span class='ocrx_word' id='word_1_167' title='bbox 3458 675 3514 719; x_wconf 87' lang='lat' dir='ltr'><strong>et</strong></span> 
     </span>
    </p>
   </div>
   <div class='ocr_carea' id='block_1_23' title="bbox 1931 751 3513 823">
    <p class='ocr_par' dir='ltr' id='par_1_23' title="bbox 1931 751 3513 823">
     <span class='ocr_line' id='line_1_23' title="bbox 1931 751 3513 823; baseline 0.002 -17"><span class='ocrx_word' id='word_1_168' title='bbox 1931 763 2078 807; x_wconf 89' lang='lat' dir='ltr'><strong>certe</strong></span> <span class='ocrx_word' id='word_1_169' title='bbox 2105 752 2386 823; x_wconf 80' lang='lat' dir='ltr'><strong>probabile</strong></span> <span class='ocrx_word' id='word_1_170' title='bbox 2409 760 2492 807; x_wconf 92' lang='lat' dir='ltr'><strong>est</strong></span> <span class='ocrx_word' id='word_1_171' title='bbox 2520 766 2616 808; x_wconf 88' lang='lat' dir='ltr'><strong>eos</strong></span> <span class='ocrx_word' id='word_1_172' title='bbox 2643 751 2975 807; x_wconf 78' lang='lat' dir='ltr'><strong>intellexisse</strong></span> <span class='ocrx_word' id='word_1_173' title='bbox 3002 765 3149 817; x_wconf 91' lang='lat' dir='ltr'><strong>eum,</strong></span> <span class='ocrx_word' id='word_1_174' title='bbox 3177 754 3267 823; x_wconf 87' lang='lat' dir='ltr'><strong>qui</strong></span> <span class='ocrx_word' id='word_1_175' title='bbox 3310 754 3391 809; x_wconf 89' lang='lat' dir='ltr'><strong>sic</strong></span> <span class='ocrx_word' id='word_1_176' title='bbox 3415 770 3513 809; x_wconf 80' lang='lat' dir='ltr'><strong>ex-</strong></span> 
     </span>
    </p>
   </div>
   <div class='ocr_carea' id='block_1_24' title="bbox 1933 844 3512 917">
    <p class='ocr_par' dir='ltr' id='par_1_24' title="bbox 1933 844 3512 917">
     <span class='ocr_line' id='line_1_24' title="bbox 1933 844 3512 917; baseline 0.003 -19"><span class='ocrx_word' id='word_1_177' title='bbox 1933 844 2113 899; x_wconf 88' lang='lat' dir='ltr'><strong>iturus</strong></span> <span class='ocrx_word' id='word_1_178' title='bbox 2141 856 2307 913; x_wconf 79' lang='lat' dir='ltr'><strong>esset,</strong></span> <span class='ocrx_word' id='word_1_179' title='bbox 2356 847 2628 900; x_wconf 84' lang='lat' dir='ltr'><strong>abiturum</strong></span> <span class='ocrx_word' id='word_1_180' title='bbox 2663 845 2714 900; x_wconf 90' lang='lat' dir='ltr'><strong>iu</strong></span> <span class='ocrx_word' id='word_1_181' title='bbox 2742 844 2917 900; x_wconf 92' lang='lat' dir='ltr'><strong>locum</strong></span> <span class='ocrx_word' id='word_1_182' title='bbox 2958 861 3066 916; x_wconf 93' lang='lat' dir='ltr'><strong>quo</strong></span> <span class='ocrx_word' id='word_1_183' title='bbox 3102 861 3168 901; x_wconf 91' lang='lat' dir='ltr'><strong>ue</strong></span> <span class='ocrx_word' id='word_1_184' title='bbox 3203 847 3256 901; x_wconf 88' lang='lat' dir='ltr'><strong>lti</strong></span> <span class='ocrx_word' id='word_1_185' title='bbox 3294 850 3512 917; x_wconf 79' lang='lat' dir='ltr'><strong>quidem</strong></span> 
     </span>
    </p>
   </div>
   <div class='ocr_carea' id='block_1_25' title="bbox 1931 936 3510 1009">
    <p class='ocr_par' dir='ltr' id='par_1_25' title="bbox 1931 936 3510 1009">
     <span class='ocr_line' id='line_1_25' title="bbox 1931 936 3510 1009; baseline 0.003 -17"><span class='ocrx_word' id='word_1_186' title='bbox 1931 939 2047 993; x_wconf 72' lang='lat' dir='ltr'><strong>hare</strong></span> <span class='ocrx_word' id='word_1_187' title='bbox 2076 937 2446 1009; x_wconf 83' lang='lat' dir='ltr'><strong>iutclligeutes</strong></span> <span class='ocrx_word' id='word_1_188' title='bbox 2489 936 2763 1007; x_wconf 77' lang='lat' dir='ltr'><strong>proﬁcisci</strong></span> <span class='ocrx_word' id='word_1_189' title='bbox 2802 949 3038 1009; x_wconf 80' lang='lat' dir='ltr'><strong>possent</strong></span> <span class='ocrx_word' id='word_1_190' title='bbox 3071 956 3085 991; x_wconf 92' lang='lat'><strong>:</strong></span> <span class='ocrx_word' id='word_1_191' title='bbox 3119 939 3257 995; x_wconf 85' lang='lat' dir='ltr'><strong>adeo</strong></span> <span class='ocrx_word' id='word_1_192' title='bbox 3295 950 3352 993; x_wconf 94' lang='lat' dir='ltr'><strong>ut</strong></span> <span class='ocrx_word' id='word_1_193' title='bbox 3406 958 3510 996; x_wconf 87' lang='lat' dir='ltr'><strong>nou</strong></span> 
     </span>
    </p>
   </div>
   <div class='ocr_carea' id='block_1_26' title="bbox 1928 1029 3514 1101">
    <p class='ocr_par' dir='ltr' id='par_1_26' title="bbox 1928 1029 3514 1101">
     <span class='ocr_line' id='line_1_26' title="bbox 1928 1029 3514 1101; baseline 0.003 -18"><span class='ocrx_word' id='word_1_194' title='bbox 1928 1029 2275 1100; x_wconf 87' lang='lat' dir='ltr'><strong>simpliciter,</strong></span> <span class='ocrx_word' id='word_1_195' title='bbox 2309 1031 2404 1087; x_wconf 88' lang='lat' dir='ltr'><strong>sed</strong></span> <span class='ocrx_word' id='word_1_196' title='bbox 2437 1030 2594 1100; x_wconf 76' lang='lat' dir='ltr'><strong>juxta</strong></span> <span class='ocrx_word' id='word_1_197' title='bbox 2628 1030 2921 1101; x_wconf 87' lang='lat' dir='ltr'><strong>quamdam</strong></span> <span class='ocrx_word' id='word_1_198' title='bbox 2964 1031 3031 1086; x_wconf 88' lang='lat' dir='ltr'><strong>de</strong></span> <span class='ocrx_word' id='word_1_199' title='bbox 3066 1030 3288 1086; x_wconf 78' lang='lat' dir='ltr'><strong>Christo</strong></span> <span class='ocrx_word' id='word_1_200' title='bbox 3342 1033 3514 1087; x_wconf 86' lang='lat' dir='ltr'><strong>tradi-</strong></span> 
     </span>
    </p>
   </div>
   <div class='ocr_carea' id='block_1_27' title="bbox 1930 1123 3514 1196">
    <p class='ocr_par' dir='ltr' id='par_1_27' title="bbox 1930 1123 3514 1196">
     <span class='ocr_line' id='line_1_27' title="bbox 1930 1123 3514 1196; baseline 0 -17"><span class='ocrx_word' id='word_1_201' title='bbox 1930 1126 2131 1183; x_wconf 89' lang='lat' dir='ltr'><strong>tionem</strong></span> <span class='ocrx_word' id='word_1_202' title='bbox 2161 1125 2397 1183; x_wconf 75' lang='lat' dir='ltr'><strong>dixerint</strong></span> <span class='ocrx_word' id='word_1_203' title='bbox 2431 1146 2442 1180; x_wconf 90' lang='lat'><strong>:</strong></span> <span class='ocrx_word' id='word_1_204' title='bbox 2486 1142 2506 1179; x_wconf 75' lang='grc' dir='ltr'><strong>ι</strong></span> <span class='ocrx_word' id='word_1_205' title='bbox 2541 1123 2795 1196; x_wconf 75' lang='lat' dir='ltr'><strong>Nunquid</strong></span> <span class='ocrx_word' id='word_1_206' title='bbox 2829 1124 3218 1182; x_wconf 76' lang='lat' dir='ltr'><strong>interfecturus</strong></span> <span class='ocrx_word' id='word_1_207' title='bbox 3246 1136 3331 1181; x_wconf 91' lang='lat' dir='ltr'><strong>est</strong></span> <span class='ocrx_word' id='word_1_208' title='bbox 3356 1128 3514 1196; x_wconf 85' lang='lat' dir='ltr'><strong>seip-</strong></span> 
     </span>
    </p>
   </div>
   <div class='ocr_carea' id='block_1_28' title="bbox 1927 1214 3513 1288">
    <p class='ocr_par' dir='ltr' id='par_1_28' title="bbox 1927 1214 3513 1288">
     <span class='ocr_line' id='line_1_28' title="bbox 1927 1214 3513 1288; baseline 0 -17"><span class='ocrx_word' id='word_1_209' title='bbox 1927 1231 2071 1283; x_wconf 88' lang='lat' dir='ltr'><strong>sum,</strong></span> <span class='ocrx_word' id='word_1_210' title='bbox 2102 1217 2229 1288; x_wconf 84' lang='lat' dir='ltr'><strong>quia</strong></span> <span class='ocrx_word' id='word_1_211' title='bbox 2278 1216 2414 1272; x_wconf 84' lang='lat' dir='ltr'><strong>dicit</strong></span> <span class='ocrx_word' id='word_1_212' title='bbox 2448 1235 2462 1271; x_wconf 89' lang='lat'><strong>:</strong></span> <span class='ocrx_word' id='word_1_213' title='bbox 2509 1214 2629 1283; x_wconf 85' lang='lat' dir='ltr'><strong>Quo</strong></span> <span class='ocrx_word' id='word_1_214' title='bbox 2653 1230 2752 1286; x_wconf 88' lang='lat' dir='ltr'><strong>ego</strong></span> <span class='ocrx_word' id='word_1_215' title='bbox 2802 1217 2977 1279; x_wconf 86' lang='lat' dir='ltr'><strong>vado,</strong></span> <span class='ocrx_word' id='word_1_216' title='bbox 3010 1232 3104 1273; x_wconf 83' lang='lat' dir='ltr'><strong>vos</strong></span> <span class='ocrx_word' id='word_1_217' title='bbox 3145 1232 3251 1271; x_wconf 86' lang='lat' dir='ltr'><strong>non</strong></span> <span class='ocrx_word' id='word_1_218' title='bbox 3286 1219 3513 1288; x_wconf 79' lang='lat' dir='ltr'><strong>potestis</strong></span> 
     </span>
    </p>
   </div>
   <div class='ocr_carea' id='block_1_29' title="bbox 1926 1305 3509 1377">
    <p class='ocr_par' dir='ltr' id='par_1_29' title="bbox 1926 1305 3509 1377">
     <span class='ocr_line' id='line_1_29' title="bbox 1926 1305 3509 1377; baseline 0.001 -15"><span class='ocrx_word' id='word_1_219' title='bbox 1926 1308 2114 1365; x_wconf 89' lang='lat' dir='ltr'><strong>venire</strong></span> <span class='ocrx_word' id='word_1_220' title='bbox 2142 1308 2227 1363; x_wconf 64' lang='grc' dir='ltr'><strong>ἐἳ</strong></span> <span class='ocrx_word' id='word_1_221' title='bbox 2253 1327 2274 1361; x_wconf 76' lang='grc' dir='ltr'><strong>ι</strong></span> <span class='ocrx_word' id='word_1_222' title='bbox 2316 1305 2468 1376; x_wconf 85' lang='lat' dir='ltr'><strong>Quod</strong></span> <span class='ocrx_word' id='word_1_223' title='bbox 2514 1307 2559 1364; x_wconf 88' lang='lat' dir='ltr'><strong>si</strong></span> <span class='ocrx_word' id='word_1_224' title='bbox 2601 1307 2767 1362; x_wconf 90' lang='lat' dir='ltr'><strong>etiam</strong></span> <span class='ocrx_word' id='word_1_225' title='bbox 2808 1306 2925 1362; x_wconf 67' lang='lat' dir='ltr'><strong>haec</strong></span> <span class='ocrx_word' id='word_1_226' title='bbox 2974 1306 3271 1377; x_wconf 89' lang='lat' dir='ltr'><strong>loquuntur</strong></span> <span class='ocrx_word' id='word_1_227' title='bbox 3312 1308 3509 1373; x_wconf 67' lang='lat' dir='ltr'><strong>Judazi,</strong></span> 
     </span>
    </p>
   </div>
   <div class='ocr_carea' id='block_1_30' title="bbox 1926 1399 3511 1472">
    <p class='ocr_par' dir='ltr' id='par_1_30' title="bbox 1926 1399 3511 1472">
     <span class='ocr_line' id='line_1_30' title="bbox 1926 1399 3511 1472; baseline 0 -17"><span class='ocrx_word' id='word_1_228' title='bbox 1926 1401 2179 1471; x_wconf 83' lang='lat' dir='ltr'><strong>ambigue</strong></span> <span class='ocrx_word' id='word_1_229' title='bbox 2210 1401 2326 1457; x_wconf 58' lang='lat' dir='ltr'><strong>hac</strong></span> <span class='ocrx_word' id='word_1_230' title='bbox 2368 1399 2700 1471; x_wconf 84' lang='lat' dir='ltr'><strong>loquuntur;</strong></span> <span class='ocrx_word' id='word_1_231' title='bbox 2751 1413 2879 1453; x_wconf 91' lang='lat' dir='ltr'><strong>nam</strong></span> <span class='ocrx_word' id='word_1_232' title='bbox 2932 1399 3158 1455; x_wconf 87' lang='lat' dir='ltr'><strong>dicere:</strong></span> <span class='ocrx_word' id='word_1_233' title='bbox 3199 1419 3217 1451; x_wconf 77' lang='grc' dir='ltr'><strong>ι</strong></span> <span class='ocrx_word' id='word_1_234' title='bbox 3251 1401 3511 1472; x_wconf 84' lang='lat' dir='ltr'><strong>Nunquid</strong></span> 
     </span>
    </p>
   </div>
   <div class='ocr_carea' id='block_1_31' title="bbox 1927 1490 3507 1563">
    <p class='ocr_par' dir='ltr' id='par_1_31' title="bbox 1927 1490 3507 1563">
     <span class='ocr_line' id='line_1_31' title="bbox 1927 1490 3507 1563; baseline 0.001 -15"><span class='ocrx_word' id='word_1_235' title='bbox 1927 1491 2322 1548; x_wconf 80' lang='lat' dir='ltr'><strong>interfecturus</strong></span> <span class='ocrx_word' id='word_1_236' title='bbox 2347 1500 2431 1547; x_wconf 90' lang='lat' dir='ltr'><strong>est</strong></span> <span class='ocrx_word' id='word_1_237' title='bbox 2454 1490 2728 1562; x_wconf 86' lang='lat' dir='ltr'><strong>seipsum?</strong></span> <span class='ocrx_word' id='word_1_238' title='bbox 2762 1509 2781 1542; x_wconf 73' lang='grc' dir='ltr'><strong>ι</strong></span> <span class='ocrx_word' id='word_1_239' title='bbox 2815 1490 2920 1546; x_wconf 83' lang='lat' dir='ltr'><strong>tale</strong></span> <span class='ocrx_word' id='word_1_240' title='bbox 2949 1492 3206 1563; x_wconf 79' lang='lat' dir='ltr'><strong>quiddam</strong></span> <span class='ocrx_word' id='word_1_241' title='bbox 3247 1506 3352 1551; x_wconf 84' lang='lat' dir='ltr'><strong>est.</strong></span> <span class='ocrx_word' id='word_1_242' title='bbox 3394 1494 3507 1550; x_wconf 80' lang='lat' dir='ltr'><strong>Nec</strong></span> 
     </span>
    </p>
   </div>
   <div class='ocr_carea' id='block_1_32' title="bbox 1926 1581 3509 1656">
    <p class='ocr_par' dir='ltr' id='par_1_32' title="bbox 1926 1581 3509 1656">
     <span class='ocr_line' id='line_1_32' title="bbox 1926 1581 3509 1656; baseline 0.003 -18"><span class='ocrx_word' id='word_1_243' title='bbox 1926 1599 2061 1640; x_wconf 83' lang='lat' dir='ltr'><strong>sane</strong></span> <span class='ocrx_word' id='word_1_244' title='bbox 2082 1584 2279 1638; x_wconf 88' lang='lat' dir='ltr'><strong>mirum</strong></span> <span class='ocrx_word' id='word_1_245' title='bbox 2330 1592 2412 1639; x_wconf 85' lang='lat' dir='ltr'><strong>est</strong></span> <span class='ocrx_word' id='word_1_246' title='bbox 2448 1598 2546 1641; x_wconf 90' lang='lat' dir='ltr'><strong>eos</strong></span> <span class='ocrx_word' id='word_1_247' title='bbox 2577 1584 2642 1638; x_wconf 84' lang='lat' dir='ltr'><strong>de</strong></span> <span class='ocrx_word' id='word_1_248' title='bbox 2688 1581 2905 1637; x_wconf 82' lang='lat' dir='ltr'><strong>Christo</strong></span> <span class='ocrx_word' id='word_1_249' title='bbox 2937 1582 3238 1653; x_wconf 81' lang='lat' dir='ltr'><strong>ambigere,</strong></span> <span class='ocrx_word' id='word_1_250' title='bbox 3286 1591 3509 1656; x_wconf 84' lang='lat' dir='ltr'><strong>quando</strong></span> 
     </span>
    </p>
   </div>
   <div class='ocr_carea' id='block_1_33' title="bbox 1924 1673 3507 1745">
    <p class='ocr_par' dir='ltr' id='par_1_33' title="bbox 1924 1673 3507 1745">
     <span class='ocr_line' id='line_1_33' title="bbox 1924 1673 3507 1745; baseline 0.003 -16"><span class='ocrx_word' id='word_1_251' title='bbox 1924 1677 2091 1730; x_wconf 86' lang='lat' dir='ltr'><strong>etiam</strong></span> <span class='ocrx_word' id='word_1_252' title='bbox 2120 1675 2173 1730; x_wconf 88' lang='lat' dir='ltr'><strong>in</strong></span> <span class='ocrx_word' id='word_1_253' title='bbox 2200 1674 2597 1745; x_wconf 86' lang='lat' dir='ltr'><strong>superioribus.</strong></span> <span class='ocrx_word' id='word_1_254' title='bbox 2624 1690 2747 1727; x_wconf 83' lang='lat' dir='ltr'><strong>cum</strong></span> <span class='ocrx_word' id='word_1_255' title='bbox 2780 1673 2949 1727; x_wconf 75' lang='lat' dir='ltr'><strong>turba:</strong></span> <span class='ocrx_word' id='word_1_256' title='bbox 2979 1675 3259 1731; x_wconf 80' lang='lat' dir='ltr'><strong>audissent</strong></span> <span class='ocrx_word' id='word_1_257' title='bbox 3294 1694 3507 1735; x_wconf 82' lang='lat' dir='ltr'><strong>sermo-</strong></span> 
     </span>
    </p>
   </div>
   <div class='ocr_carea' id='block_1_34' title="bbox 230 1756 1807 1846">
    <p class='ocr_par' dir='ltr' id='par_1_34' title="bbox 230 1770 1807 1846">
     <span class='ocr_line' id='line_1_34' title="bbox 230 1770 1807 1846; baseline 0.006 -25"><span class='ocrx_word' id='word_1_258' title='bbox 230 1784 367 1835; x_wconf 77' lang='grc' dir='ltr'>γον·</span> <span class='ocrx_word' id='word_1_259' title='bbox 398 1770 491 1843; x_wconf 72' lang='grc' dir='ltr'>Μή</span> <span class='ocrx_word' id='word_1_260' title='bbox 521 1770 632 1842; x_wconf 90' lang='grc' dir='ltr'><strong>γάρ</strong></span> <span class='ocrx_word' id='word_1_261' title='bbox 664 1771 731 1824; x_wconf 82' lang='grc' dir='ltr'>ὲκ</span> <span class='ocrx_word' id='word_1_262' title='bbox 764 1772 862 1843; x_wconf 80' lang='grc' dir='ltr'>τῆς</span> <span class='ocrx_word' id='word_1_263' title='bbox 893 1772 1183 1837; x_wconf 75' lang='grc' dir='ltr'>Γαλιλαίας</span> <span class='ocrx_word' id='word_1_264' title='bbox 1218 1776 1247 1827; x_wconf 91' lang='lat'><strong>6</strong></span> <span class='ocrx_word' id='word_1_265' title='bbox 1275 1773 1509 1845; x_wconf 82' lang='grc' dir='ltr'>Χριστὸς</span> <span class='ocrx_word' id='word_1_266' title='bbox 1558 1775 1807 1846; x_wconf 72' lang='grc' dir='ltr'>ἔρχεταις</span> 
     </span>
    </p>
   </div>
   <div class='ocr_carea' id='block_1_35' title="bbox 1916 1756 3501 1846">
    <p class='ocr_par' dir='ltr' id='par_1_35' title="bbox 1922 1764 3501 1837">
     <span class='ocr_line' id='line_1_35' title="bbox 1922 1764 3501 1837; baseline 0.003 -16"><span class='ocrx_word' id='word_1_267' title='bbox 1922 1782 2020 1821; x_wconf 87' lang='lat' dir='ltr'><strong>nes</strong></span> <span class='ocrx_word' id='word_1_268' title='bbox 2050 1764 2200 1832; x_wconf 86' lang='lat' dir='ltr'><strong>Jesu,</strong></span> <span class='ocrx_word' id='word_1_269' title='bbox 2259 1766 2547 1821; x_wconf 91' lang='lat' dir='ltr'><strong>dicerent:</strong></span> <span class='ocrx_word' id='word_1_270' title='bbox 2588 1784 2607 1821; x_wconf 79' lang='grc' dir='ltr'><strong>ι</strong></span> <span class='ocrx_word' id='word_1_271' title='bbox 2644 1764 2743 1820; x_wconf 86' lang='lat' dir='ltr'><strong>llic</strong></span> <span class='ocrx_word' id='word_1_272' title='bbox 2785 1775 2867 1821; x_wconf 89' lang='lat' dir='ltr'><strong>est</strong></span> <span class='ocrx_word' id='word_1_273' title='bbox 2915 1781 3042 1821; x_wconf 84' lang='lat' dir='ltr'><strong>vere</strong></span> <span class='ocrx_word' id='word_1_274' title='bbox 3073 1768 3335 1837; x_wconf 77' lang='lat' dir='ltr'><strong>propheta</strong></span> <span class='ocrx_word' id='word_1_275' title='bbox 3364 1771 3501 1837; x_wconf 87' lang='lat' dir='ltr'><strong>ille;</strong></span> 
     </span>
    </p>
   </div>
   <div class='ocr_carea' id='block_1_36' title="bbox 225 1858 1817 1936">
    <p class='ocr_par' dir='ltr' id='par_1_36' title="bbox 225 1858 1817 1936">
     <span class='ocr_line' id='line_1_36' title="bbox 225 1858 1817 1936; baseline 0.008 -27"><span class='ocrx_word' id='word_1_276' title='bbox 225 1858 346 1929; x_wconf 83' lang='grc' dir='ltr'>υὺχ</span> <span class='ocrx_word' id='word_1_277' title='bbox 376 1860 403 1929; x_wconf 78' lang='grc' dir='ltr'><strong>ή</strong></span> <span class='ocrx_word' id='word_1_278' title='bbox 428 1860 620 1932; x_wconf 80' lang='grc' dir='ltr'>Γραφὴ</span> <span class='ocrx_word' id='word_1_279' title='bbox 645 1858 817 1927; x_wconf 80' lang='grc' dir='ltr'>εἶπεν,</span> <span class='ocrx_word' id='word_1_280' title='bbox 838 1863 919 1916; x_wconf 85' lang='grc' dir='ltr'>ὅτι</span> <span class='ocrx_word' id='word_1_281' title='bbox 945 1864 1008 1916; x_wconf 76' lang='grc' dir='ltr'>ἐκ</span> <span class='ocrx_word' id='word_1_282' title='bbox 1039 1865 1355 1936; x_wconf 85' lang='grc' dir='ltr'>σπέρματος</span> <span class='ocrx_word' id='word_1_283' title='bbox 1376 1865 1557 1934; x_wconf 77' lang='grc' dir='ltr'>Δαυῖδ,</span> <span class='ocrx_word' id='word_1_284' title='bbox 1590 1869 1684 1922; x_wconf 76' lang='grc' dir='ltr'><strong>καὶ</strong></span> <span class='ocrx_word' id='word_1_285' title='bbox 1705 1867 1817 1922; x_wconf 78' lang='grc' dir='ltr'><strong>ἀπὸ</strong></span> 
     </span>
    </p>
   </div>
   <div class='ocr_carea' id='block_1_37' title="bbox 229 1949 1815 2032">
    <p class='ocr_par' dir='ltr' id='par_1_37' title="bbox 229 1949 1815 2032">
     <span class='ocr_line' id='line_1_37' title="bbox 229 1949 1815 2032; baseline 0.009 -32"><span class='ocrx_word' id='word_1_286' title='bbox 229 1949 490 2022; x_wconf 82' lang='grc' dir='ltr'>Βηθλεὲμ</span> <span class='ocrx_word' id='word_1_287' title='bbox 531 1953 631 2022; x_wconf 82' lang='grc' dir='ltr'>τῆς</span> <span class='ocrx_word' id='word_1_288' title='bbox 685 1952 878 2025; x_wconf 82' lang='grc' dir='ltr'><strong>κώμης</strong></span> <span class='ocrx_word' id='word_1_289' title='bbox 929 1956 1061 2009; x_wconf 81' lang='grc' dir='ltr'>ὅπου</span> <span class='ocrx_word' id='word_1_290' title='bbox 1116 1950 1184 2027; x_wconf 75' lang='grc' dir='ltr'>ἦν</span> <span class='ocrx_word' id='word_1_291' title='bbox 1248 1955 1446 2024; x_wconf 78' lang='grc' dir='ltr'>Δαυῖδ,</span> <span class='ocrx_word' id='word_1_292' title='bbox 1495 1960 1525 2012; x_wconf 89' lang='lat'><strong>6</strong></span> <span class='ocrx_word' id='word_1_293' title='bbox 1577 1960 1815 2032; x_wconf 81' lang='grc' dir='ltr'>Χριστὸς</span> 
     </span>
    </p>
   </div>
   <div class='ocr_carea' id='block_1_38' title="bbox 221 2040 1815 2124">
    <p class='ocr_par' dir='ltr' id='par_1_38' title="bbox 221 2040 1815 2124">
     <span class='ocr_line' id='line_1_38' title="bbox 221 2040 1815 2124; baseline 0.009 -32"><span class='ocrx_word' id='word_1_294' title='bbox 221 2040 491 2112; x_wconf 75' lang='grc' dir='ltr'>ἔρχεταις</span> <span class='ocrx_word' id='word_1_295' title='bbox 541 2062 559 2095; x_wconf 72' lang='grc' dir='ltr'><strong>ι</strong></span> <span class='ocrx_word' id='word_1_296' title='bbox 587 2043 674 2097; x_wconf 81' lang='grc' dir='ltr'>ὅτε</span> <span class='ocrx_word' id='word_1_297' title='bbox 707 2046 799 2099; x_wconf 78' lang='grc' dir='ltr'>καὶ</span> <span class='ocrx_word' id='word_1_298' title='bbox 831 2065 849 2097; x_wconf 80' lang='grc' dir='ltr'><strong>ι</strong></span> <span class='ocrx_word' id='word_1_299' title='bbox 884 2046 1088 2117; x_wconf 80' lang='grc' dir='ltr'>σχίσμα</span> <span class='ocrx_word' id='word_1_300' title='bbox 1122 2048 1413 2121; x_wconf 80' lang='grc' dir='ltr'>γεγένηται</span> <span class='ocrx_word' id='word_1_301' title='bbox 1454 2052 1513 2105; x_wconf 83' lang='grc' dir='ltr'>ὲν</span> <span class='ocrx_word' id='word_1_302' title='bbox 1554 2052 1633 2123; x_wconf 82' lang='grc' dir='ltr'>τῷ</span> <span class='ocrx_word' id='word_1_303' title='bbox 1670 2051 1815 2124; x_wconf 73' lang='grc' dir='ltr'>ὔχλῳ</span> 
     </span>
    </p>
   </div>
   <div class='ocr_carea' id='block_1_39' title="bbox 154 2131 1815 2217">
    <p class='ocr_par' dir='ltr' id='par_1_39' title="bbox 154 2131 1815 2217">
     <span class='ocr_line' id='line_1_39' title="bbox 154 2131 1815 2217; baseline 0.01 -34"><span class='ocrx_word' id='word_1_304' title='bbox 154 2144 163 2151; x_wconf 91' lang='grc'><strong>·</strong></span> <span class='ocrx_word' id='word_1_305' title='bbox 216 2131 295 2185; x_wconf 81' lang='grc' dir='ltr'><strong>δι’</strong></span> <span class='ocrx_word' id='word_1_306' title='bbox 320 2133 507 2187; x_wconf 89' lang='grc' dir='ltr'>αὑτόν.</span> <span class='ocrx_word' id='word_1_307' title='bbox 547 2153 566 2186; x_wconf 75' lang='grc' dir='ltr'><strong>ι</strong></span> <span class='ocrx_word' id='word_1_308' title='bbox 609 2136 765 2190; x_wconf 82' lang='grc' dir='ltr'>Ἀλλά</span> <span class='ocrx_word' id='word_1_309' title='bbox 797 2137 889 2191; x_wconf 66' lang='grc' dir='ltr'>καὶ</span> <span class='ocrx_word' id='word_1_310' title='bbox 920 2140 1037 2209; x_wconf 80' lang='grc' dir='ltr'>μετ’</span> <span class='ocrx_word' id='word_1_311' title='bbox 1061 2140 1216 2210; x_wconf 89' lang='grc' dir='ltr'>όλίγα</span> <span class='ocrx_word' id='word_1_312' title='bbox 1248 2132 1473 2197; x_wconf 62' lang='grc' dir='ltr'>ἐκείνων</span> <span class='ocrx_word' id='word_1_313' title='bbox 1488 2144 1815 2217; x_wconf 76' lang='grc' dir='ltr'>γέγραπται,</span> 
     </span>
    </p>
   </div>
   <div class='ocr_carea' id='block_1_40' title="bbox 218 2221 1815 2308">
    <p class='ocr_par' dir='ltr' id='par_1_40' title="bbox 218 2221 1815 2308">
     <span class='ocr_line' id='line_1_40' title="bbox 218 2221 1815 2308; baseline 0.011 -34"><span class='ocrx_word' id='word_1_314' title='bbox 218 2221 309 2275; x_wconf 71' lang='grc' dir='ltr'>ὅτι</span> <span class='ocrx_word' id='word_1_315' title='bbox 338 2224 714 2297; x_wconf 80' lang='grc' dir='ltr'><strong>ἀπεκρίθησαν</strong></span> <span class='ocrx_word' id='word_1_316' title='bbox 754 2228 803 2280; x_wconf 76' lang='lat' dir='ltr'><strong>oi</strong></span> <span class='ocrx_word' id='word_1_317' title='bbox 841 2228 1144 2301; x_wconf 72' lang='grc' dir='ltr'>ὑπηρέταισ</span> <span class='ocrx_word' id='word_1_318' title='bbox 1184 2251 1202 2283; x_wconf 80' lang='grc' dir='ltr'><strong>ι</strong></span> <span class='ocrx_word' id='word_1_319' title='bbox 1242 2234 1514 2288; x_wconf 81' lang='grc' dir='ltr'>Οὐδέποτε</span> <span class='ocrx_word' id='word_1_320' title='bbox 1552 2236 1815 2308; x_wconf 79' lang='grc' dir='ltr'>ἐλάλησεν</span> 
     </span>
    </p>
   </div>
   <div class='ocr_carea' id='block_1_41' title="bbox 213 2312 1816 2400">
    <p class='ocr_par' dir='ltr' id='par_1_41' title="bbox 213 2312 1816 2400">
     <span class='ocr_line' id='line_1_41' title="bbox 213 2312 1816 2400; baseline 0.011 -35"><span class='ocrx_word' id='word_1_321' title='bbox 213 2312 402 2378; x_wconf 74' lang='grc' dir='ltr'>οὑτως</span> <span class='ocrx_word' id='word_1_322' title='bbox 430 2314 733 2387; x_wconf 69' lang='grc' dir='ltr'>ἄνθρωπος’</span> <span class='ocrx_word' id='word_1_323' title='bbox 777 2337 794 2370; x_wconf 75' lang='grc' dir='ltr'><strong>ι</strong></span> <span class='ocrx_word' id='word_1_324' title='bbox 822 2318 897 2383; x_wconf 84' lang='grc' dir='ltr'><strong>ὡς</strong></span> <span class='ocrx_word' id='word_1_325' title='bbox 922 2322 1017 2374; x_wconf 74' lang='grc' dir='ltr'>καὶ</span> <span class='ocrx_word' id='word_1_326' title='bbox 1048 2324 1174 2388; x_wconf 72' lang='grc' dir='ltr'>τοὺς</span> <span class='ocrx_word' id='word_1_327' title='bbox 1187 2326 1514 2396; x_wconf 73' lang='grc' dir='ltr'>Φαρισαίους</span> <span class='ocrx_word' id='word_1_328' title='bbox 1534 2328 1816 2400; x_wconf 68' lang='grc' dir='ltr'>εἰρηκέναι</span> 
     </span>
    </p>
   </div>
   <div class='ocr_carea' id='block_1_42' title="bbox 211 2406 1815 2489">
    <p class='ocr_par' dir='ltr' id='par_1_42' title="bbox 211 2406 1815 2489">
     <span class='ocr_line' id='line_1_42' title="bbox 211 2406 1815 2489; baseline 0.01 -31"><span class='ocrx_word' id='word_1_329' title='bbox 211 2408 337 2470; x_wconf 83' lang='grc' dir='ltr'>τοῖς</span> <span class='ocrx_word' id='word_1_330' title='bbox 363 2406 705 2479; x_wconf 78' lang='grc' dir='ltr'>θαυμάζουσι</span> <span class='ocrx_word' id='word_1_331' title='bbox 727 2410 817 2464; x_wconf 82' lang='grc' dir='ltr'><strong>τόν</strong></span> <span class='ocrx_word' id='word_1_332' title='bbox 843 2409 1000 2480; x_wconf 87' lang='grc' dir='ltr'>λόγον</span> <span class='ocrx_word' id='word_1_333' title='bbox 1026 2414 1219 2468; x_wconf 86' lang='grc' dir='ltr'>αὑτοῦ·</span> <span class='ocrx_word' id='word_1_334' title='bbox 1245 2434 1263 2467; x_wconf 81' lang='grc' dir='ltr'><strong>ι</strong></span> <span class='ocrx_word' id='word_1_335' title='bbox 1292 2415 1383 2488; x_wconf 79' lang='grc' dir='ltr'><strong>Μὴ</strong></span> <span class='ocrx_word' id='word_1_336' title='bbox 1404 2417 1499 2470; x_wconf 77' lang='grc' dir='ltr'>καὶ</span> <span class='ocrx_word' id='word_1_337' title='bbox 1524 2418 1683 2489; x_wconf 81' lang='grc' dir='ltr'><strong>ὑμεῖς</strong></span> <span class='ocrx_word' id='word_1_338' title='bbox 1712 2436 1815 2474; x_wconf 87' lang='grc' dir='ltr'>πε-</span> 
     </span>
    </p>
   </div>
   <div class='ocr_carea' id='block_1_43' title="bbox 215 2494 1816 2573">
    <p class='ocr_par' dir='ltr' id='par_1_43' title="bbox 215 2494 1816 2573">
     <span class='ocr_line' id='line_1_43' title="bbox 215 2494 1816 2573; baseline 0.01 -26"><span class='ocrx_word' id='word_1_339' title='bbox 215 2494 522 2567; x_wconf 83' lang='grc' dir='ltr'>πλάνησθε;</span> <span class='ocrx_word' id='word_1_340' title='bbox 544 2499 618 2568; x_wconf 87' lang='grc' dir='ltr'><strong>μή</strong></span> <span class='ocrx_word' id='word_1_341' title='bbox 633 2516 716 2562; x_wconf 86' lang='grc' dir='ltr'><strong>τις</strong></span> <span class='ocrx_word' id='word_1_342' title='bbox 736 2501 801 2552; x_wconf 79' lang='grc' dir='ltr'>ἐκ</span> <span class='ocrx_word' id='word_1_343' title='bbox 819 2500 925 2554; x_wconf 86' lang='grc' dir='ltr'><strong>τῶν</strong></span> <span class='ocrx_word' id='word_1_344' title='bbox 937 2502 1210 2573; x_wconf 79' lang='grc' dir='ltr'>ἀρχόντων</span> <span class='ocrx_word' id='word_1_345' title='bbox 1233 2505 1549 2561; x_wconf 73' lang='grc' dir='ltr'>ἐπίστευσεν</span> <span class='ocrx_word' id='word_1_346' title='bbox 1562 2509 1641 2572; x_wconf 86' lang='grc' dir='ltr'><strong>είς</strong></span> <span class='ocrx_word' id='word_1_347' title='bbox 1651 2509 1816 2565; x_wconf 77' lang='grc' dir='ltr'>αὑτὸν</span> 
     </span>
    </p>
   </div>
   <div class='ocr_carea' id='block_1_44' title="bbox 214 2582 1814 2670">
    <p class='ocr_par' dir='ltr' id='par_1_44' title="bbox 214 2582 1814 2670">
     <span class='ocr_line' id='line_1_44' title="bbox 214 2582 1814 2670; baseline 0.013 -36"><span class='ocrx_word' id='word_1_348' title='bbox 214 2582 252 2652; x_wconf 77' lang='grc' dir='ltr'>ἦ</span> <span class='ocrx_word' id='word_1_349' title='bbox 270 2584 339 2637; x_wconf 76' lang='grc' dir='ltr'>ὲκ</span> <span class='ocrx_word' id='word_1_350' title='bbox 354 2584 461 2637; x_wconf 86' lang='grc' dir='ltr'><strong>τῶν</strong></span> <span class='ocrx_word' id='word_1_351' title='bbox 480 2585 811 2657; x_wconf 65' lang='grc' dir='ltr'>Φαρισαίωνς</span> <span class='ocrx_word' id='word_1_352' title='bbox 834 2588 997 2661; x_wconf 82' lang='grc' dir='ltr'>ἀλλ’ἢ</span> <span class='ocrx_word' id='word_1_353' title='bbox 1021 2593 1050 2644; x_wconf 97' lang='lat'><strong>6</strong></span> <span class='ocrx_word' id='word_1_354' title='bbox 1067 2588 1493 2666; x_wconf 78' lang='grc' dir='ltr'>δχλος(69)οὑτος</span> <span class='ocrx_word' id='word_1_355' title='bbox 1511 2599 1540 2650; x_wconf 88' lang='lat'><strong>6</strong></span> <span class='ocrx_word' id='word_1_356' title='bbox 1557 2597 1631 2670; x_wconf 81' lang='grc' dir='ltr'><strong>μή</strong></span> <span class='ocrx_word' id='word_1_357' title='bbox 1650 2599 1814 2669; x_wconf 78' lang='grc' dir='ltr'>γινώ-</span> 
     </span>
    </p>
   </div>
   <div class='ocr_carea' id='block_1_45' title="bbox 219 2675 1814 2763">
    <p class='ocr_par' dir='ltr' id='par_1_45' title="bbox 219 2675 1814 2763">
     <span class='ocr_line' id='line_1_45' title="bbox 219 2675 1814 2763; baseline 0.012 -34"><span class='ocrx_word' id='word_1_358' title='bbox 219 2691 372 2729; x_wconf 81' lang='grc' dir='ltr'>σκων</span> <span class='ocrx_word' id='word_1_359' title='bbox 386 2675 475 2731; x_wconf 81' lang='grc' dir='ltr'>τὸν</span> <span class='ocrx_word' id='word_1_360' title='bbox 500 2678 663 2750; x_wconf 83' lang='grc' dir='ltr'>νόμον</span> <span class='ocrx_word' id='word_1_361' title='bbox 689 2681 952 2753; x_wconf 79' lang='grc' dir='ltr'>ἐπάρατοί</span> <span class='ocrx_word' id='word_1_362' title='bbox 974 2684 1141 2751; x_wconf 73' lang='lat' dir='ltr'><strong>slew;</strong></span> <span class='ocrx_word' id='word_1_363' title='bbox 1161 2703 1180 2738; x_wconf 70' lang='grc' dir='ltr'><strong>ι</strong></span> <span class='ocrx_word' id='word_1_364' title='bbox 1195 2688 1281 2740; x_wconf 83' lang='grc' dir='ltr'>ὅτε</span> <span class='ocrx_word' id='word_1_365' title='bbox 1298 2689 1391 2741; x_wconf 67' lang='grc' dir='ltr'><strong>καὶ</strong></span> <span class='ocrx_word' id='word_1_366' title='bbox 1410 2689 1719 2763; x_wconf 85' lang='grc' dir='ltr'>Νικοδήμου</span> <span class='ocrx_word' id='word_1_367' title='bbox 1736 2695 1814 2747; x_wconf 79' lang='grc' dir='ltr'>εί-</span> 
     </span>
    </p>
   </div>
   <div class='ocr_carea' id='block_1_46' title="bbox 218 2769 1813 2853">
    <p class='ocr_par' dir='ltr' id='par_1_46' title="bbox 218 2769 1813 2853">
     <span class='ocr_line' id='line_1_46' title="bbox 218 2769 1813 2853; baseline 0.013 -33"><span class='ocrx_word' id='word_1_368' title='bbox 218 2769 475 2839; x_wconf 84' lang='grc' dir='ltr'>ρηκότος·</span> <span class='ocrx_word' id='word_1_369' title='bbox 496 2788 515 2822; x_wconf 80' lang='grc' dir='ltr'><strong>ι</strong></span> <span class='ocrx_word' id='word_1_370' title='bbox 534 2770 626 2843; x_wconf 81' lang='grc' dir='ltr'><strong>Μὴ</strong></span> <span class='ocrx_word' id='word_1_371' title='bbox 642 2774 671 2826; x_wconf 91' lang='lat'><strong>6</strong></span> <span class='ocrx_word' id='word_1_372' title='bbox 692 2772 874 2845; x_wconf 80' lang='grc' dir='ltr'><strong>Νόμος</strong></span> <span class='ocrx_word' id='word_1_373' title='bbox 892 2775 1049 2846; x_wconf 83' lang='grc' dir='ltr'>ήμῶν</span> <span class='ocrx_word' id='word_1_374' title='bbox 1075 2778 1247 2849; x_wconf 90' lang='grc' dir='ltr'>κρίνει</span> <span class='ocrx_word' id='word_1_375' title='bbox 1277 2780 1368 2835; x_wconf 83' lang='grc' dir='ltr'>τὸν</span> <span class='ocrx_word' id='word_1_376' title='bbox 1395 2782 1696 2853; x_wconf 79' lang='grc' dir='ltr'>ἄνθρωπον,</span> <span class='ocrx_word' id='word_1_377' title='bbox 1719 2786 1813 2840; x_wconf 63' lang='lat' dir='ltr'><strong>sev</strong></span> 
     </span>
    </p>
   </div>
   <div class='ocr_carea' id='block_1_47' title="bbox 223 2860 1809 2945">
    <p class='ocr_par' dir='ltr' id='par_1_47' title="bbox 223 2860 1809 2945">
     <span class='ocr_line' id='line_1_47' title="bbox 223 2860 1809 2945; baseline 0.012 -33"><span class='ocrx_word' id='word_1_378' title='bbox 223 2860 307 2932; x_wconf 81' lang='grc' dir='ltr'><strong>μὴ</strong></span> <span class='ocrx_word' id='word_1_379' title='bbox 339 2860 549 2933; x_wconf 79' lang='grc' dir='ltr'>ἀκούσῃ</span> <span class='ocrx_word' id='word_1_380' title='bbox 595 2864 813 2937; x_wconf 84' lang='grc' dir='ltr'>πρῶτον</span> <span class='ocrx_word' id='word_1_381' title='bbox 860 2870 990 2939; x_wconf 82' lang='grc' dir='ltr'>παρ’</span> <span class='ocrx_word' id='word_1_382' title='bbox 1024 2870 1210 2937; x_wconf 84' lang='grc' dir='ltr'>αὑτοῦ,</span> <span class='ocrx_word' id='word_1_383' title='bbox 1248 2873 1343 2925; x_wconf 77' lang='grc' dir='ltr'>καὶ</span> <span class='ocrx_word' id='word_1_384' title='bbox 1382 2874 1495 2945; x_wconf 89' lang='grc' dir='ltr'>γνῷ</span> <span class='ocrx_word' id='word_1_385' title='bbox 1539 2875 1592 2928; x_wconf 89' lang='grc' dir='ltr'><strong>τί</strong></span> <span class='ocrx_word' id='word_1_386' title='bbox 1636 2880 1809 2942; x_wconf 75' lang='grc' dir='ltr'>ποιεῖς</span> 
     </span>
    </p>
   </div>
   <div class='ocr_carea' id='block_1_48' title="bbox 213 2951 1811 3039">
    <p class='ocr_par' dir='ltr' id='par_1_48' title="bbox 213 2951 1811 3039">
     <span class='ocr_line' id='line_1_48' title="bbox 213 2951 1811 3039; baseline 0.011 -34"><span class='ocrx_word' id='word_1_387' title='bbox 213 2951 629 3027; x_wconf 68' lang='grc' dir='ltr'>ἀπεκρίθησαν*</span> <span class='ocrx_word' id='word_1_388' title='bbox 657 2957 748 3029; x_wconf 79' lang='grc' dir='ltr'><strong>Μὴ</strong></span> <span class='ocrx_word' id='word_1_389' title='bbox 782 2959 876 3012; x_wconf 77' lang='grc' dir='ltr'>καὶ</span> <span class='ocrx_word' id='word_1_390' title='bbox 907 2961 971 3014; x_wconf 73' lang='grc' dir='ltr'>σὺ</span> <span class='ocrx_word' id='word_1_391' title='bbox 998 2964 1062 3015; x_wconf 80' lang='grc' dir='ltr'>ὲκ</span> <span class='ocrx_word' id='word_1_392' title='bbox 1085 2962 1185 3032; x_wconf 85' lang='grc' dir='ltr'>τῆς</span> <span class='ocrx_word' id='word_1_393' title='bbox 1212 2963 1504 3030; x_wconf 85' lang='grc' dir='ltr'>Γαλιλαίας</span> <span class='ocrx_word' id='word_1_394' title='bbox 1536 2962 1623 3033; x_wconf 60' lang='lat' dir='ltr'><strong>ei;</strong></span> <span class='ocrx_word' id='word_1_395' title='bbox 1654 2967 1811 3039; x_wconf 85' lang='grc' dir='ltr'>ἐρεύ-</span> 
     </span>
    </p>
   </div>
   <div class='ocr_carea' id='block_1_49' title="bbox 1918 1854 3500 1933">
    <p class='ocr_par' dir='ltr' id='par_1_49' title="bbox 1918 1854 3500 1933">
     <span class='ocr_line' id='line_1_49' title="bbox 1918 1854 3500 1933; baseline 0.004 -22"><span class='ocrx_word' id='word_1_396' title='bbox 1918 1857 2011 1911; x_wconf 89' lang='lat' dir='ltr'><strong>alii</strong></span> <span class='ocrx_word' id='word_1_397' title='bbox 2059 1872 2187 1912; x_wconf 89' lang='lat' dir='ltr'><strong>vero</strong></span> <span class='ocrx_word' id='word_1_398' title='bbox 2225 1856 2482 1913; x_wconf 78' lang='lat' dir='ltr'><strong>dicebant</strong></span> <span class='ocrx_word' id='word_1_399' title='bbox 2515 1873 2530 1910; x_wconf 91' lang='lat'><strong>:</strong></span> <span class='ocrx_word' id='word_1_400' title='bbox 2562 1854 2661 1912; x_wconf 83' lang='lat' dir='ltr'><strong>llic</strong></span> <span class='ocrx_word' id='word_1_401' title='bbox 2705 1866 2791 1911; x_wconf 84' lang='lat' dir='ltr'><strong>est</strong></span> <span class='ocrx_word' id='word_1_402' title='bbox 2828 1855 2920 1911; x_wconf 90' lang='lat' dir='ltr'><strong>ille</strong></span> <span class='ocrx_word' id='word_1_403' title='bbox 2943 1857 3237 1926; x_wconf 87' lang='lat' dir='ltr'><strong>Christus;</strong></span> <span class='ocrx_word' id='word_1_404' title='bbox 3275 1863 3500 1933; x_wconf 89' lang='lat' dir='ltr'><strong>quidam</strong></span> 
     </span>
    </p>
   </div>
   <div class='ocr_carea' id='block_1_50' title="bbox 1919 1946 3501 2009">
    <p class='ocr_par' dir='ltr' id='par_1_50' title="bbox 1919 1946 3501 2009">
     <span class='ocr_line' id='line_1_50' title="bbox 1919 1946 3501 2009; baseline 0.003 -6"><span class='ocrx_word' id='word_1_405' title='bbox 1919 1958 2096 2004; x_wconf 87' lang='lat' dir='ltr'><strong>autem</strong></span> <span class='ocrx_word' id='word_1_406' title='bbox 2128 1948 2383 2007; x_wconf 84' lang='lat' dir='ltr'><strong>dicebant</strong></span> <span class='ocrx_word' id='word_1_407' title='bbox 2412 1964 2426 2001; x_wconf 90' lang='lat'><strong>:</strong></span> <span class='ocrx_word' id='word_1_408' title='bbox 2466 1946 2736 2003; x_wconf 84' lang='lat' dir='ltr'><strong>Numnam</strong></span> <span class='ocrx_word' id='word_1_409' title='bbox 2760 1964 2826 2002; x_wconf 75' lang='lat' dir='ltr'><strong>ex</strong></span> <span class='ocrx_word' id='word_1_410' title='bbox 2859 1946 3080 2004; x_wconf 68' lang='lat' dir='ltr'><strong>Galilaea</strong></span> <span class='ocrx_word' id='word_1_411' title='bbox 3117 1952 3371 2009; x_wconf 81' lang='lat' dir='ltr'><strong>Christus</strong></span> <span class='ocrx_word' id='word_1_412' title='bbox 3404 1970 3501 2009; x_wconf 87' lang='lat' dir='ltr'><strong>vc-</strong></span> 
     </span>
    </p>
   </div>
   <div class='ocr_carea' id='block_1_51' title="bbox 1921 2040 3499 2113">
    <p class='ocr_par' dir='ltr' id='par_1_51' title="bbox 1921 2040 3499 2113">
     <span class='ocr_line' id='line_1_51' title="bbox 1921 2040 3499 2113; baseline 0.004 -18"><span class='ocrx_word' id='word_1_413' title='bbox 1921 2042 2033 2096; x_wconf 82' lang='lat' dir='ltr'><strong>nit?</strong></span> <span class='ocrx_word' id='word_1_414' title='bbox 2061 2040 2252 2096; x_wconf 83' lang='lat' dir='ltr'><strong>Nonne</strong></span> <span class='ocrx_word' id='word_1_415' title='bbox 2283 2040 2567 2112; x_wconf 91' lang='lat' dir='ltr'><strong>Scriptura</strong></span> <span class='ocrx_word' id='word_1_416' title='bbox 2604 2040 2757 2103; x_wconf 88' lang='lat' dir='ltr'><strong>dicit,</strong></span> <span class='ocrx_word' id='word_1_417' title='bbox 2792 2043 2935 2111; x_wconf 91' lang='lat' dir='ltr'><strong>quod</strong></span> <span class='ocrx_word' id='word_1_418' title='bbox 2962 2057 3028 2096; x_wconf 77' lang='lat' dir='ltr'><strong>ex</strong></span> <span class='ocrx_word' id='word_1_419' title='bbox 3061 2045 3272 2099; x_wconf 90' lang='lat' dir='ltr'><strong>semine</strong></span> <span class='ocrx_word' id='word_1_420' title='bbox 3307 2048 3499 2113; x_wconf 82' lang='lat' dir='ltr'><strong>David,</strong></span> 
     </span>
    </p>
   </div>
   <div class='ocr_carea' id='block_1_52' title="bbox 1920 2132 3500 2202">
    <p class='ocr_par' dir='ltr' id='par_1_52' title="bbox 1920 2132 3500 2202">
     <span class='ocr_line' id='line_1_52' title="bbox 1920 2132 3500 2202; baseline 0.003 -12"><span class='ocrx_word' id='word_1_421' title='bbox 1920 2144 1977 2191; x_wconf 89' lang='lat' dir='ltr'><strong>et</strong></span> <span class='ocrx_word' id='word_1_422' title='bbox 2015 2136 2081 2190; x_wconf 88' lang='lat' dir='ltr'><strong>de</strong></span> <span class='ocrx_word' id='word_1_423' title='bbox 2119 2133 2435 2191; x_wconf 83' lang='lat' dir='ltr'><strong>Bethlehem</strong></span> <span class='ocrx_word' id='word_1_424' title='bbox 2467 2132 2693 2191; x_wconf 77' lang='lat' dir='ltr'><strong>Castello</strong></span> <span class='ocrx_word' id='word_1_425' title='bbox 2738 2133 2826 2187; x_wconf 92' lang='lat' dir='ltr'><strong>ubi</strong></span> <span class='ocrx_word' id='word_1_426' title='bbox 2869 2144 2988 2189; x_wconf 87' lang='lat' dir='ltr'><strong>erat</strong></span> <span class='ocrx_word' id='word_1_427' title='bbox 3035 2135 3223 2202; x_wconf 83' lang='lat' dir='ltr'><strong>David,</strong></span> <span class='ocrx_word' id='word_1_428' title='bbox 3252 2139 3500 2195; x_wconf 83' lang='lat' dir='ltr'><strong>Christus</strong></span> 
     </span>
    </p>
   </div>
   <div class='ocr_carea' id='block_1_53' title="bbox 1921 2218 3503 2294">
    <p class='ocr_par' dir='ltr' id='par_1_53' title="bbox 1921 2218 3503 2294">
     <span class='ocr_line' id='line_1_53' title="bbox 1921 2218 3503 2294; baseline 0.005 -18"><span class='ocrx_word' id='word_1_429' title='bbox 1921 2223 2139 2280; x_wconf 83' lang='lat' dir='ltr'><strong>veniet?</strong></span> <span class='ocrx_word' id='word_1_430' title='bbox 2168 2242 2188 2275; x_wconf 72' lang='grc' dir='ltr'><strong>ι</strong></span> <span class='ocrx_word' id='word_1_431' title='bbox 2224 2225 2443 2294; x_wconf 90' lang='lat' dir='ltr'><strong>quando</strong></span> <span class='ocrx_word' id='word_1_432' title='bbox 2466 2223 2631 2278; x_wconf 91' lang='lat' dir='ltr'><strong>etiam</strong></span> <span class='ocrx_word' id='word_1_433' title='bbox 2667 2242 2685 2275; x_wconf 80' lang='grc' dir='ltr'><strong>ι</strong></span> <span class='ocrx_word' id='word_1_434' title='bbox 2721 2222 2993 2280; x_wconf 89' lang='lat' dir='ltr'><strong>dissensio</strong></span> <span class='ocrx_word' id='word_1_435' title='bbox 3018 2237 3139 2281; x_wconf 89' lang='lat' dir='ltr'><strong>orta</strong></span> <span class='ocrx_word' id='word_1_436' title='bbox 3171 2239 3255 2283; x_wconf 82' lang='lat' dir='ltr'><strong>cst</strong></span> <span class='ocrx_word' id='word_1_437' title='bbox 3298 2230 3350 2283; x_wconf 89' lang='lat' dir='ltr'><strong>in</strong></span> <span class='ocrx_word' id='word_1_438' title='bbox 3385 2218 3503 2285; x_wconf 49' lang='lat' dir='ltr'><strong>tur;</strong></span> 
     </span>
    </p>
   </div>
   <div class='ocr_carea' id='block_1_54' title="bbox 1922 2314 3499 2392">
    <p class='ocr_par' dir='ltr' id='par_1_54' title="bbox 1922 2314 3499 2392">
     <span class='ocr_line' id='line_1_54' title="bbox 1922 2314 3499 2392; baseline 0.004 -21"><span class='ocrx_word' id='word_1_439' title='bbox 1922 2316 1991 2373; x_wconf 82' lang='lat' dir='ltr'><strong>ba</strong></span> <span class='ocrx_word' id='word_1_440' title='bbox 2026 2324 2247 2386; x_wconf 85' lang='lat' dir='ltr'><strong>propter</strong></span> <span class='ocrx_word' id='word_1_441' title='bbox 2282 2330 2407 2369; x_wconf 90' lang='lat' dir='ltr'><strong>eum</strong></span> <span class='ocrx_word' id='word_1_442' title='bbox 2441 2314 2510 2370; x_wconf 87' lang='grc'><strong>³³.</strong></span> <span class='ocrx_word' id='word_1_443' title='bbox 2549 2333 2568 2367; x_wconf 72' lang='grc' dir='ltr'><strong>ι</strong></span> <span class='ocrx_word' id='word_1_444' title='bbox 2604 2314 2713 2371; x_wconf 87' lang='lat' dir='ltr'><strong>Sed</strong></span> <span class='ocrx_word' id='word_1_445' title='bbox 2745 2315 2923 2384; x_wconf 85' lang='lat' dir='ltr'><strong>paulo</strong></span> <span class='ocrx_word' id='word_1_446' title='bbox 2965 2327 3088 2386; x_wconf 90' lang='lat' dir='ltr'><strong>post</strong></span> <span class='ocrx_word' id='word_1_447' title='bbox 3119 2319 3204 2374; x_wconf 83' lang='lat' dir='ltr'><strong>illa</strong></span> <span class='ocrx_word' id='word_1_448' title='bbox 3235 2325 3499 2392; x_wconf 82' lang='lat' dir='ltr'><strong>scriptum</strong></span> 
     </span>
    </p>
   </div>
   <div class='ocr_carea' id='block_1_55' title="bbox 1920 2404 3501 2481">
    <p class='ocr_par' dir='ltr' id='par_1_55' title="bbox 1920 2404 3501 2481">
     <span class='ocr_line' id='line_1_55' title="bbox 1920 2404 3501 2481; baseline 0.004 -19"><span class='ocrx_word' id='word_1_449' title='bbox 1920 2417 2005 2462; x_wconf 88' lang='lat' dir='ltr'><strong>est</strong></span> <span class='ocrx_word' id='word_1_450' title='bbox 2033 2406 2382 2477; x_wconf 87' lang='lat' dir='ltr'><strong>respondisse</strong></span> <span class='ocrx_word' id='word_1_451' title='bbox 2415 2404 2698 2460; x_wconf 85' lang='lat' dir='ltr'><strong>ministros</strong></span> <span class='ocrx_word' id='word_1_452' title='bbox 2732 2423 2746 2458; x_wconf 87' lang='lat'><strong>:</strong></span> <span class='ocrx_word' id='word_1_453' title='bbox 2796 2425 2814 2456; x_wconf 80' lang='grc' dir='ltr'><strong>ι</strong></span> <span class='ocrx_word' id='word_1_454' title='bbox 2853 2405 3139 2481; x_wconf 87' lang='lat' dir='ltr'><strong>Nunquam</strong></span> <span class='ocrx_word' id='word_1_455' title='bbox 3177 2412 3281 2467; x_wconf 78' lang='lat' dir='ltr'><strong>iSIO</strong></span> <span class='ocrx_word' id='word_1_456' title='bbox 3339 2416 3501 2468; x_wconf 85' lang='lat' dir='ltr'><strong>modo</strong></span> 
     </span>
    </p>
   </div>
   <div class='ocr_carea' id='block_1_56' title="bbox 1920 2497 3497 2559">
    <p class='ocr_par' dir='ltr' id='par_1_56' title="bbox 1920 2497 3497 2559">
     <span class='ocr_line' id='line_1_56' title="bbox 1920 2497 3497 2559; baseline 0.003 -4"><span class='ocrx_word' id='word_1_457' title='bbox 1920 2500 2133 2556; x_wconf 87' lang='lat' dir='ltr'><strong>locutus</strong></span> <span class='ocrx_word' id='word_1_458' title='bbox 2156 2508 2241 2555; x_wconf 86' lang='lat' dir='ltr'><strong>est</strong></span> <span class='ocrx_word' id='word_1_459' title='bbox 2263 2498 2426 2553; x_wconf 89' lang='lat' dir='ltr'><strong>homo</strong></span> <span class='ocrx_word' id='word_1_460' title='bbox 2452 2497 2497 2529; x_wconf 77' lang='lat'><strong>“</strong></span> <span class='ocrx_word' id='word_1_461' title='bbox 2529 2516 2542 2553; x_wconf 92' lang='lat'><strong>:</strong></span> <span class='ocrx_word' id='word_1_462' title='bbox 2578 2516 2597 2551; x_wconf 76' lang='grc' dir='ltr'><strong>ι</strong></span> <span class='ocrx_word' id='word_1_463' title='bbox 2631 2500 2766 2552; x_wconf 81' lang='lat' dir='ltr'><strong>adeo</strong></span> <span class='ocrx_word' id='word_1_464' title='bbox 2798 2507 2857 2551; x_wconf 92' lang='lat' dir='ltr'><strong>ut</strong></span> <span class='ocrx_word' id='word_1_465' title='bbox 2890 2498 3149 2558; x_wconf 74' lang='lat' dir='ltr'><strong>Phariszei</strong></span> <span class='ocrx_word' id='word_1_466' title='bbox 3173 2504 3497 2559; x_wconf 84' lang='lat' dir='ltr'><strong>admiranti-</strong></span> 
     </span>
    </p>
   </div>
   <div class='ocr_carea' id='block_1_57' title="bbox 1918 2593 3498 2662">
    <p class='ocr_par' dir='ltr' id='par_1_57' title="bbox 1918 2593 3498 2662">
     <span class='ocr_line' id='line_1_57' title="bbox 1918 2593 3498 2662; baseline 0.001 -11"><span class='ocrx_word' id='word_1_467' title='bbox 1918 2595 2021 2651; x_wconf 88' lang='lat' dir='ltr'><strong>bus</strong></span> <span class='ocrx_word' id='word_1_468' title='bbox 2055 2604 2364 2650; x_wconf 86' lang='lat' dir='ltr'><strong>sermonem</strong></span> <span class='ocrx_word' id='word_1_469' title='bbox 2391 2593 2510 2662; x_wconf 85' lang='lat' dir='ltr'><strong>ejus</strong></span> <span class='ocrx_word' id='word_1_470' title='bbox 2538 2594 2775 2649; x_wconf 76' lang='lat' dir='ltr'><strong>dixerint</strong></span> <span class='ocrx_word' id='word_1_471' title='bbox 2810 2613 2823 2650; x_wconf 92' lang='lat'>:</span> <span class='ocrx_word' id='word_1_472' title='bbox 2862 2615 2881 2649; x_wconf 83' lang='grc' dir='ltr'><strong>ι</strong></span> <span class='ocrx_word' id='word_1_473' title='bbox 2913 2596 3053 2650; x_wconf 82' lang='grc' dir='ltr'>Νιιιιι</span> <span class='ocrx_word' id='word_1_474' title='bbox 3090 2611 3184 2652; x_wconf 87' lang='lat' dir='ltr'><strong>vos</strong></span> <span class='ocrx_word' id='word_1_475' title='bbox 3210 2598 3372 2652; x_wconf 87' lang='lat' dir='ltr'><strong>etiam</strong></span> <span class='ocrx_word' id='word_1_476' title='bbox 3400 2602 3498 2653; x_wconf 57' lang='lat' dir='ltr'><strong>dev</strong></span> 
     </span>
    </p>
   </div>
   <div class='ocr_carea' id='block_1_58' title="bbox 1918 2686 3501 2759">
    <p class='ocr_par' dir='ltr' id='par_1_58' title="bbox 1918 2686 3501 2759">
     <span class='ocr_line' id='line_1_58' title="bbox 1918 2686 3501 2759; baseline -0.001 -14"><span class='ocrx_word' id='word_1_477' title='bbox 1918 2687 2060 2758; x_wconf 81' lang='lat' dir='ltr'><strong>cepti</strong></span> <span class='ocrx_word' id='word_1_478' title='bbox 2082 2686 2251 2743; x_wconf 79' lang='lat' dir='ltr'><strong>estis?</strong></span> <span class='ocrx_word' id='word_1_479' title='bbox 2288 2701 2416 2741; x_wconf 89' lang='lat' dir='ltr'><strong>num</strong></span> <span class='ocrx_word' id='word_1_480' title='bbox 2447 2686 2647 2757; x_wconf 89' lang='lat' dir='ltr'><strong>aliquis</strong></span> <span class='ocrx_word' id='word_1_481' title='bbox 2668 2703 2733 2742; x_wconf 74' lang='lat' dir='ltr'><strong>ex</strong></span> <span class='ocrx_word' id='word_1_482' title='bbox 2765 2687 3127 2759; x_wconf 73' lang='lat' dir='ltr'><strong>principibus,</strong></span> <span class='ocrx_word' id='word_1_483' title='bbox 3155 2690 3237 2743; x_wconf 85' lang='lat' dir='ltr'><strong>vel</strong></span> <span class='ocrx_word' id='word_1_484' title='bbox 3266 2705 3331 2745; x_wconf 82' lang='lat' dir='ltr'><strong>ex</strong></span> <span class='ocrx_word' id='word_1_485' title='bbox 3356 2690 3501 2745; x_wconf 80' lang='lat' dir='ltr'><strong>Pha~</strong></span> 
     </span>
    </p>
   </div>
   <div class='ocr_carea' id='block_1_59' title="bbox 1920 2776 3493 2849">
    <p class='ocr_par' dir='ltr' id='par_1_59' title="bbox 1920 2776 3493 2849">
     <span class='ocr_line' id='line_1_59' title="bbox 1920 2776 3493 2849; baseline 0 -14"><span class='ocrx_word' id='word_1_486' title='bbox 1920 2778 2094 2835; x_wconf 71' lang='lat' dir='ltr'><strong>risteis</strong></span> <span class='ocrx_word' id='word_1_487' title='bbox 2126 2778 2182 2833; x_wconf 90' lang='lat' dir='ltr'><strong>in</strong></span> <span class='ocrx_word' id='word_1_488' title='bbox 2205 2793 2330 2833; x_wconf 90' lang='lat' dir='ltr'><strong>eum</strong></span> <span class='ocrx_word' id='word_1_489' title='bbox 2364 2776 2637 2833; x_wconf 75' lang='lat' dir='ltr'><strong>credidit?</strong></span> <span class='ocrx_word' id='word_1_490' title='bbox 2661 2778 2856 2834; x_wconf 80' lang='lat' dir='ltr'><strong>Annon</strong></span> <span class='ocrx_word' id='word_1_491' title='bbox 2884 2778 3041 2833; x_wconf 89' lang='lat' dir='ltr'><strong>turba</strong></span> <span class='ocrx_word' id='word_1_492' title='bbox 3068 2779 3205 2843; x_wconf 77' lang='lat' dir='ltr'><strong>luec,</strong></span> <span class='ocrx_word' id='word_1_493' title='bbox 3235 2795 3355 2849; x_wconf 74' lang='lat' dir='ltr'><strong>quze</strong></span> <span class='ocrx_word' id='word_1_494' title='bbox 3386 2796 3493 2836; x_wconf 90' lang='lat' dir='ltr'><strong>non</strong></span> 
     </span>
    </p>
   </div>
   <div class='ocr_carea' id='block_1_60' title="bbox 1920 2869 3495 2942">
    <p class='ocr_par' dir='ltr' id='par_1_60' title="bbox 1920 2869 3495 2942">
     <span class='ocr_line' id='line_1_60' title="bbox 1920 2869 3495 2942; baseline 0.001 -17"><span class='ocrx_word' id='word_1_495' title='bbox 1920 2870 2169 2941; x_wconf 88' lang='lat' dir='ltr'><strong>agnoscit</strong></span> <span class='ocrx_word' id='word_1_496' title='bbox 2211 2869 2413 2942; x_wconf 88' lang='lat' dir='ltr'><strong>legem,</strong></span> <span class='ocrx_word' id='word_1_497' title='bbox 2479 2870 2843 2925; x_wconf 78' lang='lat' dir='ltr'><strong>exsecrabiles</strong></span> <span class='ocrx_word' id='word_1_498' title='bbox 2901 2880 3028 2925; x_wconf 89' lang='lat' dir='ltr'><strong>sunt</strong></span> <span class='ocrx_word' id='word_1_499' title='bbox 3071 2871 3157 2925; x_wconf 69' lang='grc'><strong>³⁸2</strong></span> <span class='ocrx_word' id='word_1_500' title='bbox 3202 2893 3221 2924; x_wconf 76' lang='grc' dir='ltr'><strong><em>ο</em></strong></span> <span class='ocrx_word' id='word_1_501' title='bbox 3274 2874 3495 2941; x_wconf 88' lang='lat' dir='ltr'><strong>quando</strong></span> 
     </span>
    </p>
   </div>
   <div class='ocr_carea' id='block_1_61' title="bbox 1917 2960 3494 3022">
    <p class='ocr_par' dir='ltr' id='par_1_61' title="bbox 1917 2960 3494 3022">
     <span class='ocr_line' id='line_1_61' title="bbox 1917 2960 3494 3022; baseline 0.003 -4"><span class='ocrx_word' id='word_1_502' title='bbox 1917 2964 2082 3018; x_wconf 89' lang='lat' dir='ltr'><strong>etiam</strong></span> <span class='ocrx_word' id='word_1_503' title='bbox 2108 2978 2230 3021; x_wconf 90' lang='lat' dir='ltr'><strong>cum</strong></span> <span class='ocrx_word' id='word_1_504' title='bbox 2265 2963 2495 3018; x_wconf 76' lang='lat' dir='ltr'><strong>dixisset</strong></span> <span class='ocrx_word' id='word_1_505' title='bbox 2528 2960 2853 3019; x_wconf 84' lang='lat' dir='ltr'><strong>Nicodemus</strong></span> <span class='ocrx_word' id='word_1_506' title='bbox 2889 2980 2901 2991; x_wconf 90' lang='grc'><strong>·</strong></span> <span class='ocrx_word' id='word_1_507' title='bbox 2942 2981 2962 3015; x_wconf 79' lang='grc' dir='ltr'><strong>ι</strong></span> <span class='ocrx_word' id='word_1_508' title='bbox 2996 2962 3131 3018; x_wconf 88' lang='lat' dir='ltr'><strong>Num</strong></span> <span class='ocrx_word' id='word_1_509' title='bbox 3172 2964 3259 3020; x_wconf 73' lang='lat' dir='ltr'><strong>lex</strong></span> <span class='ocrx_word' id='word_1_510' title='bbox 3309 2972 3494 3022; x_wconf 86' lang='lat' dir='ltr'><strong>nostra</strong></span> 
     </span>
    </p>
   </div>
   <div class='ocr_carea' id='block_1_62' title="bbox 212 3046 1807 3150">
    <p class='ocr_par' dir='ltr' id='par_1_62' title="bbox 212 3046 1807 3150">
     <span class='ocr_line' id='line_1_62' title="bbox 212 3046 1807 3150; baseline 0.011 -55"><span class='ocrx_word' id='word_1_511' title='bbox 212 3056 404 3150; x_wconf 47' lang='grc' dir='ltr'>ἱρηίων,</span> <span class='ocrx_word' id='word_1_512' title='bbox 441 3046 535 3099; x_wconf 69' lang='grc' dir='ltr'>καὶ</span> <span class='ocrx_word' id='word_1_513' title='bbox 569 3047 665 3112; x_wconf 82' lang='grc' dir='ltr'>ῐδε,</span> <span class='ocrx_word' id='word_1_514' title='bbox 706 3048 787 3102; x_wconf 84' lang='grc' dir='ltr'>ὅτι</span> <span class='ocrx_word' id='word_1_515' title='bbox 816 3052 879 3103; x_wconf 84' lang='grc' dir='ltr'>ὲκ</span> <span class='ocrx_word' id='word_1_516' title='bbox 910 3050 1008 3119; x_wconf 86' lang='grc' dir='ltr'>τῆς</span> <span class='ocrx_word' id='word_1_517' title='bbox 1038 3052 1327 3119; x_wconf 88' lang='grc' dir='ltr'>Γαλιλαίας</span> <span class='ocrx_word' id='word_1_518' title='bbox 1375 3059 1660 3129; x_wconf 84' lang='grc' dir='ltr'>προφήτης</span> <span class='ocrx_word' id='word_1_519' title='bbox 1707 3058 1807 3115; x_wconf 78' lang='grc' dir='ltr'><strong>οὑκ</strong></span> 
     </span>
    </p>
   </div>
   <div class='ocr_carea' id='block_1_63' title="bbox 1916 3046 3498 3150">
    <p class='ocr_par' dir='ltr' id='par_1_63' title="bbox 1916 3052 3498 3128">
     <span class='ocr_line' id='line_1_63' title="bbox 1916 3052 3498 3128; baseline 0.003 -19"><span class='ocrx_word' id='word_1_520' title='bbox 1916 3052 2122 3125; x_wconf 65' lang='lat' dir='ltr'><strong>iudicat</strong></span> <span class='ocrx_word' id='word_1_521' title='bbox 2167 3055 2464 3117; x_wconf 86' lang='lat' dir='ltr'><strong>hominem,</strong></span> <span class='ocrx_word' id='word_1_522' title='bbox 2516 3054 2619 3109; x_wconf 88' lang='lat' dir='ltr'><strong>nisi</strong></span> <span class='ocrx_word' id='word_1_523' title='bbox 2673 3055 2823 3124; x_wconf 87' lang='lat' dir='ltr'><strong>prius</strong></span> <span class='ocrx_word' id='word_1_524' title='bbox 2880 3055 3117 3110; x_wconf 87' lang='lat' dir='ltr'><strong>audierit</strong></span> <span class='ocrx_word' id='word_1_525' title='bbox 3158 3057 3227 3111; x_wconf 86' lang='lat' dir='ltr'><strong>ab</strong></span> <span class='ocrx_word' id='word_1_526' title='bbox 3258 3058 3398 3128; x_wconf 87' lang='lat' dir='ltr'><strong>ipso,</strong></span> <span class='ocrx_word' id='word_1_527' title='bbox 3439 3071 3498 3113; x_wconf 91' lang='lat' dir='ltr'><strong>et</strong></span> 
     </span>
    </p>
   </div>
   <div class='ocr_carea' id='block_1_64' title="bbox 210 3132 1807 3216">
    <p class='ocr_par' dir='ltr' id='par_1_64' title="bbox 210 3132 1807 3213">
     <span class='ocr_line' id='line_1_64' title="bbox 210 3132 1807 3213; baseline 0.013 -28"><span class='ocrx_word' id='word_1_528' title='bbox 210 3132 523 3207; x_wconf 68' lang='grc' dir='ltr'>ἐξέρχεται,</span> <span class='ocrx_word' id='word_1_529' title='bbox 550 3139 669 3193; x_wconf 79' lang='grc' dir='ltr'>οὑδὲ</span> <span class='ocrx_word' id='word_1_530' title='bbox 697 3140 987 3213; x_wconf 78' lang='grc' dir='ltr'>ἐγείρεται.</span> <span class='ocrx_word' id='word_1_531' title='bbox 1031 3162 1049 3195; x_wconf 74' lang='grc' dir='ltr'><strong>ι</strong></span> <span class='ocrx_word' id='word_1_532' title='bbox 1085 3144 1211 3209; x_wconf 85' lang='grc' dir='ltr'><strong>Πῶς</strong></span> <span class='ocrx_word' id='word_1_533' title='bbox 1237 3146 1294 3199; x_wconf 81' lang='grc' dir='ltr'>δὲ</span> <span class='ocrx_word' id='word_1_534' title='bbox 1322 3146 1574 3203; x_wconf 72' lang='grc' dir='ltr'>ἐδύναντο</span> <span class='ocrx_word' id='word_1_535' title='bbox 1605 3151 1807 3205; x_wconf 86' lang='grc' dir='ltr'>ἀπλού-</span> 
     </span>
    </p>
   </div>
   <div class='ocr_carea' id='block_1_65' title="bbox 1916 3132 3492 3216">
    <p class='ocr_par' dir='ltr' id='par_1_65' title="bbox 1916 3143 3492 3216">
     <span class='ocr_line' id='line_1_65' title="bbox 1916 3143 3492 3216; baseline 0.003 -17"><span class='ocrx_word' id='word_1_536' title='bbox 1916 3145 2233 3216; x_wconf 85' lang='lat' dir='ltr'><strong>cognoverit</strong></span> <span class='ocrx_word' id='word_1_537' title='bbox 2259 3146 2389 3215; x_wconf 91' lang='lat' dir='ltr'><strong>quid</strong></span> <span class='ocrx_word' id='word_1_538' title='bbox 2421 3143 2625 3199; x_wconf 79' lang='lat' dir='ltr'><strong>faciat?</strong></span> <span class='ocrx_word' id='word_1_539' title='bbox 2671 3145 3075 3213; x_wconf 85' lang='lat' dir='ltr'><strong>responderunt</strong></span> <span class='ocrx_word' id='word_1_540' title='bbox 3110 3162 3122 3198; x_wconf 92' lang='lat'><strong>:</strong></span> <span class='ocrx_word' id='word_1_541' title='bbox 3153 3145 3290 3202; x_wconf 89' lang='lat' dir='ltr'><strong>Num</strong></span> <span class='ocrx_word' id='word_1_542' title='bbox 3323 3157 3376 3203; x_wconf 90' lang='lat' dir='ltr'><strong>et</strong></span> <span class='ocrx_word' id='word_1_543' title='bbox 3432 3156 3492 3203; x_wconf 91' lang='lat' dir='ltr'><strong>tu</strong></span> 
     </span>
    </p>
   </div>
   <div class='ocr_carea' id='block_1_66' title="bbox 216 3231 1807 3310">
    <p class='ocr_par' dir='ltr' id='par_1_66' title="bbox 216 3231 1807 3309">
     <span class='ocr_line' id='line_1_66' title="bbox 216 3231 1807 3309; baseline 0.011 -31"><span class='ocrx_word' id='word_1_544' title='bbox 216 3241 414 3305; x_wconf 83' lang='grc' dir='ltr'>στερον</span> <span class='ocrx_word' id='word_1_545' title='bbox 438 3232 578 3282; x_wconf 87' lang='grc' dir='ltr'>νοεῖν</span> <span class='ocrx_word' id='word_1_546' title='bbox 604 3231 766 3285; x_wconf 83' lang='grc' dir='ltr'>αὑτὸν</span> <span class='ocrx_word' id='word_1_547' title='bbox 803 3232 999 3287; x_wconf 77' lang='grc' dir='ltr'>ἑαυτὸν</span> <span class='ocrx_word' id='word_1_548' title='bbox 1036 3236 1359 3309; x_wconf 81' lang='grc' dir='ltr'>ἀναιρήσειν</span> <span class='ocrx_word' id='word_1_549' title='bbox 1386 3240 1436 3292; x_wconf 75' lang='lat' dir='ltr'><strong>ot</strong></span> <span class='ocrx_word' id='word_1_550' title='bbox 1476 3240 1807 3307; x_wconf 83' lang='grc' dir='ltr'>ἀκούσαντες</span> 
     </span>
    </p>
   </div>
   <div class='ocr_carea' id='block_1_67' title="bbox 1916 3231 3490 3310">
    <p class='ocr_par' dir='ltr' id='par_1_67' title="bbox 1916 3238 3490 3310">
     <span class='ocr_line' id='line_1_67' title="bbox 1916 3238 3490 3310; baseline -0.003 -12"><span class='ocrx_word' id='word_1_551' title='bbox 1916 3241 2168 3298; x_wconf 75' lang='lat' dir='ltr'><strong>Calilmus</strong></span> <span class='ocrx_word' id='word_1_552' title='bbox 2191 3242 2287 3298; x_wconf 76' lang='lat' dir='ltr'><strong>es?</strong></span> <span class='ocrx_word' id='word_1_553' title='bbox 2312 3241 2590 3306; x_wconf 87' lang='lat' dir='ltr'><strong>Scrutare,</strong></span> <span class='ocrx_word' id='word_1_554' title='bbox 2620 3249 2677 3297; x_wconf 88' lang='lat' dir='ltr'><strong>et</strong></span> <span class='ocrx_word' id='word_1_555' title='bbox 2704 3241 2824 3296; x_wconf 82' lang='lat' dir='ltr'><strong>vide</strong></span> <span class='ocrx_word' id='word_1_556' title='bbox 2847 3241 2993 3310; x_wconf 90' lang='lat' dir='ltr'><strong>quod</strong></span> <span class='ocrx_word' id='word_1_557' title='bbox 3044 3256 3074 3294; x_wconf 90' lang='lat' dir='ltr'><strong>a</strong></span> <span class='ocrx_word' id='word_1_558' title='bbox 3113 3238 3335 3294; x_wconf 74' lang='lat' dir='ltr'><strong>Galilma</strong></span> <span class='ocrx_word' id='word_1_559' title='bbox 3365 3255 3490 3310; x_wconf 79' lang='lat' dir='ltr'><strong>pro-</strong></span> 
     </span>
    </p>
   </div>
   <div class='ocr_carea' id='block_1_68' title="bbox 216 3317 1807 3405">
    <p class='ocr_par' dir='ltr' id='par_1_68' title="bbox 216 3317 1807 3404">
     <span class='ocr_line' id='line_1_68' title="bbox 216 3317 1807 3404; baseline 0.009 -31"><span class='ocrx_word' id='word_1_560' title='bbox 216 3317 389 3373; x_wconf 85' lang='grc' dir='ltr'>αὑτοῦ</span> <span class='ocrx_word' id='word_1_561' title='bbox 414 3319 693 3390; x_wconf 79' lang='grc' dir='ltr'>λέγοντος·</span> <span class='ocrx_word' id='word_1_562' title='bbox 728 3342 746 3376; x_wconf 81' lang='grc' dir='ltr'><strong>ι</strong></span> <span class='ocrx_word' id='word_1_563' title='bbox 794 3326 935 3394; x_wconf 82' lang='grc' dir='ltr'><strong>Ἐγὼ</strong></span> <span class='ocrx_word' id='word_1_564' title='bbox 966 3327 1083 3398; x_wconf 88' lang='grc' dir='ltr'>είμι</span> <span class='ocrx_word' id='word_1_565' title='bbox 1120 3327 1180 3381; x_wconf 82' lang='grc' dir='ltr'><strong>τό</strong></span> <span class='ocrx_word' id='word_1_566' title='bbox 1214 3329 1330 3398; x_wconf 77' lang='grc' dir='ltr'><strong>φῶς</strong></span> <span class='ocrx_word' id='word_1_567' title='bbox 1360 3329 1455 3384; x_wconf 85' lang='grc' dir='ltr'><strong>τοῦ</strong></span> <span class='ocrx_word' id='word_1_568' title='bbox 1486 3332 1695 3404; x_wconf 85' lang='grc' dir='ltr'>κόσμου</span> <span class='ocrx_word' id='word_1_569' title='bbox 1720 3351 1732 3364; x_wconf 88' lang='grc'><strong>·</strong></span> <span class='ocrx_word' id='word_1_570' title='bbox 1776 3336 1807 3387; x_wconf 88' lang='lat'><strong>6</strong></span> 
     </span>
    </p>
   </div>
   <div class='ocr_carea' id='block_1_69' title="bbox 1916 3317 3488 3405">
    <p class='ocr_par' dir='ltr' id='par_1_69' title="bbox 1916 3332 3488 3405">
     <span class='ocr_line' id='line_1_69' title="bbox 1916 3332 3488 3405; baseline -0.003 -16"><span class='ocrx_word' id='word_1_571' title='bbox 1916 3335 2074 3405; x_wconf 87' lang='lat' dir='ltr'><strong>pheta</strong></span> <span class='ocrx_word' id='word_1_572' title='bbox 2106 3350 2211 3390; x_wconf 83' lang='lat' dir='ltr'><strong>non</strong></span> <span class='ocrx_word' id='word_1_573' title='bbox 2237 3336 2513 3405; x_wconf 80' lang='lat' dir='ltr'><strong>egreditur</strong></span> <span class='ocrx_word' id='word_1_574' title='bbox 2536 3348 2714 3404; x_wconf 89' lang='lat' dir='ltr'><strong>neque</strong></span> <span class='ocrx_word' id='word_1_575' title='bbox 2741 3333 2913 3402; x_wconf 82' lang='lat' dir='ltr'><strong>surgit</strong></span> <span class='ocrx_word' id='word_1_576' title='bbox 2934 3333 3000 3388; x_wconf 82' lang='lat'><strong>“.</strong></span> <span class='ocrx_word' id='word_1_577' title='bbox 3034 3351 3051 3385; x_wconf 76' lang='grc' dir='ltr'><strong>ι</strong></span> <span class='ocrx_word' id='word_1_578' title='bbox 3082 3332 3187 3388; x_wconf 90' lang='lat' dir='ltr'><strong>Sed</strong></span> <span class='ocrx_word' id='word_1_579' title='bbox 3215 3332 3488 3403; x_wconf 86' lang='lat' dir='ltr'><strong>quomodo</strong></span> 
     </span>
    </p>
   </div>
   <div class='ocr_carea' id='block_1_70' title="bbox 216 3409 1807 3497">
    <p class='ocr_par' dir='ltr' id='par_1_70' title="bbox 216 3409 1805 3496">
     <span class='ocr_line' id='line_1_70' title="bbox 216 3409 1805 3496; baseline 0.009 -33"><span class='ocrx_word' id='word_1_580' title='bbox 216 3409 529 3465; x_wconf 79' lang='grc' dir='ltr'>ἀκολουθῶν</span> <span class='ocrx_word' id='word_1_581' title='bbox 559 3432 647 3484; x_wconf 90' lang='grc' dir='ltr'><strong>μοι</strong></span> <span class='ocrx_word' id='word_1_582' title='bbox 683 3416 744 3469; x_wconf 92' lang='grc' dir='ltr'><strong>οὑ</strong></span> <span class='ocrx_word' id='word_1_583' title='bbox 783 3417 857 3487; x_wconf 82' lang='grc' dir='ltr'>μὴ</span> <span class='ocrx_word' id='word_1_584' title='bbox 885 3420 1234 3494; x_wconf 77' lang='grc' dir='ltr'>περιπατήσῃ</span> <span class='ocrx_word' id='word_1_585' title='bbox 1255 3422 1312 3476; x_wconf 83' lang='grc' dir='ltr'>ὲν</span> <span class='ocrx_word' id='word_1_586' title='bbox 1334 3424 1401 3494; x_wconf 79' lang='grc' dir='ltr'>τῇ</span> <span class='ocrx_word' id='word_1_587' title='bbox 1438 3424 1648 3496; x_wconf 69' lang='grc' dir='ltr'>σκοτίᾳ,</span> <span class='ocrx_word' id='word_1_588' title='bbox 1688 3424 1805 3478; x_wconf 84' lang='grc' dir='ltr'>ἀλλ’</span> 
     </span>
    </p>
   </div>
   <div class='ocr_carea' id='block_1_71' title="bbox 1916 3409 3484 3497">
    <p class='ocr_par' dir='ltr' id='par_1_71' title="bbox 1916 3424 3484 3497">
     <span class='ocr_line' id='line_1_71' title="bbox 1916 3424 3484 3497; baseline -0.003 -15"><span class='ocrx_word' id='word_1_589' title='bbox 1916 3425 2211 3496; x_wconf 81' lang='lat' dir='ltr'><strong>simplicius</strong></span> <span class='ocrx_word' id='word_1_590' title='bbox 2237 3434 2491 3497; x_wconf 90' lang='lat' dir='ltr'><strong>poterant</strong></span> <span class='ocrx_word' id='word_1_591' title='bbox 2524 3424 2831 3495; x_wconf 72' lang='lat' dir='ltr'><strong>intelligere</strong></span> <span class='ocrx_word' id='word_1_592' title='bbox 2871 3424 3111 3479; x_wconf 91' lang='lat' dir='ltr'><strong>futurum</strong></span> <span class='ocrx_word' id='word_1_593' title='bbox 3158 3434 3215 3479; x_wconf 90' lang='lat' dir='ltr'><strong>ut</strong></span> <span class='ocrx_word' id='word_1_594' title='bbox 3244 3425 3484 3494; x_wconf 87' lang='lat' dir='ltr'><strong>seipsum</strong></span> 
     </span>
    </p>
   </div>
   <div class='ocr_carea' id='block_1_72' title="bbox 216 3502 1807 3589">
    <p class='ocr_par' dir='ltr' id='par_1_72' title="bbox 216 3502 1805 3589">
     <span class='ocr_line' id='line_1_72' title="bbox 216 3502 1805 3589; baseline 0.011 -35"><span class='ocrx_word' id='word_1_595' title='bbox 216 3502 332 3568; x_wconf 72' lang='grc' dir='ltr'>ἕξει</span> <span class='ocrx_word' id='word_1_596' title='bbox 359 3502 419 3558; x_wconf 82' lang='grc' dir='ltr'><strong>τό</strong></span> <span class='ocrx_word' id='word_1_597' title='bbox 448 3505 563 3575; x_wconf 81' lang='grc' dir='ltr'>φῶς</span> <span class='ocrx_word' id='word_1_598' title='bbox 590 3508 688 3579; x_wconf 84' lang='grc' dir='ltr'>τῆς</span> <span class='ocrx_word' id='word_1_599' title='bbox 730 3508 910 3580; x_wconf 78' lang='grc' dir='ltr'>ζωῆςς</span> <span class='ocrx_word' id='word_1_600' title='bbox 948 3530 967 3562; x_wconf 76' lang='lat' dir='ltr'><strong>r</strong></span> <span class='ocrx_word' id='word_1_601' title='bbox 1003 3512 1148 3584; x_wconf 83' lang='grc' dir='ltr'>Πρὸς</span> <span class='ocrx_word' id='word_1_602' title='bbox 1174 3513 1233 3568; x_wconf 84' lang='grc' dir='ltr'><strong>δν</strong></span> <span class='ocrx_word' id='word_1_603' title='bbox 1262 3514 1313 3566; x_wconf 81' lang='grc' dir='ltr'>οἱ</span> <span class='ocrx_word' id='word_1_604' title='bbox 1333 3510 1621 3586; x_wconf 68' lang='grc' dir='ltr'>Φαρισαῖοι</span> <span class='ocrx_word' id='word_1_605' title='bbox 1650 3518 1805 3589; x_wconf 72' lang='grc' dir='ltr'>εἰρή-</span> 
     </span>
    </p>
   </div>
   <div class='ocr_carea' id='block_1_73' title="bbox 1916 3502 3486 3589">
    <p class='ocr_par' dir='ltr' id='par_1_73' title="bbox 1916 3514 3486 3583">
     <span class='ocr_line' id='line_1_73' title="bbox 1916 3514 3486 3583; baseline -0.003 -10"><span class='ocrx_word' id='word_1_606' title='bbox 1916 3518 2266 3583; x_wconf 77' lang='lat' dir='ltr'><strong>interficeret,</strong></span> <span class='ocrx_word' id='word_1_607' title='bbox 2304 3517 2592 3573; x_wconf 84' lang='lat' dir='ltr'><strong>audientes</strong></span> <span class='ocrx_word' id='word_1_608' title='bbox 2631 3530 2754 3571; x_wconf 90' lang='lat' dir='ltr'><strong>eum</strong></span> <span class='ocrx_word' id='word_1_609' title='bbox 2789 3516 3061 3570; x_wconf 89' lang='lat' dir='ltr'><strong>dicentem</strong></span> <span class='ocrx_word' id='word_1_610' title='bbox 3097 3532 3111 3568; x_wconf 86' lang='lat'><strong>:</strong></span> <span class='ocrx_word' id='word_1_611' title='bbox 3149 3535 3166 3566; x_wconf 77' lang='grc' dir='ltr'><strong>ι</strong></span> <span class='ocrx_word' id='word_1_612' title='bbox 3207 3514 3320 3583; x_wconf 85' lang='lat' dir='ltr'><strong>Ego</strong></span> <span class='ocrx_word' id='word_1_613' title='bbox 3366 3529 3486 3569; x_wconf 89' lang='lat' dir='ltr'><strong>sum</strong></span> 
     </span>
    </p>
   </div>
   <div class='ocr_carea' id='block_1_74' title="bbox 218 3598 1801 3680">
    <p class='ocr_par' dir='ltr' id='par_1_74' title="bbox 218 3598 1801 3680">
     <span class='ocr_line' id='line_1_74' title="bbox 218 3598 1801 3680; baseline 0.009 -32"><span class='ocrx_word' id='word_1_614' title='bbox 218 3612 400 3661; x_wconf 85' lang='grc' dir='ltr'>κασιν,</span> <span class='ocrx_word' id='word_1_615' title='bbox 425 3598 505 3651; x_wconf 85' lang='grc' dir='ltr'>ὃτι</span> <span class='ocrx_word' id='word_1_616' title='bbox 537 3621 556 3651; x_wconf 80' lang='grc' dir='ltr'><strong>ι</strong></span> <span class='ocrx_word' id='word_1_617' title='bbox 593 3600 664 3653; x_wconf 82' lang='grc' dir='ltr'><strong>Σὺ</strong></span> <span class='ocrx_word' id='word_1_618' title='bbox 697 3603 822 3674; x_wconf 73' lang='grc' dir='ltr'>περὶ</span> <span class='ocrx_word' id='word_1_619' title='bbox 844 3603 1070 3657; x_wconf 82' lang='grc' dir='ltr'>σεαυτοῦ</span> <span class='ocrx_word' id='word_1_620' title='bbox 1100 3608 1426 3676; x_wconf 80' lang='grc' dir='ltr'><strong>μαρτυρεῖς⁸</strong></span> <span class='ocrx_word' id='word_1_621' title='bbox 1460 3610 1493 3680; x_wconf 83' lang='grc' dir='ltr'><strong>ή</strong></span> <span class='ocrx_word' id='word_1_622' title='bbox 1523 3610 1801 3680; x_wconf 83' lang='grc' dir='ltr'>μαρτυρία</span> 
     </span>
    </p>
   </div>
   <div class='ocr_carea' id='block_1_75' title="bbox 220 3687 1801 3769">
    <p class='ocr_par' dir='ltr' id='par_1_75' title="bbox 220 3687 1801 3769">
     <span class='ocr_line' id='line_1_75' title="bbox 220 3687 1801 3769; baseline 0.008 -30"><span class='ocrx_word' id='word_1_623' title='bbox 220 3701 316 3739; x_wconf 86' lang='grc' dir='ltr'><strong>σου</strong></span> <span class='ocrx_word' id='word_1_624' title='bbox 345 3689 443 3741; x_wconf 89' lang='grc' dir='ltr'><strong>οὑκ</strong></span> <span class='ocrx_word' id='word_1_625' title='bbox 464 3688 608 3742; x_wconf 80' lang='grc' dir='ltr'>ἔστιν</span> <span class='ocrx_word' id='word_1_626' title='bbox 637 3690 871 3763; x_wconf 85' lang='grc' dir='ltr'>ἀληθής·</span> <span class='ocrx_word' id='word_1_627' title='bbox 903 3687 985 3757; x_wconf 71' lang='grc' dir='ltr'>οἷς</span> <span class='ocrx_word' id='word_1_628' title='bbox 1027 3694 1358 3767; x_wconf 87' lang='grc' dir='ltr'>ἀπεκρίνατο</span> <span class='ocrx_word' id='word_1_629' title='bbox 1389 3697 1419 3749; x_wconf 97' lang='lat'><strong>6</strong></span> <span class='ocrx_word' id='word_1_630' title='bbox 1475 3696 1685 3769; x_wconf 84' lang='grc' dir='ltr'>Ἰησοῦς</span> <span class='ocrx_word' id='word_1_631' title='bbox 1710 3697 1801 3752; x_wconf 79' lang='grc' dir='ltr'><strong>λέ-</strong></span> 
     </span>
    </p>
   </div>
   <div class='ocr_carea' id='block_1_76' title="bbox 218 3780 1801 3860">
    <p class='ocr_par' dir='ltr' id='par_1_76' title="bbox 218 3780 1801 3860">
     <span class='ocr_line' id='line_1_76' title="bbox 218 3780 1801 3860; baseline 0.007 -29"><span class='ocrx_word' id='word_1_632' title='bbox 218 3794 361 3847; x_wconf 69' lang='grc' dir='ltr'>γων*</span> <span class='ocrx_word' id='word_1_633' title='bbox 393 3780 510 3834; x_wconf 76' lang='grc' dir='ltr'><strong>Κάν</strong></span> <span class='ocrx_word' id='word_1_634' title='bbox 540 3781 648 3852; x_wconf 81' lang='grc' dir='ltr'><strong>ἐγὼ</strong></span> <span class='ocrx_word' id='word_1_635' title='bbox 673 3784 935 3856; x_wconf 83' lang='grc' dir='ltr'>μαρτυρῶ</span> <span class='ocrx_word' id='word_1_636' title='bbox 963 3785 1093 3856; x_wconf 74' lang='grc' dir='ltr'>περὶ</span> <span class='ocrx_word' id='word_1_637' title='bbox 1144 3786 1406 3856; x_wconf 69' lang='grc' dir='ltr'>ἐμαυτοῦ,</span> <span class='ocrx_word' id='word_1_638' title='bbox 1448 3789 1483 3857; x_wconf 79' lang='grc' dir='ltr'><strong>ἡ</strong></span> <span class='ocrx_word' id='word_1_639' title='bbox 1525 3788 1801 3860; x_wconf 86' lang='grc' dir='ltr'>μαρτυρία</span> 
     </span>
    </p>
   </div>
   <div class='ocr_carea' id='block_1_77' title="bbox 224 3870 1801 3949">
    <p class='ocr_par' dir='ltr' id='par_1_77' title="bbox 224 3870 1801 3949">
     <span class='ocr_line' id='line_1_77' title="bbox 224 3870 1801 3949; baseline 0.008 -27"><span class='ocrx_word' id='word_1_640' title='bbox 224 3887 327 3940; x_wconf 84' lang='grc' dir='ltr'><strong>μου</strong></span> <span class='ocrx_word' id='word_1_641' title='bbox 364 3870 569 3943; x_wconf 84' lang='grc' dir='ltr'>ἀληθής</span> <span class='ocrx_word' id='word_1_642' title='bbox 617 3875 782 3939; x_wconf 73' lang='grc' dir='ltr'>ἐστιν,</span> <span class='ocrx_word' id='word_1_643' title='bbox 833 3875 916 3928; x_wconf 78' lang='grc' dir='ltr'>ὅτι</span> <span class='ocrx_word' id='word_1_644' title='bbox 964 3870 1080 3930; x_wconf 81' lang='grc' dir='ltr'>οἶδα</span> <span class='ocrx_word' id='word_1_645' title='bbox 1122 3874 1283 3929; x_wconf 88' lang='grc' dir='ltr'>πόθεν</span> <span class='ocrx_word' id='word_1_646' title='bbox 1314 3874 1499 3949; x_wconf 79' lang='grc' dir='ltr'>ἦλθον,</span> <span class='ocrx_word' id='word_1_647' title='bbox 1549 3881 1643 3933; x_wconf 80' lang='grc' dir='ltr'>καὶ</span> <span class='ocrx_word' id='word_1_648' title='bbox 1697 3880 1801 3934; x_wconf 79' lang='grc' dir='ltr'><strong>ποῦ</strong></span> 
     </span>
    </p>
   </div>
   <div class='ocr_carea' id='block_1_78' title="bbox 221 3964 1799 4043">
    <p class='ocr_par' dir='ltr' id='par_1_78' title="bbox 221 3964 1799 4043">
     <span class='ocr_line' id='line_1_78' title="bbox 221 3964 1799 4043; baseline 0.008 -28"><span class='ocrx_word' id='word_1_649' title='bbox 221 3964 432 4032; x_wconf 81' lang='grc' dir='ltr'>ὑπάγω.</span> <span class='ocrx_word' id='word_1_650' title='bbox 480 3965 667 4036; x_wconf 84' lang='grc' dir='ltr'>Ὑμεῖς</span> <span class='ocrx_word' id='word_1_651' title='bbox 726 3966 869 4021; x_wconf 87' lang='grc' dir='ltr'><strong>κατά</strong></span> <span class='ocrx_word' id='word_1_652' title='bbox 920 3968 1023 4040; x_wconf 79' lang='grc' dir='ltr'>τὴν</span> <span class='ocrx_word' id='word_1_653' title='bbox 1076 3968 1252 4043; x_wconf 86' lang='grc' dir='ltr'>σάρκα</span> <span class='ocrx_word' id='word_1_654' title='bbox 1311 3970 1549 4042; x_wconf 86' lang='grc' dir='ltr'>κρίνετε,</span> <span class='ocrx_word' id='word_1_655' title='bbox 1599 3972 1711 4041; x_wconf 65' lang='grc' dir='ltr'><strong>ἐγὼ</strong></span> <span class='ocrx_word' id='word_1_656' title='bbox 1739 3975 1799 4028; x_wconf 90' lang='grc' dir='ltr'><strong>οὑ</strong></span> 
     </span>
    </p>
   </div>
   <div class='ocr_carea' id='block_1_79' title="bbox 1906 3606 3486 3679">
    <p class='ocr_par' dir='ltr' id='par_1_79' title="bbox 1906 3606 3486 3679">
     <span class='ocr_line' id='line_1_79' title="bbox 1906 3606 3486 3679; baseline -0.003 -18"><span class='ocrx_word' id='word_1_657' title='bbox 1906 3606 2001 3664; x_wconf 82' lang='lat' dir='ltr'><strong>lux</strong></span> <span class='ocrx_word' id='word_1_658' title='bbox 2028 3608 2213 3666; x_wconf 81' lang='lat' dir='ltr'><strong>mundi</strong></span> <span class='ocrx_word' id='word_1_659' title='bbox 2247 3628 2260 3664; x_wconf 93' lang='lat'><strong>:</strong></span> <span class='ocrx_word' id='word_1_660' title='bbox 2293 3610 2386 3679; x_wconf 84' lang='lat' dir='ltr'><strong>qui</strong></span> <span class='ocrx_word' id='word_1_661' title='bbox 2421 3607 2673 3678; x_wconf 76' lang='lat' dir='ltr'><strong>sequitur</strong></span> <span class='ocrx_word' id='word_1_662' title='bbox 2701 3624 2809 3674; x_wconf 89' lang='lat' dir='ltr'><strong>me,</strong></span> <span class='ocrx_word' id='word_1_663' title='bbox 2851 3620 3193 3677; x_wconf 88' lang='lat' dir='ltr'><strong>nequaquam</strong></span> <span class='ocrx_word' id='word_1_664' title='bbox 3234 3606 3486 3660; x_wconf 74' lang='lat' dir='ltr'><strong>ambula-</strong></span> 
     </span>
    </p>
   </div>
   <div class='ocr_carea' id='block_1_80' title="bbox 1904 3688 3486 3765">
    <p class='ocr_par' dir='ltr' id='par_1_80' title="bbox 1904 3688 3486 3765">
     <span class='ocr_line' id='line_1_80' title="bbox 1904 3688 3486 3765; baseline -0.002 -10"><span class='ocrx_word' id='word_1_665' title='bbox 1904 3703 2046 3758; x_wconf 83' lang='lat' dir='ltr'><strong>verit</strong></span> <span class='ocrx_word' id='word_1_666' title='bbox 2074 3705 2127 3756; x_wconf 91' lang='lat' dir='ltr'><strong>in</strong></span> <span class='ocrx_word' id='word_1_667' title='bbox 2159 3701 2420 3763; x_wconf 87' lang='lat' dir='ltr'><strong>tenebris.</strong></span> <span class='ocrx_word' id='word_1_668' title='bbox 2455 3700 2554 3765; x_wconf 84' lang='lat' dir='ltr'><strong>sed</strong></span> <span class='ocrx_word' id='word_1_669' title='bbox 2585 3698 2805 3753; x_wconf 86' lang='lat' dir='ltr'><strong>habebit</strong></span> <span class='ocrx_word' id='word_1_670' title='bbox 2849 3698 3030 3752; x_wconf 82' lang='lat' dir='ltr'><strong>lumen</strong></span> <span class='ocrx_word' id='word_1_671' title='bbox 3077 3698 3201 3752; x_wconf 69' lang='lat' dir='ltr'><strong>vitae</strong></span> <span class='ocrx_word' id='word_1_672' title='bbox 3234 3696 3315 3750; x_wconf 70' lang='lat'><strong>&#39;7?</strong></span> <span class='ocrx_word' id='word_1_673' title='bbox 3353 3715 3372 3749; x_wconf 77' lang='grc' dir='ltr'><strong>ι</strong></span> <span class='ocrx_word' id='word_1_674' title='bbox 3403 3688 3486 3752; x_wconf 75' lang='lat' dir='ltr'><strong>Ad</strong></span> 
     </span>
    </p>
   </div>
   <div class='ocr_carea' id='block_1_81' title="bbox 1904 3786 3488 3863">
    <p class='ocr_par' dir='ltr' id='par_1_81' title="bbox 1904 3786 3488 3863">
     <span class='ocr_line' id='line_1_81' title="bbox 1904 3786 3488 3863; baseline -0.004 -17"><span class='ocrx_word' id='word_1_675' title='bbox 1904 3806 2067 3863; x_wconf 86' lang='lat' dir='ltr'><strong>quem</strong></span> <span class='ocrx_word' id='word_1_676' title='bbox 2105 3790 2366 3846; x_wconf 69' lang='lat' dir='ltr'><strong>Pharisaei</strong></span> <span class='ocrx_word' id='word_1_677' title='bbox 2407 3790 2701 3845; x_wconf 79' lang='lat' dir='ltr'><strong>dixerunt:</strong></span> <span class='ocrx_word' id='word_1_678' title='bbox 2736 3804 2755 3841; x_wconf 79' lang='grc' dir='ltr'><strong>ι</strong></span> <span class='ocrx_word' id='word_1_679' title='bbox 2790 3786 2869 3842; x_wconf 88' lang='lat' dir='ltr'><strong>&#39;l‘u</strong></span> <span class='ocrx_word' id='word_1_680' title='bbox 2915 3786 2983 3842; x_wconf 89' lang='lat' dir='ltr'><strong>de</strong></span> <span class='ocrx_word' id='word_1_681' title='bbox 3021 3787 3194 3857; x_wconf 86' lang='lat' dir='ltr'><strong>teipse</strong></span> <span class='ocrx_word' id='word_1_682' title='bbox 3225 3787 3488 3841; x_wconf 79' lang='lat' dir='ltr'><strong>testiﬁca-</strong></span> 
     </span>
    </p>
   </div>
   <div class='ocr_carea' id='block_1_82' title="bbox 1904 3866 3487 3947">
    <p class='ocr_par' dir='ltr' id='par_1_82' title="bbox 1904 3866 3487 3947">
     <span class='ocr_line' id='line_1_82' title="bbox 1904 3866 3487 3947; baseline -0.004 -10"><span class='ocrx_word' id='word_1_683' title='bbox 1904 3884 2010 3947; x_wconf 82' lang='lat' dir='ltr'><strong>ris;</strong></span> <span class='ocrx_word' id='word_1_684' title='bbox 2063 3881 2434 3938; x_wconf 84' lang='lat' dir='ltr'><strong>testimonium</strong></span> <span class='ocrx_word' id='word_1_685' title='bbox 2464 3891 2611 3937; x_wconf 82' lang='lat' dir='ltr'><strong>tuum</strong></span> <span class='ocrx_word' id='word_1_686' title='bbox 2661 3895 2769 3935; x_wconf 86' lang='lat' dir='ltr'><strong>non</strong></span> <span class='ocrx_word' id='word_1_687' title='bbox 2815 3888 2897 3935; x_wconf 84' lang='lat' dir='ltr'><strong>est</strong></span> <span class='ocrx_word' id='word_1_688' title='bbox 2927 3866 3136 3935; x_wconf 85' lang='lat' dir='ltr'><strong>verum.</strong></span> <span class='ocrx_word' id='word_1_689' title='bbox 3182 3870 3487 3947; x_wconf 71' lang='lat' dir='ltr'><strong>Respondit</strong></span> 
     </span>
    </p>
   </div>
   <div class='ocr_carea' id='block_1_83' title="bbox 1901 3969 3483 4041">
    <p class='ocr_par' dir='ltr' id='par_1_83' title="bbox 1901 3969 3483 4041">
     <span class='ocr_line' id='line_1_83' title="bbox 1901 3969 3483 4041; baseline -0.003 -14"><span class='ocrx_word' id='word_1_690' title='bbox 1901 3972 2087 4037; x_wconf 79' lang='lat' dir='ltr'><strong>Jesus,</strong></span> <span class='ocrx_word' id='word_1_691' title='bbox 2113 3980 2169 4027; x_wconf 88' lang='lat' dir='ltr'><strong>ct</strong></span> <span class='ocrx_word' id='word_1_692' title='bbox 2202 3970 2344 4027; x_wconf 78' lang='lat' dir='ltr'><strong>dixit</strong></span> <span class='ocrx_word' id='word_1_693' title='bbox 2371 3970 2497 4027; x_wconf 86' lang='lat' dir='ltr'><strong>eis:</strong></span> <span class='ocrx_word' id='word_1_694' title='bbox 2538 3969 2761 4025; x_wconf 86' lang='lat' dir='ltr'><strong>Etiamsi</strong></span> <span class='ocrx_word' id='word_1_695' title='bbox 2801 3985 2902 4041; x_wconf 88' lang='lat' dir='ltr'><strong>ego</strong></span> <span class='ocrx_word' id='word_1_696' title='bbox 2944 3970 3313 4025; x_wconf 88' lang='lat' dir='ltr'><strong>testimonium</strong></span> <span class='ocrx_word' id='word_1_697' title='bbox 3358 3970 3483 4038; x_wconf 82' lang='lat' dir='ltr'><strong>per-</strong></span> 
     </span>
    </p>
   </div>
   <div class='ocr_carea' id='block_1_84' title="bbox 220 4054 1807 4143">
    <p class='ocr_par' dir='ltr' id='par_1_84' title="bbox 220 4054 1799 4138">
     <span class='ocr_line' id='line_1_84' title="bbox 220 4054 1799 4138; baseline 0.008 -31"><span class='ocrx_word' id='word_1_698' title='bbox 220 4054 388 4128; x_wconf 87' lang='grc' dir='ltr'>κρίνω</span> <span class='ocrx_word' id='word_1_699' title='bbox 416 4056 629 4111; x_wconf 80' lang='grc' dir='ltr'>οὑδένα’</span> <span class='ocrx_word' id='word_1_700' title='bbox 668 4059 761 4112; x_wconf 63' lang='grc' dir='ltr'><strong>καὶ⁹</strong></span> <span class='ocrx_word' id='word_1_701' title='bbox 791 4058 885 4115; x_wconf 75' lang='grc' dir='ltr'><strong>ὲάν</strong></span> <span class='ocrx_word' id='word_1_702' title='bbox 910 4059 1082 4131; x_wconf 90' lang='grc' dir='ltr'>κρίνω</span> <span class='ocrx_word' id='word_1_703' title='bbox 1106 4060 1164 4114; x_wconf 83' lang='grc' dir='ltr'>δὲ</span> <span class='ocrx_word' id='word_1_704' title='bbox 1189 4061 1319 4130; x_wconf 74' lang='grc' dir='ltr'>ἐγὼ,</span> <span class='ocrx_word' id='word_1_705' title='bbox 1349 4064 1383 4133; x_wconf 84' lang='grc' dir='ltr'>ἠ</span> <span class='ocrx_word' id='word_1_706' title='bbox 1418 4063 1600 4135; x_wconf 88' lang='grc' dir='ltr'>κρίσις</span> <span class='ocrx_word' id='word_1_707' title='bbox 1623 4066 1656 4135; x_wconf 90' lang='grc' dir='ltr'><strong>ή</strong></span> <span class='ocrx_word' id='word_1_708' title='bbox 1689 4066 1799 4138; x_wconf 72' lang='grc' dir='ltr'><strong>ἐμὴ</strong></span> 
     </span>
    </p>
   </div>
   <div class='ocr_carea' id='block_1_85' title="bbox 1916 4054 3476 4143">
    <p class='ocr_par' dir='ltr' id='par_1_85' title="bbox 1916 4060 3476 4143">
     <span class='ocr_line' id='line_1_85' title="bbox 1916 4060 3476 4143; baseline -0.002 -27"><span class='ocrx_word' id='word_1_709' title='bbox 1916 4062 2066 4117; x_wconf 63' lang='lat' dir='ltr'><strong>albeo</strong></span> <span class='ocrx_word' id='word_1_710' title='bbox 2089 4060 2159 4117; x_wconf 85' lang='lat' dir='ltr'><strong>de</strong></span> <span class='ocrx_word' id='word_1_711' title='bbox 2206 4060 2441 4130; x_wconf 86' lang='lat' dir='ltr'><strong>meipso,</strong></span> <span class='ocrx_word' id='word_1_712' title='bbox 2472 4072 2660 4115; x_wconf 84' lang='lat' dir='ltr'><strong>verum</strong></span> <span class='ocrx_word' id='word_1_713' title='bbox 2706 4068 2789 4115; x_wconf 89' lang='lat' dir='ltr'><strong>est</strong></span> <span class='ocrx_word' id='word_1_714' title='bbox 2852 4060 3219 4116; x_wconf 88' lang='lat' dir='ltr'><strong>testimonium</strong></span> <span class='ocrx_word' id='word_1_715' title='bbox 3274 4074 3476 4143; x_wconf 86' lang='lat' dir='ltr'><strong>meum,</strong></span> 
     </span>
    </p>
   </div>
   <div class='ocr_carea' id='block_1_86' title="bbox 222 4145 1807 4223">
    <p class='ocr_par' dir='ltr' id='par_1_86' title="bbox 222 4145 1797 4223">
     <span class='ocr_line' id='line_1_86' title="bbox 222 4145 1797 4223; baseline 0.008 -24"><span class='ocrx_word' id='word_1_716' title='bbox 222 4145 423 4219; x_wconf 84' lang='grc' dir='ltr'>ἀληθής</span> <span class='ocrx_word' id='word_1_717' title='bbox 453 4150 619 4213; x_wconf 73' lang='grc' dir='ltr'>ἐστιν,</span> <span class='ocrx_word' id='word_1_718' title='bbox 653 4150 735 4203; x_wconf 82' lang='grc' dir='ltr'>ὃτι</span> <span class='ocrx_word' id='word_1_719' title='bbox 772 4150 932 4221; x_wconf 85' lang='grc' dir='ltr'>μόνος</span> <span class='ocrx_word' id='word_1_720' title='bbox 973 4151 1073 4205; x_wconf 91' lang='grc' dir='ltr'><strong>οὑκ</strong></span> <span class='ocrx_word' id='word_1_721' title='bbox 1110 4152 1245 4223; x_wconf 73' lang='grc' dir='ltr'>είμὶ,</span> <span class='ocrx_word' id='word_1_722' title='bbox 1293 4152 1409 4206; x_wconf 86' lang='grc' dir='ltr'>ἀλλ’</span> <span class='ocrx_word' id='word_1_723' title='bbox 1454 4153 1585 4223; x_wconf 77' lang='grc' dir='ltr'>ἐγὼ,</span> <span class='ocrx_word' id='word_1_724' title='bbox 1633 4155 1728 4210; x_wconf 74' lang='grc' dir='ltr'>καὶ</span> <span class='ocrx_word' id='word_1_725' title='bbox 1767 4158 1797 4210; x_wconf 87' lang='lat'><strong>6</strong></span> 
     </span>
    </p>
   </div>
   <div class='ocr_carea' id='block_1_87' title="bbox 1916 4145 3480 4223">
    <p class='ocr_par' dir='ltr' id='par_1_87' title="bbox 1916 4150 3480 4223">
     <span class='ocr_line' id='line_1_87' title="bbox 1916 4150 3480 4223; baseline 0.001 -16"><span class='ocrx_word' id='word_1_726' title='bbox 1916 4154 2028 4223; x_wconf 60' lang='lat' dir='ltr'><strong>quia</strong></span> <span class='ocrx_word' id='word_1_727' title='bbox 2062 4152 2178 4209; x_wconf 85' lang='lat' dir='ltr'><strong>scio</strong></span> <span class='ocrx_word' id='word_1_728' title='bbox 2213 4153 2357 4208; x_wconf 72' lang='lat' dir='ltr'><strong>unde</strong></span> <span class='ocrx_word' id='word_1_729' title='bbox 2388 4150 2571 4217; x_wconf 80' lang='lat' dir='ltr'><strong>venio,</strong></span> <span class='ocrx_word' id='word_1_730' title='bbox 2606 4160 2662 4206; x_wconf 92' lang='lat' dir='ltr'><strong>et</strong></span> <span class='ocrx_word' id='word_1_731' title='bbox 2686 4167 2794 4221; x_wconf 92' lang='lat' dir='ltr'><strong>quo</strong></span> <span class='ocrx_word' id='word_1_732' title='bbox 2823 4152 2980 4207; x_wconf 82' lang='lat' dir='ltr'><strong>vado.</strong></span> <span class='ocrx_word' id='word_1_733' title='bbox 3038 4152 3149 4209; x_wconf 76' lang='lat' dir='ltr'><strong>Vos</strong></span> <span class='ocrx_word' id='word_1_734' title='bbox 3178 4153 3480 4208; x_wconf 87' lang='lat' dir='ltr'><strong>secundum</strong></span> 
     </span>
    </p>
   </div>
   <div class='ocr_carea' id='block_1_88' title="bbox 222 4238 1807 4322">
    <p class='ocr_par' dir='ltr' id='par_1_88' title="bbox 222 4238 1796 4322">
     <span class='ocr_line' id='line_1_88' title="bbox 222 4238 1796 4322; baseline 0.008 -31"><span class='ocrx_word' id='word_1_735' title='bbox 222 4238 437 4309; x_wconf 72' lang='grc' dir='ltr'>πέμψας</span> <span class='ocrx_word' id='word_1_736' title='bbox 469 4258 538 4311; x_wconf 88' lang='grc' dir='ltr'><strong>με</strong></span> <span class='ocrx_word' id='word_1_737' title='bbox 567 4242 778 4313; x_wconf 88' lang='grc' dir='ltr'>Πατήρ.</span> <span class='ocrx_word' id='word_1_738' title='bbox 816 4244 923 4298; x_wconf 77' lang='grc' dir='ltr'><strong>Καὶ</strong></span> <span class='ocrx_word' id='word_1_739' title='bbox 946 4245 1005 4298; x_wconf 78' lang='grc' dir='ltr'>ἐν</span> <span class='ocrx_word' id='word_1_740' title='bbox 1035 4245 1115 4315; x_wconf 83' lang='grc' dir='ltr'><strong>τῷ</strong></span> <span class='ocrx_word' id='word_1_741' title='bbox 1147 4246 1316 4317; x_wconf 86' lang='grc' dir='ltr'>Νόμῳ</span> <span class='ocrx_word' id='word_1_742' title='bbox 1344 4246 1402 4299; x_wconf 79' lang='grc' dir='ltr'>δὲ</span> <span class='ocrx_word' id='word_1_743' title='bbox 1434 4246 1513 4318; x_wconf 82' lang='grc' dir='ltr'>τῷ</span> <span class='ocrx_word' id='word_1_744' title='bbox 1544 4248 1796 4322; x_wconf 77' lang='grc' dir='ltr'>ὑμετέρῳ</span> 
     </span>
    </p>
   </div>
   <div class='ocr_carea' id='block_1_89' title="bbox 1916 4238 3477 4322">
    <p class='ocr_par' dir='ltr' id='par_1_89' title="bbox 1916 4242 3477 4317">
     <span class='ocr_line' id='line_1_89' title="bbox 1916 4242 3477 4317; baseline -0.003 -16"><span class='ocrx_word' id='word_1_745' title='bbox 1916 4260 2123 4301; x_wconf 87' lang='lat' dir='ltr'><strong>:arnem</strong></span> <span class='ocrx_word' id='word_1_746' title='bbox 2144 4242 2428 4314; x_wconf 73' lang='lat' dir='ltr'><strong>iudicatis,</strong></span> <span class='ocrx_word' id='word_1_747' title='bbox 2455 4258 2559 4315; x_wconf 89' lang='lat' dir='ltr'><strong>ego</strong></span> <span class='ocrx_word' id='word_1_748' title='bbox 2596 4258 2701 4299; x_wconf 86' lang='lat' dir='ltr'><strong>non</strong></span> <span class='ocrx_word' id='word_1_749' title='bbox 2726 4245 2912 4317; x_wconf 85' lang='lat' dir='ltr'><strong>judico</strong></span> <span class='ocrx_word' id='word_1_750' title='bbox 2944 4258 3273 4316; x_wconf 84' lang='lat' dir='ltr'><strong>quemquam</strong></span> <span class='ocrx_word' id='word_1_751' title='bbox 3302 4264 3315 4299; x_wconf 92' lang='lat'><strong>:</strong></span> <span class='ocrx_word' id='word_1_752' title='bbox 3345 4261 3477 4315; x_wconf 86' lang='lat' dir='ltr'><strong>por-</strong></span> 
     </span>
    </p>
   </div>
   <div class='ocr_carea' id='block_1_90' title="bbox 222 4331 1807 4413">
    <p class='ocr_par' dir='ltr' id='par_1_90' title="bbox 222 4331 1794 4413">
     <span class='ocr_line' id='line_1_90' title="bbox 222 4331 1794 4413; baseline 0.006 -29"><span class='ocrx_word' id='word_1_753' title='bbox 222 4331 555 4403; x_wconf 79' lang='grc' dir='ltr'>γέγραπται,</span> <span class='ocrx_word' id='word_1_754' title='bbox 600 4335 679 4388; x_wconf 78' lang='grc' dir='ltr'>ὅτι</span> <span class='ocrx_word' id='word_1_755' title='bbox 719 4334 812 4388; x_wconf 86' lang='grc' dir='ltr'><strong>δύο</strong></span> <span class='ocrx_word' id='word_1_756' title='bbox 856 4334 1159 4408; x_wconf 87' lang='grc' dir='ltr'>ἀνθρώπων</span> <span class='ocrx_word' id='word_1_757' title='bbox 1196 4338 1229 4409; x_wconf 88' lang='grc' dir='ltr'><strong>ή</strong></span> <span class='ocrx_word' id='word_1_758' title='bbox 1267 4338 1543 4410; x_wconf 87' lang='grc' dir='ltr'>μαρτυρία</span> <span class='ocrx_word' id='word_1_759' title='bbox 1588 4339 1794 4413; x_wconf 89' lang='grc' dir='ltr'>ἀληθής</span> 
     </span>
    </p>
   </div>
   <div class='ocr_carea' id='block_1_91' title="bbox 1916 4331 3476 4413">
    <p class='ocr_par' dir='ltr' id='par_1_91' title="bbox 1916 4334 3476 4407">
     <span class='ocr_line' id='line_1_91' title="bbox 1916 4334 3476 4407; baseline -0.003 -16"><span class='ocrx_word' id='word_1_760' title='bbox 1916 4353 1964 4393; x_wconf 70' lang='lat' dir='ltr'><strong>ro</strong></span> <span class='ocrx_word' id='word_1_761' title='bbox 1985 4336 2149 4393; x_wconf 89' lang='lat' dir='ltr'><strong>etiam</strong></span> <span class='ocrx_word' id='word_1_762' title='bbox 2177 4336 2221 4393; x_wconf 87' lang='lat' dir='ltr'><strong>si</strong></span> <span class='ocrx_word' id='word_1_763' title='bbox 2240 4336 2476 4407; x_wconf 72' lang='lat' dir='ltr'><strong>iudicem</strong></span> <span class='ocrx_word' id='word_1_764' title='bbox 2511 4350 2634 4407; x_wconf 86' lang='lat' dir='ltr'><strong>ego,</strong></span> <span class='ocrx_word' id='word_1_765' title='bbox 2656 4334 2923 4405; x_wconf 79' lang='lat' dir='ltr'><strong>iudicium</strong></span> <span class='ocrx_word' id='word_1_766' title='bbox 2952 4350 3130 4390; x_wconf 89' lang='lat' dir='ltr'><strong>meum</strong></span> <span class='ocrx_word' id='word_1_767' title='bbox 3162 4350 3351 4389; x_wconf 85' lang='lat' dir='ltr'><strong>verum</strong></span> <span class='ocrx_word' id='word_1_768' title='bbox 3371 4344 3476 4398; x_wconf 88' lang='lat' dir='ltr'><strong>est,</strong></span> 
     </span>
    </p>
   </div>
   <div class='ocr_carea' id='block_1_92' title="bbox 222 4425 1807 4505">
    <p class='ocr_par' dir='ltr' id='par_1_92' title="bbox 222 4425 1794 4505">
     <span class='ocr_line' id='line_1_92' title="bbox 222 4425 1794 4505; baseline 0.006 -28"><span class='ocrx_word' id='word_1_769' title='bbox 222 4425 388 4479; x_wconf 77' lang='grc' dir='ltr'>ἐστιν·</span> <span class='ocrx_word' id='word_1_770' title='bbox 417 4425 526 4495; x_wconf 68' lang='grc' dir='ltr'><strong>ἐγὼ</strong></span> <span class='ocrx_word' id='word_1_771' title='bbox 552 4429 665 4499; x_wconf 78' lang='grc' dir='ltr'>εἰμι</span> <span class='ocrx_word' id='word_1_772' title='bbox 686 4430 715 4481; x_wconf 91' lang='grc' dir='ltr'><strong>ό</strong></span> <span class='ocrx_word' id='word_1_773' title='bbox 741 4429 1035 4501; x_wconf 83' lang='grc' dir='ltr'>μαρτυρῶν</span> <span class='ocrx_word' id='word_1_774' title='bbox 1068 4430 1196 4501; x_wconf 72' lang='grc' dir='ltr'>περὶ</span> <span class='ocrx_word' id='word_1_775' title='bbox 1233 4429 1496 4502; x_wconf 72' lang='grc' dir='ltr'>ἐμαυτοῦ,</span> <span class='ocrx_word' id='word_1_776' title='bbox 1526 4433 1619 4486; x_wconf 77' lang='grc' dir='ltr'>καὶ</span> <span class='ocrx_word' id='word_1_777' title='bbox 1653 4450 1794 4505; x_wconf 80' lang='grc' dir='ltr'>μαρ-</span> 
     </span>
    </p>
   </div>
   <div class='ocr_carea' id='block_1_93' title="bbox 1916 4425 3477 4505">
    <p class='ocr_par' dir='ltr' id='par_1_93' title="bbox 1916 4425 3477 4501">
     <span class='ocr_line' id='line_1_93' title="bbox 1916 4425 3477 4501; baseline -0.004 -17"><span class='ocrx_word' id='word_1_778' title='bbox 1916 4429 2026 4501; x_wconf 72' lang='grc' dir='ltr'>ιυίο</span> <span class='ocrx_word' id='word_1_779' title='bbox 2051 4428 2200 4485; x_wconf 87' lang='lat' dir='ltr'><strong>solus</strong></span> <span class='ocrx_word' id='word_1_780' title='bbox 2229 4443 2334 4486; x_wconf 90' lang='lat' dir='ltr'><strong>non</strong></span> <span class='ocrx_word' id='word_1_781' title='bbox 2363 4444 2513 4495; x_wconf 88' lang='lat' dir='ltr'><strong>sum;</strong></span> <span class='ocrx_word' id='word_1_782' title='bbox 2569 4428 2664 4484; x_wconf 86' lang='lat' dir='ltr'><strong>sed</strong></span> <span class='ocrx_word' id='word_1_783' title='bbox 2691 4442 2812 4497; x_wconf 85' lang='lat' dir='ltr'><strong>ego,</strong></span> <span class='ocrx_word' id='word_1_784' title='bbox 2845 4437 2901 4481; x_wconf 91' lang='lat' dir='ltr'><strong>et</strong></span> <span class='ocrx_word' id='word_1_785' title='bbox 2927 4427 3020 4497; x_wconf 91' lang='lat' dir='ltr'><strong>qui</strong></span> <span class='ocrx_word' id='word_1_786' title='bbox 3070 4426 3218 4481; x_wconf 88' lang='lat' dir='ltr'><strong>misit</strong></span> <span class='ocrx_word' id='word_1_787' title='bbox 3258 4442 3343 4480; x_wconf 90' lang='lat' dir='ltr'><strong>me</strong></span> <span class='ocrx_word' id='word_1_788' title='bbox 3372 4425 3477 4479; x_wconf 76' lang='lat' dir='ltr'><strong>Pa-</strong></span> 
     </span>
    </p>
   </div>
   <div class='ocr_carea' id='block_1_94' title="bbox 220 4517 1792 4595">
    <p class='ocr_par' dir='ltr' id='par_1_94' title="bbox 220 4517 1792 4595">
     <span class='ocr_line' id='line_1_94' title="bbox 220 4517 1792 4595; baseline 0.006 -27"><span class='ocrx_word' id='word_1_789' title='bbox 220 4519 367 4587; x_wconf 86' lang='grc' dir='ltr'>τυρεῖ</span> <span class='ocrx_word' id='word_1_790' title='bbox 399 4519 525 4589; x_wconf 75' lang='grc' dir='ltr'>περὶ</span> <span class='ocrx_word' id='word_1_791' title='bbox 546 4517 678 4589; x_wconf 75' lang='grc' dir='ltr'>ἐμοῦ</span> <span class='ocrx_word' id='word_1_792' title='bbox 703 4520 731 4572; x_wconf 91' lang='lat'><strong>6</strong></span> <span class='ocrx_word' id='word_1_793' title='bbox 764 4520 985 4591; x_wconf 73' lang='grc' dir='ltr'>πέμψας</span> <span class='ocrx_word' id='word_1_794' title='bbox 1010 4538 1076 4592; x_wconf 86' lang='grc' dir='ltr'><strong>με</strong></span> <span class='ocrx_word' id='word_1_795' title='bbox 1102 4522 1129 4573; x_wconf 90' lang='lat'><strong>6</strong></span> <span class='ocrx_word' id='word_1_796' title='bbox 1152 4523 1359 4595; x_wconf 83' lang='grc' dir='ltr'>Πατήρ.</span> <span class='ocrx_word' id='word_1_797' title='bbox 1401 4542 1420 4574; x_wconf 73' lang='grc' dir='ltr'><strong>ι</strong></span> <span class='ocrx_word' id='word_1_798' title='bbox 1451 4523 1518 4576; x_wconf 90' lang='grc' dir='ltr'><strong>Τί</strong></span> <span class='ocrx_word' id='word_1_799' title='bbox 1540 4522 1597 4577; x_wconf 84' lang='grc' dir='ltr'>δὲ</span> <span class='ocrx_word' id='word_1_800' title='bbox 1633 4524 1792 4578; x_wconf 86' lang='grc' dir='ltr'>πιθα-</span> 
     </span>
    </p>
   </div>
   <div class='ocr_carea' id='block_1_95' title="bbox 222 4607 1790 4688">
    <p class='ocr_par' dir='ltr' id='par_1_95' title="bbox 222 4607 1790 4688">
     <span class='ocr_line' id='line_1_95' title="bbox 222 4607 1790 4688; baseline 0.007 -27"><span class='ocrx_word' id='word_1_801' title='bbox 222 4607 310 4662; x_wconf 85' lang='grc' dir='ltr'><strong>νόν</strong></span> <span class='ocrx_word' id='word_1_802' title='bbox 336 4609 469 4681; x_wconf 86' lang='grc' dir='ltr'>πρός</span> <span class='ocrx_word' id='word_1_803' title='bbox 512 4611 571 4665; x_wconf 85' lang='grc' dir='ltr'><strong>τό</strong></span> <span class='ocrx_word' id='word_1_804' title='bbox 606 4613 922 4668; x_wconf 85' lang='grc' dir='ltr'>ἀποκτενεῖν</span> <span class='ocrx_word' id='word_1_805' title='bbox 968 4614 1161 4670; x_wconf 77' lang='grc' dir='ltr'>ἑαυτὸν</span> <span class='ocrx_word' id='word_1_806' title='bbox 1209 4615 1347 4686; x_wconf 83' lang='grc' dir='ltr'><strong>μετά</strong></span> <span class='ocrx_word' id='word_1_807' title='bbox 1386 4618 1511 4681; x_wconf 82' lang='grc' dir='ltr'>τοὺς</span> <span class='ocrx_word' id='word_1_808' title='bbox 1555 4619 1790 4688; x_wconf 88' lang='grc' dir='ltr'>μεγαλο-</span> 
     </span>
    </p>
   </div>
   <div class='ocr_carea' id='block_1_96' title="bbox 221 4697 1783 4776">
    <p class='ocr_par' dir='ltr' id='par_1_96' title="bbox 221 4697 1783 4776">
     <span class='ocr_line' id='line_1_96' title="bbox 221 4697 1783 4776; baseline 0.007 -27"><span class='ocrx_word' id='word_1_809' title='bbox 221 4697 506 4770; x_wconf 77' lang='grc' dir='ltr'>φυέστερον</span> <span class='ocrx_word' id='word_1_810' title='bbox 552 4702 875 4774; x_wconf 73' lang='grc' dir='ltr'>εἰρημένους</span> <span class='ocrx_word' id='word_1_811' title='bbox 920 4703 1109 4757; x_wconf 87' lang='grc' dir='ltr'>τοῦτον</span> <span class='ocrx_word' id='word_1_812' title='bbox 1166 4704 1258 4757; x_wconf 84' lang='grc' dir='ltr'><strong>τόν</strong></span> <span class='ocrx_word' id='word_1_813' title='bbox 1302 4705 1503 4776; x_wconf 88' lang='grc' dir='ltr'>τρόπον</span> <span class='ocrx_word' id='word_1_814' title='bbox 1560 4707 1783 4776; x_wconf 80' lang='grc' dir='ltr'>λόγους·</span> 
     </span>
    </p>
   </div>
   <div class='ocr_carea' id='block_1_97' title="bbox 227 4786 1787 4869">
    <p class='ocr_par' dir='ltr' id='par_1_97' title="bbox 227 4786 1787 4869">
     <span class='ocr_line' id='line_1_97' title="bbox 227 4786 1787 4869; baseline 0.008 -30"><span class='ocrx_word' id='word_1_815' title='bbox 227 4806 246 4837; x_wconf 77' lang='grc' dir='ltr'><strong>ι</strong></span> <span class='ocrx_word' id='word_1_816' title='bbox 283 4786 409 4842; x_wconf 86' lang='grc' dir='ltr'>οὑτε</span> <span class='ocrx_word' id='word_1_817' title='bbox 459 4791 557 4863; x_wconf 71' lang='grc' dir='ltr'><strong>ἐμὲ</strong></span> <span class='ocrx_word' id='word_1_818' title='bbox 603 4792 800 4859; x_wconf 76' lang='grc' dir='ltr'>οἴδατε,</span> <span class='ocrx_word' id='word_1_819' title='bbox 849 4792 973 4848; x_wconf 83' lang='grc' dir='ltr'>οὑτε</span> <span class='ocrx_word' id='word_1_820' title='bbox 1014 4794 1107 4848; x_wconf 84' lang='grc' dir='ltr'><strong>τόν</strong></span> <span class='ocrx_word' id='word_1_821' title='bbox 1152 4795 1372 4867; x_wconf 76' lang='grc' dir='ltr'>Πατέρα</span> <span class='ocrx_word' id='word_1_822' title='bbox 1424 4814 1564 4867; x_wconf 86' lang='grc' dir='ltr'>μου·</span> <span class='ocrx_word' id='word_1_823' title='bbox 1604 4800 1653 4851; x_wconf 81' lang='grc' dir='ltr'>εἰ</span> <span class='ocrx_word' id='word_1_824' title='bbox 1686 4800 1787 4869; x_wconf 67' lang='grc' dir='ltr'><strong>ἐμὲ</strong></span> 
     </span>
    </p>
   </div>
   <div class='ocr_carea' id='block_1_98' title="bbox 219 4878 1785 4960">
    <p class='ocr_par' dir='ltr' id='par_1_98' title="bbox 219 4878 1785 4960">
     <span class='ocr_line' id='line_1_98' title="bbox 219 4878 1785 4960; baseline 0.007 -29"><span class='ocrx_word' id='word_1_825' title='bbox 219 4878 409 4950; x_wconf 59' lang='grc' dir='ltr'><strong>⁴ᾔδειτε,</strong></span> <span class='ocrx_word' id='word_1_826' title='bbox 443 4882 647 4938; x_wconf 73' lang='grc' dir='ltr'>καὶτὸν</span> <span class='ocrx_word' id='word_1_827' title='bbox 681 4884 904 4958; x_wconf 82' lang='grc' dir='ltr'>Πατέρα</span> <span class='ocrx_word' id='word_1_828' title='bbox 929 4901 1029 4955; x_wconf 88' lang='grc' dir='ltr'><strong>μου</strong></span> <span class='ocrx_word' id='word_1_829' title='bbox 1059 4883 1124 4938; x_wconf 83' lang='grc' dir='ltr'>ἂν</span> <span class='ocrx_word' id='word_1_830' title='bbox 1158 4885 1372 4956; x_wconf 67' lang='lat' dir='ltr'><strong>ﬁber-re;</strong></span> <span class='ocrx_word' id='word_1_831' title='bbox 1410 4905 1429 4939; x_wconf 71' lang='grc' dir='ltr'><strong>ι</strong></span> <span class='ocrx_word' id='word_1_832' title='bbox 1470 4886 1633 4951; x_wconf 79' lang='grc' dir='ltr'>Εἰκὸς</span> <span class='ocrx_word' id='word_1_833' title='bbox 1653 4888 1785 4960; x_wconf 83' lang='grc' dir='ltr'>γὰρ,</span> 
     </span>
    </p>
   </div>
   <div class='ocr_carea' id='block_1_99' title="bbox 220 4971 1786 5047">
    <p class='ocr_par' dir='ltr' id='par_1_99' title="bbox 220 4971 1786 5047">
     <span class='ocr_line' id='line_1_99' title="bbox 220 4971 1786 5047; baseline 0.006 -24"><span class='ocrx_word' id='word_1_834' title='bbox 220 4972 298 5023; x_wconf 80' lang='grc' dir='ltr'>ὅτι</span> <span class='ocrx_word' id='word_1_835' title='bbox 321 4971 524 5038; x_wconf 86' lang='grc' dir='ltr'>τούτοις</span> <span class='ocrx_word' id='word_1_836' title='bbox 552 4975 755 5046; x_wconf 86' lang='grc' dir='ltr'>ὁμοίως</span> <span class='ocrx_word' id='word_1_837' title='bbox 784 4974 1090 5046; x_wconf 77' lang='grc' dir='ltr'>ἐξεδέχοντο</span> <span class='ocrx_word' id='word_1_838' title='bbox 1129 4977 1223 5031; x_wconf 77' lang='grc' dir='ltr'>καὶ</span> <span class='ocrx_word' id='word_1_839' title='bbox 1253 4977 1315 5030; x_wconf 90' lang='grc' dir='ltr'><strong>τό</strong></span> <span class='ocrx_word' id='word_1_840' title='bbox 1334 4994 1348 5007; x_wconf 75' lang='grc' dir='ltr'><strong>ο</strong></span> <span class='ocrx_word' id='word_1_841' title='bbox 1390 4996 1409 5029; x_wconf 77' lang='grc' dir='ltr'><strong>ι</strong></span> <span class='ocrx_word' id='word_1_842' title='bbox 1467 4978 1609 5047; x_wconf 85' lang='grc' dir='ltr'><strong>Ἐγὼ</strong></span> <span class='ocrx_word' id='word_1_843' title='bbox 1642 4981 1786 5033; x_wconf 83' lang='grc' dir='ltr'>ὑπά-</span> 
     </span>
    </p>
   </div>
   <div class='ocr_carea' id='block_1_100' title="bbox 219 5065 1787 5141">
    <p class='ocr_par' dir='ltr' id='par_1_100' title="bbox 219 5065 1787 5141">
     <span class='ocr_line' id='line_1_100' title="bbox 219 5065 1787 5141; baseline 0.006 -25"><span class='ocrx_word' id='word_1_844' title='bbox 219 5079 315 5131; x_wconf 84' lang='grc' dir='ltr'><strong>γω,</strong></span> <span class='ocrx_word' id='word_1_845' title='bbox 343 5065 433 5117; x_wconf 73' lang='grc' dir='ltr'>καὶ</span> <span class='ocrx_word' id='word_1_846' title='bbox 462 5066 725 5138; x_wconf 79' lang='grc' dir='ltr'>ζητήσετέ</span> <span class='ocrx_word' id='word_1_847' title='bbox 753 5085 841 5138; x_wconf 86' lang='grc' dir='ltr'><strong>με,</strong></span> <span class='ocrx_word' id='word_1_848' title='bbox 867 5068 963 5121; x_wconf 72' lang='grc' dir='ltr'>καὶ</span> <span class='ocrx_word' id='word_1_849' title='bbox 988 5068 1048 5121; x_wconf 85' lang='grc' dir='ltr'>ὲν</span> <span class='ocrx_word' id='word_1_850' title='bbox 1080 5070 1145 5140; x_wconf 78' lang='grc' dir='ltr'>τῇ</span> <span class='ocrx_word' id='word_1_851' title='bbox 1184 5068 1430 5141; x_wconf 76' lang='grc' dir='ltr'>ἁμαρτίᾳ</span> <span class='ocrx_word' id='word_1_852' title='bbox 1462 5068 1621 5140; x_wconf 83' lang='grc' dir='ltr'>ὑμῶν</span> <span class='ocrx_word' id='word_1_853' title='bbox 1648 5072 1787 5126; x_wconf 89' lang='grc' dir='ltr'>ἀπο-</span> 
     </span>
    </p>
   </div>
   <div class='ocr_carea' id='block_1_101' title="bbox 223 5156 1786 5233">
    <p class='ocr_par' dir='ltr' id='par_1_101' title="bbox 223 5156 1786 5233">
     <span class='ocr_line' id='line_1_101' title="bbox 223 5156 1786 5233; baseline 0.004 -24"><span class='ocrx_word' id='word_1_854' title='bbox 223 5156 485 5210; x_wconf 83' lang='grc' dir='ltr'>θανεῖσθε·</span> <span class='ocrx_word' id='word_1_855' title='bbox 542 5160 674 5214; x_wconf 82' lang='grc' dir='ltr'>ὅπου</span> <span class='ocrx_word' id='word_1_856' title='bbox 714 5159 823 5229; x_wconf 80' lang='grc' dir='ltr'><strong>ἐγὼ</strong></span> <span class='ocrx_word' id='word_1_857' title='bbox 876 5159 1091 5229; x_wconf 82' lang='grc' dir='ltr'>ὑπάγω,</span> <span class='ocrx_word' id='word_1_858' title='bbox 1126 5161 1283 5233; x_wconf 81' lang='grc' dir='ltr'>ὑμεῖς</span> <span class='ocrx_word' id='word_1_859' title='bbox 1319 5161 1381 5214; x_wconf 92' lang='grc' dir='ltr'><strong>οὑ</strong></span> <span class='ocrx_word' id='word_1_860' title='bbox 1417 5162 1646 5217; x_wconf 86' lang='grc' dir='ltr'>δύνασθε</span> <span class='ocrx_word' id='word_1_861' title='bbox 1698 5163 1786 5216; x_wconf 83' lang='grc' dir='ltr'><strong>ὲλ-</strong></span> 
     </span>
    </p>
   </div>
   <div class='ocr_carea' id='block_1_102' title="bbox 224 5247 1784 5328">
    <p class='ocr_par' dir='ltr' id='par_1_102' title="bbox 224 5247 1784 5328">
     <span class='ocr_line' id='line_1_102' title="bbox 224 5247 1784 5328; baseline 0.004 -26"><span class='ocrx_word' id='word_1_862' title='bbox 224 5247 349 5328; x_wconf 70' lang='grc' dir='ltr'>θεῖψ</span> <span class='ocrx_word' id='word_1_863' title='bbox 391 5268 411 5302; x_wconf 71' lang='grc' dir='ltr'><strong>ι</strong></span> <span class='ocrx_word' id='word_1_864' title='bbox 443 5249 577 5323; x_wconf 83' lang='grc' dir='ltr'>πρὸς</span> <span class='ocrx_word' id='word_1_865' title='bbox 595 5252 655 5305; x_wconf 81' lang='grc' dir='ltr'><strong>δν</strong></span> <span class='ocrx_word' id='word_1_866' title='bbox 680 5250 775 5305; x_wconf 73' lang='grc' dir='ltr'>καὶ</span> <span class='ocrx_word' id='word_1_867' title='bbox 803 5252 1165 5323; x_wconf 89' lang='grc' dir='ltr'>ἀπεκρίναντο</span> <span class='ocrx_word' id='word_1_868' title='bbox 1190 5254 1239 5307; x_wconf 82' lang='grc' dir='ltr'>οἱ</span> <span class='ocrx_word' id='word_1_869' title='bbox 1281 5248 1550 5308; x_wconf 82' lang='grc' dir='ltr'>Ἰουδαῖοι·</span> <span class='ocrx_word' id='word_1_870' title='bbox 1584 5276 1603 5307; x_wconf 77' lang='grc' dir='ltr'><strong>ι</strong></span> <span class='ocrx_word' id='word_1_871' title='bbox 1638 5256 1784 5327; x_wconf 82' lang='grc' dir='ltr'>Μήτι</span> 
     </span>
    </p>
   </div>
   <div class='ocr_carea' id='block_1_103' title="bbox 223 5339 1780 5413">
    <p class='ocr_par' dir='ltr' id='par_1_103' title="bbox 223 5339 1780 5413">
     <span class='ocr_line' id='line_1_103' title="bbox 223 5339 1780 5413; baseline 0.003 -22"><span class='ocrx_word' id='word_1_872' title='bbox 223 5339 497 5393; x_wconf 84' lang='grc' dir='ltr'>ἀποκτενεῖ</span> <span class='ocrx_word' id='word_1_873' title='bbox 542 5339 752 5405; x_wconf 79' lang='grc' dir='ltr'>ἑαυτὸν,</span> <span class='ocrx_word' id='word_1_874' title='bbox 798 5340 881 5393; x_wconf 84' lang='grc' dir='ltr'>ὃτι</span> <span class='ocrx_word' id='word_1_875' title='bbox 942 5340 1121 5409; x_wconf 78' lang='grc' dir='ltr'><strong>λέγει⁸</strong></span> <span class='ocrx_word' id='word_1_876' title='bbox 1182 5342 1352 5395; x_wconf 87' lang='grc' dir='ltr'>Ὅπου</span> <span class='ocrx_word' id='word_1_877' title='bbox 1408 5341 1519 5413; x_wconf 74' lang='grc' dir='ltr'><strong>ἐγὼ</strong></span> <span class='ocrx_word' id='word_1_878' title='bbox 1563 5342 1780 5411; x_wconf 83' lang='grc' dir='ltr'>ὑπάγω,</span> 
     </span>
    </p>
   </div>
   <div class='ocr_carea' id='block_1_104' title="bbox 226 5428 1785 5508">
    <p class='ocr_par' dir='ltr' id='par_1_104' title="bbox 226 5428 1785 5508">
     <span class='ocr_line' id='line_1_104' title="bbox 226 5428 1785 5508; baseline 0.006 -29"><span class='ocrx_word' id='word_1_879' title='bbox 226 5428 365 5498; x_wconf 84' lang='grc' dir='ltr'>ὑμεῖς</span> <span class='ocrx_word' id='word_1_880' title='bbox 393 5431 454 5485; x_wconf 73' lang='grc' dir='ltr'>οὐ</span> <span class='ocrx_word' id='word_1_881' title='bbox 485 5431 710 5486; x_wconf 86' lang='grc' dir='ltr'>δύνασθε</span> <span class='ocrx_word' id='word_1_882' title='bbox 740 5433 951 5499; x_wconf 81' lang='grc' dir='ltr'>ὲλθεῖν;</span> <span class='ocrx_word' id='word_1_883' title='bbox 995 5451 1013 5485; x_wconf 74' lang='grc' dir='ltr'><strong>ι</strong></span> <span class='ocrx_word' id='word_1_884' title='bbox 1059 5434 1205 5487; x_wconf 83' lang='grc' dir='ltr'><strong>Πάνυ</strong></span> <span class='ocrx_word' id='word_1_885' title='bbox 1239 5434 1296 5486; x_wconf 75' lang='grc' dir='ltr'>δὲ</span> <span class='ocrx_word' id='word_1_886' title='bbox 1331 5435 1422 5488; x_wconf 77' lang='grc' dir='ltr'>καὶ</span> <span class='ocrx_word' id='word_1_887' title='bbox 1458 5435 1785 5508; x_wconf 81' lang='grc' dir='ltr'>ἐμφαίνεται</span> 
     </span>
    </p>
   </div>
   <div class='ocr_carea' id='block_1_105' title="bbox 1901 4518 3474 4591">
    <p class='ocr_par' dir='ltr' id='par_1_105' title="bbox 1901 4518 3474 4591">
     <span class='ocr_line' id='line_1_105' title="bbox 1901 4518 3474 4591; baseline -0.004 -15"><span class='ocrx_word' id='word_1_888' title='bbox 1901 4531 2003 4578; x_wconf 88' lang='lat' dir='ltr'><strong>ter.</strong></span> <span class='ocrx_word' id='word_1_889' title='bbox 2049 4522 2190 4589; x_wconf 81' lang='lat' dir='ltr'><strong>Quin</strong></span> <span class='ocrx_word' id='word_1_890' title='bbox 2228 4531 2285 4578; x_wconf 89' lang='lat' dir='ltr'><strong>et</strong></span> <span class='ocrx_word' id='word_1_891' title='bbox 2337 4522 2390 4577; x_wconf 91' lang='lat' dir='ltr'><strong>in</strong></span> <span class='ocrx_word' id='word_1_892' title='bbox 2448 4520 2571 4591; x_wconf 87' lang='lat' dir='ltr'><strong>lege</strong></span> <span class='ocrx_word' id='word_1_893' title='bbox 2613 4518 2777 4591; x_wconf 78' lang='lat'><strong>300</strong></span> <span class='ocrx_word' id='word_1_894' title='bbox 2809 4530 2987 4574; x_wconf 88' lang='lat' dir='ltr'><strong>vestra</strong></span> <span class='ocrx_word' id='word_1_895' title='bbox 3046 4522 3310 4589; x_wconf 88' lang='lat' dir='ltr'><strong>scriptum</strong></span> <span class='ocrx_word' id='word_1_896' title='bbox 3370 4528 3474 4578; x_wconf 84' lang='lat' dir='ltr'><strong>est.</strong></span> 
     </span>
    </p>
   </div>
   <div class='ocr_carea' id='block_1_106' title="bbox 1897 4608 3474 4693">
    <p class='ocr_par' dir='ltr' id='par_1_106' title="bbox 1897 4608 3474 4693">
     <span class='ocr_line' id='line_1_106' title="bbox 1897 4608 3474 4693; baseline -0.003 -25"><span class='ocrx_word' id='word_1_897' title='bbox 1897 4617 2041 4686; x_wconf 90' lang='lat' dir='ltr'><strong>quod</strong></span> <span class='ocrx_word' id='word_1_898' title='bbox 2084 4617 2315 4671; x_wconf 89' lang='lat' dir='ltr'><strong>duorum</strong></span> <span class='ocrx_word' id='word_1_899' title='bbox 2367 4614 2647 4670; x_wconf 86' lang='lat' dir='ltr'><strong>hominum</strong></span> <span class='ocrx_word' id='word_1_900' title='bbox 2687 4613 3075 4676; x_wconf 53' lang='lat' dir='ltr'><strong>testimonium,</strong></span> <span class='ocrx_word' id='word_1_901' title='bbox 3100 4626 3287 4665; x_wconf 86' lang='lat' dir='ltr'><strong>verum</strong></span> <span class='ocrx_word' id='word_1_902' title='bbox 3342 4608 3474 4693; x_wconf 13' lang='lat' dir='ltr'><strong>est»:</strong></span> 
     </span>
    </p>
   </div>
   <div class='ocr_carea' id='block_1_107' title="bbox 1897 4702 3477 4777">
    <p class='ocr_par' dir='ltr' id='par_1_107' title="bbox 1897 4702 3477 4777">
     <span class='ocr_line' id='line_1_107' title="bbox 1897 4702 3477 4777; baseline -0.004 -16"><span class='ocrx_word' id='word_1_903' title='bbox 1897 4722 1997 4777; x_wconf 84' lang='lat' dir='ltr'><strong>ego</strong></span> <span class='ocrx_word' id='word_1_904' title='bbox 2032 4721 2150 4760; x_wconf 89' lang='lat' dir='ltr'><strong>smn</strong></span> <span class='ocrx_word' id='word_1_905' title='bbox 2201 4706 2248 4761; x_wconf 91' lang='lat' dir='ltr'><strong>is</strong></span> <span class='ocrx_word' id='word_1_906' title='bbox 2306 4706 2399 4775; x_wconf 92' lang='lat' dir='ltr'><strong>qui</strong></span> <span class='ocrx_word' id='word_1_907' title='bbox 2451 4704 2826 4760; x_wconf 87' lang='lat' dir='ltr'><strong>testimoniqu</strong></span> <span class='ocrx_word' id='word_1_908' title='bbox 2884 4703 3004 4757; x_wconf 86' lang='lat' dir='ltr'><strong>fero</strong></span> <span class='ocrx_word' id='word_1_909' title='bbox 3035 4703 3102 4757; x_wconf 90' lang='lat' dir='ltr'><strong>de</strong></span> <span class='ocrx_word' id='word_1_910' title='bbox 3157 4702 3385 4774; x_wconf 86' lang='lat' dir='ltr'><strong>rneipso,</strong></span> <span class='ocrx_word' id='word_1_911' title='bbox 3419 4714 3477 4756; x_wconf 90' lang='lat' dir='ltr'><strong>et</strong></span> 
     </span>
    </p>
   </div>
   <div class='ocr_carea' id='block_1_108' title="bbox 1898 4793 3478 4867">
    <p class='ocr_par' dir='ltr' id='par_1_108' title="bbox 1898 4793 3478 4867">
     <span class='ocr_line' id='line_1_108' title="bbox 1898 4793 3478 4867; baseline -0.004 -13"><span class='ocrx_word' id='word_1_912' title='bbox 1898 4798 2266 4855; x_wconf 89' lang='lat' dir='ltr'><strong>testimonium</strong></span> <span class='ocrx_word' id='word_1_913' title='bbox 2288 4797 2393 4853; x_wconf 87' lang='lat' dir='ltr'><strong>fert</strong></span> <span class='ocrx_word' id='word_1_914' title='bbox 2425 4797 2492 4852; x_wconf 91' lang='lat' dir='ltr'><strong>de</strong></span> <span class='ocrx_word' id='word_1_915' title='bbox 2514 4813 2622 4864; x_wconf 86' lang='lat' dir='ltr'><strong>me,</strong></span> <span class='ocrx_word' id='word_1_916' title='bbox 2648 4797 2742 4867; x_wconf 87' lang='lat' dir='ltr'><strong>qui</strong></span> <span class='ocrx_word' id='word_1_917' title='bbox 2771 4796 2922 4852; x_wconf 88' lang='lat' dir='ltr'><strong>misit</strong></span> <span class='ocrx_word' id='word_1_918' title='bbox 2945 4809 3031 4852; x_wconf 88' lang='lat' dir='ltr'><strong>me</strong></span> <span class='ocrx_word' id='word_1_919' title='bbox 3051 4795 3211 4852; x_wconf 87' lang='lat' dir='ltr'><strong>Pater</strong></span> <span class='ocrx_word' id='word_1_920' title='bbox 3226 4795 3287 4850; x_wconf 84' lang='grc'><strong>³⁸.</strong></span> <span class='ocrx_word' id='word_1_921' title='bbox 3320 4811 3341 4846; x_wconf 74' lang='grc' dir='ltr'><strong>ι</strong></span> <span class='ocrx_word' id='word_1_922' title='bbox 3365 4793 3478 4851; x_wconf 88' lang='lat' dir='ltr'><strong>Cur</strong></span> 
     </span>
    </p>
   </div>
   <div class='ocr_carea' id='block_1_109' title="bbox 1896 4876 3476 4960">
    <p class='ocr_par' dir='ltr' id='par_1_109' title="bbox 1896 4876 3476 4960">
     <span class='ocr_line' id='line_1_109' title="bbox 1896 4876 3476 4960; baseline -0.003 -15"><span class='ocrx_word' id='word_1_923' title='bbox 1896 4906 2028 4947; x_wconf 81' lang='lat' dir='ltr'><strong>vero</strong></span> <span class='ocrx_word' id='word_1_924' title='bbox 2056 4889 2347 4945; x_wconf 78' lang='lat' dir='ltr'><strong>verisimile</strong></span> <span class='ocrx_word' id='word_1_925' title='bbox 2396 4897 2535 4955; x_wconf 88' lang='lat' dir='ltr'><strong>erat,</strong></span> <span class='ocrx_word' id='word_1_926' title='bbox 2583 4888 2727 4960; x_wconf 87' lang='lat' dir='ltr'><strong>quod</strong></span> <span class='ocrx_word' id='word_1_927' title='bbox 2776 4888 3014 4959; x_wconf 84' lang='lat' dir='ltr'><strong>seipsum</strong></span> <span class='ocrx_word' id='word_1_928' title='bbox 3081 4876 3476 4943; x_wconf 80' lang='lat' dir='ltr'><strong>interfecturus</strong></span> 
     </span>
    </p>
   </div>
   <div class='ocr_carea' id='block_1_110' title="bbox 1895 4981 3474 5055">
    <p class='ocr_par' dir='ltr' id='par_1_110' title="bbox 1895 4981 3474 5055">
     <span class='ocr_line' id='line_1_110' title="bbox 1895 4981 3474 5055; baseline -0.003 -14"><span class='ocrx_word' id='word_1_929' title='bbox 1895 4995 2042 5042; x_wconf 86' lang='lat' dir='ltr'><strong>esset</strong></span> <span class='ocrx_word' id='word_1_930' title='bbox 2088 4993 2207 5055; x_wconf 85' lang='lat' dir='ltr'><strong>post</strong></span> <span class='ocrx_word' id='word_1_931' title='bbox 2255 4993 2335 5040; x_wconf 91' lang='lat' dir='ltr'><strong>tot</strong></span> <span class='ocrx_word' id='word_1_932' title='bbox 2366 4985 2533 5041; x_wconf 86' lang='lat' dir='ltr'><strong>verba</strong></span> <span class='ocrx_word' id='word_1_933' title='bbox 2588 4993 2698 5039; x_wconf 88' lang='lat' dir='ltr'><strong>tam</strong></span> <span class='ocrx_word' id='word_1_934' title='bbox 2729 4981 3018 5055; x_wconf 85' lang='lat' dir='ltr'><strong>magnifice</strong></span> <span class='ocrx_word' id='word_1_935' title='bbox 3066 4998 3098 5037; x_wconf 89' lang='lat' dir='ltr'><strong>a</strong></span> <span class='ocrx_word' id='word_1_936' title='bbox 3142 4997 3201 5038; x_wconf 84' lang='lat' dir='ltr'><strong>se</strong></span> <span class='ocrx_word' id='word_1_937' title='bbox 3246 4983 3391 5037; x_wconf 90' lang='lat' dir='ltr'><strong>hunc</strong></span> <span class='ocrx_word' id='word_1_938' title='bbox 3416 4981 3474 5036; x_wconf 91' lang='lat' dir='ltr'><strong>in</strong></span> 
     </span>
    </p>
   </div>
   <div class='ocr_carea' id='block_1_111' title="bbox 1898 5070 3471 5143">
    <p class='ocr_par' dir='ltr' id='par_1_111' title="bbox 1898 5070 3471 5143">
     <span class='ocr_line' id='line_1_111' title="bbox 1898 5070 3471 5143; baseline -0.001 -16"><span class='ocrx_word' id='word_1_939' title='bbox 1898 5074 2116 5129; x_wconf 91' lang='lat' dir='ltr'><strong>modum</strong></span> <span class='ocrx_word' id='word_1_940' title='bbox 2166 5074 2357 5129; x_wconf 88' lang='lat' dir='ltr'><strong>dicta:</strong></span> <span class='ocrx_word' id='word_1_941' title='bbox 2391 5090 2410 5126; x_wconf 81' lang='grc' dir='ltr'><strong>ι</strong></span> <span class='ocrx_word' id='word_1_942' title='bbox 2442 5070 2627 5143; x_wconf 80' lang='lat' dir='ltr'><strong>Neque</strong></span> <span class='ocrx_word' id='word_1_943' title='bbox 2670 5086 2757 5128; x_wconf 91' lang='lat' dir='ltr'><strong>me</strong></span> <span class='ocrx_word' id='word_1_944' title='bbox 2796 5072 2969 5138; x_wconf 86' lang='lat' dir='ltr'><strong>scitis,</strong></span> <span class='ocrx_word' id='word_1_945' title='bbox 3022 5085 3202 5143; x_wconf 87' lang='lat' dir='ltr'><strong>neque</strong></span> <span class='ocrx_word' id='word_1_946' title='bbox 3254 5070 3471 5126; x_wconf 87' lang='lat' dir='ltr'><strong>Patrem</strong></span> 
     </span>
    </p>
   </div>
   <div class='ocr_carea' id='block_1_112' title="bbox 1897 5163 3476 5234">
    <p class='ocr_par' dir='ltr' id='par_1_112' title="bbox 1897 5163 3476 5234">
     <span class='ocr_line' id='line_1_112' title="bbox 1897 5163 3476 5234; baseline -0.001 -15"><span class='ocrx_word' id='word_1_947' title='bbox 1897 5182 2075 5220; x_wconf 90' lang='lat' dir='ltr'><strong>meum</strong></span> <span class='ocrx_word' id='word_1_948' title='bbox 2096 5184 2113 5234; x_wconf 93' lang='lat'><strong>;</strong></span> <span class='ocrx_word' id='word_1_949' title='bbox 2138 5165 2184 5221; x_wconf 92' lang='lat' dir='ltr'><strong>si</strong></span> <span class='ocrx_word' id='word_1_950' title='bbox 2217 5182 2301 5222; x_wconf 88' lang='lat' dir='ltr'><strong>me</strong></span> <span class='ocrx_word' id='word_1_951' title='bbox 2338 5166 2575 5231; x_wconf 76' lang='lat' dir='ltr'><strong>sciretis,</strong></span> <span class='ocrx_word' id='word_1_952' title='bbox 2610 5166 2775 5221; x_wconf 88' lang='lat' dir='ltr'><strong>etiam</strong></span> <span class='ocrx_word' id='word_1_953' title='bbox 2810 5164 3028 5221; x_wconf 86' lang='lat' dir='ltr'><strong>Patrem</strong></span> <span class='ocrx_word' id='word_1_954' title='bbox 3082 5178 3261 5219; x_wconf 84' lang='lat' dir='ltr'><strong>meum</strong></span> <span class='ocrx_word' id='word_1_955' title='bbox 3302 5163 3476 5219; x_wconf 85' lang='lat' dir='ltr'><strong>scire-</strong></span> 
     </span>
    </p>
   </div>
   <div class='ocr_carea' id='block_1_113' title="bbox 1895 5252 3474 5326">
    <p class='ocr_par' dir='ltr' id='par_1_113' title="bbox 1895 5252 3474 5326">
     <span class='ocr_line' id='line_1_113' title="bbox 1895 5252 3474 5326; baseline -0.004 -14"><span class='ocrx_word' id='word_1_956' title='bbox 1895 5259 1963 5312; x_wconf 86' lang='lat' dir='ltr'><strong>tis</strong></span> <span class='ocrx_word' id='word_1_957' title='bbox 1990 5257 2067 5313; x_wconf 75' lang='lat'><strong>&quot;?</strong></span> <span class='ocrx_word' id='word_1_958' title='bbox 2102 5276 2122 5311; x_wconf 70' lang='grc' dir='ltr'><strong>ι</strong></span> <span class='ocrx_word' id='word_1_959' title='bbox 2157 5256 2428 5315; x_wconf 86' lang='lat' dir='ltr'><strong>Credibile</strong></span> <span class='ocrx_word' id='word_1_960' title='bbox 2454 5258 2600 5315; x_wconf 89' lang='lat' dir='ltr'><strong>enim</strong></span> <span class='ocrx_word' id='word_1_961' title='bbox 2625 5268 2710 5314; x_wconf 86' lang='lat' dir='ltr'><strong>est</strong></span> <span class='ocrx_word' id='word_1_962' title='bbox 2738 5271 2857 5324; x_wconf 91' lang='lat' dir='ltr'><strong>eos,</strong></span> <span class='ocrx_word' id='word_1_963' title='bbox 2900 5254 3124 5326; x_wconf 85' lang='lat' dir='ltr'><strong>perinde</strong></span> <span class='ocrx_word' id='word_1_964' title='bbox 3162 5263 3329 5323; x_wconf 78' lang='lat' dir='ltr'><strong>atque</strong></span> <span class='ocrx_word' id='word_1_965' title='bbox 3358 5252 3474 5307; x_wconf 57' lang='lat' dir='ltr'><strong>haec</strong></span> 
     </span>
    </p>
   </div>
   <div class='ocr_carea' id='block_1_114' title="bbox 1894 5345 3472 5420">
    <p class='ocr_par' dir='ltr' id='par_1_114' title="bbox 1894 5345 3472 5420">
     <span class='ocr_line' id='line_1_114' title="bbox 1894 5345 3472 5420; baseline -0.002 -17"><span class='ocrx_word' id='word_1_966' title='bbox 1894 5350 2080 5415; x_wconf 87' lang='lat' dir='ltr'><strong>verba,</strong></span> <span class='ocrx_word' id='word_1_967' title='bbox 2113 5349 2445 5407; x_wconf 75' lang='lat' dir='ltr'><strong>intellexisse</strong></span> <span class='ocrx_word' id='word_1_968' title='bbox 2473 5351 2604 5406; x_wconf 90' lang='lat' dir='ltr'><strong>illud</strong></span> <span class='ocrx_word' id='word_1_969' title='bbox 2637 5365 2652 5402; x_wconf 88' lang='lat'><strong>:</strong></span> <span class='ocrx_word' id='word_1_970' title='bbox 2691 5369 2711 5402; x_wconf 83' lang='grc' dir='ltr'><strong>ι</strong></span> <span class='ocrx_word' id='word_1_971' title='bbox 2746 5348 2864 5420; x_wconf 85' lang='lat' dir='ltr'><strong>Ego</strong></span> <span class='ocrx_word' id='word_1_972' title='bbox 2909 5348 3070 5410; x_wconf 87' lang='lat' dir='ltr'><strong>vado.</strong></span> <span class='ocrx_word' id='word_1_973' title='bbox 3104 5353 3161 5403; x_wconf 82' lang='lat' dir='ltr'><strong>et</strong></span> <span class='ocrx_word' id='word_1_974' title='bbox 3212 5345 3472 5417; x_wconf 69' lang='lat' dir='ltr'><strong>quaeretis</strong></span> 
     </span>
    </p>
   </div>
   <div class='ocr_carea' id='block_1_115' title="bbox 1893 5434 3471 5507">
    <p class='ocr_par' dir='ltr' id='par_1_115' title="bbox 1893 5434 3471 5507">
     <span class='ocr_line' id='line_1_115' title="bbox 1893 5434 3471 5507; baseline -0.001 -18"><span class='ocrx_word' id='word_1_975' title='bbox 1893 5450 2003 5501; x_wconf 91' lang='lat' dir='ltr'><strong>me,</strong></span> <span class='ocrx_word' id='word_1_976' title='bbox 2032 5444 2086 5490; x_wconf 89' lang='lat' dir='ltr'><strong>et</strong></span> <span class='ocrx_word' id='word_1_977' title='bbox 2129 5436 2180 5489; x_wconf 89' lang='lat' dir='ltr'><strong>iu</strong></span> <span class='ocrx_word' id='word_1_978' title='bbox 2212 5447 2436 5507; x_wconf 90' lang='lat' dir='ltr'><strong>peccato</strong></span> <span class='ocrx_word' id='word_1_979' title='bbox 2462 5446 2644 5492; x_wconf 86' lang='lat' dir='ltr'><strong>vestro</strong></span> <span class='ocrx_word' id='word_1_980' title='bbox 2670 5436 3012 5504; x_wconf 86' lang='lat' dir='ltr'><strong>moriemini;</strong></span> <span class='ocrx_word' id='word_1_981' title='bbox 3048 5450 3157 5507; x_wconf 70' lang='lat' dir='ltr'><strong>quo</strong></span> <span class='ocrx_word' id='word_1_982' title='bbox 3179 5449 3282 5505; x_wconf 88' lang='lat' dir='ltr'><strong>ego</strong></span> <span class='ocrx_word' id='word_1_983' title='bbox 3309 5434 3471 5506; x_wconf 87' lang='lat' dir='ltr'><strong>vado,</strong></span> 
     </span>
    </p>
   </div>
   <div class='ocr_carea' id='block_1_116' title="bbox 286 5542 1807 5622">
    <p class='ocr_par' dir='ltr' id='par_1_116' title="bbox 286 5542 1807 5622">
     <span class='ocr_line' id='line_1_116' title="bbox 286 5542 1807 5622; baseline 0.001 -23"><span class='ocrx_word' id='word_1_984' title='bbox 286 5542 528 5622; x_wconf 38' lang='grc' dir='ltr'><strong>’ξΑΙΙίςΙιΔ</strong></span> <span class='ocrx_word' id='word_1_985' title='bbox 552 5544 698 5622; x_wconf 66' lang='lat' dir='ltr'><strong>v,_2_;</strong></span> <span class='ocrx_word' id='word_1_986' title='bbox 722 5545 920 5622; x_wconf 51' lang='grc' dir='ltr'>μειερ.</span> <span class='ocrx_word' id='word_1_987' title='bbox 946 5546 1105 5622; x_wconf 35' lang='grc' dir='ltr'>ιιε-ϐρς</span> <span class='ocrx_word' id='word_1_988' title='bbox 1144 5546 1299 5603; x_wconf 84' lang='lat' dir='ltr'><strong>Joan.</strong></span> <span class='ocrx_word' id='word_1_989' title='bbox 1336 5549 1601 5622; x_wconf 18' lang='lat' dir='ltr'><strong>vulﬂ.“</strong></span> <span class='ocrx_word' id='word_1_990' title='bbox 1628 5549 1673 5622; x_wconf 48' lang='grc' dir='ltr'>ἦῆ</span> <span class='ocrx_word' id='word_1_991' title='bbox 1698 5548 1807 5622; x_wconf 69' lang='lat' dir='ltr'><strong>Jun:</strong></span> 
     </span>
    </p>
   </div>
   <div class='ocr_carea' id='block_1_117' title="bbox 1916 5542 3467 5622">
    <p class='ocr_par' dir='ltr' id='par_1_117' title="bbox 1916 5546 3467 5622">
     <span class='ocr_line' id='line_1_117' title="bbox 1916 5546 3467 5622; baseline 0 -20"><span class='ocrx_word' id='word_1_992' title='bbox 1916 5563 1987 5622; x_wconf 66' lang='lat' dir='ltr'><strong>ut.</strong></span> <span class='ocrx_word' id='word_1_993' title='bbox 2010 5546 2110 5622; x_wconf 62' lang='lat'><strong>22.</strong></span> <span class='ocrx_word' id='word_1_994' title='bbox 2153 5547 2395 5622; x_wconf 80' lang='lat' dir='ltr'><strong>_”Joan.</strong></span> <span class='ocrx_word' id='word_1_995' title='bbox 2434 5565 2539 5622; x_wconf 78' lang='lat' dir='ltr'><strong>vn,</strong></span> <span class='ocrx_word' id='word_1_996' title='bbox 2562 5549 2633 5604; x_wconf 68' lang='lat'><strong>40</strong></span> <span class='ocrx_word' id='word_1_997' title='bbox 2654 5566 2773 5622; x_wconf 87' lang='lat' dir='ltr'><strong>seq.</strong></span> <span class='ocrx_word' id='word_1_998' title='bbox 2847 5549 2893 5582; x_wconf 71' lang='grc'><strong>⁸⁵</strong></span> <span class='ocrx_word' id='word_1_999' title='bbox 2926 5548 3058 5605; x_wconf 85' lang='lat' dir='ltr'><strong>ibid.</strong></span> <span class='ocrx_word' id='word_1_1000' title='bbox 3089 5546 3183 5605; x_wconf 72' lang='grc'><strong>46.</strong></span> <span class='ocrx_word' id='word_1_1001' title='bbox 3258 5548 3305 5583; x_wconf 84' lang='grc'><strong>³⁸</strong></span> <span class='ocrx_word' id='word_1_1002' title='bbox 3337 5548 3467 5604; x_wconf 85' lang='lat' dir='ltr'><strong>ibid.</strong></span> 
     </span>
    </p>
   </div>
   <div class='ocr_carea' id='block_1_118' title="bbox 224 5614 1994 5689">
    <p class='ocr_par' dir='ltr' id='par_1_118' title="bbox 224 5614 1994 5689">
     <span class='ocr_line' id='line_1_118' title="bbox 224 5614 1994 5689; baseline 0.003 -23"><span class='ocrx_word' id='word_1_1003' title='bbox 224 5614 393 5669; x_wconf 63' lang='lat'><strong>47-59.</strong></span> <span class='ocrx_word' id='word_1_1004' title='bbox 485 5616 530 5647; x_wconf 82' lang='grc'><strong>³⁸</strong></span> <span class='ocrx_word' id='word_1_1005' title='bbox 555 5616 686 5671; x_wconf 84' lang='lat' dir='ltr'><strong>ibid.</strong></span> <span class='ocrx_word' id='word_1_1006' title='bbox 720 5615 919 5683; x_wconf 74' lang='lat' dir='ltr'><strong>5l,52.</strong></span> <span class='ocrx_word' id='word_1_1007' title='bbox 995 5617 1038 5649; x_wconf 86' lang='grc'>³⁷</span> <span class='ocrx_word' id='word_1_1008' title='bbox 1065 5616 1222 5677; x_wconf 81' lang='lat' dir='ltr'><strong>Joau.</strong></span> <span class='ocrx_word' id='word_1_1009' title='bbox 1250 5633 1369 5689; x_wconf 88' lang='lat' dir='ltr'><strong>vm,</strong></span> <span class='ocrx_word' id='word_1_1010' title='bbox 1398 5620 1486 5674; x_wconf 76' lang='grc'><strong>12.</strong></span> <span class='ocrx_word' id='word_1_1011' title='bbox 1562 5620 1607 5653; x_wconf 79' lang='grc'><strong>³⁸</strong></span> <span class='ocrx_word' id='word_1_1012' title='bbox 1637 5619 1769 5674; x_wconf 88' lang='lat' dir='ltr'><strong>ibid.</strong></span> <span class='ocrx_word' id='word_1_1013' title='bbox 1804 5618 1994 5672; x_wconf 52' lang='lat'><strong>15.18.</strong></span> 
     </span>
    </p>
   </div>
   <div class='ocr_carea' id='block_1_119' title="bbox 289 5726 1059 5804">
    <p class='ocr_par' dir='ltr' id='par_1_119' title="bbox 289 5726 1059 5804">
     <span class='ocr_line' id='line_1_119' title="bbox 289 5726 1059 5804; baseline 0.008 -21"><span class='ocrx_word' id='word_1_1014' title='bbox 289 5726 397 5801; x_wconf 71' lang='lat'><strong>(68)</strong></span> <span class='ocrx_word' id='word_1_1015' title='bbox 424 5729 641 5786; x_wconf 78' lang='grc' dir='ltr'>Αὑτοῦ.</span> <span class='ocrx_word' id='word_1_1016' title='bbox 669 5728 1059 5804; x_wconf 38' lang='grc' dir='ltr'>ιθεοεαὺτούς.</span> 
     </span>
    </p>
   </div>
   <div class='ocr_carea' id='block_1_120' title="bbox 2073 5617 2567 5684">
    <p class='ocr_par' dir='ltr' id='par_1_120' title="bbox 2073 5617 2567 5684">
     <span class='ocr_line' id='line_1_120' title="bbox 2073 5617 2567 5684; baseline 0.006 -14"><span class='ocrx_word' id='word_1_1017' title='bbox 2073 5620 2114 5649; x_wconf 85' lang='grc'><strong>³⁹</strong></span> <span class='ocrx_word' id='word_1_1018' title='bbox 2145 5617 2300 5673; x_wconf 84' lang='lat' dir='ltr'><strong>Joan.</strong></span> <span class='ocrx_word' id='word_1_1019' title='bbox 2333 5634 2450 5684; x_wconf 82' lang='lat' dir='ltr'><strong>vrtr,</strong></span> <span class='ocrx_word' id='word_1_1020' title='bbox 2484 5620 2567 5673; x_wconf 82' lang='lat' dir='ltr'><strong>l9.</strong></span> 
     </span>
    </p>
   </div>
   <div class='ocr_carea' id='block_1_121' title="bbox 1979 5730 3463 5814">
    <p class='ocr_par' dir='ltr' id='par_1_121' title="bbox 1979 5730 3463 5814">
     <span class='ocr_line' id='line_1_121' title="bbox 1979 5730 3463 5814; baseline 0.007 -28"><span class='ocrx_word' id='word_1_1021' title='bbox 1979 5730 2089 5803; x_wconf 86' lang='lat'><strong>(69)</strong></span> <span class='ocrx_word' id='word_1_1022' title='bbox 2121 5730 2409 5790; x_wconf 79' lang='lat' dir='ltr'><strong>Ferrarius</strong></span> <span class='ocrx_word' id='word_1_1023' title='bbox 2442 5735 2653 5793; x_wconf 88' lang='lat' dir='ltr'><strong>videtur</strong></span> <span class='ocrx_word' id='word_1_1024' title='bbox 2674 5734 2866 5809; x_wconf 78' lang='lat' dir='ltr'><strong>legisse</strong></span> <span class='ocrx_word' id='word_1_1025' title='bbox 2893 5737 3009 5793; x_wconf 85' lang='grc' dir='ltr'>ἀλλ’</span> <span class='ocrx_word' id='word_1_1026' title='bbox 3037 5740 3072 5814; x_wconf 71' lang='grc' dir='ltr'><strong>ἢ</strong></span> <span class='ocrx_word' id='word_1_1027' title='bbox 3106 5738 3208 5810; x_wconf 80' lang='grc' dir='ltr'>οὑχ</span> <span class='ocrx_word' id='word_1_1028' title='bbox 3229 5737 3259 5793; x_wconf 82' lang='lat'><strong>6</strong></span> <span class='ocrx_word' id='word_1_1029' title='bbox 3284 5733 3463 5806; x_wconf 65' lang='grc' dir='ltr'>δχλιςο</span> 
     </span>
    </p>
   </div>
  </div>
