3948 6206
224 377 344 432 561

1227 334 1234 340 ’
1309 373 1668 430 ρυιιιιεδετ.
1711 373 1778 428 1N
1817 369 2013 429 JOAN.
2053 371 2290 428 'l‘OllUS
2331 370 2469 425 tux.

3390 369 3422 423 5
3435 369 3500 422 :62

227 497 316 568 μὴ
339 497 525 560 καλῶς
559 495 860 568 ὲξειληφότι
887 493 949 548 τό
978 495 1287 566 εἰρημένον,
1316 494 1511 564 φησίν
1556 513 1573 546 ι
1605 495 1810 563 Ὕπαγε

1927 500 2044 546 esto
2074 491 2192 556 libi,
2228 490 2475 556 Domine,
2513 488 2613 542 hoc
2669 503 2772 542 non
2824 487 2925 540 erit
2995 486 3088 540 tibi
3111 485 3188 550 *9;
3233 505 3248 534 ι
3287 495 3340 537 at
3375 501 3500 536 vero

222 588 424 641 ὀπίσω
472 606 596 659 μου,
630 588 867 651 Σατανᾶ,
899 585 1192 641 σκάνδαλόν
1234 603 1334 657 μου
1375 581 1446 651 εἷ,
1477 588 1560 640 ὅτι
1604 588 1664 640 ού
1702 604 1828 658 φρο-

223 681 352 743 νεῖς
391 679 462 733 τά
492 679 585 734 τοῦ
633 679 790 743 Θεοῦ,
822 678 959 733 ἀλλά
998 677 1067 732 τὰ
1097 677 1204 731 τῶν
1233 676 1554 749 ἀνθρώπων.
1599 697 1616 730 ι
1667 677 1826 730 Ἀλλά

231 773 343 826 καὶ
363 773 519 844 παρά
537 771 616 842 τῷ
633 771 832 843 Παύλῳ
859 771 1171 842 λεγόμενον·
1201 789 1219 823 ι
1261 769 1487 824 Ἑαυτὸν
1513 771 1825 844 παρέδωκεν

226 865 388 934 ὑπὲρ
429 862 586 934 ήμῶν
633 861 823 917 θυσίαν
867 862 946 934 τῷ
995 861 1134 933 Θεῷ,
1185 883 1204 915 ι
1249 862 1350 932 ὅρα
1383 863 1432 916 εί
1467 863 1542 934 μὴ
1583 861 1826 916 τοιοῦτόν

228 957 412 1008 ἔστιν.
439 953 624 1018 Οὕτως
653 954 782 1023 γοῦν
805 955 982 1025 μόνως
1013 953 1216 1026 δυνήσῃ
1245 953 1417 1008 σῶσαι
1439 955 1601 1008 αὐτὸν
1634 956 1714 1018 εἰς
1732 952 1826 1007 τὸν

219 1045 416 1100 αἰῶνα
447 1043 706 1116 ἀρχιερέα
729 1043 872 1098 κατά
909 1041 1006 1114 τὴν
1037 1043 1189 1110 τάξιν
1226 1041 1578 1114 Μελχισεδὲκ,
1612 1042 1704 1096 καὶ
1733 1041 1825 1095 τὸν

245 1138 451 1208 Ἀμνὸν
501 1135 594 1189 τοῦ
642 1135 779 1189 Θεοῦ
827 1135 918 1190 τὸν
969 1135 1190 1205 αἴροντα
1249 1135 1346 1204 τὴν
1401 1133 1676 1204 ἁμαρτίαν
1728 1130 1824 1185 τοῦ

223 1227 470 1297 κόσμου,
518 1227 954 1299 προσφερόμενον
1006 1225 1195 1279 Θυσίαν
1239 1224 1315 1296 τῷ
1364 1225 1517 1296 Θεῷ,
1567 1225 1666 1294 οὐχ
1719 1223 1824 1276 ὑπὸ

231 1315 478 1379 ἀσεϐῶν,
524 1315 639 1370 ἀλλ’
683 1315 789 1369 ὑπὸ
831 1315 1130 1386 ἀρχιερέων
1193 1314 1432 1369 εὐσεϐῶν
1473 1315 1605 1386 (76).
1639 1313 1825 1366 Ταῦτα

236 1405 347 1475 μὲν
371 1401 461 1460 οῦν
489 1407 668 1476 ἡμεῖς,
698 1405 838 1459 κατὰ
861 1405 1088 1475 δύναμιν
1117 1405 1499 1476 βασανίζοντες
1529 1405 1588 1458 τὸ
1628 1404 1821 1477 βούλη-

233 1516 322 1568 μα
363 1497 470 1550 τῶν
511 1497 774 1566 λεγόντων
799 1498 860 1550 τό
881 1514 895 1527 ·
939 1516 958 1549 ι
995 1499 1144 1568 Μήτι
1175 1498 1465 1551 ἀποκτενεῖ
1495 1496 1607 1563 (77)
1638 1495 1821 1562 αὐτὸν,

223 1592 320 1643 ὅτι
346 1589 492 1656 λέγει
516 1607 530 1620 ·
568 1591 742 1642 Ὅπου
773 1588 884 1658 ἐγὼ
921 1590 1140 1657 ὑπάγω,
1183 1590 1341 1660 ὑμεῖς
1377 1589 1438 1642 ού
1475 1587 1702 1642 δύνασθε
1738 1587 1824 1640 ὲλ-

225 1679 378 1746 θεῖν,
415 1699 433 1730 ι
473 1680 611 1750 μετά
640 1680 701 1732 τὸ
726 1679 1021 1749 ἀκηκοέναι
1049 1679 1380 1749 τηλικούτων
1417 1679 1525 1732 τῶν
1565 1695 1823 1750 προειρη-

231 1771 420 1841 μένων
449 1771 555 1824 ὑπὸ
575 1770 670 1824 τοῦ
699 1769 875 1842 Ἰησοῦ
902 1770 1094 1840 λόγων,
1131 1769 1522 1840 ὲκδεδώκαμεν.
1557 1769 1718 1832 Εἰκὸς
1757 1769 1815 1822 δέ

1893 577 1899 582 ’
1929 581 2186 638 Servator
2221 583 2506 652 increpans
2530 595 2676 644 eum,
2713 578 2870 647 quasi
2904 594 3009 632 non
3038 580 3170 632 bene
3215 576 3494 631 intellexe-

1915 663 1998 730 rit
2031 679 2176 746 quod
2213 677 2416 730 dictum
2446 672 2644 738 fuerat,
2681 671 2898 740 inquit:
2932 689 2950 722 ι
2997 667 3145 724 Vade
3193 679 3337 724 retro
3390 687 3496 728 nze.

1925 769 2156 833 Satana,
2186 763 2503 821 scandalum
2529 761 2662 816 mihi
2689 776 2768 825 es,
2796 761 3053 830 quoniam
3083 775 3186 815 non
3217 759 3362 830 sapis
3382 776 3497 825 quia:

1924 859 2018 915 Dei
2049 865 2198 924 sunt,
2246 855 2340 910 sed
2372 867 2492 924 qua:
2539 861 2664 906 sunt
2719 850 2995 904 hominum
3031 849 3098 902 δ’.
3136 867 3155 900 ι
3186 848 3316 904 Vide
3373 864 3498 902 νει-ι)

1924 964 2101 1006 annon
2133 947 2296 1002 etiam
2318 943 2463 1014 quod
2497 943 2636 1012 apud
2663 941 2893 995 Paulum
2925 940 3126 994 dicitur
3152 939 3200 973 ”
3231 957 3244 995 :
3281 957 3301 992 ι
3344 941 3494 1007 Scip-

1924 1056 2042 1097 sum
2073 1038 2296 1093 tradidit
2326 1049 2423 1105 pro
2458 1033 2612 1088 nobis
2641 1032 2874 1087 hostiam
2909 1031 3038 1098 Deo,
3077 1050 3096 1084 ο
3129 1031 3201 1087 sit
3231 1030 3358 1085 tale.
3407 1031 3499 1085 Sic

1926 1130 2092 1200 igitur
2120 1128 2291 1183 solum
2319 1138 2543 1180 servare
2587 1123 2794 1193 poteris
2839 1137 3110 1176 summum
3154 1125 3496 1177 sacerdotem

1926 1222 1980 1276 in
2014 1218 2270 1274 smculum
2308 1217 2605 1272 secundum
2636 1214 2881 1269 ordinem
2919 1213 3313 1268 Melchisedech
3341 1215 3411 1278 ⁸⁸,
3445 1225 3498 1268 et

1925 1313 2139 1382 Agnum
2168 1309 2264 1364 Dei
2293 1308 2572 1363 tollentem
2601 1313 2886 1374 peccatum
2921 1305 3104 1359 mundi
3139 1305 3205 1369 ⁸⁸,
3257 1304 3495 1358 oblatum

1927 1400 2160 1458 hostiam
2191 1401 2326 1465 Deo,
2356 1415 2460 1454 non
2492 1399 2560 1452 ab
2599 1396 2798 1466 impiis,
2823 1396 2918 1451 sed
2954 1397 3104 1466 apiis
3129 1396 3494 1465 pontiﬁcibus.

1927 1493 2052 1549 llaec
2083 1491 2306 1564 quidem
2337 1507 2436 1546 nos
2469 1489 2793 1544 tradidimus
2835 1503 2932 1557 pro
2963 1488 3168 1542 viribus
3211 1487 3489 1557 explorau-

1925 1595 2006 1640 tes
2032 1585 2364 1655 propositum
2400 1583 2694 1637 dicentium
2726 1597 2740 1633 :
2778 1597 2796 1630 ι
2826 1577 3080 1648 Nunquid
3109 1577 3495 1634 interfecturus

1921 1682 2006 1730 est
2037 1673 2296 1740 seipsum,
2335 1669 2459 1739 quia
2499 1669 2632 1724 dicit
2663 1682 2678 1720 :
2709 1667 2826 1734 Quo
2851 1681 2952 1738 ego
2977 1668 3135 1731 vado,
3163 1683 3227 1722 co
3254 1682 3352 1722 vos
3387 1685 3490 1722 non

1920 1765 2150 1834 potestis
2213 1763 2401 1817 venire
2436 1761 2524 1814 “:
2563 1769 2898 1830 spostquam
2960 1759 3298 1816 audivissent
3358 1762 3492 1816 tales

221 1879 390 1925 τινας
434 1862 878 1933 προσκόπτοντας
931 1863 1007 1926 ὼς
1064 1862 1391 1933 βεϐιασμένη
1438 1863 1500 1931 τῇ
1549 1861 1810 1933 ἑρμηνείᾳ

1919 1863 2208 1923 tantosque
2260 1867 2546 1909 sermones
2573 1866 2710 1921 quos
2761 1851 3012 1921 superius
3052 1852 3264 1907 dixerat
3312 1850 3487 1912 Jesus.

220 1951 445 2006 οἴεσθαι
485 1953 852 2024 ἁπλούστερον
907 1953 1101 2016 αὐτοὺς
1141 1951 1420 2024 εἰρηκέναι
1458 1952 1551 2005 τόο
1598 1969 1616 2003 ι
1666 1952 1814 2023 Μήτι

222 2045 530 2096 ἀποκτενεῖ
553 2044 759 2108 ἑαυτὸν,
799 2065 816 2095 ι
841 2045 913 2108 ὡς
936 2042 1028 2097 τοῦ
1059 2043 1157 2114 μὲν
1193 2042 1366 2114 Ἰησοῦ
1392 2043 1814 2108 ἀποκτενοῦντος

223 2133 453 2198 ἑαυτὸν,
476 2136 572 2188 καὶ
601 2135 854 2205 ἐσομένου
877 2136 934 2188 έν
964 2133 1118 2206 χώρᾳ
1137 2133 1246 2186 τῶν
1285 2134 1511 2198 ἑαυτοὺς
1550 2133 1813 2206 διαχειρι-

227 2225 512 2296 σαμένων,
568 2226 660 2278 καὶ
694 2225 1176 2296 κολασθησομένων
1236 2225 1330 2277 ἐπὶ
1371 2225 1564 2295 τούτῳ,
1613 2223 1723 2278 τῶν
1759 2223 1816 2278 δὲ

240 2315 515 2370 Ἰουδαίων
551 2317 701 2388 παρά
743 2317 859 2388 (78)
899 2315 1060 2369 τοῦτο
1103 2315 1165 2370 οὐ
1206 2316 1520 2387 δυναμένων
1570 2317 1686 2369 ἐκεῖ
1724 2332 1816 2384 γε-

218 2406 440 2470 νέσθαι,
464 2409 614 2481 παρά
632 2407 691 2462 τὸ
723 2408 798 2480 μὴ
821 2408 898 2478 τῷ
917 2407 1068 2478 αύτῷ
1101 2407 1320 2479 ἐνόχους
1342 2408 1539 2471 αὐτοὺς
1569 2406 1815 2476 γίνεσθαι

221 2497 365 2571 ’περί⁵
403 2499 609 2552 ἑαυτῶν
643 2501 1014 2572 ἁμαρτήματι.
1063 2500 1222 2554 Ἀλλά
1265 2501 1364 2554 καὶ
1397 2501 1549 2554 αὐτοὶ
1592 2501 1816 2572 ἐπιστη-

221 2589 487 2643 σάτωσαν
521 2593 569 2642 εί
608 2589 856 2644 δύνανται
894 2591 944 2643 οἰ
989 2590 1229 2644 Ἰουδαῖοι
1269 2591 1685 2662 ὑπονενοηκέναι
1721 2591 1814 2646 τὸν

233 2679 452 2749 Ἰησοῦν
494 2679 669 2734 ταῦτα
706 2680 982 2752 εἰρηκέναι
1017 2682 1206 2735 ἑαυτὸν
1249 2681 1694 2746 καταδικάζοντα,
1735 2679 1811 2746 ὡς

221 2771 668 2842 ἀπελευσόμενον
713 2774 793 2836 είς
833 2773 998 2826 τόπον
1040 2774 1333 2837 κολάσεως,
1383 2773 1511 2828 ἔνθα
1553 2774 1654 2826 οὐκ
1691 2772 1811 2826 ἐδύ-

221 2877 392 2912 ναντο
438 2859 709 2928 γενέσθαι,
744 2862 866 2914 ὅσον
918 2863 1010 2914 ἐπὶ
1055 2865 1120 2933 τῇ
1172 2861 1366 2931 ὲκδοχῇ
1419 2859 1611 2931 ταύτῃ,
1654 2857 1812 2912 οἱονεὶ

229 2953 548 3020 κρείττονος
595 2953 705 3024 (79)
767 2954 963 3008 αὐτοῦ’
1014 2954 1047 3024 ἢ
1086 2953 1376 3007 ἀκόλουθον
1418 2953 1569 3007 ἔσται
1611 2951 1807 3021 λέγειν,

220 3043 334 3106 ὅτι,
360 3041 519 3115 εἴπερ
543 3044 696 3098 τοῦτο
716 3045 850 3098 νοῶν
891 3045 1126 3115 ἔφασκεν
1157 3048 1186 3100 ό
1226 3045 1450 3116 Ἰησοῦς,
1488 3046 1581 3099 καὶ
1622 3043 1808 3114 βουλό-

1916 1947 2187 2004 Credibile
2238 1955 2419 2001 autem
2465 1955 2550 2001 est
2601 1944 2868 2015 quosdam
2905 1943 3138 2002 oﬂ'ensos
3181 1949 3284 2003 hac
3322 1950 3492 2002 inter-

1917 2035 2246 2110 pretatidne,
2282 2047 2539 2107 tauquam
2578 2047 2791 2105 coacta,
2824 2038 3140 2093 existimare
3167 2055 3260 2095 eos
3285 2041 3492 2110 simpli-

1918 2133 2035 2189 cius
2068 2131 2302 2187 dixisse:
2332 2147 2353 2182 ι
2382 2129 2631 2200 Nunquid
2656 2131 3046 2188 interfecturus
3068 2141 3152 2187 est
3171 2134 3431 2203 seipsum,
3465 2157 3482 2186 ι

1917 2223 2144 2294 perinde
2177 2223 2329 2292 quasi
2352 2221 2514 2277 .lesus
2537 2222 2926 2279 interfecturus
2961 2235 3109 2280 esset
3134 2224 3396 2294 seipsum,
3435 2235 3489 2281 et

1919 2313 2132 2368 futurus
2154 2313 2209 2366 in
2245 2311 2364 2367 loco
2391 2327 2576 2366 eorum
2606 2311 2698 2381 qui
2729 2311 2832 2367 sibi
2884 2313 3016 2381 ipsis
3045 2328 3238 2370 manus
3285 2314 3488 2368 intule-

1919 2406 2047 2470 rint,
2077 2414 2134 2460 et
2161 2408 2232 2459 ob
2259 2404 2364 2459 hoc
2386 2411 2512 2458 sunt
2555 2403 2838 2472 puniendi,
2867 2401 3070 2459 Iudaeis
3117 2419 3224 2459 non
3261 2403 3488 2457 valenti-

1914 2498 2016 2553 bus
2047 2497 2116 2552 ob
2159 2497 2263 2552 hoc
2305 2496 2396 2550 illo
2437 2497 2539 2562 ire,
2589 2505 2877 2566 propterea
2927 2497 3074 2567 quod
3126 2497 3346 2551 obnoxii
3379 2512 3484 2551 non

1913 2599 2096 2645 essent
2125 2588 2200 2642 illi
2247 2597 2472 2659 peccato
2528 2589 2594 2644 de
2643 2590 2858 2659 seipsis.
2901 2591 2970 2644 At
3018 2605 3150 2646 vero
3192 2589 3247 2646 hi
3295 2599 3486 2646 notent

1913 2692 2042 2732 num
2070 2676 2282 2746 possint
2309 2675 2478 2734 Judaei
2513 2679 2860 2750 subcogitare
2893 2679 3078 2736 Jesum
3115 2681 3232 2735 inec
3277 2680 3484 2736 dixisse

1913 2770 2364 2826 condemnantem
2393 2771 2652 2841 seipsum,
2680 2773 2842 2829 veluti
2878 2770 3248 2842 profecturum
3299 2773 3366 2827 ad
3402 2773 3490 2827 lo-'

1912 2878 2034 2918 cum
2091 2864 2362 2934 supplicii,
2417 2879 2525 2934 quo
2574 2883 2680 2924 non
2735 2874 2985 2935 poterant
3039 2865 3114 2939 illi
3165 2865 3476 2933 proficisci,

1912 2961 2172 3022 quantum
2214 2955 2409 3010 attinet
2443 2956 2508 3011 ad
2536 2956 2679 3012 hanc
2712 2957 3147 3027 intelligentiam,
3198 2957 3356 3026 quasi
3390 2955 3480 3012 Je-

1909 3055 1971 3098 su
2026 3043 2282 3100 meliores
2336 3061 2401 3102 ac
2453 3049 2858 3116 praestantiorcs
2909 3056 3130 3104 essent:
3167 3047 3248 3102 vel
3288 3062 3478 3102 conse-

228 3148 397 3200 μενος
418 3135 606 3188 ἑαυτὸν
633 3137 971 3200 ἀποκτεῖναι,
1002 3139 1247 3208 κρεῖττον
1278 3135 1489 3206 ἐνόμιζε
1517 3135 1577 3188 τὸ
1615 3135 1805 3188 ἑαυτὸν

1910 3147 2081 3203 quens
2109 3135 2215 3190 erit
2241 3136 2441 3200 dicere,
2491 3137 2699 3206 Jesum,
2745 3140 2791 3194 si
2822 3141 3145 3211 loquebatur
3185 3141 3286 3195 hoc
3327 3139 3476 3208 θυεμ

223 3226 474 3296 ἀναιρεῖν
494 3225 584 3278 τοῦ
617 3227 690 3297 μὴ
711 3227 868 3280 τοῦτο
904 3229 1097 3280 ποιεῖν.
1126 3227 1236 3280 Καὶ
1256 3229 1285 3280 ὁ
1323 3227 1638 3298 Ἡρακλέων
1677 3227 1805 3298 μέν-

226 3333 379 3384 τοιγε
407 3317 482 3379 ὡς
502 3316 866 3389 ἁπλούστερον
883 3318 1170 3390 εἰρημένου
1191 3317 1313 3372 τοῦ·
1349 3337 1367 3369 ι
1396 3320 1538 3388 Μήτι
1568 3320 1810 3372 ἀποκτε-’

226 3413 315 3462 νεῖ
349 3409 559 3472 ἑαυτὸν,
594 3429 615 3460 ι
654 3411 838 3480 φησὶν,
872 3411 956 3463 ὃτι
996 3410 1248 3483 πονηρῶς
1284 3411 1710 3482 διαλογιζόμενοι
1753 3413 1800 3466 οί

240 3501 482 3553 Ἰουδαῖοι
513 3501 686 3553 ταῦτα
726 3501 930 3570 ἔλεγον,
977 3503 1069 3556 καὶ
1117 3501 1365 3573 μείζονας
1407 3503 1630 3566 ἑαυτοὺς
1671 3503 1811 3556 ἀπιπο-⁴

229 3593 544 3663 φαινόμενοι
585 3593 677 3646 τοῦ
718 3593 986 3664 Σωτῆρος,
1043 3597 1138 3648 καὶ
1186 3594 1678 3666 ὑπολαμϐάνοντες,
1721 3594 1803 3647 ὅτι

227 3682 384 3734 αὐτοὶ
420 3681 515 3752 μὲν
545 3681 927 3736 ἀπελεύσονται
956 3682 1091 3753 πρὸς
1111 3683 1202 3736 τὸν
1235 3682 1366 3737 Θεὸν
1392 3685 1472 3747 εἰς
1497 3683 1803 3738 ἀνάπαυσιν

229 3773 442 3826 αἰώνιον
463 3790 476 3804 ·
503 3776 531 3827 ὁ
557 3773 613 3827 δὲ
635 3774 822 3846 Σωτὴρ
843 3777 922 3838 εἰς
951 3775 1157 3845 φθορὰν
1193 3775 1284 3829 καὶ
1315 3777 1395 3838 εἰς
1429 3774 1655 3829 θάνατον
1684 3777 1805 3828 ἑαυ-

230 3865 322 3918 τὸν
359 3865 851 3937 διαχειρισάμενος,
902 3867 1034 3919 ὅπου
1085 3866 1310 3929 ἑαυτοὺς
1350 3866 1450 3918 οὐκ
1499 3865 1802 3933 ἐλογίζοντο

231 3955 483 4010 ἀπελθεῖν
501 3973 514 3986 ο
549 3957 642 4009 καὶ
677 3956 868 4020 αύταίς
895 3955 1072 4020 λέξεσί
1103 3973 1285 4026 φησιν,
1309 3957 1390 4010 ὃτι
1419 3954 1586 4026 ᾤοντο
1623 3955 1801 4024 λέγειν

230 4045 320 4099 τὸν
345 4047 566 4117 Σωτῆρα
600 4049 648 4100 οἰ
694 4047 947 4107 Ἰουδαῖοι,
978 4048 1060 4101 ὅτι
1101 4046 1242 4116 Ἐγὼ
1269 4047 1504 4118 ἐμαυτὸν
1533 4048 1799 4120 «διαχειρι-

234 4136 463 4206 σάμενος
493 4138 574 4200 εἰς
612 4136 814 4208 φθορὰν
849 4137 1026 4208 μέλλω
1071 4137 1418 4209 πορεύεσθαι,
1458 4139 1592 4192 ὅπου
1643 4141 1798 4210 ὑμεῖς

231 4227 292 4280 ού
323 4225 546 4281 δύνασθε
577 4227 769 4282 ἐλθεῖν.
807 4230 921 4283 Ούκ
945 4225 1060 4283 οἶδα
1089 4230 1147 4283 δὲ
1181 4229 1298 4293 πῶς
1338 4229 1477 4284 κατά
1507 4231 1598 4284 τὸν
1621 4229 1800 4284 εἰπόν-

231 4333 330 4371 ταο
360 4335 377 4368 ι
424 4317 562 4386 Ἐγώ
591 4321 706 4390 εἰμι
731 4319 793 4372 τὸ
824 4319 940 4389 φῶς
967 4321 1060 4374 τοῦ
1087 4322 1316 4392 κόσμου,
1360 4341 1378 4373 ι
1416 4322 1510 4374 καὶ
1545 4320 1614 4374 τά
1646 4319 1794 4391 ἑξῆς,

233 4403 300 4476 ἦν
331 4407 534 4476 λέγειν,
583 4410 664 4462 ὅτι
733 4410 871 4479 Ἐγὼ
919 4413 1151 4482 ἐμαυτὸν
1198 4412 1666 4484 διαχειρισάμενος
1716 4413 1796 4476 εἰς

235 4498 430 4571 φθορὰν
461 4501 636 4571 μέλλω
675 4501 1018 4574 πορεύεσθαι.
1067 4505 1190 4558 Ἐὰν
1230 4504 1285 4557 δέ
1311 4502 1396 4568 τις
1430 4505 1562 4578 λέγῃ
1599 4504 1672 4576 μὴ
1704 4505 1794 4557 τὸν

233 4590 450 4663 Σοτῆρα
475 4593 646 4648 ταῦτα
675 4594 974 4665 εἰρηκέναι,
1001 4596 1126 4658 τοὺς
1151 4594 1207 4647 δὲ
1233 4595 1512 4658 Ἰουδαίους
1534 4595 1664 4649 αὐτὸ
1680 4595 1812 4665 (80).

237 4681 662 4755 ύπονενοηκέναι,
695 4685 852 4756 δῆλον
896 4687 978 4739 ὅτι
1020 4687 1137 4756 ἐρεῖ
1181 4687 1306 4750 τοὺς
1363 4686 1648 4749 Ἰουδαίους
1693 4704 1791 4739 πε-

237 4775 552 4844 φρονηκέναι
605 4778 731 4848 περί¹
767 4777 954 4844 αὐτοῦ,
1003 4779 1086 4831 ὅτι
1120 4776 1427 4848 φθείρονται
1473 4779 1522 4830 oi
1566 4777 1790 4842 ἑαυτοὺς

235 4862 712 4942 διαχειρισάμενοι,
793 4869 886 4924 καὶ
941 4869 1093 4923 οὐδὲν
1149 4864 1310 4941 ἦττον
1377 4868 1548 4923 ἐποίει
1595 4869 1785 4934 ταῦτα,

238 4956 491 5010 πιστεύων
516 4959 910 5032 φθαρήσεσθαι,
947 4961 1040 5016 καὶ
1063 4960 1522 5032 κολασθήσεσθαι·
1558 4963 1693 5030 ὅπερ
1720 4957 1790 5032 ἦν

238 5045 361 5100 κατά
384 5048 558 5104 πάντα
585 5049 698 5124 (Si)
729 5051 951 5122 ἠλίθιον.

1830 3197 1872 3256 C

1908 3234 2047 3293 tans,
2099 3234 2154 3281 et
2187 3228 2374 3284 volens
2419 3229 2582 3300 302
2635 3232 2876 3302 seipsum
2908 3234 3236 3298 interﬁcere,
3286 3231 3476 3290 melius

1904 3326 2096 3387 putare
2127 3319 2364 3390 seipsum
2395 3321 2702 3379 interiicere
2737 3341 2897 3394 quam
2931 3341 3034 3378 non
3064 3339 3123 3380 se
3147 3325 3470 3380 interﬁcere.

1908 3406 2206 3467 lleracleon
2233 3427 2388 3476 sane,
2437 3414 2662 3483 perinde
2705 3415 2860 3484 quasi
2911 3417 3014 3470 hoc
3059 3416 3260 3470 dictum
3315 3415 3476 3470 fuerit

1903 3500 2205 3572 simplicius
2235 3521 2248 3559 :
2279 3523 2298 3557 ‹
2339 3503 2596 3575 Nunquid
2630 3507 3022 3561 interiecturus
3051 3516 3134 3562 est
3159 3508 3421 3578 seipsum,
3449 3525 3470 3559 ο

1903 3593 2079 3663 inquit
2109 3596 2252 3664 quod
2283 3597 2513 3666 maligne
2569 3595 2870 3665 cogitantes
2909 3595 3080 3650 ιιιιίιοί
3132 3598 3247 3652 hzec
3279 3598 3469 3666 loque-

1903 3691 2114 3748 rentur,
2172 3685 2381 3753 seipsos
2428 3685 2590 3738 etiam
2639 3685 2984 3740 ostendentes
3018 3687 3134 3755 ipso
3185 3685 3474 3744 Servatore

1902 3774 2156 3844 majores,
2181 3783 2236 3828 ct
2270 3775 2648 3829 existimantes
2679 3790 2738 3830 se
2769 3776 2987 3844 quidem
3024 3777 3362 3846 profecturos
3404 3779 3472 3832 ad

1904 3866 2070 3922 Deum
2101 3867 2152 3919 in
2177 3867 2418 3935 requiem
2453 3868 2875 3937 sempiternam;
2917 3869 3260 3925 Servatorem
3291 3878 3471 3924 autem

1901 3959 1969 4014 ad
2002 3957 2428 4026 corruptionem,
2462 3965 2516 4013 et
2547 3959 2610 4012 ad
2641 3967 2896 4024 mortem,
2948 3962 2997 4014 ri
3023 3960 3127 4016 sibi
3163 3959 3264 4030 ipsi
3295 3959 3468 4029 illata,

1901 4063 2006 4120 quo
2065 4049 2274 4117 seipsos
2351 4063 2456 4102 non
2515 4050 2898 4106 existimabant
2958 4049 3295 4122 profecturos
3348 4069 3364 4108 :
3413 4064 3471 4110 et

1900 4141 2093 4197 iisdem
2123 4141 2306 4196 verbis
2330 4140 2506 4210 inquit
2533 4141 2750 4198 Judaeos
2775 4145 3092 4200 existimare
3120 4144 3466 4201 Servatorem

1899 4231 2119 4286 dicere:
2150 4230 2282 4301 Ego,
2323 4233 2455 4287 mihi
2501 4232 2599 4303 ipsi
2645 4233 2695 4288 vi
2744 4234 2914 4301 illata,
2953 4235 3018 4290 ad
3062 4237 3464 4306 corruptionem

1901 4322 2241 4391 profecturus
2271 4335 2414 4386 sum,
2441 4337 2550 4393 quo
2578 4340 2675 4380 vos
2701 4341 2806 4380 non
2835 4327 3062 4396 potestis
3104 4327 3308 4382 venire.
3357 4329 3465 4382 Sed
3489 4343 3495 4348 λ

1898 4414 2040 4467 haud
2073 4413 2189 4470 scio
2216 4430 2454 4486 quonam
2483 4425 2661 4484 pacto,
2685 4432 2812 4472 cum
2835 4418 3062 4472 dixisset
3088 4417 3279 4473 Jesus:
3309 4436 3327 4468 ι
3352 4417 3466 4486 Ego

1825 4542 1868 4596 Β
1897 4520 2015 4559 sum
2059 4506 2146 4560 lux
2193 4507 2376 4560 mundi
2419 4506 2484 4570 ⁸⁵,
2548 4525 2567 4558 ι
2633 4518 2687 4562 et
2740 4523 2859 4578 quae
2908 4517 3232 4576 sequuntur,
3297 4507 3495 4576 possit'

1896 4597 2118 4654 dicere:
2150 4599 2285 4670 Ego,
2322 4598 2452 4652 mihi
2493 4598 2590 4667 ipsi
2617 4599 2666 4653 vi
2693 4597 2860 4665 illata,
2893 4597 3236 4667 profecturus
3262 4600 3463 4652 somad

1891 4688 2308 4756 corruptionem.
2354 4687 2453 4742 Sin
2489 4703 2618 4742 vero
2661 4687 2807 4741 dicat
2847 4688 3063 4757 aliquis,
3117 4687 3461 4743 Servatorem

1887 4778 1992 4832 hoc
2025 4791 2130 4831 non
2166 4778 2388 4844 dixisse,
2433 4779 2526 4832 sed
2573 4778 2671 4831 hoc
2701 4776 2910 4834 Judaeos
2948 4779 3342 4850 suchgitasse,
3376 4781 3460 4834 di-
3491 4831 3494 4835 ,

1886 4876 1974 4923 cet
2015 4867 2222 4922 scilicet
2264 4866 2476 4922 Judzeos
2523 4868 2891 4938 cogitasse-de
2939 4885 3004 4925 eo
3036 4872 3178 4941 quod
3218 4886 3496 4926 eorrumw

1895 4966 2097 5028 puntur
2126 4957 2218 5026 qui
2255 4957 2358 5011 sibi
2404 4957 2534 5026 ipsis
2576 4970 2804 5016 mortem
2854 4962 3224 5027 consciscunt;
3270 4973 3324 5016 et
3378 4963 3461 5015 ui-

1801 5083 1818 5106 ,λ
1895 5049 2188 5106 hilominus
2241 5047 2427 5106 Jesum
2471 5052 2586 5108 haec
2615 5052 2910 5122 facturum,
2953 5056 3164 5111 etiamsi
3220 5057 3457 5110 futurum
3495 5087 3498 5090 ~

236 5139 466 5195 crederet
495 5153 552 5197 ut
576 5153 1016 5214 corrumperetur
1053 5154 1107 5200 et
1135 5145 1446 5216 puniretur;
1500 5145 1550 5200 id
1576 5145 1715 5214 quod
1743 5155 1860 5198 erat
1891 5141 2064 5198 modis
2087 5142 2337 5198 omnibus
2360 5141 2588 5200 fatuum.
2665 5203 2668 5206 ,

385 5250 568 5324 Matth.
610 5269 721 5318 xw,
763 5254 854 5311 2‘2.
931 5255 977 5286 "
1020 5255 1152 5311 ibid.
1204 5255 1296 5310 23.
1373 5255 1418 5286 ⁵⁸
1451 5254 1648 5324 Ephes.
1686 5269 1739 5322 ν,
1767 5253 1823 5308 2.

238 5320 275 5352 ⁸⁸
295 5319 416 5374 ibid.
436 5320 525 5374 12.
957 5377 960 5380 ,
1497 5319 1511 5324 ’
1724 5319 1733 5322 ’
1801 5371 1808 5382 ,

296 5432 613 5507 (76)_Codex_
643 5434 984 5507 Bodleianus,
1027 5436 1325 5507 ἀρχιερέων
1361 5435 1618 5500 εὐσεϐῶν,
1679 5434 1780 5490 Re-

241 5501 376 5574 giusL
392 5503 694 5574 ἀρχιερέως
714 5504 972 5568 εὐσεϐῶς.

298 5571 400 5644 (Ti)
433 5571 610 5626 codex
644 5572 964 5629 Bodleianus
989 5615 1003 5640 ,
1032 5574 1178 5644 Μήτι
1211 5573 1522 5639 ἀποκτενεῖ,
1553 5574 1776 5644 Regius,

239 5639 317 5710 Μὴ
344 5642 645 5696 ἀποκτενεῖ.

424 5712 603 5784 Codex
635 5711 972 5784 Bodleianus,
1007 5713 1176 5784 παρὰ,
1214 5711 1431 5784 Regius,
1466 5713 1612 5783 περί.

300 5777 402 5851 (79)
424 5781 791 5852 Κρείττίενος.
840 5782 928 5840 Sic
971 5777 1110 5840 11155..
1132 5793 1184 5840 et
1224 5777 1335 5854 ipsc
1362 5777 1663 5850 Ferrarius,
1694 5784 1780 5855 qui

1896 5254 1938 5286 "
1985 5253 2129 5309 Psal.
2169 5269 2282 5321 ctx,
2315 5253 2372 5309 4.
2446 5254 2491 5287 ⁵¹
2521 5255 2676 5312 Joan.
2715 5272 2754 5321 ι,
2795 5255 2884 5312 29.
2961 5256 3181 5348 l".Ioan.
3213 5275 3333 5343 vin,
3362 5261 3453 5318 22.

1889 5436 2071 5509 vertit,
2107 5455 2125 5488 ι
2163 5438 2315 5509 quasi
2342 5435 2500 5492 Jesus
2525 5437 2734 5509 melior,
2767 5453 2830 5492 ac
2864 5439 3207 5508 praestantior
3235 5451 3400 5509 esset,
3426 5461 3449 5497 ι

1887 5507 1980 5628 lsed
2038 5514 2216 5561 tamen
2271 5507 2557 5577 legendum
2609 5507 2818 5563 videtur
2865 5507 3218 5580 κρείττονες,
3268 5522 3324 5566 et
3375 5507 3448 5569 ita

1909 5590 2023 5629 eeo.
3063 5585 3089 5616 -'
3301 5609 3306 5614 -

2097 5643 2279 5722 Qotlex
2304 5644 2646 5722 Bodleianus,
2681 5647 2847 5722 cuius:
2884 5647 3105 5722 liegius,
3136 5651 3304 5722 αὐτῷ.

1959 5712 2076 5788 (Si)
2104 5714 2268 5788 Katci
2291 5712 2503 5788 πάντα.
2542 5717 2697 5788 Deest
2730 5719 2779 5772 in
2814 5712 2991 5788 Regio
3011 5712 3215 5788 codice,
3254 5712 3352 5779 sed
3375 5721 3449 5778 le-

1893 5785 2036 5855 gitur
2067 5787 2117 5842 in
2157 5785 2430 5842 codicibus
2453 5785 2743 5844 Bodleiano
2773 5799 2825 5845 ct
2848 5785 3166 5846 Bai-herino.
