3948 6206
219 317 357 375 σεε

1317 319 1678 377 COMMENT.
1721 317 1788 375 IN
1825 315 2016 374 ιοΑΝ.
2053 317 2292 374 TOMUS
2329 315 2470 372 XIX.

3393 313 3497 369 566

207 452 352 503 του,
403 437 502 492 καὶ
547 437 707 493 ἄλλον
759 437 822 491 ὲκ
857 438 955 526 μέν
988 436 1082 492 τοῦ
1115 437 1320 510 κόσμου
1357 438 1572 503 τούτου,
1622 440 1686 492 ὲκ
1728 435 1813 491 τοῦ

1931 436 2032 492 tari
2071 444 2124 491 et
2156 433 2273 490 fieri
2316 447 2348 490 e
2379 429 2650 504 supernis,
2680 442 2780 484 nec
2808 427 3037 498 amplius
3061 443 3128 484 ex
3157 427 3259 485 hoc
3293 431 3496 483 muqu

209 525 468 598 οὐρανοῦ
499 527 577 581 δέ.
609 527 746 598 Φησὶ
778 525 915 596 γοῦν
939 529 1049 592 τοῖς
1081 527 1349 600 μαθηταῖς
1376 530 1405 581 6
1447 527 1638 600 Σωτήρ
1670 526 1782 596 (85)
1802 542 1816 556 ’

219 635 247 671 ι
273 619 380 673 Ἐκ
409 619 505 673 τοῦ
530 620 735 692 κόσμου
767 617 885 692 ἦτε,
919 620 1074 690 κάγὼ
1103 620 1430 692 ἐξελεξάμην
1458 621 1601 691 ὑμᾶς
1633 621 1696 673 ὲκ
1725 617 1820 672 τοῦ

215 709 467 781 κόσμου,
505 712 598 764 καὶ
628 711 810 764 οὐκέτι
843 712 965 765 ἐστὲ
989 715 1053 766 ὲκ
1085 711 1178 766 τοῦ
1207 712 1443 784 κόσμου·
1472 731 1489 763 ι
1523 711 1681 784 εἴπερ
1712 712 1820 784 γὰρ

216 794 401 870 ἦλθεν
446 801 476 853 6
509 799 701 872 Σωτὴρ
748 801 1001 873 ζητῆσαι,
1059 803 1152 855 καὶ
1197 803 1370 856 σῶσαι
1417 800 1476 855 τὸ
1521 800 1818 865 ἀπολωλὸς,

219 885 367 961 ἦλθε
403 891 531 954 τοὺς
572 891 725 944 κάτω
771 895 866 947 καὶ
898 893 1463 968 πολιτογραφηοέντας
1493 894 1551 946 ὲν
1578 895 1690 958 τοῖς
1722 893 1821 948 κά-

220 998 312 1034 τω
343 982 682 1054 μεταστῆσαι
725 985 818 1038 ἐπὶ
865 986 934 1039 τά
961 986 1094 1040 ἄνω.
1154 986 1264 1040 Καὶ
1302 986 1411 1057 γὰρ
1439 987 1517 1050 εἰς
1542 984 1612 1040 τά
1645 985 1822 1039 κατώο

219 1087 370 1143 τερα
405 1072 549 1144 μέρη
576 1075 676 1145 τῆς
707 1075 813 1146 γῆς
834 1076 863 1129 6
894 1077 1137 1142 καταϐάς
1166 1078 1328 1140 αὐτός
1354 1078 1470 1132 ἐστι
1499 1077 1586 1132 διὰ
1611 1079 1736 1142 τοὺς
1763 1079 1821 1132 ὲν

220 1166 347 1227 τοῖς
401 1163 701 1221 κατωτάτω
745 1168 844 1239 τῆς
875 1169 980 1238 γῆς
1000 1186 1014 1200 ·
1070 1169 1204 1223 ἀλλά
1233 1169 1328 1224 καὶ
1361 1169 1529 1242 ἀνέϐη
1563 1169 1822 1242 ὑπεράνω

223 1253 457 1310 πάντων
482 1256 591 1311 τῶν
621 1258 886 1330 οὐρανῶν,
911 1259 1168 1314 ὁδοποιῶν
1195 1263 1306 1326 τοῖς
1329 1260 1698 1332 βουλομένοις,
1723 1261 1824 1314 ’καὶ

221 1347 476 1418 γνησίως
523 1349 672 1421 αὐτῷ
723 1351 1202 1424 μαθητευομένοις,
1245 1353 1344 1425 τὴν
1390 1353 1662 1428 φέρουσαν
1707 1355 1823 1409 ὁδὸν

221 1437 328 1490 ἐπὶ
353 1437 424 1492 τά
450 1439 705 1511 ὑπεράνω
733 1443 949 1496 πάντων
978 1445 1087 1498 τῶν
1123 1445 1391 1516 οὐρανῶν,
1423 1445 1702 1499 τουτέστιν
1729 1446 1823 1500 ἐπὶ

223 1527 302 1582 τά
341 1529 448 1596 ἔξω
499 1532 786 1603 σωμάτων.
845 1535 908 1588 El
932 1535 995 1616 δὲ
1027 1538 1124 1589 καλ¹
1153 1537 1338 1601 ποθεῖς
1375 1537 1566 1609 μαθεῖν
1590 1538 1698 1592 ἀπὸ
1724 1538 1823 1610 τῆς

225 1619 466 1692 Γραφῆς
496 1622 578 1687 τίς
604 1624 750 1679 ἐστιν
776 1627 806 1679 6
838 1625 904 1679 ὲκ
932 1625 1041 1680 τῶν
1074 1626 1246 1692 κάτω,
1293 1628 1390 1682 καὶ
1417 1629 1501 1694 τίς
1528 1631 1675 1684 ἐστιν
1701 1632 1730 1684 6
1758 1631 1824 1684 ὲκ

219 1712 344 1765 τῶν
377 1714 507 1779 ἀνω,
559 1716 726 1771 ἄκουε
748 1733 762 1748 ο
803 1717 957 1772 Ἐπεὶ
1005 1719 1138 1774 ὅπου
1183 1721 1213 1774 6
1245 1719 1514 1792 θησαυρὸς
1563 1722 1818 1784 ἑκάστου,

217 1803 354 1856 ἐκεῖ
380 1805 472 1859 καὶ
497 1807 530 1877 ἠ
560 1807 760 1878 καρδία
793 1810 943 1863 ἐστίν
966 1826 979 1840 ·
1011 1810 1106 1865 έάν
1133 1828 1215 1875 τις
1261 1811 1562 1885 θησαυρίζῃ
1595 1813 1687 1865 ἐπὶ
1715 1811 1818 1882 τῆς

218 1893 365 1964 γῆς,
412 1895 474 1961 ἐξ
517 1897 684 1952 αὐτοῦ
735 1898 828 1953 τοῦ
869 1898 1213 1973 Θησαυρίζειν
1238 1901 1334 1953 ἐπὶ
1355 1900 1453 1972 τῆς
1481 1901 1586 1973 γῆς
1613 1903 1678 1955 ἐκ
1707 1903 1817 1958 τῶν

217 1986 390 2039 κᾶτω
418 1986 662 2056 γίνεται-ο
697 1988 791 2043 ἐὰν
823 1989 877 2044 δέ
903 2008 984 2053 τις
1006 1989 1306 2066 Θησαυρίζῃ
1335 1992 1392 2044 ὲν
1415 1994 1528 2056 τοῖς
1546 1992 1814 2064 οὐρανοῖς,

217 2080 497 2144 γεννᾶται
525 2079 750 2143 ἀνωθεν,
809 2083 902 2136 καὶ
947 2082 1314 2153 ἀναλαμὸάνει
1346 2083 1444 2158 τὴν
1492 2085 1676 2140 εἰκόνα
1721 2087 1816 2142 τοῦ

219 2168 595 2241 ἐπουρανίου⁸
656 2171 791 2226 ἀλλά
828 2174 921 2227 κσιῖ⁷
970 2173 1130 2238 ἀλλος
1179 2171 1406 2229 διελθὼν
1451 2176 1660 2242 πάντας
1692 2179 1818 2244 τοὺς

216 2258 499 2328 οὐρανοὺς
541 2261 598 2314 ὲν
624 2261 764 2316 τέλει
799 2264 1112 2336 εὑρίσκεται
1166 2267 1589 2340 μακαριωτάτῳ.
1631 2267 1731 2342 Εἴη
1771 2271 1817 2324 δ’

213 2346 294 2401 ἂν
334 2349 431 2403 καὶ
474 2350 545 2404 τά
592 2353 852 2427 ἑκατέρου
882 2355 1039 2427 ἔργα,
1067 2354 1155 2410 οἷα
1199 2356 1350 2413 εἶπον
1380 2359 1526 2432 (86)·
1563 2359 1704 2416 ὥστε
1737 2362 1816 2416 εί-

217 2442 357 2493 πεῖν
405 2440 472 2495 ἀν
501 2443 571 2497 τά
620 2445 759 2518 ἔργα
789 2447 886 2518 τῆς
915 2447 1118 2520 σαρκὸς
1142 2451 1317 2504 ποιεῖν
1345 2450 1436 2504 τὸν
1477 2453 1543 2506 ὲκ
1574 2452 1684 2508 τῶν
1719 2453 1818 2508 κά-

215 2545 328 2593 τω,
361 2530 458 2587 τὸν
487 2533 544 2586 δὲ
591 2536 802 2608 καρπὸν
833 2538 926 2592 τοῦ
971 2538 1280 2612 πνεύματος
1323 2542 1413 2597 τὸν
1440 2545 1506 2598 ὲκ
1527 2545 1638 2599 τῶν
1681 2547 1814 2610 ἀκνω,

220 2621 326 2709 καὶ
358 2622 520 2676 πάλιν
551 2625 650 2696 τὴν
682 2627 818 2696 πρὸς
867 2627 957 2684 τὸν
1006 2630 1208 2702 κόσμον
1236 2631 1420 2688 τοῦτον
1460 2635 1682 2709 ἀγάπην
1725 2639 1815 2693 τὸν

221 2708 344 2803 (8?)
376 2714 442 2766 ὲκ
468 2714 559 2803 τοῦ
591 2717 798 2790 κόσμου
824 2721 1013 2776 τούτου
1032 2739 1046 2753 ⁸
1081 2724 1226 2792 ἐπεὶ,
1255 2725 1394 2780 κατὰ
1415 2727 1506 2781 τὸν
1540 2708 1813 2803 Ἰωάννην,

220 2800 255 2851 6
283 2798 428 2869 ἔχων
473 2802 572 2876 τὴν
620 2807 844 2880 ἀγάπην
888 2810 982 2864 τοῦ
1013 2811 1172 2875 Θεοῦ,
1203 2813 1410 2880 ἐκεῖνος
1437 2817 1540 2871 οὐκ
1569 2817 1716 2874 ἐστιν
1746 2798 1816 2875 έκ

221 2890 327 2945 τοῦ
355 2891 562 2964 κόσμου
593 2897 783 2952 τούτου
802 2916 816 2930 ο
846 2899 905 2966 ὃς
935 2901 993 2955 δὲ
1017 2903 1118 2961 ούκ
1145 2903 1334 2976 ἀγαπᾷ
1358 2906 1450 2960 τὸν
1481 2908 1708 2980 κόσμον,
1726 2912 1817 2965 οὐ-

222 2981 286 3036 δὲ
317 2984 389 3039 τά
411 2988 469 3040 έν
491 2987 700 3061 κόσμῳ,
731 2991 865 3047 ἀλλά
885 2993 1058 3064 λέγων
1079 3013 1092 3026 ·
1131 3015 1151 3049 ι
1175 2998 1326 3070 Ἐμοὶ
1352 3000 1426 3072 μὴ
1447 3001 1656 3069 γένοιτο
1683 3023 1815 3060 καυ-

225 3073 471 3182 liceat:
487 3077 550 3182 si.
567 3077 674 3182 pl],
687 3080 745 3182 ἐν
766 3081 842 3182 τῶ
867 3082 1086 3182 σταυρῷ
1112 3085 1206 3139 τοῦ
1236 3088 1442 3160 Κυρίου
1487 3108 1589 3162 μου
1637 3093 1809 3165 Ἰησοῦ
1837 3122 1880 3182 C

226 3161 494 3233 Χριστοῦ,
522 3165 589 3220 δι’
615 3161 677 3221 οῦ
705 3171 826 3240 ἐμοὶ
861 3171 1065 3243 κόσμος
1111 3174 1471 3250 ἐσταύρωται,
1492 3161 1657 3251 κάγὼ
1698 3161 1809 3239 ’κό-

225 3267 380 3323 σμῳ,
404 3272 422 3306 ι
453 3257 547 3310 καὶ
577 3259 768 3332 χωρῶν
794 3261 853 3315 τὸ
881 3262 1100 3336 ἀγαπᾷν
1128 3267 1332 3339 Κύριον
1362 3269 1453 3324 τὸν
1482 3270 1614 3327 Θεὸν
1643 3275 1808 3331 αὐτοῦ

227 3342 292 3440 ἐξ
322 3344 452 3440 ὅλης
496 3349 595 3420 τῆς
621 3352 846 3423 καρδίας
893 3357 1080 3422 αὐτοῦ,
1127 3361 1224 3414 καὶ
1252 3360 1314 3426 ἐξ
1355 3362 1485 3435 ὅλης
1505 3365 1603 3436 τῆς
1631 3367 1809 3440 ψυχῆς

226 3435 420 3530 αὐτοῦ,
454 3441 548 3493 καὶ
581 3440 640 3507 ἐξ
683 3443 811 3516 ὅλης
838 3445 938 3518 τῆς
981 3447 1218 3515 διανοίας
1253 3453 1440 3518 αὐτοῦ,
1485 3435 1566 3527 τῷί
1589 3435 1665 3530 μὴ

226 3529 423 3587 σεσθαι
455 3535 553 3607 τὴν
589 3539 840 3611 τοιαύτην
884 3543 1103 3617 ἀγάπην
1134 3547 1236 3600 ὑπὸ
1274 3549 1374 3621 τῆς
1423 3550 1560 3622 πρὸς
1591 3552 1681 3608 τὸν
1713 3556 1806 3610 κό-

227 3636 373 3692 σμον
414 3627 653 3700 ἀγάπης,
690 3631 781 3684 καὶ
807 3632 872 3688 τὰ
903 3634 1014 3706 (88)
1046 3637 1103 3689 ὲν
1149 3637 1228 3708 τῷ
1257 3639 1446 3710 κόσμῳ
1468 3657 1482 3670 ·
1528 3641 1810 3714 ἀμήχανον

230 3714 343 3809 γάρ
372 3720 734 3809 συνυπάρχειν
781 3725 879 3797 τὴν
909 3728 1045 3798 πρὸς
1087 3728 1178 3782 τὸν
1229 3729 1431 3801 κόσμον
1475 3732 1694 3808 ἀγάπην
1744 3740 1809 3809 τῇ

233 3807 371 3899 πρὸς
416 3808 507 3863 τδν
555 3810 687 3868 Θεὸν
717 3815 934 3890 ἀγάπῃ·
989 3819 1067 3882 ὡς
1113 3821 1393 3892 ἀμήχανον
1447 3807 1810 3899 συνυπάρχειν

235 3895 482 3968 ἀλλήλοις
512 3901 625 3970 φῶς
649 3905 744 3958 καὶ
771 3907 980 3972 σκότος,
1014 3908 1048 3980 ἢ
1079 3909 1313 3981 Χριστὸν
1355 3912 1447 3965 καὶ
1476 3912 1567 3967 τὸν
1592 3895 1808 3987 Βελίαρ,

233 3988 274 4058 ἦ
294 3989 385 4080 τὸν
409 3991 534 4046 ναὸν
579 3990 716 4048 εἶναι
745 3998 841 4053 τοῦ
885 3999 1020 4054 Θεοῦ
1052 4001 1193 4073 μετά
1229 4005 1324 4058 τοῦ
1356 4005 1484 4058 ναοῦ
1523 4009 1812 4080 τυγχάνον-

234 4095 326 4171 τος
357 4078 467 4153 (89}
499 4082 749 4142 εἰδώλων.
799 4090 884 4154 Ὠς
916 4091 1181 4164 διαφορᾶς
1223 4093 1470 4165 μέντοιγε
1500 4078 1668 4171 οὐσης
1705 4100 1812 4155 τῶν

238 4169 385 4226 κάτω
408 4175 543 4245 πρὸς
565 4177 788 4250 ἄλληλα,
821 4180 1033 4251 λέγεται
1055 4184 1427 4256 ύπερθετικῶς
1447 4190 1507 4242 τό
1527 4207 1541 4220 °
1581 4210 1598 4243 ι
1624 4169 1812 4246 Ἔθεν-

237 4262 300 4314 τό
331 4280 394 4332 με
424 4265 482 4319 ὲν
523 4267 711 4342 λάκκῳ
757 4274 1051 4346 κατωτάτῳ
1074 4292 1088 4306 ⁸
1121 4296 1140 4329 ι
1181 4278 1274 4331 καὶ
1303 4277 1365 4332 τό
1390 4296 1403 4309 ·
1445 4299 1461 4332 ι
1484 4280 1578 4346 Ei;
1611 4283 1678 4345 τά
1711 4303 1809 4339 κα-

237 4352 446 4408 τώτατα
473 4357 574 4427 τῆς
617 4360 721 4430 γῆς
755 4364 783 4415 6
827 4365 1090 4430 καταϐάς,
1125 4360 1281 4431 οὗτός
1311 4370 1460 4423 ἐστιν
1499 4372 1591 4426 καὶ
1613 4374 1642 4426 6
1672 4376 1802 4429 ἀνα-

1923 543 2046 586 esse
2075 545 2090 584 :
2123 527 2214 583 alii
2245 525 2409 582 etiam
2435 524 2580 590 licet,
2604 538 2670 578 ex
2708 523 2809 577 hoc
2826 521 3024 576 saeculo
3051 535 3174 576 cum
3198 521 3290 588 sit,
3320 520 3436 575 fleri
3468 538 3500 576 e

1923 619 2085 684 cmlo,
2120 618 2341 674 dicente
2368 613 2649 683 discipulls
2679 612 2972 668 Servatore
2996 613 3040 644 ⁶⁶
3069 629 3083 664 :
3121 627 3140 661 ι
3175 609 3254 664 Ex
3298 611 3498 664 mundo

1921 709 2114 776 eratis,
2145 716 2200 763 et
2249 720 2350 777 ego
2385 719 2480 760 vos
2506 717 2540 760 e
2579 701 2783 758 mundo
2815 699 2978 769 elegi,
3013 713 3114 754 nec
3143 697 3377 767 amplius
3427 712 3497 752 ex

1923 801 2128 856 mundo
2151 797 2285 855 estis
2312 811 2327 851 :
2366 814 2386 850 ι
2421 791 2855 866 quandoquidem
2884 789 3030 845 enim
3058 790 3211 845 venit
3237 786 3498 842 Servatur

1923 905 2170 964 querere
2214 899 2272 946 et
2318 901 2546 946 servare
2596 882 2740 956 quod
2791 883 3028 952 perierat
3076 881 3144 947 η,
3201 880 3351 935 venit
3406 894 3499 934 eos

1924 983 2293 1040 translaturus
2316 981 2382 1036 ad
2408 993 2663 1050 superna,
2692 975 2784 1046 qui
2810 973 3023 1030 inferne
3049 983 3228 1040 erant,
3253 981 3310 1028 et
3336 971 3500 1028 ascri-

1922 1079 1999 1149 ι)ιί
2038 1077 2187 1133 cives
2235 1077 2382 1131 inter
2406 1089 2500 1130 eos
2545 1071 2638 1143 qui
2687 1069 2902 1125 inferne
2931 1077 3110 1124 erant.
3137 1068 3351 1124 Etenim
3386 1067 3504 1138 ipse

1922 1178 2024 1233 est,
2073 1169 2166 1239 qui
2207 1166 2490 1223 descendit
2543 1165 2596 1218 in
2655 1161 2945 1217 inferiores
2998 1169 3184 1230 partes
3235 1169 3397 1214 terrae
3424 1159 3492 1225 ⁸⁸,

1925 1269 2148 1327 propter
2194 1271 2290 1313 eos
2335 1257 2428 1327 qui
2475 1264 2636 1313 erant
2685 1253 2738 1309 in
2789 1251 2992 1309 infimis
3037 1253 3286 1323 partibus
3318 1261 3499 1307 terrae.

1925 1347 2070 1416 Quin
2097 1350 2262 1406 etiam
2302 1351 2552 1406 ascendit
2594 1361 2756 1420 super
2788 1361 2980 1403 omnes
3033 1345 3200 1403 cmlos
3253 1345 3316 1410 ⁸⁸,
3357 1345 3500 1399 viam

1925 1456 2244 1512 praeparans
2291 1441 2622 1508 volentibus,
2671 1450 2835 1513 atque
2884 1441 3048 1495 etiam
3085 1439 3168 1494 his
3211 1438 3304 1510 qui
3335 1438 3504 1508 ipsius

1925 1531 2177 1602 discipuli
2208 1531 2421 1588 sincere
2451 1530 2674 1597 fuerint,
2709 1531 2774 1586 ad
2801 1546 2865 1586 ea
2897 1545 3017 1601 qua:
3037 1538 3165 1585 sunt
3191 1543 3355 1599 supra
3387 1543 3504 1583 om—

1924 1637 2024 1678 nes
2071 1622 2260 1686 caelos,
2294 1623 2398 1678 hoc
2429 1631 2513 1678 est
2541 1623 2608 1677 ad
2661 1638 2726 1677 ea
2759 1635 2878 1692 quae
2903 1629 3027 1676 sunt
3057 1629 3213 1676 extra
3243 1635 3499 1690 corpora.

1922 1711 2078 1778 Quod
2111 1712 2157 1766 si
2184 1713 2340 1780 cupis
2368 1729 2398 1767 a
2426 1712 2715 1782 Scriptura
2751 1713 2962 1768 discere
2987 1712 3110 1782 quis
3135 1713 3208 1768 sit
3230 1727 3295 1768 ex
3327 1713 3502 1767 infer-

1918 1804 2030 1870 nis,
2091 1803 2330 1874 itemque
2358 1804 2484 1873 quis
2510 1806 2581 1861 sit
2631 1818 2662 1861 e
2708 1804 2987 1876 supernis,
3023 1804 3150 1860 audi
3187 1823 3201 1858 :
3232 1805 3500 1872 Quoniam

1918 1896 2009 1951 ubi
2061 1896 2228 1952 fuerit
2280 1896 2714 1968 uniuscujusque
2767 1896 3080 1963 thesaurus,
3132 1897 3244 1954 illic
3291 1897 3399 1954 erit
3441 1907 3498 1953 et

1919 2003 2017 2044 cor
2047 1987 2123 2054 “;
2175 1989 2221 2044 si
2251 1990 2375 2061 quis
2402 1991 2691 2046 thesauros
2721 1989 3094 2046 rccondiderit
3124 1989 3176 2044 in
3211 1998 3382 2056 terra,
3430 2003 3499 2046 ex

1922 2081 2040 2149 ipso
2091 2081 2235 2150 quod
2288 2081 2542 2138 recondit
2569 2081 2859 2136 thesauros
2889 2081 2943 2136 in
2975 2089 3145 2146 terra,
3173 2095 3238 2137 ex
3272 2081 3502 2138 infernis

1918 2169 2190 2237 ellieitur;
2225 2171 2309 2226 sin
2337 2185 2470 2226 vero
2497 2170 2790 2226 thesauros
2839 2171 3211 2226 rccondiderit
3245 2172 3297 2226 in
3325 2172 3501 2237 cmlis,

1920 2261 2167 2316 nascitur
2207 2275 2239 2316 e
2273 2261 2528 2331 supernis
2555 2299 2571 2326 ,
2604 2267 2660 2315 et
2701 2259 2929 2313 assumit
2971 2259 3273 2332 imaginem
3307 2275 3500 2332 super—

1920 2353 2165 2410 cmlestis
2187 2353 2233 2385 ⁸⁸
2265 2371 2278 2408 :
2315 2364 2482 2423 atque
2512 2352 2677 2407 etiam
2727 2351 2868 2406 alius
2895 2350 3058 2424 305.
3091 2368 3214 2408 cum
3244 2365 3490 2425 penetra-

1920 2444 1994 2499 rit
2033 2459 2223 2500 omnes
2267 2444 2439 2499 cmlus
2469 2444 2538 2512 “,
2565 2445 2618 2498 in
2648 2443 2754 2500 line
2799 2443 3109 2500 invenietur
3161 2446 3500 2505 beatissimo.

1918 2534 2040 2590 Sint
2067 2545 2250 2590 autem
2284 2535 2568 2603 utriusque
2596 2549 2788 2606 opera,
2815 2537 3000 2606 qualia
3023 2538 3136 2593 dixi
3172 2557 3186 2594 :
3223 2540 3291 2595 ita
3329 2552 3387 2596 ut
3419 2544 3503 2597 di-

1917 2642 2110 2683 camus
2132 2642 2295 2698 opera
2335 2626 2521 2682 csrnis
2551 2626 2732 2682 facere
2761 2643 2887 2683 eum
2915 2631 3007 2699 qui
3033 2646 3096 2686 ex
3128 2631 3357 2688 infernis
3378 2644 3497 2701 est;

1918 2718 2152 2774 fructum
2183 2732 2314 2773 vero
2333 2717 2562 2788 spiritus
2579 2718 2761 2774 facere
2786 2723 3021 2791 eumqui
3053 2732 3182 2779 este
3207 2726 3498 2794 supernis;

1918 2819 2084 2879 atque
2121 2821 2317 2864 rursus
2372 2823 2620 2865 amorem
2666 2824 2794 2880 erga
2830 2809 2978 2867 hunc
3027 2815 3284 2870 mundum
3318 2815 3500 2870 facere

1915 2901 2192 2957 hominem
2246 2917 2314 2958 ex
2355 2902 2462 2958 hoc
2512 2901 2716 2958 mundo
2765 2906 3119 2962 exsistentem
3151 2923 3165 2964 :
3199 2907 3496 2977 quoniam,

1915 2995 2212 3051 secundum
2243 2993 2530 3059 Joannem,
2580 2997 2672 3065 qui
2720 3000 2889 3056 habet
2931 3014 3172 3054 amorem
3215 2998 3353 3066 Dei,
3407 2998 3499 3056 illo

1915 3102 2023 3142 non
2049 3095 2132 3142 est
2163 3103 2232 3143 ex
2264 3087 2368 3144 hoc
2395 3087 2628 3156 mundo;
2664 3090 2758 3160 qui
2789 3099 2970 3147 autem
2994 3107 3098 3147 non
3132 3090 3310 3163 diligit
3341 3108 3498 3147 mun-

1913 3182 2066 3247 dum,
2103 3196 2202 3237 nec
2232 3196 2297 3236 ea
2334 3181 2552 3250 quidem
2581 3197 2701 3252 qua:
2744 3183 2797 3238 in
2833 3186 3036 3241 mundo
3059 3195 3188 3240 sunt
3219 3185 3395 3257 diligit
3423 3185 3492 3251 ",

1912 3271 2008 3327 sed
2035 3270 2207 3328 dicit:
2248 3287 2267 3322 ι
2307 3270 2435 3326 Mihi
2464 3272 2610 3326 absit
2642 3272 2886 3342 gloriari,
2920 3275 3022 3333 nisi
3071 3277 3124 3329 in
3175 3291 3339 3331 cruce
3393 3276 3496 3331 Do-

1912 3361 2044 3417 mini
2103 3360 2209 3417 tnei
2257 3359 2386 3416 Jesu
2435 3358 2662 3425 Christi,
2710 3376 2808 3432 per
2859 3378 3021 3432 quem
3065 3364 3199 3419 mihi
3257 3363 3493 3418 mundus

1912 3455 2215 3511 crucifixus
2237 3463 2356 3518 est,
2383 3461 2439 3507 et
2472 3465 2574 3520 ego
2613 3454 2820 3508 mundo
2851 3454 2920 3521 ⁸⁸,
2960 3473 2980 3507 ι
3016 3464 3070 3510 et
3093 3456 3240 3524 capit
3265 3454 3494 3524 diligere

1915 3548 2202 3604 Dominum
2232 3550 2398 3604 Deum
2425 3562 2584 3603 suum
2613 3560 2681 3602 ex
2713 3554 2827 3602 toto
2849 3547 3014 3602 corde
3039 3562 3160 3612 suo,
3199 3555 3254 3602 ct
3280 3561 3346 3601 ex
3382 3553 3490 3600 tota

1914 3639 2098 3694 anima
2129 3654 2250 3708 sua,
2292 3646 2348 3694 et
2381 3653 2450 3692 ex
2499 3647 2612 3693 tota
2645 3645 2826 3693 mente
2871 3652 2969 3692 sua
3001 3638 3070 3704 ",
3101 3652 3166 3693 eo
3196 3635 3338 3706 quod
3386 3652 3494 3691 nou

1914 3738 2206 3801 prematur.
2235 3728 2362 3786 talis
2394 3742 2552 3784 amor
2599 3727 2669 3784 ab
2698 3741 2889 3782 amore
2938 3727 3149 3792 mundi,
3200 3736 3257 3782 et
3303 3741 3492 3783 eorum

1906 3812 2038 3890 qua:
2081 3828 2212 3874 sunt
2241 3819 2298 3874 in
2349 3817 2575 3874 mundo.
2628 3815 2776 3873 Fieri
2822 3817 2968 3872 enim
3013 3817 3200 3887 nequit
3227 3826 3288 3872 ut
3331 3816 3496 3872 simul

1912 3910 2145 3967 exsistat
2175 3925 2337 3967 amor,
2359 3925 2489 3981 erga
2511 3909 2771 3966 mundum
2798 3923 2921 3966 cum
2945 3924 3130 3966 amore
3151 3924 3280 3982 erga
3300 3909 3492 3976 Deum,

1912 4001 2371 4074 quemadmodum
2409 4004 2528 4061 fleri
2576 4004 2772 4076 nequit
2809 4012 2871 4058 ut
2907 4002 3067 4060 simul
3101 4004 3370 4060 exsistant
3401 4001 3495 4057 lux

1913 4105 1970 4151 et
2003 4094 2543 4160 tenebrae,.Christus
2567 4105 2620 4153 et
2648 4094 2831 4152 Beliar
2855 4110 2871 4154 :
2896 4095 3026 4154 item
3056 4096 3176 4155 fleri
3215 4096 3408 4169 nequit
3437 4104 3494 4150 ut

1915 4185 2060 4242 idem
2105 4189 2364 4258 templum
2393 4191 2464 4246 sit
2497 4189 2754 4260 templum
2786 4188 2907 4258 Dei,
2939 4201 2998 4244 et
3029 4189 3286 4262 templum
3312 4190 3487 4246 idolo-

1915 4293 2036 4334 rum
2072 4279 2138 4338 "°.'
2174 4279 2293 4336 Jam
2318 4283 2474 4352 quasi
2503 4282 2925 4342 dilferantinter
2940 4296 2999 4338 se
3035 4281 3149 4338 loca
3177 4296 3299 4351 qua:
3326 4281 3492 4337 infer-

1916 4384 1984 4425 ne
2015 4379 2190 4438 sunt,
2229 4373 2556 4443 superlative
2589 4377 2788 4433 dicitur
2818 4392 2835 4433 :
2871 4392 2892 4428 ι
2949 4373 3258 4429 Posuerunt
3307 4387 3394 4426 me
3435 4372 3490 4426 in

239 4443 356 4508 σάς.
392 4464 412 4498 ι
468 4449 668 4523 Διόπερ
695 4452 926 4508 ἐνώπιον
953 4456 1047 4510 τοῦ
1075 4457 1310 4531 Χριστοῦ
1362 4478 1380 4512 ι
1412 4465 1813 4533 προπεσοῦνταιέ

1917 4460 2035 4517 lacu
2066 4461 2254 4518 infimo
2280 4464 2349 4530 ⁷⁸,
2409 4483 2428 4517 ι
2462 4476 2518 4521 et
2551 4466 2680 4522 illud
2709 4486 2722 4522 :
2755 4487 2774 4518 ι
2827 4465 2932 4533 Qui
2961 4461 3241 4520 descendit
3269 4461 3337 4516 ad
3369 4461 3493 4515 intl-

243 4535 340 4608 μὲν
368 4539 564 4628 πάντες
595 4544 643 4596 οἱ
674 4547 1086 4612 καταϐαίνοντες
1111 4567 1129 4602 ι
1173 4551 1252 4613 είς
1290 4551 1356 4606 τά
1395 4554 1678 4628 κατώτερα
1712 4558 1808 4628 μέ-

242 4643 308 4697 ρη
337 4627 434 4698 τῆς
462 4631 586 4701 γῆς,
621 4634 701 4697 είς
735 4634 861 4706 ᾅδου
887 4653 900 4666 ·
951 4638 1073 4690 ἐπεὶ
1100 4637 1296 4709 ἀληθὲς
1327 4642 1390 4694 τό
1408 4659 1421 4672 ·
1475 4663 1493 4694 ι
1519 4627 1632 4699 Οὐκ
1659 4627 1806 4702 ἔστιν

243 4719 396 4810 ἐν’τῷ
423 4722 636 4795 θανάτῳ
666 4728 696 4779 6
730 4729 1083 4798 μνημονεύων
1117 4748 1208 4784 σου
1237 4745 1252 4760 ⁵
1297 4734 1355 4785 ὲν
1401 4735 1459 4788 δὲ
1487 4735 1563 4806 τῷ
1593 4737 1695 4810 ᾄδῃ
1722 4739 1805 4803 τίς

241 4809 678 4886 ἐξομολογήσεται
725 4834 835 4885 σοις
863 4838 882 4870 ι
953 4819 1078 4874 Ἐάν
1126 4821 1182 4874 δέ
1229 4839 1314 4885 τις
1359 4809 1707 4900 ἀνθυποφέρῄ
1742 4830 1804 4883 τὸ

243 4901 577 4959 καταϐαίνειν
623 4907 782 4962 αὐτὸν
807 4910 887 4972 είς
915 4908 982 4962 τά
1012 4910 1296 4983 κατώτερα
1333 4913 1433 4984 τῆς
1459 4916 1583 4987 γῆς,
1614 4919 1803 4990 ὲπιτη-

245 4991 440 5062 ρήσεις,
475 4996 558 5050 ὅτι
607 4999 702 5053 ἐπὶ
738 5000 848 5055 τῶν
878 5003 1313 5057 καταϐαινόντων
1343 5007 1421 5070 είς
1457 5008 1563 5078 γῆν
1593 5010 1804 5081 εἴρηται

244 5082 321 5137 τό·
349 5091 821 5155 προπεσοῦνταν
853 5095 1262 5151 ὑποπιπτόντων
1300 5098 1410 5171 γὰρ
1445 5099 1523 5171 τῷ
1564 5104 1801 5175 Χριστῷ,

309 5247 352 5280 ⁸⁸
385 5247 544 5304 Joan.
581 5267 670 5314 xv,
701 5253 786 5309 l9.

890 5253 932 5287 ⁶¹
965 5255 1095 5311 Luc.
1124 5273 1237 5322 xix,
1273 5258 1359 5312 10.

247 5315 286 5350 “
312 5315 474 5373 Hebr.
505 5335 578 5384 tv,
615 5322 703 5376 Η.

799 5323 842 5399 f7
880 5323 1092 5399 l_lo_:m.
1137 5343 1196 5393 ιι,
1238 5329 1306 5383 15
1346 5343 1463 5399 seq.

304 5523 503 5610 (85)"?
524 5525 751 5610 ξωτήρ.
795 5526 957 5584 Deest
990 5542 1044 5584 tn
1075 5528 1263 5585 codice
1304 5531 1498 5601 Regio,
1531 5535 1626 5591 sed
1677 5536 1804 5610 Ιρςῖ.

249 5593 325 5648 tur
350 5596 403 5650 in
431 5593 749 5650 Bodleiano.

308 5662 535 5744 (86)Sic
587 5666 751 5744 habet
803 5668 971 5744 code;
1000 5666 1346 5744 Bodleianus.
1399 5672 1591 5744 melius
1635 5691 1799 5744 quam

250 5729 456 5806 Regius,
488 5735 542 5790 in
569 5751 674 5808 quo
713 5735 913 5809 legitur
953 5738 1182 5794 ἑκάστου
1218 5729 1353 5812 ἔργα
1373 5729 1482 5796 οἷον
1510 5729 1657 5800 sine.

1914 4569 2032 4610 mas
2059 4557 2244 4626 partes
2276 4567 2460 4623 terra},
2495 4558 2584 4613 hic
2633 4569 2718 4614 est
2747 4558 2911 4614 etiam
2939 4556 3030 4626 qui
3074 4552 3317 4610 ascendit
3346 4553 3392 4585 τ’
3418 4569 3434 4618 ;
3465 4570 3485 4600 ο

1915 4647 2175 4718 quocirca
2208 4661 2396 4703 coram
2430 4647 2652 4704 Christo
2684 4667 2703 4701 ι
2739 4647 3023 4718 procident
3050 4659 3239 4700 omnes
3267 4643 3492 4699 descen-

1913 4739 2104 4794 dentes
2128 4738 2176 4771 ⁷³
2211 4757 2230 4790 ι
2271 4739 2338 4793 ad
2385 4739 2675 4795 inferiores
2705 4749 2890 4810 partes
2946 4748 3103 4792 terra:
3131 4778 3144 4802 ,
3176 4751 3369 4806 nempe
3435 4735 3487 4789 in

1915 4828 2208 4897 infernum,
2255 4829 2518 4899 quoniam
2565 4845 2752 4886 verum
2785 4839 2869 4885 est
2913 4829 3082 4886 illud:
3115 4847 3135 4880 ι
3178 4828 3294 4885 Non
3321 4828 3485 4883 estin

1915 4929 2090 4976 morte
2118 4922 2211 4992 qui
2244 4937 2455 4979 memor
2483 4923 2557 4979 sit
2605 4925 2720 4992 tui;
2773 4924 2827 4979 in
2881 4922 3093 4979 inferno
3136 4933 3316 4979 autem
3364 4923 3487 4991 quis

1911 5014 2269 5070 confitebitur
2298 5015 2397 5071 tibi
2426 5015 2514 5070 7‘?
2551 5033 2570 5068 ι
2602 5016 2756 5084 Quod
2803 5017 2847 5073 si
2881 5026 3068 5073 contra
3111 5017 3234 5088 quis
3265 5015 3490 5086 objiciet

1914 5107 2091 5176 ipsum
2135 5107 2302 5164 etiam
2339 5108 2675 5172 descendere
2706 5111 2773 5164 ad
2821 5108 3110 5166 inferiores
3145 5115 3330 5182 partes
3373 5115 3486 5162 ter-

1417 5319 1422 5323 _
1469 5260 1514 5292 ⁶²
1545 5261 1742 5362 Ephesi.
1779 5281 1813 5319 ll

1917 5273 1942 5322 ν.
1975 5339 1994 5362 ι
2018 5268 2066 5362 ξ’
2112 5268 2380 5362 iliﬁigihll-l:I
2445 5269 2490 5302 “
2519 5269 2707 5362 Matth;
2731 5286 2807 5338 γι,
2830 5271 2968 5362 ἓξ...
2996 5271 3048 5362 ⁸2
3071 5269 3086 5323 I
3111 5269 3238 5324 Cor.
3273 5283 3361 5362 χ.νῖ

247 5333 286 5350 ’ν
312 5333 474 5373 uenr.
505 5335 578 5384 tv,
615 5333 703 5376 14.
799 5333 840 5355 "
880 5333 899 5378 ι
939 5333 1092 5381 Jo:m.
1137 5343 1196 5393 ιι,
1238 5333 1306 5383 15
1346 5343 1463 5399 seq.
1549 5333 1594 5362 ⁸⁸
1636 5333 1812 5388 ϐειΙηι.

247 5384 284 5420 ⁷⁸
315 5386 457 5444 l’sal.
496 5405 736 5459 ιιιιινιι,
779 5393 830 5446 7.
921 5395 1185 5467 ⁷²Εριιοεο
1225 5413 1298 5463 ιν,
1323 5399 1376 5466 9,
1408 5401 1493 5455 10.
1587 5403 1631 5434 ⁷³
1666 5403 1811 5460 Psal.

1917 5375 1931 5400 ,
1975 5338 2062 5392 Η.
2155 5339 2200 5370 ⁶⁹
2234 5339 2424 5394 Matth.
2466 5355 2592 5405 uti,

1917 5424 1961 5474 ,1,
1997 5407 2087 5465 50.
2166 5409 2213 5441 ⁷⁸
2252 5409 2400 5466 Psal.
2431 5405 2508 5476 vi,
2541 5410 2592 5463 6.

2155 5339 2200 5370 ⁶⁹
2234 5339 2424 5394 Matth.
2466 5355 2602 5409 ιιιιιι,
2642 5341 2730 5396 37.
2795 5337 2799 5338 ί
2842 5339 2888 5372 ⁷ο
2926 5339 2970 5396 ll
3007 5337 3136 5396 Cor.
3159 5355 3232 5409 vt,
3295 5337 3483 5397 ιιι-ιθ.

2121 5541 2299 5620 (iudex
2322 5542 2664 5620 Bodleianus,
2703 5544 3044 5620 16v_'~llegius
3063 5586 3077 5612 ,
3104 5546 3226 5620 τήν,
3249 5544 3408 5603 male.

1981 5610 2095 5681 (88)
2124 5610 2307 5666 Codex
2344 5611 2686 5679 Bodleianus,
2719 5615 2813 5667 καὶ
2837 5610 2966 5670 τῶν.

2119 5681 2301 5742 Codex
2337 5682 2684 5752 Budleianus,
2715 5685 3089 5757 τυγχάνοντος·
3125 5685 3325 5759 Regius
3350 5703 3481 5756 τυγι
