3948 6206
167 309 292 366 569

1253 309 1608 368 COMMENT.
1649 308 1714 364 IN
1753 307 1945 366 JOAN.
1977 305 2216 362 TOMUS
2251 305 2391 362 XIX.

3351 305 3456 364 570

164 431 348 486 στέον
383 429 500 496 τοῦ,
551 450 568 483 ι
594 430 708 504 Πρὸ
753 430 1316 502 καταϐολῆςκόσμουο
1348 450 1367 482 ι
1417 427 1671 500 ἐπίτηδες
1695 426 1782 479 διὰ

1893 425 2061 496 possit
2093 424 2275 478 anima
2301 437 2424 480 esse
2469 422 2596 480 Jesu
2627 437 2749 495 quae
2785 423 2914 480 dicit
2941 440 2956 479 :
2991 442 3012 478 ι
3060 425 3172 497 Ego
3202 439 3308 480 non
3334 439 3454 478 sunt

163 522 452 594 τοιαύτην
491 521 569 594 (2)
597 522 834 576 ἐπίνοιαν
882 521 1202 576 πλασάντων
1242 521 1412 592 ὄνομα
1457 521 1567 574 τῶν
1609 520 1780 588 ἁγίων

57 681 82 697 ς
166 609 270 674 τὸ,
311 611 425 678 τῆς
447 607 798 674 καταϐολῆς.
832 611 1092 679 Καίτοιγε
1147 610 1400 664 ἐδύναντο
1444 610 1626 679 λέγειν
1674 609 1780 680 πρὸ

85 695 121 720 ’“
172 704 431 767 κτίσεως
455 703 682 774 κόσμου,
717 703 810 756 καὶ
853 701 928 774 μὴ
959 702 1265 773 χρήσασθαι
1307 701 1386 772 τῷ
1411 701 1512 772 τῆς
1543 703 1784 756 καταϐο-

169 793 312 864 λῆς
361 795 606 865 ὀνόματι.
651 793 809 857 ὀλος
859 789 953 848 οὖν
985 794 1014 845 6
1042 793 1264 865 κόσμος,
1306 794 1401 848 καὶ
1431 792 1500 846 τὰ
1541 793 1600 845 ἐν
1631 792 1782 864 αὐτῷ

178 885 246 937 ἑν
281 884 562 955 καταὸολῇ
597 885 744 937 ἐστιν
767 900 783 914 ο
835 882 940 948 ἔξω
971 883 1028 936 δὲ
1061 883 1367 954 καταϐολῆς
1395 881 1600 953 κόσμου
1647 899 1782 936 παν-

177 976 284 1040 τὸς
309 977 552 1046 γίνονται
596 977 643 1028 οί
673 975 769 1029 τοῦ
807 975 982 1048 Ἰησοῦ
1016 976 1226 1047 γνήσιοι
1255 974 1514 1046 μαθηταὶ,
1542 971 1636 1037 οὒς
1662 973 1780 1038 eae.

179 1067 393 1135 λέξατο
435 1069 499 1121 ὲκ
548 1065 643 1120 τοῦ
671 1067 899 1137 κόσμου,
949 1067 1036 1120 ἵνα
1065 1066 1261 1138 μηκέτι
1299 1059 1433 1119 ὦσιν
1461 1066 1530 1118 ὲκ
1559 1063 1655 1117 τοῦ
1689 1063 1780 1117 κό-

185 1175 365 1230 σμου,
396 1159 642 1230 αἴροντες
663 1158 757 1213 τὸν
786 1157 1015 1229 σταυρὸν
1048 1158 1275 1223 ἑαυτῶν,
1306 1157 1401 1212 καὶ
1427 1154 1782 1211 ἀκολουθοῦν-

1883 533 1947 573 ex
1980 518 2083 571 hoc
2114 517 2318 573 mundo
2345 516 2412 582 ⁸ο,
2451 535 2470 570 ι
2499 531 2834 571 conversaris
2879 516 2933 570 in
2969 515 3063 572 illo
3089 526 3202 572 toto
3230 513 3453 582 mundo,

1884 622 2210 676 omnemque
2255 622 2378 662 enm
2422 607 2785 678 perlustrans,
2821 623 3093 677 manuque
3138 607 3340 662 ducens
3385 605 3454 660 ad

1881 717 2004 755 eum
2033 715 2128 756 eos
2155 701 2244 770 qui
2295 700 2617 754 didicissent
2663 698 2793 753 nihil
2825 698 3038 754 inferne
3071 699 3268 754 habere
3297 715 3456 752 mun-

1884 795 2009 848 dum
2065 792 2212 846 illum
2265 790 2707 861 intelligibilem;
2767 790 3230 860 quemadmodum
3287 803 3461 857 neque

1884 881 2005 945 istc,
2038 882 2082 937 si
2118 881 2242 951 quis
2272 889 2526 936 accurate
2551 880 2866 951 perpendat,
2897 881 3195 950 quidquam
3227 892 3462 942 superne

1882 974 2068 1030 habet.
2100 976 2358 1045 Alioquin
2405 974 2678 1046 quomodo
2710 973 2944 1029 mundus
2975 974 3080 1028 iste
3113 973 3312 1028 habere
3360 973 3461 1034 alia

1883 1067 2012 1135 quid
2032 1081 2269 1136 superne
2317 1075 2534 1136 potest,
2580 1066 2737 1138 cujus
2788 1065 3032 1120 conditio
3065 1075 3148 1119 est
3182 1061 3465 1134 dejectio?

1883 1157 2069 1227 Neque
2103 1158 2248 1212 enim
2301 1160 2602 1215 oscitanter
2632 1157 2918 1228 legendum
2973 1166 3056 1210 est
3088 1156 3244 1219 illud,
3282 1172 3300 1206 ι
3337 1165 3466 1210 ante

177 1266 286 1313 τες
317 1248 487 1319 αὐτῷ.
1309 1277 1311 1280 ‹

1893 1241 2248 1320 dejectionem
2281 1253 2464 1308 mundi
2497 1253 2572 1319 ει,
2609 1271 2628 1304 ι
2679 1267 2804 1306 cum
2839 1251 3012 1305 sancti
3053 1249 3465 1320 convenienter.

182 1351 248 1396 et
308 1340 550 1396 studiose
601 1357 794 1396 nomen
826 1341 927 1398 hoc
952 1341 1050 1412 τῆς
1082 1339 1388 1410 καταϐολῆς
1428 1339 1570 1413 [hoc
1601 1347 1683 1396 est
1715 1341 1782 1410 de

1893 1341 2052 1414 iouis]
2092 1355 2313 1411 propter
2357 1344 2516 1408 talem
2551 1342 2959 1413 intelligentiam
2993 1340 3268 1396 “iuverint.
3312 1340 3465 1393 Alio-

182 1438 329 1504 quin
356 1438 534 1491 dicere
558 1445 806 1505 poterant
835 1434 941 1506 πρὸ
972 1436 1204 1497 κτίσεως
1244 1432 1371 1505 [hoc
1408 1444 1494 1489 est
1529 1441 1650 1488 ante
1691 1434 2070 1507 conditionem]
2123 1435 2343 1500 tnundi,
2390 1452 2488 1492 nec
2522 1439 2599 1491 uti
2641 1436 2945 1506 dejectionis
2979 1435 3262 1490 voeabnlo.
3293 1433 3466 1508 Totus

183 1530 384 1598 itaque
427 1528 672 1588 mundus.
706 1538 761 1582 et
783 1543 904 1597 quae
935 1528 988 1580 in
1031 1529 1145 1596 ipso
1182 1537 1332 1594 sunt,
1365 1528 1416 1582 in
1455 1527 1754 1598 dejectione
1796 1537 1962 1591 sunt;
2007 1539 2064 1582 at
2105 1542 2234 1583 vero
2285 1538 2438 1582 extra
2479 1529 2836 1598 dejectionem
2879 1528 3044 1583 totius
3086 1526 3268 1580 mundi
3303 1525 3469 1596 306

180 1625 467 1679 exsistunt
501 1625 742 1692 germani
773 1623 902 1680 Jcsu
938 1621 1210 1692 discipuli,
1243 1637 1377 1692 quos
1410 1637 1441 1678 e
1465 1622 1666 1678 nmndo
1687 1621 1944 1694 elegerat,
1971 1631 2153 1679 utnon
2181 1623 2408 1695 amplius
2438 1633 2622 1678 essent
2646 1639 2677 1678 e
2711 1623 2931 1690 mundo,
2965 1620 3213 1676 tollentes
3246 1634 3466 1674 crucem

179 1732 374 1782 suam,
406 1726 461 1770 ct
486 1726 775 1786 sequentes
809 1730 932 1770 eum
955 1717 1022 1767 ⁸³.
2656 1751 2660 1756 .
3273 1767 3276 1772 _
3453 1755 3464 1773 ε

263 1809 326 1864 6.
364 1825 384 1858 ι
407 1803 573 1862 Εἶπον
598 1803 692 1860 οὖν
717 1807 868 1878 ύμῖν,
895 1807 976 1860 ὅτι
997 1805 1349 1860 ἀποθανεῖσθε
1375 1807 1432 1859 ὲν
1453 1807 1574 1870 ταῖς
1599 1807 1780 1877 ἁμαρ-

1958 1807 2009 1862 6.
2047 1825 2065 1859 ι
2114 1807 2233 1862 Dixi
2265 1823 2396 1879 ergo
2438 1809 2592 1864 vobis
2623 1807 2768 1878 quod
2800 1805 3106 1861 moriemini
3143 1805 3194 1859 in
3226 1803 3464 1873 peccatis

177 1899 344 1964 τίαις
373 1899 528 1970 ὑμῶν
551 1915 566 1929 ο
620 1898 717 1952 ὲάν
760 1897 870 1970 γὰρ
899 1897 973 1969 μὴ
1019 1898 1361 1969 πιστεύσητε,
1391 1899 1471 1951 ὅτι
1506 1897 1615 1967 ὲγώ
1639 1899 1778 1969 είμι,

1893 1897 2128 1963 vestris;
2163 1898 2268 1954 nisi
2314 1899 2459 1954 enim
2501 1898 2851 1955 credideritis
2879 1896 3020 1966 quod
3047 1911 3146 1966 ego
3173 1911 3315 1958 sum,
3343 1909 3463 1948 mo-

183 1987 560 2044 ἀποθανεῖσθε
625 1991 684 2042 ὲν
732 1992 852 2053 ταῖς
886 1988 1178 2060 ἁμαρτίαις
1206 1987 1378 2057 ὑμῶν.
1405 2007 1423 2040 ι
1458 1989 1593 2042 Πότε
1627 1985 1781 2044 εἶπεν

1893 1990 2104 2046 rientini
2139 1991 2192 2046 in
2221 1991 2460 2060 peccatis
2492 1991 2690 2046 vestris
2721 1991 2788 2044 ⁸³.
2829 2007 2847 2041 ι
2880 1987 3110 2056 Quando
3148 1989 3287 2042 dixit
3315 1987 3460 2042 illis:

181 2082 386 2144 αὐτοῖς
410 2096 425 2110 ·
477 2098 497 2132 ι
519 2079 898 2133 Ἀποθανεῖσθε
955 2081 1014 2132 ὲν
1057 2082 1177 2143 ταῖς
1207 2080 1503 2152 ἁμαρτίαις
1554 2080 1728 2152 ὑμῶν,
1754 2102 1774 2135 t

179 2172 226 2240 ἢ
268 2173 364 2224 ὅτε
394 2172 597 2241 ἔφασκε
616 2188 630 2202 ο
668 2190 687 2222 ι
711 2171 1016 2241 Ζηήσεσθέ
1039 2172 1116 2240 (5)
1147 2189 1236 2242 με,
1259 2172 1355 2225 καὶ
1381 2173 1439 2226 ὲν
1459 2175 1578 2236 ταῖς
1600 2173 1782 2245 ἀμαρ-

183 2264 347 2328 τίαις
380 2264 530 2335 ὑμῶν
577 2262 931 2318 ἀποθανεῖσθε
958 2280 973 2329 ;
1004 2283 1024 2316 ι
1072 2265 1136 2318 Τί
1180 2265 1238 2320 δὲ
1283 2266 1344 2319 τὸ
1388 2268 1556 2319 αῖτιον
1594 2265 1688 2319 τοῦ
1723 2268 1781 2319 ὲν

179 2357 322 2418 ταῖς
349 2353 646 2424 ἁμαρτίαις
677 2352 855 2412 αὐτῶν
882 2354 1250 2428 ἀποθνήσκειν
1278 2356 1620 2428 ἀνθρώπους,
1655 2357 1688 2429 ἢ
1721 2357 1782 2411 τὸ

190 2446 276 2517 μὴ
326 2445 624 2510 πιστεύειν,
674 2447 758 2500 ὃτι
796 2447 1003 2514 Ἰησοῦς
1054 2449 1200 2503 ἐστιν
1247 2451 1276 2502 ό
1309 2451 1573 2521 Χριστός;
1619 2451 1784 2515 αὐτὸς

187 2536 310 2607 γάρ
361 2553 563 2607 φησιν’
622 2556 640 2589 ι
671 2538 799 2591 Ἐὰν
830 2537 905 2610 μὴ
957 2540 1299 2612 πιστεύσητε,
1357 2543 1440 2596 ὅτι
1488 2541 1600 2612 ἐγώ
1643 2544 1779 2614 είμι,

191 2626 561 2680 ἀποθανεῖσθε
594 2628 654 2680 ὲν
689 2630 810 2692 ταῖς
844 2630 1139 2700 ἁμαρτίαις
1168 2631 1342 2702 ὑμῶν.
1367 2651 1385 2683 ι
1445 2633 1507 2686 Et
1557 2632 1615 2685 δὲ
1643 2635 1672 2685 6
1705 2633 1781 2704 μὴ

194 2715 500 2780 πιστεύων,
531 2717 613 2770 ὅτι
655 2716 864 2786 Ἰησοῦς
909 2721 936 2771 6
966 2720 1198 2790 Χριστός
1232 2723 1399 2785 ἐστιν,
1435 2721 1782 2777 ἀποθανεῖται

198 2807 260 2860 ιν
304 2809 427 2872 ταῖς
452 2809 754 2878 ἁμαρτίαις
801 2811 1016 2875 ἑαυτοῦ,
1049 2811 1225 2881 δῆλον,
1254 2813 1335 2865 ὅτι
1382 2813 1411 2865 6
1445 2813 1519 2885 μὴ
1547 2813 1785 2886 ἀποθνή-

197 2915 356 2952 σκων
386 2900 445 2951 ὲν
483 2901 607 2962 ταῖς
635 2899 926 2970 ἁμαρτίαις
956 2900 1122 2954 αὑτοῦ
1175 2902 1503 2957 πεπίστευκε
1543 2903 1620 2975 τῷ
1647 2906 1782 2976 Χρι-

395 2993 424 3044 6
465 2989 520 3042 δὲ
551 2989 910 3062 ἀποθνήσκων
955 2994 1012 3044 ἐν
1061 2996 1183 3058 ταῖς
1237 2995 1530 3067 ἁμαρτίαις
1568 2997 1782 3064 ἑαυτοῦ,

199 3079 310 3135 κᾶν
344 3079 476 3154 λέγῃ
522 3080 796 3135 πιστεύειν
824 3081 901 3152 τῷ
931 3081 1170 3153 Χριστῷ,
1221 3082 1297 3147 ὡς
1342 3085 1478 3156 πρὸς
1508 3085 1567 3140 τὸ
1589 3085 1786 3156 ἀληθὲς

197 3172 268 3225 οὔ
301 3173 662 3226 πεπίστευκεν
695 3172 874 3242 αὐτῷ·
924 3173 1018 3226 ἐὰν
1052 3173 1158 3246 γὰρ
1188 3174 1262 3246 (4)
1289 3174 1515 3247 λέγηται
1568 3179 1665 3248 μὲν
1693 3179 1784 3232 πί-

203 3280 350 3330 στις,
382 3263 550 3334 χωρὶς
578 3263 634 3316 δὲ
666 3264 843 3336 ἔργων
870 3265 1130 3338 τυγχάνῃ,
1165 3267 1332 3338 νεκρά
1362 3269 1506 3322 ἐστιν
1537 3271 1571 3339 ἠ
1603 3269 1786 3324 τοιαύ-

1893 2101 1913 2134 σ
1944 2083 2254 2138 Moriemini
2315 2083 2368 2136 in
2413 2083 2654 2152 peccatis
2685 2082 2905 2145 vestris,
2947 2099 2964 2132 ι
2997 2080 3101 2134 nisi
3135 2079 3354 2148 quando
3382 2077 3465 2132 di-

1890 2173 1994 2238 xit,
2023 2192 2043 2225 ι
2083 2172 2354 2240 ριιωτειίε
2392 2188 2501 2238 me,
2527 2173 2659 2227 etin
2694 2172 2933 2242 peccatis
2957 2171 3155 2226 vestris
3184 2168 3464 2224 moriemi-

1890 2264 1943 2319 ni
2000 2263 2092 2316 “1'
2133 2281 2152 2315 ι
2190 2263 2331 2329 Quid
2368 2277 2500 2318 vero
2542 2272 2628 2317 est
2683 2263 2736 2316 in
2768 2275 2932 2317 causa
2971 2271 3023 2313 ut
3061 2259 3310 2314 homines
3343 2271 3468 2314 mo-.

1890 2357 2102 2411 riantur
2121 2356 2175 2410 in
2205 2355 2442 2426 peccatis
2463 2355 2598 2418 suis,
2622 2353 2728 2408 nisi
2757 2369 2861 2407 non
2890 2353 3114 2407 credere
3136 2348 3319 2404 Jesnm
3342 2363 3466 2403 esse

1890 2448 2220 2504 Christum?
2277 2447 2396 2518 ipse
2445 2449 2592 2502 enim
2645 2446 2814 2514 inquit
2850 2463 2864 2499 :
2897 2463 2916 2496 ι
2961 2442 3074 2498 Nisi
3127 2441 3468 2497 credideritis

1889 2541 2033 2612 quod
2059 2556 2159 2610 ego
2187 2539 2300 2607 ipse
2334 2555 2476 2601 sum,
2509 2537 2812 2592 moriemini
2843 2535 2896 2591 in
2927 2535 3162 2605 peccatis
3187 2533 3403 2588 vestris.
3441 2550 3462 2584 ι

1890 2632 2044 2701 Quod
2071 2632 2118 2687 si
2144 2632 2268 2702 quis
2293 2645 2401 2685 non
2453 2630 2628 2685 credit
2658 2628 2843 2684 Jesmn
2872 2643 2994 2682 esse
3027 2627 3325 2688 Christum,
3349 2639 3467 2678 mo-

1891 2726 2030 2781 ritur
2081 2725 2134 2779 in
2185 2723 2424 2793 peccatis
2467 2722 2614 2786 suis;
2669 2721 2874 2776 scilicet
2923 2719 3015 2789 qui
3068 2733 3174 2773 non
3235 2717 3467 2772 moritur

1892 2819 1946 2873 in
1995 2817 2231 2887 peccatis
2285 2815 2440 2880 suis,
2489 2815 2535 2870 is
2565 2814 2783 2869 Christo
2829 2813 3024 2868 credit.
3080 2811 3151 2864 At
3203 2824 3332 2863 vero
3371 2807 3466 2878 qui

1895 2910 2124 2965 moritur
2153 2908 2206 2964 in
2242 2906 2484 2973 peccatis
2512 2907 2646 2969 suis.
2683 2904 2896 2960 etiamsi
2947 2904 3091 2958 dicat
3136 2917 3194 2957 sc
3246 2899 3467 2954 Christo

1893 3001 2140 3063 credere,
2168 3007 2430 3068 quantum
2480 2997 2546 3052 ad
2579 2997 2860 3052 veritatem
2911 2995 3010 3064 ipsi
3046 3010 3152 3048 non
3195 2991 3466 3056 credidit;

1893 3107 2018 3146 nam
2062 3089 2282 3146 etiamsi
2331 3089 2544 3144 dicatur
2575 3087 2730 3153 fides,
2787 3086 2880 3143 sed
2922 3088 2994 3142 sit
3033 3087 3151 3140 sine
3182 3083 3464 3154 operibus,

1894 3181 2203 3250 huiusmodi
2237 3180 2372 3236 fides
2405 3189 2618 3236 mortua
2644 3188 2747 3246 est,
2787 3188 2846 3232 ut
2877 3177 3104 3248 legimus
3142 3177 3194 3230 in
3227 3174 3465 3242 Epistola

1893 3289 2013 3344 qua:
2058 3270 2245 3329 Jacobi
2284 3273 2502 3328 nomine
2548 3271 2934 3328 circumfertur
2983 3270 3052 3324 ⁸⁸.
3107 3268 3242 3334 Ouis
3301 3268 3470 3339 igitur

200 3371 298 3427 τη,
341 3355 416 3419 ὡς
468 3357 526 3407 ὲν
554 3358 622 3427 τῇ
655 3355 928 3428 φερομένῃ
967 3357 1222 3412 Ἰακώϐου
1239 3360 1514 3432 Ἐπιστολῇ
1550 3361 1782 3431 ἀνέγνω-

1893 3376 2052 3436 putas
2081 3373 2166 3421 est
2197 3365 2450 3428 credens.
2487 3365 2593 3421 nisi
2638 3365 2727 3419 ille
2753 3364 2846 3435 qui
2881 3378 2947 3419 eo
2992 3362 3240 3433 pervenit
3274 3369 3468 3415 utnon

209 3465 335 3521 μεν.
369 3449 465 3512 Τίς
489 3443 583 3502 οὖν
615 3449 720 3519 ἄρα
754 3449 898 3502 ἐστὶν
927 3451 956 3502 6
991 3449 1261 3506 πιστεύων
1292 3452 1324 3523 ἦ
1357 3454 1385 3522 ό
1416 3453 1695 3518 πεπονθὼς
1724 3456 1782 3509 ἐκ

1893 3457 2073 3520 cadat,
2119 3467 2380 3526 quantum
2413 3456 2478 3510 ad
2512 3457 2627 3510 haec
2665 3457 2829 3510 verba
2859 3455 3117 3525 pertinet,
3162 3455 3215 3508 in
3244 3467 3306 3507 ea
3339 3467 3467 3521 pec-

204 3541 306 3593 τοῦ
339 3539 640 3594 διακεῖσθαι
684 3539 826 3594 κατὰ
864 3541 955 3593 τὸν
1002 3540 1180 3611 λόγον,
1229 3544 1325 3597 καὶ
1376 3545 1782 3616 συμπεφυκέναι

1893 3558 2013 3603 cata
2038 3563 2157 3618 quae
2186 3557 2308 3603 sunt
2358 3548 2425 3603 ad
2474 3557 2702 3602 mortem
2730 3547 2798 3611 “,
2831 3561 2898 3601 eo
2941 3547 3084 3615 quod
3135 3543 3358 3599 an‘ectus
3396 3543 3470 3598 sit

207 3629 362 3701 αὐτῷ
405 3631 466 3684 τὸ
515 3632 590 3704 μὴ
639 3632 992 3702 ἐμπεσεῖσθαι
1026 3633 1113 3698 ἂν,
1159 3635 1282 3689 ὅσον
1331 3637 1428 3707 μὲν
1465 3639 1558 3691 ἐπὶ
1582 3638 1782 3704 τούτοις

1893 3641 2192 3696 secundum
2243 3639 2506 3693 rationem
2541 3646 2598 3692 et
2635 3637 2904 3692 coaluerit
2954 3651 3080 3690 cum
3127 3635 3239 3689 ea?
3295 3649 3468 3702 quan-

207 3724 325 3786 τοῖς
373 3725 577 3794 ῥητοῖς,
629 3724 710 3785 είς
756 3723 826 3776 τὰ
881 3723 1148 3796 λεγόμενα
1192 3727 1328 3798 πρὸς
1379 3729 1605 3782 θάνατον
1652 3725 1782 3783 εἶναι

1895 3743 2008 3786 tum
2040 3745 2170 3786 vero
2198 3728 2264 3784 ad
2307 3728 2398 3782 illa
2429 3729 2590 3782 verba
2625 3742 2640 3781 :
2679 3745 2698 3777 ι
2739 3724 2929 3780 Omnis
2958 3725 3052 3794 qui
3076 3725 3251 3780 credit
3273 3723 3458 3778 .Iesnnt

211 3814 586 3885 ἁμαρτήματα
615 3831 629 3880 ;
675 3815 798 3869 ὅσον
851 3815 907 3869 δὲ
959 3818 1051 3870 ἐπὶ
1077 3817 1155 3888 τῷ
1177 3835 1190 3848 ·
1233 3838 1251 3870 ι
1277 3820 1391 3883 Πᾶς
1422 3822 1450 3872 6
1500 3821 1782 3886 πιστεύων,

1893 3837 2014 3876 esse
2039 3820 2340 3883 Christum,
2379 3833 2448 3872 ex
2484 3815 2600 3871 Deo
2622 3824 2786 3871 natus
2817 3824 2900 3871 est
2933 3816 3002 3883 "’,
3053 3833 3071 3867 ι
3107 3825 3169 3870 ιιι
3211 3830 3315 3869 ιιοιι
3347 3829 3474 3884 pec-

213 3906 298 3957 ὃτι
336 3905 538 3973 Ἰησούς
563 3907 650 3958 6X
661 3907 838 3976 ριστός
869 3909 1036 3970 ἐστιν,
1067 3910 1132 3960 ὲκ
1152 3909 1246 3961 τοῦ
1275 3908 1409 3961 Θεοῦ
1431 3910 1738 3982 γεγένηται,
1767 3929 1782 3963 ι

1895 3921 1984 3966 cet
2029 3912 2082 3966 in
2127 3911 2236 3964 ullo
2265 3923 2453 3965 eorum
2492 3923 2614 3977 qua:
2661 3907 2798 3962 fiunt
2851 3915 3050 3977 prteter
3075 3919 3276 3962 rectam
3306 3907 3472 3961 ratio-

218 3995 318 4065 οὐχ
351 3996 651 4067 ἁμαρτάνει
705 3997 799 4050 καὶ
830 3997 969 4068 πρὸς
1009 3999 1038 4051 ὃ
1085 4015 1135 4051 τι
1168 3998 1436 4068 δηποτοῦν
1486 4001 1596 4053 τῶν
1644 4001 1782 4073 παρὰ

1897 4001 2048 4056 nent?
2078 3999 2306 4072 Insuper
2328 3999 2585 4054 memoria
2615 4008 2866 4070 repetens
2889 4015 2972 4064 ea,
3005 4015 3122 4070 qua:
3151 4008 3235 4054 est
3269 3998 3471 4054 Primo-

217 4088 308 4142 τδν
352 4089 508 4162 όρθδν
537 4091 835 4162 γινομένων
863 4090 1056 4160 λόγον;
1109 4093 1230 4146 Ἔτι
1260 4093 1314 4146 δὲ
1357 4095 1554 4164 μᾶλλον
1582 4097 1782 4167 νοήσεις

1896 4093 2113 4164 genitus
2137 4092 2319 4149 omnis
2347 4101 2616 4147 creatura:
2660 4093 2728 4159 ⁸⁸,
2777 4093 3156 4148 considerabis
3184 4092 3314 4163 quid
3347 4092 3417 4147 sit
3450 4107 3464 4149 :

217 4182 272 4238 τί
303 4184 446 4236 ἐστιν
465 4200 479 4214 ⁶
519 4203 537 4235 ι
561 4184 688 4236 Ἐὰν
716 4202 735 4236 t
765 4183 872 4256 γὰρ
901 4203 918 4235 ι
951 4184 1025 4256 μὴ
1048 4185 1393 4256 πιστεύσητε,
1415 4188 1496 4240 ὅτι
1523 4187 1632 4256 ἐγώ
1655 4189 1782 4258 είμι,

1903 4203 1922 4236 ι
1959 4183 2076 4240 Nisi
2128 4184 2471 4240 credideritis
2499 4183 2645 4256 quod
2697 4200 2800 4257 ego
2849 4201 2991 4250 sum,
3050 4185 3358 4240 moriemini
3413 4185 3465 4238 iu

222 4273 574 4328 ἀποθανεῖσθε
621 4277 678 4328 ὲν
721 4278 841 4339 ταῖς
890 4276 1183 4349 ἁμαρτίαις
1231 4277 1404 4349 ὑμῶν,
1435 4299 1451 4330 ι
1508 4279 1544 4334 ἃ.
1592 4281 1782 4336 ἐστινὲ

1895 4276 2136 4348 peccatis
2169 4277 2366 4333 vestris
2393 4278 2458 4332 ".
2509 4296 2528 4331 ι
2577 4276 2739 4334 Verbi
2777 4279 2973 4348 gratia,
3013 4278 3104 4349 qui
3131 4277 3300 4332 credit
3336 4276 3466 4344 quid

223 4366 568 4437 Πρωτότοκος
599 4367 780 4439 πάσης
825 4368 1054 4433 κτίσεως
1101 4371 1565 4442 ἀναλογιζόμενος.
1612 4367 1782 4427 Οἷονί

1897 4367 1967 4422 sit
2000 4367 2240 4439 justitia,
2267 4367 2528 4439 injuriam
2561 4383 2665 4424 non
2691 4368 2886 4424 inferet
2912 4385 2926 4433 ;
2955 4379 3012 4424 et
3053 4368 3142 4438 qui
3174 4367 3469 4422 crediderit

224 4457 488 4512 πιστεύων
531 4459 584 4512 τί
624 4461 771 4514 ἐστιν
814 4461 847 4532 ή
896 4460 1229 4536 δικαιοσύνη,
1261 4464 1362 4518 οὐκ
1405 4463 1470 4518 ἂν
1499 4465 1782 4537 ἀδικῆσαι⁴

1897 4457 1949 4513 in
1977 4458 2326 4530 sapientiam,
2358 4457 2503 4530 quod
2531 4458 2673 4515 satis
2721 4459 2999 4530 explorate
3043 4457 3350 4528 perceperit
3377 4474 3471 4513 co-

227 4551 320 4606 καὶ
367 4551 456 4607 διὰ
487 4553 548 4606 τὸ
579 4552 977 4625 τεθεωρηκέναι
1007 4557 1128 4627 ἥτις
1159 4558 1304 4611 ἐστὶν
1351 4559 1386 4629 ἡ
1413 4559 1594 4628 σοφία,
1631 4577 1782 4613 πεπι·

1896 4551 2247 4622 gnoveritque
2287 4565 2431 4617 eam,
2494 4551 2542 4606 is
2590 4567 2690 4608 nec
2733 4551 2941 4606 fatuum
2971 4549 3174 4619 aliquid
3222 4550 3475 4619 loquetur

229 4642 461 4707 στευκὼς
506 4645 587 4708 είς
634 4644 734 4716 τὴν
779 4644 990 4714 σοφίαν,
1013 4647 1113 4700 οὐκ
1152 4648 1216 4702 ἄν
1253 4665 1306 4701 τι
1346 4649 1528 4721 μωρὸν
1557 4649 1724 4719 λέγοι,
1757 4650 1782 4720 ἦ

1898 4658 1999 4698 nec
2037 4643 2220 4700 faciet.
2257 4644 2339 4701 Ad
2386 4644 2502 4698 haec
2549 4645 2640 4713 qui
2697 4642 2988 4698 crediderit
3029 4641 3221 4712 Λόγῳ,
3255 4639 3331 4714 [id
3388 4650 3474 4696 est

228 4733 481 4806 πράττοιο
522 4735 645 4788 ἐπεὶ
673 4736 702 4788 6
737 4737 1029 4802 πιστεύσας
1053 4737 1130 4809 (5)
1173 4737 1250 4809 τῷ
1281 4741 1339 4792 ὲν
1369 4742 1509 4811 ἀρχῇ
1542 4742 1679 4813 πρὸς
1701 4741 1782 4796 τοι

1899 4737 2090 4791 rationi
2144 4746 2201 4791 et
2247 4736 2383 4792 Filio
2419 4735 2552 4808 Dei]
2605 4736 2697 4806 qui
2745 4745 2866 4790 erat
2917 4735 2970 4790 in
3024 4735 3290 4806 principio
3328 4733 3473 4804 apud

229 4828 353 4882 Θεὸν
383 4827 561 4899 Λόγῳ,
587 4829 647 4882 ὲν
677 4829 756 4900 τῷ
788 4831 1241 4902 κατανενοηκέναι
1272 4833 1453 4897 αὐτὸν,
1484 4834 1633 4887 οὐδὲν
1666 4835 1782 4888 ἁλό-

1901 4829 2068 4884 Deum
2087 4827 2174 4896 “;
2202 4827 2326 4884 dum
2377 4827 2522 4884 illius
2551 4826 2858 4897 cognitione
2888 4825 3108 4894 fruitur,
3134 4827 3270 4882 nihil
3303 4844 3332 4882 a
3387 4843 3473 4882 ra-

299 4959 340 4991 ⁸ο
361 4956 652 5032 ξᾳιιιιηνιιι,
677 4960 781 5032 23.
845 4963 886 4994 δ’
922 4961 1079 5018 Joan.
1117 4981 1248 5030 xvu,
1273 4965 1379 5032 24;
1409 4965 1607 5032 Ephcs.
1637 4968 1761 5032 1.4;

1893 4979 1981 5024 :tr.
2013 4982 2050 5029 ι,
2075 4963 2166 5019 20.
2231 4962 2277 4993 ⁸⁸
2305 4958 2681 5032 ,Ιοιιιιεξιῃίθ
2705 4976 2720 5026 ;
2747 4957 2918 5032 Mare.
2941 4959 3167 5032 τμη-54.
3242 4959 3288 4991 ⁸³
3312 4957 3470 5032 Joan.

232 5044 332 5089 vui,
358 5029 449 5081 24.
525 5027 572 5061 ⁸⁵
597 5029 724 5086 ibid.
758 5031 846 5088 2i.
923 5033 970 5065 ⁸³
999 5033 1116 5090 Jac.
1148 5050 1210 5103 ιι,
1235 5027 1327 5094 ΞΟ.
1366 5027 1630 5092 Ἰδῖὶοιιι.
1664 5027 1782 5106 νι,’1

232 5099 276 5130 ⁹⁶
295 5099 447 5152 Juattt.
476 5113 517 5162 1,
546 5097 600 5151 2.

1931 5036 2012 5090 ⁸⁷1
2040 5027 2198 5092 loan.
2226 5047 2279 5098 v,
2319 5033 2372 5086 l.
2447 5030 2494 5062 ⁸⁸
2513 5029 2721 5086 Coloss.
2756 5041 2795 5097 ι,
2825 5031 2914 5086 14.
2989 5028 3204 5086 “Joan.
3237 5046 3354 5096 vm,
3378 5029 3470 5084 ‘26.

237 5236 519 5306 καταὸολή,
549 5234 908 5312 patrocinium
948 5236 1204 5312 quaesivit
1238 5235 1502 5312 Origenes
1548 5236 1782 5312 opinioni

1899 5253 2181 5312 perperam
2212 5239 2429 5312 legitur,
2451 5239 2721 5312 septenos;
2753 5239 3006 5311 τοιαύτην
3039 5207 3283 5294 ἐπίνοιαν
3334 5237 3472 5293 πλα-

237 5325 354 5382 suae,
389 5305 492 5382 qua
521 5306 780 5382 mtmdutn
827 5305 1098 5382 conditum
1143 5305 1375 5382 fingebat
1412 5323 1477 5362 ex
1497 5305 1782 5382 __tuent_ium

1899 5305 2421 5382 σάντωνηόνομᾶτων
2437 5305 2626 5382 ἁγίωνξ

239 5378 567 5446 diversitate,
599 5390 720 5444 qua:
755 5375 861 5446 huc
894 5375 1053 5446 dcjici
1082 5380 1286 5446 merita:
1327 5389 1471 5433 sunt.
1497 5375 1629 5430 Vide
1658 5377 1696 5434 ι.
1729 5393 1789 5431 ιιι

235 5447 363 5514 Περὶ
400 5443 627 5514 ἀρχῶν,
647 5459 767 5515 cap.
803 5443 859 5503 5,
889 5443 1034 5499 num.
1063 5446 1115 5508 4,
1147 5457 1202 5498 et
1237 5445 1556 5515 Origeniana
1584 5457 1786 5511 nostra,

237 5513 319 5569 lib.
347 5532 405 5576 ιι,
432 5513 624 5584 qun-st.
658 5513 745 5578 12,
777 5531 929 5568 num.
967 5515 1024 5576 2,
1056 5517 1145 5569 ubi
1196 5516 1262 5569 de
1315 5513 1515 5573 mundo
1564 5517 1784 5571 disseri-

237 5601 364 5640 mus.
402 5586 661 5640 lles'nus.
945 5612 954 5618 ~

299 5657 374 5724 (*2)
415 5654 718 5724 Ἐπίτηδες
748 5655 846 5706 διὰ
874 5653 986 5721 τὴν
1015 5656 1314 5721 τοιαύτην.
1365 5655 1456 5709 Sic
1494 5667 1636 5708 recte
1694 5657 1786 5710 hu-

239 5726 318 5781 bet
345 5727 510 5781 codex
537 5723 879 5789 Bodleiauus,
909 5727 958 5778 in
984 5724 1150 5794 Regio
1190 5737 1364 5786 autem
1399 5737 1450 5780 et
1491 5727 1782 5781 Barbcrino

1928 5380 2051 5461 ⁴,(5)
2099 5377 2275 5436 Codex
2320 5377 2660 5445 Bodleianus,
2719 5377 3054 5452 ζητήσεσθεο
3116 5379 3338 5450 Regius,
3383 5377 3474 5454 ζη-

2073 5519 2252 5590 Codex
2276 5517 2622 5590 Bodleianus,
2646 5517 2741 5573 ἐὰν
2765 5518 2874 5590 γάρ
2899 5519 3170 5590 ’με-εἷπε,
3196 5520 3291 5575 ἐὰν
3317 5522 3394 5577 δέ.

1968 5589 2044 5656 (ὃ)
2083 5588 2237 5640 Ἐπεὶ
2283 5592 2314 5640 ό
2355 5588 2720 5654 πιστεύσας,
2771 5588 2877 5645 etc.
2922 5588 3206 5648 Ferrarius
3256 5594 3467 5650 videtur

1897 5658 2092 5728 legisse
2115 5657 2196 5710 ἔτι
2218 5657 2244 5708 ὁ
2271 5657 2586 5726 πιστεύσας,
2618 5670 2726 5714 etc.
