3948 6206
187 259 305 353 m

1271 293 1630 352 COMMENT.
1676 290 1744 348 IN
1777 288 1971 346 IOAN.
2011 287 2253 345 TOMUS
2289 289 2407 345 XX.

3375 280 3482 348 sse

186 431 326 486 γμα
335 431 405 468 τα
429 381 649 469 αὐτῶν.
665 413 816 484 Τάχα
828 413 884 467 δὲ
911 413 1087 482 ἕτεροι
1103 408 1268 486 ἦλθον
1285 385 1503 486 περὶῶν
1520 413 1694 475 εἴποις
1709 412 1787 466 ἄν·

1903 407 1969 461 Ει
2003 408 2250 464 fortassis
2272 409 2439 462 etiam
2469 406 2561 460 alii
2585 417 2869 470 venerunt,
2900 408 2966 462 de
2989 407 3188 477 quibus
3214 405 3344 464 illud
3373 408 3481 464 dici

185 504 583 575 Πορευόμενοι
606 502 947 575 ὲπορεύοντο,
965 505 1058 556 καὶ
1073 503 1294 573 ἐγέλων,
1322 503 1794 574 βάλλοντες(99)τά

188 594 509 665 σπέρματα
539 587 873 656 ὲαυτῶνσιοῖς
891 592 1244 666 ἀκολουθήσει
1269 596 1356 648 τό·
1403 595 1718 667 Ἐρχὸμενοι
1737 596 1794 649 δὲ

184 685 436 755 ἥξουσιν
466 687 524 738 ὲν
554 685 834 758 κλαυθμῷ,
870 688 1116 759 αἴροντες
1141 686 1208 740 τά
1234 686 1524 758 δράγματα
1561 687 1814 742 ἐαυτῶνν

185 795 265 830 πε
277 777 339 850 ρ).
370 770 448 831 ὧν
476 779 651 841 είποις
679 778 773 832 ἀν·
806 779 1256 849 Ἐγεννήθησαν
1282 780 1423 834 ὡσεὶ
1449 779 1661 850 χόρτος
1681 780 1794 832 δω-

180 867 434 939 μάτων,
470 870 558 937 ὃς,
599 868 713 938 πρὸ
737 870 842 925 τοῦ
864 862 1637 942 ἐκσπασθῆναι,’ἐεηράνθη
1659 889 1674 902 ο
1719 867 1793 927 οὗ

185 965 318 1016 οὐκ
372 961 690 1031 ἐπλήρωσε
735 959 852 1030 τὴν
895 962 1062 1033 χεῖρα
1101 959 1289 1018 αὑτοῦ
1323 965 1358 1016 ὁ
1401 962 1658 1032 θερίζων,
1694 963 1791 1038 καί

184 1056 317 1110 τὸν
364 1059 598 1112 κόλπον
645 1057 834 1113 αὐτοῦ
880 1061 915 1113 ὁ
959 1057 1030 1111 τὰ
1074 1056 1379 1128 δράγματα
1427 1056 1792 1136 συλλέγωντ

181 1147 299 1200 καὶ
344 1151 460 1202 οὐκ
492 1145 672 1204 εἶπαν
703 1152 758 1203 οι
799 1149 1200 1221 παράγοντες·
1242 1149 1506 1220 Εὐλογιά
1566 1149 1795 1216 Κυρίου

179 1239 292 1308 ἐφ’
327 1239 504 1309 ὑμᾶς.
532 1241 644 1294 Καὶ
669 1241 770 1312 δρα
795 1244 844 1295 εί
869 1242 1091 1296 δύναται
1124 1243 1265 1296 κατά
1291 1241 1452 1296 τοῦτο
1499 1241 1797 1314 βαθύτερον

183 1330 296 1382 καὶ
336 1330 742 1404 μυστικώτερον
780 1332 1035 1402 λέγεσθαι
1074 1333 1182 1387 ἀπὸ
1212 1332 1307 1386 τοῦ
1348 1333 1603 1406 Σωτῆρος
1635 1333 1796 1405 ἡμῶν

179 1417 296 1471 τό·
348 1418 637 1488 Μακάριοι
687 1423 1005 1488 κλαίοντες
1059 1423 1198 1488 νῦν,
1259 1423 1349 1475 ὅτι
1398 1421 1791 1491 γελάσονται*

180 1511 299 1564 καὶ
327 1510 421 1564 τόο
479 1513 622 1566 Οὐαὶ
662 1516 716 1568 οἱ
753 1515 1050 1583 γελῶντες
1097 1514 1239 1579 νῦν,
1298 1515 1387 1568 ὅτι
1437 1514 1792 1582 πενθήσετε,

183 1603 304 1656 καὶ
336 1604 652 1657 κλαύσετε.
688 1604 839 1675 Ὀσῳ
887 1605 1136 1676 μέντοιγε
1183 1607 1657 1678 μεταγενεστέρων
1711 1624 1796 1671 τις

186 1693 324 1746 ἐστὶ
348 1693 572 1748 δικαίων
617 1695 953 1768 σπέρματος,
1001 1697 1243 1769 τοσούτῳ
1274 1697 1382 1768 (50)
1418 1698 1666 1762 πλείονας
1701 1700 1794 1769 φέ-

191 1803 285 1857 ρει
313 1786 664 1860 δικαιοσύνης
691 1787 906 1857 λόγους,
935 1789 1012 1854 ὡς
1043 1789 1131 1844 διὰ
1155 1790 1313 1844 τοῦτο
1347 1792 1446 1860 μὲν
1480 1792 1788 1862 γεγράφθαι

190 1876 294 1928 τό’
332 1876 577 1946 Σπέρμα
639 1878 895 1949 Ἀϐραὰμ
927 1878 1133 1933 δοῦλοι
1169 1879 1354 1933 αὑτοῦ
1375 1895 1388 1908 ·
1422 1881 1536 1954 υίοί
1593 1879 1796 1935 Ἰακὼϐ

189 1967 481 2021 ἐκλεκτοὶ
521 1968 728 2024 αὐτοῦ.
760 1970 858 2023 Διὰ
890 1970 1046 2024 τοῦτο
1076 1969 1133 2023 δέ
1168 1987 1286 2033 πως
1308 1964 1448 2024 εἶναι
1475 1970 1584 2042 (5i)
1609 1971 1787 2026 καὶτὸ

194 2060 336 2131 περὶ
361 2058 458 2112 τοῦ
486 2061 730 2114 Ἰωάννου
769 2061 1086 2132 εἰρημένονο
1121 2058 1344 2123 Μείζων
1376 2062 1446 2116 ἐν
1480 2065 1791 2134 γεννητοῖς

1897 514 2122 568 posset:
2150 501 2350 555 Euntes
2376 499 2547 562 ibant,
2583 510 2637 554 et
2663 499 2930 565 ridebant,
2965 500 3238 554 mittentes
3269 499 3480 554 semina

1898 606 2033 656 sua;
2075 607 2216 662 quos
2245 591 2373 647 illud
2403 602 2704 662 sequetur:
2738 591 2900 660 312
2947 590 3240 648 Venientes
3294 601 3478 646 autem

1904 685 2132 738 venient
2160 675 2282 739 cum
2310 685 2548 754 ploratu,
2580 693 2862 754 portantes
2897 682 3204 751 manipulos
3229 697 3388 745 suos;
3412 684 3480 736 de

1903 775 2101 846 quibus
2136 779 2240 832 dici
2273 787 2455 847 posset
2483 775 2706 834 :ﬁeniti
2753 787 2876 830 sunt
2921 776 3080 828 ueluti
3127 789 3346 844 gramen
3379 777 3476 827 duo

1896 883 2136 933 morum;
2174 874 2315 939 quod
2361 882 2641 939 antequam
2678 867 3008 928 evelleretur,
3032 867 3285 922 exaruit:
3327 865 3480 934 cujus

1899 976 2000 1014 non
2031 960 2254 1028 implevit
2277 975 2476 1014 messor
2503 971 2717 1012 manum
2763 973 2936 1020 suam,
2987 967 3036 1010 et
3083 958 3256 1010 sinunt
3299 971 3478 1020 suum,

1895 1051 1986 1118 qni
2009 1048 2308 1117 manipulos
2333 1049 2530 1118 colligit
2555 1063 2574 1102 :
2602 1057 2650 1100 et
2675 1063 2777 1100 non
2799 1049 3044 1100 dixerunt
3066 1056 3438 1114 praetereuntes
3455 1057 3478 1098 ε

1897 1140 2200 1195 Benedictio
2255 1141 2467 1196 Domini
2511 1157 2671 1203 super
2718 1156 2804 1194 eos
2837 1140 2900 1194 ".
2956 1137 3023 1192 Et
3059 1139 3180 1193 vide
3221 1155 3346 1193 num
3377 1141 3477 1194 hac

1899 1233 2116 1288 ratione
2164 1233 2436 1287 sacratius
2480 1241 2534 1286 et
2592 1231 2913 1302 profundius
2961 1232 3162 1288 dixerit
3215 1232 3480 1287 Servatur

1900 1333 2088 1379 noster
2119 1342 2133 1380 :
2168 1323 2317 1378 Beati
2351 1325 2453 1394 qui
2475 1340 2613 1377 nunc
2646 1320 2798 1389 lleut,
2830 1323 3084 1392 quoniam
3134 1324 3386 1379 ridebunt
3409 1325 3475 1388 ηδ

1897 1415 1950 1472 et
1979 1417 2110 1472 illud
2135 1434 2151 1471 :
2186 1415 2280 1472 Vis
2309 1417 2470 1478 robis.
2502 1417 2593 1486 qni
2625 1433 2762 1470 nunc
2789 1417 2996 1482 ridetis,
3020 1418 3273 1488 quoniam
3298 1417 3479 1486 plora-

1890 1509 2042 1572 -bitis,
2075 1520 2123 1562 et
2170 1509 2367 1578 ﬂebitis
2393 1509 2457 1562 “.
2493 1509 2668 1577 Atque
2695 1522 2829 1564 sane
2857 1519 3062 1578 quanto
3093 1509 3218 1578 quis
3263 1520 3346 1563 est
3390 1523 3478 1563 se-

1900 1601 2064 1657 minis
2085 1600 2363 1670 juuiorum
2387 1599 2681 1668 iustorum,
2713 1609 2868 1654 tanto
2902 1599 3084 1669 plures
3109 1599 3335 1669 iustitia:
3372 1599 3478 1656 felt

1899 1691 2157 1753 rationes.
2189 1689 2325 1743 adeo
2360 1696 2418 1742 ut
2448 1695 2672 1757 propter
2703 1687 2804 1742 hoc
2833 1687 3103 1757 scriptum
3150 1689 3223 1743 sit
3251 1689 3328 1741 "z
3380 1689 3478 1745 Set

1892 1799 2009 1838 men
2057 1782 2349 1848 Abraham,
2394 1781 2531 1834 servi
2568 1779 2722 1849 ejus;
2761 1773 2868 1848 ﬁlii
2908 1781 3100 1847 Iacob,
3137 1781 3294 1837 electi
3335 1783 3474 1854 ejus.

1889 1875 2116 1945 Propter
2143 1877 2244 1930 hoc
2277 1873 2443 1929 etiam
2471 1869 2655 1941 aliquo
2687 1872 2850 1927 modo
2879 1872 2946 1927 de
2969 1871 3176 1931 Joanne
3205 1874 3342 1930 illud
3389 1875 3473 1929 di-

1891 1953 2040 2022 utum
2068 1976 2152 2023 est
2174 1965 2220 1998 “
2249 1984 2264 2022 :
2298 1963 2478 2036 Major
2503 1953 2650 2019 inter
2671 1972 2822 2018 natos
2846 1964 3123 2019 mulierum
3144 1965 3351 2020 Joanne
3367 1965 3475 2020 Βαο

1893 2061 2050 2128 ptista
2081 2075 2234 2112 nemo
2256 2067 2361 2112 est.
2395 2059 2475 2111 Ad
2499 2071 2619 2126 quae
2646 2056 2764 2112 loca
2795 2073 2918 2112 cum
2947 2058 3284 2127 perveneris,
3313 2051 3473 2114 adbi-

193 2150 510 2219 γυναικῶν
530 2152 794 2206 Ἰωάννου
809 2152 915 2206 τοῦ
934 2151 1275 2208 Βαπτιστοῦ
1287 2155 1683 2220 οὐδείςέστιν.
1702 2159 1787 2210 Ἐν

1895 2149 1962 2203 be
2012 2147 2279 2210 animum,
2335 2161 2464 2201 num
2520 2145 2788 2200 rationem
2841 2145 3040 2200 habeat
3063 2144 3232 2200 deleri
3282 2159 3313 2200 a
3365 2145 3474 2200 Deo

195 2241 415 2306 τούτοις
445 2241 500 2294 δὲ
525 2241 812 2312 γενόμενος
845 2245 957 2308 τοῖς
985 2245 1196 2312 τόποις,
1233 2245 1471 2317 πρόσχες
1506 2249 1554 2301 εἰ
1587 2249 1664 2320 μὴ
1698 2249 1790 2302 λό-

191 2348 298 2399 γον
336 2331 447 2401 ἔχει
479 2331 539 2386 τὸ
585 2332 943 2402 ἀφανίζεσθαί
988 2352 1109 2388 τινα
1149 2335 1258 2390 τῶν
1295 2337 1628 2408 σπερμάτων
1685 2340 1791 2394 ὑπὸ

191 2423 360 2485 Θεοῦ,
388 2424 474 2476 ἵνα
509 2424 584 2496 μὴ
615 2423 834 2479 πλείονα
855 2425 924 2480 τὰ
961 2426 1106 2481 κακά
1220 2429 1314 2482 ἐπὶ
1347 2429 1446 2500 τῆς
1479 2430 1602 2500 γῆς,
1642 2449 1791 2486 σπει-

197 2512 448 2584 ρομὲνων
485 2513 595 2566 τῶν
643 2513 718 2584 μὴ
753 2514 982 2585 ἐχόντων
1029 2515 1286 2588 ἀφορμὰς
1322 2515 1430 2570 ἀπὸ
1462 2518 1788 2590 κρειττόνων

198 2604 343 2674 πρὸς
374 2605 434 2657 τὸ
465 2603 784 2676 γεωργῆσαι
813 2605 880 2659 τὰ
906 2606 1015 2660 ἀπὸ
1045 2606 1406 2678 διαφερόντων
1437 2609 1783 2680 σπερμάτων·

196 2695 292 2748 διὰ
314 2694 472 2749 τοῦτο
494 2695 604 2767 γὰρ
631 2697 1017 2768 κατακλυσμὸς
1063 2698 1295 2767 γίνεται,
1337 2699 1423 2752 ἵνα
1454 2699 1787 2774 ὲξαφανισθῇ

196 2788 266 2841 τὸ
299 2787 392 2841 τοῦ
439 2789 578 2842 Κάῖν
633 2789 878 2862 σπέρμα,
929 2791 1030 2844 οὐκ
1075 2790 1141 2844 ἂν
1185 2791 1520 2862 δυνηθέντων
1551 2793 1660 2848 τῶν
1693 2794 1787 2848 ἀπ’

200 2879 372 2932 αὑτοῦ
398 2881 705 2952 γενομένων
725 2881 871 2952 ἔχειν
894 2883 948 2936 τί
975 2883 1388 2954 γεωργήσωσιν,
1417 2884 1466 2937 εί
1489 2883 1564 2955 μὴ
1589 2884 1657 2939 τά
1678 2884 1789 2939 ἀπὸ

193 2972 298 3024 τοῦ
351 2972 521 3044 Ἀδὰμ
553 2974 707 3045 μόνα.
765 2976 887 3029 ’Ότι
924 2974 981 3028 δὲ
1015 2975 1044 3027 6
1089 2974 1472 3046 κατακλυσμὸς
1511 2976 1653 3047 ὑπὲρ
1689 2975 1785 3030 τοῦ

197 3062 622 3138 ὲξαφανισθῆναι
653 3066 714 3122 τὸ
744 3067 964 3140 σπέρμα
986 3065 1081 3121 τοῦ
1120 3066 1262 3121 Κάϊν
1291 3067 1604 3140 γεγένηται,
1646 3087 1789 3142 παρ-

201 3155 417 3226 ίστησιν
458 3159 493 3230 ἡ
544 3159 996 3231 ἐπιγεγραμμένη
1059 3159 1154 3214 τοῦ
1206 3160 1546 3233 Σολομῶντος
1597 3163 1786 3232 Σοφία

195 3247 288 3302 διὰ
337 3250 569 3305 τούτων’
629 3251 916 3320 Ἀποστὰς
957 3251 1028 3305 δὲ
1077 3252 1178 3307 ἀπ’
1228 3253 1420 3323 αὐτῆς
1456 3253 1663 3322 ἄδικος
1716 3256 1786 3310 ἐν

203 3338 356 3410 ὀργῇ
386 3341 594 3407 αὐτοῦ,
623 3341 798 3414 (δῆλον
832 3341 876 3396 δ’
905 3343 988 3397 ότι
1017 3343 1118 3414 τῆς
1159 3343 1392 3416 σοφίας.)
1424 3344 1786 3414 ἀδελφοκτό-

1895 2238 2144 2309 quaedam
2173 2237 2404 2305 semina,
2433 2252 2501 2292 ne
2528 2232 2670 2292 mala
2701 2236 3138 2308 multiplicentur
3166 2252 3332 2308 super
3360 2247 3474 2292 tere

1897 2347 2034 2398 ram,
2063 2334 2189 2386 dum
2216 2330 2270 2386 lti
2298 2329 2570 2386 seminam
2598 2329 2688 2400 qui
2727 2329 2904 2385 nullas
2931 2329 3251 2386 occasiones
3273 2329 3474 2386 habent

1894 2441 1924 2479 a
1974 2423 2296 2479 melioribus
2334 2421 2780 2494 progenitoribus
2825 2421 3108 2477 excolendi
3159 2422 3474 2492 praestantia

1891 2517 2141 2584 semina;
2190 2517 2333 2572 hanc
2377 2517 2522 2572 enim
2565 2515 2640 2572 ob
2695 2529 2917 2571 causam
2967 2515 3227 2572 diluvium
3277 2514 3358 2584 lit,
3411 2524 3475 2571 ut

1891 2609 2138 2664 deleatur
2166 2609 2299 2664 Cain
2335 2623 2560 2664 semen:
2592 2607 2828 2678 posteris
2861 2606 3034 2676 ipsius
3076 2606 3320 2677 alioquin
3372 2607 3474 2662 ba-

1890 2701 2020 2758 bere
2058 2718 2164 2759 non
2206 2703 2514 2758 valentibus
2557 2701 2762 2771 aliquid
2798 2701 2942 2771 quod
2981 2699 3314 2769 excolereut,
3364 2699 3472 2755 nisi

1890 2795 2102 2851 semina
2126 2794 2241 2850 sola
2265 2795 2335 2850 ab
2357 2796 2531 2849 Adam
2553 2792 2956 2865 provenientia.
2983 2793 3137 2861 Quod
3168 2805 3298 2849 vero
3330 2792 3475 2848 dilu-

1890 2885 2035 2941 vium
2072 2885 2298 2941 seminis
2317 2884 2448 2940 Cain
2479 2883 2694 2940 delendi
2726 2897 2888 2938 causa
2922 2882 3126 2938 factum
3161 2882 3344 2945 fuerit,
3369 2881 3471 2936 Sa-

1891 2977 2107 3048 pientia:
2124 2977 2259 3032 liber
2278 2975 2557 3033 Salomoui
2579 2977 2896 3047 inscriptus,
2919 2973 3004 3029 his
3026 2974 3209 3030 verbis
3227 2973 3384 3028 docet
3397 2974 3464 3028 "z

1888 3067 2148 3124 Recedens
2191 3080 2367 3124 autem
2413 3069 2478 3123 ab
2506 3071 2620 3139 ipsa
2651 3071 2870 3138 (nempe
2907 3067 3197 3139 sapientia)
3235 3067 3470 3137 iniustus

1885 3161 1941 3216 in
1969 3163 2051 3216 ira
2095 3177 2193 3216 sua
2223 3161 2398 3229 periit,
2441 3177 2558 3215 cum
2583 3161 2776 3215 animis
2810 3159 3107 3230 fratricidis
3131 3175 3152 3214 :
3195 3175 3289 3228 per
3313 3176 3465 3229 quem

1885 3253 2203 3311 inundatam
2233 3262 2429 3306 terram
2459 3269 2644 3307 rursus
2673 3253 2897 3307 servavit
2926 3250 3222 3322 Sapientia,
3261 3252 3351 3305 nili
3400 3252 3470 3304 li-

1884 3363 1986 3418 gno
2009 3347 2216 3416 justum
2243 3347 2560 3418 gubernans.
2593 3345 2734 3412 Quin
2768 3345 2933 3401 etiam
2967 3346 3110 3402 idem
3144 3344 3278 3400 mihi
3309 3344 3465 3399 vide-

202 3448 336 3498 νοις
367 3432 762 3488 συναπώλετο
791 3434 998 3505 θυμοῖς
1019 3452 1032 3465 ο
1058 3434 1134 3488 δι’
1160 3434 1234 3489 ὃν
1260 3435 1785 3507 κατακλυζομένην

1891 3445 1976 3489 tur
2015 3436 2212 3490 docere
2259 3434 2324 3490 de
2357 3433 2612 3491 Sodomis
2644 3434 2924 3499 Salomon,
2956 3449 3050 3490 eos
3082 3449 3202 3488 cum
3233 3449 3331 3489 sua
3379 3435 3464 3504 ip-

204 3521 323 3594 γῆν
357 3523 542 3579 πάλιν
572 3526 770 3580 ἔσωσε
814 3527 1002 3596 Σοφία
1027 3526 1101 3580 δι’
1129 3527 1413 3594 εὐτελοῦς
1444 3527 1636 3592 ξύλου
1675 3530 1784 3584 τὸν

203 3613 441 3668 δίκαιον
467 3615 915 3684 κυϐερνήσασα.
951 3617 1025 3670 Τδ
1053 3617 1184 3670 αὐτὸ
1221 3618 1280 3672 δέ
1315 3634 1407 3688 μοι
1444 3617 1590 3671 δοκεί
1617 3635 1785 3690 παρι-

208 3707 421 3760 στάνειν
465 3709 558 3761 καὶ
589 3709 618 3762 6
647 3707 896 3780 Σοδόμων
926 3709 1290 3781 ὲξαερανισμὺς
1319 3710 1414 3763 καὶ
1433 3710 1530 3782 τῆς
1558 3711 1662 3783 γῆς
1689 3711 1785 3766 αύ-

205 3796 334 3861 τῶν,
353 3793 439 3852 ὧν
462 3798 550 3852 ἔτι
568 3801 894 3870 μαρτύριον
914 3801 1024 3872 (52)
1053 3799 1164 3870 τῆς
1189 3803 1482 3870 πονηρίας
1507 3801 1780 3865 καπνιζο-

207 3889 357 3959 μένη
415 3889 746 3959 καθέστηκε
799 3892 1042 3962 χέρσος,
1099 3894 1199 3946 καὶ
1261 3892 1548 3948 ἀτελέσιν
1605 3894 1784 3962 ὥραις

209 3980 699 4049 καρποφοροῦντα
733 3983 914 4052 φυτά.
965 3983 1076 4038 Καὶ
1109 3983 1315 4053 ἀγαθοῦ
1355 4001 1418 4053 γε
1452 3984 1586 4039 Θεοῦ
1625 3987 1784 4058 ἔργον

207 4069 278 4144 ἦν
298 4072 538 4144 Σοῶμων
565 4075 885 4145 ἐξαφανίσαι
914 4075 1012 4147 τὴν
1042 4077 1166 4148 γῆν,
1204 4078 1299 4132 καὶ
1342 4079 1452 4132 πᾶν
1482 4079 1620 4150 ὅπερ
1657 4080 1784 4133 ὑπε-

209 4164 418 4217 λείπετο
451 4165 651 4230 νοτίδος
693 4166 924 4239 ξηρᾶναι
974 4169 1071 4222 ἀπ’
1102 4168 1291 4240 αὑτῆς,
1340 4169 1425 4224 ἵνα
1461 4170 1658 4240 μηκέτι
1687 4171 1780 4240 γέ-

209 4273 360 4326 νηται
399 4256 645 4327 ἄμπελος
687 4257 957 4328 Σοδόμων,
997 4261 1134 4331 μήτε
1170 4259 1440 4331 κληματὶς
1471 4261 1512 4313 Γ
1512 4262 1778 4334 ομόρῤαςν

215 4349 341 4419 μηδὲ
405 4347 650 4419 σταφυλὴ
709 4347 892 4421 χολῆς,
938 4351 1072 4421 μηδὲ
1134 4350 1326 4423 βότρυς
1363 4352 1608 4425 πικρίας,
1647 4353 1780 4426 μηδὲ
1829 4365 1834 4372 ·

211 4436 362 4504 οἶνος,
395 4440 564 4510 θυμὸς
581 4441 917 4514 δρακόντων,
946 4441 1040 4494 καὶ
1061 4440 1231 4512 θυμὸς
1270 4443 1512 4498 ἀσπίδων
1540 4444 1776 4510 ἀνίατος.

212 4533 281 4586 τὸ
306 4532 348 4586 δ’
381 4534 563 4605 ὅμοιον
591 4534 736 4607 ἐρεῖς
766 4535 1012 4605 καὶπερὶ
1037 4533 1142 4588 τῶν
1172 4536 1505 4605 Αἰγυπτίων,
1543 4537 1670 4610 περὶ
1705 4531 1779 4592 ὧν

210 4625 444 4698 εἴρηται·
515 4625 880 4680 Ὰπέκτεινεν
941 4626 1011 4678 ὲν
1061 4627 1284 4696 χαλάζῃ
1335 4628 1452 4696 τὴν
1509 4623 1780 4697 ἄμπελον

211 4717 416 4782 αὐτῶν,
441 4718 538 4772 καὶ
565 4717 668 4784 τὰς
701 4718 1074 4787 συκαμίνους
1097 4717 1296 4773 αὐτῶν
1330 4720 1401 4773 ἐν
1428 4719 1505 4789 τῇ
1543 4721 1774 4792 πάχνιν

1885 3541 2068 3581 sorum
2104 3535 2248 3580 terra
2289 3525 2547 3581 incendio
2584 3525 2818 3596 periisse
2873 3539 3208 3590 memorans,
3238 3540 3462 3594 quorum

1883 3619 2168 3672 etiamnum
2209 3617 2429 3671 malitia:
2462 3616 2762 3671 testimonio
2787 3615 3052 3684 fumosum
3084 3625 3242 3670 restat
3269 3615 3464 3680 solum,

1883 3716 1932 3760 et
1957 3705 2154 3770 planta:
2179 3705 2597 3774 intempestiuum
2621 3703 2852 3773 fructum
2881 3706 3104 3774 ferentes
3131 3706 3196 3760 ⁸⁸.
3218 3706 3294 3761 Ac
3316 3714 3467 3760 certe

1885 3795 1980 3854 Dei
2009 3798 2134 3853 boui
2159 3797 2392 3854 ollicium
2425 3795 2527 3851 fuit
2565 3795 2928 3852 Sodomorum
2958 3807 3156 3852 terrain
3180 3789 3381 3858 delere,
3409 3804 3466 3851 et

1885 3889 2151 3959 quidquid
2183 3889 2438 3944 relictum
2469 3902 2534 3942 es
2561 3901 2627 3942 ea
2667 3886 2857 3942 fuisset
2902 3885 3245 3943 luuuiditatis
3278 3885 3464 3942 arcta.

1886 3981 2102 4046 ciendo,
2137 3995 2204 4036 ne
2232 3981 2284 4035 in
2314 3989 2589 4049 posterum
2625 3979 2868 4034 oriretur
2912 3978 3034 4033 vitis
3073 3978 3460 4045 Sodomorum,

1886 4075 2064 4148 neque
2102 4074 2389 4130 malleolus
2418 4073 2759 4140 Gomorrbat,
2783 4086 2962 4144 neque
2992 4088 3092 4128 uva
3131 4073 3248 4140 ine,
3285 4090 3463 4144 neque

1885 4168 2078 4224 botrus
2107 4166 2519 4231 amaritudinis,
2557 4182 2622 4222 ac
2655 4181 2724 4221 ne
2775 4166 2960 4222 viuum
3011 4167 3255 4238 quidem,
3309 4169 3462 4223 furor

1883 4261 2209 4324 draconum,
2241 4269 2297 4316 et
2328 4273 2595 4314 venenum
2641 4259 2890 4330 aspidum
2932 4259 3241 4314 insanabile
3274 4259 3339 4314 ⁸⁷.
3373 4254 3462 4314 Si;

1885 4353 2012 4410 mile
2046 4353 2303 4425 quiddam
2334 4352 2486 4408 dices
2515 4353 2679 4406 etiam
2710 4353 2776 4406 de
2807 4349 3101 4420 Egyptiis,
3149 4351 3216 4405 de
3261 4351 3460 4418 quibus

1883 4451 2083 4506 dictum
2116 4458 2198 4506 est
2220 4449 2262 4480 ¹⁸
2291 4467 2305 4503 :
2345 4449 2549 4504 Occidit
2580 4449 2632 4502 in
2657 4447 2913 4519 grandine
2945 4449 3145 4502 vineam
3174 4463 3380 4508 eorum,
3410 4449 3458 4498 ct

1881 4530 2056 4597 moros
2099 4558 2279 4595 eorum
2310 4542 2364 4592 in
2401 4542 2638 4610 pruina;
2681 4540 2808 4594 boni
2839 4539 2986 4594 enim
3024 4539 3115 4593 Dei
3139 4529 3460 4592 estinterli-

1880 4631 2006 4689 cere
2041 4632 2224 4688 vineas
2251 4630 2632 4703 Arigyptiorum
2677 4639 2732 4685 et
2766 4645 2947 4684 moros
2981 4630 3290 4697 impiorum.
3333 4627 3460 4684 llzcc

1881 4725 2134 4792 adjuncta
2155 4723 2412 4777 institutae
2428 4721 2784 4792 disputationi
2802 4723 2866 4775 de
2884 4721 3184 4776 seminibus
3201 4721 3457 4788 Abrahae,

210 4807 404 4876 ἀγαθοῦ
431 4809 541 4880 γὰρ
567 4807 702 4862 Θεοῦ
751 4808 1092 4862 ἀποκτείνειν
1132 4809 1410 4880 ἀμπέλους
1441 4813 1771 4881 Αἰγυπτίων,

1891 4815 2041 4888 313
2072 4815 2156 4871 vel
2187 4813 2416 4883 alicujus
2441 4812 2579 4882 justi
2604 4812 2714 4867 sint
2741 4813 2898 4869 nobis
2921 4813 3089 4878 dicta,
3124 4823 3180 4868 ut
3206 4813 3458 4868 ostende-

210 4899 299 4954 καί
331 4899 656 4970 συκαμίνους
683 4899 790 4954 τῶν
823 4899 1057 4954 ἀσεϐῶν.
1100 4899 1286 4954 Ταῦτα
1329 4903 1665 4973 προκείμενα
1703 4907 1774 4976 τῇ

208 4988 442 5054 ἐξετάσει
467 4989 560 5042 τοῦ
598 4990 728 5061 περὶ
762 4989 1091 5061 σπερμάτων
1118 4990 1279 5059 λόγου
1331 4990 1601 5063 Ἀϐραὰμ,
1628 4994 1662 5065 ἡ
1694 5011 1774 5047 τι-

211 5097 296 5144 νος
339 5079 445 5133 τῶν
493 5079 715 5135 δικαίων
758 5083 891 5152 ἡμῖν
938 5081 1172 5154 εἴρηται,
1219 5082 1360 5154 ὑπὲρ
1405 5082 1497 5137 τοῦ
1544 5086 1777 5155 φανῆναι

213 5170 324 5236 πῶς
353 5171 448 5226 καὶ
463 5171 583 5226 τίνα
613 5173 812 5245 τρόπον
842 5175 1055 5246 εἴρηται
1086 5178 1198 5240 τοῖς
1225 5177 1408 5240 αὐτοῖς
1424 5176 1528 5230 ὑπὸ
1550 5176 1644 5230 τοῦ
1664 5179 1778 5232 Σω-

281 5265 320 5298 ¹⁶
345 5263 488 5320 Psal.
519 5281 748 5331 csxvut,
779 5266 898 5321 6-8.
1010 5269 1049 5300 "
1079 5267 1209 5324 Luc.
1243 5268 1422 5332 v1.2l.

1515 5270 1557 5301 "
1585 5269 1712 5324 ibid.
1739 5271 1830 5328 25.

1885 4922 2066 4962 remus
2091 4903 2364 4976 quomodo
2412 4912 2468 4958 et
2512 4918 2612 4958 cur
2641 4902 2900 4958 Servator
2931 4902 3012 4959 eis
3039 4901 3280 4958 dixerit:
3317 4899 3455 4956 Novi

1883 4999 2022 5069 quod
2052 5013 2226 5052 semen
2254 4995 2478 5050 Abt-alus
2501 4995 2721 5064 estis";
2755 5004 2829 5062 et,
2855 4994 2918 5051 Si
2937 4995 3038 5065 [itii
3063 4995 3284 5052 Abralta'
3303 4995 3456 5060 estis,

1885 5106 2042 5159 opera
2081 5088 2310 5143 Abraha:
2342 5087 2501 5157 facile
2523 5089 2588 5142 ’°.
2624 5087 2891 5145 Caeterum
2938 5088 3005 5144 de
3049 5087 3178 5142 ﬁliis
3225 5085 3459 5142 Abrahae

1884 5197 2046 5252 opera
2080 5183 2309 5238 Abrahae
2360 5181 2687 5238 facientibus
2721 5181 3082 5245 commodius,
3129 5179 3239 5235 Deo
3265 5178 3454 5246 dante,

1929 5276 1972 5308 ¹³
1994 5277 2136 5335 Psal.
2170 5294 2278 5338 ctv.
2300 5276 2351 5332 6.
2451 5279 2495 5310 ¹⁸
2527 5275 2656 5331 Luc.
2688 5292 2783 5342 vtt,
2819 5274 2911 5330 28.
3015 5276 3059 5308 "
3084 5273 3212 5343 Sap.
3247 5274 3377 5341 ηδ,
3398 5273 3454 5328 4.

219 5334 260 5364 ¹⁶
285 5335 412 5390 ibid.
449 5336 504 5390 7.
583 5337 623 5368 "
649 5336 803 5392 Deut.
838 5352 1009 5404 χχιιι,
1035 5339 1128 5404 52,
1151 5340 1242 5396 55.
1307 5339 1350 5372 ³⁸
1369 5339 1512 5394 Psal.
1553 5355 1760 5407 usvu,

1960 5349 2002 5381 η
2030 5334 2187 5402 Joan.
2223 5334 2335 5413 u'u,
2369 5348 2458 5403 57.
2537 5349 2584 5380 ιο
2616 5347 2750 5401 ibid.
2770 5334 2874 5401 '59.

211 5429 586 5565 λοέὲἓέοιίάεπι
619 5433 835 5490 codices
893 5433 1096 5505 Regius
1141 5444 1198 5492 ct
1235 5434 1584 5502 Barberinus,
1645 5435 1774 5508 βάλ-

281 5570 390 5644 (ιο)
412 5571 871 5644 deices_Regius
897 5582 952 5628 et
975 5571 1323 5644 Barberinus,
1355 5573 1519 5644 οὕτω.

281 5639 386 5712 (51)
408 5639 598 5712 Εἶναι.
630 5639 988 5698 Scribendum
1012 5643 1230 5698 videtur
1257 5643 1394 5697 ἐστί.

281 5712 390 5785 (52)
418 5711 601 5772 Codex
626 5713 970 5781 Bodleianus,
996 5714 1091 5767 καὶ
1109 5713 1252 5790 ,περὶ
1282 5714 1530 5784 Σοδόμων
1554 5716 1583 5770 ὁ
1611 5716 1769 5770 Σολο-

1882 5443 2000 5515 μὼν
2029 5443 2393 5514 ἑξαφανισμδν
2428 5443 2522 5515 κα¹ι
2541 5443 2639 5510 τῆς
2661 5442 2762 5515 γῆς
2787 5437 3090 5515 καλ-αὑτῶν
3119 5437 3199 5491 ἔτι
3243 5433 3454 5515 μαγρτύ·

1904 5532 2016 5600 ξιον,
2042 5509 2173 5595 εἰσί,
2205 5523 2263 5596 et
2297 5509 2395 5576 ita,
2443 5513 2526 5600 vel
2585 5509 2730 5600 Quid
2762 5511 2939 5593 simile
2986 5509 3179 5600 legisse
3241 5509 3453 5600 videtur

1927 5584 2172 5640 errarius
2205 5585 2256 5637 in
2293 5597 2391 5638 suo
2410 5579 2630 5643 codice;
2666 5580 2868 5650 liegius
2896 5595 3023 5636 vero
3051 5579 3213 5650 utin
3268 5590 3453 5650 nostro

1881 5663 2058 5722 textu,
2092 5653 2192 5710 nisi
2225 5653 2366 5723 quod
2400 5667 2498 5724 pro
2525 5653 2552 5706 6
2579 5645 2826 5724 Σοδόμων
2855 5651 3014 5708 habet
3050 5650 3078 5703 6
3105 5645 3377 5720 Σολομὼν.
