3866 6200
505 265 612 322 553

1944 262 2105 321 ORIG
2114 261 2270 319 ΕΝΙὸ

3618 265 3700 326 584

505 389 833 445 disseremus
866 407 990 448 cum
1043 391 1109 446 ad
1152 387 1581 460 explorationem
1609 385 1757 440 illius
1787 393 2075 440 contextus

2192 383 2344 454 εῆρος
2371 381 2431 435 τό
2451 398 2462 411 ⁸
2497 375 2660 446 Οἶδα,
2684 380 2772 434 ὅτι
2795 380 3034 449 σπέρμα
3079 378 3324 449 Ἀϐραάμ
3351 377 3503 443 ἐστε,
3523 380 3603 433 καὶ
3622 384 3697 435 τόο

511 483 934 548 pervenerimus.

2187 476 2256 527 El
2277 472 2460 527 τέκνα
2491 473 2596 526 τοῦ
2638 470 2884 542 Ἁϐραάμ
2909 471 3070 534 ἐστε,
3101 471 3176 525 τὰ
3198 469 3344 539 ἔργα
3370 469 3473 524 τοῦ
3505 471 3701 542 Ἀϐραὰμ

507 573 744 629 ποιεῖτε.
789 571 923 641 Περὶ
965 571 1214 640 μέντοιγε
1261 569 1464 622 τέκνων
1525 566 1771 639 Ἀϐραὰμ
1816 565 1883 619 τά
1935 564 2073 637 ἔργα
2110 562 2206 617 τοῦ
2242 563 2489 635 Ἀϐραάμ
2525 564 2855 626 ποιούντων,
2900 562 3036 616 Θεοῦ
3081 562 3336 626 διδόντος,
3380 561 3703 636 εὐκαιρότερον

505 668 758 741 ἐροῦμεν,
786 667 1090 736 φθάσαντες
1124 667 1217 720 ἐπὶ
1246 666 1345 736 τὴν
1376 664 1606 734 βάσανον
1629 663 1843 733 ἐκείνης
1864 662 1962 731 τῆς
1983 658 2200 727 λέξεως.

575 764 629 816 εἰ,
665 763 724 814 Ei
766 776 894 830 ergo
931 761 1022 828 qui
1058 761 1219 814 fuerit
1247 760 1480 813 Abrahae
1502 775 1710 823 semen,
1745 760 1871 814 licet
1910 757 2073 812 etiam

509 856 646 915 lieri,
680 855 724 907 si
762 855 1096 922 diligentiam
1131 852 1407 915 adhibeat.
1437 849 1555 919 ejus
1585 853 1764 917 (ilius;
1805 849 2073 921 quemad-

507 947 723 1000 modum
773 947 917 1000 factu
977 943 1294 999 facillimum
1340 952 1453 1006 est,
1505 953 1566 997 ut
1597 944 1740 998 nulla
1772 943 2075 1012 diligentia,

505 1039 762 1106 nullaque
792 1036 1002 1091 cultura
1036 1035 1306 1098 adhibita,
1334 1036 1436 1090 ltoc
1472 1035 1634 1089 etiam
1683 1034 1899 1104 perdat,
1932 1031 2075 1102 quod

505 1145 689 1182 semen
733 1129 961 1182 Abrahae
996 1135 1136 1182 erat.
1174 1125 1343 1181 Porro
1377 1127 1430 1180 bi
1461 1127 1528 1180 ad
1558 1141 1697 1194 quos
1726 1135 1846 1178 erat
1871 1139 2075 1190 sermo,

506 1220 761 1274 nondum.
798 1227 955 1271 erant
1003 1217 1299 1286 deplorata:
1343 1215 1493 1286 spei,
1549 1217 1753 1270 sciente
1805 1213 1931 1269 Jesu
1982 1228 2076 1270 eos

505 1311 799 1363 etiamnum
835 1308 1066 1362 Abrahae
1096 1321 1280 1362 semen
1315 1321 1455 1370 esse,
1480 1321 1544 1362 ac
1572 1306 1788 1360 vidente
1818 1319 1914 1360 eos
1943 1320 2074 1358 non-

507 1403 634 1454 dum
687 1399 936 1454 amisisse
993 1397 1306 1454 facultatem
1353 1413 1470 1452 eam
1512 1411 1614 1467 qua
1659 1395 1776 1451 ﬁeri
1829 1403 2079 1466 poterant

506 1493 740 1547 Abrahae
765 1492 900 1556 lilii;
938 1501 1192 1560 tanquam
1220 1489 1367 1545 enim
1402 1487 1563 1544 facile
1611 1487 1756 1542 factu
1799 1497 1970 1550 esset,
2024 1497 2082 1540 ιιι

507 1591 864 1651 praeterquam
887 1581 1030 1650 quod
1057 1596 1242 1636 semen
1270 1589 1458 1636 essent
1481 1579 1736 1643 Abrahae.
1780 1578 1944 1633 etiam
1983 1579 2076 1633 ﬁlii

506 1645 870 1736 edicerentur,
905 1645 1093 1740 inquit
1138 1673 1206 1726 ad
1252 1684 1388 1724 eos:
1421 1670 1484 1725 Si
1508 1669 1613 1738 ﬁlii
1660 1669 1887 1724 Abrulue
1930 1673 2079 1736 estis,
2113 1645 2155 1701 Β

509 1779 667 1830 opera
706 1763 934 1833 Abraha:
964 1763 1150 1830 facile.
1184 1760 1256 1818 Ut
1279 1770 1459 1816 autem
1482 1769 1609 1816 sunt
1634 1762 1858 1831 quidam
1893 1777 2078 1817 semen

507 1854 759 1918 Abrahae,
795 1852 874 1907 sic
901 1851 991 1905 alii
1023 1851 1349 1904 exsistentes
1375 1865 1584 1914 semen,
1617 1865 1722 1905 non
1747 1861 1874 1905 sunt
1897 1866 2081 1906 semen

507 1947 723 2000 dicente
757 1944 1016 1999 Daniele:
1053 1942 1240 1998 Semen
1273 1940 1550 2008 Chanaan,
1595 1951 1644 1996 et
1692 1959 1794 1996 non
1826 1943 1972 1998 Iuda
1994 1943 2035 1974 ²¹
2064 1959 2080 2009 ;

507 2039 587 2092 sic
612 2037 700 2090 alii
733 2037 964 2090 aliorum
1000 2045 1144 2100 sunt,
1174 2045 1229 2090 et
1264 2053 1370 2091 non
1413 2047 1564 2102 sunt,
1597 2037 1816 2091 dicente
1855 2036 2082 2104 Sapien-

509 2127 624 2179 tia:
676 2125 865 2180 Semen
906 2125 1262 2180 exsecratione
1290 2126 1528 2178 devotum
1563 2126 1627 2178 ab
1669 2125 1820 2179 initio
1839 2126 1910 2182 ".
1944 2123 2081 2192 Quin

507 2217 670 2270 etiatn
702 2215 787 2270 Itis
809 2215 1094 2281 addemus,
1123 2215 1267 2283 quod
1301 2223 1358 2268 ut
1404 2214 1456 2268 in
1495 2215 1658 2270 rebus
1709 2214 2084 2284 corporalibus

510 2324 674 2362 unum
702 2308 969 2362 interdum
1007 2322 1193 2362 semen
1225 2309 1439 2380 operari
1493 2307 1696 2375 valens,
1731 2308 1904 2379 magis
1955 2321 2086 2378 pro~

510 2397 622 2453 ﬁcit
655 2413 816 2466 quam
856 2396 1024 2452 multa
1059 2400 1268 2454 semina
1291 2440 1306 2464 ,
1345 2400 1424 2454 sic
1457 2414 1686 2454 eernere
1716 2403 1880 2454 etiam
1923 2399 2085 2454 liceat

508 2491 565 2544 in
594 2490 891 2557 seminibus
919 2492 1320 2560 spiritualibns.
1359 2492 1412 2546 ld
1441 2501 1621 2546 autem
1653 2492 1796 2561 quod
1842 2492 1968 2546 dico
2017 2506 2084 2546 ex

509 2581 596 2635 bis
627 2596 746 2650 qua:
776 2596 898 2636 mox
930 2583 1179 2638 dicentur
1203 2582 1429 2653 liquebit
1456 2599 1472 2651 ;
1507 2583 1765 2654 quoniam
1796 2584 1939 2638 enim
1990 2584 2082 2652 qui

508 2670 766 2741 seminat,
823 2671 1058 2725 rationes
1104 2686 1133 2723 a
1179 2669 1476 2739 majoribus
1525 2679 1777 2739 acceptas
1815 2670 1868 2722 in
1901 2669 2084 2737 scipso

505 2763 677 2824 liabet
699 2771 754 2817 et
786 2763 1072 2830 ingenitas,
1099 2761 1386 2832 aliquando
1413 2762 1629 2832 quidem
1678 2759 1937 2830 prznvalet
1969 2757 2086 2828 ejus

507 2853 680 2917 ,ratio,
708 2853 869 2922 idque
901 2854 1044 2921 quod
1071 2853 1332 2924 gignitur,
1359 2852 1542 2908 editur
1564 2850 1849 2906 scminanti
1874 2850 2082 2916 simile;

513 2943 808 3014 aliquando
841 2959 971 3000 vero
1002 2945 1142 2999 ratio
1171 2943 1358 2998 fratris
1391 2943 1509 3013 ejus
1544 2942 1635 3013 qui
1665 2943 1972 3006 seminavit,
1998 2941 2084 2996 vel

513 3036 706 3106 patris,
737 3036 818 3091 vel
842 3037 1112 3099 avunculi,
1139 3036 1275 3092 adde
1300 3036 1463 3092 etiam
1483 3035 1589 3102 avi,
1608 3034 1864 3106 prmvalet
1887 3051 1902 3099 ;
1925 3049 2087 3104 quam

512 3125 585 3180 ob
617 3141 864 3191 causam,
893 3128 982 3196 qui
1018 3129 1072 3181 in
1113 3127 1289 3182 lucem
1315 3126 1571 3190 eduntur,
1603 3126 1856 3181 oriuntur
1889 3124 1972 3181 liis
2001 3123 2086 3180 vel

505 3217 626 3283 illis
653 3219 880 3274 similes.
913 3220 1156 3274 Cernere
1191 3235 1321 3274 vero
1347 3219 1512 3275 etiam
1543 3228 1626 3272 est
1659 3218 1926 3272 rationem
1951 3233 2089 3287 eon-

509 3306 680 3379 iugis,
715 3308 800 3362 vel
833 3309 1019 3364 fratris
1049 3309 1188 3378 ejus,
1213 3309 1297 3363 vel
1327 3309 1414 3363 avi
1441 3306 1557 3376 ejus
1587 3308 1910 3378 prtevalere,
1933 3307 2084 3376 juxta

513 3401 905 3456 eoneussiones
933 3416 1054 3472 quin
1080 3411 1207 3456 sunt
1253 3401 1305 3456 in
1357 3385 1724 3465 mistionibns,
1761 3399 1890 3454 dum
1924 3399 2087 3455 simul

513 3502 705 3544 Omnes
732 3504 974 3560 eousque
995 3491 1404 3554 concutiuntur,
1442 3489 1620 3560 quoad
1655 3489 1947 3561 praevaleat
1985 3489 2088 3545 ali-

512 3593 618 3650 qua
656 3581 796 3636 ratio
829 3581 1129 3638 seminalis.
1182 3580 1308 3636 "me
1359 3581 1522 3652 igitur
1571 3580 1976 3636 transferantur
2019 3582 2088 3636 ad

511 3657 749 3726 animam
780 3672 1084 3728 seminibus
1111 3671 1542 3745 intelligibilibus
1570 3673 1808 3742 plenam,
1831 3688 1954 3744 qua:
1991 3689 2086 3730 vc-

511 3764 697 3819 nerint
730 3779 758 3817 a
795 3765 1142 3834 quibusdam,
1193 3765 1283 3835 qui
1336 3775 1522 3836 patres
1551 3766 1670 3836 ejus
1700 3766 1979 3833 dicuntur,
2033 3777 2090 3824 et

512 3853 680 3908 veluti
703 3855 996 3910 setninales
1011 3857 1260 3925 quasdam
1287 3866 1501 3926 patrum
1534 3858 1776 3913 rationes
1800 3857 2089 3928 perfician-

516 3955 625 4010 tur,
655 3958 882 4017 propter
915 3947 1138 4001 multant
1177 3949 1534 4004 mobilitatem
1582 3948 1989 4020 agilitatemque
2033 3958 2088 4006 et

516 4037 878 4092 intensionem
911 4037 978 4090 ad
1014 4036 1149 4091 tales
1173 4038 1597 4109 imaginationes
1623 4039 1741 4108 ejus
1764 4043 1934 4111 partis
1964 4041 2078 4095 ani.

515 4143 639 4192 mae,
669 4142 790 4196 qua:
829 4129 1275 4196 prmstatttissima
1322 4140 1442 4194 est;
1476 4146 1600 4200 qua:
1642 4133 1687 4187 si
1735 4133 2082 4199 excolantur,

513 4222 622 4274 erit
651 4219 849 4289 aliquis
881 4217 1042 4285 illius,
1078 4219 1164 4274 ltic
1211 4219 1428 4289 quidem
1474 4223 1725 4289 Abrahae,
1769 4223 1934 4296 314
1974 4223 2087 4279 Noe

2249 752 2304 809 5.
2334 752 2550 817 Ἔξεστι
2571 750 2747 805 τοίνυν
2778 750 3001 822 σπέρμα
3025 749 3115 804 τοῦ
3156 749 3410 822 Ἀϐραάμ
3428 749 3710 820 τυγχάνοντα

2181 841 2433 913 γενέσθαι
2476 841 2640 897 αὑτοῦ
2677 841 2749 896 δι’
2788 841 3105 913 ἐπιμελείας
3137 841 3234 895 καὶ
3267 841 3474 896 τέκνον.
3525 844 3710 897 Δυνατὸν

2181 935 2238 989 δὲ
2272 936 2366 990 καὶ
2387 935 2446 1002 ἐξ
2472 934 2733 1006 ἀμελείας
2753 936 2848 988 καὶ
2877 935 3258 1007 άγεωργησίας
3291 934 3546 988 ἀπολέσαι
3575 937 3646 988 καὶ
3664 937 3709 990 τὸ

2184 1023 2324 1083 εἶναι
2365 1027 2530 1082 αὑτοῦ
2589 1028 2834 1102 σπέρμα.
2887 1020 3048 1080 Οὗτοι
3106 1027 3357 1098 μέντοιγε
3405 1025 3486 1080 ἔτι
3530 1026 3711 1080 ἐλπίδων

2182 1120 2323 1197 ἦσαν
2347 1124 2456 1194 (55)
2491 1123 2626 1196 πρὸς
2664 1121 2760 1186 οὓς
2788 1123 2817 1175 ό
2847 1119 3027 1190 λόγος,
3060 1119 3259 1183 εἰδότος
3299 1118 3394 1173 τοῦ
3452 1118 3625 1190 Ἰησοῦ,
3648 1122 3711 1174 ὅτι

2187 1216 2412 1288 σπέρμα
2447 1214 2525 1268 ἐτι
2546 1208 2686 1286 ἦσαν
2707 1212 2801 1267 τοῦ
2845 1209 3116 1284 Ἀϐραὰμ,
3155 1210 3250 1264 καὶ
3287 1209 3618 1281 θεωροῦντος,
3650 1211 3716 1263 ὅτι

2183 1309 2394 1362 οὐδέπω
2424 1291 2857 1361 ἀπολωλέκεισαν
2896 1298 2957 1357 τὸ
2998 1301 3257 1357 δύνασθαι
3299 1300 3545 1370 γενέσθαι
3587 1301 3720 1355 τέκνα

2185 1399 2278 1452 τοῦ
2323 1396 2602 1471 Ἀϐραάμ·
2638 1396 2714 1460 ὡς
2738 1395 2846 1468 γὰρ
2871 1394 3096 1450 δυνατοῦ
3127 1394 3278 1458 ὄντος
3303 1391 3402 1446 τοῦ
3435 1394 3614 1455 αὐτοὺς
3644 1411 3719 1461 γε.

2189 1489 2373 1544 νέσθαι
2415 1489 2582 1543 τέκνα
2630 1487 2724 1541 τοῦ
2779 1486 3050 1558 Ἀϐραὰμ,
3099 1485 3236 1557 πρὸς
3287 1485 3348 1538 τὸ
3390 1481 3527 1538 εἶναι
3560 1485 3721 1548 αὐτοὺς

2188 1580 2428 1651 σπέρμα,
2460 1582 2622 1651 φησιν
2651 1578 2851 1640 αὐτοῖς’
2883 1578 2955 1630 El
2983 1575 3164 1630 τέκνα
3187 1575 3294 1629 τοῦ
3325 1571 3566 1644 Ἀϐραάμ
3589 1574 3724 1636 ἐστε,

2183 1672 2256 1726 τὰ
2297 1671 2442 1742 ἔργα
2488 1671 2596 1726 τοῦ
2661 1669 2906 1740 Ἀϐραὰμ
2960 1668 3197 1722 ποιεῖτε.
3252 1668 3339 1732 Ὠς
3387 1667 3444 1721 δέ
3485 1667 3582 1721 εἰσί
3606 1684 3725 1729 τινες

2184 1761 2406 1833 σπέρμα
2435 1760 2529 1814 τοῦ
2563 1759 2832 1833 Ἀϐραὰμ,
2861 1759 3034 1824 οὕτως
3057 1759 3226 1824 ἄλλοι,
3252 1759 3328 1822 ὡς
3357 1758 3467 1830 (34)
3494 1761 3520 1813 ό
3556 1759 3726 1828 Δανιήλ

2186 1867 2350 1921 φησιο
2390 1851 2628 1919 Σπέρμα
2660 1850 2766 1905 τοῦ
2800 1850 3065 1920 Χαναὰμ,
3098 1848 3196 1902 καί
3227 1851 3340 1903 οὐκ
3407 1847 3612 1902 Ἰούδα⁸
3648 1849 3728 1901 καὶ

2183 1941 2354 2003 ἄλλοι,
2386 1942 2462 2006 ὡς
2489 1943 2522 2013 ὴ
2554 1942 2742 2011 Σοφία
2784 1941 2976 2014 φησίνο
3012 1941 3255 2012 Σπέρμα
3282 1941 3398 2013 (³55)
3438 1939 3726 2008 κατηραμέ-

2182 2051 2295 2089 νον
2334 2034 2434 2088 ἀπ’
2494 2032 2708 2102 ἀρχῆς.
2767 2033 2878 2086 Καὶ
2915 2035 2995 2097 είς
3039 2032 3212 2086 ταῦτα
3258 2032 3316 2086 δὲ
3367 2033 3620 2103 φήσομεν,
3659 2032 3726 2083 ὃτι

2186 2124 2372 2196 ὥσπερ
2391 2123 2609 2178 κατὰτὰ
2629 2125 2913 2197 σωματικά
2936 2125 3044 2179 άπὸ
3065 2123 3272 2178 πολλῶν
3287 2123 3606 2195 σπερμάτων
3619 2139 3724 2192 apo.

2187 2215 2376 2268 κόπτει
2430 2215 2629 2286 μᾶλλον
2667 2215 2954 2288 ἐνεργῆσαι
3003 2215 3224 2287 δυνηθὲν
3256 2214 3368 2268 ἐσθ’
3416 2216 3503 2267 ὅτε
3549 2214 3604 2266 ἓν
3637 2212 3728 2265 τῶν

2189 2306 2538 2378 σπερμάτων,
2559 2306 2733 2371 οὕτως
2765 2307 2906 2360 ἔστιν
2941 2307 3069 2360 ίδεϊν
3104 2306 3198 2361 κα)⁸
3231 2307 3339 2360 τῶν
3371 2305 3726 2377 πνευματικῶν

2191 2399 2534 2469 σπερμάτων.
2571 2400 2635 2452 Ὃ
2661 2398 2716 2451 δὲ
2745 2397 2888 2468 λέγω
2926 2396 3078 2451 ἔσται
3116 2399 3284 2467 σαφὲς
3323 2400 3388 2452 ὲκ
3433 2397 3536 2451 τῶν
3573 2397 3731 2466 λεχθη-

2192 2490 2433 2562 σομένων
2457 2506 2470 2520 ·
2511 2490 2633 2543 ἐπεὶ
2672 2490 2778 2562 γὰρ
2824 2489 2938 2562 ἔχει
2975 2491 3033 2545 ὲν
3083 2491 3260 2563 ἑαυτῷ
3314 2490 3658 2564 προγονικούς
3682 2507 3729 2542 τε

2190 2582 2283 2636 καὶ
2311 2583 2659 2650 συγγενικοίις
2688 2582 2879 2652 λόγους
2903 2585 2932 2638 ό
2965 2584 3224 2656 σπείρων,
3260 2583 3348 2638 ὁτὲ
3381 2585 3478 2654 μὲν
3514 2585 3732 2655 κρατείὸ

2188 2672 2350 2726 αὑτοῦ
2402 2672 2590 2742 λόγος,
2638 2674 2733 2728 καὶ
2795 2675 3143 2729 ἀποτίκτεται
3192 2675 3252 2729 τὸ
3306 2675 3632 2746 γεννώμενον
3669 2674 3732 2743 τῷ

2191 2763 2475 2836 σπείραντι
2517 2764 2720 2835 ὅμοιον,
2769 2765 2858 2818 ὁτὲ
2899 2765 2957 2819 δὲ
2991 2768 3021 2820 ό
3059 2766 3216 2835 λόγος
3252 2765 3345 2820 τοῦ
3397 2765 3622 2834 ἀδελφοῦ
3654 2763 3731 2818 τοῦ

2191 2854 2534 2928 σπείραντος,
2576 2856 2610 2928 ἢ
2657 2856 2750 2911 τοῦ
2792 2858 2998 2929 πατρὸς
3038 2857 3131 2912 τοῦ
3187 2858 3504 2930 σπείραντος
3545 2858 3668 2930 (56),
3705 2857 3734 2928 ἢ

2116 2986 2158 3045 C
2188 2948 2282 3003 τοῦ
2322 2948 2464 3002 θείου
2513 2947 2608 3002 τοῦ
2657 2949 2997 3021 σπείραντος,
3045 2949 3213 3004 ἐνίοτε
3270 2951 3366 3004 καὶ
3397 2951 3618 3004 πάππου
3657 2948 3735 3003 τοῦ

2193 3039 2528 3111 σπείραντος,
2564 3039 2692 3112 παρ’
2722 3039 2751 3093 ὃ
2783 3039 3019 3108 γίνονται
3058 3041 3108 3094 ot
3145 3041 3561 3112 άποτικτόμενοι
3591 3041 3738 3108 ὅμοιοι

2188 3129 2384 3195 τοῖσδε,
2415 3129 2449 3200 ἢ
2475 3129 2670 3184 τοῖσδε.
2703 3131 2859 3184 Ἔστι
2892 3131 2948 3185 δὲ
2986 3131 3112 3185 ἰδεῖν
3131 3133 3533 3204 ἐπικρατοῦντα
3564 3131 3737 3188 καὶτὸν

2188 3221 2346 3292 λόγον
2389 3221 2500 3294 (57)
2533 3223 2632 3294 τῆς
2675 3224 2950 3292 γυναικὸς,
2991 3224 3023 3296 ἢ
3074 3225 3168 3278 τοῦ
3215 3227 3422 3300 πατρὸς
3451 3231 3554 3301 τῆς
3579 3249 3738 3300 γυναι-

2189 3315 2303 3380 κδςν
2344 3313 2378 3387 ἢ
2431 3311 2525 3368 τοῦ
2579 3313 2808 3384 ἀδελφοῦ
2865 3315 3056 3388 αὐτῆς.
3099 3318 3132 3388 ἢ
3167 3318 3259 3372 τοῦ
3295 3319 3525 3375 πάππου
3571 3324 3734 3393 αὐτῆς,

2191 3406 2332 3460 κατὰ
2369 3408 2496 3470 τοὺς
2545 3407 2604 3460 ὲν
2652 3408 2769 3470 ταῖς
2817 3406 2995 3478 μίξεσι
3045 3407 3344 3481 βρασμοὺς,
3379 3412 3496 3483 ἅμα
3551 3416 3735 3469 πάντων

2193 3496 2485 3568 σειομένων
2532 3497 2636 3560 ἕως
2693 3496 3039 3571 ἐπικρατήσῃ
3087 3514 3170 3562 τις
3215 3499 3322 3552 τῶν
3377 3503 3736 3575 σπερματικῶν

2189 3587 2383 3658 λόγων.
2418 3587 2602 3642 Ταῦτα
2629 3588 2694 3661 δὴ
2723 3589 3043 3660 μεταγέσθω
3075 3591 3166 3644 ἐπὶ
3198 3591 3296 3662 τὴν
3330 3593 3738 3665 πεπληρωμένην

2187 3679 2363 3752 ψυχὴν
2413 3678 2618 3750 νοητῶν
2677 3679 3026 3751 σπερμάτων,
3070 3679 3404 3752 ἐληλυθότων
3442 3684 3554 3736 ἀπό
3605 3699 3738 3736 τινων

2190 3770 2605 3844 ὀνομαζομένων
2636 3771 2885 3842 πατέρων
2911 3770 3099 3842 αὐτῆς,
3131 3773 3225 3825 καί
3251 3773 3313 3826 τὸ
3337 3773 3492 3846 παρὰ
3520 3777 3579 3827 τὸ
3598 3775 3736 3827 πολυ-

2189 3863 2406 3936 κίνητον
2449 3864 2482 3936 ἢ
2531 3863 2812 3936 εὐκίνητον
2849 3864 2944 3918 τοῦ
2995 3865 3344 3937 ἡγεμονικοῦ,
3391 3868 3487 3920 καὶ
3530 3868 3621 3939 τὴν
3663 3868 3738 3920 ἐπὶ

2188 3953 2399 4008 τοιάσδε
2436 3954 2736 4023 φαντασίας
2781 3955 3062 4008 ἐπίστασιν
3101 3957 3564 4028 προκυπτέτωσαν
3602 3957 3738 4012 οἱονεὶ

2189 4045 2554 4116 σπερματικοί
2579 4063 2725 4108 τινες
2750 4045 2859 4100 τῶν
2893 4047 3146 4118 πατέρων
3179 4048 3348 4116 λόγοι,
3386 4042 3460 4102 ὧν
3488 4067 3735 4122 γεωργου-

2193 4138 2368 4209 μένων
2401 4138 2553 4192 έσται
2582 4156 2667 4203 τις
2700 4138 2910 4206 τέκνον,
2949 4143 2978 4194 ό
3004 4140 3061 4193 δὲ
3095 4141 3194 4212 μὲν
3223 4142 3316 4196 τοῦ
3370 4143 3635 4217 Ἀϐραάμ,
3660 4141 3738 4211 δῆ-

2189 4229 2279 4283 λον
2305 4230 2350 4284 δ’
2382 4231 2464 4283 ὅτι
2493 4230 2654 4294 αὐτὸς
2685 4229 2761 4283 ὢν
2790 4232 2884 4285 καὶ
2917 4231 3012 4285 τοῦ
3039 4231 3190 4285 Νῶεο
3223 4233 3382 4298 ἄλλος
3414 4234 3470 4288 δὲ
3489 4235 3582 4290 τοῦ
3603 4234 3734 4289 Νῶε·

515 4311 867 4366 nihilominus
900 4308 1063 4364 etiam
1094 4309 1272 4376 Illius;
1305 4309 1395 4365 ille
1419 4325 1551 4365 vero
1582 4310 1728 4379 Noe;
1763 4330 1870 4368 non
1907 4317 1978 4368 ita
2011 4323 2082 4369 ta-

2192 4324 2289 4394 οὐχ
2317 4321 2458 4376 ὥστε
2487 4322 2542 4377 δὲ
2575 4319 2714 4377 εἶναι
2743 4323 2838 4378 καὶ
2881 4323 2976 4377 τοῦ
3019 4324 3299 4397 Ἀϐραάμ·
3346 4328 3440 4381 καὶ
3476 4328 3629 4392 ἄλλος
3661 4324 3738 4380 τοῦ

515 4417 638 4458 men
681 4410 742 4456 ut
775 4402 938 4457 etiam
970 4401 1203 4456 Abrahae
1235 4401 1304 4456 sit
1339 4401 1512 4472 Illius;
1543 4418 1730 4459 rursus
1759 4405 1898 4460 alius
1940 4405 2084 4460 Cha-

516 4509 684 4560 naan,
717 4502 773 4548 et
798 4494 928 4548 item
963 4493 1098 4549 alius
1131 4493 1364 4564 alicujus
1403 4493 1700 4564 justorum,
1730 4495 1813 4550 vel
1846 4493 2078 4565 injuste-

516 4600 660 4640 rum.
689 4585 943 4639 Attamen
973 4597 1069 4638 nec
1098 4600 1220 4639 cum
1249 4583 1517 4640 similibus
1570 4585 1874 4656 iisdemque
1917 4588 2083 4643 semio

515 4677 672 4731 nibus
694 4675 937 4731 venimus
967 4691 1174 4743 omnes,
1199 4692 1298 4732 nec
1325 4677 1488 4731 etiam
1515 4691 1716 4733 vacuus
1752 4677 2086 4738 salutaribus

512 4776 570 4820 et
595 4768 796 4821 sanctis
820 4766 1119 4824 seminibus
1153 4770 1301 4824 venit
1332 4769 1627 4840 quispiam.
1661 4768 1772 4826 Nisi
1808 4771 1951 4829 forte
1983 4775 2086 4832 hac

515 4858 568 4912 in
607 4873 665 4912 re
689 4860 810 4928 quis
838 4874 934 4916 nos
961 4861 1187 4926 refellat,
1221 4860 1532 4932 prmsidium
1562 4877 1591 4916 a
1626 4862 1734 4919 Deo
1756 4866 2086 4935 proveniens

515 4949 785 5004 adducens
820 4950 872 5004 in
910 4951 1167 5016 medium,
1195 4952 1341 5020 quod
1373 4968 1443 5008 ne
1476 4953 1541 5008 de
1571 4955 1824 5023 pessimis
1863 4957 2083 5027 quidem

513 5039 788 5108 desperat,
811 5040 905 5110 qui
935 5042 1097 5096 nullis
1129 5043 1431 5099 seminibus
1465 5045 1685 5114 optimis
1711 5046 1763 5100 in
1791 5049 1955 5104 vitam
1995 5067 2086 5108 ve-

583 5135 630 5168 “
668 5135 804 5192 Dan.
833 5149 953 5202 xm,
987 5136 1076 5191 56.
1152 5139 1196 5169 ²¹
1223 5137 1349 5207 Sap.
1386 5154 1486 5202 xit,
1525 5140 1615 5194 ll.

579 5257 690 5328 (35)
721 5259 850 5314 Ἔτι
882 5257 1153 5313 ἐλπίδων
1179 5255 1362 5328 ἦσαν.
1391 5259 1471 5312 Ad
1518 5261 1816 5326 marginem
1877 5269 2080 5325 codicis

517 5325 799 5404 Barberini
866 5329 1058 5392 legitur
1094 5328 1174 5404 ἔτι
1203 5325 1807 5404 ἓντδςέλπ-ίδων-ἦσαν.
1859 5335 2084 5396 lluetius

513 5399 858 5473 scribendum
890 5401 1201 5473 (νίιιςομέτι
1235 5401 1325 5454 ὲπὶ
1354 5400 1583 5473 ἐλπίδων
1611 5398 1772 5473 ἦσαν.

547 5465 696 5586 ἱῶί)
731 5469 906 5586 (jnd'ex
939 5467 1290 5538 Bodleianus,
1326 5471 1496 5536 οὕτως
1522 5465 1669 5527 ἀλλὰ
1701 5473 1852 5540 δντες
1876 5478 1976 5530 οὐκ
2009 5480 2084 5531 εί-

547 5554 623 5586 ’ν.
659 5552 756 5586 ωε.
797 5554 824 5586 ι’
855 5555 901 5586 (⁵.

517 5548 623 5595 σιν,
659 5548 756 5598 ως,
797 5548 901 5591 etc.

586 5603 862 5682 ςρὅλιιιειιι
891 5609 1054 5682 codex
1085 5610 1432 5682 Boalleianus,
1469 5615 1561 5668 καὶ
1591 5613 1739 5669 ἄλλοι
1773 5613 1966 5682 ἄλλων,
2008 5617 2085 5682 ὡς

517 5673 546 5740 ἡ
583 5673 746 5741 Σοζία
780 5675 910 5743 φησί
933 5694 944 5706 ’
982 5679 1237 5747 Σπέρμα,
1272 5693 1376 5736 etc.

2193 4412 2435 4480 Χαναὰν,
2464 4414 2558 4468 καὶ
2590 4412 2748 4478 ἄλλος
2766 4414 2910 4478 τινὸς
2935 4413 3042 4468 τῶν
3068 4415 3314 4482 δικαίων,
3344 4418 3378 4489 ἢ
3406 4417 3519 4472 τῶν
3545 4419 3737 4472 ἀδίκων.

2193 4505 2340 4577 Πλὴν
2379 4507 2441 4559 οὐ
2478 4505 2617 4577 μετὰ
2653 4507 2876 4578 όμοίων,
2911 4509 3006 4562 καὶ
3042 4509 3150 4562 τῶν
3205 4509 3386 4563 αὐτῶν
3429 4510 3740 4583 ἐληλύθαμεν

2191 4598 2392 4661 πάντες
2459 4598 2809 4670 σπερμάτων,
2876 4599 2992 4653 ἀλλ’
3027 4601 3147 4654 οὐδὲ
3187 4601 3417 4671 ὲλήλυθέ
3478 4620 3562 4666 τις
3610 4601 3741 4663 κενὸς

2195 4691 2476 4762 σωτηρίων
2521 4691 2614 4745 καὶ
2653 4691 2824 4760 ἁγίων
2865 4694 3227 4766 σπερμάτωνο
3267 4696 3315 4747 εί
3351 4693 3427 4766 μὴ
3458 4695 3564 4768 ἄρα
3592 4694 3739 4748 δυσω-

2194 4783 2364 4856 πήσαι
2396 4800 2480 4847 τις
2520 4785 2686 4856 ἡμᾶς,
2723 4787 2818 4840 καὶ
2861 4789 2943 4850 είς
2985 4785 3144 4840 τοῦτο
3183 4787 3298 4857 ἅμα
3336 4788 3740 4860 παρατιθέμενος

2195 4872 2291 4945 τὴν
2341 4874 2449 4928 ἀπὸ
2483 4875 2578 4928 τοῦ
2624 4875 2761 4928 Θεοῦ
2809 4875 3090 4948 βοήθειαν,
3141 4876 3241 4929 οὐκ
3285 4876 3741 4947 άπογινὼσκυυσαν

2191 4964 2312 5018 οὐδὲ
2337 4968 2461 5030 τοὺς
2495 4966 2785 5032 κακίστους
2809 4967 2944 5038 (58),
2987 4970 3083 5022 καὶ
3115 4970 3285 5040 χωρὶς
3323 4970 3558 5040 ἀρίστων
3599 4979 3740 5034 σπερ-

2195 5058 2380 5128 μάτων
2412 5059 2821 5131 εἰσεληλυθότας
2868 5062 2949 5125 είς
2980 5061 3070 5114 τὸν
3123 5059 3257 5131 βίον,
3304 5061 3399 5114 καὶ
3451 5058 3739 5130 δυσωπῆσαι

2261 5273 2373 5344 (56)
2416 5276 2492 5344 ῗῊ
2523 5272 2630 5327 τοῦ
2650 5273 2876 5341 πατρὸς
2929 5272 3036 5327 τοῦ
3058 5273 3462 5344 ⁸ςινεινιςίζριινιτος.
3500 5268 3647 5324 Deest
3689 5263 3736 5316 in

2191 5341 2381 5400 codice
2419 5343 2606 5413 llegio,
2635 5349 2729 5398 sed
2756 5345 2950 5410 legitur
2976 5344 3027 5396 itt
3057 5341 3373 5397 Bodleiano.

2193 5415 2374 5536 ἡγεῖ)
2397 5404 2640 5468 Καὶντέν
2675 5404 2880 5483 ,ζόῃ-ὀνο.
2908 5413 2964 5466 ιιι
3009 5415 3196 5469 codice
3263 5410 3548 5466 Bodleiano
3598 5404 3738 5460 deest

2267 5554 2378 5624 (38)
2408 5553 2586 5608 Codex
2619 5551 2966 5624 Bodleiantts,
2993 5552 3113 5608 οὐδὲ
3143 5554 3268 5618 τοὺς
3291 5552 3610 5614 κακίστουςο
3640 5543 3730 5600 Re

2194 5624 2334 5693 gius,
2359 5623 2452 5677 καὶ
2479 5624 2606 5687 τοὺς
2635 5623 2948 5686 κακίστους.
