3866 6200
546 240 652 293 505

2022 239 2342 296 ORIGENIS

3649 255 3728 312 596

545 355 780 418 ancillae,
813 364 867 408 et
910 357 1058 420 ntuli,
1084 365 1137 409 et
1167 355 1383 421 cameli,
1413 356 1480 410 de
1506 356 1704 426 quibus
1736 355 1979 426 singulis,
2009 356 2076 409 ali

2213 373 2388 420 τινος,
2436 358 2530 410 καὶ
2574 356 2664 411 ἐπὶ
2709 356 2776 410 τὰ
2826 357 2962 428 βάθη
3005 357 3104 427 τῆς
3134 359 3356 430 Γραφῆς
3406 361 3728 433 ἐπισταμένως

541 446 700 515 cujus
722 447 1003 515 sapientis,
1030 456 1082 500 et
1105 447 1195 516 qui
1226 448 1490 516 profunda
1515 449 1808 519 Scriptura:
1833 450 1990 504 docte
2019 465 2110 518 pe-

541 545 757 589 netrare
796 537 992 604 possit,
1025 537 1258 592 oﬂicium
1284 540 1389 594 erit
1424 541 1609 595 dicere
1641 558 1654 595 :
1688 551 1742 596 et
1769 541 1931 611 320
1961 550 2110 596 certe

537 629 842 696 generatim
877 643 1093 684 omnem
1136 632 1371 688 Abrahae
1417 633 1697 688 historiam
1743 635 2107 702 explorantes,

536 728 589 770 et
626 734 966 789 quaecunque
1001 724 1066 776 de
1100 725 1216 793 ipso
1262 735 1389 780 sunt
1419 727 1640 795 scripta,
1679 742 1798 796 qua:
1829 741 1993 780 unum
2026 725 2108 780 di-

535 819 711 875 ettut,
763 820 818 865 et
865 813 1008 868 aliud
1065 814 1334 882 innuunt,
1388 817 1701 884 spirituales
1755 817 2108 884 spiritualiter

531 899 717 952 omnia
765 901 948 956 facere
997 904 1340 960 conabimur.
1367 905 1500 962 Vide
1530 921 1661 962 vero
1684 921 1750 960 an
1779 921 1883 960 non
1920 915 2106 976 aperte

531 1005 599 1045 ex
623 991 710 1046 his
739 1008 860 1060 quae
887 993 937 1048 in
962 995 1065 1050 hoc
1095 996 1216 1052 loco
1237 997 1630 1068 indagavimus,
1653 1007 1866 1052 constet
1895 999 2106 1068 sapien-

534 1084 605 1136 tis
651 1085 932 1152 cujusdam
986 1101 1132 1152 esse,
1179 1096 1234 1143 et
1285 1091 1430 1144 omni
1481 1091 1683 1144 virtute
1737 1090 1938 1152 ornati,
1986 1089 2102 1142 ﬁeri

531 1175 765 1230 Abrahae
811 1177 974 1232 illius.
1017 1179 1156 1246 Quid
1197 1181 1340 1236 enim
1383 1197 1520 1253 opus
1558 1191 1640 1238 est
1685 1183 1864 1237 dicere
1901 1191 2102 1250 quanta

527 1283 664 1337 opus
691 1268 763 1321 sit
796 1269 1086 1338 sapientia,
1136 1281 1193 1328 ut
1218 1273 1449 1328 Abrahae
1475 1288 1640 1343 opera
1673 1273 2099 1337 consideremus,

527 1369 843 1432 quantaque
887 1377 1024 1431 opus
1064 1363 1136 1418 sit
1185 1367 1446 1433 potentia,
1482 1375 1541 1420 ut
1568 1381 1630 1421 ea
1659 1365 1964 1420 faciamus?
1995 1365 2099 1421 Sed

525 1449 671 1516 quali
697 1451 966 1520 sapientia
1001 1453 1254 1522 qualique
1276 1455 1520 1524 potentia
1543 1469 1785 1525 egemus,
1814 1454 1916 1508 nisi
1944 1453 2101 1508 Chri-

525 1540 616 1601 sti,
647 1541 740 1610 qui
785 1549 869 1596 est
916 1543 1006 1597 Dei
1059 1546 1302 1614 potentia
1335 1553 1389 1598 et
1418 1545 1510 1599 Dei
1552 1544 1821 1615 sapientia
1849 1545 1934 1598 '°?
1965 1543 2097 1598 Cum

523 1644 656 1700 ergo
685 1631 949 1700 scriptum
978 1633 1084 1688 sit:
1114 1634 1175 1690 Si
1198 1634 1301 1702 ﬁlii
1331 1635 1556 1690 Abraha:
1577 1636 1898 1704 estis,opera
1925 1635 2098 1688 Abra-

2215 447 2436 516 φθάνειν
2481 449 2781 518 δυναμένου
2826 448 2985 520 ἔργον
3015 448 3081 503 ἂν
3119 448 3204 520 εἴη
3249 449 3456 518 λέγειν·
3491 453 3577 506 καὶ
3600 456 3727 521 ἁπαξ-

2213 539 2399 602 απλῶς
2441 557 2506 608 γε
2567 542 2748 593 πᾶσαν
2791 539 2887 610 τὴν
2935 539 3074 592 κατὰ
3124 541 3215 592 τὸν
3257 539 3504 612 Ἀϐραὰμ
3541 545 3728 616 ἱστορίιν

2212 631 2621 700 βασανίζοντες,
2668 632 2761 686 καὶ
2802 632 2898 684 ὅλα
2935 633 3003 685 τὰ
3038 632 3166 703 περ).
3210 632 3378 695 αὑτοῦ
3422 637 3729 707 γεγραμμένα

2209 723 2365 778 ἀτινά
2394 726 2540 777 ἐστιν
2570 723 3030 795 ἀλληγορούμενα,
3057 723 3133 788 ὡς
3158 723 3518 794 πνευματικοὶ
3537 743 3728 798 πνευμιι⁸

2206 813 2381 876 τικῶς
2427 817 2600 868 ποιεῖν
2655 813 3042 886 πειρασόμεθα.
3091 816 3232 885 Ὅρα
3276 815 3334 868 δὲ
3380 818 3428 869 εί
3473 818 3544 888 μὴ
3584 820 3726 887 caci);

2205 903 2314 956 ἀπὸ
2346 902 2447 972 τῆς
2475 903 2775 966 ἐξετάσεως
2805 902 2914 956 τῶν
2941 901 3084 955 κατὰ
3113 902 3203 955 τὸν
3244 903 3410 956 τόπον
3451 905 3722 973 παρίσταται

2207 994 2337 1063 ἡμῖν
2359 993 2495 1061 (68),
2520 994 2602 1046 ὅτι
2635 992 2796 1061 σοφοῦ
2820 1009 2984 1056 τινος,
3009 994 3104 1046 καὶ
3135 993 3281 1063 πάσῃ
3309 995 3476 1064 ἀρετῇ
3506 1011 3720 1068 κεκοσμη-

2209 1084 2369 1154 μένου
2405 1084 2466 1136 τὸ
2495 1084 2746 1153 γενέσθαι
2785 1083 2878 1136 τοῦ
2923 1084 3173 1155 ’Δϐραάμ
3213 1084 3422 1138 τέκνον.
3451 1086 3513 1137 Τί
3551 1087 3642 1157 γὰρ
3663 1088 3720 1141 δεί

2204 1175 2384 1243 λέγειν
2412 1176 2543 1246 ὅσης
2568 1175 2760 1243 σοφίας
2791 1175 3064 1246 χρῄζομεν
3092 1177 3171 1238 είς
3199 1165 3260 1228 τὸ
3295 1177 3486 1247 νοῆσαι
3525 1177 3584 1229 τὰ
3620 1179 3718 1248 ἔργα

2203 1265 2297 1318 τοῦ
2353 1265 2633 1338 Ἀϐραὰμ,
2672 1266 2766 1319 καὶ
2815 1267 2947 1338 ὅσης
3002 1265 3281 1336 δυνάμεως
3326 1269 3406 1330 εἰς
3444 1267 3502 1319 τὸ
3545 1268 3722 1337 ποιῆσαι

2201 1355 2374 1423 αὐτάς
2403 1357 2564 1420 Ποίας
2589 1357 2647 1409 δὲ
2682 1357 2892 1426 σοφίας,
2932 1357 2964 1427 ἦ
3006 1359 3164 1420 ποίας
3205 1357 3484 1428 δυνάμεως
3510 1359 3722 1429 δεόμεθα,

2200 1449 2234 1518 ἢ
2270 1447 2524 1520 Χριστοῦ,
2559 1449 2616 1511 ὃς
2645 1450 2760 1501 ἐστι
2791 1447 2924 1501 Θεοῦ
2958 1449 3183 1520 δύναμις
3227 1449 3362 1520 (69),
3393 1451 3484 1504 καὶ
3519 1450 3636 1504 Θεοῦ
3661 1468 3728 1505 σοι

2202 1537 2332 1604 φίας
2373 1537 2445 1588 Τὸ
2480 1538 2577 1607 μὲν
2611 1533 2702 1591 οὖν
2734 1537 3114 1608 γεγραμμένον
3151 1538 3328 1590 ἐστίν·
3357 1541 3427 1592 Ei
3455 1539 3618 1592 τέκνα
3643 1535 3726 1593 τοῦ

2216 1624 2459 1694 Ἀϐραάμ
2485 1627 2644 1689 ἐστε,
2669 1627 2744 1680 τὰ
2773 1627 2916 1696 ἔργα
2943 1629 3047 1681 τοῦ
3087 1628 3331 1697 Ἀϐραὰμ
3371 1629 3603 1683 ποιεῖτε·
3627 1633 3730 1684 ἀκο-

520 1720 600 1772 Im:
631 1720 872 1789 facile“,
905 1725 1444 1794 consequenterhuic
1466 1726 1708 1781 dixeris:
1736 1723 1792 1780 Si
1821 1725 1918 1780 ﬁlii
1947 1724 2078 1780 lsaat

2203 1715 2407 1779 λούθως
2458 1718 2500 1771 δ’
2543 1717 2608 1772 ἂν
2661 1722 2813 1790 ποιρά
2862 1717 3019 1771 τοῦτο
3073 1721 3279 1782 εἴποις·
3335 1720 3402 1772 Ei
3469 1720 3619 1774 τέκνα
3653 1720 3728 1774 τοῦ

521 1811 678 1875 estis,
713 1811 874 1868 facite
905 1828 1069 1884 opera
1100 1814 1288 1882 Isaac;
1321 1816 1683 1886 similiterque
1723 1819 1788 1873 de
1817 1817 2008 1883 Jacob,
2042 1826 2098 1872 et

519 1903 586 1957 de
612 1902 842 1971 singulis
863 1903 1066 1960 sanctis
1102 1908 1363 1974 patribus.
1390 1906 1588 1964 Contra
1616 1907 1816 1978 singuli
1858 1921 2095 1976 peccan-

521 2002 600 2046 tes
637 1996 934 2063 generatim
983 1995 1203 2064 quidem
1252 1996 1347 2051 tllii
1388 2005 1514 2051 sunt
1561 1997 1786 2062 diaboli,
1831 1996 2091 2066 quoniam

519 2083 625 2149 Qui
650 2083 782 2152 facit
806 2094 1098 2152 peccatum,
1130 2102 1193 2139 ex
1235 2086 1444 2140 diabolo
1480 2096 1637 2141 natus
1669 2097 1743 2140 est
1766 2087 1811 2119 “
1839 2103 1854 2153 ;
1884 2085 2095 2154 private

515 2188 646 2228 vero
678 2173 760 2228 vel
785 2173 940 2241 Cain,
979 2173 1060 2230 vel
1088 2175 1280 2239 Cham,
1314 2175 1395 2230 vel
1429 2175 1706 2239 Chanaan,
1739 2175 1823 2230 vel
1858 2175 2094 2229 Pharao-

518 2267 622 2331 uis,
673 2264 757 2318 vel
798 2265 1324 2332 Nabuchodonosor,
1371 2267 1456 2320 vel
1500 2267 1733 2335 alicujus
1772 2266 2088 2336 impiorum.

513 2359 928 2430 Consequenter
974 2361 1136 2414 etiam
1185 2360 1269 2413 his
1319 2360 1493 2424 dices,
1530 2373 1973 2429 unumquemque
2020 2373 2089 2414 ex

515 2450 616 2502 hac
636 2449 747 2503 vita
776 2449 1097 2519 migrantem
1122 2450 1391 2518 proﬁcisci
1419 2451 1484 2503 ad
1512 2465 1639 2504 suos
1661 2458 1844 2520 patres
1869 2465 1883 2514 ;
1916 2449 2091 2504 omni-

513 2539 615 2595 bus
664 2538 809 2594 enim
843 2538 1153 2592 hominibus
1198 2538 1591 2593 decedentibus
1623 2554 1655 2593 e
1684 2539 1814 2602 vita,
1849 2553 1954 2593 non
1987 2540 2086 2594 soli

511 2631 826 2686 Abrahamo
849 2630 954 2684 dici
989 2630 1321 2686 censendum
1353 2641 1438 2684 est
1468 2652 1480 2688 :
1515 2630 1594 2684 Tu
1618 2641 1796 2686 autem
1820 2633 1889 2685 ad
1911 2641 2086 2699 patres

509 2734 625 2777 tuo:
661 2722 758 2776 ibis
777 2721 845 2786 ⁸³,
881 2721 1092 2776 etiamsi
1123 2737 1226 2777 non
1251 2722 1504 2778 omnibus
1525 2722 1836 2778 hominibus
1858 2722 2088 2777 addatur

511 2810 666 2873 illud,
694 2826 812 2863 cum
845 2826 1004 2889 pace.
1037 2811 1109 2864 At
1140 2823 1270 2864 vero
1305 2811 1585 2881 perfectis,
1614 2812 1810 2881 hisque
1839 2811 1929 2880 qui
1973 2810 2085 2878 spi-

509 2899 782 2956 ritualiter
818 2901 1050 2971 longaevi
1086 2900 1310 2968 fuerint,
1343 2902 1472 2956 illud
1511 2903 1678 2958 etiam
1729 2902 1981 2956 additur:
2015 2899 2082 2955 In

504 3002 768 3046 senectute
793 2996 929 3047 bona
964 2993 1011 3025 “
1040 3011 1054 3060 ;
1097 2995 1536 3064 quandoquidem
1562 2995 1807 3049 canities
1849 2992 2078 3047 homini-

503 3085 596 3138 bus
621 3093 698 3138 est
724 3083 1007 3153 prudentia
1030 3083 1101 3150 ³⁵,
1136 3094 1192 3140 et
1217 3101 1411 3140 corona
1438 3086 1774 3156 gloriationis
1821 3093 1897 3137 est
1929 3099 2078 3137 sene-

501 3183 658 3236 ctus;
691 3184 746 3230 et
768 3175 936 3244 gloria
970 3175 1118 3230 veris
1141 3190 1206 3230 ac
1233 3175 1432 3230 divinis
1461 3176 1683 3231 senibus
1711 3174 1941 3229 canities
1971 3173 2074 3228 illa:

499 3275 627 3320 sunt
659 3281 780 3336 qua:
817 3277 999 3324 mente
1031 3277 1350 3332 cernuntur,
1389 3268 1536 3336 ipsos
1561 3277 1838 3324 ornantes.

2212 1809 2395 1862 Ἰσαάκ
2439 1811 2591 1873 ἐστε,
2643 1811 2709 1864 τὰ
2751 1810 2885 1882 ἔργα
2934 1810 3026 1864 τοῦ
3085 1809 3268 1864 Ἰσαὰκ
3315 1814 3543 1864 ποιεῖτε·
3589 1813 3646 1864 τὰ
3686 1813 3729 1864 δὲ

2196 1901 2355 1971 ὃμοια
2387 1901 2484 1954 καὶ
2536 1903 2662 1974 περ).
2706 1901 2796 1954 τοῦ
2851 1901 3066 1965 Ἰακὼϐ,
3109 1903 3202 1955 καὶ
3246 1903 3364 1966 ἐνὸς
3398 1903 3616 1957 ἑκάστου
3642 1903 3729 1956 τῶν

2195 1993 2366 2060 ἁγίων
2405 1992 2675 2064 πατέρων.
2722 1992 2832 2046 Kal.
2877 1993 2943 2045 ὲκ
2989 1992 3096 2046 τῶν
3147 1992 3404 2046 ἐναντίων
3455 1993 3510 2046 δὲ
3539 1995 3728 2056 ἕκαστος

2194 2083 2301 2138 τῶν
2329 2084 2749 2154 ἁμαρτανόντων
2781 2084 3012 2152 γενικῶς
3045 2084 3144 2154 μὲν
3170 2085 3360 2137 τέκνον
3392 2085 3508 2138 ἐστὶ
3533 2084 3614 2137 τοῦ
3635 2085 3728 2136 δια-

2194 2174 2346 2227 ϐόλου
2367 2191 2380 2205 ·
2429 2175 2550 2227 ἐπεὶ
2595 2174 2722 2240 Πᾶς
2763 2177 2796 2227 ὀ
2833 2173 3020 2227 ποιῶν
3058 2173 3174 2242 τὴν·
3216 2175 3508 2243 ἁμαρτίαν
3545 2175 3606 2227 ἐκ
3641 2171 3726 2226 τοῦ

2192 2265 2473 2318 διαϐόλου
2508 2263 2853 2334 γεγέννηται
2871 2279 2884 2292 ·
2919 2262 3018 2334 ἠδη
3063 2263 3118 2318 δὲ
3153 2263 3247 2316 καὶ
3285 2261 3604 2334 ἰδικώτερον,
3631 2263 3726 2332 ἦτοι

2191 2355 2285 2409 τοῦ
2319 2355 2480 2419 Κάῖν,
2510 2357 2542 2426 ἦ
2585 2353 2679 2408 τοῦ
2711 2353 2861 2424 Χὰμ,
2893 2354 2925 2424 ἧ
2954 2354 3046 2407 τοῦ
3077 2353 3318 2419 Χαναὰν,
3344 2355 3377 2425 ἢ
3406 2355 3500 2408 τοῦ
3536 2352 3728 2426 Φαραὼ,

2189 2447 2223 2519 ἢ
2257 2447 2349 2501 τοῦ
2395 2447 2884 2518 Ναϐουχοδονόσορ,
2924 2446 2956 2515 ἥ
2995 2461 3138 2508 τινος
3182 2445 3289 2497 τῶν
3342 2446 3567 2500 ἀσεϐῶν.
3616 2446 3730 2498 Τού-

2187 2557 2300 2604 τοις
2345 2539 2403 2593 δὲ
2456 2539 2763 2604 ἀκολούθως
2806 2540 2984 2609 ἐρεῖς,
3028 2537 3110 2589 ὅτι
3162 2537 3391 2601 ἕκαστος
3428 2537 3731 2591 ἀπαλλαττό-

2191 2647 2352 2702 μενος
2374 2631 2468 2686 τοῦ
2504 2633 2618 2702 βίου
2658 2635 2846 2687 τούτου
2877 2633 3238 2688 ἀπελεύσεται
3272 2633 3410 2706 πρὸς
3437 2636 3560 2698 τοὺς
3589 2634 3730 2695 ἰδίους

2187 2722 2456 2795 πατέρας·
2489 2726 2770 2796 νομιστέον
2797 2725 2904 2798 γὰρ
2933 2727 2994 2780 ού
3029 2727 3174 2797 μόνῳ
3201 2724 3279 2796 τῷ
3317 2724 3583 2798 Ἀϐραὰμ,
3613 2723 3728 2777 ἀλλὰ

2186 2813 2280 2866 καὶ
2312 2816 2477 2867 πᾶσιν
2527 2815 2834 2886 ἀνθρώποις
2879 2817 3132 2886 λέγεσθαι
3168 2816 3302 2888 πρὸς
3344 2818 3412 2887 τῇ
3447 2815 3605 2886 ἐξόδῳ
3645 2814 3726 2868 τό·

2183 2905 2268 2959 Σὺ
2303 2905 2371 2959 δὲ
2400 2907 2712 2977 ἀπε-πλεύσῃ
2748 2909 2893 2976 πρὸς
2922 2909 3064 2973 τοὺς
3102 2907 3361 2976 πατέρας
3389 2925 3504 2962 σου
3522 2925 3536 2938 ·
3570 2907 3729 2960 οὐκέτι

2181 2996 2238 3049 δὲ
2286 3000 2450 3052 πᾶσιν
2489 2998 2830 3071 ἀνθρώποις,
2879 2999 3013 3052 ἁλλὰ
3058 3000 3240 3070 μόνοις
3281 3001 3395 3062 τοῖς
3437 3000 3604 3068 ἁγίοις
3641 2997 3727 3051 τό·

2175 3089 2327 3158 μετὰ
2361 3089 2637 3158 εἰρήνης·
2687 3095 2797 3155 τοῖς
2837 3092 2896 3146 δὲ
2941 3091 3402 3163 τετελειωμέναις,
3446 3092 3536 3144 καὶ
3581 3107 3729 3143 πνευ-

2183 3180 2426 3250 ματικῶς
2459 3183 2865 3255 μακροημέροις
2903 3183 3215 3256 γενομένοις
3249 3184 3344 3237 καὶ
3375 3183 3468 3236 τό·
3506 3181 3730 3250 Τραρεις

2176 3271 2246 3325 ἐν
2271 3271 2424 3344 γήρᾳ
2460 3273 2654 3340 καλῷ·
2687 3276 2915 3348 ἐπείπερ
2948 3275 3137 3330 Πολιά
3156 3276 3288 3329 ἐστι
3323 3275 3610 3346 φρόνησις
3638 3275 3730 3326 ἀν·-

497 3361 780 3430 θρώποις,
829 3365 923 3418 καὶ
967 3362 1268 3433 στέφανος
1311 3362 1665 3431 καυχήσεως
1715 3363 1930 3434 γῆρας·
1964 3367 2062 3419 καὶ
2091 3365 2216 3432 δόξα
2247 3371 2357 3434 τοῖς
2381 3369 2653 3442 ἀληθινοῖς
2682 3372 2776 3425 καὶ
2807 3370 2970 3434 θείοις
2998 3370 3389 3442 πρεσϐυτέροις
3417 3371 3472 3424 αι
3511 3367 3728 3439 κοσμοῦν

497 3472 586 3514 σαι
613 3456 810 3519 αὐτοὺς
839 3457 1026 3528 νοηταὶ
1055 3455 1256 3509 πολιαί.

568 3551 653 3603 Η.
687 3548 842 3604 Nunc
871 3559 1046 3604 autem
1082 3551 1317 3620 quwritis
1349 3567 1427 3604 me
1449 3551 1759 3620 inter/icere,
1787 3553 2066 3620 hominem,

490 3643 582 3709 qui
603 3644 873 3698 ueritatem
896 3643 1103 3698 loculus
1130 3661 1245 3699 sum
1269 3643 1599 3714 cobis,quam
1623 3645 1800 3698 audivi
1821 3663 1851 3698 a
1875 3645 1980 3700 Deo
1997 3647 2062 3700 ⁵⁸.

491 3733 674 3790 ιιίεειιιιι
709 3735 804 3804 qui
834 3745 1084 3804 quaerunt
1122 3736 1428 3791 interﬁcere
1448 3777 1464 3804 ,
1494 3735 1748 3806 quoniam
1779 3737 1917 3792 Deus
1958 3753 2065 3793 non

493 3825 844 3890 interﬁcitur,
888 3825 1102 3881 etiamsi
1165 3826 1514 3892 interﬁcient,
1543 3827 1816 3882 hominem
1854 3828 2064 3884 interﬁ-

491 3915 658 3968 cient.
701 3914 854 3980 Quod
883 3915 928 3968 si
959 3926 1213 3983 quaerunt
1259 3918 1588 3983 interﬁcere,
1623 3927 1677 3973 et
1705 3922 1946 3974 nondum
1981 3921 2064 3974 itt-

490 4001 788 4065 terticiant,
818 4002 1044 4057 insidias
1097 4005 1174 4058 illi
1221 4005 1387 4061 veluti
1443 4007 1649 4062 homini
1684 4017 1918 4073 struunt,
1953 4025 2061 4065 non

487 4093 658 4146 Deum
684 4106 805 4146 esse
827 4092 1228 4158 existimantes,
1251 4095 1336 4148 cui
1363 4105 1647 4150 struuntur
1677 4099 1905 4153 insidiae.
1925 4098 2059 4154 Nam

487 4183 672 4240 nullus
703 4184 1024 4240 existimans
1043 4184 1210 4238 Deum
1240 4199 1362 4240 esse
1386 4186 1474 4240 cui
1522 4195 1805 4242 struuntur
1827 4189 2058 4255 insidiae,

485 4275 712 4332 insidias
755 4276 833 4331 illi
870 4284 1124 4330 strueret.
1165 4275 1408 4330 Cernere
1454 4290 1584 4331 vero
1635 4276 1761 4332 licet
1793 4279 2056 4348 quosdam

485 4366 669 4436 aliquo
726 4367 887 4421 modo
921 4380 1137 4436 semper
1171 4365 1424 4423 Sermoni
1471 4375 1746 4425 struentes
1803 4370 2054 4436 insidias,

479 4461 738 4536 quoniam
791 4458 1102 4516 interﬁcere
1140 4469 1390 4533 quaerunt
1418 4475 1540 4517 eum
1569 4469 1626 4516 et
1673 4458 1854 4517 delere
1883 4477 1898 4515 :
1933 4469 2052 4514 tan-

483 4568 646 4624 quam
683 4553 956 4609 hominem
993 4552 1166 4623 ipsum
1211 4550 1336 4624 (hoc
1371 4562 1456 4606 est
1491 4553 1781 4606 humanum
1811 4560 1864 4606 et
1908 4569 2054 4608 mor-

477 4641 800 4714 talem)esse
822 4641 1234 4700 existimantes:
1259 4641 1351 4712 qui
1372 4641 1453 4696 vel
1484 4641 1858 4695 humaniorem
1885 4641 2055 4712 ipsius

475 4743 714 4803 partem,
767 4741 842 4799 et,
869 4735 1015 4803 quod
1068 4733 1300 4800 videtur,
1335 4731 1634 4786 invadunt:
1663 4731 1822 4802 321
1856 4734 1948 4786 sed
1995 4741 2054 4786 ut

475 4839 676 4894 corpus
737 4825 903 4880 etiam
961 4825 1246 4880 Sermonis
1293 4825 1646 4891 interﬁciant,
1706 4826 2047 4896 perspicuum

475 4923 560 4970 est
583 4929 676 4970 eos
709 4923 830 4984 post
854 4915 968 4970 haac
995 4916 1228 4987 amplius
1255 4917 1460 4986 aliquid
1496 4917 1681 4973 facere
1717 4932 1823 4972 non
1864 4929 2045 4986 posse.

546 5033 594 5066 ⁵⁸
649 5033 670 5086 l
697 5033 824 5090 Cor.
860 5051 900 5098 t,
925 5035 1016 5092 24.

473 5102 520 5136 ⁵⁸
543 5103 702 5160 Joau.
729 5119 839 5170 vut.
872 5105 962 5158 40.

545 5214 636 5284 (68
703 5215 885 5285 Ἡμῖν.
922 5215 1036 5274 Non
1071 5227 1348 5287 comparet
1381 5219 1433 5272 in
1473 5217 1660 5274 codice
1691 5216 2008 5278 Bodleiano,

545 5218 658 5358 (69)
699 5287 850 5342 Θεοῦ
880 5287 1149 5358 δύναμις.
1201 5286 1335 5342 Θεοῦ
1392 5287 1542 5342 deest
1597 5287 1650 5343 itt
1701 5286 1890 5342 codice
1942 5285 2008 5342 Re

509 5284 656 5370 _(69)
699 5284 850 5342 Θεοῦ
880 5287 1149 5359 δύναμις.
1196 5284 1335 5342 Θεοῦ
1392 5287 1542 5342 deest
1597 5287 1650 5343 itt
1701 5286 1890 5342 codice
1942 5285 2051 5342 Re-

473 5373 664 5508 εκῖἦθ)
694 5425 932 5510 Ζητεῖτέ
957 5445 1056 5510 με.
1087 5426 1179 5510 Sic
1215 5436 1362 5485 recte
1393 5425 1558 5483 habet
1589 5424 1764 5481 codex
1799 5423 2048 5482 Bodleia~

474 5495 614 5561 nus;
651 5495 705 5550 in
755 5495 925 5567 Regio
948 5495 1104 5552 deest
1129 5513 1219 5570 με.

542 5565 658 5640 (Ἡ)
687 5565 855 5640 Ἕᾳτι
881 5565 950 5620 δέ
977 5579 1101 5640 πως
1119 5567 1246 5640 ῥεῖ,
1266 5574 1372 5640 etc.
1405 5566 1462 5622 In
1485 5565 1673 5626 codice
1697 5562 1868 5635 Regio
1890 5561 2046 5623 deest

473 5651 609 5699 πως.
637 5635 794 5705 'qttod
825 5646 1002 5693 exstat
1043 5639 1093 5691 in
1119 5635 1430 5693 Bodleiano.

2248 3553 2335 3606 Η.
2377 3552 2506 3606 Νῦν
2536 3551 2604 3604 δὲ
2636 3549 2854 3619 ζητεῖτέ
2873 3568 2950 3621 με
2993 3551 3104 3623 (70)
3145 3551 3488 3606 ἀποκτεῖναι
3528 3549 3728 3617 ἄνθρω-

2173 3645 2348 3709 πον,’
2388 3643 2456 3708 ὃς
2511 3643 2627 3711 τὴν
2689 3641 2979 3708 ἀλήθειαν
3043 3642 3188 3711 ὑμῖν
3252 3640 3597 3708 λελάληκα,
3659 3638 3728 3706 ἢν

2171 3733 2411 3802 ἥκουσα
2448 3733 2611 3801 παρὰ
2652 3733 2758 3787 τοῦ
2790 3732 2956 3787 Θεοῦ.
2991 3735 3054 3785 Οί
3088 3731 3374 3802 ζητοῦντες
3401 3733 3727 3792 ἀποκτεῖναι,

2171 3824 2290 3876 ἐπεὶ
2341 3821 2473 3885 Θεὸς
2531 3822 2632 3875 οὐκ
2681 3821 3094 3884 ἀποκτίννυται,
3138 3820 3241 3873 κᾶν
3287 3819 3723 3880 ἁποκτιννύωσιν,

2171 3911 2454 3982 ἄνθρωπον
2498 3910 2935 3964 ἀποκτιννύουσι.
2971 3909 3090 3962 Κᾶν
3123 3908 3357 3980 ζητῶσιν
3389 3909 3725 3971 ἀποκτεῖναι,

2173 4001 2337 4073 μήπω
2377 4001 2814 4064 ἀποκτιννύντες,
2843 4001 2963 4071 οὐχ).
2994 3999 3127 4053 Θεὸν
3155 3997 3467 4070 νομίζοντες
3496 3993 3652 4060 εἶναι,
3686 3989 3729 4062 ᾧ

2167 4091 2629 4156 ἐπιϐουλεύουσιν,
2653 4091 2726 4155 ὡς
2756 4091 3026 4163 ἀνθρώπῳ
3057 4088 3494 4143 ἐπιϐουλεύουσιν
3512 4106 3526 4120 ·
3562 4089 3727 4153 οὐδεὶς

2165 4183 2274 4256 γὰρ
2317 4183 2634 4254 πειθόμενος
2681 4179 2817 4237 εἶναι
2850 4183 2982 4236 Θεὸν
3011 4182 3218 4245 τοῦτον,
3265 4174 3310 4247 ᾧ
3359 4179 3726 4241 ἐπιϐουλεύει,

2163 4275 2542 4328 ὲπιϐουλεύσαι
2575 4274 2641 4328 ἂν
2687 4273 2856 4344 αὐτῷ.
2890 4274 3043 4326 Ἔστι
3076 4272 3133 4325 δέ
3179 4289 3297 4334 πως
3329 4272 3416 4324 ἀεὶ
3448 4271 3558 4342 (71)
3595 4270 3726 4324 θεω-

2161 4365 2324 4437 ρῆσαι
2358 4368 2482 4430 τοὺς
2527 4365 2606 4436 τῷ
2632 4365 2790 4437 Λόγῳ
2827 4364 2921 4418 τοῦ
2965 4364 3100 4418 Θεοῦ
3138 4363 3603 4426 ἐπιϐουλεύοντας,
3651 4363 3727 4415 ὅτι

2160 4460 2474 4512 ἀποκτεῖναι
2499 4457 2739 4530 ζητοῦσι,
2766 4458 2860 4510 καὶ
2886 4456 3202 4526 ἐξαφανίσαι
3234 4457 3424 4525 αὐτὸν,
3447 4455 3729 4527 ἄνθρωπον

2159 4550 2342 4614 αὐτὸν,
2375 4551 2650 4604 τουτέστιν
2684 4547 3020 4620 ἀνθρώπινον
3057 4547 3167 4618 (72)
3187 4587 3201 4611 ,
3243 4548 3340 4601 καὶ
3372 4547 3564 4616 θνητὸν
3595 4541 3727 4598 εἶναι

2157 4644 2646 4716 ὑπολαμϐάνοντες,
2687 4645 2720 4715 ἢ
2765 4643 2858 4697 καὶ
2903 4641 2980 4712 τῷ
3016 4637 3482 4712 ἁνθρωπινωτέρῳ
3515 4638 3725 4700 αὐτοῦ,

2153 4737 2246 4791 καὶ
2275 4737 2591 4808 βλεπομένῳ
2623 4735 2973 4789 ἐπιτίθενται·
3010 4733 3096 4786 ἵνα
3137 4731 3194 4784 δὲ
3237 4730 3332 4784 καὶ
3369 4730 3726 4783 ἀποκτείνωσι

2149 4828 2212 4880 τὸ
2259 4828 2418 4899 σῶμα
2464 4828 2560 4881 τοῦ
2609 4828 2783 4896 Λόγου
2833 4824 3020 4896 σαφῶς
3064 4824 3176 4895 (75)
3197 4863 3212 4887 ,
3257 4824 3340 4876 ὃτι
3389 4821 3527 4892 μετὰ
3558 4819 3727 4874 ταῦτα

2148 4917 2299 4972 οὐδὲν
2361 4917 2613 4977 δύνανται
2678 4916 2898 4985 ποιῆσαι
2964 4912 3371 4984 περισσότερον.
3413 4911 3612 4981 Διόπερ
3661 4907 3724 4960 οὐ

1119 5037 1164 5070 ⁸⁸
1188 5037 1348 5094 Joan.
1376 5051 1494 5102 vnt,
1519 5036 1609 5098 39.
1685 5036 1772 5090 "l
1801 5035 1960 5091 Joau.
1993 5048 2077 5099 ut,

2235 5037 2280 5069 ⁸³
2301 5035 2439 5094 Gen.
2473 5051 2563 5103 xv,
2595 5035 2684 5091 15.
2759 5033 2806 5066 ⁸⁸
2834 5032 2962 5104 Sap.
2996 5047 3073 5098 tv,
3101 5031 3155 5086 9.
3233 5029 3278 5062 "
3305 5027 3466 5082 Prov.
3493 5041 3602 5090 xvr,
3629 5025 3718 5079 '51.

2219 5215 2330 5288 (72)
2360 5214 2541 5271 Codex
2603 5212 2951 5288 Iipdleiantts,
3004 5207 3193 5288 ainbv,
3242 5205 3320 5268 ὡς
3361 5202 3721 5288 ἀνθρώπινον.

2145 5275 2325 5342 Paulo,
2343 5295 2488 5354 post,
2511 5283 2666 5354 ριόἢ
2703 5278 2934 5354 καὶτῷ,
2957 5290 3090 5354 etc,
3128 5276 3196 5330 ad
3223 5276 3528 5354 marginem
3562 5275 3722 5351 codi-

2145 5341 2227 5414 cis
2253 5341 2528 5410 Bodleiani
2552 5341 2748 5425 legitur
2769 5351 2818 5404 οἱ
2853 5341 2948 5402 καὶ
2974 5341 3083 5420 τῷ,
3105 5355 3239 5410 etc.,
3271 5341 3416 5414 quod
3440 5341 3726 5397 Ferrarius

2143 5435 2367 5483 δεουιυε
2387 5434 2491 5478 εει.

2215 5479 2328 5568 (ῃ)
2357 5493 2592 5568 Σαφῶς.
2621 5491 2934 5564 Legettdum
2961 5488 3173 5546 videtur
3207 5482 3398 5553 σαφές,
3425 5489 3480 5536 et
3522 5480 3599 5536 ita
3646 5479 3726 5535 le-

2143 5563 2231 5634 git
2251 5563 2560 5626 Ferrarius.
