3866 6200
545 225 650 282 605

1975 218 2133 276 οιιιο
2142 217 2228 272 ΕΝ
2233 215 2294 272 IS
3608 225 3692 280 ωδ

541 339 649 408 Qui
676 342 953 398 committit
985 352 1256 411 peccatum
1299 355 1366 396 ex
1397 342 1610 396 diabolo
1653 351 1727 396 est
1755 339 1844 407 ";
1885 341 1951 396 de
1979 341 2098 396 [iliis

2203 339 2328 398 τοὺς
2353 334 2598 406 ἐχθροὺς,
2627 333 2721 392 καὶ
2756 328 3118 404 προσεύχεσθε
3151 333 3289 404 ὑπὲρ
3303 333 3405 388 τῶν
3431 333 3698 404 διωκόντων,

541 450 670 488 vero
704 435 792 488 Dei
835 451 851 488 :
887 431 1071 486 Omnis
1105 433 1196 500 qui
1241 441 1397 486 natus
1446 443 1522 486 est
1557 448 1621 488 ea:
1664 430 1796 495 Deo,
1835 440 2102 499 peccatum

542 541 646 577 non
676 523 968 584 committit,
997 522 1251 590 quoniam
1290 539 1464 576 semen
1505 523 1670 590 ipsius
1716 523 1771 576 in
1815 539 1874 576 eo
1905 529 2102 586 manet,

539 621 587 663 et
617 626 719 664 non
746 617 908 677 potest
937 625 1171 676 peccare,
1206 626 1265 664 eo
1295 612 1434 680 quod
1484 627 1550 665 ea;
1599 611 1706 665 Deo
1749 621 1905 666 natus
1935 621 2011 666 est
2033 612 2101 676 τ’,

543 699 882 769 perspicuum
911 709 994 753 est
1022 701 1294 754 hominem
1354 717 1572 757 omnem
1617 702 1706 772 qui
1747 702 2104 771 compleverit

542 791 835 855 rationem,
862 789 943 843 vel
982 789 1151 845 lilium
1185 792 1296 854 Dei.
1332 794 1416 848 vel
1447 793 1616 848 lilium
1657 795 1855 850 diaboli
1889 811 2010 851 esse
2033 797 2102 851 ".

541 876 649 928 Aut
685 875 829 929 enim
862 878 1154 932 committit
1187 889 1489 947 peccatum,
1520 892 1612 936 aut
1643 898 1748 938 non
1777 885 2102 941 committit:

536 981 662 1021 cum
695 967 830 1021 nihil
881 967 951 1023 sit
1012 970 1153 1024 inter
1184 972 1528 1028 committere
1569 985 1852 1043 peccatum
1898 988 1952 1033 et
1997 995 2102 1032 nou

537 1057 880 1112 committere
929 1070 1264 1128 peccatum;
1323 1072 1378 1118 et
1435 1065 1480 1118 si
1547 1066 1765 1137 quidem
1819 1079 2102 1138 peccatum

541 1149 852 1217 con-timuit,
907 1150 1103 1207 diaboli
1157 1163 1240 1206 est
1289 1171 1306 1223 ;
1358 1155 1441 1212 sin
1495 1173 1624 1212 vero
1678 1172 1952 1228 pet-catum
1998 1179 2102 1216 nou

538 1245 850 1309 committit,
872 1257 936 1296 ex
975 1243 1082 1298 Deo
1111 1253 1266 1299 natus
1291 1255 1392 1300 est.
1423 1245 1722 1316 Conjuncta
1763 1262 1888 1303 sunt
1923 1261 2102 1305 autem

539 1333 895 1387 enuntiationi
950 1334 1137 1388 borum
1189 1336 1254 1389 de
1299 1336 1426 1391 filiis
1473 1339 1564 1392 Dei
1614 1349 1668 1392 et
1714 1339 1836 1392 tiliis
1884 1342 2104 1410 diaboli,

538 1440 664 1492 quze
691 1424 742 1478 in
774 1424 1010 1492 Epistola
1052 1425 1166 1495 ipsa
1201 1427 1461 1482 dicuntur
1510 1430 1575 1484 de
1618 1430 1704 1484 his
1751 1431 1841 1499 qui
1888 1443 2014 1486 sunt
2049 1434 2104 1486 in

544 1515 678 1569 Filio
712 1517 829 1575 Dei.
858 1517 1032 1586 deque
1060 1518 1144 1572 his
1179 1522 1269 1588 qui
1301 1535 1405 1574 non
1437 1521 1692 1576 viderunt
1718 1538 1838 1576 eum
1866 1541 1880 1578 :
1915 1523 2102 1579 Omnis

540 1604 707 1667 enim,
740 1605 933 1672 inquit,
968 1607 1060 1670 qui
1086 1608 1143 1661 ia
1171 1623 1232 1662 eo
1272 1619 1481 1673 manet,
1513 1627 1615 1664 non
1640 1622 1820 1680 peccat
1855 1629 1874 1677 ,'
1916 1623 1964 1667 et
1992 1631 2103 1667 om-

541 1697 624 1750 nis
663 1695 753 1763 qui
785 1706 986 1764 peccat,
1013 1715 1116 1752 nou
1149 1701 1280 1753 vidit
1325 1701 1495 1769 ipsum
1533 1701 1604 1748 ⁷⁸2
1643 1703 1810 1773 Igitur
1845 1704 1890 1757 si
1927 1707 2102 1758 onmis

539 1786 629 1856 qui
663 1785 714 1839 in
755 1785 846 1840 illo
877 1798 1078 1852 manet,
1107 1803 1209 1842 non
1234 1802 1448 1858 peccat;
1483 1791 1574 1859 qui
1610 1802 1820 1862 peccat,
1853 1808 1959 1846 non
1995 1809 2105 1847 ma-

541 1888 632 1930 net
664 1877 715 1930 in
753 1876 922 1932 Filio:
951 1888 1004 1932 et
1035 1880 1080 1934 si
1107 1883 1284 1936 omnis
1319 1884 1411 1952 qui
1455 1895 1666 1953 peccat,
1709 1901 1816 1937 non
1853 1885 1988 1938 vidit
2017 1884 2096 1952 ip-

539 1984 658 2022 sum
681 1985 696 2033 ;
719 1970 812 2038 qui
831 1971 962 2024 vidit
987 1972 1183 2040 ipsum,
1216 1988 1319 2028 non
1343 1984 1550 2042 peccat.
1581 1974 1788 2030 Pariter
1811 1976 1914 2030 hoc
1936 1977 2102 2031 etiam

543 2061 754 2114 notabis
791 2061 920 2129 quid
962 2063 1061 2116 sibi
1104 2063 1227 2118 velit
1264 2062 1502 2119 Joannes
1539 2067 1722 2121 dicens
1753 2087 1765 2120 :
1793 2065 1974 2120 Omnis
2013 2067 2103 2137 qui

538 2160 743 2218 peccat,
781 2169 884 2205 non
916 2154 1042 2208 vidit
1081 2155 1275 2222 ipsum,
1313 2157 1469 2224 quasi
1507 2157 1590 2210 his
1622 2157 1824 2222 verbis,
1857 2159 1984 2212 vidit
2025 2159 2103 2228 ip-

539 2257 656 2294 sum
671 2241 740 2305 ",
770 2243 1000 2300 innitens
1016 2260 1230 2314 semper
1242 2247 1450 2316 aliquos
1468 2262 1587 2303 esse
1603 2263 1760 2316 posse
1777 2249 1866 2318 qui
1890 2249 2104 2307 videant

536 2329 698 2401 325
724 2331 916 2386 Filium
956 2334 1067 2398 Dei,
1095 2336 1296 2404 quique
1323 2351 1387 2390 ex
1425 2336 1602 2405 ipsius
1639 2337 1846 2390 visione
1882 2337 2103 2404 partici-

539 2429 668 2488 pent
697 2422 991 2492 potentiam
1028 2438 1304 2492 nunquam
1339 2427 1618 2492 peccandi.
1666 2425 1933 2480 Praeterea
1955 2427 2104 2482 dices

541 2515 654 2567 lucc
685 2514 894 2568 verba:
940 2512 1040 2566 Vos
1074 2515 1248 2582 facitis
1293 2531 1452 2581 opera
1487 2516 1654 2584 patris
1696 2519 1853 2570 vestri
1894 2517 1962 2580 ⁷³,
2005 2517 2104 2571 ali-

536 2607 752 2672 quando
802 2605 1021 2674 quidem
1075 2603 1181 2657 dici
1222 2605 1289 2657 ad
1345 2604 1478 2658 lilios
1528 2606 1762 2668 diaboli,
1813 2607 2104 2676 aliquando

539 2711 667 2750 vero
694 2697 760 2748 ad
797 2697 937 2750 ﬁlios
970 2692 1062 2748 Dei
1102 2709 1116 2746 :
1149 2693 1238 2761 qui
1296 2704 1520 2762 peccata
1575 2711 1805 2765 namque
1854 2699 2101 2754 commit-

538 2795 679 2849 tunt,
708 2800 868 2852 opera
900 2787 1078 2854 patrie
1100 2785 1182 2837 sui
1210 2784 1408 2839 diaboli
1456 2787 1836 2852 committunt;
1887 2799 1942 2843 at
1971 2806 2102 2845 vero

537 2877 629 2942 qui
659 2876 917 2944 praeclare
963 2891 1022 2931 se
1065 2885 1287 2950 gerunt,
1344 2891 1508 2944 opera
1557 2879 1757 2932 iaciunt
1800 2879 1980 2935 Patris
2018 2881 2098 2935 sui

2201 429 2232 472 ὦ
2263 426 2337 497 μὴ
2361 425 2436 479 ὣν
2470 426 2733 499 πρότερον
2777 425 2872 479 τοῦ
2914 428 2973 479 ὲν
3009 425 3252 496 οὐρανοῖς
3300 425 3496 496 Πατρός
3521 426 3694 500 ὕστερον

2202 517 2367 571 αυτοῦ
2401 518 2608 586 γίνεται
2655 517 2790 580 υἱός.
2822 517 2944 570 Ὅτι
2981 515 3038 570 δὲ
3069 516 3155 568 διὰ
3196 515 3258 569 τό
3295 513 3424 586 (88)⁶
3461 515 3539 569 Ἐν
3562 518 3694 590 τούτῳ

2205 611 2413 680 φανερά
2443 611 2558 663 ἐστι
2587 609 2653 662 τὰ
2678 609 2814 680 ἔργα
2843 607 2938 662 τοῦ
2959 606 3115 670 Θεοῦ,
3151 608 3246 661 καὶ
3271 605 3341 660 τά
3367 606 3494 677 ἔργα
3515 607 3592 660 τοῦ
3610 609 3694 662 δια-

2203 702 2382 764 ϐόλου,
2418 699 2814 771 προειρημένον
2847 697 2956 769 (89)
2983 699 3109 769 περὶ
3140 699 3238 768 μὲν
3265 695 3370 750 τῶν
3398 695 3487 750 τοῦ
3507 697 3694 754 διαϐόλου

2202 793 2426 856 τέκνων,
2462 793 2544 845 ὃτι
2590 791 2652 843 '0
2677 789 2865 844 ποιῶν
2895 789 3010 857 τὴν
3032 788 3322 858 ἁμαρτίαν
3348 789 3413 842 ὲκ
3434 788 3529 842 τοῦ
3547 788 3692 844 diabe-

2202 886 2314 937 ,που
2345 883 2478 936 ἐστι
2497 898 2512 914 ο
2545 883 2673 952 περὶ
2693 880 2753 933 δὲ
2781 880 2890 933 τῶν
2917 879 3010 934 τοῦ
3030 878 3186 942 Θεοῦ,
3217 879 3300 931 ὅτι
3327 877 3445 944 Πᾶς
3483 881 3512 932 ὀ
3549 896 3694 948 7-879-

2203 973 2462 1043 νημένος
2507 973 2576 1026 ἐκ
2626 973 2733 1027 τοῦ
2787 971 2934 1038 Θεοῦ
2987 972 3285 1041 ἁμαρτίαν
3333 972 3403 1024 οὑ
3449 971 3597 1036 ποιεῖ,
3633 970 3694 1024 ὅτι

2205 1065 2441 1134 σπέρμα
2477 1065 2663 1118 αὐτοῦ
2713 1065 2783 1116 ἐν
2827 1062 2988 1128 αὐτῷ
3030 1062 3220 1131 μένει,
3265 1061 3361 1114 καί
3393 1063 3460 1115 οὐ
3507 1061 3696 1116 δύναται

2203 1154 2582 1224 ἁμαρτάνειν,
2633 1155 2724 1207 ὅτι
2765 1155 2834 1207 ἐκ
2861 1153 2970 1206 τοῦ
2999 1152 3144 1206 Θεοῦ
3183 1151 3530 1222 γεγέννηται,
3556 1151 3695 1220 σαφὲς,

2203 1245 2286 1298 ὅτι
2315 1246 2422 1307 πᾶς
2454 1243 2551 1299 ἄνθ
2560 1261 2767 1315 ρωπος,
2797 1261 2861 1296 συ
2869 1239 3289 1313 μπεπληρωκὼς
3312 1240 3399 1292 τὸν
3426 1239 3583 1308 λόγον,
3613 1241 3697 1309 ητα

2203 1335 2389 1388 τέκνον
2415 1333 2508 1387 τοῦ
2539 1333 2673 1387 Θεοῦ
2703 1335 2870 1397 ἐστιν,
2900 1332 2933 1403 ἢ
2979 1332 3170 1385 τέκνον
3201 1330 3293 1384 τοῦ
3342 1329 3591 1384 διαϐόλου·
3617 1330 3700 1399 ἦτοι

2204 1425 2312 1496 γὰρ
2345 1428 2489 1479 ποιεῖ
2521 1413 2814 1496 ἁμαρτίαν,
2866 1425 2900 1496 ἦ
2927 1425 3202 1496 ἁμαρτίαν
3253 1422 3315 1476 οὐ
3364 1425 3513 1485 ποιεῖ,
3542 1421 3700 1483 οὐδενὸς

2204 1515 2353 1580 ὄντος
2377 1515 2580 1587 μεταξὺ
2619 1514 2712 1568 τοῦ
2744 1517 2915 1568 ποιεῖν
2944 1513 3219 1585 ἁμαρτίαν
3251 1513 3344 1566 καλ⁵
3377 1512 3462 1566 τοῦ
3488 1512 3703 1582 ἁμαρτίαν

2209 1609 2283 1680 μὴ
2315 1612 2488 1662 ποιεῖν
2509 1624 2522 1638 ·
2557 1609 2652 1662 καὶ
2681 1609 2730 1660 εἰ
2762 1607 2858 1678 μὲν
2881 1609 3025 1660 ποιεῖ
3051 1605 3354 1676 ἁμαρτίαν,
3378 1605 3437 1658 ὲκ
3465 1602 3545 1656 τοῦ
3567 1603 3702 1656 sum-

2204 1701 2294 1753 λου
2329 1700 2501 1752 ἐστιν·
2533 1699 2662 1752 εἰδὲ
2690 1697 2962 1768 ἁμαρτίαν
2988 1695 3048 1749 οὐ
3083 1698 3253 1759 ποιεῖ,
3287 1696 3350 1747 ὲκ
3383 1693 3470 1746 τοῦ
3500 1691 3610 1746 Θεοῦ
3634 1708 3704 1760 γε·

2201 1791 2709 1863 γέννηται.”Εχεται
2732 1790 2788 1842 δὲ
2811 1789 2911 1858 τῆς
2933 1790 2989 1840 ὲν
3000 1787 3215 1851 τούτοις
3249 1785 3376 1857 περὶ
3405 1785 3584 1837 τέκνων
3605 1782 3704 1836 Θεοῦ

2203 1882 2296 1934 καὶ
2326 1880 2529 1933 τέκνων
2550 1877 2794 1931 διαϐόλου
2822 1877 3151 1946 ἀποφάσεως
3187 1875 3257 1929 τὰ
3277 1875 3333 1926 ὲν
3359 1875 3422 1943 τῇ
3449 1873 3568 1942 αὐτῇ
3595 1871 3706 1924 Ἐπι-

2203 1973 2364 2045 στολῇ
2394 1972 2661 2042 λεγόμενα
2687 1970 2815 2038 περὶ
2847 1967 2955 2021 τῶν
2975 1967 3143 2020 ὄντων
3176 1968 3234 2018 ὲν
3262 1965 3338 2035 τῷ
3367 1963 3472 2032 Υίῷ
3498 1961 3576 2014 τοῦ
3587 1959 3703 2021 Θεοῦ,

2201 2065 2294 2118 καὶ
2324 2063 2435 2116 τῶν
2470 2063 2544 2133 μὴ
2577 2060 2899 2132 ἑωρακότων
2943 2057 3104 2112 αὐτόν
3130 2073 3144 2086 ο
3185 2055 3310 2122 Πᾶς
3358 2053 3477 2124 γὰρ,
3510 2051 3704 2124 φησὶν,ὸ

2201 2155 2274 2208 ἐν
2303 2151 2463 2218 αὑτῷ
2495 2149 2696 2220 μένων
2728 2150 2842 2217 οὐχ
2881 2144 3242 2216 ἁμαρτάνει·
3285 2145 3381 2197 καὶ
3421 2140 3527 2206 πᾶς
3571 2137 3704 2207 (90)ό

2201 2240 2559 2312 ἁμαρτάνων
2595 2240 2708 2306 οὐχ
2737 2237 2994 2304 ἑώρακεν
3038 2234 3249 2288 αὐτόν.
3282 2227 3476 2284 Οὐκοῦν
3502 2228 3550 2324 εί
3570 2226 3653 2286 πᾶς

2202 2335 2260 2385 ὲν
2285 2330 2432 2401 αὐτῷ
2480 2328 2656 2400 μένων
2676 2327 2774 2397 οὐχ
2799 2323 3101 2396 ἁμαρτάνει
3129 2321 3271 2392 (91),
3305 2320 3332 2372 6
3361 2315 3643 2388 ἁμαρτάνων
3661 2315 3706 2363 οὐ

2206 2425 2356 2496 μένει
2414 2425 2471 2476 ὲν
2512 2420 2591 2491 τῷ
2622 2419 2774 2488 Υίῴο
2825 2417 2920 2471 καὶ
2963 2417 3011 2469 εί
3057 2417 3172 2478 πᾶς
3235 2415 3265 2466 6
3307 2409 3600 2482 ἁμαρτάνων
3634 2404 3708 2470 οὐχ

2203 2516 2444 2588 δώροικεν
2468 2513 2651 2574 αὑτὸν,
2679 2512 2706 2564 6
2724 2505 2980 2580 ἑωρακὼς
3000 2505 3172 2559 αὐτὸν
3184 2504 3286 2573 οὐχ
3297 2496 3708 2588 ἁμαρτάνειῙΑμα

2202 2607 2258 2659 δὲ
2281 2582 2386 2658 ’καὶ
2435 2599 2764 2673 σημειώσεις
2792 2598 2904 2668 (92)
2930 2596 2983 2648 τί
3022 2592 3158 2648 νοῶν
3198 2595 3228 2645 ὁ
3255 2591 3497 2684 ’Ϋῐωάννειῃς
3518 2582 3696 2684 εἷπε

2201 2693 2328 2760 Πᾶς
2360 2697 2392 2747 ό
2419 2689 2769 2762 ἁμαρτάνων
2792 2689 2903 2755 οὐχ
2928 2683 3195 2753 ἑώρακεν
3212 2679 3413 2744 αὐτὸν,
3432 2677 3509 2731 διὰ
3533 2675 3596 2728 τό·
3610 2673 3708 2725 Ἐὠ-

2195 2799 2383 2852 ρακεν
2407 2781 2611 2844 αὐτὸν,
2641 2777 2716 2840 ὡς
2750 2777 2837 2828 ἀεὶ
2866 2772 3184 2843 δυναμένων
3215 2767 3352 2822 εἶναι
3387 2766 3486 2818 τῶν
3511 2762 3706 2833 ὁρώντων

2201 2877 2291 2929 τὸν
2322 2875 2449 2928 Υἱὺν
2482 2871 2575 2926 τοῦ
2608 2868 2764 2931 Θεοῦ,
2795 2867 2889 2920 καὶ
2916 2869 2981 2919 ὲκ
3007 2865 3100 2917 τοῦ
3143 2859 3442 2933 ἑωρακέναι
3474 2853 3608 2910 αὑτὸν
3637 2867 3705 2921 μεο

543 2965 658 3020 Dei.
693 2965 797 3020 Sed
831 2945 1110 3035 probabile
1149 2945 1234 3024 est
1283 2967 1520 3022 futurum
1577 2985 1632 3023 ιιι
1673 2972 1870 3042 aliquis
1915 2989 1980 3028 ex
2019 2975 2098 3030 his

2201 2962 2654 3035 ταλαμϐανόντων
2709 2957 2989 3027 δυνάμεως
3035 2953 3180 3027 πρὸς
3212 2951 3272 3004 τὸ
3305 2945 3554 3044 μηδαμῶς.
3573 2945 3710 3044 ἁμαρ-

540 3067 836 3123 moveatur,
863 3059 1110 3127 cogitans
1141 3077 1208 3113 an
1236 3060 1482 3114 faciendo
1513 3062 1647 3115 bona
1677 3074 1731 3117 et
1763 3063 1898 3117 mala
1941 3081 2095 3119 seor-

537 3163 680 3213 sum,
707 3148 846 3202 idcnt
884 3160 1104 3218 propter
1131 3150 1268 3204 bona
1303 3149 1444 3204 lilins
1481 3150 1596 3215 Dei,
1625 3163 1679 3206 ct
1710 3163 1935 3223 propter
1959 3156 2095 3210 mala

539 3238 680 3292 ﬁlius
701 3239 899 3294 diaboli
929 3247 1050 3294 esSe
1073 3240 1262 3309 possit.
1305 3240 1410 3294 Sed
1441 3241 1545 3295 hoc
1572 3243 2096 3314 prieterquam'quod

537 3327 988 3385 absurdissimum
1008 3339 1110 3396 est,
1138 3345 1244 3385 non
1275 3332 1520 3385 iunuitnr
1542 3350 1606 3388 ex
1635 3335 1814 3388 dictis.
1840 3335 2098 3390 Euuntiat

537 3431 767 3487 namque
783 3416 1016 3476 Joannes
1041 3422 1181 3490 quod
1207 3423 1578 3492 unusquisque
1599 3425 1690 3494 qui
1713 3441 1777 3480 ex
1809 3427 1917 3482 Deo
1939 3437 2097 3482 natus

534 3519 640 3576 est,
664 3519 939 3579 peccatum
960 3527 1068 3567 non
1095 3513 1276 3578 iaciat,
1299 3513 1444 3583 quod
1465 3529 1648 3571 semen
1671 3515 1816 3571 illius
1841 3518 1892 3570 in
1917 3521 2098 3587 seipsn

534 3597 750 3660 habeat,
782 3612 882 3652 nec
915 3614 1074 3666 posse
1099 3600 1242 3655 hunc
1284 3615 1544 3670 peccare,
1597 3618 1662 3657 eo
1702 3606 1844 3672 quod
1885 3621 1946 3660 ex
1989 3606 2096 3662 Deo

535 3697 697 3742 natus
729 3689 834 3742 sit:
866 3688 1050 3744 Omnis
1074 3692 1253 3761 igitur,
1293 3695 1382 3761 qui
1415 3711 1480 3748 ea:
1513 3695 1617 3748 Deo
1647 3706 1800 3750 natus
1835 3707 1937 3762 est,
1976 3715 2097 3766 pec—

532 3787 708 3829 catum
738 3794 840 3830 non
870 3781 1142 3832 committit
1193 3782 1260 3846 ⁷⁵,
1318 3798 1417 3837 nec
1480 3793 1658 3838 tamen
1707 3797 1967 3855 sertptnm
2015 3796 2096 3842 est

533 3867 676 3934 quod
697 3868 878 3920 omnis
909 3881 1068 3924 natus
1096 3886 1159 3924 ex
1184 3871 1404 3926 diabolo
1432 3913 1448 3938 ,
1483 3874 1750 3941 justitiam
1800 3893 1903 3930 non
1944 3893 2095 3933 com-

537 3961 733 4024 mittit;
765 3961 859 4014 sed
887 3977 901 4014 :
928 3962 1032 4026 Qui
1061 3965 1335 4018 committit
1355 3976 1645 4032 peccatum,
1670 3984 1734 4021 ea:
1763 3968 1971 4022 diabolo
1997 3980 2093 4024 est.

535 4048 744 4102 Rursus
777 4064 878 4101 non
907 4053 1361 4118 quemadmodum
1394 4056 1598 4110 dictum
1645 4067 1724 4112 est
1753 4075 1769 4114 :
1809 4058 1914 4123 Qui
1956 4076 2097 4113 com-

535 4139 692 4190 mittit
718 4147 1008 4205 peccatum,
1038 4156 1104 4194 ea;
1123 4142 1330 4196 diabolo
1354 4156 1428 4198 est
1465 4148 1534 4208 ⁷⁷,
1567 4147 1644 4201 ita
1679 4149 1939 4218 scriptum
1967 4161 2050 4205 est
2077 4168 2092 4206 :

536 4226 639 4292 Qui
683 4227 975 4283 committit
1011 4228 1306 4298 juStitiatn,
1351 4245 1418 4284 ex
1468 4232 1578 4288 Deo
1627 4246 1732 4291 est.
1795 4239 1863 4292 Et
1902 4239 2096 4293 adhibe

2202 3033 2403 3110 τάνειν.
2448 3055 2570 3105 Ἔτι
2603 3053 2812 3122 φήσεις,
2859 3050 2962 3111 ὅτι,
3003 3046 3207 3114 Ὑμεῖς
3251 3042 3458 3098 ποιεῖτε
3505 3037 3566 3091 τὰ
3603 3033 3710 3101 ἔργα

2202 3148 2308 3202 τοῦ
2367 3143 2589 3213 πατρὸς
2647 3142 2812 3211 ὑμῶν
2836 3182 2850 3207 ,
2901 3139 2990 3191 ὁτὲ
3032 3137 3130 3209 μὲν
3163 3136 3363 3204 λέγοιτ’
3390 3135 3453 3189 ἂν
3479 3123 3711 3222 πρρςᾷτοξς

2203 3241 2351 3302 υἱοὺς
2381 3236 2475 3289 τοῦ
2509 3233 2755 3287 διαϐόλου
2777 3271 2791 3296 ,
2835 3231 2924 3284 ὁτὲ
2983 3229 3118 3301 πρὸς
3147 3230 3281 3290 τοὺς
3313 3224 3455 3287 υἱοὺς
3481 3218 3562 3274 τοῦ
3588 3216 3706 3270 Θεοῦ.

2203 3332 2267 3383 Οἱ
2303 3328 2402 3399 μὲν
2433 3326 2543 3398 γὰρ
2574 3323 2976 3395 ἁμαρτάνοντες
3013 3317 3235 3372 ποιοῦσι
3278 3317 3346 3370 τὰ
3388 3315 3515 3386 ἔργα
3534 3309 3610 3363 τοῦ
3634 3322 3709 3404 σξα-

2202 3421 2327 3493 τρὸς
2365 3417 2544 3471 αὐτῶν
2593 3414 2840 3469 διαϐόλου
2863 3428 2878 3443 ο
2927 3413 2976 3464 oi
3029 3410 3084 3462 δὲ
3123 3406 3504 3493 κατορθοῦντες
3545 3411 3710 3493 sunteas:

2200 3490 2271 3562 τά
2303 3507 2437 3577 ἔργα
2469 3503 2561 3557 τοῦ
2596 3502 2808 3574 Πατρός
2857 3497 3036 3553 αὐτῶν
3082 3497 3246 3549 Θεοῦ.
3283 3494 3436 3554 Εἰκὸς
3460 3491 3510 3543 δὲ
3543 3490 3710 3577 exsati-

2200 3615 2306 3650 των
2331 3573 2451 3648 τινὰ
2485 3573 2893 3664 κινηθήσεσθαι,
2928 3588 3002 3660 μὴ
3035 3588 3143 3658 ἄρα
3163 3587 3383 3654 δύνηται
3401 3583 3498 3653 (95)
3519 3581 3544 3632 ό
3567 3573 3706 3634 αὺτόςι

2199 3690 2277 3759 τῷ
2316 3690 2484 3741 ποιεῖν
2517 3684 2698 3752 ἁγαθὰ
2729 3683 2821 3736 καὶ
2855 3679 3066 3751 πονηρὰ
3123 3679 3260 3750 ἔργα
3296 3677 3397 3730 ἀνα
3439 3673 3601 3744 μέρος,
3643 3664 3708 3759 διὰ

2205 3753 2301 3850 μὲν
2344 3777 2411 3830 τὰ
2443 3773 2622 3845 ἀγαθὰ
2653 3774 2842 3827 τέκνον
2867 3767 3004 3824 εἶναι
3051 3769 3212 3831 Θεοῦ,
3245 3767 3330 3820 διὰ
3359 3765 3412 3818 δὲ
3442 3761 3504 3856 τά

2200 3872 2386 3924 τέκνον
2433 3869 2526 3922 τοῦ
2571 3866 2838 3922 διαϐόλου.
2881 3863 3041 3918 Ἀλλὰ
3078 3861 3241 3915 τοῦτο
3267 3858 3400 3930 πρὸς
3430 3854 3503 3924 τῷ
3546 3850 3708 3914 ἀλογω-

2199 3979 2356 4016 τατον
2395 3957 2533 4014 εἶναι
2566 3959 2625 4012 οὐ
2666 3955 2920 4028 δηλοῦται
2970 3951 3080 4010 ἁπό
3113 3951 3222 4004 τῶν
3259 3946 3452 4021 ῥητῶν.
3505 3932 3709 4028 Ἀποφαί·

2201 4066 2348 4104 νεται
2374 4048 2480 4118 γὰρ
2516 4048 2544 4100 ὁ
2585 4024 2857 4114 Ἰωάννης,
2909 4043 2992 4096 ὅτι
3039 4041 3150 4104 πᾶς
3279 4029 3642 4130 γεγεννημένος
3662 4024 3710 4121 ἐξ

2201 4139 2294 4193 τοῦ
2305 4137 2444 4192 ’Θεοῦ
2463 4134 2734 4206 ἁμαρτίαν
2755 4132 2818 4187 οὐ
2839 4132 3001 4194 ποιεί,
3024 4130 3106 4182 ὅτι
3124 4127 3347 4198 σπέρμα
3361 4119 3511 4176 αὐτοῦ
3532 4121 3580 4210 ἐν

2205 4231 2372 4303 μένει,
2420 4228 2514 4282 καὶ
2541 4228 2600 4280 οὐ
2628 4224 2849 4278 δύναται
2898 4220 3255 4295 ἁμαρτάνειν,
3289 4219 3368 4271 ὅτι
3409 4217 3469 4267 ὲκ
3498 4208 3578 4303 τοῦ
3605 4206 3708 4303 Deo?

532 4320 775 4375 animum
827 4322 895 4375 ad
944 4323 1280 4378 diﬂerentias
1335 4322 1806 4394 propositionum,
1854 4344 2088 4399 quonam

2200 4298 2531 4394 γεγέννηται.
2562 4316 2686 4382 Πᾶς
2729 4315 2907 4369 τοίνυν
2937 4317 2970 4368 ό
2999 4313 3370 4383 γεννώμενος
3395 4307 3459 4360 ἐκ
3479 4299 3579 4399 τοῦ
3597 4298 3711 4399 Θεοῦ

532 4422 692 4480 pacto
719 4428 840 4468 cum
868 4414 1015 4469 omni
1050 4414 1329 4482 diligentia
1352 4434 1380 4471 a
1405 4415 1614 4472 Joanne
1651 4419 1813 4474 dicta:
1844 4420 2046 4478 fuerint
2073 4441 2090 4480 :

534 4504 670 4560 adeo
697 4513 756 4558 ut
776 4504 1005 4558 miretur
1028 4505 1225 4575 aliquis
1247 4509 1513 4576 qumnodo
1547 4510 2095 4579 irreprehensibiliter

540 4612 597 4657 et
642 4606 698 4649 ut
728 4598 945 4666 quidam
976 4597 1243 4664 dicereut,
1272 4600 1578 4669 dialectice,
1607 4601 1713 4656 illis
1738 4617 1879 4670 usus,
1907 4603 2091 4671 fuerit,

532 4682 734 4738 similia
759 4699 870 4740 non
923 4687 1158 4743 aﬂ'erens
1196 4689 1262 4745 de
1318 4692 1402 4747 his
1443 4693 1535 4762 qui
1581 4704 1710 4747 sunt
1765 4709 1830 4749 ex
1883 4695 2097 4750 diabolo

532 4779 706 4849 deque
741 4781 824 4835 his
863 4783 953 4850 qui
988 4792 1115 4838 sunt
1155 4799 1219 4838 ex
1276 4785 1426 4840 Deo:
1462 4785 1714 4841 similiter
1759 4801 1887 4841 vero
1933 4794 2092 4840 extu-

531 4868 702 4934 lisset,
726 4872 770 4926 si
803 4876 1133 4944 scripsisset,
1171 4880 1651 4947 quemadmodutn,
1684 4878 1790 4945 Qui
1821 4888 2090 4946 peccatum

531 4962 918 5029 contmittit,'ea;
953 4963 1165 5023 diabolo
1191 4978 1294 5034 est;
1316 4971 1413 5036 ita,
1430 4969 1531 5036 Qui
1549 4971 1816 5041 justitiam
1837 4972 2089 5025 commit-

2199 4383 2492 4482 ἁμαρτίαν
2535 4411 2606 4463 οὐ
2648 4406 2836 4461 ποιεῖ’
2868 4405 2929 4458 οὐ
2965 4403 3071 4475 μὴν
3104 4403 3443 4473 γέγραπται,
3475 4397 3548 4488 ὅτι
3575 4383 3713 4488 τιᾶςρ

2200 4501 2594 4574 γεγεννημένος
2623 4501 2687 4553 ὲκ
2714 4497 2806 4552 τοῦ
2847 4495 3092 4551 διαϐόλου
3129 4490 3472 4558 δικαιοσύνην
3499 4485 3554 4538 οὐ

2199 4568 2318 4643 ἁλλ’
2339 4590 2393 4640 Ὀ
2414 4568 2599 4642 ποιῶν
2627 4584 2743 4653 τὴν
2770 4583 3060 4654 ἁμαρτίαν
3087 4582 3156 4635 ἐκ
3180 4581 3288 4635 τοῦ
3305 4577 3568 4633 διαϐόλου
3586 4568 3710 4622 ἐστίο

2195 4679 2364 4734 Πάλιν
2391 4679 2511 4748 οὐχὶ
2540 4677 2727 4748 ὣσπερ
2753 4675 2966 4748 εἴρηται
2987 4693 3001 4707 ·
3043 4674 3106 4727 '0
3132 4673 3320 4727 ποιῶν
3338 4669 3448 4737 τὴν
3470 4658 3711 4764 (immiti:

2193 4770 2262 4824 ἐκ
2311 4769 2418 4822 τοῦ
2457 4747 2736 4821 διαϐάλοι)
2769 4747 2958 4830 ἐστὶν,
3009 4764 3180 4827 οὕτως
3225 4761 3628 4831 ἀναγέγραπται⁸
3664 4747 3709 4797 ’0

2197 4861 2362 4913 ποιῶν
2387 4859 2486 4931 τὴν
2505 4858 2845 4929 δικαιοσύνην
2866 4859 2930 4910 ὲκ
2950 4855 3042 4910 τοῦ
3069 4855 3204 4910 Θεοῦ
3232 4859 3368 4908 ἐστι.
3397 4850 3498 4905 Καὶ
3516 4844 3709 4931 πρόσχες

2195 4953 2315 5012 ταῖς
2350 4949 2631 5021 διαφοραῖς
2661 4948 2768 5002 τῶν
2797 4948 3114 5021 προτάσεων
3138 4986 3154 5010 ,
3200 4946 3323 5000 τίνα
3377 4941 3558 5014 τρόπον
3599 4926 3707 5004 μετά

595 5127 637 5158 ⁷⁸
672 5127 864 5184 IJoan.
886 5131 1094 5195 ttt,8et
1120 5131 1204 5187 £0.
1277 5133 1323 5164 ⁷³
1349 5133 1478 5189 ibid.
1509 5134 1563 5188 9.
1636 5133 1681 5164 ⁷³
1706 5133 1835 5188 ibid.
1858 5134 1940 5188 10.
2023 5135 2098 5188 ⁷⁵,

2200 5137 2229 5188 I.
2253 5135 2308 5189 6.
2383 5135 2428 5166 ⁷⁸
2446 5133 2578 5189 ibid.
2613 5133 2702 5187 Η.
2778 5129 2860 5184 "l
2886 5130 3045 5188 Joan.
3077 5129 3235 5196 ut,9.
3305 5122 3497 5180 "ibid.
3523 5117 3570 5172 8.

600 5252 856 5336 (8_8)"0tt
888 5266 957 5320 δὲ
983 5267 1081 5322 διὰ
1105 5269 1192 5333 τό,
1219 5277 1325 5324 etc.
1377 5267 1433 5322 in
1493 5269 1680 5324 codice
1717 5267 1888 5336 Regio
1946 5267 2098 5321 deest

528 5331 843 5410 §é.'lbi_detn
882 5353 988 5392 non
1027 5338 1154 5410 legit
1180 5331 1187 5333 ﬁ
1214 5338 1498 5394 Ferrarius
1557 5337 1711 5410 ἔργα,
1763 5331 1858 5392 sed
1907 5335 2096 5403 τέκνα,

525 5401 728 5478 justiti
751 5401 907 5478 _J_oo_n.
933 5423 1013 5478 ιῃ,
1048 5401 1136 5474 ll),
1167 5409 1312 5478 quod
1349 5417 1552 5463 rectum
1586 5401 1823 5462 videtur.

745 5472 922 5550 godex
936 5471 1363 5550 ‘Regiu'sfmale,
1384 5478 1814 5550 προειρημένων.

604 5539 716 5646 sit?!
739 5542 1014 5646 ’ἑτξιέξάε
1038 5539 1104 5646 Ἐξ·
1131 5548 1313 5646 satis
1336 5539 1503 5646 "tte?
1531 5539 1814 5646 “2535335

605 5609 716 5680 (9i)
745 5609 926 5667 Codex
965 5614 1314 5681 Bodleianus,
1363 5609 1525 5684 recte,
1562 5618 1590 5668 6
1633 5620 1690 5671 ἐν
1725 5618 1869 5684 αὐτῷ
1918 5618 2092 5684 μένων

2192 5267 2292 5351 “ix
2322 5263 2622 5351 ᾁμαρτδὲνει
2644 5279 2658 5293 ⁹
2691 5262 2892 5332 Regius
2917 5276 3200 5332 perperam
3232 5259 3392 5313 habet
3417 5255 3444 5306 ό
3473 5253 3526 5304 ἐν
3557 5239 3707 5298 αὐτῶν

2193 5337 2787 5488 ουξνὲξιέεξειέῗῗάζοεις.
2825 5400 2917 5456 Sic
2946 5401 3116 5458 codex
3149 5397 3494 5454 Bodleianus;
3532 5378 3704 5449 Βειῖυι

2749 5541 2840 5588 Sic
2891 5541 3059 5588 codex
3131 5535 3478 5588 BodleiattUS'.
3532 5514 3702 5588 Regi”

2263 5537 2376 5612 (93)
2406 5537 2681 5608 Δῦνηταῖ.
2749 5541 2840 5596 Sic
2891 5541 3059 5597 codex
3131 5537 3478 5594 Bodleiauus;

2192 5629 2338 5680 vero,
2371 5613 2608 5667 δύναται.
