  <div class='ocr_page' id='page_1' title='image "/cluster/home/n/w/nwhite01/storage/ocr_20150623/14/hvd.32044073501363/308.png"; bbox 0 0 3924 6196; ppageno 0'>
   <div class='ocr_carea' id='block_1_1' title="bbox 239 202 3550 275">
    <p class='ocr_par' dir='ltr' id='par_1_1' title="bbox 239 202 3550 275">
     <span class='ocr_line' id='line_1_1' title="bbox 239 202 3550 275; baseline 0.003 -19"><span class='ocrx_word' id='word_1_1' title='bbox 239 202 388 258; x_wconf 80' lang='lat'><strong>605</strong></span> <span class='ocrx_word' id='word_1_2' title='bbox 1348 202 1704 259; x_wconf 72' lang='lat' dir='ltr'><strong>COMMENT.</strong></span> <span class='ocrx_word' id='word_1_3' title='bbox 1746 204 1812 256; x_wconf 82' lang='lat' dir='ltr'><strong>IN</strong></span> <span class='ocrx_word' id='word_1_4' title='bbox 1852 204 2045 260; x_wconf 74' lang='lat' dir='ltr'><strong>JOAN.</strong></span> <span class='ocrx_word' id='word_1_5' title='bbox 2082 205 2320 262; x_wconf 74' lang='lat' dir='ltr'><strong>TOMUS</strong></span> <span class='ocrx_word' id='word_1_6' title='bbox 2356 207 2473 272; x_wconf 70' lang='lat' dir='ltr'><strong>XX.</strong></span> <span class='ocrx_word' id='word_1_7' title='bbox 3445 217 3550 275; x_wconf 70' lang='lat'><em>606</em></span> 
     </span>
    </p>
   </div>
   <div class='ocr_carea' id='block_1_2' title="bbox 241 323 1857 402">
    <p class='ocr_par' dir='ltr' id='par_1_2' title="bbox 241 323 1857 396">
     <span class='ocr_line' id='line_1_2' title="bbox 241 323 1857 396; baseline 0.001 -19"><span class='ocrx_word' id='word_1_8' title='bbox 241 324 476 394; x_wconf 78' lang='grc' dir='ltr'><strong>πάσης</strong></span> <span class='ocrx_word' id='word_1_9' title='bbox 510 323 794 395; x_wconf 80' lang='grc' dir='ltr'><strong>ἀκριϐείας</strong></span> <span class='ocrx_word' id='word_1_10' title='bbox 821 323 897 394; x_wconf 80' lang='grc' dir='ltr'><strong>τῷ</strong></span> <span class='ocrx_word' id='word_1_11' title='bbox 942 323 1161 396; x_wconf 82' lang='grc' dir='ltr'><strong>Ἰωάννῃ</strong></span> <span class='ocrx_word' id='word_1_12' title='bbox 1193 323 1458 394; x_wconf 83' lang='grc' dir='ltr'><strong>εἴρηνται·</strong></span> <span class='ocrx_word' id='word_1_13' title='bbox 1490 324 1622 378; x_wconf 78' lang='grc' dir='ltr'><strong>ὥστ’</strong></span> <span class='ocrx_word' id='word_1_14' title='bbox 1645 324 1713 380; x_wconf 79' lang='grc' dir='ltr'><strong>ὃν</strong></span> <span class='ocrx_word' id='word_1_15' title='bbox 1747 325 1857 379; x_wconf 64' lang='grc' dir='ltr'><strong>θαυι</strong></span> 
     </span>
    </p>
   </div>
   <div class='ocr_carea' id='block_1_3' title="bbox 1961 323 3546 402">
    <p class='ocr_par' dir='ltr' id='par_1_3' title="bbox 1981 327 3546 402">
     <span class='ocr_line' id='line_1_3' title="bbox 1981 327 3546 402; baseline 0.006 -23"><span class='ocrx_word' id='word_1_16' title='bbox 1981 327 2065 390; x_wconf 87' lang='lat' dir='ltr'><strong>tit,</strong></span> <span class='ocrx_word' id='word_1_17' title='bbox 2102 342 2169 382; x_wconf 83' lang='lat' dir='ltr'><strong>ex</strong></span> <span class='ocrx_word' id='word_1_18' title='bbox 2202 327 2310 382; x_wconf 89' lang='lat' dir='ltr'><strong>Deo</strong></span> <span class='ocrx_word' id='word_1_19' title='bbox 2334 336 2460 394; x_wconf 90' lang='lat' dir='ltr'><strong>est;</strong></span> <span class='ocrx_word' id='word_1_20' title='bbox 2506 327 2586 383; x_wconf 85' lang='lat' dir='ltr'><strong>vel</strong></span> <span class='ocrx_word' id='word_1_21' title='bbox 2631 329 2701 394; x_wconf 91' lang='lat' dir='ltr'><strong>si,</strong></span> <span class='ocrx_word' id='word_1_22' title='bbox 2735 330 3183 398; x_wconf 86' lang='lat' dir='ltr'><strong>quemadmodum</strong></span> <span class='ocrx_word' id='word_1_23' title='bbox 3207 333 3546 402; x_wconf 81' lang='lat' dir='ltr'><strong>scripserat:</strong></span> 
     </span>
    </p>
   </div>
   <div class='ocr_carea' id='block_1_4' title="bbox 245 415 1857 489">
    <p class='ocr_par' dir='ltr' id='par_1_4' title="bbox 245 415 1843 488">
     <span class='ocr_line' id='line_1_4' title="bbox 245 415 1843 488; baseline 0.001 -20"><span class='ocrx_word' id='word_1_24' title='bbox 245 415 467 486; x_wconf 83' lang='grc' dir='ltr'><strong>μάσαι</strong></span> <span class='ocrx_word' id='word_1_25' title='bbox 497 417 620 470; x_wconf 71' lang='grc' dir='ltr'><strong>τινὰ</strong></span> <span class='ocrx_word' id='word_1_26' title='bbox 655 415 772 479; x_wconf 82' lang='grc' dir='ltr'><strong>πῶς</strong></span> <span class='ocrx_word' id='word_1_27' title='bbox 804 415 1078 488; x_wconf 83' lang='grc' dir='ltr'><strong>ἁλήπτως,</strong></span> <span class='ocrx_word' id='word_1_28' title='bbox 1114 417 1229 480; x_wconf 76' lang='grc' dir='ltr'><strong>καὶ,</strong></span> <span class='ocrx_word' id='word_1_29' title='bbox 1256 415 1332 480; x_wconf 82' lang='grc' dir='ltr'><strong>ὡς</strong></span> <span class='ocrx_word' id='word_1_30' title='bbox 1365 417 1431 470; x_wconf 85' lang='grc' dir='ltr'><strong>ἂν</strong></span> <span class='ocrx_word' id='word_1_31' title='bbox 1459 417 1666 471; x_wconf 80' lang='grc' dir='ltr'><strong>εῐποιέν</strong></span> <span class='ocrx_word' id='word_1_32' title='bbox 1699 435 1843 481; x_wconf 84' lang='grc' dir='ltr'><strong>τινες</strong></span> 
     </span>
    </p>
   </div>
   <div class='ocr_carea' id='block_1_5' title="bbox 1961 415 3546 489">
    <p class='ocr_par' dir='ltr' id='par_1_5' title="bbox 1983 419 3546 489">
     <span class='ocr_line' id='line_1_5' title="bbox 1983 419 3546 489; baseline 0.004 -16"><span class='ocrx_word' id='word_1_33' title='bbox 1983 419 2168 473; x_wconf 73' lang='lat' dir='ltr'><strong>Omnis</strong></span> <span class='ocrx_word' id='word_1_34' title='bbox 2189 420 2280 489; x_wconf 84' lang='lat' dir='ltr'><strong>qui</strong></span> <span class='ocrx_word' id='word_1_35' title='bbox 2309 430 2462 474; x_wconf 79' lang='lat' dir='ltr'><strong>natm</strong></span> <span class='ocrx_word' id='word_1_36' title='bbox 2480 429 2556 474; x_wconf 78' lang='lat' dir='ltr'><strong>ut</strong></span> <span class='ocrx_word' id='word_1_37' title='bbox 2586 437 2652 474; x_wconf 73' lang='lat' dir='ltr'><strong>ex</strong></span> <span class='ocrx_word' id='word_1_38' title='bbox 2675 421 2805 484; x_wconf 84' lang='lat' dir='ltr'><strong>Deo,</strong></span> <span class='ocrx_word' id='word_1_39' title='bbox 2826 434 3094 488; x_wconf 80' lang='lat' dir='ltr'><strong>peccatum</strong></span> <span class='ocrx_word' id='word_1_40' title='bbox 3117 441 3218 479; x_wconf 83' lang='lat' dir='ltr'><strong>non</strong></span> <span class='ocrx_word' id='word_1_41' title='bbox 3247 426 3546 488; x_wconf 79' lang='lat' dir='ltr'><strong>committit.</strong></span> 
     </span>
    </p>
   </div>
   <div class='ocr_carea' id='block_1_6' title="bbox 245 506 1857 582">
    <p class='ocr_par' dir='ltr' id='par_1_6' title="bbox 245 506 1856 581">
     <span class='ocr_line' id='line_1_6' title="bbox 245 506 1856 581; baseline 0 -19"><span class='ocrx_word' id='word_1_42' title='bbox 245 506 653 572; x_wconf 79' lang='grc' dir='ltr'><strong>διαλεκτικῶς</strong></span> <span class='ocrx_word' id='word_1_43' title='bbox 713 506 1002 578; x_wconf 72' lang='grc' dir='ltr'><strong>ἐξήνεγκεν</strong></span> <span class='ocrx_word' id='word_1_44' title='bbox 1049 507 1217 572; x_wconf 80' lang='grc' dir='ltr'><strong>αὑτὰς</strong></span> <span class='ocrx_word' id='word_1_45' title='bbox 1241 548 1255 572; x_wconf 93' lang='grc'><strong>,</strong></span> <span class='ocrx_word' id='word_1_46' title='bbox 1307 507 1382 580; x_wconf 81' lang='grc' dir='ltr'><strong>μή</strong></span> <span class='ocrx_word' id='word_1_47' title='bbox 1424 509 1494 562; x_wconf 78' lang='grc' dir='ltr'><strong>τὰ</strong></span> <span class='ocrx_word' id='word_1_48' title='bbox 1547 511 1708 581; x_wconf 81' lang='grc' dir='ltr'><strong>ὃμοια</strong></span> <span class='ocrx_word' id='word_1_49' title='bbox 1766 509 1856 578; x_wconf 74' lang='grc'><strong>(94</strong></span> 
     </span>
    </p>
   </div>
   <div class='ocr_carea' id='block_1_7' title="bbox 1961 506 3541 582">
    <p class='ocr_par' dir='ltr' id='par_1_7' title="bbox 1978 507 3541 582">
     <span class='ocr_line' id='line_1_7' title="bbox 1978 507 3541 582; baseline 0.005 -21"><span class='ocrx_word' id='word_1_50' title='bbox 1978 509 2288 576; x_wconf 84' lang='lat' dir='ltr'><strong>scripsisset</strong></span> <span class='ocrx_word' id='word_1_51' title='bbox 2317 526 2330 562; x_wconf 92' lang='lat'><strong>:</strong></span> <span class='ocrx_word' id='word_1_52' title='bbox 2364 507 2555 565; x_wconf 83' lang='lat' dir='ltr'><strong>Omnis</strong></span> <span class='ocrx_word' id='word_1_53' title='bbox 2579 511 2670 580; x_wconf 86' lang='lat' dir='ltr'><strong>qui</strong></span> <span class='ocrx_word' id='word_1_54' title='bbox 2711 522 2870 566; x_wconf 84' lang='lat' dir='ltr'><strong>natus</strong></span> <span class='ocrx_word' id='word_1_55' title='bbox 2894 521 2978 566; x_wconf 92' lang='lat' dir='ltr'><strong>est</strong></span> <span class='ocrx_word' id='word_1_56' title='bbox 3020 529 3086 568; x_wconf 81' lang='lat' dir='ltr'><strong>ex</strong></span> <span class='ocrx_word' id='word_1_57' title='bbox 3118 514 3350 574; x_wconf 85' lang='lat' dir='ltr'><strong>diabolo.</strong></span> <span class='ocrx_word' id='word_1_58' title='bbox 3378 515 3541 582; x_wconf 85' lang='lat' dir='ltr'><strong>justi-</strong></span> 
     </span>
    </p>
   </div>
   <div class='ocr_carea' id='block_1_8' title="bbox 250 597 1857 674">
    <p class='ocr_par' dir='ltr' id='par_1_8' title="bbox 250 597 1857 670">
     <span class='ocr_line' id='line_1_8' title="bbox 250 597 1857 670; baseline 0.004 -20"><span class='ocrx_word' id='word_1_59' title='bbox 250 598 806 670; x_wconf 79' lang='grc' dir='ltr'><strong>προσενεγκάμενος</strong></span> <span class='ocrx_word' id='word_1_60' title='bbox 838 598 968 669; x_wconf 72' lang='grc' dir='ltr'><strong>περὶ</strong></span> <span class='ocrx_word' id='word_1_61' title='bbox 999 597 1107 650; x_wconf 85' lang='grc' dir='ltr'><strong>τῶν</strong></span> <span class='ocrx_word' id='word_1_62' title='bbox 1141 601 1204 652; x_wconf 86' lang='grc' dir='ltr'><strong>ἐκ</strong></span> <span class='ocrx_word' id='word_1_63' title='bbox 1229 597 1324 652; x_wconf 90' lang='grc' dir='ltr'><strong>τοῦ</strong></span> <span class='ocrx_word' id='word_1_64' title='bbox 1349 599 1620 666; x_wconf 88' lang='grc' dir='ltr'>διαϐόλου,</span> <span class='ocrx_word' id='word_1_65' title='bbox 1654 603 1747 656; x_wconf 78' lang='grc' dir='ltr'><strong>καὶ</strong></span> <span class='ocrx_word' id='word_1_66' title='bbox 1767 604 1857 656; x_wconf 51' lang='grc' dir='ltr'><strong>τῶς</strong></span> 
     </span>
    </p>
   </div>
   <div class='ocr_carea' id='block_1_9' title="bbox 1961 597 3549 674">
    <p class='ocr_par' dir='ltr' id='par_1_9' title="bbox 1979 597 3549 674">
     <span class='ocr_line' id='line_1_9' title="bbox 1979 597 3549 674; baseline 0.007 -26"><span class='ocrx_word' id='word_1_67' title='bbox 1979 597 2108 650; x_wconf 90' lang='lat' dir='ltr'><strong>tiatn</strong></span> <span class='ocrx_word' id='word_1_68' title='bbox 2167 614 2274 652; x_wconf 91' lang='lat' dir='ltr'><strong>non</strong></span> <span class='ocrx_word' id='word_1_69' title='bbox 2337 601 2652 656; x_wconf 86' lang='lat' dir='ltr'><strong>committit.</strong></span> <span class='ocrx_word' id='word_1_70' title='bbox 2699 599 2894 657; x_wconf 79' lang='lat' dir='ltr'><strong>Annon</strong></span> <span class='ocrx_word' id='word_1_71' title='bbox 2936 604 3102 658; x_wconf 86' lang='lat' dir='ltr'><strong>etiam</strong></span> <span class='ocrx_word' id='word_1_72' title='bbox 3151 605 3549 674; x_wconf 81' lang='lat' dir='ltr'><strong>sapientissime</strong></span> 
     </span>
    </p>
   </div>
   <div class='ocr_carea' id='block_1_10' title="bbox 1976 686 3546 763">
    <p class='ocr_par' dir='ltr' id='par_1_10' title="bbox 1976 686 3546 763">
     <span class='ocr_line' id='line_1_10' title="bbox 1976 686 3546 763; baseline 0.005 -24"><span class='ocrx_word' id='word_1_73' title='bbox 1976 686 2268 742; x_wconf 83' lang='lat' dir='ltr'><strong>admodum</strong></span> <span class='ocrx_word' id='word_1_74' title='bbox 2297 689 2475 758; x_wconf 86' lang='lat' dir='ltr'><strong>posuit</strong></span> <span class='ocrx_word' id='word_1_75' title='bbox 2505 690 2726 744; x_wconf 82' lang='lat' dir='ltr'><strong>verbum</strong></span> <span class='ocrx_word' id='word_1_76' title='bbox 2757 700 2921 763; x_wconf 74' lang='lat' dir='ltr'><strong>ert,et</strong></span> <span class='ocrx_word' id='word_1_77' title='bbox 2943 693 3261 748; x_wconf 83' lang='lat' dir='ltr'><strong>vocabulum</strong></span> <span class='ocrx_word' id='word_1_78' title='bbox 3308 692 3546 762; x_wconf 71' lang='lat' dir='ltr'><strong>genitus;</strong></span> 
     </span>
    </p>
   </div>
   <div class='ocr_carea' id='block_1_11' title="bbox 1975 777 3544 850">
    <p class='ocr_par' dir='ltr' id='par_1_11' title="bbox 1975 777 3544 850">
     <span class='ocr_line' id='line_1_11' title="bbox 1975 777 3544 850; baseline 0.007 -22"><span class='ocrx_word' id='word_1_79' title='bbox 1975 777 2198 830; x_wconf 82' lang='lat' dir='ltr'><strong>verbum</strong></span> <span class='ocrx_word' id='word_1_80' title='bbox 2239 787 2314 831; x_wconf 66' lang='lat' dir='ltr'><strong>est</strong></span> <span class='ocrx_word' id='word_1_81' title='bbox 2348 780 2550 834; x_wconf 90' lang='lat' dir='ltr'><strong>dictum</strong></span> <span class='ocrx_word' id='word_1_82' title='bbox 2593 783 2659 834; x_wconf 92' lang='lat' dir='ltr'><strong>de</strong></span> <span class='ocrx_word' id='word_1_83' title='bbox 2694 795 2758 834; x_wconf 88' lang='lat' dir='ltr'><strong>co</strong></span> <span class='ocrx_word' id='word_1_84' title='bbox 2784 781 2878 850; x_wconf 89' lang='lat' dir='ltr'><strong>qui</strong></span> <span class='ocrx_word' id='word_1_85' title='bbox 2915 797 2982 835; x_wconf 81' lang='lat' dir='ltr'><strong>ex</strong></span> <span class='ocrx_word' id='word_1_86' title='bbox 3030 782 3246 837; x_wconf 84' lang='lat' dir='ltr'><strong>diabolo</strong></span> <span class='ocrx_word' id='word_1_87' title='bbox 3290 793 3394 844; x_wconf 79' lang='lat' dir='ltr'><strong>est,</strong></span> <span class='ocrx_word' id='word_1_88' title='bbox 3440 799 3544 839; x_wconf 88' lang='lat' dir='ltr'><strong>non</strong></span> 
     </span>
    </p>
   </div>
   <div class='ocr_carea' id='block_1_12' title="bbox 1974 867 3544 939">
    <p class='ocr_par' dir='ltr' id='par_1_12' title="bbox 1974 867 3544 939">
     <span class='ocr_line' id='line_1_12' title="bbox 1974 867 3544 939; baseline 0.004 -20"><span class='ocrx_word' id='word_1_89' title='bbox 1974 881 2180 934; x_wconf 88' lang='lat' dir='ltr'><strong>ponens</strong></span> <span class='ocrx_word' id='word_1_90' title='bbox 2217 867 2288 922; x_wconf 90' lang='lat' dir='ltr'><strong>de</strong></span> <span class='ocrx_word' id='word_1_91' title='bbox 2333 869 2417 923; x_wconf 90' lang='lat' dir='ltr'><strong>his</strong></span> <span class='ocrx_word' id='word_1_92' title='bbox 2459 870 2552 939; x_wconf 87' lang='lat' dir='ltr'><strong>qui</strong></span> <span class='ocrx_word' id='word_1_93' title='bbox 2605 886 2671 924; x_wconf 78' lang='lat' dir='ltr'><strong>ex</strong></span> <span class='ocrx_word' id='word_1_94' title='bbox 2723 869 2832 924; x_wconf 85' lang='lat' dir='ltr'><strong>Deo</strong></span> <span class='ocrx_word' id='word_1_95' title='bbox 2885 881 3051 937; x_wconf 89' lang='lat' dir='ltr'><strong>sunt;</strong></span> <span class='ocrx_word' id='word_1_96' title='bbox 3118 881 3173 926; x_wconf 89' lang='lat' dir='ltr'><strong>et</strong></span> <span class='ocrx_word' id='word_1_97' title='bbox 3224 871 3544 926; x_wconf 85' lang='lat' dir='ltr'><strong>vocabulum</strong></span> 
     </span>
    </p>
   </div>
   <div class='ocr_carea' id='block_1_13' title="bbox 252 689 1878 765">
    <p class='ocr_par' dir='ltr' id='par_1_13' title="bbox 252 689 1878 765">
     <span class='ocr_line' id='line_1_13' title="bbox 252 689 1878 765; baseline 0.001 -21"><span class='ocrx_word' id='word_1_98' title='bbox 252 691 336 745; x_wconf 77' lang='grc' dir='ltr'><strong>ἐκ</strong></span> <span class='ocrx_word' id='word_1_99' title='bbox 376 690 486 744; x_wconf 82' lang='grc' dir='ltr'><strong>τοῦ</strong></span> <span class='ocrx_word' id='word_1_100' title='bbox 518 691 683 744; x_wconf 84' lang='grc' dir='ltr'><strong>Θεοῦ’</strong></span> <span class='ocrx_word' id='word_1_101' title='bbox 714 691 917 761; x_wconf 81' lang='grc' dir='ltr'><strong>ὁμοίως</strong></span> <span class='ocrx_word' id='word_1_102' title='bbox 967 690 1012 743; x_wconf 86' lang='grc' dir='ltr'>δ’</span> <span class='ocrx_word' id='word_1_103' title='bbox 1040 689 1106 743; x_wconf 80' lang='grc' dir='ltr'><strong>ἂν</strong></span> <span class='ocrx_word' id='word_1_104' title='bbox 1139 691 1456 762; x_wconf 81' lang='grc' dir='ltr'><strong>ἐξήνεγκεν,</strong></span> <span class='ocrx_word' id='word_1_105' title='bbox 1513 695 1563 746; x_wconf 81' lang='grc' dir='ltr'><strong>εί</strong></span> <span class='ocrx_word' id='word_1_106' title='bbox 1614 695 1878 765; x_wconf 87' lang='grc' dir='ltr'><strong>ἐπεποιή-</strong></span> 
     </span>
    </p>
   </div>
   <div class='ocr_carea' id='block_1_14' title="bbox 250 779 1875 854">
    <p class='ocr_par' dir='ltr' id='par_1_14' title="bbox 250 779 1875 854">
     <span class='ocr_line' id='line_1_14' title="bbox 250 779 1875 854; baseline 0.001 -18"><span class='ocrx_word' id='word_1_107' title='bbox 250 801 360 836; x_wconf 84' lang='grc' dir='ltr'><strong>κει</strong></span> <span class='ocrx_word' id='word_1_108' title='bbox 387 824 404 846; x_wconf 97' lang='grc'><strong>,</strong></span> <span class='ocrx_word' id='word_1_109' title='bbox 450 783 640 854; x_wconf 81' lang='grc' dir='ltr'><strong>ὥσπερ</strong></span> <span class='ocrx_word' id='word_1_110' title='bbox 681 782 769 835; x_wconf 89' lang='grc' dir='ltr'><strong>τό·</strong></span> <span class='ocrx_word' id='word_1_111' title='bbox 819 783 872 834; x_wconf 90' lang='lat'><strong>&#39;0</strong></span> <span class='ocrx_word' id='word_1_112' title='bbox 901 779 1088 835; x_wconf 81' lang='grc' dir='ltr'><strong>ποιῶν</strong></span> <span class='ocrx_word' id='word_1_113' title='bbox 1143 780 1261 849; x_wconf 81' lang='grc' dir='ltr'><strong>τὴν</strong></span> <span class='ocrx_word' id='word_1_114' title='bbox 1316 781 1611 851; x_wconf 82' lang='grc' dir='ltr'><strong>ἁμαρτίαν</strong></span> <span class='ocrx_word' id='word_1_115' title='bbox 1657 784 1727 837; x_wconf 84' lang='grc' dir='ltr'><strong>ἐκ</strong></span> <span class='ocrx_word' id='word_1_116' title='bbox 1766 784 1875 839; x_wconf 85' lang='grc' dir='ltr'><strong>τοῦ</strong></span> 
     </span>
    </p>
   </div>
   <div class='ocr_carea' id='block_1_15' title="bbox 252 873 1875 948">
    <p class='ocr_par' dir='ltr' id='par_1_15' title="bbox 252 873 1875 948">
     <span class='ocr_line' id='line_1_15' title="bbox 252 873 1875 948; baseline 0.002 -23"><span class='ocrx_word' id='word_1_117' title='bbox 252 873 577 928; x_wconf 67' lang='grc' dir='ltr'>διαϐόλου</span> <span class='ocrx_word' id='word_1_118' title='bbox 617 873 822 938; x_wconf 71' lang='grc' dir='ltr'><strong>ἐστὶν,</strong></span> <span class='ocrx_word' id='word_1_119' title='bbox 853 873 1059 938; x_wconf 75' lang='grc' dir='ltr'><strong>οὕτως·</strong></span> <span class='ocrx_word' id='word_1_120' title='bbox 1092 875 1152 928; x_wconf 77' lang='grc' dir='ltr'>Ὀ</span> <span class='ocrx_word' id='word_1_121' title='bbox 1199 873 1368 927; x_wconf 86' lang='grc' dir='ltr'><strong>ποιῶν</strong></span> <span class='ocrx_word' id='word_1_122' title='bbox 1397 874 1495 946; x_wconf 84' lang='grc' dir='ltr'><strong>τὴν</strong></span> <span class='ocrx_word' id='word_1_123' title='bbox 1529 875 1875 948; x_wconf 83' lang='grc' dir='ltr'><strong>δικαιοσύνην</strong></span> 
     </span>
    </p>
   </div>
   <div class='ocr_carea' id='block_1_16' title="bbox 255 964 1874 1038">
    <p class='ocr_par' dir='ltr' id='par_1_16' title="bbox 255 964 1874 1038">
     <span class='ocr_line' id='line_1_16' title="bbox 255 964 1874 1038; baseline 0.001 -20"><span class='ocrx_word' id='word_1_124' title='bbox 255 967 335 1018; x_wconf 80' lang='grc' dir='ltr'><strong>ἐκ</strong></span> <span class='ocrx_word' id='word_1_125' title='bbox 372 964 479 1018; x_wconf 91' lang='grc' dir='ltr'><strong>τοῦ</strong></span> <span class='ocrx_word' id='word_1_126' title='bbox 508 965 641 1018; x_wconf 89' lang='grc' dir='ltr'><strong>Θεοῦ</strong></span> <span class='ocrx_word' id='word_1_127' title='bbox 676 967 858 1018; x_wconf 75' lang='grc' dir='ltr'><strong>ἐστιν’</strong></span> <span class='ocrx_word' id='word_1_128' title='bbox 895 965 928 1038; x_wconf 79' lang='grc' dir='ltr'>ἢ</span> <span class='ocrx_word' id='word_1_129' title='bbox 961 967 1010 1018; x_wconf 82' lang='grc' dir='ltr'><strong>εί</strong></span> <span class='ocrx_word' id='word_1_130' title='bbox 1043 965 1154 1037; x_wconf 83' lang='grc'>(95)</span> <span class='ocrx_word' id='word_1_131' title='bbox 1187 964 1378 1036; x_wconf 84' lang='grc' dir='ltr'><strong>ὥσπερ</strong></span> <span class='ocrx_word' id='word_1_132' title='bbox 1421 968 1747 1036; x_wconf 80' lang='grc' dir='ltr'><strong>ἀνέγραφεν,</strong></span> <span class='ocrx_word' id='word_1_133' title='bbox 1791 969 1874 1020; x_wconf 84' lang='grc' dir='ltr'><strong>ὃτι</strong></span> 
     </span>
    </p>
   </div>
   <div class='ocr_carea' id='block_1_17' title="bbox 256 1053 1875 1126">
    <p class='ocr_par' dir='ltr' id='par_1_17' title="bbox 256 1053 1875 1126">
     <span class='ocr_line' id='line_1_17' title="bbox 256 1053 1875 1126; baseline 0.002 -17"><span class='ocrx_word' id='word_1_134' title='bbox 256 1053 408 1122; x_wconf 85' lang='grc' dir='ltr'><em>Πᾶς</em></span> <span class='ocrx_word' id='word_1_135' title='bbox 439 1058 474 1109; x_wconf 84' lang='grc' dir='ltr'><strong>ό</strong></span> <span class='ocrx_word' id='word_1_136' title='bbox 513 1054 952 1126; x_wconf 72' lang='grc' dir='ltr'><strong>γεγεννημένος</strong></span> <span class='ocrx_word' id='word_1_137' title='bbox 1003 1056 1073 1110; x_wconf 82' lang='grc' dir='ltr'><strong>ἐκ</strong></span> <span class='ocrx_word' id='word_1_138' title='bbox 1124 1055 1230 1110; x_wconf 89' lang='grc' dir='ltr'><strong>τοῦ</strong></span> <span class='ocrx_word' id='word_1_139' title='bbox 1281 1055 1430 1111; x_wconf 84' lang='grc' dir='ltr'><strong>Θεοῦ</strong></span> <span class='ocrx_word' id='word_1_140' title='bbox 1471 1057 1766 1126; x_wconf 78' lang='grc' dir='ltr'><strong>ἁμαρτίαν</strong></span> <span class='ocrx_word' id='word_1_141' title='bbox 1801 1060 1875 1112; x_wconf 84' lang='grc' dir='ltr'><strong>οὐ</strong></span> 
     </span>
    </p>
   </div>
   <div class='ocr_carea' id='block_1_18' title="bbox 258 1147 1872 1219">
    <p class='ocr_par' dir='ltr' id='par_1_18' title="bbox 258 1147 1872 1219">
     <span class='ocr_line' id='line_1_18' title="bbox 258 1147 1872 1219; baseline 0.001 -19"><span class='ocrx_word' id='word_1_142' title='bbox 258 1149 470 1210; x_wconf 84' lang='grc' dir='ltr'><strong>ποιεῖ,</strong></span> <span class='ocrx_word' id='word_1_143' title='bbox 525 1149 845 1219; x_wconf 74' lang='grc' dir='ltr'><strong>ἐπεποιήκει</strong></span> <span class='ocrx_word' id='word_1_144' title='bbox 886 1147 977 1201; x_wconf 87' lang='grc' dir='ltr'><strong>τό·</strong></span> <span class='ocrx_word' id='word_1_145' title='bbox 1007 1149 1123 1211; x_wconf 77' lang='grc' dir='ltr'><strong>Πᾶς</strong></span> <span class='ocrx_word' id='word_1_146' title='bbox 1163 1150 1193 1202; x_wconf 98' lang='lat'><strong>6</strong></span> <span class='ocrx_word' id='word_1_147' title='bbox 1229 1149 1629 1219; x_wconf 83' lang='grc' dir='ltr'><strong>γεγεννημένος</strong></span> <span class='ocrx_word' id='word_1_148' title='bbox 1683 1150 1748 1201; x_wconf 83' lang='grc' dir='ltr'><strong>ἐκ</strong></span> <span class='ocrx_word' id='word_1_149' title='bbox 1778 1149 1872 1202; x_wconf 87' lang='grc' dir='ltr'><strong>τοῦ</strong></span> 
     </span>
    </p>
   </div>
   <div class='ocr_carea' id='block_1_19' title="bbox 257 1235 1869 1310">
    <p class='ocr_par' dir='ltr' id='par_1_19' title="bbox 257 1235 1869 1310">
     <span class='ocr_line' id='line_1_19' title="bbox 257 1235 1869 1310; baseline 0.001 -21"><span class='ocrx_word' id='word_1_150' title='bbox 257 1235 534 1290; x_wconf 85' lang='grc' dir='ltr'>διαϐόλου</span> <span class='ocrx_word' id='word_1_151' title='bbox 566 1236 914 1309; x_wconf 84' lang='grc' dir='ltr'><strong>δικαιοσύνην</strong></span> <span class='ocrx_word' id='word_1_152' title='bbox 944 1237 1004 1290; x_wconf 84' lang='grc' dir='ltr'><strong>οὐ</strong></span> <span class='ocrx_word' id='word_1_153' title='bbox 1035 1239 1199 1300; x_wconf 76' lang='grc' dir='ltr'><strong>ποιεῖ.</strong></span> <span class='ocrx_word' id='word_1_154' title='bbox 1242 1240 1470 1310; x_wconf 83' lang='grc' dir='ltr'><strong>Μήποτε</strong></span> <span class='ocrx_word' id='word_1_155' title='bbox 1519 1238 1576 1291; x_wconf 85' lang='grc' dir='ltr'><strong>δέ</strong></span> <span class='ocrx_word' id='word_1_156' title='bbox 1629 1239 1722 1292; x_wconf 70' lang='grc' dir='ltr'><strong>καὶ</strong></span> <span class='ocrx_word' id='word_1_157' title='bbox 1749 1237 1828 1309; x_wconf 85' lang='grc' dir='ltr'><strong>τῷ</strong></span> <span class='ocrx_word' id='word_1_158' title='bbox 1853 1280 1869 1306; x_wconf 92' lang='grc'>,</span> 
     </span>
    </p>
   </div>
   <div class='ocr_carea' id='block_1_20' title="bbox 261 1326 1874 1400">
    <p class='ocr_par' dir='ltr' id='par_1_20' title="bbox 261 1326 1874 1400">
     <span class='ocr_line' id='line_1_20' title="bbox 261 1326 1874 1400; baseline 0.002 -22"><span class='ocrx_word' id='word_1_159' title='bbox 261 1326 479 1389; x_wconf 78' lang='grc' dir='ltr'><strong>ἐστὶν,</strong></span> <span class='ocrx_word' id='word_1_160' title='bbox 516 1327 789 1398; x_wconf 73' lang='grc' dir='ltr'><strong>εἰρημένῳ</strong></span> <span class='ocrx_word' id='word_1_161' title='bbox 821 1327 916 1380; x_wconf 79' lang='grc' dir='ltr'><strong>ἐπὶ</strong></span> <span class='ocrx_word' id='word_1_162' title='bbox 948 1326 1044 1379; x_wconf 91' lang='grc' dir='ltr'><strong>τοῦ</strong></span> <span class='ocrx_word' id='word_1_163' title='bbox 1081 1329 1148 1381; x_wconf 89' lang='grc' dir='ltr'><strong>ἐκ</strong></span> <span class='ocrx_word' id='word_1_164' title='bbox 1173 1328 1270 1381; x_wconf 91' lang='grc' dir='ltr'><strong>τοῦ</strong></span> <span class='ocrx_word' id='word_1_165' title='bbox 1315 1327 1590 1392; x_wconf 91' lang='grc' dir='ltr'>διαϐόλου,</span> <span class='ocrx_word' id='word_1_166' title='bbox 1629 1327 1703 1400; x_wconf 83' lang='grc' dir='ltr'><strong>μὴ</strong></span> <span class='ocrx_word' id='word_1_167' title='bbox 1736 1346 1874 1400; x_wconf 85' lang='grc' dir='ltr'><strong>χρη-</strong></span> 
     </span>
    </p>
   </div>
   <div class='ocr_carea' id='block_1_21' title="bbox 265 1417 1869 1490">
    <p class='ocr_par' dir='ltr' id='par_1_21' title="bbox 265 1417 1869 1490">
     <span class='ocr_line' id='line_1_21' title="bbox 265 1417 1869 1490; baseline 0.002 -20"><span class='ocrx_word' id='word_1_168' title='bbox 265 1417 520 1489; x_wconf 79' lang='grc' dir='ltr'><strong>σάμενος</strong></span> <span class='ocrx_word' id='word_1_169' title='bbox 553 1419 643 1470; x_wconf 72' lang='grc' dir='ltr'><strong>ἐπὶ</strong></span> <span class='ocrx_word' id='word_1_170' title='bbox 672 1418 778 1471; x_wconf 84' lang='grc' dir='ltr'><strong>τῶν</strong></span> <span class='ocrx_word' id='word_1_171' title='bbox 807 1420 873 1472; x_wconf 86' lang='grc' dir='ltr'><strong>ἐκ</strong></span> <span class='ocrx_word' id='word_1_172' title='bbox 899 1419 994 1474; x_wconf 89' lang='grc' dir='ltr'><strong>τοῦ</strong></span> <span class='ocrx_word' id='word_1_173' title='bbox 1023 1419 1186 1482; x_wconf 91' lang='grc' dir='ltr'><strong>Θεοῦ,</strong></span> <span class='ocrx_word' id='word_1_174' title='bbox 1217 1419 1250 1490; x_wconf 82' lang='grc' dir='ltr'>ἢ</span> <span class='ocrx_word' id='word_1_175' title='bbox 1285 1419 1384 1489; x_wconf 84' lang='grc' dir='ltr'><strong>τῷ,</strong></span> <span class='ocrx_word' id='word_1_176' title='bbox 1416 1419 1869 1489; x_wconf 76' lang='grc' dir='ltr'><strong>γεγεννημένος,</strong></span> 
     </span>
    </p>
   </div>
   <div class='ocr_carea' id='block_1_22' title="bbox 265 1509 1874 1582">
    <p class='ocr_par' dir='ltr' id='par_1_22' title="bbox 265 1509 1874 1582">
     <span class='ocr_line' id='line_1_22' title="bbox 265 1509 1874 1582; baseline 0.001 -20"><span class='ocrx_word' id='word_1_177' title='bbox 265 1510 759 1582; x_wconf 82' lang='grc' dir='ltr'><strong>ἀναγεγραμμένῳ</strong></span> <span class='ocrx_word' id='word_1_178' title='bbox 790 1511 884 1564; x_wconf 78' lang='grc' dir='ltr'><strong>ἐπὶ</strong></span> <span class='ocrx_word' id='word_1_179' title='bbox 907 1511 1016 1564; x_wconf 86' lang='grc' dir='ltr'><strong>τῶν</strong></span> <span class='ocrx_word' id='word_1_180' title='bbox 1039 1513 1104 1564; x_wconf 88' lang='grc' dir='ltr'><strong>ἐκ</strong></span> <span class='ocrx_word' id='word_1_181' title='bbox 1126 1511 1222 1564; x_wconf 91' lang='grc' dir='ltr'><strong>τοῦ</strong></span> <span class='ocrx_word' id='word_1_182' title='bbox 1251 1511 1412 1573; x_wconf 88' lang='grc' dir='ltr'><strong>Θεοῦ,</strong></span> <span class='ocrx_word' id='word_1_183' title='bbox 1447 1509 1522 1581; x_wconf 83' lang='grc' dir='ltr'><strong>μὴ</strong></span> <span class='ocrx_word' id='word_1_184' title='bbox 1560 1511 1874 1581; x_wconf 84' lang='grc' dir='ltr'><strong>συγχρησά-</strong></span> 
     </span>
    </p>
   </div>
   <div class='ocr_carea' id='block_1_23' title="bbox 271 1599 1869 1669">
    <p class='ocr_par' dir='ltr' id='par_1_23' title="bbox 271 1599 1869 1669">
     <span class='ocr_line' id='line_1_23' title="bbox 271 1599 1869 1669; baseline -0.001 -16"><span class='ocrx_word' id='word_1_185' title='bbox 271 1618 446 1669; x_wconf 87' lang='grc' dir='ltr'><strong>μενος</strong></span> <span class='ocrx_word' id='word_1_186' title='bbox 468 1601 560 1653; x_wconf 80' lang='grc' dir='ltr'><strong>ἐπὶ</strong></span> <span class='ocrx_word' id='word_1_187' title='bbox 575 1600 684 1654; x_wconf 86' lang='grc' dir='ltr'><strong>τῶν</strong></span> <span class='ocrx_word' id='word_1_188' title='bbox 705 1603 770 1653; x_wconf 92' lang='grc' dir='ltr'><strong>ἐκ</strong></span> <span class='ocrx_word' id='word_1_189' title='bbox 796 1600 890 1653; x_wconf 84' lang='grc' dir='ltr'><strong>τοῦ</strong></span> <span class='ocrx_word' id='word_1_190' title='bbox 911 1601 1184 1665; x_wconf 88' lang='grc' dir='ltr'>διαϐόλου,</span> <span class='ocrx_word' id='word_1_191' title='bbox 1209 1602 1353 1654; x_wconf 82' lang='grc' dir='ltr'><strong>πάνυ</strong></span> <span class='ocrx_word' id='word_1_192' title='bbox 1372 1599 1657 1668; x_wconf 74' lang='grc' dir='ltr'><strong>σοφώτατα</strong></span> <span class='ocrx_word' id='word_1_193' title='bbox 1679 1601 1869 1666; x_wconf 81' lang='grc' dir='ltr'><strong>ἐξέδω-</strong></span> 
     </span>
    </p>
   </div>
   <div class='ocr_carea' id='block_1_24' title="bbox 1971 959 3549 1032">
    <p class='ocr_par' dir='ltr' id='par_1_24' title="bbox 1971 959 3549 1032">
     <span class='ocr_line' id='line_1_24' title="bbox 1971 959 3549 1032; baseline 0.004 -22"><span class='ocrx_word' id='word_1_194' title='bbox 1971 959 2176 1028; x_wconf 70' lang='lat' dir='ltr'><strong>genitus</strong></span> <span class='ocrx_word' id='word_1_195' title='bbox 2206 960 2468 1028; x_wconf 84' lang='lat' dir='ltr'><strong>scriptum</strong></span> <span class='ocrx_word' id='word_1_196' title='bbox 2494 961 2560 1015; x_wconf 89' lang='lat' dir='ltr'><strong>de</strong></span> <span class='ocrx_word' id='word_1_197' title='bbox 2585 961 2668 1015; x_wconf 88' lang='lat' dir='ltr'><strong>his</strong></span> <span class='ocrx_word' id='word_1_198' title='bbox 2695 962 2784 1029; x_wconf 91' lang='lat' dir='ltr'><strong>qui</strong></span> <span class='ocrx_word' id='word_1_199' title='bbox 2804 973 2928 1015; x_wconf 88' lang='lat' dir='ltr'><strong>sunt</strong></span> <span class='ocrx_word' id='word_1_200' title='bbox 2954 976 3020 1016; x_wconf 80' lang='lat' dir='ltr'><strong>ex</strong></span> <span class='ocrx_word' id='word_1_201' title='bbox 3049 961 3183 1027; x_wconf 77' lang='lat' dir='ltr'><strong>Deo,</strong></span> <span class='ocrx_word' id='word_1_202' title='bbox 3203 977 3308 1016; x_wconf 92' lang='lat' dir='ltr'><strong>non</strong></span> <span class='ocrx_word' id='word_1_203' title='bbox 3337 976 3549 1032; x_wconf 82' lang='lat' dir='ltr'><strong>ponens</strong></span> 
     </span>
    </p>
   </div>
   <div class='ocr_carea' id='block_1_25' title="bbox 1975 1048 3544 1121">
    <p class='ocr_par' dir='ltr' id='par_1_25' title="bbox 1975 1048 3544 1121">
     <span class='ocr_line' id='line_1_25' title="bbox 1975 1048 3544 1121; baseline 0.002 -18"><span class='ocrx_word' id='word_1_204' title='bbox 1975 1048 2155 1104; x_wconf 86' lang='lat' dir='ltr'><strong>dehis</strong></span> <span class='ocrx_word' id='word_1_205' title='bbox 2180 1050 2272 1119; x_wconf 90' lang='lat' dir='ltr'><strong>qui</strong></span> <span class='ocrx_word' id='word_1_206' title='bbox 2302 1061 2516 1104; x_wconf 79' lang='lat' dir='ltr'><strong>suntex</strong></span> <span class='ocrx_word' id='word_1_207' title='bbox 2552 1051 2814 1106; x_wconf 82' lang='lat' dir='ltr'><strong>diabolo?</strong></span> <span class='ocrx_word' id='word_1_208' title='bbox 2866 1052 3071 1105; x_wconf 83' lang='lat' dir='ltr'><strong>Extulit</strong></span> <span class='ocrx_word' id='word_1_209' title='bbox 3111 1053 3256 1106; x_wconf 87' lang='lat' dir='ltr'><strong>enim</strong></span> <span class='ocrx_word' id='word_1_210' title='bbox 3303 1067 3428 1107; x_wconf 87' lang='lat' dir='ltr'><strong>eum</strong></span> <span class='ocrx_word' id='word_1_211' title='bbox 3453 1053 3544 1121; x_wconf 90' lang='lat' dir='ltr'><strong>qui</strong></span> 
     </span>
    </p>
   </div>
   <div class='ocr_carea' id='block_1_26' title="bbox 1971 1137 3546 1212">
    <p class='ocr_par' dir='ltr' id='par_1_26' title="bbox 1971 1137 3546 1212">
     <span class='ocr_line' id='line_1_26' title="bbox 1971 1137 3546 1212; baseline 0.001 -18"><span class='ocrx_word' id='word_1_212' title='bbox 1971 1155 2038 1194; x_wconf 83' lang='lat' dir='ltr'><strong>ex</strong></span> <span class='ocrx_word' id='word_1_213' title='bbox 2069 1137 2179 1194; x_wconf 85' lang='lat' dir='ltr'><strong>Deo</strong></span> <span class='ocrx_word' id='word_1_214' title='bbox 2213 1151 2318 1206; x_wconf 88' lang='lat' dir='ltr'><strong>est,</strong></span> <span class='ocrx_word' id='word_1_215' title='bbox 2343 1141 2664 1196; x_wconf 83' lang='lat' dir='ltr'><strong>vocabulum</strong></span> <span class='ocrx_word' id='word_1_216' title='bbox 2692 1143 2901 1212; x_wconf 74' lang='lat' dir='ltr'><strong>genitus</strong></span> <span class='ocrx_word' id='word_1_217' title='bbox 2935 1158 3142 1210; x_wconf 74' lang='lat' dir='ltr'><strong>potiens</strong></span> <span class='ocrx_word' id='word_1_218' title='bbox 3174 1143 3239 1197; x_wconf 86' lang='lat' dir='ltr'><strong>de</strong></span> <span class='ocrx_word' id='word_1_219' title='bbox 3269 1159 3334 1198; x_wconf 90' lang='lat' dir='ltr'><strong>eo</strong></span> <span class='ocrx_word' id='word_1_220' title='bbox 3359 1161 3374 1208; x_wconf 89' lang='lat'><strong>;</strong></span> <span class='ocrx_word' id='word_1_221' title='bbox 3403 1143 3546 1212; x_wconf 90' lang='lat' dir='ltr'><strong>quod</strong></span> 
     </span>
    </p>
   </div>
   <div class='ocr_carea' id='block_1_27' title="bbox 1972 1230 3547 1301">
    <p class='ocr_par' dir='ltr' id='par_1_27' title="bbox 1972 1230 3547 1301">
     <span class='ocr_line' id='line_1_27' title="bbox 1972 1230 3547 1301; baseline 0.001 -17"><span class='ocrx_word' id='word_1_222' title='bbox 1972 1230 2018 1284; x_wconf 92' lang='lat' dir='ltr'><strong>si</strong></span> <span class='ocrx_word' id='word_1_223' title='bbox 2045 1231 2206 1284; x_wconf 82' lang='lat' dir='ltr'><strong>etiam</strong></span> <span class='ocrx_word' id='word_1_224' title='bbox 2238 1232 2305 1285; x_wconf 91' lang='lat' dir='ltr'><strong>de</strong></span> <span class='ocrx_word' id='word_1_225' title='bbox 2325 1231 2545 1285; x_wconf 87' lang='lat' dir='ltr'><strong>diabolo</strong></span> <span class='ocrx_word' id='word_1_226' title='bbox 2568 1233 2859 1300; x_wconf 85' lang='lat' dir='ltr'><strong>posuisset,</strong></span> <span class='ocrx_word' id='word_1_227' title='bbox 2891 1231 3042 1301; x_wconf 83' lang='lat' dir='ltr'><strong>pejus</strong></span> <span class='ocrx_word' id='word_1_228' title='bbox 3077 1232 3329 1300; x_wconf 85' lang='lat' dir='ltr'><strong>quiddam</strong></span> <span class='ocrx_word' id='word_1_229' title='bbox 3360 1241 3547 1286; x_wconf 84' lang='lat' dir='ltr'><strong>osten-</strong></span> 
     </span>
    </p>
   </div>
   <div class='ocr_carea' id='block_1_28' title="bbox 1972 1323 3548 1392">
    <p class='ocr_par' dir='ltr' id='par_1_28' title="bbox 1972 1323 3548 1392">
     <span class='ocr_line' id='line_1_28' title="bbox 1972 1323 3548 1392; baseline -0.001 -13"><span class='ocrx_word' id='word_1_230' title='bbox 1972 1340 2135 1379; x_wconf 91' lang='lat' dir='ltr'><strong>surus</strong></span> <span class='ocrx_word' id='word_1_231' title='bbox 2163 1333 2280 1378; x_wconf 88' lang='lat' dir='ltr'><strong>erat</strong></span> <span class='ocrx_word' id='word_1_232' title='bbox 2304 1340 2464 1392; x_wconf 87' lang='lat' dir='ltr'><strong>quant</strong></span> <span class='ocrx_word' id='word_1_233' title='bbox 2497 1323 2541 1377; x_wconf 87' lang='lat' dir='ltr'><strong>si</strong></span> <span class='ocrx_word' id='word_1_234' title='bbox 2568 1323 2819 1387; x_wconf 79' lang='lat' dir='ltr'><strong>dixisset,</strong></span> <span class='ocrx_word' id='word_1_235' title='bbox 2865 1333 2938 1376; x_wconf 73' lang='lat' dir='ltr'><strong>est</strong></span> <span class='ocrx_word' id='word_1_236' title='bbox 2968 1338 3033 1375; x_wconf 79' lang='lat' dir='ltr'><strong>ea:</strong></span> <span class='ocrx_word' id='word_1_237' title='bbox 3059 1323 3273 1376; x_wconf 85' lang='lat' dir='ltr'><strong>diabolo</strong></span> <span class='ocrx_word' id='word_1_238' title='bbox 3324 1338 3344 1377; x_wconf 85' lang='lat'><strong>.&#39;</strong></span> <span class='ocrx_word' id='word_1_239' title='bbox 3384 1332 3548 1392; x_wconf 79' lang='lat' dir='ltr'><strong>atque</strong></span> 
     </span>
    </p>
   </div>
   <div class='ocr_carea' id='block_1_29' title="bbox 1971 1414 3544 1486">
    <p class='ocr_par' dir='ltr' id='par_1_29' title="bbox 1971 1414 3544 1486">
     <span class='ocr_line' id='line_1_29' title="bbox 1971 1414 3544 1486; baseline -0.002 -15"><span class='ocrx_word' id='word_1_240' title='bbox 1971 1416 2136 1471; x_wconf 91' lang='lat' dir='ltr'><strong>etiam</strong></span> <span class='ocrx_word' id='word_1_241' title='bbox 2165 1417 2210 1470; x_wconf 87' lang='lat' dir='ltr'><strong>si</strong></span> <span class='ocrx_word' id='word_1_242' title='bbox 2232 1417 2506 1486; x_wconf 87' lang='lat' dir='ltr'><strong>posuisset</strong></span> <span class='ocrx_word' id='word_1_243' title='bbox 2538 1416 2761 1470; x_wconf 84' lang='lat' dir='ltr'><strong>verbum</strong></span> <span class='ocrx_word' id='word_1_244' title='bbox 2791 1424 2870 1468; x_wconf 77' lang='lat' dir='ltr'><strong>est</strong></span> <span class='ocrx_word' id='word_1_245' title='bbox 2902 1415 2967 1468; x_wconf 82' lang='lat' dir='ltr'><strong>tle</strong></span> <span class='ocrx_word' id='word_1_246' title='bbox 2990 1431 3055 1469; x_wconf 90' lang='lat' dir='ltr'><strong>co</strong></span> <span class='ocrx_word' id='word_1_247' title='bbox 3087 1416 3178 1484; x_wconf 87' lang='lat' dir='ltr'><strong>qui</strong></span> <span class='ocrx_word' id='word_1_248' title='bbox 3209 1425 3292 1468; x_wconf 86' lang='lat' dir='ltr'><strong>est</strong></span> <span class='ocrx_word' id='word_1_249' title='bbox 3314 1430 3379 1470; x_wconf 77' lang='lat' dir='ltr'><strong>ex</strong></span> <span class='ocrx_word' id='word_1_250' title='bbox 3413 1414 3544 1480; x_wconf 82' lang='lat' dir='ltr'><strong>Deo,</strong></span> 
     </span>
    </p>
   </div>
   <div class='ocr_carea' id='block_1_30' title="bbox 1970 1504 3542 1576">
    <p class='ocr_par' dir='ltr' id='par_1_30' title="bbox 1970 1504 3542 1576">
     <span class='ocr_line' id='line_1_30' title="bbox 1970 1504 3542 1576; baseline 0 -16"><span class='ocrx_word' id='word_1_251' title='bbox 1970 1507 2427 1576; x_wconf 83' lang='lat' dir='ltr'><strong>quemadmodum</strong></span> <span class='ocrx_word' id='word_1_252' title='bbox 2461 1506 2640 1574; x_wconf 83' lang='lat' dir='ltr'><strong>posuit</strong></span> <span class='ocrx_word' id='word_1_253' title='bbox 2693 1505 2760 1558; x_wconf 90' lang='lat' dir='ltr'><strong>de</strong></span> <span class='ocrx_word' id='word_1_254' title='bbox 2800 1521 2867 1560; x_wconf 90' lang='lat' dir='ltr'><strong>eo</strong></span> <span class='ocrx_word' id='word_1_255' title='bbox 2913 1504 3004 1572; x_wconf 85' lang='lat' dir='ltr'><strong>qui</strong></span> <span class='ocrx_word' id='word_1_256' title='bbox 3057 1519 3121 1558; x_wconf 80' lang='lat' dir='ltr'><strong>ex</strong></span> <span class='ocrx_word' id='word_1_257' title='bbox 3172 1505 3384 1560; x_wconf 88' lang='lat' dir='ltr'><strong>diabolo</strong></span> <span class='ocrx_word' id='word_1_258' title='bbox 3437 1515 3542 1572; x_wconf 84' lang='lat' dir='ltr'><strong>est.</strong></span> 
     </span>
    </p>
   </div>
   <div class='ocr_carea' id='block_1_31' title="bbox 1971 1595 3546 1662">
    <p class='ocr_par' dir='ltr' id='par_1_31' title="bbox 1971 1595 3546 1662">
     <span class='ocr_line' id='line_1_31' title="bbox 1971 1595 3546 1662; baseline 0 -13"><span class='ocrx_word' id='word_1_259' title='bbox 1971 1599 2149 1650; x_wconf 90' lang='lat' dir='ltr'><strong>minus</strong></span> <span class='ocrx_word' id='word_1_260' title='bbox 2173 1607 2495 1650; x_wconf 80' lang='lat' dir='ltr'><strong>ostensurus</strong></span> <span class='ocrx_word' id='word_1_261' title='bbox 2541 1595 2715 1648; x_wconf 79' lang='lat' dir='ltr'><strong>fuerat</strong></span> <span class='ocrx_word' id='word_1_262' title='bbox 2761 1598 2830 1654; x_wconf 88' lang='lat' dir='ltr'><strong>de</strong></span> <span class='ocrx_word' id='word_1_263' title='bbox 2868 1611 2935 1654; x_wconf 92' lang='lat' dir='ltr'><strong>eo</strong></span> <span class='ocrx_word' id='word_1_264' title='bbox 2990 1595 3081 1662; x_wconf 89' lang='lat' dir='ltr'><strong>qui</strong></span> <span class='ocrx_word' id='word_1_265' title='bbox 3130 1608 3193 1648; x_wconf 80' lang='lat' dir='ltr'><strong>ex</strong></span> <span class='ocrx_word' id='word_1_266' title='bbox 3233 1596 3341 1649; x_wconf 87' lang='lat' dir='ltr'><strong>Deo</strong></span> <span class='ocrx_word' id='word_1_267' title='bbox 3384 1605 3546 1650; x_wconf 80' lang='lat' dir='ltr'><strong>natus</strong></span> 
     </span>
    </p>
   </div>
   <div class='ocr_carea' id='block_1_32' title="bbox 268 1669 1857 1762">
    <p class='ocr_par' dir='ltr' id='par_1_32' title="bbox 268 1690 1857 1762">
     <span class='ocr_line' id='line_1_32' title="bbox 268 1690 1857 1762; baseline 0.001 -19"><span class='ocrx_word' id='word_1_268' title='bbox 268 1707 409 1756; x_wconf 83' lang='grc' dir='ltr'><strong>κεν;</strong></span> <span class='ocrx_word' id='word_1_269' title='bbox 461 1691 670 1762; x_wconf 84' lang='grc' dir='ltr'><strong>Ἐπῆρε</strong></span> <span class='ocrx_word' id='word_1_270' title='bbox 698 1690 810 1761; x_wconf 81' lang='grc' dir='ltr'><strong>γὰρ</strong></span> <span class='ocrx_word' id='word_1_271' title='bbox 838 1691 930 1745; x_wconf 83' lang='grc' dir='ltr'><strong>τὸν</strong></span> <span class='ocrx_word' id='word_1_272' title='bbox 958 1693 1024 1744; x_wconf 91' lang='grc' dir='ltr'><strong>ἐκ</strong></span> <span class='ocrx_word' id='word_1_273' title='bbox 1055 1691 1147 1745; x_wconf 90' lang='grc' dir='ltr'><strong>τοῦ</strong></span> <span class='ocrx_word' id='word_1_274' title='bbox 1179 1690 1312 1744; x_wconf 82' lang='grc' dir='ltr'><strong>Θεοῦ</strong></span> <span class='ocrx_word' id='word_1_275' title='bbox 1339 1690 1733 1760; x_wconf 81' lang='grc' dir='ltr'><strong>γεγεννημένον</strong></span> <span class='ocrx_word' id='word_1_276' title='bbox 1764 1692 1857 1744; x_wconf 84' lang='grc' dir='ltr'><strong>τά-</strong></span> 
     </span>
    </p>
   </div>
   <div class='ocr_carea' id='block_1_33' title="bbox 1961 1669 3548 1762">
    <p class='ocr_par' dir='ltr' id='par_1_33' title="bbox 1965 1683 3548 1755">
     <span class='ocr_line' id='line_1_33' title="bbox 1965 1683 3548 1755; baseline 0.002 -16"><span class='ocrx_word' id='word_1_277' title='bbox 1965 1696 2071 1749; x_wconf 89' lang='lat' dir='ltr'><strong>est,</strong></span> <span class='ocrx_word' id='word_1_278' title='bbox 2109 1700 2231 1738; x_wconf 89' lang='lat' dir='ltr'><strong>cum</strong></span> <span class='ocrx_word' id='word_1_279' title='bbox 2280 1685 2436 1755; x_wconf 82' lang='lat' dir='ltr'><strong>longe</strong></span> <span class='ocrx_word' id='word_1_280' title='bbox 2492 1683 2685 1738; x_wconf 88' lang='lat' dir='ltr'><strong>melius</strong></span> <span class='ocrx_word' id='word_1_281' title='bbox 2713 1685 2785 1738; x_wconf 85' lang='lat' dir='ltr'><strong>sit</strong></span> <span class='ocrx_word' id='word_1_282' title='bbox 2820 1685 3058 1755; x_wconf 79' lang='lat' dir='ltr'><strong>genitum</strong></span> <span class='ocrx_word' id='word_1_283' title='bbox 3096 1684 3267 1740; x_wconf 77' lang='lat' dir='ltr'><strong>fuisse</strong></span> <span class='ocrx_word' id='word_1_284' title='bbox 3320 1701 3385 1740; x_wconf 75' lang='lat' dir='ltr'><strong>es</strong></span> <span class='ocrx_word' id='word_1_285' title='bbox 3435 1688 3548 1742; x_wconf 83' lang='lat' dir='ltr'><strong>Deo</strong></span> 
     </span>
    </p>
   </div>
   <div class='ocr_carea' id='block_1_34' title="bbox 270 1781 1859 1855">
    <p class='ocr_par' dir='ltr' id='par_1_34' title="bbox 270 1781 1859 1855">
     <span class='ocr_line' id='line_1_34' title="bbox 270 1781 1859 1855; baseline -0.001 -20"><span class='ocrx_word' id='word_1_286' title='bbox 270 1782 371 1847; x_wconf 80' lang='grc' dir='ltr'><strong>ξας</strong></span> <span class='ocrx_word' id='word_1_287' title='bbox 401 1783 492 1835; x_wconf 76' lang='grc' dir='ltr'><strong>ἐπ’</strong></span> <span class='ocrx_word' id='word_1_288' title='bbox 516 1783 706 1836; x_wconf 77' lang='grc' dir='ltr'><strong>αὐτοῦ·</strong></span> <span class='ocrx_word' id='word_1_289' title='bbox 742 1785 900 1855; x_wconf 83' lang='grc' dir='ltr'><strong>ὅπερ,</strong></span> <span class='ocrx_word' id='word_1_290' title='bbox 936 1785 983 1836; x_wconf 86' lang='grc' dir='ltr'><strong>εί</strong></span> <span class='ocrx_word' id='word_1_291' title='bbox 1014 1784 1105 1838; x_wconf 72' lang='grc' dir='ltr'><strong>καὶ</strong></span> <span class='ocrx_word' id='word_1_292' title='bbox 1132 1782 1225 1836; x_wconf 79' lang='grc' dir='ltr'><strong>ἐπὶ</strong></span> <span class='ocrx_word' id='word_1_293' title='bbox 1253 1781 1347 1836; x_wconf 88' lang='grc' dir='ltr'><strong>τοῦ</strong></span> <span class='ocrx_word' id='word_1_294' title='bbox 1390 1783 1455 1834; x_wconf 84' lang='grc' dir='ltr'><strong>ἐκ</strong></span> <span class='ocrx_word' id='word_1_295' title='bbox 1485 1781 1580 1834; x_wconf 85' lang='grc' dir='ltr'><strong>τοῦ</strong></span> <span class='ocrx_word' id='word_1_296' title='bbox 1613 1781 1859 1835; x_wconf 88' lang='grc' dir='ltr'>διαϐόλου</span> 
     </span>
    </p>
   </div>
   <div class='ocr_carea' id='block_1_35' title="bbox 269 1872 1859 1947">
    <p class='ocr_par' dir='ltr' id='par_1_35' title="bbox 269 1872 1859 1947">
     <span class='ocr_line' id='line_1_35' title="bbox 269 1872 1859 1947; baseline 0.002 -21"><span class='ocrx_word' id='word_1_297' title='bbox 269 1873 491 1945; x_wconf 81' lang='grc' dir='ltr'><strong>εἴρητο,</strong></span> <span class='ocrx_word' id='word_1_298' title='bbox 519 1878 705 1947; x_wconf 87' lang='grc' dir='ltr'><strong>χεῖρον</strong></span> <span class='ocrx_word' id='word_1_299' title='bbox 733 1874 798 1929; x_wconf 76' lang='grc' dir='ltr'><strong>ἄν</strong></span> <span class='ocrx_word' id='word_1_300' title='bbox 819 1892 872 1928; x_wconf 91' lang='grc' dir='ltr'><strong>τι</strong></span> <span class='ocrx_word' id='word_1_301' title='bbox 899 1874 1143 1944; x_wconf 78' lang='grc' dir='ltr'><strong>ἐνέφαινε</strong></span> <span class='ocrx_word' id='word_1_302' title='bbox 1182 1872 1293 1944; x_wconf 86' lang='grc'><strong>(96)</strong></span> <span class='ocrx_word' id='word_1_303' title='bbox 1328 1873 1478 1946; x_wconf 84' lang='grc' dir='ltr'><strong>παρὰ</strong></span> <span class='ocrx_word' id='word_1_304' title='bbox 1506 1874 1589 1937; x_wconf 84' lang='grc' dir='ltr'><strong>τὸ,</strong></span> <span class='ocrx_word' id='word_1_305' title='bbox 1630 1875 1725 1928; x_wconf 83' lang='grc' dir='ltr'><em>Ἐκ</em></span> <span class='ocrx_word' id='word_1_306' title='bbox 1754 1874 1859 1929; x_wconf 84' lang='grc' dir='ltr'><strong>τοῦ</strong></span> 
     </span>
    </p>
   </div>
   <div class='ocr_carea' id='block_1_36' title="bbox 270 1963 1858 2035">
    <p class='ocr_par' dir='ltr' id='par_1_36' title="bbox 270 1963 1858 2035">
     <span class='ocr_line' id='line_1_36' title="bbox 270 1963 1858 2035; baseline 0.002 -18"><span class='ocrx_word' id='word_1_307' title='bbox 270 1964 568 2018; x_wconf 68' lang='grc' dir='ltr'>διαϐόλου</span> <span class='ocrx_word' id='word_1_308' title='bbox 597 1965 798 2018; x_wconf 78' lang='grc' dir='ltr'><strong>ἐστίν·</strong></span> <span class='ocrx_word' id='word_1_309' title='bbox 829 1964 963 2018; x_wconf 86' lang='grc' dir='ltr'>ἀλλὰ</span> <span class='ocrx_word' id='word_1_310' title='bbox 994 1964 1088 2018; x_wconf 80' lang='grc' dir='ltr'><strong>καὶ</strong></span> <span class='ocrx_word' id='word_1_311' title='bbox 1127 1963 1286 2035; x_wconf 75' lang='grc' dir='ltr'><strong>εἴπερ</strong></span> <span class='ocrx_word' id='word_1_312' title='bbox 1309 1964 1384 2028; x_wconf 79' lang='grc' dir='ltr'><strong>ὡς</strong></span> <span class='ocrx_word' id='word_1_313' title='bbox 1415 1965 1508 2018; x_wconf 75' lang='grc' dir='ltr'><strong>ἐπὶ</strong></span> <span class='ocrx_word' id='word_1_314' title='bbox 1543 1965 1637 2019; x_wconf 87' lang='grc' dir='ltr'><strong>τοῦ</strong></span> <span class='ocrx_word' id='word_1_315' title='bbox 1670 1967 1733 2020; x_wconf 87' lang='grc' dir='ltr'><strong>ἐκ</strong></span> <span class='ocrx_word' id='word_1_316' title='bbox 1763 1967 1858 2020; x_wconf 91' lang='grc' dir='ltr'><strong>τοῦ</strong></span> 
     </span>
    </p>
   </div>
   <div class='ocr_carea' id='block_1_37' title="bbox 267 2051 1859 2124">
    <p class='ocr_par' dir='ltr' id='par_1_37' title="bbox 267 2051 1859 2124">
     <span class='ocr_line' id='line_1_37' title="bbox 267 2051 1859 2124; baseline 0.001 -18"><span class='ocrx_word' id='word_1_317' title='bbox 267 2052 529 2106; x_wconf 86' lang='grc' dir='ltr'>διαϐόλου</span> <span class='ocrx_word' id='word_1_318' title='bbox 559 2051 713 2119; x_wconf 80' lang='grc' dir='ltr'><strong>ἔταξε</strong></span> <span class='ocrx_word' id='word_1_319' title='bbox 746 2052 825 2119; x_wconf 85' lang='grc' dir='ltr'><strong>τὸ,</strong></span> <span class='ocrx_word' id='word_1_320' title='bbox 861 2051 1014 2116; x_wconf 79' lang='grc' dir='ltr'><strong>ἐστὶ,</strong></span> <span class='ocrx_word' id='word_1_321' title='bbox 1045 2054 1368 2124; x_wconf 84' lang='grc' dir='ltr'><strong>ἐπεποιήκει</strong></span> <span class='ocrx_word' id='word_1_322' title='bbox 1406 2052 1500 2105; x_wconf 77' lang='grc' dir='ltr'><strong>ἐπὶ</strong></span> <span class='ocrx_word' id='word_1_323' title='bbox 1531 2053 1626 2106; x_wconf 90' lang='grc' dir='ltr'><strong>τοῦ</strong></span> <span class='ocrx_word' id='word_1_324' title='bbox 1671 2055 1736 2106; x_wconf 87' lang='grc' dir='ltr'><strong>ἐκ</strong></span> <span class='ocrx_word' id='word_1_325' title='bbox 1763 2052 1859 2107; x_wconf 87' lang='grc' dir='ltr'><strong>τοῦ</strong></span> 
     </span>
    </p>
   </div>
   <div class='ocr_carea' id='block_1_38' title="bbox 278 2141 1860 2216">
    <p class='ocr_par' dir='ltr' id='par_1_38' title="bbox 278 2141 1860 2216">
     <span class='ocr_line' id='line_1_38' title="bbox 278 2141 1860 2216; baseline 0 -21"><span class='ocrx_word' id='word_1_326' title='bbox 278 2143 438 2206; x_wconf 85' lang='grc' dir='ltr'><strong>Θεοῦ,</strong></span> <span class='ocrx_word' id='word_1_327' title='bbox 467 2142 683 2197; x_wconf 80' lang='grc' dir='ltr'><strong>έλαττον</strong></span> <span class='ocrx_word' id='word_1_328' title='bbox 709 2142 776 2196; x_wconf 81' lang='grc' dir='ltr'><strong>ἂν</strong></span> <span class='ocrx_word' id='word_1_329' title='bbox 809 2143 938 2214; x_wconf 76' lang='grc' dir='ltr'><strong>περὶ</strong></span> <span class='ocrx_word' id='word_1_330' title='bbox 975 2142 1069 2196; x_wconf 84' lang='grc' dir='ltr'><strong>τὸν</strong></span> <span class='ocrx_word' id='word_1_331' title='bbox 1153 2141 1219 2193; x_wconf 88' lang='grc' dir='ltr'><strong>ἐκ</strong></span> <span class='ocrx_word' id='word_1_332' title='bbox 1258 2141 1353 2194; x_wconf 91' lang='grc' dir='ltr'><strong>τοῦ</strong></span> <span class='ocrx_word' id='word_1_333' title='bbox 1403 2143 1541 2200; x_wconf 82' lang='grc' dir='ltr'><strong>Θεοῦ</strong></span> <span class='ocrx_word' id='word_1_334' title='bbox 1595 2141 1860 2216; x_wconf 76' lang='grc' dir='ltr'><strong>παρίστη,</strong></span> 
     </span>
    </p>
   </div>
   <div class='ocr_carea' id='block_1_39' title="bbox 277 2232 1862 2306">
    <p class='ocr_par' dir='ltr' id='par_1_39' title="bbox 277 2232 1862 2306">
     <span class='ocr_line' id='line_1_39' title="bbox 277 2232 1862 2306; baseline 0.003 -21"><span class='ocrx_word' id='word_1_335' title='bbox 277 2232 460 2303; x_wconf 83' lang='grc' dir='ltr'>πολλῷ</span> <span class='ocrx_word' id='word_1_336' title='bbox 497 2233 802 2305; x_wconf 85' lang='grc' dir='ltr'><strong>κρείττονος</strong></span> <span class='ocrx_word' id='word_1_337' title='bbox 862 2235 1223 2305; x_wconf 74' lang='grc' dir='ltr'><strong>τυγχάνοντος</strong></span> <span class='ocrx_word' id='word_1_338' title='bbox 1267 2235 1362 2288; x_wconf 88' lang='grc' dir='ltr'><strong>τοῦ</strong></span> <span class='ocrx_word' id='word_1_339' title='bbox 1407 2236 1765 2306; x_wconf 81' lang='grc' dir='ltr'><strong>γεγεννῆσθαι</strong></span> <span class='ocrx_word' id='word_1_340' title='bbox 1797 2239 1862 2290; x_wconf 87' lang='grc' dir='ltr'><strong>ἐκ</strong></span> 
     </span>
    </p>
   </div>
   <div class='ocr_carea' id='block_1_40' title="bbox 275 2320 1858 2397">
    <p class='ocr_par' dir='ltr' id='par_1_40' title="bbox 275 2320 1858 2397">
     <span class='ocr_line' id='line_1_40' title="bbox 275 2320 1858 2397; baseline 0.004 -23"><span class='ocrx_word' id='word_1_341' title='bbox 275 2323 369 2376; x_wconf 88' lang='grc' dir='ltr'><strong>τοῦ</strong></span> <span class='ocrx_word' id='word_1_342' title='bbox 400 2323 532 2377; x_wconf 88' lang='grc' dir='ltr'><strong>Θεοῦ</strong></span> <span class='ocrx_word' id='word_1_343' title='bbox 564 2324 716 2396; x_wconf 74' lang='grc' dir='ltr'><strong>παρὰ</strong></span> <span class='ocrx_word' id='word_1_344' title='bbox 743 2325 805 2377; x_wconf 80' lang='grc' dir='ltr'><strong>τὸ</strong></span> <span class='ocrx_word' id='word_1_345' title='bbox 845 2320 982 2378; x_wconf 71' lang='grc' dir='ltr'><strong>εἶναι</strong></span> <span class='ocrx_word' id='word_1_346' title='bbox 1015 2327 1080 2378; x_wconf 91' lang='grc' dir='ltr'><strong>ἐκ</strong></span> <span class='ocrx_word' id='word_1_347' title='bbox 1118 2325 1214 2378; x_wconf 87' lang='grc' dir='ltr'><strong>τοῦ</strong></span> <span class='ocrx_word' id='word_1_348' title='bbox 1251 2324 1410 2380; x_wconf 87' lang='grc' dir='ltr'><strong>Θεοῦ.</strong></span> <span class='ocrx_word' id='word_1_349' title='bbox 1454 2327 1620 2397; x_wconf 81' lang='grc' dir='ltr'><strong>Φήσει</strong></span> <span class='ocrx_word' id='word_1_350' title='bbox 1648 2326 1704 2379; x_wconf 87' lang='grc' dir='ltr'><strong>δέ</strong></span> <span class='ocrx_word' id='word_1_351' title='bbox 1729 2344 1812 2390; x_wconf 88' lang='grc' dir='ltr'><strong>τις</strong></span> <span class='ocrx_word' id='word_1_352' title='bbox 1842 2369 1858 2394; x_wconf 94' lang='grc'><strong>,</strong></span> 
     </span>
    </p>
   </div>
   <div class='ocr_carea' id='block_1_41' title="bbox 279 2416 1857 2488">
    <p class='ocr_par' dir='ltr' id='par_1_41' title="bbox 279 2416 1857 2488">
     <span class='ocr_line' id='line_1_41' title="bbox 279 2416 1857 2488; baseline 0.003 -19"><span class='ocrx_word' id='word_1_353' title='bbox 279 2416 366 2469; x_wconf 82' lang='grc' dir='ltr'><strong>ὅτι</strong></span> <span class='ocrx_word' id='word_1_354' title='bbox 398 2416 520 2469; x_wconf 77' lang='grc' dir='ltr'><strong>τινὰ</strong></span> <span class='ocrx_word' id='word_1_355' title='bbox 547 2416 654 2469; x_wconf 83' lang='grc' dir='ltr'><strong>τῶν</strong></span> <span class='ocrx_word' id='word_1_356' title='bbox 682 2417 996 2488; x_wconf 81' lang='grc' dir='ltr'><strong>κτισμάτων</strong></span> <span class='ocrx_word' id='word_1_357' title='bbox 1047 2419 1165 2471; x_wconf 75' lang='grc' dir='ltr'><strong>ἐστὶ</strong></span> <span class='ocrx_word' id='word_1_358' title='bbox 1214 2419 1311 2488; x_wconf 90' lang='grc' dir='ltr'><strong>μὲν</strong></span> <span class='ocrx_word' id='word_1_359' title='bbox 1361 2420 1427 2472; x_wconf 87' lang='grc' dir='ltr'><strong>ἐκ</strong></span> <span class='ocrx_word' id='word_1_360' title='bbox 1471 2419 1566 2473; x_wconf 91' lang='grc' dir='ltr'><strong>τοῦ</strong></span> <span class='ocrx_word' id='word_1_361' title='bbox 1609 2421 1770 2482; x_wconf 87' lang='grc' dir='ltr'><strong>Θεοῦ,</strong></span> <span class='ocrx_word' id='word_1_362' title='bbox 1797 2422 1857 2474; x_wconf 81' lang='grc' dir='ltr'><strong>οὐ</strong></span> 
     </span>
    </p>
   </div>
   <div class='ocr_carea' id='block_1_42' title="bbox 283 2506 1858 2578">
    <p class='ocr_par' dir='ltr' id='par_1_42' title="bbox 283 2506 1858 2578">
     <span class='ocr_line' id='line_1_42' title="bbox 283 2506 1858 2578; baseline 0.004 -21"><span class='ocrx_word' id='word_1_363' title='bbox 283 2506 392 2578; x_wconf 75' lang='grc' dir='ltr'><strong>μὴν</strong></span> <span class='ocrx_word' id='word_1_364' title='bbox 419 2506 740 2576; x_wconf 83' lang='grc' dir='ltr'><strong>γεγέννηται</strong></span> <span class='ocrx_word' id='word_1_365' title='bbox 768 2509 832 2560; x_wconf 90' lang='grc' dir='ltr'><strong>ἐκ</strong></span> <span class='ocrx_word' id='word_1_366' title='bbox 855 2507 950 2560; x_wconf 90' lang='grc' dir='ltr'><strong>τοῦ</strong></span> <span class='ocrx_word' id='word_1_367' title='bbox 967 2507 1126 2571; x_wconf 87' lang='grc' dir='ltr'><strong>Θεοῦ,</strong></span> <span class='ocrx_word' id='word_1_368' title='bbox 1147 2509 1238 2560; x_wconf 78' lang='grc' dir='ltr'><strong>καὶ</strong></span> <span class='ocrx_word' id='word_1_369' title='bbox 1255 2508 1472 2572; x_wconf 83' lang='grc' dir='ltr'><strong>πάντως</strong></span> <span class='ocrx_word' id='word_1_370' title='bbox 1500 2509 1676 2562; x_wconf 90' lang='grc' dir='ltr'><strong>ταῦτα</strong></span> <span class='ocrx_word' id='word_1_371' title='bbox 1699 2509 1858 2565; x_wconf 80' lang='grc' dir='ltr'><strong>ἐλάτ-</strong></span> 
     </span>
    </p>
   </div>
   <div class='ocr_carea' id='block_1_43' title="bbox 275 2595 1862 2671">
    <p class='ocr_par' dir='ltr' id='par_1_43' title="bbox 275 2595 1862 2671">
     <span class='ocr_line' id='line_1_43' title="bbox 275 2595 1862 2671; baseline 0.004 -23"><span class='ocrx_word' id='word_1_372' title='bbox 275 2613 406 2649; x_wconf 90' lang='grc' dir='ltr'><strong>τονα</strong></span> <span class='ocrx_word' id='word_1_373' title='bbox 452 2595 564 2666; x_wconf 77' lang='grc' dir='ltr'><strong>ἔχει</strong></span> <span class='ocrx_word' id='word_1_374' title='bbox 593 2596 748 2660; x_wconf 81' lang='grc' dir='ltr'><strong>τάξιν</strong></span> <span class='ocrx_word' id='word_1_375' title='bbox 787 2599 846 2650; x_wconf 86' lang='grc' dir='ltr'><strong>ἐν</strong></span> <span class='ocrx_word' id='word_1_376' title='bbox 873 2596 953 2666; x_wconf 82' lang='grc' dir='ltr'><strong>τῷ</strong></span> <span class='ocrx_word' id='word_1_377' title='bbox 991 2598 1157 2650; x_wconf 81' lang='grc' dir='ltr'><strong>παντὶ</strong></span> <span class='ocrx_word' id='word_1_378' title='bbox 1191 2598 1299 2651; x_wconf 81' lang='grc' dir='ltr'><strong>τῶν</strong></span> <span class='ocrx_word' id='word_1_379' title='bbox 1321 2599 1677 2670; x_wconf 80' lang='grc' dir='ltr'><strong>γεγεννῆσθαι</strong></span> <span class='ocrx_word' id='word_1_380' title='bbox 1709 2600 1862 2671; x_wconf 89' lang='grc' dir='ltr'><strong>λεγο-</strong></span> 
     </span>
    </p>
   </div>
   <div class='ocr_carea' id='block_1_44' title="bbox 283 2688 1860 2764">
    <p class='ocr_par' dir='ltr' id='par_1_44' title="bbox 283 2688 1860 2764">
     <span class='ocr_line' id='line_1_44' title="bbox 283 2688 1860 2764; baseline 0.003 -23"><span class='ocrx_word' id='word_1_381' title='bbox 283 2688 456 2758; x_wconf 83' lang='grc' dir='ltr'><strong>μένων</strong></span> <span class='ocrx_word' id='word_1_382' title='bbox 484 2689 547 2741; x_wconf 85' lang='grc' dir='ltr'><strong>ἐκ</strong></span> <span class='ocrx_word' id='word_1_383' title='bbox 577 2688 672 2742; x_wconf 85' lang='grc' dir='ltr'><strong>τοῦ</strong></span> <span class='ocrx_word' id='word_1_384' title='bbox 714 2689 870 2743; x_wconf 86' lang='grc' dir='ltr'><strong>Θεοῦ.</strong></span> <span class='ocrx_word' id='word_1_385' title='bbox 903 2689 1016 2743; x_wconf 76' lang='grc' dir='ltr'><strong>Καὶ</strong></span> <span class='ocrx_word' id='word_1_386' title='bbox 1042 2689 1330 2760; x_wconf 84' lang='grc' dir='ltr'><strong>γενόμενός</strong></span> <span class='ocrx_word' id='word_1_387' title='bbox 1363 2707 1426 2759; x_wconf 91' lang='grc' dir='ltr'><strong>γε</strong></span> <span class='ocrx_word' id='word_1_388' title='bbox 1454 2691 1596 2745; x_wconf 80' lang='grc' dir='ltr'><strong>κατὰ</strong></span> <span class='ocrx_word' id='word_1_389' title='bbox 1623 2693 1721 2764; x_wconf 80' lang='grc' dir='ltr'><strong>τὴν</strong></span> <span class='ocrx_word' id='word_1_390' title='bbox 1743 2694 1860 2746; x_wconf 88' lang='grc' dir='ltr'><strong>δια-</strong></span> 
     </span>
    </p>
   </div>
   <div class='ocr_carea' id='block_1_45' title="bbox 282 2780 1859 2856">
    <p class='ocr_par' dir='ltr' id='par_1_45' title="bbox 282 2780 1859 2856">
     <span class='ocr_line' id='line_1_45' title="bbox 282 2780 1859 2856; baseline 0.003 -22"><span class='ocrx_word' id='word_1_391' title='bbox 282 2781 473 2852; x_wconf 77' lang='grc' dir='ltr'><strong>φορὰν,</strong></span> <span class='ocrx_word' id='word_1_392' title='bbox 509 2780 787 2835; x_wconf 84' lang='grc' dir='ltr'><strong>τουτέστιν</strong></span> <span class='ocrx_word' id='word_1_393' title='bbox 817 2782 880 2834; x_wconf 81' lang='grc' dir='ltr'><strong>ἐκ</strong></span> <span class='ocrx_word' id='word_1_394' title='bbox 912 2781 1007 2834; x_wconf 90' lang='grc' dir='ltr'><strong>τοῦ</strong></span> <span class='ocrx_word' id='word_1_395' title='bbox 1047 2781 1327 2848; x_wconf 88' lang='grc' dir='ltr'>διαϐόλου,</span> <span class='ocrx_word' id='word_1_396' title='bbox 1350 2783 1383 2854; x_wconf 77' lang='grc' dir='ltr'>ἢ</span> <span class='ocrx_word' id='word_1_397' title='bbox 1407 2784 1764 2856; x_wconf 84' lang='grc' dir='ltr'><strong>γεγεννῆσθαι</strong></span> <span class='ocrx_word' id='word_1_398' title='bbox 1793 2788 1859 2840; x_wconf 83' lang='grc' dir='ltr'><strong>ἐκ</strong></span> 
     </span>
    </p>
   </div>
   <div class='ocr_carea' id='block_1_46' title="bbox 281 2871 1859 2946">
    <p class='ocr_par' dir='ltr' id='par_1_46' title="bbox 281 2871 1859 2946">
     <span class='ocr_line' id='line_1_46' title="bbox 281 2871 1859 2946; baseline 0.002 -20"><span class='ocrx_word' id='word_1_399' title='bbox 281 2872 376 2926; x_wconf 84' lang='grc' dir='ltr'><strong>τοῦ</strong></span> <span class='ocrx_word' id='word_1_400' title='bbox 403 2871 560 2936; x_wconf 85' lang='grc' dir='ltr'><strong>Θεοῦ,</strong></span> <span class='ocrx_word' id='word_1_401' title='bbox 593 2872 848 2944; x_wconf 77' lang='grc' dir='ltr'><strong>ζητήσεις</strong></span> <span class='ocrx_word' id='word_1_402' title='bbox 891 2872 1089 2943; x_wconf 82' lang='grc' dir='ltr'><strong>μήποτ’</strong></span> <span class='ocrx_word' id='word_1_403' title='bbox 1119 2873 1234 2925; x_wconf 80' lang='grc' dir='ltr'><strong>ἐστί</strong></span> <span class='ocrx_word' id='word_1_404' title='bbox 1263 2891 1346 2936; x_wconf 89' lang='grc' dir='ltr'><strong>τις</strong></span> <span class='ocrx_word' id='word_1_405' title='bbox 1389 2876 1418 2928; x_wconf 91' lang='lat'><strong>6</strong></span> <span class='ocrx_word' id='word_1_406' title='bbox 1464 2876 1559 2928; x_wconf 82' lang='grc' dir='ltr'><strong>καὶ</strong></span> <span class='ocrx_word' id='word_1_407' title='bbox 1602 2891 1859 2946; x_wconf 88' lang='grc' dir='ltr'><strong>γεγεννη-</strong></span> 
     </span>
    </p>
   </div>
   <div class='ocr_carea' id='block_1_47' title="bbox 1962 1773 3540 1848">
    <p class='ocr_par' dir='ltr' id='par_1_47' title="bbox 1962 1773 3540 1848">
     <span class='ocr_line' id='line_1_47' title="bbox 1962 1773 3540 1848; baseline 0.003 -18"><span class='ocrx_word' id='word_1_408' title='bbox 1962 1792 2124 1847; x_wconf 91' lang='lat' dir='ltr'><strong>quam</strong></span> <span class='ocrx_word' id='word_1_409' title='bbox 2148 1793 2214 1832; x_wconf 80' lang='lat' dir='ltr'><strong>ex</strong></span> <span class='ocrx_word' id='word_1_410' title='bbox 2247 1777 2352 1831; x_wconf 87' lang='lat' dir='ltr'><strong>Deo</strong></span> <span class='ocrx_word' id='word_1_411' title='bbox 2375 1791 2516 1830; x_wconf 89' lang='lat' dir='ltr'><strong>esse.</strong></span> <span class='ocrx_word' id='word_1_412' title='bbox 2542 1773 2706 1846; x_wconf 79' lang='lat'><strong>326</strong></span> <span class='ocrx_word' id='word_1_413' title='bbox 2728 1775 2835 1829; x_wconf 90' lang='lat' dir='ltr'><strong>Sed</strong></span> <span class='ocrx_word' id='word_1_414' title='bbox 2871 1777 3016 1830; x_wconf 89' lang='lat' dir='ltr'><strong>dicet</strong></span> <span class='ocrx_word' id='word_1_415' title='bbox 3055 1775 3251 1846; x_wconf 88' lang='lat' dir='ltr'><strong>aliquis</strong></span> <span class='ocrx_word' id='word_1_416' title='bbox 3277 1780 3540 1848; x_wconf 88' lang='lat' dir='ltr'><strong>quasdam</strong></span> 
     </span>
    </p>
   </div>
   <div class='ocr_carea' id='block_1_48' title="bbox 1961 1869 3540 1938">
    <p class='ocr_par' dir='ltr' id='par_1_48' title="bbox 1961 1869 3540 1938">
     <span class='ocr_line' id='line_1_48' title="bbox 1961 1869 3540 1938; baseline -0.001 -12"><span class='ocrx_word' id='word_1_417' title='bbox 1961 1877 2245 1926; x_wconf 89' lang='lat' dir='ltr'><strong>creaturas</strong></span> <span class='ocrx_word' id='word_1_418' title='bbox 2273 1884 2394 1923; x_wconf 87' lang='lat' dir='ltr'><strong>esse</strong></span> <span class='ocrx_word' id='word_1_419' title='bbox 2419 1884 2486 1922; x_wconf 76' lang='lat' dir='ltr'><strong>ex</strong></span> <span class='ocrx_word' id='word_1_420' title='bbox 2519 1869 2650 1930; x_wconf 88' lang='lat' dir='ltr'><strong>Deo,</strong></span> <span class='ocrx_word' id='word_1_421' title='bbox 2675 1883 2795 1936; x_wconf 75' lang='lat' dir='ltr'><strong>qua:</strong></span> <span class='ocrx_word' id='word_1_422' title='bbox 2827 1869 3051 1923; x_wconf 79' lang='lat' dir='ltr'><strong>otnuino</strong></span> <span class='ocrx_word' id='word_1_423' title='bbox 3079 1870 3273 1938; x_wconf 72' lang='lat' dir='ltr'><strong>genita:</strong></span> <span class='ocrx_word' id='word_1_424' title='bbox 3301 1887 3405 1926; x_wconf 92' lang='lat' dir='ltr'><strong>non</strong></span> <span class='ocrx_word' id='word_1_425' title='bbox 3430 1873 3540 1927; x_wconf 86' lang='lat' dir='ltr'><strong>sint</strong></span> 
     </span>
    </p>
   </div>
   <div class='ocr_carea' id='block_1_49' title="bbox 1961 1955 3541 2027">
    <p class='ocr_par' dir='ltr' id='par_1_49' title="bbox 1961 1955 3541 2027">
     <span class='ocr_line' id='line_1_49' title="bbox 1961 1955 3541 2027; baseline 0.001 -13"><span class='ocrx_word' id='word_1_426' title='bbox 1961 1975 2028 2014; x_wconf 75' lang='lat' dir='ltr'><strong>ex</strong></span> <span class='ocrx_word' id='word_1_427' title='bbox 2073 1959 2206 2021; x_wconf 84' lang='lat' dir='ltr'><strong>Deo,</strong></span> <span class='ocrx_word' id='word_1_428' title='bbox 2260 1960 2464 2027; x_wconf 85' lang='lat' dir='ltr'><strong>hasque</strong></span> <span class='ocrx_word' id='word_1_429' title='bbox 2515 1957 2740 2010; x_wconf 85' lang='lat' dir='ltr'><strong>omnino</strong></span> <span class='ocrx_word' id='word_1_430' title='bbox 2791 1955 3080 2012; x_wconf 76' lang='lat' dir='ltr'><strong>inferiores</strong></span> <span class='ocrx_word' id='word_1_431' title='bbox 3119 1975 3243 2016; x_wconf 88' lang='lat' dir='ltr'><strong>esse</strong></span> <span class='ocrx_word' id='word_1_432' title='bbox 3289 1961 3541 2016; x_wconf 67' lang='lat' dir='ltr'><strong>omnibus</strong></span> 
     </span>
    </p>
   </div>
   <div class='ocr_carea' id='block_1_50' title="bbox 1962 2047 3539 2118">
    <p class='ocr_par' dir='ltr' id='par_1_50' title="bbox 1962 2047 3539 2118">
     <span class='ocr_line' id='line_1_50' title="bbox 1962 2047 3539 2118; baseline 0.006 -19"><span class='ocrx_word' id='word_1_433' title='bbox 1962 2062 2082 2117; x_wconf 66' lang='lat' dir='ltr'><strong>quae</strong></span> <span class='ocrx_word' id='word_1_434' title='bbox 2105 2062 2135 2100; x_wconf 89' lang='lat' dir='ltr'><strong>a</strong></span> <span class='ocrx_word' id='word_1_435' title='bbox 2155 2047 2264 2102; x_wconf 88' lang='lat' dir='ltr'><strong>Deo</strong></span> <span class='ocrx_word' id='word_1_436' title='bbox 2298 2047 2548 2100; x_wconf 90' lang='lat' dir='ltr'><strong>dicantur</strong></span> <span class='ocrx_word' id='word_1_437' title='bbox 2585 2047 2766 2115; x_wconf 78' lang='lat' dir='ltr'><strong>genita</strong></span> <span class='ocrx_word' id='word_1_438' title='bbox 2794 2061 2936 2102; x_wconf 79' lang='lat' dir='ltr'><strong>esse.</strong></span> <span class='ocrx_word' id='word_1_439' title='bbox 2974 2052 3052 2102; x_wconf 82' lang='lat' dir='ltr'><strong>Ac</strong></span> <span class='ocrx_word' id='word_1_440' title='bbox 3079 2062 3230 2105; x_wconf 86' lang='lat' dir='ltr'><strong>certe</strong></span> <span class='ocrx_word' id='word_1_441' title='bbox 3255 2067 3376 2106; x_wconf 91' lang='lat' dir='ltr'><strong>cum</strong></span> <span class='ocrx_word' id='word_1_442' title='bbox 3412 2069 3539 2118; x_wconf 83' lang='lat' dir='ltr'><strong>per-</strong></span> 
     </span>
    </p>
   </div>
   <div class='ocr_carea' id='block_1_51' title="bbox 1964 2134 3539 2208">
    <p class='ocr_par' dir='ltr' id='par_1_51' title="bbox 1964 2134 3539 2208">
     <span class='ocr_line' id='line_1_51' title="bbox 1964 2134 3539 2208; baseline 0.006 -18"><span class='ocrx_word' id='word_1_443' title='bbox 1964 2136 2179 2191; x_wconf 83' lang='lat' dir='ltr'><strong>veneris</strong></span> <span class='ocrx_word' id='word_1_444' title='bbox 2209 2135 2276 2190; x_wconf 90' lang='lat' dir='ltr'><strong>ad</strong></span> <span class='ocrx_word' id='word_1_445' title='bbox 2303 2134 2664 2191; x_wconf 80' lang='lat' dir='ltr'><strong>diﬂ&#39;erentiam</strong></span> <span class='ocrx_word' id='word_1_446' title='bbox 2697 2137 2843 2191; x_wconf 88' lang='lat' dir='ltr'><strong>illam</strong></span> <span class='ocrx_word' id='word_1_447' title='bbox 2868 2156 2988 2208; x_wconf 74' lang='lat' dir='ltr'><strong>qua:</strong></span> <span class='ocrx_word' id='word_1_448' title='bbox 3017 2150 3102 2194; x_wconf 87' lang='lat' dir='ltr'><strong>est</strong></span> <span class='ocrx_word' id='word_1_449' title='bbox 3142 2143 3283 2196; x_wconf 88' lang='lat' dir='ltr'><strong>inter</strong></span> <span class='ocrx_word' id='word_1_450' title='bbox 3312 2157 3436 2198; x_wconf 85' lang='lat' dir='ltr'><strong>esse</strong></span> <span class='ocrx_word' id='word_1_451' title='bbox 3470 2159 3539 2201; x_wconf 79' lang='lat' dir='ltr'><strong>ex</strong></span> 
     </span>
    </p>
   </div>
   <div class='ocr_carea' id='block_1_52' title="bbox 1963 2227 3536 2303">
    <p class='ocr_par' dir='ltr' id='par_1_52' title="bbox 1963 2227 3536 2303">
     <span class='ocr_line' id='line_1_52' title="bbox 1963 2227 3536 2303; baseline 0.008 -25"><span class='ocrx_word' id='word_1_452' title='bbox 1963 2227 2203 2290; x_wconf 84' lang='lat' dir='ltr'><strong>diabolo,</strong></span> <span class='ocrx_word' id='word_1_453' title='bbox 2230 2234 2284 2280; x_wconf 91' lang='lat' dir='ltr'><strong>et</strong></span> <span class='ocrx_word' id='word_1_454' title='bbox 2316 2227 2461 2280; x_wconf 88' lang='lat' dir='ltr'><strong>inter</strong></span> <span class='ocrx_word' id='word_1_455' title='bbox 2496 2228 2738 2296; x_wconf 73' lang='lat' dir='ltr'><strong>genitura</strong></span> <span class='ocrx_word' id='word_1_456' title='bbox 2763 2245 2888 2286; x_wconf 82' lang='lat' dir='ltr'><strong>esse</strong></span> <span class='ocrx_word' id='word_1_457' title='bbox 2915 2248 2979 2286; x_wconf 78' lang='lat' dir='ltr'><strong>ex</strong></span> <span class='ocrx_word' id='word_1_458' title='bbox 3015 2233 3145 2296; x_wconf 86' lang='lat' dir='ltr'><strong>Deo,</strong></span> <span class='ocrx_word' id='word_1_459' title='bbox 3170 2247 3382 2303; x_wconf 63' lang='lat' dir='ltr'><strong>quat-es</strong></span> <span class='ocrx_word' id='word_1_460' title='bbox 3410 2251 3536 2290; x_wconf 92' lang='lat' dir='ltr'><strong>num</strong></span> 
     </span>
    </p>
   </div>
   <div class='ocr_carea' id='block_1_53' title="bbox 1964 2319 3536 2392">
    <p class='ocr_par' dir='ltr' id='par_1_53' title="bbox 1964 2319 3536 2392">
     <span class='ocr_line' id='line_1_53' title="bbox 1964 2319 3536 2392; baseline 0.008 -20"><span class='ocrx_word' id='word_1_461' title='bbox 1964 2319 2103 2374; x_wconf 79' lang='lat' dir='ltr'><strong>forte</strong></span> <span class='ocrx_word' id='word_1_462' title='bbox 2126 2320 2325 2388; x_wconf 87' lang='lat' dir='ltr'><strong>aliquis</strong></span> <span class='ocrx_word' id='word_1_463' title='bbox 2348 2320 2420 2373; x_wconf 83' lang='lat' dir='ltr'><strong>sit</strong></span> <span class='ocrx_word' id='word_1_464' title='bbox 2443 2320 2534 2388; x_wconf 91' lang='lat' dir='ltr'><strong>qui</strong></span> <span class='ocrx_word' id='word_1_465' title='bbox 2561 2321 2725 2374; x_wconf 88' lang='lat' dir='ltr'><strong>etiam</strong></span> <span class='ocrx_word' id='word_1_466' title='bbox 2759 2337 2822 2377; x_wconf 81' lang='lat' dir='ltr'><strong>ex</strong></span> <span class='ocrx_word' id='word_1_467' title='bbox 2852 2324 3068 2378; x_wconf 89' lang='lat' dir='ltr'><strong>diabolo</strong></span> <span class='ocrx_word' id='word_1_468' title='bbox 3101 2327 3172 2380; x_wconf 86' lang='lat' dir='ltr'><strong>sit</strong></span> <span class='ocrx_word' id='word_1_469' title='bbox 3205 2338 3383 2392; x_wconf 85' lang='lat' dir='ltr'><strong>natus,</strong></span> <span class='ocrx_word' id='word_1_470' title='bbox 3415 2343 3536 2384; x_wconf 86' lang='lat' dir='ltr'><strong>cum</strong></span> 
     </span>
    </p>
   </div>
   <div class='ocr_carea' id='block_1_54' title="bbox 1960 2410 3539 2480">
    <p class='ocr_par' dir='ltr' id='par_1_54' title="bbox 1960 2410 3539 2480">
     <span class='ocr_line' id='line_1_54' title="bbox 1960 2410 3539 2480; baseline 0.006 -15"><span class='ocrx_word' id='word_1_471' title='bbox 1960 2410 2184 2465; x_wconf 90' lang='lat' dir='ltr'><strong>omnino</strong></span> <span class='ocrx_word' id='word_1_472' title='bbox 2208 2411 2298 2480; x_wconf 93' lang='lat' dir='ltr'><strong>qui</strong></span> <span class='ocrx_word' id='word_1_473' title='bbox 2323 2411 2396 2464; x_wconf 89' lang='lat' dir='ltr'><strong>sit</strong></span> <span class='ocrx_word' id='word_1_474' title='bbox 2415 2427 2480 2464; x_wconf 80' lang='lat' dir='ltr'><strong>ex</strong></span> <span class='ocrx_word' id='word_1_475' title='bbox 2507 2411 2750 2476; x_wconf 85' lang='lat' dir='ltr'><strong>diabolo,</strong></span> <span class='ocrx_word' id='word_1_476' title='bbox 2779 2429 2886 2468; x_wconf 93' lang='lat' dir='ltr'><strong>non</strong></span> <span class='ocrx_word' id='word_1_477' title='bbox 2910 2418 3172 2470; x_wconf 86' lang='lat' dir='ltr'><strong>continuo</strong></span> <span class='ocrx_word' id='word_1_478' title='bbox 3198 2419 3360 2473; x_wconf 90' lang='lat' dir='ltr'><strong>etiam</strong></span> <span class='ocrx_word' id='word_1_479' title='bbox 3383 2430 3539 2475; x_wconf 89' lang='lat' dir='ltr'><strong>natus</strong></span> 
     </span>
    </p>
   </div>
   <div class='ocr_carea' id='block_1_55' title="bbox 1959 2501 3534 2578">
    <p class='ocr_par' dir='ltr' id='par_1_55' title="bbox 1959 2501 3534 2578">
     <span class='ocr_line' id='line_1_55' title="bbox 1959 2501 3534 2578; baseline 0.006 -22"><span class='ocrx_word' id='word_1_480' title='bbox 1959 2501 2033 2556; x_wconf 88' lang='lat' dir='ltr'><strong>sit</strong></span> <span class='ocrx_word' id='word_1_481' title='bbox 2069 2516 2136 2556; x_wconf 76' lang='lat' dir='ltr'><strong>ex</strong></span> <span class='ocrx_word' id='word_1_482' title='bbox 2183 2501 2400 2558; x_wconf 88' lang='lat' dir='ltr'><strong>diabolo</strong></span> <span class='ocrx_word' id='word_1_483' title='bbox 2433 2519 2448 2558; x_wconf 90' lang='lat'><strong>:</strong></span> <span class='ocrx_word' id='word_1_484' title='bbox 2479 2511 2536 2558; x_wconf 90' lang='lat' dir='ltr'><strong>et</strong></span> <span class='ocrx_word' id='word_1_485' title='bbox 2567 2518 2782 2558; x_wconf 89' lang='lat' dir='ltr'><strong>rursum</strong></span> <span class='ocrx_word' id='word_1_486' title='bbox 2816 2521 2944 2558; x_wconf 87' lang='lat' dir='ltr'><strong>num</strong></span> <span class='ocrx_word' id='word_1_487' title='bbox 2977 2507 3050 2560; x_wconf 86' lang='lat' dir='ltr'><strong>sit</strong></span> <span class='ocrx_word' id='word_1_488' title='bbox 3071 2508 3271 2578; x_wconf 83' lang='lat' dir='ltr'><strong>aliquis</strong></span> <span class='ocrx_word' id='word_1_489' title='bbox 3301 2524 3369 2565; x_wconf 78' lang='lat' dir='ltr'><strong>ex</strong></span> <span class='ocrx_word' id='word_1_490' title='bbox 3403 2509 3534 2577; x_wconf 88' lang='lat' dir='ltr'><strong>Deo,</strong></span> 
     </span>
    </p>
   </div>
   <div class='ocr_carea' id='block_1_56' title="bbox 1959 2592 3538 2666">
    <p class='ocr_par' dir='ltr' id='par_1_56' title="bbox 1959 2592 3538 2666">
     <span class='ocr_line' id='line_1_56' title="bbox 1959 2592 3538 2666; baseline 0.008 -23"><span class='ocrx_word' id='word_1_491' title='bbox 1959 2592 2049 2662; x_wconf 89' lang='lat' dir='ltr'><strong>qui</strong></span> <span class='ocrx_word' id='word_1_492' title='bbox 2083 2607 2188 2647; x_wconf 92' lang='lat' dir='ltr'><strong>non</strong></span> <span class='ocrx_word' id='word_1_493' title='bbox 2214 2593 2379 2648; x_wconf 90' lang='lat' dir='ltr'><strong>etiam</strong></span> <span class='ocrx_word' id='word_1_494' title='bbox 2416 2595 2641 2649; x_wconf 91' lang='lat' dir='ltr'><strong>omnino</strong></span> <span class='ocrx_word' id='word_1_495' title='bbox 2664 2609 2730 2649; x_wconf 83' lang='lat' dir='ltr'><strong>ex</strong></span> <span class='ocrx_word' id='word_1_496' title='bbox 2759 2593 2874 2650; x_wconf 85' lang='lat' dir='ltr'><strong>Deo</strong></span> <span class='ocrx_word' id='word_1_497' title='bbox 2894 2599 2970 2652; x_wconf 86' lang='lat' dir='ltr'><strong>sit</strong></span> <span class='ocrx_word' id='word_1_498' title='bbox 2991 2609 3153 2653; x_wconf 87' lang='lat' dir='ltr'><strong>natus</strong></span> <span class='ocrx_word' id='word_1_499' title='bbox 3183 2617 3198 2666; x_wconf 90' lang='lat'><strong>;</strong></span> <span class='ocrx_word' id='word_1_500' title='bbox 3242 2616 3367 2655; x_wconf 87' lang='lat' dir='ltr'><strong>eum</strong></span> <span class='ocrx_word' id='word_1_501' title='bbox 3395 2603 3440 2657; x_wconf 90' lang='lat' dir='ltr'><strong>si</strong></span> <span class='ocrx_word' id='word_1_502' title='bbox 3465 2604 3538 2658; x_wconf 88' lang='lat' dir='ltr'><strong>sit</strong></span> 
     </span>
    </p>
   </div>
   <div class='ocr_carea' id='block_1_57' title="bbox 1959 2686 3532 2754">
    <p class='ocr_par' dir='ltr' id='par_1_57' title="bbox 1959 2686 3532 2754">
     <span class='ocr_line' id='line_1_57' title="bbox 1959 2686 3532 2754; baseline 0.008 -17"><span class='ocrx_word' id='word_1_503' title='bbox 1959 2686 2158 2754; x_wconf 88' lang='lat' dir='ltr'><strong>aliquis</strong></span> <span class='ocrx_word' id='word_1_504' title='bbox 2183 2701 2250 2741; x_wconf 80' lang='lat' dir='ltr'><strong>ex</strong></span> <span class='ocrx_word' id='word_1_505' title='bbox 2278 2687 2409 2752; x_wconf 86' lang='lat' dir='ltr'><strong>Deo,</strong></span> <span class='ocrx_word' id='word_1_506' title='bbox 2442 2701 2547 2742; x_wconf 92' lang='lat' dir='ltr'><strong>non</strong></span> <span class='ocrx_word' id='word_1_507' title='bbox 2576 2689 2800 2744; x_wconf 89' lang='lat' dir='ltr'><strong>oumino</strong></span> <span class='ocrx_word' id='word_1_508' title='bbox 2827 2691 2900 2745; x_wconf 91' lang='lat' dir='ltr'><strong>sit</strong></span> <span class='ocrx_word' id='word_1_509' title='bbox 2931 2693 3096 2746; x_wconf 89' lang='lat' dir='ltr'><strong>etiam</strong></span> <span class='ocrx_word' id='word_1_510' title='bbox 3122 2705 3287 2750; x_wconf 88' lang='lat' dir='ltr'><strong>natus</strong></span> <span class='ocrx_word' id='word_1_511' title='bbox 3317 2711 3385 2751; x_wconf 78' lang='lat' dir='ltr'><strong>ex</strong></span> <span class='ocrx_word' id='word_1_512' title='bbox 3403 2697 3532 2752; x_wconf 87' lang='lat' dir='ltr'><strong>Deo.</strong></span> 
     </span>
    </p>
   </div>
   <div class='ocr_carea' id='block_1_58' title="bbox 1957 2772 3534 2852">
    <p class='ocr_par' dir='ltr' id='par_1_58' title="bbox 1957 2772 3534 2852">
     <span class='ocr_line' id='line_1_58' title="bbox 1957 2772 3534 2852; baseline 0.011 -26"><span class='ocrx_word' id='word_1_513' title='bbox 1957 2772 2202 2829; x_wconf 84' lang='lat' dir='ltr'><strong>Proinde</strong></span> <span class='ocrx_word' id='word_1_514' title='bbox 2261 2774 2530 2830; x_wconf 79' lang='lat' dir='ltr'><strong>formatur</strong></span> <span class='ocrx_word' id='word_1_515' title='bbox 2572 2778 2987 2850; x_wconf 89' lang='lat' dir='ltr'><strong>delineaturque</strong></span> <span class='ocrx_word' id='word_1_516' title='bbox 3021 2784 3113 2852; x_wconf 91' lang='lat' dir='ltr'><strong>qui</strong></span> <span class='ocrx_word' id='word_1_517' title='bbox 3155 2796 3318 2840; x_wconf 88' lang='lat' dir='ltr'><strong>natus</strong></span> <span class='ocrx_word' id='word_1_518' title='bbox 3346 2797 3429 2842; x_wconf 91' lang='lat' dir='ltr'><strong>est</strong></span> <span class='ocrx_word' id='word_1_519' title='bbox 3466 2803 3534 2843; x_wconf 81' lang='lat' dir='ltr'><strong>ex</strong></span> 
     </span>
    </p>
   </div>
   <div class='ocr_carea' id='block_1_59' title="bbox 1962 2863 3530 2945">
    <p class='ocr_par' dir='ltr' id='par_1_59' title="bbox 1962 2863 3530 2945">
     <span class='ocr_line' id='line_1_59' title="bbox 1962 2863 3530 2945; baseline 0.01 -27"><span class='ocrx_word' id='word_1_520' title='bbox 1962 2863 2094 2928; x_wconf 86' lang='lat' dir='ltr'><strong>Deo.</strong></span> <span class='ocrx_word' id='word_1_521' title='bbox 2133 2865 2180 2920; x_wconf 72' lang='lat' dir='ltr'><strong>si</strong></span> <span class='ocrx_word' id='word_1_522' title='bbox 2204 2876 2484 2935; x_wconf 90' lang='lat' dir='ltr'><strong>peccatum</strong></span> <span class='ocrx_word' id='word_1_523' title='bbox 2523 2885 2630 2924; x_wconf 93' lang='lat' dir='ltr'><strong>non</strong></span> <span class='ocrx_word' id='word_1_524' title='bbox 2671 2872 2997 2939; x_wconf 75' lang='lat' dir='ltr'><strong>ccmmittat,</strong></span> <span class='ocrx_word' id='word_1_525' title='bbox 3041 2891 3108 2930; x_wconf 92' lang='lat' dir='ltr'><strong>eo</strong></span> <span class='ocrx_word' id='word_1_526' title='bbox 3159 2879 3303 2945; x_wconf 92' lang='lat' dir='ltr'><strong>quod</strong></span> <span class='ocrx_word' id='word_1_527' title='bbox 3343 2893 3530 2934; x_wconf 81' lang='lat' dir='ltr'><strong>semen</strong></span> 
     </span>
    </p>
   </div>
   <div class='ocr_carea' id='block_1_60' title="bbox 292 2955 1857 3052">
    <p class='ocr_par' dir='ltr' id='par_1_60' title="bbox 292 2964 1856 3036">
     <span class='ocr_line' id='line_1_60' title="bbox 292 2964 1856 3036; baseline 0.001 -16"><span class='ocrx_word' id='word_1_528' title='bbox 292 2965 444 3036; x_wconf 85' lang='grc' dir='ltr'><strong>μένος</strong></span> <span class='ocrx_word' id='word_1_529' title='bbox 485 2966 549 3018; x_wconf 89' lang='grc' dir='ltr'><strong>ἐκ</strong></span> <span class='ocrx_word' id='word_1_530' title='bbox 593 2965 688 3019; x_wconf 87' lang='grc' dir='ltr'><strong>τοῦ</strong></span> <span class='ocrx_word' id='word_1_531' title='bbox 723 2964 994 3029; x_wconf 86' lang='grc' dir='ltr'>διαϐόλου,</span> <span class='ocrx_word' id='word_1_532' title='bbox 1029 2965 1180 3030; x_wconf 83' lang='grc' dir='ltr'><strong>ὅστις</strong></span> <span class='ocrx_word' id='word_1_533' title='bbox 1213 2965 1430 3032; x_wconf 85' lang='grc' dir='ltr'><strong>πάντως</strong></span> <span class='ocrx_word' id='word_1_534' title='bbox 1474 2968 1570 3022; x_wconf 75' lang='grc' dir='ltr'><strong>καὶ</strong></span> <span class='ocrx_word' id='word_1_535' title='bbox 1601 2967 1750 3020; x_wconf 79' lang='grc' dir='ltr'><strong>ἐστιν</strong></span> <span class='ocrx_word' id='word_1_536' title='bbox 1791 2969 1856 3022; x_wconf 85' lang='grc' dir='ltr'><strong>ἐκ</strong></span> 
     </span>
    </p>
   </div>
   <div class='ocr_carea' id='block_1_61' title="bbox 1961 2955 3529 3052">
    <p class='ocr_par' dir='ltr' id='par_1_61' title="bbox 1961 2955 3529 3032">
     <span class='ocr_line' id='line_1_61' title="bbox 1961 2955 3529 3032; baseline 0.01 -22"><span class='ocrx_word' id='word_1_537' title='bbox 1961 2955 2057 3011; x_wconf 88' lang='lat' dir='ltr'><strong>Dei</strong></span> <span class='ocrx_word' id='word_1_538' title='bbox 2085 2957 2138 3012; x_wconf 93' lang='lat' dir='ltr'><strong>in</strong></span> <span class='ocrx_word' id='word_1_539' title='bbox 2158 2957 2273 3028; x_wconf 88' lang='lat' dir='ltr'><strong>ipso</strong></span> <span class='ocrx_word' id='word_1_540' title='bbox 2295 2969 2530 3026; x_wconf 85' lang='lat' dir='ltr'><strong>maneat,</strong></span> <span class='ocrx_word' id='word_1_541' title='bbox 2550 2969 2604 3016; x_wconf 90' lang='lat' dir='ltr'><strong>et</strong></span> <span class='ocrx_word' id='word_1_542' title='bbox 2621 2977 2652 3015; x_wconf 90' lang='lat' dir='ltr'><strong>a</strong></span> <span class='ocrx_word' id='word_1_543' title='bbox 2679 2965 2916 3032; x_wconf 89' lang='lat' dir='ltr'><strong>potentia</strong></span> <span class='ocrx_word' id='word_1_544' title='bbox 2940 2963 3034 3020; x_wconf 90' lang='lat' dir='ltr'><strong>Dei</strong></span> <span class='ocrx_word' id='word_1_545' title='bbox 3059 2967 3112 3021; x_wconf 93' lang='lat' dir='ltr'><strong>in</strong></span> <span class='ocrx_word' id='word_1_546' title='bbox 3139 2983 3200 3024; x_wconf 89' lang='lat' dir='ltr'><strong>se</strong></span> <span class='ocrx_word' id='word_1_547' title='bbox 3225 2965 3529 3026; x_wconf 77' lang='lat' dir='ltr'><strong>exsisteute</strong></span> 
     </span>
    </p>
   </div>
   <div class='ocr_carea' id='block_1_62' title="bbox 287 3055 1853 3123">
    <p class='ocr_par' dir='ltr' id='par_1_62' title="bbox 287 3055 1853 3123">
     <span class='ocr_line' id='line_1_62' title="bbox 287 3055 1853 3123; baseline 0.002 -14"><span class='ocrx_word' id='word_1_548' title='bbox 287 3055 379 3110; x_wconf 87' lang='grc' dir='ltr'><strong>τοῦ</strong></span> <span class='ocrx_word' id='word_1_549' title='bbox 403 3055 665 3122; x_wconf 86' lang='grc' dir='ltr'>διαϐόλου,</span> <span class='ocrx_word' id='word_1_550' title='bbox 690 3057 750 3110; x_wconf 85' lang='grc' dir='ltr'><strong>οὺ</strong></span> <span class='ocrx_word' id='word_1_551' title='bbox 784 3057 999 3122; x_wconf 86' lang='grc' dir='ltr'><strong>πάντως</strong></span> <span class='ocrx_word' id='word_1_552' title='bbox 1036 3057 1131 3111; x_wconf 88' lang='grc' dir='ltr'><strong>τοῦ</strong></span> <span class='ocrx_word' id='word_1_553' title='bbox 1177 3057 1350 3123; x_wconf 74' lang='grc' dir='ltr'><strong>ὄντος,</strong></span> <span class='ocrx_word' id='word_1_554' title='bbox 1376 3059 1439 3111; x_wconf 86' lang='grc' dir='ltr'><strong>ἐκ</strong></span> <span class='ocrx_word' id='word_1_555' title='bbox 1480 3058 1576 3112; x_wconf 88' lang='grc' dir='ltr'><strong>τοῦ</strong></span> <span class='ocrx_word' id='word_1_556' title='bbox 1606 3058 1853 3113; x_wconf 89' lang='grc' dir='ltr'>διαϐόλου</span> 
     </span>
    </p>
   </div>
   <div class='ocr_carea' id='block_1_63' title="bbox 287 3147 1851 3219">
    <p class='ocr_par' dir='ltr' id='par_1_63' title="bbox 287 3147 1851 3219">
     <span class='ocr_line' id='line_1_63' title="bbox 287 3147 1851 3219; baseline 0.003 -19"><span class='ocrx_word' id='word_1_557' title='bbox 287 3147 707 3219; x_wconf 75' lang='grc' dir='ltr'><strong>γεγεννημένουο</strong></span> <span class='ocrx_word' id='word_1_558' title='bbox 743 3149 834 3203; x_wconf 77' lang='grc' dir='ltr'><strong>καὶ</strong></span> <span class='ocrx_word' id='word_1_559' title='bbox 867 3150 1030 3203; x_wconf 82' lang='grc' dir='ltr'><strong>πάλιν</strong></span> <span class='ocrx_word' id='word_1_560' title='bbox 1077 3149 1194 3203; x_wconf 80' lang='grc' dir='ltr'><strong>ἐστι</strong></span> <span class='ocrx_word' id='word_1_561' title='bbox 1239 3167 1324 3213; x_wconf 83' lang='grc' dir='ltr'><strong>τις</strong></span> <span class='ocrx_word' id='word_1_562' title='bbox 1366 3152 1430 3204; x_wconf 86' lang='grc' dir='ltr'><strong>ἐκ</strong></span> <span class='ocrx_word' id='word_1_563' title='bbox 1460 3151 1556 3204; x_wconf 88' lang='grc' dir='ltr'><strong>τοῦ</strong></span> <span class='ocrx_word' id='word_1_564' title='bbox 1589 3151 1748 3214; x_wconf 89' lang='grc' dir='ltr'><strong>Θεοῦ,</strong></span> <span class='ocrx_word' id='word_1_565' title='bbox 1792 3152 1851 3205; x_wconf 84' lang='grc' dir='ltr'><strong>οὐ</strong></span> 
     </span>
    </p>
   </div>
   <div class='ocr_carea' id='block_1_64' title="bbox 289 3239 1853 3312">
    <p class='ocr_par' dir='ltr' id='par_1_64' title="bbox 289 3239 1853 3312">
     <span class='ocr_line' id='line_1_64' title="bbox 289 3239 1853 3312; baseline 0.003 -21"><span class='ocrx_word' id='word_1_566' title='bbox 289 3239 492 3303; x_wconf 77' lang='grc' dir='ltr'><strong>πάντως</strong></span> <span class='ocrx_word' id='word_1_567' title='bbox 542 3241 636 3292; x_wconf 77' lang='grc' dir='ltr'><strong>καὶ</strong></span> <span class='ocrx_word' id='word_1_568' title='bbox 685 3241 1079 3312; x_wconf 82' lang='grc' dir='ltr'><strong>γεγεννημένος</strong></span> <span class='ocrx_word' id='word_1_569' title='bbox 1135 3244 1198 3294; x_wconf 86' lang='grc' dir='ltr'><strong>ἐκ</strong></span> <span class='ocrx_word' id='word_1_570' title='bbox 1245 3240 1341 3296; x_wconf 89' lang='grc' dir='ltr'><strong>τοῦ</strong></span> <span class='ocrx_word' id='word_1_571' title='bbox 1384 3240 1552 3295; x_wconf 89' lang='grc' dir='ltr'><strong>Θεοῦ·</strong></span> <span class='ocrx_word' id='word_1_572' title='bbox 1584 3242 1767 3296; x_wconf 82' lang='grc' dir='ltr'><strong>οὐκέτι</strong></span> <span class='ocrx_word' id='word_1_573' title='bbox 1797 3242 1853 3296; x_wconf 88' lang='grc' dir='ltr'><strong>δὲ</strong></span> 
     </span>
    </p>
   </div>
   <div class='ocr_carea' id='block_1_65' title="bbox 289 3329 1854 3405">
    <p class='ocr_par' dir='ltr' id='par_1_65' title="bbox 289 3329 1854 3405">
     <span class='ocr_line' id='line_1_65' title="bbox 289 3329 1854 3405; baseline 0.004 -23"><span class='ocrx_word' id='word_1_574' title='bbox 289 3329 476 3394; x_wconf 80' lang='grc' dir='ltr'><strong>παντὸς</strong></span> <span class='ocrx_word' id='word_1_575' title='bbox 501 3330 596 3384; x_wconf 88' lang='grc' dir='ltr'><strong>τοῦ</strong></span> <span class='ocrx_word' id='word_1_576' title='bbox 629 3330 780 3396; x_wconf 67' lang='grc' dir='ltr'><strong>ὄντος</strong></span> <span class='ocrx_word' id='word_1_577' title='bbox 829 3334 894 3386; x_wconf 86' lang='grc' dir='ltr'><strong>ἐκ</strong></span> <span class='ocrx_word' id='word_1_578' title='bbox 949 3332 1044 3386; x_wconf 88' lang='grc' dir='ltr'><strong>τοῦ</strong></span> <span class='ocrx_word' id='word_1_579' title='bbox 1103 3332 1237 3386; x_wconf 89' lang='grc' dir='ltr'><strong>Θεοῦ</strong></span> <span class='ocrx_word' id='word_1_580' title='bbox 1265 3373 1280 3397; x_wconf 93' lang='grc'><strong>,</strong></span> <span class='ocrx_word' id='word_1_581' title='bbox 1335 3333 1733 3405; x_wconf 86' lang='grc' dir='ltr'><strong>γεγεννημένου</strong></span> <span class='ocrx_word' id='word_1_582' title='bbox 1788 3335 1854 3390; x_wconf 87' lang='grc' dir='ltr'><strong>ἐκ</strong></span> 
     </span>
    </p>
   </div>
   <div class='ocr_carea' id='block_1_66' title="bbox 287 3421 1854 3496">
    <p class='ocr_par' dir='ltr' id='par_1_66' title="bbox 287 3421 1854 3496">
     <span class='ocr_line' id='line_1_66' title="bbox 287 3421 1854 3496; baseline 0.003 -22"><span class='ocrx_word' id='word_1_583' title='bbox 287 3421 377 3474; x_wconf 89' lang='grc' dir='ltr'><strong>τοῦ</strong></span> <span class='ocrx_word' id='word_1_584' title='bbox 429 3423 584 3478; x_wconf 83' lang='grc' dir='ltr'><strong>Θεοῦ.</strong></span> <span class='ocrx_word' id='word_1_585' title='bbox 631 3424 1110 3496; x_wconf 82' lang='grc' dir='ltr'><strong>Χαρακτηρίζεται</strong></span> <span class='ocrx_word' id='word_1_586' title='bbox 1159 3425 1343 3494; x_wconf 88' lang='grc' dir='ltr'><strong>μέντοι</strong></span> <span class='ocrx_word' id='word_1_587' title='bbox 1391 3427 1420 3478; x_wconf 89' lang='lat'><strong>6</strong></span> <span class='ocrx_word' id='word_1_588' title='bbox 1460 3424 1854 3496; x_wconf 82' lang='grc' dir='ltr'><strong>γεγεννημένος</strong></span> 
     </span>
    </p>
   </div>
   <div class='ocr_carea' id='block_1_67' title="bbox 290 3513 1854 3587">
    <p class='ocr_par' dir='ltr' id='par_1_67' title="bbox 290 3513 1854 3587">
     <span class='ocr_line' id='line_1_67' title="bbox 290 3513 1854 3587; baseline 0.004 -23"><span class='ocrx_word' id='word_1_589' title='bbox 290 3513 350 3564; x_wconf 83' lang='grc' dir='ltr'><strong>ὲκ</strong></span> <span class='ocrx_word' id='word_1_590' title='bbox 375 3513 463 3566; x_wconf 86' lang='grc' dir='ltr'><strong>τοῦ</strong></span> <span class='ocrx_word' id='word_1_591' title='bbox 495 3513 630 3568; x_wconf 67' lang='grc' dir='ltr'><strong>Θεοῦ</strong></span> <span class='ocrx_word' id='word_1_592' title='bbox 659 3513 741 3584; x_wconf 82' lang='grc' dir='ltr'><strong>τῷ</strong></span> <span class='ocrx_word' id='word_1_593' title='bbox 780 3515 1054 3586; x_wconf 82' lang='grc' dir='ltr'><strong>ἁμαρτίαν</strong></span> <span class='ocrx_word' id='word_1_594' title='bbox 1099 3516 1159 3568; x_wconf 84' lang='grc' dir='ltr'><strong>οὐ</strong></span> <span class='ocrx_word' id='word_1_595' title='bbox 1195 3519 1386 3582; x_wconf 86' lang='grc' dir='ltr'><strong>ποιεῖν,</strong></span> <span class='ocrx_word' id='word_1_596' title='bbox 1417 3516 1505 3570; x_wconf 86' lang='grc' dir='ltr'><strong>διὰ</strong></span> <span class='ocrx_word' id='word_1_597' title='bbox 1531 3515 1592 3569; x_wconf 84' lang='grc' dir='ltr'><strong>τὸ</strong></span> <span class='ocrx_word' id='word_1_598' title='bbox 1630 3516 1854 3587; x_wconf 85' lang='grc' dir='ltr'><strong>σπέρμα</strong></span> 
     </span>
    </p>
   </div>
   <div class='ocr_carea' id='block_1_68' title="bbox 287 3602 1851 3677">
    <p class='ocr_par' dir='ltr' id='par_1_68' title="bbox 287 3602 1851 3677">
     <span class='ocr_line' id='line_1_68' title="bbox 287 3602 1851 3677; baseline 0.003 -23"><span class='ocrx_word' id='word_1_599' title='bbox 287 3603 376 3655; x_wconf 84' lang='grc' dir='ltr'><strong>τοῦ</strong></span> <span class='ocrx_word' id='word_1_600' title='bbox 403 3602 533 3656; x_wconf 89' lang='grc' dir='ltr'><strong>Θεοῦ</strong></span> <span class='ocrx_word' id='word_1_601' title='bbox 581 3606 638 3658; x_wconf 91' lang='grc' dir='ltr'><strong>ἐν</strong></span> <span class='ocrx_word' id='word_1_602' title='bbox 676 3605 823 3674; x_wconf 82' lang='grc' dir='ltr'><strong>αὐτῷ</strong></span> <span class='ocrx_word' id='word_1_603' title='bbox 863 3606 1064 3676; x_wconf 88' lang='grc' dir='ltr'><strong>μένειν,</strong></span> <span class='ocrx_word' id='word_1_604' title='bbox 1115 3607 1210 3660; x_wconf 76' lang='grc' dir='ltr'><strong>καὶ</strong></span> <span class='ocrx_word' id='word_1_605' title='bbox 1260 3606 1368 3660; x_wconf 82' lang='grc' dir='ltr'><strong>ἀπὸ</strong></span> <span class='ocrx_word' id='word_1_606' title='bbox 1402 3607 1502 3677; x_wconf 82' lang='grc' dir='ltr'><strong>τῆς</strong></span> <span class='ocrx_word' id='word_1_607' title='bbox 1528 3606 1738 3660; x_wconf 87' lang='grc' dir='ltr'><strong>ἐκείνου</strong></span> <span class='ocrx_word' id='word_1_608' title='bbox 1759 3606 1851 3659; x_wconf 83' lang='grc' dir='ltr'><strong>δυ-</strong></span> 
     </span>
    </p>
   </div>
   <div class='ocr_carea' id='block_1_69' title="bbox 289 3693 1853 3768">
    <p class='ocr_par' dir='ltr' id='par_1_69' title="bbox 289 3693 1853 3768">
     <span class='ocr_line' id='line_1_69' title="bbox 289 3693 1853 3768; baseline 0.004 -22"><span class='ocrx_word' id='word_1_609' title='bbox 289 3693 491 3764; x_wconf 84' lang='grc' dir='ltr'><strong>νάμεως</strong></span> <span class='ocrx_word' id='word_1_610' title='bbox 536 3695 948 3767; x_wconf 85' lang='grc' dir='ltr'><strong>ἐνυπαρχούσης</strong></span> <span class='ocrx_word' id='word_1_611' title='bbox 1005 3697 1154 3767; x_wconf 78' lang='grc' dir='ltr'><strong>αὐτῷ</strong></span> <span class='ocrx_word' id='word_1_612' title='bbox 1207 3697 1557 3768; x_wconf 86' lang='grc' dir='ltr'><strong>ἐγγινομένου</strong></span> <span class='ocrx_word' id='word_1_613' title='bbox 1604 3697 1700 3750; x_wconf 90' lang='grc' dir='ltr'><strong>τοῦ</strong></span> <span class='ocrx_word' id='word_1_614' title='bbox 1749 3715 1853 3768; x_wconf 82' lang='grc' dir='ltr'><strong>μη-</strong></span> 
     </span>
    </p>
   </div>
   <div class='ocr_carea' id='block_1_70' title="bbox 290 3782 1854 3856">
    <p class='ocr_par' dir='ltr' id='par_1_70' title="bbox 290 3782 1854 3856">
     <span class='ocr_line' id='line_1_70' title="bbox 290 3782 1854 3856; baseline 0.004 -20"><span class='ocrx_word' id='word_1_615' title='bbox 290 3782 400 3836; x_wconf 87' lang='grc' dir='ltr'><strong>κέτι</strong></span> <span class='ocrx_word' id='word_1_616' title='bbox 425 3783 680 3839; x_wconf 77' lang='grc' dir='ltr'><strong>δύνασθαι</strong></span> <span class='ocrx_word' id='word_1_617' title='bbox 714 3787 1068 3856; x_wconf 76' lang='grc' dir='ltr'><strong>ἁμαρτάνειν.</strong></span> <span class='ocrx_word' id='word_1_618' title='bbox 1105 3788 1215 3841; x_wconf 77' lang='grc' dir='ltr'><strong>Καὶ</strong></span> <span class='ocrx_word' id='word_1_619' title='bbox 1262 3789 1319 3841; x_wconf 88' lang='grc' dir='ltr'><strong>ἐν</strong></span> <span class='ocrx_word' id='word_1_620' title='bbox 1365 3790 1479 3849; x_wconf 88' lang='grc' dir='ltr'><strong>τοῖς</strong></span> <span class='ocrx_word' id='word_1_621' title='bbox 1524 3788 1854 3852; x_wconf 84' lang='grc' dir='ltr'><strong>τελευταίοις</strong></span> 
     </span>
    </p>
   </div>
   <div class='ocr_carea' id='block_1_71' title="bbox 288 3874 1854 3951">
    <p class='ocr_par' dir='ltr' id='par_1_71' title="bbox 288 3874 1854 3951">
     <span class='ocr_line' id='line_1_71' title="bbox 288 3874 1854 3951; baseline 0.006 -24"><span class='ocrx_word' id='word_1_622' title='bbox 288 3874 343 3927; x_wconf 79' lang='grc' dir='ltr'><strong>δὲ</strong></span> <span class='ocrx_word' id='word_1_623' title='bbox 368 3875 571 3943; x_wconf 85' lang='grc' dir='ltr'><strong>λέγεται</strong></span> <span class='ocrx_word' id='word_1_624' title='bbox 601 3877 700 3948; x_wconf 84' lang='grc' dir='ltr'><strong>τῆς</strong></span> <span class='ocrx_word' id='word_1_625' title='bbox 734 3879 1068 3949; x_wconf 82' lang='grc' dir='ltr'><strong>Ἐπιστολῆς,</strong></span> <span class='ocrx_word' id='word_1_626' title='bbox 1093 3879 1176 3932; x_wconf 81' lang='grc' dir='ltr'><strong>ὅτι</strong></span> <span class='ocrx_word' id='word_1_627' title='bbox 1209 3878 1333 3945; x_wconf 83' lang='grc' dir='ltr'><strong>Πᾶς</strong></span> <span class='ocrx_word' id='word_1_628' title='bbox 1365 3883 1398 3934; x_wconf 87' lang='grc' dir='ltr'><strong>ό</strong></span> <span class='ocrx_word' id='word_1_629' title='bbox 1421 3881 1854 3951; x_wconf 55' lang='grc' dir='ltr'><strong>γεγεννημένος</strong></span> 
     </span>
    </p>
   </div>
   <div class='ocr_carea' id='block_1_72' title="bbox 289 3966 1854 4043">
    <p class='ocr_par' dir='ltr' id='par_1_72' title="bbox 289 3966 1854 4043">
     <span class='ocr_line' id='line_1_72' title="bbox 289 3966 1854 4043; baseline 0.007 -26"><span class='ocrx_word' id='word_1_630' title='bbox 289 3966 355 4018; x_wconf 75' lang='grc' dir='ltr'><strong>ἐκ</strong></span> <span class='ocrx_word' id='word_1_631' title='bbox 400 3967 498 4021; x_wconf 83' lang='grc' dir='ltr'><strong>τοῦ</strong></span> <span class='ocrx_word' id='word_1_632' title='bbox 543 3969 690 4023; x_wconf 85' lang='grc' dir='ltr'><strong>Θεοῦ</strong></span> <span class='ocrx_word' id='word_1_633' title='bbox 743 3972 859 4038; x_wconf 86' lang='grc' dir='ltr'><strong>οὐχ</strong></span> <span class='ocrx_word' id='word_1_634' title='bbox 918 3969 1262 4040; x_wconf 80' lang='grc' dir='ltr'><strong>ἁμαρτάνει,</strong></span> <span class='ocrx_word' id='word_1_635' title='bbox 1296 3972 1458 4026; x_wconf 72' lang='grc' dir='ltr'><strong>ἀλλὰ</strong></span> <span class='ocrx_word' id='word_1_636' title='bbox 1506 3976 1540 4026; x_wconf 82' lang='grc' dir='ltr'><em>ὁ</em></span> <span class='ocrx_word' id='word_1_637' title='bbox 1577 3989 1854 4043; x_wconf 77' lang='grc' dir='ltr'><strong>γεγεννη-</strong></span> 
     </span>
    </p>
   </div>
   <div class='ocr_carea' id='block_1_73' title="bbox 284 4055 1853 4132">
    <p class='ocr_par' dir='ltr' id='par_1_73' title="bbox 284 4055 1853 4132">
     <span class='ocr_line' id='line_1_73' title="bbox 284 4055 1853 4132; baseline 0.006 -26"><span class='ocrx_word' id='word_1_638' title='bbox 284 4055 456 4123; x_wconf 78' lang='grc' dir='ltr'><strong>μένος</strong></span> <span class='ocrx_word' id='word_1_639' title='bbox 480 4056 547 4110; x_wconf 78' lang='grc' dir='ltr'><strong>ἐκ</strong></span> <span class='ocrx_word' id='word_1_640' title='bbox 580 4057 686 4111; x_wconf 85' lang='grc' dir='ltr'><strong>τοῦ</strong></span> <span class='ocrx_word' id='word_1_641' title='bbox 719 4057 868 4112; x_wconf 88' lang='grc' dir='ltr'><strong>Θεοῦ</strong></span> <span class='ocrx_word' id='word_1_642' title='bbox 906 4059 1068 4126; x_wconf 82' lang='grc' dir='ltr'><strong>τηρεῖ</strong></span> <span class='ocrx_word' id='word_1_643' title='bbox 1122 4059 1362 4126; x_wconf 82' lang='grc' dir='ltr'><strong>ἑαυτὸν,</strong></span> <span class='ocrx_word' id='word_1_644' title='bbox 1389 4061 1487 4115; x_wconf 81' lang='grc' dir='ltr'><strong>καὶ</strong></span> <span class='ocrx_word' id='word_1_645' title='bbox 1519 4064 1552 4116; x_wconf 82' lang='grc' dir='ltr'><em>ὁ</em></span> <span class='ocrx_word' id='word_1_646' title='bbox 1587 4062 1853 4132; x_wconf 82' lang='grc' dir='ltr'><strong>πονηρὸς</strong></span> 
     </span>
    </p>
   </div>
   <div class='ocr_carea' id='block_1_74' title="bbox 288 4145 1850 4223">
    <p class='ocr_par' dir='ltr' id='par_1_74' title="bbox 288 4145 1850 4223">
     <span class='ocr_line' id='line_1_74' title="bbox 288 4145 1850 4223; baseline 0.006 -25"><span class='ocrx_word' id='word_1_647' title='bbox 288 4147 394 4214; x_wconf 82' lang='grc' dir='ltr'><strong>οὐχ</strong></span> <span class='ocrx_word' id='word_1_648' title='bbox 427 4145 664 4201; x_wconf 81' lang='grc' dir='ltr'><strong>ἅπτεται</strong></span> <span class='ocrx_word' id='word_1_649' title='bbox 695 4150 902 4204; x_wconf 83' lang='grc' dir='ltr'><strong>αὑτοῦ.</strong></span> <span class='ocrx_word' id='word_1_650' title='bbox 936 4151 999 4203; x_wconf 82' lang='lat' dir='ltr'><strong>El</strong></span> <span class='ocrx_word' id='word_1_651' title='bbox 1033 4149 1089 4203; x_wconf 81' lang='grc' dir='ltr'><strong>δὲ</strong></span> <span class='ocrx_word' id='word_1_652' title='bbox 1122 4153 1150 4204; x_wconf 85' lang='lat'><strong>6</strong></span> <span class='ocrx_word' id='word_1_653' title='bbox 1189 4151 1469 4223; x_wconf 78' lang='grc' dir='ltr'><strong>γεννηθεὶς</strong></span> <span class='ocrx_word' id='word_1_654' title='bbox 1505 4154 1570 4206; x_wconf 89' lang='grc' dir='ltr'><strong>ἐκ</strong></span> <span class='ocrx_word' id='word_1_655' title='bbox 1596 4153 1690 4206; x_wconf 89' lang='grc' dir='ltr'><strong>τοῦ</strong></span> <span class='ocrx_word' id='word_1_656' title='bbox 1715 4154 1850 4208; x_wconf 89' lang='grc' dir='ltr'><strong>Θεοῦ</strong></span> 
     </span>
    </p>
   </div>
   <div class='ocr_carea' id='block_1_75' title="bbox 289 4238 1850 4313">
    <p class='ocr_par' dir='ltr' id='par_1_75' title="bbox 289 4238 1850 4313">
     <span class='ocr_line' id='line_1_75' title="bbox 289 4238 1850 4313; baseline 0.008 -25"><span class='ocrx_word' id='word_1_657' title='bbox 289 4240 433 4308; x_wconf 83' lang='grc' dir='ltr'><strong>τηρεῖ</strong></span> <span class='ocrx_word' id='word_1_658' title='bbox 454 4238 673 4303; x_wconf 82' lang='grc' dir='ltr'><strong>ἑαυτὸν,</strong></span> <span class='ocrx_word' id='word_1_659' title='bbox 706 4241 800 4294; x_wconf 76' lang='grc' dir='ltr'><strong>καὶ</strong></span> <span class='ocrx_word' id='word_1_660' title='bbox 839 4244 868 4294; x_wconf 87' lang='lat'><strong>6</strong></span> <span class='ocrx_word' id='word_1_661' title='bbox 912 4241 1146 4313; x_wconf 84' lang='grc' dir='ltr'><strong>πονηρὸς</strong></span> <span class='ocrx_word' id='word_1_662' title='bbox 1192 4244 1290 4313; x_wconf 83' lang='grc' dir='ltr'><strong>οὐχ</strong></span> <span class='ocrx_word' id='word_1_663' title='bbox 1329 4244 1560 4299; x_wconf 77' lang='grc' dir='ltr'><strong>ἅπτεται</strong></span> <span class='ocrx_word' id='word_1_664' title='bbox 1588 4245 1752 4299; x_wconf 84' lang='grc' dir='ltr'><strong>αὐτοῦ</strong></span> <span class='ocrx_word' id='word_1_665' title='bbox 1775 4287 1792 4312; x_wconf 97' lang='grc'><strong>,</strong></span> <span class='ocrx_word' id='word_1_666' title='bbox 1821 4248 1850 4300; x_wconf 91' lang='lat'><strong>6</strong></span> 
     </span>
    </p>
   </div>
   <div class='ocr_carea' id='block_1_76' title="bbox 1958 3051 3529 3130">
    <p class='ocr_par' dir='ltr' id='par_1_76' title="bbox 1958 3051 3529 3130">
     <span class='ocr_line' id='line_1_76' title="bbox 1958 3051 3529 3130; baseline 0.007 -24"><span class='ocrx_word' id='word_1_667' title='bbox 1958 3051 2202 3121; x_wconf 71' lang='lat' dir='ltr'><strong>ingenita</strong></span> <span class='ocrx_word' id='word_1_668' title='bbox 2238 3052 2346 3106; x_wconf 90' lang='lat' dir='ltr'><strong>vim</strong></span> <span class='ocrx_word' id='word_1_669' title='bbox 2371 3051 2566 3108; x_wconf 87' lang='lat' dir='ltr'><strong>habeat</strong></span> <span class='ocrx_word' id='word_1_670' title='bbox 2593 3053 2645 3107; x_wconf 92' lang='lat' dir='ltr'><strong>iu</strong></span> <span class='ocrx_word' id='word_1_671' title='bbox 2678 3065 2948 3124; x_wconf 87' lang='lat' dir='ltr'><strong>posterum</strong></span> <span class='ocrx_word' id='word_1_672' title='bbox 2975 3073 3082 3114; x_wconf 83' lang='lat' dir='ltr'><strong>non</strong></span> <span class='ocrx_word' id='word_1_673' title='bbox 3120 3062 3402 3130; x_wconf 89' lang='lat' dir='ltr'><strong>peccandi.</strong></span> <span class='ocrx_word' id='word_1_674' title='bbox 3436 3063 3529 3117; x_wconf 89' lang='lat' dir='ltr'><strong>Di-</strong></span> 
     </span>
    </p>
   </div>
   <div class='ocr_carea' id='block_1_77' title="bbox 1957 3143 3532 3226">
    <p class='ocr_par' dir='ltr' id='par_1_77' title="bbox 1957 3143 3532 3226">
     <span class='ocr_line' id='line_1_77' title="bbox 1957 3143 3532 3226; baseline 0.008 -28"><span class='ocrx_word' id='word_1_675' title='bbox 1957 3143 2106 3198; x_wconf 90' lang='lat' dir='ltr'><strong>citur</strong></span> <span class='ocrx_word' id='word_1_676' title='bbox 2121 3143 2288 3197; x_wconf 86' lang='lat' dir='ltr'><strong>etiam</strong></span> <span class='ocrx_word' id='word_1_677' title='bbox 2327 3146 2380 3197; x_wconf 91' lang='lat' dir='ltr'><strong>in</strong></span> <span class='ocrx_word' id='word_1_678' title='bbox 2421 3156 2671 3201; x_wconf 78' lang='lat' dir='ltr'><strong>extremo</strong></span> <span class='ocrx_word' id='word_1_679' title='bbox 2701 3145 2858 3217; x_wconf 85' lang='lat' dir='ltr'><strong>hujus</strong></span> <span class='ocrx_word' id='word_1_680' title='bbox 2899 3148 3193 3219; x_wconf 75' lang='lat' dir='ltr'><strong>Epistulae:</strong></span> <span class='ocrx_word' id='word_1_681' title='bbox 3223 3151 3410 3209; x_wconf 75' lang='lat' dir='ltr'><strong>Omnis</strong></span> <span class='ocrx_word' id='word_1_682' title='bbox 3439 3155 3532 3226; x_wconf 76' lang='lat' dir='ltr'><strong>qui</strong></span> 
     </span>
    </p>
   </div>
   <div class='ocr_carea' id='block_1_78' title="bbox 1956 3235 3532 3315">
    <p class='ocr_par' dir='ltr' id='par_1_78' title="bbox 1956 3235 3532 3315">
     <span class='ocr_line' id='line_1_78' title="bbox 1956 3235 3532 3315; baseline 0.007 -26"><span class='ocrx_word' id='word_1_683' title='bbox 1956 3245 2112 3290; x_wconf 73' lang='lat' dir='ltr'><strong>natus</strong></span> <span class='ocrx_word' id='word_1_684' title='bbox 2136 3246 2212 3291; x_wconf 75' lang='lat' dir='ltr'><strong>est</strong></span> <span class='ocrx_word' id='word_1_685' title='bbox 2245 3253 2310 3291; x_wconf 77' lang='lat' dir='ltr'><strong>ea:</strong></span> <span class='ocrx_word' id='word_1_686' title='bbox 2341 3235 2476 3302; x_wconf 76' lang='lat' dir='ltr'><strong>Deo,</strong></span> <span class='ocrx_word' id='word_1_687' title='bbox 2514 3255 2618 3293; x_wconf 83' lang='lat' dir='ltr'><strong>non</strong></span> <span class='ocrx_word' id='word_1_688' title='bbox 2641 3251 2846 3308; x_wconf 84' lang='lat' dir='ltr'><strong>peccat;</strong></span> <span class='ocrx_word' id='word_1_689' title='bbox 2883 3245 2973 3297; x_wconf 75' lang='lat' dir='ltr'><strong>sed</strong></span> <span class='ocrx_word' id='word_1_690' title='bbox 3000 3245 3091 3314; x_wconf 85' lang='lat' dir='ltr'><strong>qui</strong></span> <span class='ocrx_word' id='word_1_691' title='bbox 3114 3246 3319 3315; x_wconf 75' lang='lat' dir='ltr'><strong>genitus</strong></span> <span class='ocrx_word' id='word_1_692' title='bbox 3348 3258 3425 3302; x_wconf 73' lang='lat' dir='ltr'><strong>est</strong></span> <span class='ocrx_word' id='word_1_693' title='bbox 3465 3263 3532 3303; x_wconf 74' lang='lat' dir='ltr'><strong>ex</strong></span> 
     </span>
    </p>
   </div>
   <div class='ocr_carea' id='block_1_79' title="bbox 1954 3328 3525 3406">
    <p class='ocr_par' dir='ltr' id='par_1_79' title="bbox 1954 3328 3525 3406">
     <span class='ocr_line' id='line_1_79' title="bbox 1954 3328 3525 3406; baseline 0.006 -23"><span class='ocrx_word' id='word_1_694' title='bbox 1954 3328 2088 3395; x_wconf 80' lang='lat' dir='ltr'><strong>Dea,</strong></span> <span class='ocrx_word' id='word_1_695' title='bbox 2130 3339 2300 3384; x_wconf 71' lang='lat' dir='ltr'><strong>servat</strong></span> <span class='ocrx_word' id='word_1_696' title='bbox 2330 3332 2590 3399; x_wconf 65' lang='lat' dir='ltr'><strong>“ipsum,</strong></span> <span class='ocrx_word' id='word_1_697' title='bbox 2620 3341 2670 3384; x_wconf 81' lang='lat' dir='ltr'><strong>et</strong></span> <span class='ocrx_word' id='word_1_698' title='bbox 2713 3334 2885 3387; x_wconf 72' lang='lat' dir='ltr'><strong>malus</strong></span> <span class='ocrx_word' id='word_1_699' title='bbox 2932 3351 3035 3388; x_wconf 85' lang='lat' dir='ltr'><strong>nou</strong></span> <span class='ocrx_word' id='word_1_700' title='bbox 3081 3340 3251 3406; x_wconf 81' lang='lat' dir='ltr'><strong>tangit</strong></span> <span class='ocrx_word' id='word_1_701' title='bbox 3290 3355 3408 3392; x_wconf 83' lang='lat' dir='ltr'><strong>eum</strong></span> <span class='ocrx_word' id='word_1_702' title='bbox 3459 3341 3525 3393; x_wconf 83' lang='grc'><strong>⁷⁸.</strong></span> 
     </span>
    </p>
   </div>
   <div class='ocr_carea' id='block_1_80' title="bbox 1956 3419 3526 3498">
    <p class='ocr_par' dir='ltr' id='par_1_80' title="bbox 1956 3419 3526 3498">
     <span class='ocr_line' id='line_1_80' title="bbox 1956 3419 3526 3498; baseline 0.004 -20"><span class='ocrx_word' id='word_1_703' title='bbox 1956 3419 2094 3493; x_wconf 85' lang='grc'><strong>[(98)</strong></span> <span class='ocrx_word' id='word_1_704' title='bbox 2135 3421 2291 3488; x_wconf 86' lang='lat' dir='ltr'><strong>Quod</strong></span> <span class='ocrx_word' id='word_1_705' title='bbox 2333 3422 2376 3476; x_wconf 89' lang='lat' dir='ltr'><strong>si</strong></span> <span class='ocrx_word' id='word_1_706' title='bbox 2425 3423 2472 3476; x_wconf 88' lang='lat' dir='ltr'><strong>is</strong></span> <span class='ocrx_word' id='word_1_707' title='bbox 2529 3423 2622 3489; x_wconf 90' lang='lat' dir='ltr'><strong>qui</strong></span> <span class='ocrx_word' id='word_1_708' title='bbox 2674 3438 2739 3476; x_wconf 81' lang='lat' dir='ltr'><strong>ex</strong></span> <span class='ocrx_word' id='word_1_709' title='bbox 2780 3424 2891 3478; x_wconf 91' lang='lat' dir='ltr'><strong>Deo</strong></span> <span class='ocrx_word' id='word_1_710' title='bbox 2925 3436 3084 3480; x_wconf 92' lang='lat' dir='ltr'><strong>natus</strong></span> <span class='ocrx_word' id='word_1_711' title='bbox 3129 3439 3246 3493; x_wconf 89' lang='lat' dir='ltr'><strong>est,</strong></span> <span class='ocrx_word' id='word_1_712' title='bbox 3290 3430 3526 3498; x_wconf 87' lang='lat' dir='ltr'><strong>seipsqu</strong></span> 
     </span>
    </p>
   </div>
   <div class='ocr_carea' id='block_1_81' title="bbox 1957 3514 3527 3586">
    <p class='ocr_par' dir='ltr' id='par_1_81' title="bbox 1957 3514 3527 3586">
     <span class='ocr_line' id='line_1_81' title="bbox 1957 3514 3527 3586; baseline 0.006 -20"><span class='ocrx_word' id='word_1_713' title='bbox 1957 3522 2142 3568; x_wconf 88' lang='lat' dir='ltr'><strong>tuetur</strong></span> <span class='ocrx_word' id='word_1_714' title='bbox 2189 3522 2244 3566; x_wconf 90' lang='lat' dir='ltr'><strong>et</strong></span> <span class='ocrx_word' id='word_1_715' title='bbox 2281 3522 2492 3576; x_wconf 75' lang='lat' dir='ltr'><strong>servat,</strong></span> <span class='ocrx_word' id='word_1_716' title='bbox 2532 3528 2634 3566; x_wconf 89' lang='lat' dir='ltr'><strong>nec</strong></span> <span class='ocrx_word' id='word_1_717' title='bbox 2687 3514 2998 3582; x_wconf 77' lang='lat' dir='ltr'><strong>improbus,</strong></span> <span class='ocrx_word' id='word_1_718' title='bbox 3039 3516 3092 3569; x_wconf 93' lang='lat' dir='ltr'><strong>id</strong></span> <span class='ocrx_word' id='word_1_719' title='bbox 3136 3528 3221 3571; x_wconf 84' lang='lat' dir='ltr'><strong>est</strong></span> <span class='ocrx_word' id='word_1_720' title='bbox 3259 3519 3527 3586; x_wconf 86' lang='lat' dir='ltr'><strong>diabolus,</strong></span> 
     </span>
    </p>
   </div>
   <div class='ocr_carea' id='block_1_82' title="bbox 1954 3602 3531 3673">
    <p class='ocr_par' dir='ltr' id='par_1_82' title="bbox 1954 3602 3531 3673">
     <span class='ocr_line' id='line_1_82' title="bbox 1954 3602 3531 3673; baseline 0.005 -17"><span class='ocrx_word' id='word_1_721' title='bbox 1954 3602 2432 3673; x_wconf 79' lang='lat' dir='ltr'><strong>ipsumattingit,]</strong></span> <span class='ocrx_word' id='word_1_722' title='bbox 2475 3603 2567 3670; x_wconf 89' lang='lat' dir='ltr'><strong>qui</strong></span> <span class='ocrx_word' id='word_1_723' title='bbox 2595 3602 2843 3671; x_wconf 82' lang='lat' dir='ltr'><strong>seipsum</strong></span> <span class='ocrx_word' id='word_1_724' title='bbox 2870 3620 2978 3658; x_wconf 91' lang='lat' dir='ltr'><strong>non</strong></span> <span class='ocrx_word' id='word_1_725' title='bbox 3017 3615 3234 3671; x_wconf 85' lang='lat' dir='ltr'><strong>servat,</strong></span> <span class='ocrx_word' id='word_1_726' title='bbox 3280 3622 3348 3662; x_wconf 89' lang='lat' dir='ltr'><strong>ne</strong></span> <span class='ocrx_word' id='word_1_727' title='bbox 3389 3610 3531 3665; x_wconf 88' lang='lat' dir='ltr'><strong>malo</strong></span> 
     </span>
    </p>
   </div>
   <div class='ocr_carea' id='block_1_83' title="bbox 1956 3692 3531 3762">
    <p class='ocr_par' dir='ltr' id='par_1_83' title="bbox 1956 3692 3531 3762">
     <span class='ocr_line' id='line_1_83' title="bbox 1956 3692 3531 3762; baseline 0.007 -18"><span class='ocrx_word' id='word_1_728' title='bbox 1956 3692 2049 3747; x_wconf 91' lang='lat' dir='ltr'><strong>illo</strong></span> <span class='ocrx_word' id='word_1_729' title='bbox 2086 3701 2362 3762; x_wconf 72' lang='lat' dir='ltr'><strong>tangatur,</strong></span> <span class='ocrx_word' id='word_1_730' title='bbox 2399 3708 2505 3748; x_wconf 92' lang='lat' dir='ltr'><strong>non</strong></span> <span class='ocrx_word' id='word_1_731' title='bbox 2555 3693 2774 3761; x_wconf 76' lang='lat' dir='ltr'><strong>genitus</strong></span> <span class='ocrx_word' id='word_1_732' title='bbox 2812 3705 2896 3748; x_wconf 91' lang='lat' dir='ltr'><strong>est</strong></span> <span class='ocrx_word' id='word_1_733' title='bbox 2937 3709 3006 3750; x_wconf 78' lang='lat' dir='ltr'><strong>ex</strong></span> <span class='ocrx_word' id='word_1_734' title='bbox 3054 3696 3197 3761; x_wconf 86' lang='lat' dir='ltr'><strong>Deo;</strong></span> <span class='ocrx_word' id='word_1_735' title='bbox 3240 3707 3295 3752; x_wconf 92' lang='lat' dir='ltr'><strong>et</strong></span> <span class='ocrx_word' id='word_1_736' title='bbox 3352 3701 3531 3754; x_wconf 85' lang='lat' dir='ltr'><strong>omnis</strong></span> 
     </span>
    </p>
   </div>
   <div class='ocr_carea' id='block_1_84' title="bbox 1955 3780 3529 3854">
    <p class='ocr_par' dir='ltr' id='par_1_84' title="bbox 1955 3780 3529 3854">
     <span class='ocr_line' id='line_1_84' title="bbox 1955 3780 3529 3854; baseline 0.007 -21"><span class='ocrx_word' id='word_1_737' title='bbox 1955 3797 2116 3851; x_wconf 81' lang='lat' dir='ltr'><strong>queat</strong></span> <span class='ocrx_word' id='word_1_738' title='bbox 2159 3783 2328 3851; x_wconf 80' lang='lat' dir='ltr'><strong>tangit</strong></span> <span class='ocrx_word' id='word_1_739' title='bbox 2371 3781 2586 3845; x_wconf 87' lang='lat' dir='ltr'><strong>malus,</strong></span> <span class='ocrx_word' id='word_1_740' title='bbox 2631 3780 2724 3834; x_wconf 88' lang='lat' dir='ltr'><strong>ille</strong></span> <span class='ocrx_word' id='word_1_741' title='bbox 2764 3797 2870 3837; x_wconf 92' lang='lat' dir='ltr'><strong>non</strong></span> <span class='ocrx_word' id='word_1_742' title='bbox 2912 3785 3128 3853; x_wconf 73' lang='lat' dir='ltr'><strong>genitus</strong></span> <span class='ocrx_word' id='word_1_743' title='bbox 3162 3797 3339 3842; x_wconf 80' lang='lat' dir='ltr'><strong>estex</strong></span> <span class='ocrx_word' id='word_1_744' title='bbox 3382 3787 3529 3854; x_wconf 87' lang='lat' dir='ltr'><strong>Deo;</strong></span> 
     </span>
    </p>
   </div>
   <div class='ocr_carea' id='block_1_85' title="bbox 1957 3871 3528 3946">
    <p class='ocr_par' dir='ltr' id='par_1_85' title="bbox 1957 3871 3528 3946">
     <span class='ocr_line' id='line_1_85' title="bbox 1957 3871 3528 3946; baseline 0.006 -19"><span class='ocrx_word' id='word_1_745' title='bbox 1957 3873 2133 3942; x_wconf 76' lang='lat' dir='ltr'><strong>tangit</strong></span> <span class='ocrx_word' id='word_1_746' title='bbox 2157 3883 2338 3927; x_wconf 89' lang='lat' dir='ltr'><strong>autem</strong></span> <span class='ocrx_word' id='word_1_747' title='bbox 2370 3871 2548 3927; x_wconf 87' lang='lat' dir='ltr'><strong>malus</strong></span> <span class='ocrx_word' id='word_1_748' title='bbox 2571 3872 2660 3928; x_wconf 92' lang='lat' dir='ltr'><strong>ille</strong></span> <span class='ocrx_word' id='word_1_749' title='bbox 2689 3889 2784 3929; x_wconf 89' lang='lat' dir='ltr'><strong>eos</strong></span> <span class='ocrx_word' id='word_1_750' title='bbox 2801 3875 2893 3945; x_wconf 87' lang='lat' dir='ltr'><strong>qui</strong></span> <span class='ocrx_word' id='word_1_751' title='bbox 2925 3877 3135 3946; x_wconf 88' lang='lat' dir='ltr'><strong>seipsos</strong></span> <span class='ocrx_word' id='word_1_752' title='bbox 3158 3894 3263 3934; x_wconf 94' lang='lat' dir='ltr'><strong>non</strong></span> <span class='ocrx_word' id='word_1_753' title='bbox 3285 3889 3528 3936; x_wconf 80' lang='lat' dir='ltr'><strong>servant.</strong></span> 
     </span>
    </p>
   </div>
   <div class='ocr_carea' id='block_1_86' title="bbox 1955 3965 3530 4035">
    <p class='ocr_par' dir='ltr' id='par_1_86' title="bbox 1955 3965 3530 4035">
     <span class='ocr_line' id='line_1_86' title="bbox 1955 3965 3530 4035; baseline 0.007 -18"><span class='ocrx_word' id='word_1_754' title='bbox 1955 3965 2224 4032; x_wconf 85' lang='lat' dir='ltr'><strong>Quoniam</strong></span> <span class='ocrx_word' id='word_1_755' title='bbox 2248 3980 2377 4020; x_wconf 87' lang='lat' dir='ltr'><strong>vero</strong></span> <span class='ocrx_word' id='word_1_756' title='bbox 2413 3965 2481 4019; x_wconf 90' lang='lat' dir='ltr'><strong>iis</strong></span> <span class='ocrx_word' id='word_1_757' title='bbox 2503 3981 2623 4035; x_wconf 69' lang='lat' dir='ltr'><strong>qua:</strong></span> <span class='ocrx_word' id='word_1_758' title='bbox 2643 3967 2710 4022; x_wconf 89' lang='lat' dir='ltr'><strong>de</strong></span> <span class='ocrx_word' id='word_1_759' title='bbox 2731 3967 3005 4022; x_wconf 79' lang='lat' dir='ltr'><strong>Abraham</strong></span> <span class='ocrx_word' id='word_1_760' title='bbox 3033 3970 3179 4025; x_wconf 86' lang='lat' dir='ltr'><strong>dicta</strong></span> <span class='ocrx_word' id='word_1_761' title='bbox 3205 3981 3352 4034; x_wconf 86' lang='lat' dir='ltr'><strong>sunt,</strong></span> <span class='ocrx_word' id='word_1_762' title='bbox 3378 3973 3530 4028; x_wconf 89' lang='lat' dir='ltr'><strong>nullo</strong></span> 
     </span>
    </p>
   </div>
   <div class='ocr_carea' id='block_1_87' title="bbox 1953 4055 3529 4132">
    <p class='ocr_par' dir='ltr' id='par_1_87' title="bbox 1953 4055 3529 4132">
     <span class='ocr_line' id='line_1_87' title="bbox 1953 4055 3529 4132; baseline 0.004 -21"><span class='ocrx_word' id='word_1_763' title='bbox 1953 4057 2100 4112; x_wconf 76' lang='lat' dir='ltr'><strong>facto</strong></span> <span class='ocrx_word' id='word_1_764' title='bbox 2143 4055 2461 4121; x_wconf 80' lang='lat' dir='ltr'><strong>intervallo,</strong></span> <span class='ocrx_word' id='word_1_765' title='bbox 2510 4057 2613 4111; x_wconf 90' lang='lat' dir='ltr'><strong>hoc</strong></span> <span class='ocrx_word' id='word_1_766' title='bbox 2666 4057 2938 4113; x_wconf 80' lang='lat' dir='ltr'><strong>infertur:</strong></span> <span class='ocrx_word' id='word_1_767' title='bbox 2975 4056 3078 4113; x_wconf 75' lang='lat' dir='ltr'><strong>Vos</strong></span> <span class='ocrx_word' id='word_1_768' title='bbox 3143 4060 3321 4129; x_wconf 74' lang='lat' dir='ltr'><strong>facitis</strong></span> <span class='ocrx_word' id='word_1_769' title='bbox 3369 4078 3529 4132; x_wconf 74' lang='lat' dir='ltr'><strong>opera</strong></span> 
     </span>
    </p>
   </div>
   <div class='ocr_carea' id='block_1_88' title="bbox 1951 4147 3530 4222">
    <p class='ocr_par' dir='ltr' id='par_1_88' title="bbox 1951 4147 3530 4222">
     <span class='ocr_line' id='line_1_88' title="bbox 1951 4147 3530 4222; baseline 0.003 -21"><span class='ocrx_word' id='word_1_770' title='bbox 1951 4149 2120 4217; x_wconf 75' lang='lat' dir='ltr'><strong>patris</strong></span> <span class='ocrx_word' id='word_1_771' title='bbox 2169 4147 2326 4201; x_wconf 76' lang='lat' dir='ltr'><strong>vestri</strong></span> <span class='ocrx_word' id='word_1_772' title='bbox 2366 4147 2435 4212; x_wconf 81' lang='lat'><strong>&quot;,</strong></span> <span class='ocrx_word' id='word_1_773' title='bbox 2494 4147 2874 4217; x_wconf 64' lang='lat' dir='ltr'><strong>quaarebamus</strong></span> <span class='ocrx_word' id='word_1_774' title='bbox 2920 4164 3046 4204; x_wconf 85' lang='lat' dir='ltr'><strong>num</strong></span> <span class='ocrx_word' id='word_1_775' title='bbox 3117 4151 3256 4206; x_wconf 78' lang='lat' dir='ltr'><strong>forte</strong></span> <span class='ocrx_word' id='word_1_776' title='bbox 3307 4163 3530 4222; x_wconf 84' lang='lat' dir='ltr'><strong>propter</strong></span> 
     </span>
    </p>
   </div>
   <div class='ocr_carea' id='block_1_89' title="bbox 1953 4239 3526 4310">
    <p class='ocr_par' dir='ltr' id='par_1_89' title="bbox 1953 4239 3526 4310">
     <span class='ocr_line' id='line_1_89' title="bbox 1953 4239 3526 4310; baseline 0.002 -18"><span class='ocrx_word' id='word_1_777' title='bbox 1953 4240 2188 4309; x_wconf 88' lang='lat' dir='ltr'><strong>primum</strong></span> <span class='ocrx_word' id='word_1_778' title='bbox 2233 4239 2470 4294; x_wconf 74' lang='lat' dir='ltr'><strong>Abrahae</strong></span> <span class='ocrx_word' id='word_1_779' title='bbox 2522 4239 2706 4293; x_wconf 87' lang='lat' dir='ltr'><strong>datum</strong></span> <span class='ocrx_word' id='word_1_780' title='bbox 2766 4241 3081 4295; x_wconf 87' lang='lat' dir='ltr'><strong>mandatum</strong></span> <span class='ocrx_word' id='word_1_781' title='bbox 3118 4241 3222 4296; x_wconf 92' lang='lat' dir='ltr'><strong>hoc</strong></span> <span class='ocrx_word' id='word_1_782' title='bbox 3264 4243 3526 4310; x_wconf 86' lang='lat' dir='ltr'><strong>scriptum</strong></span> 
     </span>
    </p>
   </div>
   <div class='ocr_carea' id='block_1_90' title="bbox 294 4329 1857 4411">
    <p class='ocr_par' dir='ltr' id='par_1_90' title="bbox 294 4329 1847 4411">
     <span class='ocr_line' id='line_1_90' title="bbox 294 4329 1847 4411; baseline 0.006 -28"><span class='ocrx_word' id='word_1_783' title='bbox 294 4329 362 4401; x_wconf 83' lang='grc' dir='ltr'><strong>μὴ</strong></span> <span class='ocrx_word' id='word_1_784' title='bbox 398 4331 571 4402; x_wconf 84' lang='grc' dir='ltr'><strong>τηρῶν</strong></span> <span class='ocrx_word' id='word_1_785' title='bbox 600 4333 810 4400; x_wconf 78' lang='grc' dir='ltr'><strong>ἑαυτὸν,</strong></span> <span class='ocrx_word' id='word_1_786' title='bbox 848 4335 912 4387; x_wconf 85' lang='grc' dir='ltr'><strong>ἵν’</strong></span> <span class='ocrx_word' id='word_1_787' title='bbox 939 4337 968 4388; x_wconf 86' lang='lat'><strong>6</strong></span> <span class='ocrx_word' id='word_1_788' title='bbox 995 4335 1229 4407; x_wconf 86' lang='grc' dir='ltr'><strong>πονηρὸς</strong></span> <span class='ocrx_word' id='word_1_789' title='bbox 1262 4336 1428 4391; x_wconf 81' lang='grc' dir='ltr'><strong>αὑτοῦ</strong></span> <span class='ocrx_word' id='word_1_790' title='bbox 1476 4337 1548 4410; x_wconf 84' lang='grc' dir='ltr'><strong>μή</strong></span> <span class='ocrx_word' id='word_1_791' title='bbox 1589 4339 1847 4411; x_wconf 73' lang='grc' dir='ltr'><strong>ἅπτηται,</strong></span> 
     </span>
    </p>
   </div>
   <div class='ocr_carea' id='block_1_91' title="bbox 1961 4329 3522 4411">
    <p class='ocr_par' dir='ltr' id='par_1_91' title="bbox 1961 4330 3522 4399">
     <span class='ocr_line' id='line_1_91' title="bbox 1961 4330 3522 4399; baseline 0.001 -13"><span class='ocrx_word' id='word_1_792' title='bbox 1961 4331 2044 4386; x_wconf 77' lang='lat' dir='ltr'><strong>sit.</strong></span> <span class='ocrx_word' id='word_1_793' title='bbox 2067 4330 2310 4385; x_wconf 87' lang='lat' dir='ltr'><strong>Primum</strong></span> <span class='ocrx_word' id='word_1_794' title='bbox 2342 4344 2576 4399; x_wconf 87' lang='lat' dir='ltr'><strong>namque</strong></span> <span class='ocrx_word' id='word_1_795' title='bbox 2601 4331 2840 4386; x_wconf 87' lang='lat' dir='ltr'><strong>divinum</strong></span> <span class='ocrx_word' id='word_1_796' title='bbox 2862 4330 3174 4386; x_wconf 88' lang='lat' dir='ltr'><strong>mandatum</strong></span> <span class='ocrx_word' id='word_1_797' title='bbox 3207 4330 3273 4384; x_wconf 87' lang='lat' dir='ltr'><strong>ad</strong></span> <span class='ocrx_word' id='word_1_798' title='bbox 3302 4347 3424 4386; x_wconf 89' lang='lat' dir='ltr'><strong>eum</strong></span> <span class='ocrx_word' id='word_1_799' title='bbox 3445 4332 3522 4388; x_wconf 82' lang='lat' dir='ltr'><strong>sic</strong></span> 
     </span>
    </p>
   </div>
   <div class='ocr_carea' id='block_1_92' title="bbox 291 4423 1850 4494">
    <p class='ocr_par' dir='ltr' id='par_1_92' title="bbox 291 4423 1850 4494">
     <span class='ocr_line' id='line_1_92' title="bbox 291 4423 1850 4494; baseline 0.006 -19"><span class='ocrx_word' id='word_1_800' title='bbox 291 4423 345 4475; x_wconf 85' lang='grc' dir='ltr'><strong>οὐ</strong></span> <span class='ocrx_word' id='word_1_801' title='bbox 372 4423 680 4494; x_wconf 84' lang='grc' dir='ltr'><strong>γεγέννηται</strong></span> <span class='ocrx_word' id='word_1_802' title='bbox 716 4426 781 4478; x_wconf 89' lang='grc' dir='ltr'><strong>ἐκ</strong></span> <span class='ocrx_word' id='word_1_803' title='bbox 821 4425 916 4478; x_wconf 90' lang='grc' dir='ltr'><strong>τοῦ</strong></span> <span class='ocrx_word' id='word_1_804' title='bbox 949 4427 1084 4480; x_wconf 89' lang='grc' dir='ltr'><strong>Θεοῦ</strong></span> <span class='ocrx_word' id='word_1_805' title='bbox 1106 4443 1118 4458; x_wconf 79' lang='lat'>&#39;</span> <span class='ocrx_word' id='word_1_806' title='bbox 1159 4428 1251 4481; x_wconf 78' lang='grc' dir='ltr'><strong>καὶ</strong></span> <span class='ocrx_word' id='word_1_807' title='bbox 1289 4430 1398 4488; x_wconf 80' lang='grc' dir='ltr'><strong>πᾶς</strong></span> <span class='ocrx_word' id='word_1_808' title='bbox 1448 4425 1510 4482; x_wconf 73' lang='grc' dir='ltr'>οὗ</span> <span class='ocrx_word' id='word_1_809' title='bbox 1545 4430 1776 4484; x_wconf 73' lang='grc' dir='ltr'><strong>ἅπτεται</strong></span> <span class='ocrx_word' id='word_1_810' title='bbox 1820 4432 1850 4484; x_wconf 89' lang='lat'><strong>6</strong></span> 
     </span>
    </p>
   </div>
   <div class='ocr_carea' id='block_1_93' title="bbox 293 4507 1846 4586">
    <p class='ocr_par' dir='ltr' id='par_1_93' title="bbox 293 4507 1846 4586">
     <span class='ocr_line' id='line_1_93' title="bbox 293 4507 1846 4586; baseline 0.005 -21"><span class='ocrx_word' id='word_1_811' title='bbox 293 4512 505 4582; x_wconf 77' lang='grc' dir='ltr'><strong>πονηρὸς</strong></span> <span class='ocrx_word' id='word_1_812' title='bbox 524 4552 538 4574; x_wconf 91' lang='grc'><strong>,</strong></span> <span class='ocrx_word' id='word_1_813' title='bbox 569 4507 723 4577; x_wconf 76' lang='grc' dir='ltr'><strong>οὗτος</strong></span> <span class='ocrx_word' id='word_1_814' title='bbox 754 4515 815 4568; x_wconf 84' lang='grc' dir='ltr'>οὑ</span> <span class='ocrx_word' id='word_1_815' title='bbox 850 4515 1168 4586; x_wconf 86' lang='grc' dir='ltr'><strong>γεγέννηται</strong></span> <span class='ocrx_word' id='word_1_816' title='bbox 1197 4517 1262 4570; x_wconf 90' lang='grc' dir='ltr'><strong>ἐκ</strong></span> <span class='ocrx_word' id='word_1_817' title='bbox 1287 4517 1383 4570; x_wconf 85' lang='grc' dir='ltr'><strong>τοῦ</strong></span> <span class='ocrx_word' id='word_1_818' title='bbox 1414 4517 1581 4571; x_wconf 71' lang='grc' dir='ltr'><strong>Θεοῦο</strong></span> <span class='ocrx_word' id='word_1_819' title='bbox 1617 4520 1846 4574; x_wconf 78' lang='grc' dir='ltr'><strong>ἅπτεται</strong></span> 
     </span>
    </p>
   </div>
   <div class='ocr_carea' id='block_1_94' title="bbox 292 4602 1846 4681">
    <p class='ocr_par' dir='ltr' id='par_1_94' title="bbox 292 4602 1846 4681">
     <span class='ocr_line' id='line_1_94' title="bbox 292 4602 1846 4681; baseline 0.005 -27"><span class='ocrx_word' id='word_1_820' title='bbox 292 4602 342 4655; x_wconf 73' lang='grc' dir='ltr'><strong>δὲ</strong></span> <span class='ocrx_word' id='word_1_821' title='bbox 365 4604 391 4654; x_wconf 88' lang='lat'><strong>6</strong></span> <span class='ocrx_word' id='word_1_822' title='bbox 419 4603 646 4675; x_wconf 83' lang='grc' dir='ltr'><strong>πονηρὸς</strong></span> <span class='ocrx_word' id='word_1_823' title='bbox 671 4605 778 4658; x_wconf 84' lang='grc' dir='ltr'><strong>τῶν</strong></span> <span class='ocrx_word' id='word_1_824' title='bbox 819 4605 893 4677; x_wconf 84' lang='grc' dir='ltr'><strong>μὴ</strong></span> <span class='ocrx_word' id='word_1_825' title='bbox 921 4607 1227 4678; x_wconf 85' lang='grc' dir='ltr'><strong>τηρούντων</strong></span> <span class='ocrx_word' id='word_1_826' title='bbox 1259 4607 1504 4671; x_wconf 77' lang='grc' dir='ltr'><strong>ἑαυτούς.</strong></span> <span class='ocrx_word' id='word_1_827' title='bbox 1553 4609 1703 4662; x_wconf 78' lang='grc' dir='ltr'><strong>Ἐπεὶ</strong></span> <span class='ocrx_word' id='word_1_828' title='bbox 1734 4609 1846 4681; x_wconf 87' lang='grc'><strong>(97)</strong></span> 
     </span>
    </p>
   </div>
   <div class='ocr_carea' id='block_1_95' title="bbox 291 4693 1846 4772">
    <p class='ocr_par' dir='ltr' id='par_1_95' title="bbox 291 4693 1846 4772">
     <span class='ocr_line' id='line_1_95' title="bbox 291 4693 1846 4772; baseline 0.006 -26"><span class='ocrx_word' id='word_1_829' title='bbox 291 4693 342 4747; x_wconf 78' lang='grc' dir='ltr'><strong>δὲ</strong></span> <span class='ocrx_word' id='word_1_830' title='bbox 383 4698 482 4759; x_wconf 83' lang='grc' dir='ltr'><strong>τοῖς</strong></span> <span class='ocrx_word' id='word_1_831' title='bbox 539 4697 665 4770; x_wconf 73' lang='grc' dir='ltr'><strong>περὶ</strong></span> <span class='ocrx_word' id='word_1_832' title='bbox 701 4699 796 4752; x_wconf 84' lang='grc' dir='ltr'><strong>τοῦ</strong></span> <span class='ocrx_word' id='word_1_833' title='bbox 839 4699 1109 4771; x_wconf 77' lang='grc' dir='ltr'><strong>Ἀϐρααμ,</strong></span> <span class='ocrx_word' id='word_1_834' title='bbox 1157 4700 1369 4764; x_wconf 82' lang='grc' dir='ltr'><strong>οὐδενὸς</strong></span> <span class='ocrx_word' id='word_1_835' title='bbox 1409 4702 1699 4772; x_wconf 82' lang='grc' dir='ltr'><strong>γενομένου</strong></span> <span class='ocrx_word' id='word_1_836' title='bbox 1751 4718 1846 4772; x_wconf 84' lang='grc' dir='ltr'><strong>με-</strong></span> 
     </span>
    </p>
   </div>
   <div class='ocr_carea' id='block_1_96' title="bbox 291 4783 1844 4860">
    <p class='ocr_par' dir='ltr' id='par_1_96' title="bbox 291 4783 1844 4860">
     <span class='ocr_line' id='line_1_96' title="bbox 291 4783 1844 4860; baseline 0.005 -22"><span class='ocrx_word' id='word_1_837' title='bbox 291 4783 408 4848; x_wconf 73' lang='grc' dir='ltr'><strong>ταξὺ</strong></span> <span class='ocrx_word' id='word_1_838' title='bbox 454 4785 854 4858; x_wconf 82' lang='grc' dir='ltr'><strong>διαλείμματος,</strong></span> <span class='ocrx_word' id='word_1_839' title='bbox 890 4791 1205 4860; x_wconf 71' lang='grc' dir='ltr'><strong>ἐπιφέρεται</strong></span> <span class='ocrx_word' id='word_1_840' title='bbox 1249 4793 1341 4844; x_wconf 86' lang='grc' dir='ltr'><strong>τό·</strong></span> <span class='ocrx_word' id='word_1_841' title='bbox 1398 4792 1594 4860; x_wconf 81' lang='grc' dir='ltr'><strong>’Υμεῖς</strong></span> <span class='ocrx_word' id='word_1_842' title='bbox 1626 4792 1844 4846; x_wconf 81' lang='grc' dir='ltr'><strong>ποιεῖτε</strong></span> 
     </span>
    </p>
   </div>
   <div class='ocr_carea' id='block_1_97' title="bbox 291 4872 1845 4951">
    <p class='ocr_par' dir='ltr' id='par_1_97' title="bbox 291 4872 1845 4951">
     <span class='ocr_line' id='line_1_97' title="bbox 291 4872 1845 4951; baseline 0.005 -25"><span class='ocrx_word' id='word_1_843' title='bbox 291 4872 356 4926; x_wconf 79' lang='grc' dir='ltr'><strong>τὰ</strong></span> <span class='ocrx_word' id='word_1_844' title='bbox 381 4873 511 4942; x_wconf 72' lang='grc' dir='ltr'><strong>ἔργα</strong></span> <span class='ocrx_word' id='word_1_845' title='bbox 543 4875 647 4929; x_wconf 85' lang='grc' dir='ltr'><strong>τοῦ</strong></span> <span class='ocrx_word' id='word_1_846' title='bbox 691 4877 915 4944; x_wconf 79' lang='grc' dir='ltr'><strong>πατρὸς</strong></span> <span class='ocrx_word' id='word_1_847' title='bbox 947 4877 1132 4947; x_wconf 73' lang='grc' dir='ltr'><strong>ὑμῶν,</strong></span> <span class='ocrx_word' id='word_1_848' title='bbox 1167 4879 1469 4950; x_wconf 80' lang='grc' dir='ltr'><strong>ἐζητοῦμεν</strong></span> <span class='ocrx_word' id='word_1_849' title='bbox 1505 4883 1712 4951; x_wconf 85' lang='grc' dir='ltr'><strong>μήποτε</strong></span> <span class='ocrx_word' id='word_1_850' title='bbox 1755 4881 1845 4935; x_wconf 81' lang='grc' dir='ltr'>διὰ</span> 
     </span>
    </p>
   </div>
   <div class='ocr_carea' id='block_1_98' title="bbox 290 4963 1844 5043">
    <p class='ocr_par' dir='ltr' id='par_1_98' title="bbox 290 4963 1844 5043">
     <span class='ocr_line' id='line_1_98' title="bbox 290 4963 1844 5043; baseline 0.005 -25"><span class='ocrx_word' id='word_1_851' title='bbox 290 4963 379 5035; x_wconf 73' lang='grc' dir='ltr'><strong>τὴν</strong></span> <span class='ocrx_word' id='word_1_852' title='bbox 411 4965 482 5036; x_wconf 83' lang='grc' dir='ltr'><strong>τῷ</strong></span> <span class='ocrx_word' id='word_1_853' title='bbox 528 4966 776 5039; x_wconf 79' lang='grc' dir='ltr'><strong>Ἀϐραὰμ</strong></span> <span class='ocrx_word' id='word_1_854' title='bbox 820 4968 1042 5041; x_wconf 84' lang='grc' dir='ltr'><strong>πρώτην</strong></span> <span class='ocrx_word' id='word_1_855' title='bbox 1079 4970 1369 5041; x_wconf 84' lang='grc' dir='ltr'><strong>δεδομένην</strong></span> <span class='ocrx_word' id='word_1_856' title='bbox 1411 4971 1630 5043; x_wconf 79' lang='grc' dir='ltr'><strong>ἐντολὴν</strong></span> <span class='ocrx_word' id='word_1_857' title='bbox 1684 4973 1844 5026; x_wconf 91' lang='grc' dir='ltr'><strong>τοῦτο</strong></span> 
     </span>
    </p>
   </div>
   <div class='ocr_carea' id='block_1_99' title="bbox 292 5055 1832 5134">
    <p class='ocr_par' dir='ltr' id='par_1_99' title="bbox 292 5055 1832 5134">
     <span class='ocr_line' id='line_1_99' title="bbox 292 5055 1832 5134; baseline 0.006 -28"><span class='ocrx_word' id='word_1_858' title='bbox 292 5055 700 5128; x_wconf 79' lang='grc' dir='ltr'><strong>ἀναγέγραπται.</strong></span> <span class='ocrx_word' id='word_1_859' title='bbox 741 5061 799 5113; x_wconf 89' lang='grc' dir='ltr'>Ὁ</span> <span class='ocrx_word' id='word_1_860' title='bbox 830 5059 1044 5130; x_wconf 81' lang='grc' dir='ltr'><strong>πρῶτος</strong></span> <span class='ocrx_word' id='word_1_861' title='bbox 1078 5060 1132 5112; x_wconf 83' lang='grc' dir='ltr'><strong>δὲ</strong></span> <span class='ocrx_word' id='word_1_862' title='bbox 1164 5061 1550 5132; x_wconf 84' lang='grc' dir='ltr'><strong>χρηματισμὸς</strong></span> <span class='ocrx_word' id='word_1_863' title='bbox 1577 5061 1714 5134; x_wconf 80' lang='grc' dir='ltr'><strong>πρὸς</strong></span> <span class='ocrx_word' id='word_1_864' title='bbox 1740 5064 1832 5116; x_wconf 82' lang='grc' dir='ltr'><strong>αὐ-</strong></span> 
     </span>
    </p>
   </div>
   <div class='ocr_carea' id='block_1_100' title="bbox 291 5143 1842 5224">
    <p class='ocr_par' dir='ltr' id='par_1_100' title="bbox 291 5143 1842 5224">
     <span class='ocr_line' id='line_1_100' title="bbox 291 5143 1842 5224; baseline 0.008 -27"><span class='ocrx_word' id='word_1_865' title='bbox 291 5143 372 5198; x_wconf 83' lang='grc' dir='ltr'><strong>τὸν</strong></span> <span class='ocrx_word' id='word_1_866' title='bbox 415 5145 578 5213; x_wconf 73' lang='grc' dir='ltr'><strong>οὕτως</strong></span> <span class='ocrx_word' id='word_1_867' title='bbox 615 5149 758 5221; x_wconf 85' lang='grc' dir='ltr'><strong>ἔχει·</strong></span> <span class='ocrx_word' id='word_1_868' title='bbox 798 5152 1041 5215; x_wconf 71' lang='grc' dir='ltr'><strong>Ἔξελθε</strong></span> <span class='ocrx_word' id='word_1_869' title='bbox 1072 5154 1138 5207; x_wconf 80' lang='grc' dir='ltr'><strong>ἐκ</strong></span> <span class='ocrx_word' id='word_1_870' title='bbox 1170 5153 1280 5223; x_wconf 80' lang='grc' dir='ltr'><strong>τῆς</strong></span> <span class='ocrx_word' id='word_1_871' title='bbox 1312 5152 1423 5224; x_wconf 77' lang='grc' dir='ltr'><strong>τῆς</strong></span> <span class='ocrx_word' id='word_1_872' title='bbox 1461 5171 1598 5219; x_wconf 88' lang='grc' dir='ltr'><strong>σου,</strong></span> <span class='ocrx_word' id='word_1_873' title='bbox 1647 5155 1744 5208; x_wconf 80' lang='grc' dir='ltr'><strong>καὶ</strong></span> <span class='ocrx_word' id='word_1_874' title='bbox 1771 5156 1842 5209; x_wconf 67' lang='grc' dir='ltr'><strong><em>ἐκ</em></strong></span> 
     </span>
    </p>
   </div>
   <div class='ocr_carea' id='block_1_101' title="bbox 351 5284 1880 5364">
    <p class='ocr_par' dir='ltr' id='par_1_101' title="bbox 351 5284 1880 5364">
     <span class='ocr_line' id='line_1_101' title="bbox 351 5284 1880 5364; baseline 0.007 -24"><span class='ocrx_word' id='word_1_875' title='bbox 351 5286 392 5319; x_wconf 74' lang='grc'><strong>’⁸</strong></span> <span class='ocrx_word' id='word_1_876' title='bbox 424 5284 616 5344; x_wconf 81' lang='lat' dir='ltr'><strong>lJoan.</strong></span> <span class='ocrx_word' id='word_1_877' title='bbox 651 5291 817 5354; x_wconf 77' lang='grc' dir='ltr'><strong>ν,18.</strong></span> <span class='ocrx_word' id='word_1_878' title='bbox 892 5293 938 5324; x_wconf 83' lang='lat'><strong>&quot;’</strong></span> <span class='ocrx_word' id='word_1_879' title='bbox 967 5291 1122 5348; x_wconf 84' lang='lat' dir='ltr'><strong>Joan.</strong></span> <span class='ocrx_word' id='word_1_880' title='bbox 1155 5311 1272 5360; x_wconf 82' lang='lat' dir='ltr'>VIII,</span> <span class='ocrx_word' id='word_1_881' title='bbox 1301 5295 1393 5353; x_wconf 74' lang='grc'><strong>41.</strong></span> <span class='ocrx_word' id='word_1_882' title='bbox 1469 5296 1515 5326; x_wconf 85' lang='grc'><strong>⁸⁰</strong></span> <span class='ocrx_word' id='word_1_883' title='bbox 1543 5295 1680 5351; x_wconf 89' lang='lat' dir='ltr'><strong>Gen.</strong></span> <span class='ocrx_word' id='word_1_884' title='bbox 1707 5311 1802 5364; x_wconf 78' lang='lat' dir='ltr'><strong>xu,</strong></span> <span class='ocrx_word' id='word_1_885' title='bbox 1830 5295 1880 5351; x_wconf 78' lang='grc'><strong>1.</strong></span> 
     </span>
    </p>
   </div>
   <div class='ocr_carea' id='block_1_102' title="bbox 353 5402 1618 5479">
    <p class='ocr_par' dir='ltr' id='par_1_102' title="bbox 353 5402 1618 5479">
     <span class='ocr_line' id='line_1_102' title="bbox 353 5402 1618 5479; baseline 0.004 -21"><span class='ocrx_word' id='word_1_886' title='bbox 479 5404 665 5479; x_wconf 80' lang='lat' dir='ltr'><strong>_C_odex</strong></span> <span class='ocrx_word' id='word_1_887' title='bbox 703 5405 1045 5479; x_wconf 78' lang='lat' dir='ltr'><strong>Bodleianus,</strong></span> <span class='ocrx_word' id='word_1_888' title='bbox 1080 5409 1174 5462; x_wconf 80' lang='grc' dir='ltr'><strong>καὶ</strong></span> <span class='ocrx_word' id='word_1_889' title='bbox 1206 5409 1273 5461; x_wconf 82' lang='grc' dir='ltr'><strong>τὰ.</strong></span> <span class='ocrx_word' id='word_1_890' title='bbox 1297 5410 1478 5479; x_wconf 86' lang='grc' dir='ltr'><strong>ὃμοια,</strong></span> <span class='ocrx_word' id='word_1_891' title='bbox 1509 5420 1618 5464; x_wconf 80' lang='lat' dir='ltr'><strong>etc.</strong></span> 
     </span>
    </p>
   </div>
   <div class='ocr_carea' id='block_1_103' title="bbox 1951 4421 3522 4492">
    <p class='ocr_par' dir='ltr' id='par_1_103' title="bbox 1951 4421 3522 4492">
     <span class='ocr_line' id='line_1_103' title="bbox 1951 4421 3522 4492; baseline -0.001 -16"><span class='ocrx_word' id='word_1_892' title='bbox 1951 4422 2153 4476; x_wconf 82' lang='lat' dir='ltr'><strong>habet:</strong></span> <span class='ocrx_word' id='word_1_893' title='bbox 2183 4421 2444 4492; x_wconf 77' lang='lat' dir='ltr'><strong>Egredere</strong></span> <span class='ocrx_word' id='word_1_894' title='bbox 2477 4422 2542 4475; x_wconf 81' lang='lat' dir='ltr'><strong>de</strong></span> <span class='ocrx_word' id='word_1_895' title='bbox 2569 4431 2712 4475; x_wconf 83' lang='lat' dir='ltr'><strong>terra</strong></span> <span class='ocrx_word' id='word_1_896' title='bbox 2750 4432 2863 4484; x_wconf 85' lang='lat' dir='ltr'><strong>tua,</strong></span> <span class='ocrx_word' id='word_1_897' title='bbox 2894 4431 2944 4476; x_wconf 79' lang='lat' dir='ltr'><strong>et</strong></span> <span class='ocrx_word' id='word_1_898' title='bbox 2976 4422 3042 4476; x_wconf 77' lang='lat' dir='ltr'><strong>de</strong></span> <span class='ocrx_word' id='word_1_899' title='bbox 3071 4422 3383 4491; x_wconf 77' lang='lat' dir='ltr'><strong>cognatione</strong></span> <span class='ocrx_word' id='word_1_900' title='bbox 3406 4432 3522 4486; x_wconf 75' lang='lat' dir='ltr'><strong>tua,</strong></span> 
     </span>
    </p>
   </div>
   <div class='ocr_carea' id='block_1_104' title="bbox 1947 4510 3516 4581">
    <p class='ocr_par' dir='ltr' id='par_1_104' title="bbox 1947 4510 3516 4581">
     <span class='ocr_line' id='line_1_104' title="bbox 1947 4510 3516 4581; baseline -0.001 -15"><span class='ocrx_word' id='word_1_901' title='bbox 1947 4523 1994 4566; x_wconf 80' lang='lat' dir='ltr'><strong>et</strong></span> <span class='ocrx_word' id='word_1_902' title='bbox 2025 4513 2090 4565; x_wconf 82' lang='lat' dir='ltr'><strong>de</strong></span> <span class='ocrx_word' id='word_1_903' title='bbox 2112 4512 2268 4565; x_wconf 77' lang='lat' dir='ltr'><strong>deuio</strong></span> <span class='ocrx_word' id='word_1_904' title='bbox 2289 4512 2458 4579; x_wconf 73' lang='lat' dir='ltr'><strong>patris</strong></span> <span class='ocrx_word' id='word_1_905' title='bbox 2483 4510 2584 4576; x_wconf 88' lang='lat' dir='ltr'><strong>tui,</strong></span> <span class='ocrx_word' id='word_1_906' title='bbox 2609 4521 2657 4564; x_wconf 82' lang='lat' dir='ltr'><strong>et</strong></span> <span class='ocrx_word' id='word_1_907' title='bbox 2689 4512 2819 4566; x_wconf 78' lang='lat' dir='ltr'><strong>vade</strong></span> <span class='ocrx_word' id='word_1_908' title='bbox 2837 4514 2907 4564; x_wconf 86' lang='lat' dir='ltr'><strong>ad</strong></span> <span class='ocrx_word' id='word_1_909' title='bbox 2933 4523 3128 4565; x_wconf 84' lang='lat' dir='ltr'><strong>terram</strong></span> <span class='ocrx_word' id='word_1_910' title='bbox 3158 4527 3313 4581; x_wconf 83' lang='lat' dir='ltr'><strong>quam</strong></span> <span class='ocrx_word' id='word_1_911' title='bbox 3339 4527 3516 4565; x_wconf 75' lang='lat' dir='ltr'><strong>osten-</strong></span> 
     </span>
    </p>
   </div>
   <div class='ocr_carea' id='block_1_105' title="bbox 1947 4600 3522 4670">
    <p class='ocr_par' dir='ltr' id='par_1_105' title="bbox 1947 4600 3522 4670">
     <span class='ocr_line' id='line_1_105' title="bbox 1947 4600 3522 4670; baseline 0 -15"><span class='ocrx_word' id='word_1_912' title='bbox 1947 4603 2072 4655; x_wconf 83' lang='lat' dir='ltr'><strong>dam</strong></span> <span class='ocrx_word' id='word_1_913' title='bbox 2105 4602 2194 4654; x_wconf 85' lang='lat' dir='ltr'><strong>tibi</strong></span> <span class='ocrx_word' id='word_1_914' title='bbox 2219 4601 2287 4653; x_wconf 79' lang='grc' dir='ltr'><strong>⁸ο.</strong></span> <span class='ocrx_word' id='word_1_915' title='bbox 2319 4600 2499 4655; x_wconf 78' lang='grc' dir='ltr'><strong>Ειὶνὶι</strong></span> <span class='ocrx_word' id='word_1_916' title='bbox 2521 4615 2655 4670; x_wconf 73' lang='lat' dir='ltr'><strong>ergo</strong></span> <span class='ocrx_word' id='word_1_917' title='bbox 2695 4601 2973 4656; x_wconf 79' lang='lat' dir='ltr'><strong>Abraham</strong></span> <span class='ocrx_word' id='word_1_918' title='bbox 3029 4602 3098 4656; x_wconf 88' lang='lat' dir='ltr'><strong>de</strong></span> <span class='ocrx_word' id='word_1_919' title='bbox 3140 4603 3301 4656; x_wconf 93' lang='lat' dir='ltr'><strong>domo</strong></span> <span class='ocrx_word' id='word_1_920' title='bbox 3350 4611 3522 4670; x_wconf 76' lang='lat' dir='ltr'><strong>patris</strong></span> 
     </span>
    </p>
   </div>
   <div class='ocr_carea' id='block_1_106' title="bbox 1949 4690 3522 4764">
    <p class='ocr_par' dir='ltr' id='par_1_106' title="bbox 1949 4690 3522 4764">
     <span class='ocr_line' id='line_1_106' title="bbox 1949 4690 3522 4764; baseline 0.001 -18"><span class='ocrx_word' id='word_1_921' title='bbox 1949 4693 2061 4757; x_wconf 91' lang='lat' dir='ltr'><strong>sui,</strong></span> <span class='ocrx_word' id='word_1_922' title='bbox 2088 4693 2235 4760; x_wconf 90' lang='lat' dir='ltr'><strong>quod</strong></span> <span class='ocrx_word' id='word_1_923' title='bbox 2256 4707 2360 4747; x_wconf 92' lang='lat' dir='ltr'><strong>non</strong></span> <span class='ocrx_word' id='word_1_924' title='bbox 2382 4690 2582 4750; x_wconf 75' lang='lat' dir='ltr'><strong>fecisse</strong></span> <span class='ocrx_word' id='word_1_925' title='bbox 2607 4693 3004 4746; x_wconf 88' lang='lat' dir='ltr'><strong>convincuntur</strong></span> <span class='ocrx_word' id='word_1_926' title='bbox 3023 4692 3080 4747; x_wconf 93' lang='lat' dir='ltr'><strong>bi</strong></span> <span class='ocrx_word' id='word_1_927' title='bbox 3108 4694 3199 4763; x_wconf 94' lang='lat' dir='ltr'><strong>qui</strong></span> <span class='ocrx_word' id='word_1_928' title='bbox 3225 4695 3522 4764; x_wconf 86' lang='lat' dir='ltr'><strong>reprehen-</strong></span> 
     </span>
    </p>
   </div>
   <div class='ocr_carea' id='block_1_107' title="bbox 1951 4780 3523 4850">
    <p class='ocr_par' dir='ltr' id='par_1_107' title="bbox 1951 4780 3523 4850">
     <span class='ocr_line' id='line_1_107' title="bbox 1951 4780 3523 4850; baseline 0.001 -15"><span class='ocrx_word' id='word_1_929' title='bbox 1951 4783 2154 4835; x_wconf 86' lang='lat' dir='ltr'><strong>duntur</strong></span> <span class='ocrx_word' id='word_1_930' title='bbox 2197 4795 2262 4836; x_wconf 86' lang='lat' dir='ltr'><strong>eo</strong></span> <span class='ocrx_word' id='word_1_931' title='bbox 2303 4781 2446 4850; x_wconf 89' lang='lat' dir='ltr'><strong>quod</strong></span> <span class='ocrx_word' id='word_1_932' title='bbox 2486 4793 2591 4834; x_wconf 92' lang='lat' dir='ltr'><strong>non</strong></span> <span class='ocrx_word' id='word_1_933' title='bbox 2649 4780 2793 4834; x_wconf 87' lang='lat' dir='ltr'><strong>bene</strong></span> <span class='ocrx_word' id='word_1_934' title='bbox 2832 4781 3108 4838; x_wconf 79' lang='lat' dir='ltr'><strong>dixerint:</strong></span> <span class='ocrx_word' id='word_1_935' title='bbox 3142 4780 3303 4837; x_wconf 81' lang='lat' dir='ltr'><strong>Pater</strong></span> <span class='ocrx_word' id='word_1_936' title='bbox 3349 4794 3523 4838; x_wconf 70' lang='lat' dir='ltr'><strong>noster</strong></span> 
     </span>
    </p>
   </div>
   <div class='ocr_carea' id='block_1_108' title="bbox 1949 4869 3520 4942">
    <p class='ocr_par' dir='ltr' id='par_1_108' title="bbox 1949 4869 3520 4942">
     <span class='ocr_line' id='line_1_108' title="bbox 1949 4869 3520 4942; baseline 0.001 -18"><span class='ocrx_word' id='word_1_937' title='bbox 1949 4871 2218 4924; x_wconf 81' lang='lat' dir='ltr'><strong>Abraham</strong></span> <span class='ocrx_word' id='word_1_938' title='bbox 2240 4881 2312 4924; x_wconf 72' lang='lat' dir='ltr'><strong>est</strong></span> <span class='ocrx_word' id='word_1_939' title='bbox 2343 4870 2421 4934; x_wconf 87' lang='grc'><strong>³¹;</strong></span> <span class='ocrx_word' id='word_1_940' title='bbox 2460 4883 2583 4922; x_wconf 91' lang='lat' dir='ltr'><strong>nam</strong></span> <span class='ocrx_word' id='word_1_941' title='bbox 2628 4869 2674 4923; x_wconf 88' lang='lat' dir='ltr'><strong>si</strong></span> <span class='ocrx_word' id='word_1_942' title='bbox 2713 4869 2807 4924; x_wconf 85' lang='lat' dir='ltr'><strong>tllii</strong></span> <span class='ocrx_word' id='word_1_943' title='bbox 2831 4870 3066 4926; x_wconf 59' lang='lat' dir='ltr'><strong>Abrahae</strong></span> <span class='ocrx_word' id='word_1_944' title='bbox 3100 4871 3310 4926; x_wconf 80' lang='lat' dir='ltr'><strong>faciunt</strong></span> <span class='ocrx_word' id='word_1_945' title='bbox 3357 4887 3520 4942; x_wconf 87' lang='lat' dir='ltr'><strong>opera</strong></span> 
     </span>
    </p>
   </div>
   <div class='ocr_carea' id='block_1_109' title="bbox 1949 4962 3522 5033">
    <p class='ocr_par' dir='ltr' id='par_1_109' title="bbox 1949 4962 3522 5033">
     <span class='ocr_line' id='line_1_109' title="bbox 1949 4962 3522 5033; baseline 0.001 -16"><span class='ocrx_word' id='word_1_946' title='bbox 1949 4965 2207 5027; x_wconf 61' lang='lat' dir='ltr'><strong>Abrahae,</strong></span> <span class='ocrx_word' id='word_1_947' title='bbox 2234 4976 2286 5017; x_wconf 91' lang='lat' dir='ltr'><strong>et</strong></span> <span class='ocrx_word' id='word_1_948' title='bbox 2323 4963 2367 5016; x_wconf 91' lang='lat' dir='ltr'><strong>si</strong></span> <span class='ocrx_word' id='word_1_949' title='bbox 2402 4962 2634 5032; x_wconf 89' lang='lat' dir='ltr'><strong>primum</strong></span> <span class='ocrx_word' id='word_1_950' title='bbox 2655 4978 2791 5033; x_wconf 88' lang='lat' dir='ltr'><strong>opus</strong></span> <span class='ocrx_word' id='word_1_951' title='bbox 2815 4975 2898 5018; x_wconf 88' lang='lat' dir='ltr'><strong>est</strong></span> <span class='ocrx_word' id='word_1_952' title='bbox 2921 4965 3071 5019; x_wconf 80' lang='lat' dir='ltr'><strong>exire</strong></span> <span class='ocrx_word' id='word_1_953' title='bbox 3107 4965 3175 5020; x_wconf 85' lang='lat' dir='ltr'><strong>de</strong></span> <span class='ocrx_word' id='word_1_954' title='bbox 3215 4977 3358 5020; x_wconf 88' lang='lat' dir='ltr'><strong>terra</strong></span> <span class='ocrx_word' id='word_1_955' title='bbox 3398 4982 3522 5024; x_wconf 85' lang='lat' dir='ltr'><strong>sua.</strong></span> 
     </span>
    </p>
   </div>
   <div class='ocr_carea' id='block_1_110' title="bbox 1951 5054 3519 5125">
    <p class='ocr_par' dir='ltr' id='par_1_110' title="bbox 1951 5054 3519 5125">
     <span class='ocr_line' id='line_1_110' title="bbox 1951 5054 3519 5125; baseline -0.002 -14"><span class='ocrx_word' id='word_1_956' title='bbox 1951 5064 2006 5111; x_wconf 87' lang='lat' dir='ltr'><strong>et</strong></span> <span class='ocrx_word' id='word_1_957' title='bbox 2032 5058 2098 5110; x_wconf 89' lang='lat' dir='ltr'><strong>de</strong></span> <span class='ocrx_word' id='word_1_958' title='bbox 2129 5057 2288 5110; x_wconf 91' lang='lat' dir='ltr'><strong>domo</strong></span> <span class='ocrx_word' id='word_1_959' title='bbox 2328 5055 2500 5124; x_wconf 90' lang='lat' dir='ltr'><strong>patris</strong></span> <span class='ocrx_word' id='word_1_960' title='bbox 2538 5054 2644 5119; x_wconf 86' lang='lat' dir='ltr'><strong>sui,</strong></span> <span class='ocrx_word' id='word_1_961' title='bbox 2679 5064 2732 5110; x_wconf 89' lang='lat' dir='ltr'><strong>et</strong></span> <span class='ocrx_word' id='word_1_962' title='bbox 2769 5055 3038 5125; x_wconf 79' lang='lat' dir='ltr'><strong>proﬁcisci</strong></span> <span class='ocrx_word' id='word_1_963' title='bbox 3076 5056 3143 5110; x_wconf 91' lang='lat' dir='ltr'><strong>ad</strong></span> <span class='ocrx_word' id='word_1_964' title='bbox 3173 5071 3294 5111; x_wconf 89' lang='lat' dir='ltr'><strong>eam</strong></span> <span class='ocrx_word' id='word_1_965' title='bbox 3322 5064 3519 5110; x_wconf 81' lang='lat' dir='ltr'><strong>terrain</strong></span> 
     </span>
    </p>
   </div>
   <div class='ocr_carea' id='block_1_111' title="bbox 1950 5147 3518 5220">
    <p class='ocr_par' dir='ltr' id='par_1_111' title="bbox 1950 5147 3518 5220">
     <span class='ocr_line' id='line_1_111' title="bbox 1950 5147 3518 5220; baseline -0.001 -18"><span class='ocrx_word' id='word_1_966' title='bbox 1950 5165 2110 5220; x_wconf 80' lang='lat' dir='ltr'><strong>quain</strong></span> <span class='ocrx_word' id='word_1_967' title='bbox 2138 5147 2213 5204; x_wconf 90' lang='lat' dir='ltr'><strong>illi</strong></span> <span class='ocrx_word' id='word_1_968' title='bbox 2235 5148 2472 5204; x_wconf 84' lang='lat' dir='ltr'><strong>ostendit</strong></span> <span class='ocrx_word' id='word_1_969' title='bbox 2520 5147 2688 5219; x_wconf 78' lang='lat' dir='ltr'><strong>Deus,</strong></span> <span class='ocrx_word' id='word_1_970' title='bbox 2738 5160 2792 5204; x_wconf 88' lang='lat' dir='ltr'><strong>et</strong></span> <span class='ocrx_word' id='word_1_971' title='bbox 2821 5150 2957 5209; x_wconf 87' lang='lat' dir='ltr'><strong>hanc</strong></span> <span class='ocrx_word' id='word_1_972' title='bbox 2997 5150 3068 5205; x_wconf 92' lang='lat' dir='ltr'><strong>ob</strong></span> <span class='ocrx_word' id='word_1_973' title='bbox 3105 5163 3324 5204; x_wconf 86' lang='lat' dir='ltr'><strong>causam</strong></span> <span class='ocrx_word' id='word_1_974' title='bbox 3357 5148 3408 5202; x_wconf 92' lang='lat' dir='ltr'><strong>hi</strong></span> <span class='ocrx_word' id='word_1_975' title='bbox 3447 5150 3518 5202; x_wconf 79' lang='lat' dir='ltr'><strong>ad</strong></span> 
     </span>
    </p>
   </div>
   <div class='ocr_carea' id='block_1_112' title="bbox 1956 5291 2458 5358">
    <p class='ocr_par' dir='ltr' id='par_1_112' title="bbox 1956 5291 2458 5358">
     <span class='ocr_line' id='line_1_112' title="bbox 1956 5291 2458 5358; baseline -0.008 -9"><span class='ocrx_word' id='word_1_976' title='bbox 1956 5295 1998 5329; x_wconf 80' lang='grc'><strong>³³</strong></span> <span class='ocrx_word' id='word_1_977' title='bbox 2030 5293 2188 5349; x_wconf 79' lang='lat' dir='ltr'><strong>Joan.</strong></span> <span class='ocrx_word' id='word_1_978' title='bbox 2219 5308 2339 5358; x_wconf 77' lang='lat' dir='ltr'><strong>vnn,</strong></span> <span class='ocrx_word' id='word_1_979' title='bbox 2370 5291 2458 5347; x_wconf 78' lang='grc'><strong>59.</strong></span> 
     </span>
    </p>
   </div>
   <div class='ocr_carea' id='block_1_113' title="bbox 2013 5406 3515 5481">
    <p class='ocr_par' dir='ltr' id='par_1_113' title="bbox 2013 5406 3515 5481">
     <span class='ocr_line' id='line_1_113' title="bbox 2013 5406 3515 5481; baseline -0.001 -16"><span class='ocrx_word' id='word_1_980' title='bbox 2013 5409 2122 5481; x_wconf 86' lang='lat'><strong>(97)</strong></span> <span class='ocrx_word' id='word_1_981' title='bbox 2153 5409 2336 5481; x_wconf 64' lang='lat' dir='ltr'><strong>qotlex</strong></span> <span class='ocrx_word' id='word_1_982' title='bbox 2375 5407 2722 5481; x_wconf 79' lang='lat' dir='ltr'><strong>Bodleianus,</strong></span> <span class='ocrx_word' id='word_1_983' title='bbox 2755 5407 3003 5481; x_wconf 40' lang='grc' dir='ltr'><strong>Ἐπεὶ-δὲ</strong></span> <span class='ocrx_word' id='word_1_984' title='bbox 3033 5410 3145 5472; x_wconf 75' lang='grc' dir='ltr'><strong>τοῖς</strong></span> <span class='ocrx_word' id='word_1_985' title='bbox 3199 5406 3356 5481; x_wconf 77' lang='grc' dir='ltr'><strong>περίο</strong></span> <span class='ocrx_word' id='word_1_986' title='bbox 3408 5407 3515 5463; x_wconf 76' lang='lat' dir='ltr'><strong>Ro-</strong></span> 
     </span>
    </p>
   </div>
   <div class='ocr_carea' id='block_1_114' title="bbox 355 5471 1661 5541">
    <p class='ocr_par' dir='ltr' id='par_1_114' title="bbox 355 5471 1661 5541">
     <span class='ocr_line' id='line_1_114' title="bbox 355 5471 1661 5541; baseline 0.005 -15"><span class='ocrx_word' id='word_1_987' title='bbox 355 5471 450 5534; x_wconf 78' lang='lat'><strong>(95)</strong></span> <span class='ocrx_word' id='word_1_988' title='bbox 479 5474 620 5527; x_wconf 87' lang='lat' dir='ltr'><strong>Idem</strong></span> <span class='ocrx_word' id='word_1_989' title='bbox 645 5479 809 5529; x_wconf 76' lang='lat' dir='ltr'><strong>codex</strong></span> <span class='ocrx_word' id='word_1_990' title='bbox 839 5476 1165 5532; x_wconf 85' lang='lat' dir='ltr'><strong>Bodleianus</strong></span> <span class='ocrx_word' id='word_1_991' title='bbox 1193 5480 1273 5531; x_wconf 71' lang='grc' dir='ltr'><strong>εἰσ</strong></span> <span class='ocrx_word' id='word_1_992' title='bbox 1315 5471 1532 5541; x_wconf 45' lang='lat' dir='ltr'><strong>Rectius.</strong></span> <span class='ocrx_word' id='word_1_993' title='bbox 1563 5481 1661 5534; x_wconf 79' lang='grc' dir='ltr'><strong>ὅτι.</strong></span> 
     </span>
    </p>
   </div>
   <div class='ocr_carea' id='block_1_115' title="bbox 354 5541 1829 5620">
    <p class='ocr_par' dir='ltr' id='par_1_115' title="bbox 354 5541 1829 5620">
     <span class='ocr_line' id='line_1_115' title="bbox 354 5541 1829 5620; baseline 0.007 -24"><span class='ocrx_word' id='word_1_994' title='bbox 354 5541 450 5614; x_wconf 81' lang='lat'><strong>(96)</strong></span> <span class='ocrx_word' id='word_1_995' title='bbox 469 5543 647 5620; x_wconf 56' lang='lat' dir='ltr'><strong>godex</strong></span> <span class='ocrx_word' id='word_1_996' title='bbox 675 5546 1022 5620; x_wconf 73' lang='lat' dir='ltr'><strong>Bodleiauus,</strong></span> <span class='ocrx_word' id='word_1_997' title='bbox 1058 5548 1262 5620; x_wconf 80' lang='grc' dir='ltr'><strong>εἴρητο,</strong></span> <span class='ocrx_word' id='word_1_998' title='bbox 1295 5551 1474 5619; x_wconf 80' lang='grc' dir='ltr'><strong>χεῖρον</strong></span> <span class='ocrx_word' id='word_1_999' title='bbox 1513 5550 1577 5604; x_wconf 80' lang='grc' dir='ltr'><strong>ἄν</strong></span> <span class='ocrx_word' id='word_1_1000' title='bbox 1614 5569 1664 5606; x_wconf 87' lang='grc' dir='ltr'><strong>τι</strong></span> <span class='ocrx_word' id='word_1_1001' title='bbox 1715 5553 1829 5609; x_wconf 79' lang='grc' dir='ltr'><strong>ἐνέ-</strong></span> 
     </span>
    </p>
   </div>
   <div class='ocr_carea' id='block_1_116' title="bbox 303 5565 1402 5689">
    <p class='ocr_par' dir='ltr' id='par_1_116' title="bbox 303 5565 1402 5689">
     <span class='ocr_line' id='line_1_116' title="bbox 354 5565 1402 5620; baseline 0.004 -24"><span class='ocrx_word' id='word_1_1002' title='bbox 354 5565 450 5614; x_wconf 73' lang='grc' dir='ltr'><strong>ινυ)</strong></span> <span class='ocrx_word' id='word_1_1003' title='bbox 469 5565 647 5598; x_wconf 68' lang='grc' dir='ltr'><strong>υυυοξῐ</strong></span> <span class='ocrx_word' id='word_1_1004' title='bbox 675 5565 1022 5609; x_wconf 63' lang='grc' dir='ltr'><strong>υυιιιριειιιιιδ,</strong></span> <span class='ocrx_word' id='word_1_1005' title='bbox 1058 5565 1104 5599; x_wconf 82' lang='grc' dir='ltr'><strong>ει</strong></span> <span class='ocrx_word' id='word_1_1006' title='bbox 1146 5565 1262 5620; x_wconf 87' lang='grc' dir='ltr'><strong>ητο,</strong></span> <span class='ocrx_word' id='word_1_1007' title='bbox 1295 5566 1402 5619; x_wconf 64' lang='grc' dir='ltr'><strong>χειε</strong></span> 
     </span>
     <span class='ocr_line' id='line_1_117' title="bbox 303 5565 1402 5689; baseline 0.002 -19"><span class='ocrx_word' id='word_1_1008' title='bbox 303 5627 454 5680; x_wconf 60' lang='lat' dir='ltr'><strong>tier/2&#39;</strong></span> <span class='ocrx_word' id='word_1_1009' title='bbox 479 5612 697 5684; x_wconf 77' lang='lat' dir='ltr'><strong>Regius,</strong></span> <span class='ocrx_word' id='word_1_1010' title='bbox 739 5615 923 5688; x_wconf 77' lang='grc' dir='ltr'><strong>εἴρητο</strong></span> <span class='ocrx_word' id='word_1_1011' title='bbox 949 5615 1033 5680; x_wconf 81' lang='grc' dir='ltr'><strong>ἂν,</strong></span> <span class='ocrx_word' id='word_1_1012' title='bbox 1062 5565 1140 5670; x_wconf 70' lang='grc' dir='ltr'><strong>τίρ</strong></span> <span class='ocrx_word' id='word_1_1013' title='bbox 1134 5619 1402 5689; x_wconf 81' lang='grc' dir='ltr'><strong>ἐνέφαινε.</strong></span> 
     </span>
    </p>
   </div>
   <div class='ocr_carea' id='block_1_117' title="bbox 1943 5477 3300 5550">
    <p class='ocr_par' dir='ltr' id='par_1_117' title="bbox 1943 5477 3300 5550">
     <span class='ocr_line' id='line_1_118' title="bbox 1943 5477 3300 5550; baseline 0.001 -18"><span class='ocrx_word' id='word_1_1014' title='bbox 1943 5477 2529 5550; x_wconf 36' lang='lat' dir='ltr'><strong>giusctliarberi‘nus.</strong></span> <span class='ocrx_word' id='word_1_1015' title='bbox 2562 5477 2720 5550; x_wconf 83' lang='lat' dir='ltr'><strong>male,</strong></span> <span class='ocrx_word' id='word_1_1016' title='bbox 2751 5479 2872 5530; x_wconf 71' lang='grc' dir='ltr'><strong>ἐπεὶ</strong></span> <span class='ocrx_word' id='word_1_1017' title='bbox 2912 5479 2970 5550; x_wconf 71' lang='grc' dir='ltr'><strong>δέ</strong></span> <span class='ocrx_word' id='word_1_1018' title='bbox 3000 5481 3129 5550; x_wconf 72' lang='grc' dir='ltr'><strong>τοὺς</strong></span> <span class='ocrx_word' id='word_1_1019' title='bbox 3149 5477 3300 5548; x_wconf 85' lang='grc' dir='ltr'><strong>περί.</strong></span> 
     </span>
    </p>
   </div>
   <div class='ocr_carea' id='block_1_118' title="bbox 1978 5546 3514 5673">
    <p class='ocr_par' dir='ltr' id='par_1_118' title="bbox 1978 5546 3514 5673">
     <span class='ocr_line' id='line_1_119' title="bbox 1978 5546 3514 5673; baseline 0.001 -71"><span class='ocrx_word' id='word_1_1020' title='bbox 1978 5546 2118 5673; x_wconf 36' lang='lat' dir='ltr'><strong>l(9.8)</strong></span> <span class='ocrx_word' id='word_1_1021' title='bbox 2145 5547 2288 5612; x_wconf 72' lang='lat' dir='ltr'><strong>llzcc,</strong></span> <span class='ocrx_word' id='word_1_1022' title='bbox 2315 5564 2342 5602; x_wconf 92' lang='lat' dir='ltr'><strong>a</strong></span> <span class='ocrx_word' id='word_1_1023' title='bbox 2366 5546 2623 5602; x_wconf 79' lang='lat' dir='ltr'><strong>Fct&#39;rariu</strong></span> <span class='ocrx_word' id='word_1_1024' title='bbox 2652 5548 3038 5616; x_wconf 62' lang='lat' dir='ltr'><strong>praetenuissa,</strong></span> <span class='ocrx_word' id='word_1_1025' title='bbox 3058 5566 3087 5606; x_wconf 80' lang='grc' dir='ltr'><strong>ε</strong></span> <span class='ocrx_word' id='word_1_1026' title='bbox 3115 5546 3364 5606; x_wconf 72' lang='grc' dir='ltr'><strong>Ροτῐυιιίο</strong></span> <span class='ocrx_word' id='word_1_1027' title='bbox 3387 5563 3514 5620; x_wconf 79' lang='lat' dir='ltr'><strong>sup-</strong></span> 
     </span>
     <span class='ocr_line' id='line_1_120' title="bbox 1997 5634 2221 5673; baseline -0.009 0"><span class='ocrx_word' id='word_1_1028' title='bbox 1997 5634 2221 5673; x_wconf 83' lang='lat' dir='ltr'><strong>evnuus.</strong></span> 
     </span>
    </p>
   </div>
   <div class='ocr_carea' id='block_1_119' title="bbox 1941 5634 2221 5690">
    <p class='ocr_par' dir='ltr' id='par_1_119' title="bbox 1941 5634 2221 5690">
     <span class='ocr_line' id='line_1_121' title="bbox 1941 5634 2221 5690; baseline 0 -19"><span class='ocrx_word' id='word_1_1029' title='bbox 1941 5634 2221 5690; x_wconf 79' lang='lat' dir='ltr'><strong>plevnuus.</strong></span> 
     </span>
    </p>
   </div>
  </div>
