3866 6200
431 399 528 454 611

1893 397 2215 461 ORIGEMS

3554 427 3642 484 iii-2

431 523 649 592 quando
684 523 846 579 etiam
898 531 1052 592 pater
1097 522 1300 580 ducens
1337 525 1476 581 hunc
1526 525 1593 581 ad
1641 527 1973 593 regeneratio

2077 573 2080 586 ,
2108 526 2349 596 γίνεται,
2386 530 2477 582 καὶ
2497 531 2832 602 ’χρηματίζει
2867 534 2977 604 (H)
3003 534 3246 591 τοιούτου
3284 539 3475 610 πατὴρ.
3504 543 3642 597 Ἔστι

431 629 577 682 uem,
608 613 760 683 quasi
807 625 959 683 paler
992 615 1158 685 ipsius
1199 618 1448 684 edicitur,
1481 627 1536 674 et
1577 619 1809 674 habetur
1834 619 2002 689 ipsius

429 715 605 773 pater.
650 703 744 758 llis
800 703 1096 777 adiungere
1141 722 1425 778 possumus
1452 723 1574 777 qua:
1617 707 1670 762 in
1710 707 2002 780 Evangelio

426 796 718 850 secundum
745 795 1050 852 Matthzeum
1073 801 1270 870 scripta
1295 807 1424 854 sunt
1445 799 1588 854 hunc
1606 800 1658 854 in
1683 802 1896 855 modum
1921 802 1998 858 “z

425 886 664 940 Audistis
680 889 878 939 dictum
900 903 1009 942 esse
1026 901 1045 939 :
1070 888 1262 960 Diliges
1287 893 1583 958 proximum
1613 905 1781 957 tuum,
1803 903 1854 948 et
1877 894 2000 948 odio

426 977 638 1031 habebis
666 978 935 1032 inimicum
975 988 1143 1037 tuum.
1186 985 1253 1036 At
1299 999 1392 1053 ego
1428 985 1546 1038 dico
1574 985 1718 1039 vobis
1744 999 1763 1037 :
1788 984 2000 1055 Diligite

355 1122 364 1130 ,
422 1068 664 1124 inimicos
687 1081 901 1133 vestros,
921 1079 967 1122 et
994 1081 1139 1125 orate
1164 1089 1258 1139 pro
1285 1073 1366 1126 Itis
1381 1074 1471 1144 qui
1491 1091 1576 1128 vos
1597 1088 1996 1143 persequuntur,

369 1154 376 1172 '
425 1172 478 1215 ut
510 1160 624 1214 sitis
649 1159 750 1229 ﬁlii
781 1157 963 1213 Patris
992 1161 1146 1215 uestri
1167 1163 1255 1231 qui
1280 1163 1332 1215 in
1362 1163 1506 1218 ca'lis
1538 1177 1632 1219 est.
1661 1165 1872 1220 Adhibe
1909 1184 2000 1221 an-

375 1236 385 1273 ³
425 1260 530 1306 tem
559 1251 798 1306 animum
827 1251 891 1305 ad
928 1251 1052 1305 illud
1095 1271 1108 1307 :
1149 1252 1216 1308 Ut
1254 1256 1366 1311 sitis
1394 1256 1494 1326 ﬁlii
1526 1255 1701 1312 Patris
1726 1260 1880 1313 uestri
1909 1260 1999 1328 qui

419 1342 478 1396 iu
512 1342 654 1396 caelis
683 1351 780 1408 est,
817 1343 1109 1398 ostendens
1131 1345 1273 1413 quod
1301 1348 1395 1416 qui
1423 1357 1578 1401 antea
1611 1364 1714 1402 non
1755 1349 1996 1403 estlilius

422 1433 564 1488 illius
577 1431 754 1488 Patris
774 1434 863 1501 qui
880 1443 964 1488 est
989 1435 1039 1488 in
1063 1435 1233 1501 caelis,
1258 1437 1450 1494 deinde
1481 1440 1624 1495 illius
1641 1439 1905 1495 eliiciatur
1930 1441 1994 1496 li-

421 1523 544 1581 lius.
559 1524 800 1594 Cumque
819 1525 1104 1594 diligenter
1118 1530 1492 1585 observaveris
1513 1531 1638 1585 illud
1660 1533 1835 1594 vestri,
1853 1531 1993 1601 quod

418 1612 636 1666 additur
663 1614 926 1668 vocabulo
965 1614 1148 1669 Patris
1180 1617 1284 1686 (sic
1317 1618 1461 1672 enim
1505 1620 1764 1688 scriptum
1801 1631 1903 1684 est,
1939 1631 1994 1674 ut

416 1703 532 1756 sitis
564 1702 666 1771 ﬁlii
696 1701 874 1758 Patris
906 1709 1106 1778 vestri),
1132 1723 1341 1777 quaeres
1385 1719 1568 1762 utrum
1597 1710 1894 1778 simplicius
1924 1710 1990 1764 il-

415 1795 510 1849 lud
543 1796 745 1850 dictum
778 1795 869 1858 sit,
906 1813 972 1850 an
1018 1798 1366 1866 peccantibus
1413 1797 1814 1866 exemplaribus
1841 1800 1991 1852 addi-

2103 616 2159 670 δὲ
2189 619 2560 690 προσαχθῆναι
2585 624 2664 686 εἰς
2695 622 2868 678 ταῦτα
2899 625 3007 679 ἀπὸ
3027 626 3136 681 τῶν
3161 627 3334 692 οὕτως
3363 631 3416 682 ἐν
3442 631 3506 702 τῷ
3518 637 3642 689 κατὰ

2102 709 2379 766 Ματθαῖον
2410 711 2729 786 Εὐαγγελίῳ
2760 719 3179 789 γεγραμμένων·
3212 720 3512 777 Ἠκούσατε
3530 764 3544 788 ,
3564 726 3642 781 ὅτι

2100 795 2310 868 έρῤέθη
2327 813 2341 827 ·
2382 801 2744 870 Ἀγαπήσεις
2779 805 2884 858 τὸν
2905 807 3174 874 πλησίον
3209 824 3346 876 σου,
3373 811 3466 864 καὶ
3492 816 3642 882 μισή-

2100 905 2230 956 σεις
2244 891 2351 944 τὸν
2367 893 2582 961 ἐχθρόν
2600 910 2736 950 σου.
2765 895 2913 965 Ἐγὼ
2929 896 2998 950 δὲ
3015 897 3170 967 λέγω
3187 899 3329 969 ὑμῖν
3342 915 3356 931 ·
3389 902 3642 971 Ἀτηαπᾶτε

2101 982 2243 1049 τούς
2278 983 2531 1053 ἐχθροὺς
2568 985 2764 1055 ὑμῶν,
2794 987 2894 1040 καὶ
2929 990 3340 1058 προσεύχεσθε
3379 992 3516 1060 ὑπὲρ
3542 994 3640 1046 τῶν

2099 1072 2432 1128 διωκόντων
2469 1074 2643 1144 ὑμᾶς,
2676 1076 2836 1142 ὅπως
2869 1076 3126 1145 γένησθε
3156 1079 3271 1132 υἱοὶ
3305 1078 3412 1133 τοῦ
3439 1082 3638 1149 Πατρός

2097 1162 2265 1232 ὑμῶν
2307 1163 2412 1217 τοῦ
2449 1165 2520 1218 ἐν
2553 1166 2850 1234 οὐρανοῖς.
2900 1167 3145 1238 Πρόσχες
3185 1168 3293 1240 γὰρ
3324 1168 3434 1239 τῷ·
3471 1171 3637 1237 Ὅπως

2098 1251 2355 1321 γένησθε
2394 1255 2510 1308 υἱοὶ
2544 1254 2650 1308 τοῦ
2678 1255 2909 1323 Πατρός
2941 1255 3108 1324 ὐμῶν
3143 1257 3250 1310 τοῦ
3276 1258 3347 1310 ἐν
3371 1259 3636 1326 οὐρανοῖς,

2097 1343 2432 1415 ἐμφαίνοντι,
2466 1347 2548 1398 ὃτι
2570 1347 2630 1400 οὐ
2661 1346 2923 1418 πρότερόν
2954 1365 3038 1411 τις
3066 1346 3139 1400 ὢν
3163 1348 3276 1412 υἱὸς
3301 1347 3392 1400 τοῦ
3421 1351 3475 1400 ὲν
3496 1349 3638 1419 οὐρα-

2097 1438 2206 1500 νοῖς
2231 1435 2440 1507 Πατρὸς
2467 1436 2672 1504 γίνεται
2701 1437 2864 1490 αὐτοῦ
2896 1437 3030 1501 υἱός.
3073 1437 3376 1508 Ἐπιμελῶς
3409 1438 3462 1492 δὲ
3485 1441 3637 1510 τηρήκ

2096 1541 2195 1588 σας
2230 1527 2322 1579 καὶ
2352 1528 2478 1598 περὶ
2525 1527 2618 1580 τοῦ
2668 1528 3062 1598 προσκειμένου
3104 1528 3183 1598 τῷ
3203 1567 3218 1592 ,
3269 1529 3376 1583 τοῦ
3411 1531 3635 1597 Πατρός,

2094 1617 2229 1689 ὅπερ
2256 1617 2424 1678 ἐστὶν,
2450 1615 2616 1686 ὑμῶν
2654 1619 2981 1689 (γέγραπται
3009 1619 3115 1692 γάρ
3135 1635 3149 1649 ·
3187 1621 3387 1686 Ὅπως
3407 1619 3637 1688 γένησθε

2093 1708 2208 1762 υἱοὶ
2236 1707 2342 1761 τοῦ
2369 1707 2598 1776 Πατρός
2621 1706 2830 1778 ὐμῶν)’
2851 1701 3105 1779 ζητήσεις
3126 1710 3350 1781 πότερον
3369 1711 3636 1764 ἁπλούστε-

2095 1817 2187 1871 ρον
2218 1802 2454 1872 εἴρηται,
2485 1802 2517 1873 ἢ
2543 1799 2649 1853 τῶν
2692 1801 3039 1872 ἀντιγράφων
3066 1802 3462 1872 ἡμαρτημένων
3489 1803 3635 1873 7:960-

417 1900 528 1941 tum
552 1888 623 1942 sit
651 1887 777 1942 illud
812 1890 989 1942 vestri.
1016 1889 1160 1944 Nihil
1180 1890 1323 1944 enim
1356 1891 1757 1958 qumsisscmus,
1783 1892 1826 1943 si
1850 1891 1973 1944 scri-

2090 1909 2266 1945 κειται
2328 1892 2408 1955 τὸ,
2445 1891 2627 1962 ὑμῶν·
2661 1891 2815 1945 οὐδὲν
2845 1891 2954 1963 γὰρ
2984 1891 3330 1962 ἐζητήσαμεν
3349 1892 3432 1957 ἂν,
3463 1895 3508 1945 ει
3529 1893 3636 1961 ἐγέο

415 1988 562 2050 ptum
599 1981 792 2035 fuisset
822 2001 834 2036 :
868 1979 936 2034 Ut
968 1983 1083 2035 sitis
1111 1982 1211 2051 ﬁlii
1240 1981 1420 2036 Patris
1459 1983 1607 2038 illius
1639 1984 1727 2052 qui
1760 1984 1815 2036 in
1846 1985 1987 2037 talis

412 2081 490 2127 est
517 2088 537 2127 :
566 2082 621 2127 et
643 2073 941 2148 priesertim
971 2074 1226 2141 quoniam
1249 2074 1502 2128 videntur
1526 2074 1637 2128 lucc
1667 2088 1984 2144 repugnare,

413 2175 474 2218 ut
495 2163 694 2232 aliquis
725 2162 797 2218 sit
828 2161 970 2216 illius
1002 2177 1108 2216 non
1149 2162 1476 2234 simpliciter
1521 2162 1699 2218 Patris
1724 2163 1866 2218 illius
1895 2165 1984 2233 qui

409 2265 498 2310 est
527 2255 578 2309 in
609 2255 784 2320 caelis,
807 2253 900 2310 sed
929 2255 1010 2308 sui
1039 2255 1207 2324 patris
1241 2271 1256 2308 :
1287 2269 1410 2307 nam
1433 2253 1478 2309 si
1507 2263 1590 2308 est
1620 2263 1773 2324 pater
1796 2253 1982 2324 ipsius,

413 2361 519 2400 non
543 2345 774 2400 eﬂicitur
833 2355 1018 2416 postea
1066 2346 1206 2400 (ilius
1275 2344 1443 2414 ipsius
1475 2362 1490 2412 ;
1526 2346 1610 2399 sin
1653 2360 1784 2400 vero
1817 2345 1984 2415 ipsius

410 2438 556 2494 (ilius
593 2438 846 2503 edicitur,
871 2453 974 2491 non
1000 2447 1117 2491 erat
1140 2445 1299 2491 antea
1329 2437 1498 2506 ipsius
1523 2445 1696 2505 pater.
1741 2435 1870 2491 Illud
1905 2436 1981 2491 si-

410 2535 518 2585 mul
566 2532 902 2594 observabis,
926 2545 991 2585 eo
1020 2530 1160 2598 quod
1201 2543 1266 2583 ex
1306 2529 1390 2583 his
1417 2527 1507 2596 qui
1538 2537 1831 2583 censentur
1856 2541 1981 2581 cre-

409 2623 558 2686 dere,
584 2623 804 2692 quidam
829 2624 973 2678 servi
1011 2621 1144 2685 Dei,
1181 2633 1396 2673 rursum
1443 2617 1535 2672 alii
1587 2617 1839 2672 dicantur
1885 2618 1980 2672 lilii

409 2711 526 2778 Dei,
554 2728 620 2764 an
656 2711 796 2766 forte
829 2725 931 2764 non
956 2708 1332 2778 qualecunque
1361 2707 1696 2773 mandatum,
1716 2708 1808 2762 sed
1829 2722 1978 2776 quae-

405 2803 531 2856 dam
550 2816 650 2872 per
662 2800 1037 2856 excellentiam
1065 2800 1324 2870 praeclare
1347 2809 1469 2855 acta
1496 2798 1698 2854 faciant
1719 2799 1974 2870 aliquem,

409 2893 499 2962 qui
528 2908 593 2948 ea
631 2892 848 2958 obierit,
879 2890 1015 2946 edici
1064 2890 1231 2946 tilium
1282 2891 1398 2946 Dei.
1441 2891 1802 2958 Quamobrem
1851 2905 1974 2944 cum

405 2983 460 3037 in
501 2981 751 3037 Μειιῆωο
774 2981 938 3036 multa
974 2983 1274 3049 sintdicta,
1302 2983 1430 3036 illud
1457 2982 1683 3036 observa
1715 2995 1730 3034 :
1765 2979 1830 3034 Ui
1857 2982 1974 3033 sitis

2087 1997 2300 2052 γραπτο
2323 2001 2337 2014 ·
2383 1983 2571 2049 Ὅπως
2607 1982 2861 2051 γένησθε
2895 1983 3010 2036 vlol
3043 1981 3149 2036 τοῦ
3189 1986 3420 2050 Πατρὶς
3452 1983 3550 2036 τοῦ
3575 1984 3636 2036 ἐν

2086 2071 2396 2138 οὐρανοῖς·
2430 2073 2526 2124 καὶ
2555 2071 2787 2142 μάλιστα
2826 2072 2948 2124 ἐπεὶ
2979 2071 3123 2124 δοκεῖ
3166 2072 3344 2142 μάχην
3384 2072 3635 2142 περιέχειν

2083 2163 2145 2216 τὸ
2183 2163 2427 2232 γίνεσθαι
2452 2163 2565 2216 υἱόν
2589 2180 2709 2216 τινα
2738 2163 2836 2234 οὐχ
2862 2163 3048 2227 ἁπλῶς
3070 2163 3163 2216 τοῦ
3197 2166 3255 2218 ἐν
3279 2165 3522 2236 οὐρανοῖς
3541 2165 3636 2217 Πα-

2084 2254 2229 2325 τρδς,
2261 2253 2396 2308 ἀλλὰ
2415 2254 2508 2307 τοῦ
2538 2254 2666 2307 ῐδίου
2683 2254 2914 2326 Πατρός.
2933 2255 2996 2307 Ei
3028 2254 3126 2324 μὲν
3148 2255 3259 2325 γὰρ
3284 2255 3447 2308 αὐτοῦ
3471 2256 3637 2326 πατὴρ

2084 2344 2252 2405 ἐστιν,
2285 2345 2384 2414 οὐχ
2413 2343 2639 2416 ὕστερον
2667 2343 2875 2412 γίνεται
2905 2343 3070 2396 αὑτοῦ
3098 2344 3210 2408 υἱός
3234 2361 3249 2375 ·
3279 2347 3328 2396 εἰ
3361 2345 3418 2399 δὲ
3445 2346 3637 2414 γίνεται

2083 2432 2245 2486 αὐτοῦ
2269 2433 2408 2501 υἱὸς,
2438 2435 2536 2488 οὐκ
2556 2431 2623 2506 ἣν
2648 2433 2812 2488 αὑτοῦ
2841 2435 3042 2504 πατήρ.
3081 2435 3231 2504 Ἅμα
3262 2434 3320 2488 δὲ
3343 2436 3638 2506 ἐπιστήσεις

2080 2523 2167 2577 διά
2198 2524 2260 2577 τό
2288 2541 2439 2588 τινας
2471 2525 2569 2596 μὲν
2597 2525 2704 2579 τῶν
2731 2527 3149 2581 πεπιστευκέναι
3177 2527 3542 2599 νομιζομένων
3564 2528 3640 2582 λέ-

2079 2613 2270 2681 γεσθαι
2295 2614 2511 2679 δούλους
2534 2613 2630 2668 τοῦ
2659 2615 2814 2681 Θεοῦ,
2841 2617 3059 2688 ἐτέρους
3087 2618 3144 2671 δὲ
3172 2619 3526 2690 χρηματίζειν
3547 2622 3636 2675 αὐ-
3696 2653 3700 2659 -

2077 2702 2170 2756 τοῦ
2198 2705 2347 2767 υἱοὺς
2364 2744 2378 2768 ,
2414 2705 2622 2776 μήποτε
2655 2705 2751 2775 οὐχ
2779 2707 2812 2776 ἡ
2848 2705 3085 2776 τυχοῦσα
3112 2707 3297 2780 ἐντολὴ
3323 2752 3337 2768 ,
3371 2710 3503 2764 ἀλλά
3530 2729 3636 2765 τινα

2077 2794 2197 2847 κατ’
2237 2793 2514 2866 ἐξαίρετον
2558 2794 2966 2866 κατορθούμενα
3002 2795 3213 2850 ποιοῦσι
3256 2800 3502 2866 γενέσθαι
3536 2802 3637 2853 υἱὸν

2076 2883 2210 2937 Θεοῦ
2257 2885 2349 2938 τὸν
2395 2883 2833 2956 κατορθώσαντα.
2881 2887 3097 2940 Πολλῶν
3143 2888 3274 2956 γοῦν
3319 2891 3378 2943 ἐν
3405 2891 3480 2961 τῷ
3505 2891 3638 2945 κατά

2075 2973 2347 3027 Ματθαῖον
2371 2977 2692 3046 εἰρημένων,
2719 2978 3024 3048 παρατήρει
3040 2979 3101 3031 τό
3121 2995 3136 3008 ·
3170 2981 3368 3046 Ὅπως
3393 2981 3638 3050 γένησθε

401 3075 506 3144 ﬁlii
541 3073 722 3128 Patris
740 3073 918 3137 vestri,
952 3075 1042 3143 qui
1070 3074 1124 3128 in
1153 3073 1294 3129 talis
1318 3083 1418 3136 est,
1458 3071 1599 3140 quod
1634 3072 1973 3140 sulijungitur

2077 3065 2188 3120 υἱοὶ
2224 3066 2330 3121 τοῦ
2362 3066 2584 3135 πατρὸς
2613 3066 2780 3136 ὑμῶν
2814 3068 2922 3122 τοῦ
2959 3069 3030 3122 ἐν
3069 3070 3365 3138 οὐρανοῖς,
3399 3072 3427 3124 δ
3452 3073 3633 3140 ἐπιφέ-

403 3164 514 3218 illis
548 3161 727 3218 verbis
759 3180 774 3217 :
813 3160 924 3231 Ego
970 3172 1142 3216 autem
1175 3163 1294 3216 dico
1333 3161 1475 3216 vobis
1501 3177 1520 3216 :
1553 3159 1767 3230 Diligite
1795 3161 1973 3214 inimi-

2079 3172 2228 3256 ρεται
2262 3155 2378 3256 ’(12)
2409 3157 2518 3256 τῶ·
2560 3157 2708 3225 Ἐγὼ
2749 3156 2818 3210 δὲ
2852 3157 3006 3227 λέγω
3042 3159 3217 3229 ὑμῖν·
3273 3161 3637 3230 Ἀταπήσατσ

401 3271 489 3308 cos
517 3265 737 3319 vestros,
779 3263 828 3307 et
861 3263 1010 3308 orate
1037 3269 1130 3320 pro
1173 3253 1255 3306 his
1295 3253 1386 3322 qui
1432 3267 1520 3305 vos
1569 3259 1969 3319 persequuntur.

2077 3245 2216 3310 τοὺς
2249 3245 2501 3314 ἐχθροὺς
2535 3245 2703 3315 ὑμῶν
2721 3286 2735 3308 ,
2760 3247 2859 3300 καὶ
2902 3245 3311 3318 προσεύχεσθε
3345 3251 3496 3319 ὑπὲρ
3529 3249 3637 3306 τῶν

403 3343 592 3398 Elucet
619 3345 762 3398 enim
814 3341 1110 3399 similitudo
1138 3354 1266 3412 erga
1312 3340 1504 3405 Deum,
1542 3349 1706 3409 atque
1747 3341 1972 3396 imitatio

2077 3335 2406 3390 διωκόντων
2431 3334 2602 3406 ὑμᾶς.
2639 3338 2749 3390 Καὶ
2777 3338 2882 3409 γὰρ
2912 3339 3233 3408 ἐμφαίνεται
3272 3343 3306 3412 ὴ
3341 3342 3476 3414 πρὸς
3510 3343 3636 3396 Θεὸν

403 3435 574 3508 ipsius
603 3435 881 3507 diligentis
911 3432 1092 3491 omnia
1122 3433 1268 3487 entia
1290 3472 1306 3498 ,
1329 3440 1386 3487 et
1426 3432 1560 3486 nihil
1609 3431 1971 3486 abominantis

2077 3425 2323 3496 ὁμοιότης
2369 3426 2462 3479 καὶ
2532 3426 2761 3497 μίμησις
2818 3427 2982 3480 αὑτοῦ
3019 3430 3368 3497 ἀγαπῶντος
3407 3431 3475 3485 τὰ
3515 3432 3638 3484 δντσ.

400 3542 588 3584 eorum
609 3541 729 3597 qua:
756 3525 901 3591 fecit,
923 3535 979 3581 et
1019 3523 1270 3578 omnibus
1310 3521 1582 3592 parcentis
1612 3519 1971 3593 (quandoqui-

401 3620 523 3675 dem
561 3619 732 3690 ipsius
766 3615 980 3672 Domini
1009 3615 1311 3670 animarmn
1337 3611 1570 3667 amantis
1595 3620 1722 3665 sunt
1744 3610 1968 3681 omnia),

401 3714 454 3767 in
484 3725 550 3766 eo
577 3712 668 3780 qui
705 3709 883 3781 diligit
917 3710 1168 3764 inimicos
1207 3721 1354 3770 suos,
1385 3715 1439 3760 et
1470 3712 1727 3774 precatur
1750 3717 1847 3772 pro
1886 3703 1967 3756 his

399 3802 493 3871 qui
523 3810 922 3871 persequuntur
952 3817 1100 3855 eum.
1120 3795 1316 3853 Verum
1341 3795 1612 3867 quomodo
1646 3793 1968 3848 convenien-

398 3900 481 3947 ter
535 3891 952 3960 subjungeretur
978 3891 1147 3944 illud:
1185 3886 1252 3942 Ut
1299 3889 1413 3942 sitis
1447 3887 1545 3956 ﬁlii
1591 3885 1754 3956 33o
1791 3882 1964 3938 Patris

397 3981 552 4040 uestri
574 3981 665 4048 qui
697 3981 752 4032 iu
789 3980 930 4031 cwlis
949 3989 1056 4046 est,
1079 3979 1186 4033 illis
1218 3980 1396 4034 verbis
1436 3996 1449 4031 :
1494 3978 1700 4030 Dictum
1735 3987 1807 4030 est
1830 3993 1850 4032 :
1882 3975 1964 4030 Ne

393 4071 690 4127 committas
719 4069 1038 4124 adulterium
1064 4083 1083 4120 :
1106 4081 1158 4122 at
1186 4085 1278 4139 ego
1299 4069 1416 4121 dico
1445 4067 1582 4122 vobis
1611 4086 1628 4120 :
1654 4067 1964 4136 Quicunque

393 4159 656 4227 aspexerit
702 4159 971 4212 mulierem
1024 4160 1094 4213 ad
1149 4159 1615 4226 concupiscendam
1662 4172 1798 4222 eam,
1843 4155 1960 4224 jam

393 4252 717 4308 adulterium
757 4252 1014 4305 commisit
1046 4251 1101 4303 in
1149 4251 1304 4302 corde
1346 4263 1442 4300 suo
1474 4263 1590 4298 cum
1621 4262 1682 4300 ea
1698 4245 1767 4309 ”,
1798 4254 1962 4314 atque

396 4344 502 4403 illis
515 4343 580 4398 de
597 4341 900 4414 perditione
913 4341 1076 4394 unius
1091 4339 1551 4400 membrorum,ue
1571 4344 1744 4389 totum
1759 4350 1960 4404 corpus

391 4441 721 4512 conjiciatur
746 4440 800 4493 in
830 4435 1174 4508 gehennam?
1198 4433 1337 4500 Quin
1373 4434 1535 4488 etiam
1567 4431 1610 4486 si
1643 4439 1765 4498 post
1792 4431 1956 4484 illud:

2072 3516 2268 3580 πάντα,
2290 3517 2383 3569 καὶ
2411 3515 2573 3586 μηδὲν
2601 3516 3022 3587 βδελυσσομένου
3044 3513 3118 3571 ὧν
3144 3521 3384 3591 ἐποίησε,
3407 3525 3502 3575 καὶ
3531 3539 3638 3592 φει-

2069 3607 2292 3678 δομένου
2317 3607 2530 3662 πάντων
2551 3606 2801 3680 (ἐπείπερ
2823 3607 2985 3660 αὑτοῦ
3009 3608 3104 3662 τοῦ
3135 3610 3428 3681 φιλοψύχου
3451 3611 3637 3665 δεσπό-

2068 3714 2160 3750 του
2195 3698 2310 3749 ἐστ¹ι
2347 3698 2416 3750 τὰ
2449 3696 2687 3767 πάντα),
2719 3699 2777 3750 ἐν
2809 3697 2887 3768 τῷ
2927 3699 3208 3766 ἀγαπῶντι
3241 3701 3366 3764 τοὺς
3415 3702 3635 3774 ἐχθροὺς

2068 3787 2293 3849 ἐαυτοῦ,
2324 3789 2418 3840 καὶ
2457 3789 2876 3860 προσευχομένῳ
2912 3789 3051 3859 ὑπὲρ
3076 3788 3185 3842 τῶν
3214 3790 3521 3844 διωκόντων
3548 3793 3637 3845 αὑ-

2066 3879 2176 3932 τόν.
2210 3877 2336 3942 Πῶς
2355 3877 2398 3931 δ’
2427 3877 2492 3931 ἀν
2508 3879 2777 3949 ἁρμοστὸν
2793 3872 2879 3950 ’.ἢν
2893 3878 3284 3950 ἐπιφερόμενον
3310 3881 3372 3933 τό
3392 3898 3404 3910 ·
3442 3883 3634 3947 Ὅπως

2067 3967 2322 4040 γένησθε
2348 3967 2463 4021 υἱοὶ
2508 3966 2614 4020 τοῦ
2652 3965 2880 4031 Πατρός
2909 3966 3074 4036 ὑμῶν
3105 3967 3212 4022 τοῦ
3237 3967 3308 4022 ἐν
3335 3969 3628 4037 οὐρανοῖς,

2063 4061 2162 4131 τῷ·
2207 4059 2470 4128 Ἑρῤἐθη,
2504 4059 2586 4111 Οὐ
2615 4057 2991 4126 μοιχεύσεις·
3031 4057 3146 4127 ἐγὼ
3187 4058 3256 4111 δέ
3289 4057 3444 4127 λέγω
3476 4061 3628 4129 ὑμῖν,

2063 4150 2152 4202 ὅτι
2190 4148 2315 4214 Πᾶς
2347 4151 2379 4202 ὁ
2407 4147 2658 4212 ,ϐλέπων
2695 4145 2946 4215 γυναῖκα
2969 4147 3118 4214 πρὸς
3145 4149 3213 4202 τὸ
3247 4150 3628 4218 ἐπιθυμῆσαι,

2061 4243 2178 4313 ἤδη
2218 4242 2576 4312 ἐμοίχευσεν
2610 4241 2803 4306 αὐτὴν
2836 4238 2905 4290 ἐν
2942 4237 3016 4306 τῇ
3051 4240 3265 4307 καρδίᾳ
3303 4241 3516 4304 αὐτοῦ,
3545 4242 3631 4294 καὶ

2060 4335 2171 4394 τοῖς
2197 4330 2324 4402 περὶ
2351 4330 2450 4400 τῆς
2479 4325 2750 4389 ἀπωλείας
2774 4325 2890 4388 ὲνδς
2911 4325 3016 4378 τῶν
3048 4327 3244 4396 μελῶν,
3273 4327 3412 4397 ὑπὲρ
3435 4326 3534 4380 τοῦ
3562 4327 3630 4396 μὴ

2057 4422 2176 4478 ὅλον
2221 4423 2302 4484 εἰς
2349 4419 2569 4488 γέενναν
2606 4415 2862 4470 ἀπελθεῖν
2905 4417 2966 4468 τὸ
3010 4415 3206 4486 σῶμα;
3245 4417 3404 4469 Ἀλλά
3451 4420 3548 4473 καὶ
3585 4419 3630 4470 ει

393 4503 604 4590 Dicium
635 4541 710 4586 est
744 4503 973 4600 antiquis
1011 4543 1032 4583 :
1069 4525 1192 4582 Non
1244 4523 1528 4594 pejerabis,
1580 4521 1670 4576 sed
1701 4520 1956 4590 persolves

2077 4512 2360 4582 ιπεφέρετο
2401 4507 2512 4579 (15)
2554 4506 2665 4576 τῷ·
2714 4505 2948 4574 Ὲρῤἐθη
2995 4503 3120 4570 τοῖς
3155 4505 3423 4572 ἀρχαίοις
3447 4523 3464 4537 ·
3513 4509 3626 4560 Οὐκ

392 4623 616 4679 Domino
623 4623 929 4691 juramenta
957 4629 1048 4672 tua
1078 4626 1171 4684 ,'at
1193 4631 1287 4686 ego
1312 4615 1430 4668 dico
1459 4613 1599 4667 vobis
1619 4629 1637 4666 :
1662 4611 1744 4667 Ne
1768 4611 1955 4680 iuretis

391 4715 602 4767 ouuiiuo
629 4711 696 4775 “,
723 4708 1138 4780 subjungeretur
1166 4720 1181 4758 :
1212 4701 1279 4756 Ut
1316 4702 1432 4757 sitis
1457 4699 1555 4772 ﬁlii
1597 4699 1776 4754 Patris
1809 4697 1962 4751 vestri

389 4803 476 4871 qui
504 4802 556 4854 in
583 4799 723 4853 caelis
744 4809 818 4852 est
843 4797 910 4864 ",
940 4795 1164 4850 multum
1199 4790 1441 4862 proiecto
1464 4785 1775 4844 oll‘endiculi
1804 4800 1870 4838 cx
1902 4797 1962 4838 se

389 4894 643 4958 fecisset;
669 4905 812 4948 nunc
847 4900 1050 4953 autem,
1085 4897 1145 4943 ut
1177 4886 1266 4942 ille
1307 4885 1466 4940 Pater
1489 4881 1728 4938 ctelestis
1754 4877 1958 4935 exoriri

387 4984 555 5042 solem
583 4983 714 5039 facit
756 4996 920 5052 super
965 4978 1136 5034 malos
1157 4987 1214 5032 et
1247 4976 1420 5032 bonos
1451 4974 1520 5037 ",
1552 4973 1632 5028 sic
1659 4970 1954 5040 unusquis—

386 5087 492 5140 que
529 5071 760 5126 ﬁliorum
793 5069 886 5123 Dei
912 5067 1252 5122 dilectionem
1288 5063 1339 5116 in
1363 5061 1654 5128 semetipso
1681 5059 1842 5113 veluti
1867 5072 1955 5112 so-

2061 4602 2460 4672 ἐπιορκήσεις,
2487 4595 2817 4662 ἀποδώσεις
2845 4595 2913 4648 δὲ
2939 4593 3019 4660 τῷ
3037 4594 3231 4662 Κυρίῳ
3247 4594 3389 4660 τοὺς
3415 4595 3628 4662 ὅρκους

2059 4708 2176 4750 σου
2193 4710 2207 4724 ·
2232 4692 2346 4762 ἐγὼ
2365 4690 2433 4743 δὲ
2465 4688 2620 4758 λέγω
2642 4685 2808 4755 ὑμῖν,
2862 4683 2951 4756 μὴ
2971 4686 3187 4758 ὀμόσαι
3207 4682 3384 4749 ὅλως·
3409 4705 3428 4737 s
3473 4687 3628 4752 ὅπως

2059 4785 2315 4856 γένησθε
2346 4781 2462 4834 υιοι
2491 4778 2598 4833 τοῦ
2620 4777 2849 4844 Πατρός
2875 4774 3044 4843 ὑμῶν
3067 4774 3174 4828 τοῦ
3200 4774 3271 4827 ἐν
3297 4775 3422 4840 τοῖς
3455 4779 3627 4843 οὐρα.

2057 4873 2208 4939 νοῐς,
2223 4891 2240 4924 ι
2254 4873 2450 4941 πολλὴν
2460 4865 2526 4921 ἂν
2535 4865 2760 4922 αὐτόθεν
2775 4865 3058 4937 ἐνεποίησε
3082 4867 3418 4938 προσκοπήν·
3440 4868 3558 4919 νυνὶ
3573 4867 3627 4919 δέ

2059 4961 2208 5015 ὥσπε
2216 4977 2248 5031 9
2261 4960 2289 5012 ὁ
2303 4959 2361 5012 ἐν
2375 4959 2486 5020 τοῖς
2497 4957 2558 5010 οὐ
2567 4959 2744 5027 ρανοῖς
2765 4955 2954 5027 Πατὴρ
2971 4955 3247 5008 ἀνατέλλει
3262 4956 3354 5011 τὸν
3368 4956 3515 5026 ἥλιον
3537 4957 3622 5008 ἐπὶ

2057 5051 2326 5123 πονηροὺς
2358 5047 2452 5101 καὶ
2475 5045 2731 5116 ἀγαθοὺς,
2771 5045 2943 5109 οὕτως
2967 5046 3194 5109 ἕκαστος
3220 5046 3328 5098 τῶν
3356 5048 3488 5101 υἱῶν
3518 5046 3618 5116 (ll)

455 5191 504 5238 θ’
530 5191 716 5246 Matth.
748 5204 800 5255 ν,
828 5186 1016 5242 4545.
1091 5185 1138 5217 ⁸⁸
1169 5182 1298 5238 ibid.
1339 5181 1528 5236 ΞἹ-Ὧ.
1600 5179 1646 5210 ’⁸
1671 5179 1804 5232 ibid.
1835 5175 1928 5241 55,
1956 5175 1973 5229 Ξ

2119 5173 2164 5204 ’⁵
2205 5173 2336 5226 ibid.
2368 5171 2458 5223 45.
2533 5168 2582 5200 ⁹⁶
2623 5166 2752 5221 ibid.

458 5326 1083 5403 (11)Καιχρηματιζει.
1129 5325 1221 5382 Sic
1272 5326 1441 5403 codex
1505 5319 1952 5384 Bodleianus;in

385 5392 574 5468 codice
609 5392 787 5455 autem
830 5392 1005 5468 Regio
1027 5392 1320 5468 deest_uai.

456 5469 570 5539 (l2)
597 5470 778 5526 Codex
807 5457 1153 5530 Bodleianus.
1182 5465 1212 5519 δ
1246 5461 1596 5532 ἐπιφέρεται·
1654 5457 1708 5513 in
1760 5457 1952 5513 codice

391 5538 564 5609 Regio
585 5541 736 5594 deest
758 5539 808 5594 ii.

456 5609 570 5679 (15)
613 5608 787 5686 iam
807 5607 906 5686 καὶ
935 5608 988 5660 ei
1016 5603 1484 5686 ἐκφέρεταιειε.
1514 5599 1640 5686 lloci
1689 5608 1952 5686 est,_‘n9n

385 5667 738 5748 parumapud
761 5677 1033 5748 auditores
1056 5667 1372 5748 (incidisset
1401 5671 1670 5748 Qhristus,
1707 5670 1750 5722 si
1787 5667 1951 5748 verba

388 5735 472 5805 illa
500 5764 514 5800 :
547 5744 613 5801 Ut
635 5735 763 5800 'sitis
795 5744 895 5812 ﬁlii
927 5741 1109 5804 Patris
1157 5742 1314 5796 vestri
1351 5741 1529 5812 quiin
1556 5739 1694 5812 culis
1719 5747 1817 5812 est,
1850 5735 1955 5812 illis

385 5806 1015 5876 subiunxissetz'Dictum
1042 5822 1118 5866 est
1136 5806 1394 5873 antiquis:
1418 5807 1540 5864 Nou
1557 5806 1835 5878 pejcrabis,
1865 5807 1954 5860 sed

2063 5318 2365 5386 persolues,
2385 5325 2493 5367 etc.
2525 5309 2688 5386 Ratio
2711 5312 2974 5386 est._qnia
3003 5321 3066 5362 ea
3100 5309 3280 5386 Ierbai
3315 5303 3618 5386 similitudi-

2061 5376 2187 5440 item
2222 5385 2502 5438 continent
2532 5380 2709 5434 l’atris
2738 5391 2791 5432 et
2825 5376 3080 5440 ﬁliorum,
3109 5376 3198 5431 Dei
3235 5385 3288 5429 et
3315 5376 3616 5436 hominum;

2057 5468 2113 5512 at
2139 5471 2202 5510 ea
2232 5469 2296 5509 ex
2333 5461 2488 5522 parte
2519 5447 2724 5503 similes-
2748 5463 3005 5522 essenon
3045 5455 3292 5516 possunt,
3315 5446 3446 5512 quia
3487 5443 3620 5522 Deus

2054 5525 2306 5595 peierare
2333 5517 2446 5576 non
2491 5527 2704 5595 potest,
2758 5517 3004 5572 homines
3063 5525 3242 5570 autem
3291 5523 3532 5584 possunt,
3567 5521 3620 5562 «ιι

2057 5594 2748 5664 εωρενῐιιεὶιιιιι.]1ω·ξτιυε.
3097 5653 3112 5664 ,
3213 5652 3258 5664 __
3377 5650 3417 5664 _

2131 5649 2243 5734 (η)
2268 5663 2447 5734 Codex}
2473 5657 2697 5727 Regius,
2733 5652 3324 5734 perperam,_ebvui61-
3377 5649 3618 5734 Bodleia:

2060 5721 2161 5788 nus
2191 5721 2319 5854 νὶτηρ
2343 5738 2401 5782 ιιι
2423 5729 2474 5782 in
2509 5721 2696 5782 nostro
2730 5721 2903 5792 iextu,
2923 5734 2978 5781 et
3003 5725 3082 5780 sic
3104 5725 3232 5792 legit
3267 5721 3542 5776 Ferrarius
3567 5721 3618 5769 in

2060 5818 2159 5854 suo
2184 5818 2269 5854 εοι
2291 5815 2388 5854 tce.

2058 5818 2159 5860 SUO
2184 5815 2388 5858 couice.
