3924 6196
179 398 321 451 ms

177 516 305 570 τοῦ
375 516 515 570 Θεοῦ
535 559 550 582 ,

173 605 379 674 ιχων,
437 606 640 678 ταύτην
697 604 977 659 ἀνατέλλει
1033 609 1126 660 καὶ
1163 605 1259 660 ἐπὶ
1301 609 1592 678 πονηροὺς,
1644 605 1789 661 ἐπὰν

181 696 481 767 ἀγαπήσῃ
525 698 647 760 τοὺς
701 694 894 749 ἑαυτοῦ
949 695 1194 767 ἐχθρούς.
1246 697 1355 750 Καὶ
1397 699 1556 750 πάλιν
1599 696 1787 767 ὥσπερ

183 784 404 856 βρέχει
432 781 527 839 ἐπὶ
553 786 788 849 δικαίους
815 788 906 840 καὶ
943 781 1179 850 ἀδίκους,
1227 785 1398 850 οὕτως
1437 788 1598 840 οἱονεὶ
1634 787 1787 840 ὑετόν

182 891 332 948 τινα
381 876 480 947 τὴν
528 875 829 947 προσευχὴν
872 879 900 930 ό
937 877 1089 945 ἆγιος
1134 877 1481 947 καταπέμπει
1529 877 1622 929 ἐπὶ
1661 876 1787 939 τοὺς

187 967 369 1021 κάτω
396 985 495 1020 που
525 969 886 1036 τυγχάνοντας
909 1007 924 1032 ,
966 968 1054 1021 διὰ
1096 969 1156 1022 τὸ
1201 967 1415 1021 διώκειν
1460 968 1654 1032 αὑτὸν,
1692 967 1787 1021 καὶ⁵

189 1057 347 1128 περὶ
387 1057 492 1110 τῶν
514 1059 771 1112 τοιούτων
797 1059 1240 1130 προσευχόμενος.
1276 1058 1459 1112 Ταῦτα
1492 1057 1590 1129 μὲν
1615 1059 1692 1122 εἰς
1726 1059 1788 1112 τὸ

190 1145 490 1200 ὑποπεσὸν
513 1151 641 1220 ἡμῖν
672 1149 1038 1220 τρανωθῆναι,
1065 1151 1127 1202 τό
1157 1159 1173 1175 ⁶
1212 1151 1281 1204 El
1322 1152 1356 1204 ό
1406 1149 1550 1215 Θεὸς
1591 1148 1787 1216 πατὴρ

188 1237 403 1306 ὑμῶν,
422 1237 689 1307 ἠγαπᾶτε
709 1239 786 1292 ἂν
807 1238 928 1306 ἐμέ.

282 1326 375 1380 i6.
420 1327 642 1398 Ἰδωμεν
663 1328 719 1380 δὲ
765 1330 858 1382 καὶ
882 1329 942 1382 τό
963 1345 976 1358 ·
1019 1327 1164 1397 Ἐγὼ
1188 1327 1256 1383 ἐκ
1285 1328 1392 1382 τοῦ
1423 1328 1573 1384 Θεοῦ
1609 1330 1788 1397 seu-

196 1419 344 1482 θον,
379 1417 477 1471 καὶ
503 1417 655 1486 ἤκωο
691 1421 770 1482 εἰς
801 1419 828 1472 ὃ
852 1420 1116 1491 χρήσιμόν
1148 1436 1238 1490 μοι
1263 1420 1512 1488 φαίνεται
1546 1419 1784 1490 παραθέ-

198 1506 344 1560 σθαι
369 1509 430 1562 τὸ
456 1511 521 1562 ὲκ
560 1510 792 1580 Μιχαίου
832 1511 1004 1574 οῦτως
1034 1510 1155 1581 ἕχον
1180 1528 1193 1541 ·
1237 1513 1559 1566 Ἀκούσατε
1579 1553 1592 1576 ,
1626 1513 1783 1575 λαοὶ,

187 1601 464 1668 λόγους,
497 1600 595 1654 καὶ
623 1601 962 1668 προσεχέτω
992 1601 1030 1667 ἠ
1076 1601 1154 1669 γῆ
1179 1641 1193 1663 ,
1237 1601 1335 1654 καὶ
1367 1601 1586 1668 πάντες
1625 1605 1680 1655 οἱ
1717 1603 1787 1654 ἐν

193 1689 370 1758 αὐτῇ
387 1732 402 1755 ,
436 1691 531 1743 καὶ
575 1689 746 1764 ἔσται
777 1693 988 1759 Κύριος
1017 1692 1087 1744 ἐν
1125 1691 1270 1760 ὑμῖν
1308 1695 1395 1758 εις
1435 1694 1777 1761 μαρτύριον,

196 1781 430 1849 Κύριος
457 1780 536 1848 ἐξ
567 1781 736 1836 olm
769 1781 1144 1851 ἀγίουαὺτοῦ
1168 1796 1182 1812 ο
1227 1781 1374 1835 διότι
1406 1781 1534 1835 ιὸοὺ
1569 1783 1782 1848 Κύριος

1275 397 1630 454 (ΣΟΜΜΕΝΓ.
1667 395 1734 451 IN
1766 394 1962 453 JOAN.
2001 395 2240 452 TOMUS
2280 396 2396 454 xx.

631 518 791 571 οἱονεὶ
852 515 998 570 ’Ἄλιον
1055 518 1113 569 ὲν
1175 517 1351 588 ἑαυτῷ
1417 517 1515 590 τὴν
1573 518 1780 586 ἀγάπην

1897 516 1999 571 lem
2028 517 2253 583 habens,
2287 516 2426 570 hanc
2453 514 2653 570 exoriri
2695 514 2827 570 facit
2872 515 3034 571 etiam
3076 531 3236 588 super
3261 518 3457 584 malos,

3353 403 3458 460 6H

1893 621 2015 662 cum
2035 621 2160 662 suos
2189 607 2356 676 ipsius
2377 606 2626 662 dilexerit
2651 607 2921 662 inimicos.
2938 608 3015 663 Ac
3037 623 3247 663 rursum
3269 623 3452 678 quem-

1893 701 2182 756 admodum
2220 701 2353 770 pluit
2389 703 2527 758 Deus
2559 717 2721 772 super
2747 703 2925 773 justas
2956 713 3011 759 et
3037 703 3264 772 injustus
3283 703 3354 767 "’,
3383 704 3455 757 ita

1894 803 2129 858 sanctus,
2158 794 2317 848 veluti
2341 795 2574 864 pluviam
2607 796 2894 863 quamdam
2926 796 3162 850 demittit
3197 796 3457 865 precatio-

1893 897 2013 936 nem
2047 898 2211 954 super
2241 899 2336 938 eos
2363 882 2454 953 qui
2496 891 2744 939 deorsum
2774 891 2992 954 degunt,
3027 899 3094 940 eo
3133 889 3275 954 quod
3312 885 3458 938 illum

1892 976 2374 1043 persequebantur,
2408 991 2502 1044 pro
2541 975 2738 1030 talibus
2777 976 2940 1031 etiam
2971 991 3153 1030 orans.
3187 975 3311 1030 Πίος
3338 975 3460 1045 qui-

1893 1064 2011 1116 dem
2043 1063 2094 1116 in
2139 1063 2286 1126 illttd,
2318 1064 2460 1132 quod
2505 1063 2632 1117 mihi
2670 1064 3064 1134 explanandutu
3108 1064 3299 1118 incidit
3343 1077 3356 1111 :
3400 1061 3456 1118 Si

1897 1152 2032 1205 Deus
2069 1165 2219 1222 puter
2243 1164 2405 1208 vester
2441 1162 2598 1220 esset,
2647 1154 2938 1224 diligentis
2969 1155 3150 1224 utique
3178 1170 3256 1207 me
3281 1152 3347 1206 ’³.

1965 1328 2051 1382 l6.
2084 1326 2372 1384 Videamus
2397 1344 2524 1384 vero
2552 1340 2607 1384 et
2643 1331 2768 1385 illud
2800 1347 2814 1383 :
2853 1330 2963 1399 Ego
2993 1348 3058 1386 ex
3093 1331 3200 1386 Deo
3229 1332 3382 1396 exivi,
3410 1344 3458 1386 et

1892 1423 2038 1474 venio
2071 1421 2137 1484 ",
2171 1437 2292 1474 eum
2323 1437 2431 1490 quo
2456 1422 2700 1476 conferre
2736 1422 2862 1476 illttd
2892 1421 3128 1476 Micbaaze
3157 1423 3284 1478 uttle
3308 1426 3452 1476 vide-

1895 1521 1984 1564 tur
2005 1512 2086 1564 sic
2115 1510 2321 1564 habens
2348 1528 2363 1562 :
2391 1495 2602 1573 Audite,
2643 1511 2840 1578 populi,
2883 1527 3164 1570 sermones.
3193 1522 3244 1566 et
3285 1521 3452 1566 alten-

1891 1603 1980 1655 dat
2016 1609 2178 1658 terra.
2214 1610 2262 1652 et
2306 1617 2480 1653 omnes
2514 1603 2604 1670 qui
2631 1603 2684 1653 iu
2713 1618 2772 1654 ea
2814 1611 2955 1663 sunt,
2989 1612 3038 1654 et
3073 1605 3168 1654 erit
3203 1603 3458 1657 Dominus

1891 1693 2036 1745 testis
2075 1701 2257 1744 contra
2279 1708 2388 1753 vos,
2432 1691 2707 1754 Dominus,
2743 1693 2980 1761 inquam,
3007 1695 3071 1746 de
3091 1694 3244 1746 domo
3273 1703 3454 1748 sancta

1887 1797 2006 1833 sua.
2030 1781 2162 1834 Ecce
2189 1783 2456 1850 egreditur
2486 1781 2741 1835 Dominus
2778 1786 2842 1835 de
2865 1783 2980 1836 loco
3000 1800 3116 1847 suo,
3148 1793 3197 1837 et
3241 1787 3448 1838 descen-

194 1871 594 1940 ἑκπορεύεται
620 1873 688 1925 ἐκ
715 1873 819 1926 τοῦ
844 1874 1026 1925 τόπου
1054 1872 1289 1934 ἑαυτοῦ,
1323 1872 1418 1924 καὶ
1451 1869 1779 1937 καταϐήσε-

1889 1875 2066 1938 del,“
2094 1875 2314 1927 enicabit
2354 1890 2508 1942 super
2544 1874 2748 1928 excelsa
2787 1885 2960 1937 tet-rte,
2987 1886 3032 1927 et
3067 1875 3452 1928 commorebun-

196 1979 328 2026 ται,
358 1963 457 2016 καὶ
483 1963 823 2026 ἐπιϐήσεται
847 1963 944 2016 ἐπὶ
973 1968 1044 2017 τὰ
1080 1963 1206 2031 ὕψη
1240 1962 1348 2030 τῆς
1374 1962 1505 2032 γῆς,
1530 1965 1629 2019 καὶ
1666 1980 1777 2018 σα-

198 2051 576 2118 .ιευθήσεται
597 2053 668 2106 τὰ
693 2054 796 2121 ὄρη
827 2052 1202 2107 ὑποκάτωθεν
1227 2053 1435 2117 αὑτοῦ,
1451 2055 1548 2108 καὶ
1580 2057 1639 2108 al
1663 2073 1782 2109 κοι-

199 2139 398 2208 λάδες
428 2142 782 2216 τακήσονται
817 2143 897 2208 ὡς
925 2141 1107 2210 κηρὸς
1143 2143 1260 2196 ἀπὸ
1301 2143 1624 2212 προσώπου
1668 2161 1780 2197 πυ-

199 2233 338 2298 ρῶς,
380 2233 474 2285 καὶ
516 2233 594 2298 ὡς
619 2232 772 2300 ὕδωρ
801 2233 1287 2303 καταφερόμενον
1322 2235 1393 2286 ἐν
1423 2234 1745 2288 καταϐάσει
1764 2251 1778 2264 ·

193 2323 304 2374 καὶ
359 2324 460 2394 ὅρα
512 2323 718 2392 μήποτε
779 2324 1088 2394 ἰσοδυναμεϊ
1137 2325 1225 2378 τό’
1284 2325 1580 2394 Ἐξῆλθον
1626 2331 1785 2394 παρὰ

198 2413 314 2466 τοῦ
345 2413 513 2477 Θεοῦ,
543 2414 621 2483 τῷ
645 2430 658 2444 ·
689 2417 905 2483 Κύριος
945 2417 1322 2484 ἐκπορεύεται
1355 2418 1424 2470 ἐκ
1461 2417 1568 2470 τοῦ
1598 2420 1782 2473 τόπου

197 2504 396 2558 αὐτοῦ
418 2521 434 2536 ·
458 2504 581 2558 ἐπεὶ
605 2505 693 2558 ὅτε
720 2507 748 2559 ὁ
779 2505 902 2568 Υἱὸς
928 2509 985 2560 ὲν
1010 2507 1087 2578 τῷ
1112 2508 1288 2578 Πατρί
1316 2509 1482 2570 ἐστιν,
1513 2509 1570 2560 ὲν
1602 2510 1780 2578 μορφῇ

197 2595 346 2649 Θεοῦ
375 2596 634 2666 ὑπάρχων
654 2636 668 2660 ,
713 2599 840 2670 πρὶν
873 2599 1061 2652 ἑαυτὸν
1107 2599 1374 2662 κενῶσαι,
1409 2599 1570 2652 οἱονεὶ
1619 2599 1782 2663 τόπος

205 2687 376 2740 αὐτοῦ
407 2691 554 2742 ἐστιν
583 2691 610 2743 ό
631 2688 792 2753 Θεόςο
820 2691 913 2743 καὶ
939 2689 991 2742 εῐ
1007 2689 1091 2754 τίς
1119 2706 1184 2757 γε
1218 2691 1405 2760 νοήσαι
1439 2690 1530 2744 τὸν
1562 2689 1667 2761 πρὸ
1689 2688 1781 2743 τοῦ

201 2777 442 2830 κενῶσαι
476 2779 667 2832 ἑαυτὸν
703 2780 761 2834 ὲν
794 2781 859 2850 τῇ
889 2778 1272 2851 προηγουμένη
1313 2779 1622 2850 ὑπάρχοντα
1647 2779 1782 2833 Θεοῦ

203 2871 417 2938 μορφῇ,
435 2870 624 2938 ὄψεται
655 2872 746 2923 τὸν
770 2871 994 2941 μηδέπω
1018 2869 1370 2941 ἐξεληλυθότα
1393 2871 1496 2924 ὑπὸ
1521 2870 1618 2924 τοῦ
1648 2869 1782 2924 Θεοῦ

211 2956 341 3010 Υἰδν
371 2959 535 3012 αὐτοῦ
557 2999 573 3024 ,
602 2961 694 3013 καὶ
734 2961 937 3033 Κύριον
969 2961 1059 3015 τὸν
1101 2962 1324 3033 μηδέπω
1357 2962 1783 3033 ἐκπορευόμενον

205 3046 278 3100 ἐκ
301 3046 393 3100 τοῦ
421 3049 585 3102 τόπου
625 3050 818 3104 ἑαυτοῦ
841 3069 856 3082 υ
891 3051 1030 3106 ἐπὰν
1063 3052 1120 3104 δὲ
1150 3051 1332 3126 ἐκείνῃ
1363 3055 1427 3123 τῇ
1456 3052 1782 3106 καταστάσει

207 3139 307 3192 τοῦ
347 3140 476 3194 Υἱοῦ
511 3143 776 3215 συγκρενῃ
808 3143 907 3214 τὴν
949 3145 1013 3195 ὲκ
1053 3143 1148 3196 τοῦ
1187 3142 1533 3214 ἀνειληφέναι
1561 3141 1658 3214 τὴν
1686 3140 1780 3195 τοῦ

1883 1969 1970 2011 tur
1996 1971 2192 2016 montes
2228 1963 2320 2015 sub
2348 1963 2459 2024 illo,
2503 1972 2548 2014 et
2581 1963 2740 2015 ualles
2779 1962 3057 2030 liquesreut
3089 1964 3224 2016 sicut
3271 1979 3390 2016 cera
3420 1981 3451 2014 α

1885 2053 2020 2121 [acie
2039 2053 2194 2120 ignis,
2225 2067 2270 2104 et
2301 2053 2433 2105 sicut
2463 2070 2598 2122 aqua
2621 2068 2738 2119 quae
2768 2053 3080 2105 descendens
3106 2069 3198 2120 per
3223 2070 3451 2122 prazceps

1884 2141 2116 2209 defertur
2156 2143 2220 2206 ¹;
2267 2151 2319 2195 et
2371 2144 2488 2194 vide
2539 2159 2606 2196 an
2671 2142 2812 2196 forte
2859 2145 3198 2214 mquipolleat
3248 2145 3378 2199 illud
3431 2159 3449 2197 :

1887 2229 2040 2284 Exivi
2072 2248 2104 2283 a
2155 2230 2282 2294 Deo,
2309 2248 2428 2286 cum
2476 2231 2566 2285 illo
2596 2249 2610 2285 :
2644 2232 2896 2286 Dominus
2935 2237 3198 2302 egreditur
3237 2233 3303 2287 de
3339 2235 3452 2287 loco

1884 2337 2000 2383 suo,
2033 2324 2283 2391 quoniam
2313 2323 2528 2392 quando
2551 2322 2717 2378 Filius
2760 2325 2810 2377 in
2861 2322 3020 2378 Patre
3059 2333 3164 2387 est,
3202 2326 3252 2378 in
3284 2325 3452 2378 fortna

1887 2413 1978 2467 Dei
2033 2413 2302 2467 exsistens
2331 2453 2344 2476 ,
2379 2421 2666 2482 antequam
2725 2415 2959 2481 scipsutn
3021 2414 3253 2479 inaniat,
3290 2414 3453 2470 Veluti

1885 2503 2036 2558 locus
2065 2504 2233 2572 ipsius
2266 2515 2346 2558 est
2392 2506 2570 2569 Deus;
2601 2515 2656 2558 et
2687 2507 2730 2560 si
2773 2507 2894 2574 quis
2947 2506 3248 2560 consideret
3277 2505 3450 2574 ipsum

1885 2596 2230 2650 exsistentem
2287 2595 2338 2648 in
2397 2595 2680 2664 principali
2723 2596 2811 2648 illa
2867 2597 2956 2650 Dei
3005 2593 3196 2658 forma,
3252 2596 3453 2650 videbit

1886 2687 2120 2741 nondum
2146 2700 2422 2757 egressura
2455 2702 2483 2740 a
2521 2686 2627 2741 Deo
2652 2687 2846 2740 Filium
2880 2687 3068 2757 ipsius,
3090 2697 3140 2741 et
3169 2687 3451 2741 Dominum

1887 2779 2120 2832 nondum
2151 2779 2510 2852 egredientem
2555 2779 2620 2832 de
2656 2779 2772 2832 loco
2809 2793 2946 2838 suo;
2978 2793 3100 2832 cum
3137 2793 3272 2832 vero
3326 2793 3446 2832 cum

1888 2870 1988 2925 huc
2018 2878 2159 2923 statu
2193 2869 2480 2924 contulerit
2509 2879 2706 2924 statum
2733 2871 2873 2925 illius
2899 2870 2990 2940 qui
3016 2869 3251 2938 seipsutn
3277 2869 3454 2922 inani-

1886 2961 1985 3022 vit,
2021 2975 2083 3013 ex
2113 2975 2176 3014 eo
2202 2961 2342 3028 quod
2375 2961 2600 3014 formam
2634 2962 2777 3016 servi
2803 2961 3171 3030 assumpserit,
3194 2959 3453 3030 intelliget

1887 3051 2154 3116 quomodo
2179 3047 2346 3103 Filius
2397 3049 2487 3103 Dei
2544 3051 2762 3116 exierit,
2786 3061 2841 3105 et
2885 3052 3094 3105 venerit
3137 3051 3200 3102 ad
3236 3065 3357 3116 nos,
3385 3065 3452 3104 ac

1886 3141 2044 3212 331
2081 3142 2246 3196 veluti
2277 3153 2429 3198 extra
2458 3158 2578 3197 eum
2621 3145 2711 3214 qui
2748 3145 2893 3199 misit
2921 3145 3091 3211 illum,
3125 3144 3295 3200 factus
3329 3145 3450 3198 foe--

207 3228 396 3283 δούλου
442 3232 656 3302 μορφὴν
702 3233 890 3286 ἑαυτὸν
929 3229 1274 3295 κενώσαντα,
1319 3233 1539 3302 συνήσει
1590 3231 1708 3294 πῶς
1757 3232 1780 3284 ὁ

1889 3233 1995 3296 rit;
2031 3234 2244 3287 etiamsi
2277 3233 2384 3287 alio
2430 3236 2589 3289 modo
2644 3251 2746 3290 non
2804 3236 3070 3292 dimiserit
3099 3235 3245 3289 illum
3272 3236 3447 3291 solum

214 3320 338 3381 ra;
367 3322 460 3375 τοῦ
493 3323 626 3376 Θεοῦ
655 3321 863 3393 ἐξῆλθε,
894 3324 988 3376 καὶ
1009 3317 1111 3394 ἦκε
1138 3323 1272 3394 πρὸς
1306 3323 1470 3392 ἡμᾶς,
1497 3322 1590 3375 καὶ
1616 3322 1780 3374 οἱονελ⁸

209 3413 317 3476 ἔξω
346 3414 634 3486 γεγένηται
658 3413 750 3467 τοῦ
783 3413 1094 3484 πέμψαντος
1123 3412 1282 3465 αὐτόν
1308 3430 1319 3442 ο
1353 3414 1402 3464 εἰ
1426 3412 1519 3465 καὶ
1549 3413 1668 3465 κατ’
1693 3411 1782 3466 ἆλ-

203 3501 302 3554 ’λον
329 3503 526 3572 τρόπον
555 3503 654 3556 οὐκ
688 3503 894 3572 ἀφῆκεν
925 3501 1086 3554 αὐτὸν
1119 3501 1276 3572 μόνον
1319 3503 1347 3555 ό
1393 3500 1612 3572 Πατὴρ,
1643 3500 1781 3554 ἀλλὰ

218 3593 331 3662 μετ’
360 3593 520 3646 αὐτοῦ
546 3596 681 3656 ἐστι,
713 3593 805 3646 καὶ
834 3592 979 3645 ἐστιν
1008 3594 1066 3646 ὲν
1095 3591 1321 3663 τῷΥἰῷ,
1345 3591 1534 3663 ὥσπερ
1561 3592 1653 3644 καὶ
1684 3591 1779 3643 αὐ-

210 3682 304 3746 τὸς
339 3685 394 3736 ὲν
423 3683 500 3753 τῷ
540 3683 735 3754 Πατρι.
769 3683 878 3737 Καὶ
923 3684 972 3735 εἱ
1008 3683 1083 3753 μὴ
1121 3683 1240 3735 κατ’
1273 3681 1428 3736 ἄλλον
1471 3699 1535 3750 γε
1579 3681 1779 3752 τρόπον

211 3773 431 3843 νοήσαις
478 3769 614 3826 εἶναι
658 3773 748 3826 τὸν
781 3773 910 3825 Υἱὺν
955 3773 1013 3824 ὲν
1055 3771 1134 3842 τῷ
1175 3771 1381 3844 Πατρὶ,
1428 3771 1504 3835 ὡς
1539 3766 1606 3842 ἦν
1649 3771 1778 3842 πρὶν

215 3861 398 3934 ἐξέλθῃ
432 3863 538 3917 ἀπὸ
563 3863 657 3916 τοῦ
689 3862 846 3927 Θεοῦ,
876 3861 1018 3928 δόξει
1057 3863 1330 3934 περιέχειν
1373 3862 1550 3934 μάχην
1585 3862 1646 3914 τὸ
1683 3862 1779 3915 καὶ

217 3949 583 4020 ἐξεληλυθέναι
630 3951 738 4005 ἀπὸ
773 3949 869 4006 τοῦ
911 3951 1047 4005 Θεοῦ
1070 3991 1085 4016 ,
1115 3953 1208 4006 καὶ
1240 3947 1378 4005 εἶναι
1410 3952 1500 4004 τὸν
1529 3951 1780 4022 ἐξεληλυ-

211 4039 343 4093 θότα
381 4042 488 4094 ἀπὸ
516 4040 610 4095 τοῦ
649 4041 784 4095 Θεοῦ
805 4083 819 4106 ,
845 4041 926 4094 ἔτι
959 4041 1018 4094 έν
1056 4041 1134 4113 τῷ
1178 4040 1315 4112 Θεῷ.
1355 4041 1536 4094 Ἀλλοι
1580 4041 1638 4094 δὲ
1677 4041 1736 4094 τό
1759 4056 1773 4070 ⁸

227 4130 516 4199 Ἐξῆλθον
543 4132 661 4187 ἀπὸ
688 4132 796 4186 τοῦ
830 4132 996 4197 Θεοῦ,
1028 4133 1354 4206 διηγήσαντο
1383 4133 1504 4188 ἀντὶ
1533 4132 1649 4196 τοῦ,
1683 4133 1779 4185 Γε-

215 4221 473 4294 γέννημαι
499 4223 609 4277 ἀπὸ
633 4223 727 4277 τοῦ
749 4223 884 4278 Θεοῦ
902 4241 916 4255 °
953 4220 1034 4289 οἷς
1063 4224 1343 4279 ἀκολουθεῖ
1369 4225 1433 4278 ὲκ
1460 4224 1560 4295 τῆς
1593 4223 1778 4288 οὐσίας

217 4311 440 4382 φάσκειν
484 4313 579 4368 τοῦ
623 4315 837 4384 Πατρδς
878 4315 1234 4386 γεγεννῆσθαι
1272 4316 1365 4370 τὸν
1410 4315 1536 4369 Υῐὸν
1555 4354 1572 4379 ,
1613 4314 1774 4368 οἱονεὶ

223 4406 554 4477 μειουμένου,
578 4406 673 4461 καὶ
701 4407 976 4472 λείποντος
997 4409 1060 4478 τῇ
1082 4401 1314 4480 οὐσίᾳ,
1346 4406 1609 4480 πρότερον
1638 4401 1773 4476 εἶχε,

219 4494 307 4548 τοῦ
336 4495 487 4561 Υεοῦ,
532 4496 669 4550 ἐπὰν
695 4496 950 4568 ἐγέννησε
982 4497 1072 4550 τὸν
1106 4497 1228 4550 Υἱόν
1247 4513 1259 4526 ο
1309 4496 1440 4550 ὡσεὶ
1469 4497 1657 4569 νοήσαι
1689 4513 1775 4560 τις

1888 3322 2064 3388 Pater,
2087 3325 2178 3379 sed
2209 3333 2288 3378 est
2314 3341 2435 3379 cum
2469 3325 2582 3392 ipso
2602 3328 2691 3392 qui
2724 3330 2884 3383 e;iam
2908 3338 2989 3382 est
3020 3329 3070 3382 in
3095 3327 3253 3394 Filio,
3271 3342 3456 3396 quem.

1885 3415 2172 3468 admodum
2210 3413 2378 3469 Filius
2413 3418 2573 3471 estin
2620 3417 2805 3472 Patre.
2844 3417 2938 3470 Sin
2965 3412 3101 3471 vero
3135 3432 3237 3470 non
3275 3417 3454 3470 consi-

1887 3505 2160 3558 deraveris
2210 3504 2318 3558 alio
2364 3506 2523 3560 modo
2559 3521 2684 3561 esse
2732 3505 2931 3558 Filium
2977 3506 3030 3558 in
3078 3503 3237 3558 Patre
3287 3519 3447 3570 quam

1885 3602 2002 3646 erat
2045 3602 2333 3662 antequam
2385 3595 2560 3648 exiret
2603 3611 2630 3648 a
2681 3595 2812 3659 Deo,
2842 3594 3112 3649 videbitur
3148 3607 3449 3661 repugnare

1884 3695 2159 3750 egressum
2191 3697 2310 3736 esse
2339 3698 2370 3736 a
2405 3685 2533 3744 Deo,
2572 3694 2625 3738 et
2657 3698 2934 3753 egressum
2969 3698 2998 3735 a
3048 3683 3159 3735 Deo
3205 3696 3323 3735 esse
3353 3683 3450 3734 ad-

1886 3773 1992 3826 huc
2028 3773 2080 3825 in
2134 3772 2258 3827 Deo.
2297 3771 2562 3825 Craterum
2601 3772 2699 3826 alii
2725 3773 2856 3826 illttd
2893 3789 2908 3824 :
2950 3771 3103 3826 Exivi
3129 3789 3160 3825 a
3191 3771 3320 3834 Deo,
3351 3786 3447 3824 ex-

1885 3868 2180 3930 posuerunt
2227 3875 2323 3928 pro
2375 3875 2442 3914 eo
2481 3861 2620 3929 quod
2649 3870 2756 3924 est,
2801 3859 3025 3915 Genitns
3057 3876 3171 3916 sunt
3200 3875 3264 3914 ex
3297 3859 3446 3916 Deo:

1884 3961 2020 4016 quos
2064 3948 2308 4015 sequitur
2340 3947 2535 4003 Filium
2569 3947 2748 4003 dieere
2775 3964 2838 4003 ex
2874 3950 3170 4006 substantia
3211 3951 3450 4019 genitum

1886 4039 2050 4095 fuisse
2079 4039 2282 4105 Patris,
2318 4038 2481 4095 veluti
2514 4039 2790 4104 ditninuti,
2816 4049 2866 4094 et
2886 4041 3119 4098 carentis
3143 4040 3448 4098 substantia

1883 4129 2004 4184 Filii
2030 4145 2190 4200 quam
2212 4139 2336 4185 ante
2365 4129 2616 4196 habebat,
2654 4129 2868 4204 quando
2909 4131 3181 4200 generavit
3215 4129 3445 4184 Filium:

1883 4229 2141 4292 tanquam
2172 4221 2217 4276 si
2247 4221 2619 4284 consideraret
2648 4221 2846 4292 aliquis
2876 4221 2980 4274 hoc
3015 4223 3178 4276 etiam
3212 4221 3264 4274 in
3309 4235 3448 4289 prte-

1882 4313 2194 4384 gnantibus.
2227 4311 2594 4382 Consequitur
2639 4321 2816 4366 autem
2851 4310 2972 4365 illos
3017 4311 3202 4365 dicere
3231 4308 3445 4362 Patrem

1881 4415 1936 4460 et
1970 4405 2165 4461 Filium
2199 4420 2395 4476 corpus
2420 4419 2564 4469 esse,
2591 4417 2656 4458 ae
2694 4401 3098 4459 Patremodividi
3133 4417 3149 4455 :
3195 4414 3316 4470 qua:
3351 4400 3450 4454 do-

1881 4507 2059 4568 gmata
2110 4497 2385 4553 hominum
2433 4504 2561 4552 sunt
2609 4509 2796 4549 eorum
2824 4493 2912 4563 qui
2946 4507 3012 4547 ne
3055 4507 3151 4561 per
3178 4491 3446 4546 somnium

217 4587 368 4640 τοῦτο
393 4590 486 4642 καὶ
510 4589 601 4642 ἐπὶ
630 4588 738 4642 τῶν
775 4565 1108 4659 ἐγκυμόνων.
1154 4587 1457 4642 Ἀκολουθεϊ
1494 4565 1560 4644 δὲ⁷
1595 4589 1778 4652 αὐτοῖς

1889 4565 2095 4656 quidem
2145 4600 2328 4640 rerum
2375 4599 2494 4654 quas
2525 4583 2706 4639 animo
2757 4590 3078 4644 cernuntur,
3102 4588 3154 4632 et
3191 4579 3448 4647 incorpo-

228 4678 308 4731 xui
337 4678 492 4750 σῶμα
519 4678 698 4749 λέγειν
729 4679 819 4732 τὸν
843 4679 1064 4751 Πατέρα
1095 4679 1189 4733 καὶ
1219 4679 1308 4731 τὸν
1340 4678 1488 4742 Υἱδν,
1524 4678 1617 4734 καὶ
1654 4678 1774 4751 διῃ-

229 4768 408 4840 ρῆσθαι
435 4771 527 4825 τὸν
563 4771 808 4841 Πατέρα,
839 4771 982 4842 ἅπερ
1014 4771 1132 4823 ἐστὶ
1169 4769 1410 4840 δόγματα
1447 4768 1772 4840 ἀνθρώπων,

235 4860 339 4930 μηδ’
363 4861 496 4934 ὄναρ
521 4861 678 4932 φύσιν
707 4861 936 4935 ἀόρατον
960 4862 1056 4916 καὶ
1079 4859 1365 4930 ἀσώματον
1395 4859 1776 4930 πεφαντασμέ-

231 4967 340 5017 νων,
371 4948 534 5009 οὖσαν
561 4954 764 5026 κυρίως
789 4953 1000 5007 οὐσίανο
1033 4947 1178 5007 οὗτοι
1214 4951 1272 5006 δὲ
1297 4950 1456 5020 δῆλον
1483 4951 1565 5003 ὅτι
1591 4950 1648 5002 ὲν
1677 4967 1776 5003 σω-

229 5043 426 5115 ματικῷ
447 5044 596 5115 τόπῳ
621 5044 850 5099 δώσουσι
881 5045 971 5097 τὸν
999 5044 1238 5115 Πατέρα,
1279 5043 1372 5095 καὶ
1401 5041 1492 5093 τὸν
1521 5039 1650 5092 Υἱδν
1687 5041 1775 5093 τό-

1882 4693 2031 4734 ream
2059 4685 2306 4732 naturam
2342 4675 2484 4744 (quae
2514 4674 2731 4744 pr0prie
2760 4681 2842 4728 est
2890 4669 3214 4738 substantia)
3254 4669 3448 4744 imagi-

1883 4770 1992 4822 nati
2019 4775 2178 4822 sunt:
2213 4766 2354 4820 unde
2375 4765 2540 4821 etiam
2566 4762 2906 4832 perspicuum
2935 4771 3016 4816 est
3052 4761 3150 4815 bos
3179 4760 3232 4813 in
3250 4771 3441 4829 corpus

1882 4858 1980 4912 rali
2012 4857 2130 4910 loco
2162 4854 2376 4908 Patrem
2411 4868 2533 4910 esse
2571 4858 2817 4916 daturos,
2844 4861 2898 4906 et
2937 4851 3131 4905 Filium
3164 4851 3449 4911 immutate

1882 4947 2022 5014 loco,
2056 4961 2121 5000 ex
2149 4946 2268 5000 loco
2295 4945 2360 5000 ad
2393 4945 2530 4999 hanc
2552 4944 2715 4997 vitam
2751 4943 3052 5010 devenisse,
3079 4956 3176 4996 nec
3212 4950 3448 4994 mutasse

1883 5049 2082 5092 stattttn
2105 5053 2172 5092 ex
2197 5045 2361 5105 statu,
2404 5045 2463 5090 ut
2497 5051 2596 5090 nos
2631 5035 2964 5106 interpretati
3001 5047 3206 5088 sumus.

233 5154 318 5191 πον
341 5139 403 5191 ὲκ
426 5139 590 5193 τόπου
620 5139 923 5209 ἀμείψαντα
963 5137 1288 5209 σωματικῶς
1321 5133 1776 5204 ἐπιδεδημηκέναι
1799 5133 1877 5206 τῷ
1909 5133 2030 5207 βίῳ,
2066 5135 2161 5191 καὶ
2194 5133 2316 5204 οὐχὶ
2347 5131 2677 5187 κατάστασιν
2718 5132 2784 5187 ὲκ
2817 5127 3221 5190 καταστάσεως,
3259 5121 3448 5193 ὥσπερ

232 5229 370 5299 ἡμεῖς
401 5229 774 5301 ἐξειλήφαμεν.

292 5344 368 5397 l7.
393 5344 544 5398 Οὐδὲ
568 5344 676 5413 γὰρ
700 5344 800 5398 ἀπ’
833 5343 1092 5413 ἐμαυτοῦ
1115 5343 1385 5410 ἐλήλυθα
1405 5381 1421 5406 ,
1446 5341 1586 5397 ἀλλ’
1627 5339 1778 5394 ἐκεῖ·

231 5437 319 5502 νός
353 5453 430 5506 με
457 5435 794 5490 ἀπέστειλε.
827 5435 1012 5490 Ταῦτα
1042 5435 1248 5505 νομίζω
1278 5433 1550 5502 λέγεσθαι,
1576 5431 1654 5496 ὧς
1692 5450 1773 5486 τι·

1955 5338 2040 5394 ΓΙ.
2086 5337 2266 5406 Neque
2291 5337 2430 5390 enim
2468 5351 2500 5386 a
2526 5331 2821 5400 memstipso
2846 5327 2981 5392 veni,
3011 5326 3101 5380 sed
3123 5323 3209 5378 ille
3245 5337 3324 5375 me
3349 5318 3444 5378 asi-
3471 5301 3478 5375 ,Ϊ

1879 5430 1946 5483 sit
1975 5429 2015 5480 ⁸.
2064 5425 2188 5480 llaec
2225 5426 2462 5478 arbitror
2493 5423 2600 5477 dici
2632 5419 2859 5491 perinde
2890 5417 3043 5488 quasi
3077 5432 3108 5475 a
3141 5408 3447 5484 semetipsis

232 5499 434 5594 κυνί-ἀφ’
465 5525 672 5579 ἑαυτῶν
703 5525 1011 5597 ἐρχομένων
1034 5563 1049 5590 ,
1087 5499 1180 5577 καὶ
1233 5523 1306 5594 μὴ
1353 5499 1772 5592 απεσταλμένων

1889 5518 2099 5574 veniant
2128 5515 2366 5586 quidam,
2410 5528 2515 5568 non
2553 5512 2703 5569 missi
2729 5527 2760 5568 a
2796 5511 2978 5577 Patre,
3008 5505 3332 5571 doctrinam,
3363 5499 3448 5560 vel

285 5770 322 5800 "
341 5768 527 5824 Matth.
556 5782 608 5834 ν,
637 5767 723 5821 45.

812 5765 856 5797 ’⁸
875 5763 1029 5819 Joan.
1056 5780 1169 5829 \‘ttt,
1205 5764 1294 5818 Β.
1373 5765 1418 5797 θ’
1447 5763 1574 5818 ibid.
1650 5764 1661 5792 ⁸
1698 5761 1780 5816 Mit

1901 5777 1941 5824 ι,
1978 5759 2094 5814 2-4.
2168 5757 2362 5814 ’Joan.
2415 5772 2532 5820 νιιι,
2580 5757 2668 5816 42.
