3866 6200
539 324 645 394 619

1969 319 2106 377 ORit

2213 317 2295 372 ilS
3649 313 3737 368 σε.)

543 445 932 500 mentientibus
953 442 1052 496 hoc
1073 443 1279 496 dictum
1305 456 1318 494 :
1345 441 1477 496 Cum
1502 441 1738 510 loquitur
1759 443 2106 506 mendacium,

2217 437 2381 491 ίδίων
2427 432 2630 488 λαλεῖ·
2688 430 2748 485 τό
2791 430 2897 503 γὰρ
2941 431 2998 484 ἐν
3045 428 3264 500 ἑκάστῳ
3296 427 3400 482 τῶν
3439 427 3734 500 ψευδομένων

543 553 606 590 ex
638 537 862 603 proiiriir
891 535 1125 604 loquitur
1140 535 1208 587 δ’.
1237 534 1370 587 Cum
1400 535 1543 587 enim
1574 533 1941 594 mendacium,
1968 533 2109 594 quod

544 634 595 684 in
624 629 849 697 singulis
877 627 1264 684 mentientibus
1298 626 1456 692 inest,
1493 625 1750 694 loquitur,
1779 640 1844 680 ex
1875 624 2111 694 propriis

531 718 839 774 mendaciis
860 719 1116 790 loqttitur.
1131 719 1269 784 Quin
1301 720 1460 772 etiam
1495 717 1541 771 si
1576 721 1688 772 haec
1717 717 1880 771 verba
1913 733 1928 769 :
1969 715 2110 770 Men-

540 812 650 866 dax
682 822 780 874 est,
805 820 854 865 et
881 821 1032 881 pater
1058 810 1169 880 ejus
1196 811 1261 874 ⁵⁸,
1300 825 1365 864 eo
1405 809 1634 872 referas,
1664 818 1723 863 ut
1751 822 2112 876 unumquem-

540 923 645 976 que
676 907 1044 977 proferentem
1077 881 1420 958 mendacium
1450 918 1514 956 ex
1545 917 1642 956 suo
1671 902 1839 968 ipsius
1870 913 1988 965 ore,
2029 898 2110 952 di-

540 1014 633 1052 cas
667 1012 786 1052 esse
815 1006 1023 1066 patrem
1051 993 1165 1063 ejus
1193 994 1456 1047 mendacii
1511 993 1652 1063 quod
1697 992 1957 1061 loquitur,
2011 989 2110 1042 hu-

540 1089 769 1152 iusmodi
797 1102 926 1142 sane
956 1086 1247 1156 assignatio
1279 1085 1511 1139 absurda
1552 1099 1653 1138 non
1683 1085 1824 1139 erit.‘
1840 1083 1945 1136 Sed
1966 1081 2109 1136 dicta

543 1183 656 1235 haec
687 1178 850 1250 335
877 1187 1036 1232 sunto
1076 1177 1235 1230 veluti
1267 1173 1570 1245 adjacentia
1608 1172 1950 1244 amphiboliae
1978 1189 2109 1228 con-

543 1282 723 1325 textus
763 1270 918 1324 nobis
950 1266 1200 1334 expositi.

607 1361 694 1414 ‘20.
726 1359 1000 1432 [Sequitur
1025 1362 1156 1432 (26‘)
1179 1379 1190 1414 :
1215 1361 1279 1414 Et
1302 1361 1564 1416 desideria
1588 1364 1755 1429 patris
1777 1361 1936 1418 vestri
1955 1361 2110 1418 vultis

542 1451 712 1519 facere
743 1450 834 1522 ⁵¹.]
865 1452 1190 1505 Enarrantes
1234 1451 1320 1505 illa
1355 1450 1516 1505 verba
1547 1467 1560 1503 :
1597 1448 1696 1504 Vos
1740 1450 1918 1519 [uritis
1955 1466 2112 1519 opera

539 1543 708 1608 patris
738 1543 896 1596 vestri
917 1544 983 1607 ",
1015 1542 1402 1596 antevertimus
1425 1542 1584 1596 etiam
1611 1541 1666 1596 in
1696 1541 1796 1598 hos
1823 1541 2112 1609 disserere,

543 1633 854 1703 frequenter
900 1633 1098 1702 alioqui
1139 1634 1452 1704 colligentes
1491 1649 1611 1702 qua:
1638 1634 1796 1689 nobis
1827 1634 1974 1689 utilia
1999 1635 2112 1690 visa

543 1725 757 1777 fuerant
800 1724 867 1778 ad
912 1725 1340 1788 enarrationem;
1372 1722 1598 1792 proinde
1623 1723 1740 1778 sine
1778 1739 1939 1780 causa
1965 1739 2116 1779 nunc

2216 527 2408 599 ψεῦδος
2439 525 2575 580 ἐπὰν
2603 525 2761 596 λαλῇ,
2802 525 2866 580 ἐκ
2895 523 3000 576 τῶν
3040 523 3185 576 ἰδίων
3213 521 3308 574 τοῦ
3348 520 3553 590 ψεύδους
3589 521 3733 576 λαλεῖ.

2231 620 2390 674 Ἀλλὰ
2419 603 2512 680 καὶ
2542 618 2630 671 τό·
2674 618 2948 682 Ψεύστης
2981 613 3151 668 ἐστίν
3185 616 3218 667 ὀ
3257 611 3452 680 πατὴρ
3478 613 3658 672 αὑτοῦ,
3686 613 3736 664 iv

2219 715 2416 786 ἐνέγκῃ
2445 712 2553 782 (27)
2583 710 2673 763 ἐπὶ
2708 709 2768 761 τὸ
2798 709 3026 762 ἕκαστον
3050 707 3138 759 τὸν
3168 703 3555 776 προφερόμενον
3577 702 3739 770 esse;

2217 808 2281 859 ἐκ
2309 806 2574 875 στόματος
2615 799 2806 854 ἐαυτοῦ
2858 799 3067 869 πατέρα
3099 792 3238 850 εἶναι
3264 788 3332 848 οὗ
3357 794 3501 850 λαλεῖ
3529 793 3738 862 ψεύδους,

2216 900 2310 953 καὶ
2339 900 2439 952 οὐκ
2481 895 2740 959 ἀπίθανός
2778 910 2836 948 τε
2875 893 3027 945 ἐσται
3057 888 3338 960 ἡτοιαύτη
3371 886 3625 949 ἀπόδοσις.
3651 885 3737 938 Καὶ

2215 989 2387 1044 ταῦτα
2426 987 2523 1058 μέν
2555 985 2631 1049 ὡς
2662 982 3042 1056 παρακείμενα
3075 981 3143 1051 τῇ
3167 977 3466 1050 ἀμφιϐολίᾳ
3483 974 3565 1034 τοῦ
3591 978 3734 1029 ἐκκει-

2219 1080 2380 1150 μένου
2405 1080 2536 1150 ἡμῖν
2567 1075 2731 1147 ῥητοῦ
2765 1074 2875 1144 (28)
2903 1071 3159 1144 εἰρήσθω.

2283 1348 2374 1404 20.
2419 1348 2571 1402 Ἐπεὶ
2614 1345 2672 1400 δὲ
2719 1344 3065 1415 διηγούμενοι
3097 1344 3187 1398 τό·
3242 1343 3427 1412 Ὑμεῖς
3470 1341 3666 1396 ποιεῖτε
3687 1337 3744 1395 τὰ

2214 1436 2358 1505 ἔργα
2390 1434 2495 1488 τοῦ
2526 1434 2746 1500 πατρὸς
2787 1431 2974 1502 ὑμῶν,
3010 1431 3371 1503 προλαϐόντες
3393 1431 3486 1485 καὶ
3513 1433 3584 1494 είς
3618 1429 3748 1482 τοῦτο

2215 1527 2535 1599 εἰρήκαμεν,
2585 1523 2908 1593 πολλαχόθεν
2963 1523 3032 1578 τὰ
3082 1522 3323 1591 φανέντα
3368 1524 3498 1592 ἡμῖν
3549 1523 3620 1584 εἰς
3667 1521 3748 1590 τὴν

2215 1620 2464 1692 διήγησιν
2509 1618 2756 1689 χρήσιμα
2799 1613 3215 1683 συναγαγόντες,
3261 1613 3363 1666 οὐκ
3416 1612 3634 1679 εὐλόγως
3672 1611 3751 1663 νῦν

2217 1711 2708 1785 προσδιατρίψομεν
2734 1708 2812 1780 τῷ
2834 1709 3003 1779 τόπῳ.
3035 1707 3178 1778 Πλὴν
3208 1707 3364 1770 εἴτις
3393 1705 3470 1776 τῷ
3499 1708 3653 1759 πειεῖν

539 1816 643 1866 hoc
677 1813 730 1866 in
765 1812 885 1867 loco
918 1827 1023 1866 non
1055 1812 1496 1868 immorabimur.
1535 1812 1688 1879 Quod
1719 1813 1763 1867 si
1799 1813 1920 1882 quis
1957 1824 2106 1868 ortus

2213 1803 2483 1876 ἁμαρτίαν
2513 1806 2577 1857 ἐκ
2603 1802 2696 1856 τοῦ
2724 1800 2966 1855 διαϐόλου
2992 1800 3334 1870 γεγέννηται,
3363 1798 3457 1852 καὶ
3482 1797 3552 1869 μὴ
3578 1798 3750 1866 κατήρη

539 1906 706 1958 fuerit
737 1920 804 1962 ex.
833 1903 1074 1967 diabolo,
1104 1918 1169 1958 eo
1195 1903 1337 1973 quod
1369 1905 1682 1959 committat
1714 1915 2019 1974 peccatum,
2055 1915 2110 1960 et

537 1997 679 2050 hunc
709 1997 775 2048 ab
805 1995 895 2049 illo
935 2005 1112 2050 ortum
1150 2010 1258 2049 non
1289 1995 1608 2058 aboleverit,
1647 1996 1738 2051 hic
1771 2011 1875 2051 non
1920 2012 2106 2061 unum,

534 2086 628 2141 sed
657 2086 809 2155 plura
843 2085 1112 2141 desideria
1149 2085 1273 2140 talis
1296 2086 1467 2154 patris
1499 2085 1612 2139 vult
1635 2086 1849 2152 facere;
1876 2103 2109 2158 cumque

534 2164 800 2229 desideria
827 2189 944 2250 qua:
971 2182 1097 2229 sunt
1129 2174 1180 2228 in
1203 2175 1456 2229 omnibus
1484 2174 1606 2231 ﬁliis
1635 2175 1853 2239 diaboli,
1881 2193 2110 2232 nascan-

535 2275 669 2319 tura
688 2265 973 2320 desideriis
1001 2281 1121 2336 quae
1145 2274 1272 2320 sunt
1296 2265 1348 2319 in
1384 2265 1622 2330 diabolo,
1651 2267 1995 2338 perspicuum
2027 2279 2108 2324 est

534 2357 801 2413 desideria
848 2356 992 2411 illius
1033 2371 1155 2412 esse
1202 2355 1544 2426 prudentiam
1598 2359 1842 2412 materia:
1886 2369 1940 2414 et
1981 2375 2107 2416 cor-

535 2451 829 2520 ruptionis,
848 2463 984 2519 quas
1015 2447 1236 2520 proprie
1265 2447 1512 2502 inimicas
1539 2449 1737 2504 dixerit
1768 2448 1964 2520 aliquis
1987 2465 2110 2506 esse

534 2542 793 2597 adversus
823 2540 1012 2594 Deum.
1045 2539 1223 2608 Atque
1249 2538 1423 2592 caedes
1447 2537 1686 2607 quidem,
1709 2548 1765 2594 et
1797 2540 2106 2612 iujustitias,

532 2642 587 2688 et
618 2631 923 2692 avaritiam,
954 2630 997 2683 si
1032 2628 1155 2698 quis
1182 2628 1328 2682 dicat
1354 2627 1498 2682 illius
1517 2642 1637 2683 esse
1659 2627 1954 2696 desideria,
1988 2646 2109 2700 qua:

531 2731 795 2795 generent
827 2720 1093 2776 desideria
1120 2721 1204 2775 bis
1233 2719 1431 2775 similia
1469 2721 1521 2776 in
1549 2721 1674 2778 ﬁliis
1700 2722 1842 2792 ejus,
1865 2739 1974 2780 non
1997 2725 2108 2780 dis-

530 2823 790 2868 sentanea
839 2811 1114 2881 loquitur;
1152 2822 1317 2878 atque
1363 2811 1527 2866 etiam
1563 2813 1892 2883 generaliter
1924 2815 2108 2872 dicere

533 2903 929 2967 immunditias,
964 2910 1173 2957 natura:
1213 2901 1287 2956 illi
1323 2902 1628 2970 purissimae
1658 2905 1962 2961 contrarias
2005 2921 2104 2962 ex-

530 2994 811 3056 sistentes,
854 3006 980 3046 esse
1014 2990 1156 3045 illius
1201 2989 1490 3054 desideria,
1526 3006 1553 3043 a
1598 2993 1797 3060 quibus
1831 2993 2104 3050 desideria

532 3086 919 3157 ingenerentur
967 3083 1163 3137 diaboli
1213 3082 1338 3137 filiis
1382 3083 1448 3135 ad
1502 3098 1587 3138 res
1631 3084 1954 3154 immundas,
1999 3102 2103 3142 non

530 3185 753 3246 gravate
783 3173 1182 3232 admittendum
1213 3181 1328 3237 est;
1362 3171 1547 3227 dicere
1582 3175 1746 3226 etiam
1777 3174 2104 3232 fornicatio-

532 3287 677 3335 nem,
707 3267 789 3322 vel
819 3266 1166 3332 adulterium,
1200 3266 1281 3319 vel
1308 3281 1546 3321 amorem
1572 3267 1866 3324 obscenum
1891 3270 1946 3326 in
1978 3287 2105 3341 pue-

533 3377 642 3426 ros,
671 3361 754 3415 vel
780 3357 1238 3420 mollitiem,’esse
1260 3358 1400 3413 illius
1426 3359 1776 3427 desiderium,
1804 3361 1960 3417 facile
1981 3364 2105 3432 quis

530 3455 694 3506 etiam
727 3450 1024 3506 admiserit.
1051 3447 1202 3515 Quod
1230 3450 1274 3504 si
1299 3449 1508 3504 dubitet
1535 3449 1657 3519 quis
1681 3466 1914 3520 quonam
1949 3463 2106 3524 pacto

533 3547 648 3601 btet:
698 3545 966 3600 desideria
1011 3544 1063 3597 in
1117 3543 1429 3598 hominibus
1476 3544 1727 3599 oriantur
1756 3559 1786 3599 a
1819 3545 2105 3602 desideriis

531 3651 652 3705 qum
676 3645 804 3690 sunt
831 3635 882 3688 in
917 3633 1029 3695 illo,
1078 3642 1340 3696 quantum
1385 3633 1452 3686 ad
1497 3634 1661 3686 verba
1692 3633 1906 3699 attinet,
1937 3637 2100 3692 veluti

530 3729 786 3799 quiddam
814 3725 1116 3782 universale
1137 3723 1398 3782 doceatur
1416 3724 1479 3780 de
1507 3724 1790 3779 desideriis
1819 3741 1940 3796 quae
1977 3736 2104 3784 sunt

531 3821 585 3876 in
617 3819 946 3887 hominibus,
976 3818 1118 3890 quod
1151 3817 1322 3874 velint
1343 3817 1592 3872 homines
1623 3817 1888 3872 desideria
1935 3819 2104 3888 patris

530 3914 615 3968 sui
643 3913 842 3977 facere,
861 3913 990 3980 quia
1012 3913 1191 3967 omnia
1216 3927 1334 3984 qua:
1360 3921 1556 3981 prater
1580 3911 1751 3981 legem
1771 3911 2101 3979 desiderant,

531 4013 690 4056 antea
733 4001 926 4055 fuerint
959 4003 1283 4057 desiderium
1323 4004 1493 4070 patris
1522 4005 1605 4058 sui
1658 4002 1789 4074 (tale
1833 4004 1978 4058 enim
2020 4014 2108 4057 est

530 4095 671 4162 quod
701 4093 902 4146 dicitur
925 4108 938 4144 :
970 4090 1034 4144 Et
1059 4093 1319 4147 desideria
1340 4096 1508 4161 patris
1525 4096 1680 4148 vestri
1705 4095 1856 4149 vultis
1882 4095 2102 4164 facere),

532 4185 598 4237 ad
631 4183 744 4236 haec
769 4182 1056 4236 dicendum
1093 4190 1177 4236 est
1214 4183 1487 4237 diabolum
1539 4184 1853 4240 desiderare
1888 4195 1947 4244 ut
1982 4201 2104 4241 cor-

531 4281 836 4340 rumpatur,
869 4270 1016 4324 verbi
1067 4269 1260 4340 gratia,
1311 4269 1400 4326 hic
1444 4286 1598 4340 puer,
1643 4273 1730 4327 illa
1777 4275 2104 4330 adulterium

528 4363 852 4426 committat,
883 4361 936 4416 bi
969 4360 1348 4427 fornicentur;
1390 4371 1444 4414 et
1476 4363 1589 4417 haec
1617 4363 1976 4420 desiderando
2023 4365 2103 4419 in-

2209 1914 2346 1968 γησε
2382 1897 2478 1969 τὴν
2521 1897 2616 1950 ἀπ’
2659 1894 2869 1948 ἐκείνου
2917 1893 3130 1962 γένεσιν
3168 1893 3230 1957 ἐξ
3268 1890 3489 1955 ἐαυτοῦ,
3533 1885 3666 1950 οὗτος
3699 1888 3750 1940 οὐ

2213 1989 2364 2061 μίαν,
2397 1988 2533 2042 ἀλλὰ
2565 1988 2814 2050 πλείονας
2856 1985 3148 2056 ἐπιθυμίας
3181 1985 3277 2040 τοῦ
3312 1983 3554 2038 τοιούτου
3578 1980 3750 2053 πατρὸς

2210 2081 2382 2132 ποιεῖν
2408 2077 2601 2138 ἐθέλει,
2631 2076 2725 2130 καὶ
2762 2075 2872 2130 τῶν
2908 2076 2964 2127 ἐν
2994 2073 3156 2126 παντὶ
3190 2071 3290 2143 υἱῷ
3318 2070 3563 2124 διαϐόλου
3594 2067 3750 2126 ἐπιθυ-

2212 2169 2350 2240 μιῶν
2373 2167 2480 2222 ἀπὸ
2508 2166 2615 2219 τῶν
2641 2168 2696 2220 ἐν
2720 2165 2797 2236 τῷ
2822 2163 3048 2235 διαϐόλῳ
3071 2163 3377 2236 ἐπιθυμιῶν
3413 2162 3750 2234 γεννωμένων.

2211 2261 2401 2330 σαφὲς,
2433 2261 2516 2314 ότι
2563 2260 2620 2312 al
2660 2259 2868 2312 ἐκείνου
2908 2257 3195 2328 ἐπιθυμίαι
3236 2257 3492 2329 φρόνημα
3519 2255 3641 2326 ῦλης
3667 2255 3754 2306 εἰσὶ

2210 2354 2301 2408 καὶ
2326 2354 2550 2426 φθορᾶς,
2581 2351 2646 2416 ἃς
2671 2350 2875 2422 κυρίως
2899 2349 3097 2420 ἔχθρας
3122 2351 3262 2403 εἴποι
3283 2366 3367 2412 τις
3391 2349 3457 2404 ἂν
3485 2343 3616 2402 εἶναι
3641 2347 3751 2417 πρὸς

2208 2445 2359 2498 Θεόν.
2392 2445 2588 2507 Φόνους
2634 2443 2730 2514 μὲν
2783 2438 2876 2496 οὖν
2917 2442 3012 2495 καὶ
3060 2441 3293 2505 ἀδικίας,
3334 2441 3428 2495 καὶ
3479 2439 3752 2503 πλεονεξίας

2209 2536 2436 2604 φάσκειν
2463 2535 2572 2604 (29)
2602 2529 2739 2588 εἶναι
2767 2533 2866 2596 τὰς
2899 2532 3108 2586 ἐκείνου
3153 2532 3470 2604 ἐπιθυμίας,
3513 2529 3753 2600 γεννὼςας

2209 2631 2266 2682 ἐν
2301 2630 2434 2690 υἱοῖς
2476 2626 2637 2679 αὐτοῦ
2679 2623 3065 2696 παραπλησίας
3091 2621 3315 2684 ταύταις
3345 2621 3652 2692 ἐπιθυμίας,
3674 2621 3756 2673 οἰκ

2208 2719 2561 2790 ἁπεμφαίνει,
2587 2717 2722 2772 ἀλλὰ
2752 2717 2846 2770 καὶ
2884 2714 3118 2784 γενικῶς
3149 2714 3494 2785 ἀκαθαρσίας
3517 2718 3578 2786 τῇ
3620 2713 3756 2784 φύσει

2209 2811 2455 2875 ἐναντίας
2481 2810 2858 2880 τυγχανούσας
2883 2811 2950 2879 τῇ
2975 2807 3304 2878 καθαρότητι
3326 2807 3505 2876 λέγειν
3532 2805 3660 2861 εἶναι
3677 2806 3756 2869 τὰς

2209 2902 2418 2954 ἐκείνου
2445 2901 2761 2972 ἐπιθυμίας,
2788 2901 2879 2970 ἀφ’
2907 2895 2982 2954 ὧν
3014 2903 3069 2954 αί
3099 2899 3232 2971 πρὸς
3261 2899 3328 2952 τὰ
3351 2899 3630 2971 ἀκάθαρτα
3660 2901 3756 2952 ἐπι-

2207 2993 2397 3064 θυμίαι
2431 2993 2670 3062 γίνονται
2713 2993 2921 3056 τέκνοις
2951 2991 3047 3045 τοῦ
3090 2992 3363 3059 διαϐόλου,
3415 2993 3474 3046 ού
3507 2990 3757 3063 δυσπαρὰ-

2208 3084 2396 3137 δεκτόν
2420 3085 2534 3136 ἐστι
2559 3083 2703 3136 τόδε·
2733 3084 2826 3135 καὶ
2860 3083 3113 3154 πορνείαν
3142 3082 3320 3152 λέγειν
3349 3079 3487 3137 εἶναι
3523 3084 3615 3154 τὴν
3645 3081 3758 3135 ἐκεί·

2208 3194 2298 3230 νου
2330 3174 2646 3246 ἐπιθυμίαν,
2677 3175 2710 3246 ἢ
2748 3175 3015 3246 μοιχείαν,
3041 3175 3075 3246 ἢ
3120 3174 3527 3246 παιδοφθορίαν,
3553 3175 3584 3246 ἢ
3611 3174 3758 3248 μαλα·

2206 3267 2474 3336 κίανβθ),
2490 3269 2591 3320 οὐκ
2617 3267 2855 3338 εὐχερῶς
2880 3267 2944 3320 ἄν
2958 3285 3041 3331 τις
3063 3268 3434 3338 παραδέξοιτο.
3459 3267 3569 3320 Κᾶν
3597 3267 3756 3336 ἁπορῇ

2206 3358 2323 3422 πῶς
2356 3359 2411 3412 αἱ
2450 3358 2736 3429 ἐπιθυμίαι
2780 3354 2941 3414 αὗται
2984 3359 3042 3411 ἐν
3076 3358 3388 3431 ἀνθρώποις
3439 3359 3543 3412 ἀπὸ
3580 3357 3684 3410 τῶν
3709 3359 3756 3408 ἐν

2205 3447 2396 3518 ἐκείνῳ
2421 3445 2660 3514 γίνονται
2686 3447 3011 3518 ἐπιθυμιῶν,
3041 3449 3162 3501 ὅσον
3190 3449 3282 3502 ἐπὶ
3310 3453 3377 3521 τῇ
3416 3448 3574 3514 λέξει,
3614 3447 3758 3501 οἱονεὶ

2206 3537 2492 3592 καθολικοῦ
2508 3556 2650 3602 τινος
2671 3541 3078 3610 παρισταμένου
3097 3541 3206 3610 (3|)
3227 3559 3291 3593 πε
3302 3541 3355 3612 ρί
3375 3542 3482 3594 τῶν
3506 3542 3559 3592 ἐν
3574 3538 3758 3613 ἀνθ

2205 3647 2326 3692 ποις
2357 3628 2678 3700 ἐπιθυμιῶν,
2726 3631 2802 3695 ὠς
2845 3631 2954 3702 ἄρα
2998 3630 3240 3685 θέλουσιν
3287 3634 3336 3686 el
3382 3632 3652 3704 ἄνθρωποι
3678 3631 3756 3692 τὰς

2207 3719 2500 3791 ἐπιθυμίας
2535 3720 2627 3774 τοῦ
2669 3722 2874 3794 πατρὸς
2906 3723 3085 3777 αὐτῶν
3131 3727 3324 3789 ποιεῖν,
3357 3725 3498 3778 ὥστε
3532 3725 3698 3778 πάντα
3729 3723 3756 3776 ἃ

2205 3814 2528 3884 ἐπιθυμοῦσι
2551 3815 2901 3887 παρανόμως,
2928 3815 3189 3888 πρότερον
3220 3817 3514 3889 ἐπιθυμίας
3535 3813 3666 3871 εἶναι
3683 3813 3757 3869 τοῦ

2205 3901 2410 3974 πατρὸς
2441 3902 2648 3955 αὐτῶν·
2685 3903 2923 3958 τοιοῦτον
2961 3906 3066 3976 γάρ
3099 3906 3214 3959 ἐστι
3262 3907 3344 3960 τό·
3383 3908 3490 3961 Kal
3526 3909 3626 3974 τὰς
3651 3908 3756 3961 ἐπι-

2205 3994 2420 4062 θυμίας
2452 3992 2557 4047 τοῦ
2598 3993 2824 4063 πατρὸς
2852 3993 3018 4065 ὑμῶν
3057 3996 3260 4052 θέλετε
3299 3999 3528 4053 ποιεῖν·
3565 3999 3756 4053 λεκτέον

2203 4088 2260 4142 δὲ
2301 4087 2436 4159 πρὸς
2481 4087 2673 4152 ταῦτα,
2719 4089 2801 4141 ὅτι
2843 4091 2870 4142 ό
2918 4089 3162 4155 διάϐολος
3213 4091 3476 4163 ἐπιθυμεῖ
3515 4093 3755 4166 φθαρῆναι

2202 4177 2375 4243 τόνδε,
2413 4178 2544 4250 φέρε
2572 4181 2766 4244 εἰπεῖν,
2785 4181 2876 4234 τὸν
2899 4182 3084 4244 παῖδα,
3106 4182 3200 4236 καὶ
3224 4185 3577 4256 μοιχευθῆναι
3596 4185 3753 4254 τήνδε.

2203 4271 2296 4346 καὶ
2320 4271 2613 4342 πορνεῦσαι
2648 4272 2856 4340 τούσδε,
2892 4275 2988 4328 καὶ
3021 4275 3224 4329 τούτων
3261 4276 3545 4349 ἐπιθυμῶν
3568 4277 3756 4348 ἐμποςεῖ

2201 4365 2314 4446 τοῖς
2356 4363 2672 4436 δυναμένοις
2701 4364 2850 4436 αύτῷ
2883 4367 3332 4439 ύπηρετήσασθαι
3371 4369 3654 4442 ἐπιθυμίαν
3681 4366 3754 4422 τοῦ

529 4469 791 4523 generare
824 4454 909 4508 his
934 4455 1024 4523 qui
1060 4452 1240 4506 valent
1280 4452 1357 4506 illi
1391 4454 1639 4523 obsequi,
1665 4454 1991 4512 desiderium
2027 4456 2100 4512 fa-

2213 4452 2448 4524 ποιῆσαι,
2490 4454 2634 4526 ἅπερ
2667 4458 2871 4520 ἐκεῖνος
2913 4459 3202 4531 ἐνεργῆσαι
3248 4460 3527 4531 βούλεται·
3555 4463 3674 4516 ὥστ’
3703 4462 3758 4516 ἂν

531 4545 707 4600 oiendi
755 4561 874 4614 qua:
904 4545 992 4599 ille
1038 4543 1224 4614 cupiat
1267 4544 1446 4601 cliici:
1489 4553 1549 4598 ut
1582 4545 1681 4599 hac
1712 4547 1930 4601 ratione
1960 4547 2104 4605 dicat

531 4639 726 4710 aliquis
751 4636 1026 4692 diabolum
1057 4637 1493 4692 committentem
1537 4636 1981 4704 fornicationem,
2010 4650 2105 4696 aut

530 4731 877 4794 adulterium,
934 4729 1087 4800 prius
1146 4729 1404 4784 fornicari
1463 4739 1520 4785 et
1568 4732 1718 4802 prius
1773 4731 2101 4794 adulterium

530 4824 868 4880 committere
902 4838 1064 4893 quam
1093 4823 1388 4880 hominem.
1433 4820 1580 4876 Idem
1623 4822 1788 4876 etiam
1839 4822 1988 4878 dices
2037 4825 2104 4880 de

531 4915 674 4971 omni
703 4922 966 4983 peccato:
1003 4913 1154 4968 verbi
1178 4913 1373 4984 gratia,
1409 4912 1654 4968 diabolus
1683 4923 1964 4982 argenturm
1998 4930 2101 4967 non

530 5003 821 5068 desiderat,
855 5011 910 5056 at
933 5003 1306 5072 amatargeuti
1334 5003 1560 5073 cupidos
1589 5000 1785 5064 facere,
1816 5000 2104 5072 facereque

531 5096 780 5152 homines
835 5109 1016 5150 rerum
1064 5095 1427 5151 matcrialium
1471 5093 1758 5149 amictibus
1785 5093 2052 5151 obnoxios
2087 5112 2101 5148 :

637 5239 682 5270 “
709 5238 867 5294 Joan.
908 5252 1036 5306 vm,
1073 5236 1162 5292 44.
1239 5237 1286 5269 ⁸⁸
1319 5237 1452 5293 ibid.
1528 5236 1570 5266 ⁸⁸
1596 5233 1730 5293 ibid.
1805 5235 1850 5266 "
1879 5235 2008 5292 ibid.
2041 5237 2130 5292 H.

607 5376 742 5451 (ες)
761 5377 998 5451 _Uncinis_
1015 5377 1219 5451 inclusa
1240 5378 1292 5432 in
1317 5378 1503 5435 Graeco
1530 5394 1636 5434 non
1657 5378 1928 5451 leguntur.
1952 5380 2102 5437 Eutr.

539 5447 931 5584 avgggodex
966 5447 1308 5515 Bodleianus,
1340 5459 1506 5516 recte,
1536 5451 1601 5504 ἂν
1628 5447 1826 5524 ἐνέγκῃ
1843 5466 1858 5482 ·
1885 5451 2105 5524 Regius,

541 5653 554 5668 ρ
610 5585 722 5668 (Ξβ)
752 5586 930 5668 codex
957 5587 1326 5668 _Bodleianus,
1371 5591 1606 5662 optime,
1655 5590 1818 5664 ῥητοῦ
1840 5609 1853 5622 ’
1885 5590 2106 5668 Regius.

539 5653 763 5718 insulse,
804 5658 866 5709 ἐκ
892 5659 1007 5714 τοῦ.

611 5725 723 5796 (29)
753 5725 930 5782 Codex
961 5728 1302 5798 Bodleianus,
1329 5731 1577 5799 φάσκειν·
1603 5732 1820 5804 Regius,
1858 5730 2060 5803 φάσκῃ.

2206 4547 2348 4600 κατὰ
2371 4547 2527 4600 τοῦτο
2556 4549 2643 4602 τὸν
2679 4549 3003 4620 ἐνεργοῦντα
3046 4552 3145 4624 τὴν
3177 4555 3458 4624 πορνείαν,
3487 4557 3518 4626 ἢ
3545 4556 3635 4627 τὴν
3660 4573 3757 4626 μοι·

2205 4641 2356 4711 χείαν
2389 4641 2650 4712 πρότερον
2693 4641 2868 4711 λέγειν
2909 4644 3002 4698 τοῦ
3040 4645 3328 4718 ἀνθρώπου
3370 4650 3643 4721 πορνεύειν
3682 4648 3756 4702 καὶ

2210 4730 2502 4801 μοιχεύειν.
2531 4732 2604 4786 Τὸ
2629 4732 2672 4786 δ’
2695 4735 2825 4786 αὐτὸ
2851 4735 2943 4788 καὶ
2968 4736 3092 4807 περὶ
3116 4737 3297 4809 πάσης
3320 4740 3592 4813 ἁμαρτίας
3613 4741 3750 4812 ἐρεῖς·

2204 4818 2317 4876 οἷον
2359 4823 2603 4889 διάϐολος
2643 4827 2920 4898 ἀργυρίων
2950 4828 3186 4904 μένθούκ
3215 4831 3494 4902 ἐπιθυμεῖ,
3529 4830 3757 4900 ἐπιθυμεῖ

2207 4914 2263 4968 δέ
2289 4915 2653 4990 φιλαργύρους
2677 4919 2896 4989 ποιῆσαι
2915 4936 2928 4949 ·
2966 4921 3061 4973 καὶ
3083 4921 3423 4992 προσπαθεῖς
3447 4926 3556 4988 τοῖς
3581 4923 3753 4982 ὑλικοῖς

2210 5008 2527 5080 πράγμασι·
2572 5010 2774 5079 ταύτην
2814 5011 2870 5064 δὲ
2917 5011 3016 5083 τὴν
3059 5013 3355 5084 ἐπιθυμίαν
3379 5016 3542 5069 αὐτοῦ
3571 5015 3754 5070 θέλουσι

2211 5103 2384 5155 ποιεῖν
2415 5102 2464 5154 οἱ
2487 5103 2587 5156 οὐκ
2628 5102 2800 5168 ἄλλως
2836 5101 2869 5173 ἢ
2910 5102 2988 5173 τῷ
3017 5101 3191 5157 θέλειν
3229 5104 3592 5175 φιλοῦντες-τὸ
3612 5104 3756 5178 ἀργῦο

2280 5373 2394 5440 (30)
2424 5374 2600 5446 Cpflex
2632 5374 2978 5446 Bodleiauus,
3019 5376 3309 5446 μαλακίαν·
3347 5377 3574 5446 Regius,
3610 5376 3754 5446 μαλα-

2208 5442 2583 5517 κότηταηΜυα
2615 5460 2712 5517 pro
2739 5444 2840 5498 οὐκ
2887 5442 3129 5517 εὐχερῶς
3174 5442 3464 5516 legendum
3496 5449 3555 5502 ού
3589 5442 3754 5517 δυσχεο

2208 5464 2428 5514 κοτητα.
2466 5464 2583 5498 mox
2615 5464 2712 5513 pro
2739 5464 2840 5498 ουκ
2887 5464 2952 5497 ευ
2988 5464 3129 5516 ερως
3174 5464 3430 5516 tegenout

2208 5515 2338 5585 ρῶς,
2369 5514 2450 5585 vel
2481 5515 2707 5569 delenda
2747 5464 3006 5582 particula
3034 5525 3280 5585 negativa
3305 5518 3430 5572 οὐκ.

2277 5583 2387 5659 (5.1)
2410 5585 2599 5659 (ξιον-εὶ
2627 5585 2951 5659 καθολικοῦ
2971 5658 2978 5659 7
2998 5582 3648 5659 τινὸς-παρισταμένου.
3669 5582 3754 5659 Pg-

2209 5654 2414 5708 rionius
2443 5656 2556 5709 lucc
2589 5655 2750 5707 verba
2785 5655 2863 5710 sic
2890 5657 3087 5719 reddit,
3136 5655 3202 5709 Ut
3240 5660 3287 5710 si
3333 5654 3628 5712 catliolicus
3673 5655 3748 5706 αλλ·

2205 5726 2319 5791 quis
2350 5726 2556 5778 doceret
2586 5725 2671 5790 de,
2708 5734 2812 5779 οιὲ.
