3924 6196
125 383 247 440 6'25

1194 389 1552 447 COMMENT.
1594 391 1661 446 IN
1699 389 1890 450 JO.\N.
1929 388 2166 448 TOMUS
2201 387 2316 445 XX.

3283 377 3389 436 69.8

117 498 228 551 τοῦ
260 497 400 552 Θεοῦ
436 500 530 554 καὶ
567 503 739 554 ποιεῖν
769 501 834 556 τὰ
869 503 1002 576 ἔργα
1039 503 1132 558 τοῦ
1165 505 1334 559 Θεοῦ·
1375 508 1436 560 οὐ
1484 508 1594 581 γὰρ
1627 510 1694 582 μό

1822 508 1947 578 quis
1985 507 2051 561 ad
2093 508 2209 560 lucc
2250 479 2454 559 diceret
2482 489 2730 556 suﬂicere
2761 498 3030 561 ctiam,ut
3073 493 3242 551 simus
3291 496 3386 549 lilii

119 605 220 640 νον
263 589 330 644 τὸ
364 590 557 654 θέλειν,
604 593 738 646 ἀλλὰ
779 595 872 648 καὶ
920 595 981 649 τδ
1032 598 1305 670 ἐνεργεῖν,
1352 600 1428 662 ὥς
1479 617 1643 670 φησιν
1687 601 1716 653 6

117 681 370 747 Παῦλος,
417 685 481 738 ἐκ
525 685 618 739 τοῦ
670 686 801 740 Θεοῦ
846 688 1015 754 ἐστιν,
1067 689 1333 760 ἑπομένου
1379 691 1595 754 πάντως
1636 690 1714 764 τῷ

114 771 284 844 καλῷ
332 774 505 828 θέλειν
540 776 635 830 τοῦ
677 777 911 848 συζύγου
965 780 1114 852 αὐτῷ
1165 781 1276 854 (48)
1306 783 1580 853 ἐνεργεῖν·
1619 785 1714 837 καὶ

117 863 238 934 γὰρ
263 864 394 932 τοῖς
428 866 702 936 ἀγαπῶσι
726 869 832 923 τὸν
863 868 1011 924 Θεὸν
1049 871 1244 925 πάντα
1287 873 1572 944 συνεργεῖ
1598 874 1710 944 (49)

114 955 214 1019 εἰς
252 955 500 1024 ἀγαθὸν,
535 961 628 1012 καὶ
675 961 774 1014 οὐκ
815 961 881 1016 ἂν
917 962 1080 1016 καλὸν
1121 963 1293 1017 θέλειν
1325 964 1512 1028 ἀτελὲς
1551 966 1711 1018 ἐᾶσαι

113 1048 145 1098 6
195 1045 375 1101 ποιῶν
415 1049 594 1104 πάντα
637 1050 778 1105 καλὰ
815 1051 955 1110 λίαν.
1004 1053 1143 1108 Ἀλλ’
1187 1054 1308 1108 οὐδὲ
1360 1055 1710 1128 ἐπινοηθῆναι

111 1136 354 1192 δύναται
402 1139 564 1193 καλὸν
609 1139 782 1195 θέλειν
825 1145 902 1214 μὴ
944 1146 1374 1217 συνεζευγμένης
1423 1147 1524 1219 τῆς
1570 1149 1711 1203 κατὰ

109 1227 178 1278 τὸ
225 1227 373 1282 οῦτω
409 1229 584 1285 θέλειν
621 1234 902 1304 ἐνεργείας
931 1235 1099 1307 καλῆς
1126 1237 1201 1308 τῷ
1228 1237 1379 1309 καλῷ
1407 1239 1602 1292 θέλειν.
1646 1241 1711 1294 Ἦ

112 1317 382 1389 μέντοιγε
423 1322 559 1394 πρὸς
585 1323 663 1395 τῷ
696 1323 869 1379 θέλειν
907 1326 1178 1399 ἐνέργεια,
1218 1327 1322 1382 κᾶν
1363 1329 1710 1400 ἐμποδίζοιτο

107 1407 230 1460 ὑπὸ
271 1410 372 1480 τῆς
403 1411 664 1482 Προνοίας
691 1415 924 1484 εὐλόγως
959 1417 1242 1483 πολλάκις,
1270 1420 1358 1472 ὅτε
1395 1421 1537 1493 ὑπέρ
1565 1439 1710 1486 τινος

105 1499 428 1566 καθολικῶς
460 1505 812 1579 χρησίμου,ἢ
857 1508 1006 1571 ὅπως
1053 1510 1182 1562 ποτὲ
1233 1512 1504 1583 χρησίμου
1547 1514 1709 1584 χρεία

103 1590 522 1648 ἀνακόπτεσθαι
545 1596 605 1648 τὸ
640 1597 780 1650 κατὰ
813 1598 873 1651 τὸ
896 1598 1069 1654 Θέλειν
1099 1599 1158 1653 τὸ
1185 1603 1366 1673 χεῖρον
1399 1603 1577 1675 ἔργον.
1613 1606 1706 1670 Εἰς

103 1682 296 1736 ταῦτα
328 1684 384 1736 δέ
432 1689 461 1740 6
501 1687 814 1756 Ἡρακλέων
858 1690 1022 1760 φησί·
1077 1710 1096 1742 ι
1129 1693 1274 1764 Πρὸς
1323 1693 1414 1758 οὓς
1457 1698 1484 1750 6
1526 1697 1701 1766 λόγος,

101 1773 176 1825 ἐκ
216 1775 321 1844 τῆς
351 1776 537 1840 οὐσίας
581 1778 674 1832 τοῦ
717 1778 963 1832 διαϐόλου
1001 1775 1216 1851 ἦσαν’»
1249 1783 1324 1850 ὡς
1373 1785 1566 1858 ἑτέρας
1610 1787 1701 1840 οῦ-

1823 599 1939 662 Dei,
1963 597 2099 652 velle
2128 595 2392 650 desideria
2421 593 2567 648 illitis
2598 591 2797 653 facere,
2822 587 3036 643 etiamsi
3056 602 3216 656 opera
3245 586 3392 641 illius

1821 703 1926 742 non
1969 687 2234 740 faciamus
2265 703 2280 752 ;
2310 685 2402 739 sed
2433 683 2721 737 dicendum
2749 691 2833 737 est
2865 679 3010 750 quod
3054 691 3277 732 necesse
3318 678 3390 731 sit

1821 780 1868 835 ei
1923 778 2014 849 qui
2058 779 2188 832 velit
2221 776 2494 832 desideria
2539 773 2631 829 Dei
2681 771 2885 834 facere,
2930 779 2988 825 ut
3030 769 3196 824 etiam
3229 767 3392 824 faciat

1819 883 1984 938 opera
2020 867 2151 933 Dei;
2185 883 2290 922 non
2340 866 2486 921 enim
2541 863 2718 919 solnnt
2769 861 2926 925 velle,
2979 873 3166 913 verum
3226 859 3390 911 etiam

1818 964 2099 1035 perlicere,
2147 970 2207 1016 ut
2237 961 2405 1032 inquit
2447 958 2646 1014 Paulus
2662 957 2808 1017 “.ex
2842 957 2948 1010 Deo
2979 963 3101 1020 est;
3137 968 3260 1008 cum
3289 953 3391 1007 hoc

1817 1055 2019 1110 bonum
2048 1052 2188 1107 velle
2222 1052 2485 1121 sequatur
2513 1051 2732 1106 omnino
2762 1049 3028 1120 operatio,
3071 1045 3236 1102 veluti
3267 1059 3386 1110 sua,

1817 1154 1874 1198 ut
1913 1145 1984 1200 ita
2016 1144 2218 1207 dicam,
2248 1143 2443 1213 conjux
2471 1158 2486 1198 :
2526 1141 2869 1210 Diligentibus
2897 1138 3043 1193 enim
3081 1136 3246 1190 Deum
3273 1151 3390 1188 om-

1818 1233 1908 1286 uia
1935 1243 2284 1300 coeperantur
2304 1231 2360 1286 in
2389 1232 2583 1285 bonum
2604 1232 2646 1263 ⁶¹
2677 1249 2691 1297 ;
2723 1245 2822 1284 ncc
2858 1231 2999 1284 Deus
3028 1227 3257 1282 omnino
3295 1226 3400 1280 bo...

1815 1339 1945 1378 num
1995 1323 2155 1388 velle,
2203 1323 2582 1392 imperfectum
2644 1323 2806 1387 sinet,
2869 1323 2959 1390 qui
3015 1320 3144 1374 facit
3205 1319 3393 1372 omnia

1813 1428 1975 1483 opera
2015 1413 2170 1469 valde
2200 1415 2337 1467 bona
2365 1413 2429 1464 “.
2457 1415 2596 1480 Quin
2634 1428 2699 1468 ne
2725 1413 3024 1484 excogitari
3052 1412 3269 1484 quidem
3291 1426 3389 1482 po-

1816 1514 1920 1560 lest
1967 1506 2166 1560 bonum
2215 1505 2375 1568 velle,
2419 1521 2522 1559 non
2563 1504 2851 1572 conjuncta
2887 1507 2938 1559 in
2973 1505 3060 1558 ta'i
3111 1503 3387 1558 voluntate

1812 1595 2129 1664 operatione
2161 1595 2300 1650 bona
2321 1595 2462 1652 bono
2486 1596 2642 1653 velle.
2671 1597 2816 1650 Sane
2840 1597 3081 1662 operatio
3105 1595 3238 1649 velle
3257 1609 3390 1649 con:

1806 1685 1993 1755 juncta
2023 1695 2125 1749 est,
2151 1685 2365 1740 etiamsi
2401 1686 2724 1756 plerumque
2753 1686 2948 1740 rationi
2998 1686 3386 1740 convenienter

1813 1777 2136 1848 impediatur
2164 1794 2192 1831 a
2225 1777 2593 1843 Providentia,
2623 1779 2838 1848 quando
2881 1793 2980 1848 pro
3035 1778 3215 1846 aliqua
3258 1777 3382 1832 uni-

104 1881 218 1933 o-q;
248 1866 359 1935 (50)
387 1867 487 1938 τῆς
507 1868 600 1922 τοῦ
630 1869 876 1924 διαϐόλου
900 1872 1092 1938 οὐσίας
1115 1881 1261 1950 παρὰ
1279 1877 1376 1950 τὴν
1396 1878 1504 1932 τῶν
1535 1879 1694 1948 ἁγίων

1811 1871 2000 1926 versali
2035 1872 2290 1937 utilitate,
2331 1872 2409 1926 rel
2437 1888 2536 1941 pro
2561 1872 2930 1941 qualicunque
2958 1871 3214 1936 utilitate,
3247 1886 3384 1940 opus

99 1955 352 2031 λογικῶν
383 1959 569 2019 οὐσίαν
589 1976 602 1990 ⁸
634 1961 819 2038 ὅμοιον
849 1963 904 2020 δὲ
935 1969 992 2020 ἐν
1021 1966 1196 2036 τούτῳ
1244 1986 1333 2040 μοι
1377 1968 1700 2023 πεπονθέναι

101 2055 372 2122 φαίνεται
403 2055 480 2127 τῷ
513 2055 706 2127 ἑτέραν
732 2055 920 2108 οὐσίαν
951 2053 1212 2123 φάσκοντι
1241 2055 1520 2127 ὀφθαλμοῦ
1558 2073 1700 2127 παρ-

99 2146 386 2215 ορῶντος,
435 2148 530 2198 καὶ
577 2147 768 2220 ἑτέραν
818 2147 1080 2217 ὁρῶντος·
1124 2148 1218 2202 καὶ
1269 2148 1460 2218 ἑτέραν
1517 2147 1702 2200 οὐσίαν

95 2238 289 2308 ἀκοῆς
325 2238 762 2309 παρακουούσης,
793 2239 884 2292 καὶ
912 2238 1080 2307 ὑγιῶς
1107 2237 1432 2310 ἀκουούσης.
1475 2240 1562 2302 Ὠς
1593 2239 1702 2311 γὰρ

95 2327 166 2377 ἐν
207 2327 424 2390 τούτοις
474 2330 657 2402 οὐχὶὴ
701 2329 859 2383 οὐσία
905 2329 1193 2401 διάφορος,
1242 2330 1378 2383 ἀλλὰ
1427 2347 1480 2383 τι
1531 2330 1718 2384 αἴτιον.

89 2418 528 2492 ἐπισυμὸέόηκε
586 2421 680 2475 τοῦ
734 2421 1091 2493 παρακούειν,
1137 2423 1232 2476 καὶ
1274 2423 1369 2476 τοῦ
1428 2424 1698 2494 παρορᾷν,

88 2509 290 2576 οὕτως
319 2514 521 2578 παντὸς
555 2515 647 2568 τοῦ
687 2516 986 2584 πεφυκότος
1027 2516 1168 2585 λόγῳ
1209 2515 1634 2588 παρακολουθεῖν
1665 2516 1699 2586 ἡ

93 2604 559 2677 παρακολουοικὴ
596 2607 750 2658 οὐσία
792 2609 824 2677 ἡ
865 2608 998 2679 αὐτή
1046 2609 1215 2674 ἐστιν,
1254 2607 1367 2660 εἴτε
1401 2606 1702 2678 παραδέχε-

90 2712 199 2748 ται
250 2694 342 2748 τὸν
389 2695 567 2764 λόγον,
617 2696 729 2750 εἴτε
780 2697 1030 2750 ἀνανεύει
1077 2698 1211 2771 πρὸς
1255 2698 1448 2752 αὐτόν·
1493 2698 1546 2752 τί
1589 2700 1699 2772 γὰρ

93 2784 363 2856 διαφέρει
411 2785 496 2855 ἐφ’
542 2785 702 2858 ἡμῶν
749 2787 857 2840 τῶν
909 2786 1211 2859 ἀνθρώπων
1254 2787 1314 2841 τὸ
1357 2789 1698 2860 παρακολου-

95 2872 288 2943 θῆσαν
317 2873 410 2927 τοῦ
440 2875 516 2945 μὴ
559 2876 1114 2946 παρακολουθοῦντος,
1142 2879 1242 2931 οὐκ
1276 2878 1341 2932 ἂν
1371 2878 1590 2951 ἔχοιμεν
1621 2882 1698 2934 εί-

97 2965 259 3027 πεῖν,
285 2967 334 3016 εί
371 2966 466 3019 καὶ
506 2965 646 3036 μετὰ
673 2967 735 3019 τὸ
771 2967 1004 3021 συνιέναι
1035 2967 1144 3020 τῶν
1172 2970 1498 3041 εἰρημένων,
1540 2973 1568 3025 6
1597 2972 1697 3042 μέν

97 3071 197 3118 τις
231 3057 515 3126 ἐπιιφίνας
561 3057 921 3126 συγκατέθετο
957 3057 1037 3129 τῷ
1083 3059 1358 3130 λεγομένῳ
1393 3061 1526 3131 (51),
1572 3064 1600 3116 6
1639 3062 1695 3116 δὲ

101 3146 371 3200 ἀνένευσε
413 3149 550 3219 πρὸς
581 3148 731 3202 αὑτό.
777 3149 1043 3212 Πολλάκις
1071 3149 1127 3202 δέ
1159 3149 1385 3221 εἴπομεν
1417 3151 1552 3223 (52),
1584 3153 1688 3217 ὅτι,

105 3233 212 3286 ἐὰν
249 3236 570 3308 συγχωρηθῇ
603 3234 760 3288 τοῦτο
791 3235 852 3288 τὸ
895 3236 1173 3300 ἀδύνατον,
1204 3236 1346 3306 λέγω
1372 3237 1427 3290 δὲ
1462 3239 1523 3292 τὸ
1553 3235 1690 3292 εἶναι

108 3325 304 3390 οὐσίας
343 3327 554 3399 ἐτέρας,
583 3329 675 3381 καὶ
707 3327 1054 3382 ἀνεπίδεκτον
1089 3328 1195 3381 τῶν
1234 3330 1555 3400 κρειττόνων
1600 3331 1691 3384 τὸν

110 3415 380 3479 διάϐολον,
415 3417 543 3489 περὶ
585 3417 683 3487 μὲν
727 3416 932 3470 ἐκείνου
978 3416 1454 3488 ἀπελογησάμεθα,
1489 3419 1565 3483 ὡς
1603 3420 1694 3474 06-

112 3506 288 3577 δαμοῦ
318 3506 488 3560 αἰτίου
516 3507 612 3578 τῆς
643 3506 927 3577 πονηρίας,
957 3506 1018 3558 τὸ
1047 3504 1104 3558 δὲ
1135 3505 1384 3578 ἔγκλημα
1410 3507 1489 3580 τῷ
1527 3510 1692 3563 αὐτὸν

113 3597 438 3652 οὐσιώσαντι
482 3598 577 3651 καὶ
621 3599 1084 3669 δημιουργήσαντι
1137 3598 1509 3668 προσὰψομεν,
1555 3601 1691 3673 ὅπερ

116 3690 233 3744 ἐστὶ
259 3689 471 3744 πάντων
502 3687 870 3743 ἀτοπώτατον.
905 3686 1174 3759 Πρόδηλον
1203 3687 1260 3740 δὲ
1295 3689 1355 3742 τὸ
1381 3691 1691 3761 παράλογον

115 3781 266 3834 ἔσται
309 3779 384 3851 τῷ
422 3780 815 3852 κατανοήσαντι
858 3781 1044 3852 ψυχῶν
1085 3781 1441 3854 ἀνθρωπίνων
1479 3783 1689 3850 οὐσίαν,

116 3871 212 3924 καὶ
255 3869 508 3934 ὲνιδόντι,
551 3871 632 3923 ὃτι
678 3870 958 3940 ἀμήχανόν
1009 3872 1178 3933 ἐστιν,
1230 3869 1418 3942 ὥσπερ
1465 3871 1692 3943 σώματα

117 3960 268 4033 παρὰ
311 3960 535 4030 σώματα
583 3957 719 4014 εἶναι
763 3959 1075 4033 ἀνθρώπινα
1124 3961 1316 4033 ἐτέρας
1364 3963 1457 4016 καὶ
1499 3965 1692 4036 ἐτέρας

112 4050 321 4114 οὐσίας,
363 4051 505 4104 οὕτω
547 4051 641 4105 καὶ
668 4051 848 4122 ψυχὰς
880 4051 1028 4124 παρὰ
1069 4051 1269 4123 ψυχὰς,
1314 4053 1406 4105 καὶ
1445 4055 1691 4124 νοητικὸν

114 4142 269 4214 παρὰ
308 4142 370 4195 τὸ
398 4143 665 4212 νοητικὸν,
703 4145 796 4196 καὶ
823 4143 884 4196 τὸ
919 4143 1254 4214 διανοητικόν
1291 4144 1442 4216 παρὰ
1472 4145 1532 4199 τὸ
1576 4146 1690 4199 δια-

111 4233 380 4304 νοητικόν.
425 4234 498 4286 Τὸ
531 4234 588 4286 δὲ
625 4235 808 4304 ὅμοιον
854 4235 999 4305 ἐρεῖς
1053 4235 1147 4288 καὶ
1179 4235 1272 4288 ἐπὶ
1301 4235 1399 4289 τοῦ
1448 4236 1685 4306 λογικοῦ,

112 4326 209 4378 καὶ
228 4325 316 4376 ἐπί
337 4324 444 4378 τῶν
467 4326 524 4378 ἐν
551 4327 616 4396 τῇ
644 4325 788 4394 ψυχῇ
813 4324 1114 4396 δυνάμεων,
1138 4325 1238 4396 τῆς
1258 4343 1317 4379 τε
1345 4344 1451 4397 μνη
1458 4329 1687 4400 μονικῆς

111 4417 210 4469 καὶ
251 4414 346 4486 τῆς
380 4414 554 4478 οὕτως
598 4416 992 4487 φανταστικῆς·
1041 4417 1254 4490 ἀνάγκη
1304 4417 1442 4489 γὰρ,
1482 4419 1531 4472 εί
1565 4421 1683 4474 ἐτε-

1719 3203 1765 3265 C

1803 1971 1884 2016 est
1909 1962 2228 2032 interrumpi
2256 1977 2390 2031 opus
2414 1963 2676 2030 deterius,
2702 1964 2998 2017 secundum
3021 1961 3384 2020 voluntatem.

1805 2049 1910 2106 Sed
1946 2051 1998 2104 in
2047 2051 2162 2105 hac
2221 2051 2400 2120 inquit
2443 2049 2789 2106 lleracleon:
2828 2072 2846 2104 ι
2871 2051 2961 2118 lli,
3017 2051 3082 2106 ad
3124 2067 3259 2120 quos
3299 2063 3380 2107 est

1803 2157 2004 2204 sermo,
2033 2157 2097 2196 ex
2128 2142 2434 2197 substantia
2467 2142 2667 2197 diaboli
2696 2153 2889 2210 erant;
2921 2161 2940 2194 ›
2973 2142 3200 2213 perinde
3227 2141 3381 2210 quasi

1804 2234 2001 2290 diaboli
2026 2236 2327 2290 substantia
2355 2236 2567 2289 diversa
2601 2235 2671 2289 sit
2704 2235 2771 2289 ab
2801 2236 3039 2290 essentia
3065 2245 3378 2290 sanctorum

1803 2328 2118 2396 angelorum
2157 2327 2384 2380 rationis
2415 2338 2681 2395 compote.
2725 2327 2804 2381 Ac
2846 2326 2980 2380 milii
3013 2326 3191 2380 simile
3219 2325 3380 2396 quida

1802 2422 1927 2474 dam
1954 2419 2006 2472 in
2040 2419 2138 2472 hoc
2169 2433 2360 2486 passus
2396 2416 2564 2473 fuisse
2587 2417 2822 2482 videtur,
2851 2427 3015 2486 atque
3049 2417 3138 2471 ille
3173 2419 3260 2486 qui
3294 2416 3379 2471 di-

1801 2525 2016 2566 versam
2047 2511 2345 2564 essentiam
2381 2510 2516 2564 dicit
2543 2525 2661 2565 esse
2691 2509 2832 2565 oculi
2861 2511 2976 2566 sani
3010 2519 3065 2564 et
3090 2509 3229 2564 oculi
3261 2523 3382 2578 per-

1802 2616 1987 2671 peram
2017 2601 2285 2668 videntis;
2324 2610 2373 2656 et
2406 2601 2636 2656 alteram
2675 2615 2798 2656 esse
2829 2601 3122 2656 essentiam
3161 2601 3380 2655 auditus

1799 2691 1999 2756 vitiati,
2039 2692 2268 2746 alteram
2315 2691 2534 2746 auditus
2589 2692 2730 2747 sani.
2767 2691 2837 2748 Ut
2866 2691 3012 2746 enim
3046 2693 3098 2744 in
3132 2691 3216 2745 his
3269 2705 3376 2745 non

1799 2784 2039 2840 essentia
2071 2783 2308 2846 diversa,
2352 2783 2446 2838 sed
2493 2797 2660 2838 causa
2714 2783 2961 2852 quaedam
3015 2781 3264 2850 contigit,
3319 2790 3380 2837 ut

1798 2875 2018 2930 auditus
2046 2873 2342 2946 oculusque
2374 2873 2732 2942 vitiarentur;
2769 2874 2849 2929 sic
2881 2871 3253 2942 cujuscunque
3284 2887 3374 2928 na-

1801 2976 1922 3021 tura
1950 2965 2061 3036 apti
2110 2967 2176 3021 ad
2209 2962 2608 3036 assequendam
2645 2967 2918 3039 rationem
2949 2964 3182 3021 essentia
3222 2980 3376 3019 asse-

1797 3058 2002 3124 cutiva,
2047 3056 2239 3112 eadem
2292 3066 2411 3122 est;
2468 3057 2581 3112 sive
2630 3057 2895 3112 rationem
2944 3057 3218 3122 admittat,
3262 3051 3378 3110 sive

1798 3162 1916 3202 eam
1949 3155 2163 3203 renuat.
2195 3147 2334 3215 Quid
2357 3150 2500 3203 enim
2535 3148 2586 3202 in
2620 3148 2775 3202 nobis
2801 3148 3112 3204 hominibus
3157 3147 3378 3202 dltl'erat

1798 3241 1880 3294 vis
1909 3238 1996 3292 illa
2025 3254 2145 3308 qua:
2175 3248 2421 3292 assecuta
2439 3248 2546 3304 est,
2571 3238 2638 3292 ab
2669 3251 2731 3292 ea
2760 3253 2879 3308 quae
2911 3253 3014 3292 non
3043 3240 3373 3307 assequitur,

1797 3329 1940 3384 haud
1969 3329 2217 3399 equidem
2262 3328 2442 3383 dicere
2477 3343 2705 3398 queam;
2760 3329 2975 3384 etiamsi
3032 3327 3200 3398 338
3250 3337 3373 3398 post

1795 3418 2063 3473 dictorum
2105 3418 2516 3488 intelligentiam
2573 3419 2713 3472 alter
2765 3420 2984 3488 quidem
3027 3435 3092 3474 ea
3147 3419 3373 3475 laudans

1795 3509 2109 3577 acquiescat
2145 3510 2310 3574 dicto,
2345 3509 2484 3563 alter
2529 3523 2656 3564 vero
2703 3508 2834 3563 illud
2883 3518 3095 3563 renuat.
3148 3509 3217 3562 At
3263 3508 3376 3563 fre-

1793 3609 2024 3670 quenter
2083 3601 2354 3668 diximus,
2407 3601 2451 3655 si
2504 3615 2824 3654 concessum
2883 3600 3046 3655 fuerit
3103 3602 3376 3657 essentia:

1795 3705 1916 3746 esse
1947 3692 2211 3756 diversas,
2242 3693 2384 3762 quod
2421 3692 2537 3746 ﬁeri
2568 3693 2782 3761 nequit,
2822 3693 3154 3760 minimeque
3192 3708 3373 3746 rerum

1794 3786 2171 3852 praestantium
2201 3799 2455 3853 capacem
2486 3784 2760 3838 diabolum
2793 3799 2934 3849 esse,
2963 3783 3199 3838 futurum
3229 3799 3371 3847 esse.

1796 3885 1852 3928 ut
1893 3875 1980 3929 ille
2010 3891 2039 3928 a
2083 3874 2240 3929 nobis
2275 3872 2610 3937 defendatur,
2643 3875 2867 3945 perinde
2899 3875 3052 3946 quasi
3089 3875 3372 3946 pravitatis

1795 3981 1902 4018 non
1938 3965 2008 4019 sit
2035 3975 2256 4032 auctor;
2290 3973 2475 4018 notam
2518 3963 2762 4036 alioquin
2795 3968 3061 4023 inusturis
3092 3969 3140 4022 ci
3177 3968 3267 4038 qui
3301 3968 3368 4022 il-

1794 4053 1902 4108 lum
1924 4057 2152 4120 creavit,
2185 4055 2388 4127 quique
2422 4057 2523 4128 ipsi
2566 4060 2862 4113 essentiam
2897 4070 2981 4116 est
3012 4060 3241 4130 largitus
3268 4077 3282 4128 ;
3312 4060 3364 4115 id

1791 4145 1933 4214 quod
1959 4147 2199 4202 omnium
2232 4149 2682 4205 absurdissimum
2724 4160 2827 4206 est.
2866 4153 3148 4208 Manifesta
3181 4163 3364 4208 autem

1791 4238 1897 4292 erit
1933 4238 2238 4294 absurditas
2270 4241 2500 4297 intuenti
2539 4243 2898 4298 humanarum
2933 4247 3239 4300 animarum
3274 4235 3374 4298 es?

1791 4329 2043 4393 sentiam,
2091 4339 2148 4384 et.
2193 4330 2497 4403 inspicienti
2545 4335 2687 4401 quod
2743 4337 3197 4406 quemadmodum
3248 4335 3365 4390 ﬁeri

1790 4421 1976 4490 nequit
2002 4432 2056 4475 ut
2087 4435 2312 4492 corpora
2345 4425 2580 4479 humana
2609 4427 2777 4495 magis
2802 4441 2962 4496 quam
2990 4425 3092 4480 alia
3127 4426 3363 4479 humana

114 4505 353 4577 ροούσιός
395 4507 507 4578 (55)
551 4508 701 4561 ἐστιν
748 4507 1032 4578 ἄνθρωπός
1061 4526 1145 4572 τις
1189 4509 1318 4582 παρ’
1348 4511 1554 4582 ἕτερον,
1591 4512 1683 4566 καὶ

1800 4523 2036 4580 corpora,
2072 4511 2184 4566 sint
2231 4513 2454 4569 alterius
2485 4523 2539 4569 et
2571 4514 2796 4571 alterius
2816 4517 3092 4582 essentia),
3128 4518 3200 4571 ita
3241 4516 3360 4571 tieri

108 4600 440 4668 ἑτερογενεῖς
484 4594 622 4653 εἶναι
649 4598 750 4663 τὰς
781 4599 878 4669 τῆς
911 4597 1090 4668 ψυχῆς
1125 4598 1402 4670 δυνάμεις,
1439 4600 1534 4654 καὶ
1565 4601 1682 4653 ὲτε-

113 4686 309 4758 ρογενῆ
343 4684 504 4752 εἶναι,
545 4687 678 4758 φέρε
711 4686 906 4748 εἰπεῖν,
933 4686 1032 4755 τὴν
1063 4687 1422 4758 μνημονικὴν,
1451 4689 1546 4742 καὶ
1577 4689 1680 4760 τὴν

110 4777 474 4849 διανοητικὴν,
499 4777 650 4849 παρὰ
689 4776 789 4847 τὴν
826 4775 1190 4848 διανοητικὴν.
1229 4778 1594 4844 Ἐξεταζέσθω
1621 4781 1678 4834 δὲ

113 4871 150 4922 ὁ
181 4870 328 4938 λόγος
355 4872 484 4942 περὶ
509 4869 733 4936 τούτων,
775 4867 812 4923 ἃ
851 4869 1050 4942 ὁμοίως
1088 4869 1156 4923 ἂν
1187 4870 1378 4941 νοήσαι
1421 4871 1516 4924 καὶ
1561 4873 1680 4925 δια-

115 4962 358 5035 νοηθείη·
405 4961 545 5016 ὦστε
591 4961 686 5015 καὶ⁸
720 4959 1115 5032 παραπλησίως
1159 4959 1681 5034 συγκαταθέσθαι,ῆ

120 5057 371 5125 ἐπισχεῖν,
397 5055 431 5126 ἢ
461 5054 750 5107 ἀνανεῦσαι
778 5053 837 5108 ὅν
869 5069 1032 5122 φασιν
1072 5053 1268 5105 ἐκεῖνοι
1296 5051 1682 5124 πνευματικὸν,

191 5189 234 5219 σο
265 5188 454 5261 Philip.
487 5206 545 5255 ιι,
575 5191 663 5248 ιε.

191 5303 295 5381 (48)
317 5303 571 5381 (ΞοιιὶοςειιΔ
595 5307 920 5381 Bodleianus
965 5317 1020 5362 et
1071 5309 1401 5381 Darlierinus
1423 5352 1437 5378 ,
1489 5309 1674 5381 αὐτῷ·

131 5375 519 5448 Regitts,_a616,
549 5377 688 5448 [orte
720 5377 1004 5448 legendum
1035 5379 1224 5432 αὐτοῦ.

191 5443 292 5564 Si?)
321 5443 502 5501 COdex
554 5443 798 5518 Regius;
823 5450 1100 5517 συνεργεῖν
1125 5464 1140 5478 ·
1187 5449 1528 5515 Bodleianus,
1562 5469 1679 5506 συν-

122 5528 281 5585 εΡΥὲἕ·

190 5582 291 5666 ςόθ)
326 5584 418 5651 Ὦς
445 5586 650 5666 ἐτέρας
679 5587 888 5653 οὔσης.
913 5596 1020 5642 etc.
1055 5585 1304 5654 Ejusdem
1349 5590 1532 5666 οὐσίας
1557 5605 1678 5646 esse

121 5658 357 5726 opinatus
382 5665 466 5726 est
523 5658 785 5726 Origenes
833 5672 1169 5726 quaecunque
1215 5661 1437 5724 prtcdita
1494 5673 1676 5716 essent

123 5723 338 5796 ratione.
371 5723 1142 5796 Corporis'solutndiscrimen
1181 5723 1400 5793 aliquod
1453 5730 1674 5796 angelos

128 5795 256 5848 inter
281 5803 334 5846 ct
363 5795 636 5850 dmmoucs
665 5795 970 5861 constituit,
999 5807 1057 5851 ut
1103 5799 1154 5851 iu
1205 5795 1550 5866 Orig/cuiauis
1582 5801 1672 5856 dc-

773 5192 814 5229 ⁶ι
849 5191 1005 5246 Rom.
1041 5207 1158 5260 vm,
1192 5192 1283 5248 28.
1360 5195 1405 5224 "
1437 5194 1574 5250 Gen.
1611 5210 1657 5259 ι,
1691 5196 1781 5251 3|.

1789 4616 1895 4656 non
1925 4616 2083 4672 posse
2107 4612 2165 4656 ut
2191 4605 2384 4661 animae
2419 4607 2590 4676 magis
2615 4622 2776 4676 quam
2810 4609 2930 4662 alia
2955 4608 3172 4673 animae,
3199 4617 3253 4662 et
3276 4621 3364 4666 res

1789 4692 2214 4748 ad'intellectum
2249 4705 2505 4764 spectans
2552 4698 2722 4767 magis
2750 4714 2914 4768 quam
2959 4713 3049 4754 res
3079 4699 3146 4753 ad
3198 4700 3359 4754 intel-

1785 4781 1987 4836 lectum
2037 4792 2311 4851 spectans,
2351 4795 2408 4839 et
2453 4786 2538 4840 vis
2576 4787 2848 4856 cogitandi
2876 4789 3047 4858 magis
3074 4805 3236 4861 quam
3271 4791 3351 4846 vis

1785 4871 2080 4940 cogitandi,
2107 4871 2179 4926 sit
2211 4871 2435 4930 alterius
2454 4876 2720 4931 essentne.
2757 4877 2903 4932 idem
2929 4881 3076 4936 dices
3105 4882 3269 4938 etiam
3295 4883 3365 4938 de

1785 4975 1852 5016 eo
1881 4962 2024 5031 quod
2067 4963 2293 5019 rationis
2335 4974 2418 5022 est
2456 4980 2698 5036 compos,
2740 4979 2795 5025 et
2836 4973 2904 5026 de
2947 4973 3207 5041 potentiis
3244 4988 3363 5042 quat

1790 5061 1915 5106 sunt
1947 5053 1999 5107 in
2027 5054 2248 5124 anima;
2285 5072 2477 5130 nempe
2512 5060 2578 5114 de
2609 5063 2848 5132 potentia
2882 5065 3176 5130 memoriae,
3209 5074 3264 5118 et
3297 5065 3363 5118 de

1788 5311 2227 5382 monstravimus.
2260 5312 2392 5367 Cum
2432 5328 2562 5382 ergo
2595 5315 2689 5369 lib.
2720 5332 2799 5379 Ill,
2832 5334 2979 5370 unm.
3030 5320 3119 5381 57,
3176 5330 3361 5376 contra

1786 5377 1995 5453 Celsum
2027 5382 2140 5453 inec
2163 5384 2366 5453 scripta
2394 5377 2672 5453 reliquerit
2697 5405 2710 5440 :
2735 5377 2798 5441 Oi
2836 5386 2892 5440 δὲ
2925 5387 3018 5440 τοῦ
3051 5377 3186 5442 Θεοῦ
3223 5387 3359 5446 θεῖοι

1785 5450 1878 5502 καὶ
1911 5447 2055 5518 ἅγιοι
2081 5447 2301 5534 αγγελοί
2329 5453 2493 5534 ᾇλλης
2507 5447 2642 5533 laici.
2680 5455 2908 5534 ,φύσεως
2954 5459 3050 5534 καὶ
3098 5461 3352 5534 προαιρέ-

1786 5536 1922 5600 σεως
1954 5520 2106 5600 παρὰ
2125 5523 2285 5600 ..τοὺς
2313 5523 2417 5600 ,ἐπὶ
2449 5520 2590 5600 ’γῆς’
2624 5520 2829 5600 πάντας
2878 5520 3154 5600 δαίμονας,
3208 5520 3371 5586 vide-

1787 5588 2071 5665 uinetis-tv
2105 5591 2416 5665 disti_nx_i_ss_e
2445 5588 2717 5665 ειῦὀὺσία.
2757 5588 3015 5654 libertus.

1858 5659 1970 5736 (ξι)
1997 5660 2174 5736 tim-lex
2192 5659 2546 5736 _Bodleiant_ts,
2581 5659 2874 5736 εἰρημένῳ.

1854 5729 1969 5804 (ii?)
1990 5730 2164 5804 Dede:
2189 5729 2406 5804 Regius,
2435 5729 2888 5804 εῖποιμένζίιιειιο.

1855 5797 1968 5870 (55)
1995 5797 2140 5855 idem
2163 5797 2333 5856 codex
2358 5797 2597 5870 Regius,‘
2613 5797 2950 5873 ἑτερούσιος.
