3924 6196
173 345 308 402 633

1263 339 1620 397 COMMENT.
1659 348 1733 394 IN
1759 340 1956 394 JOAN.
1994 337 2236 394 TOMUS
2269 337 2389 395 XX.

3361 341 3467 396 656

171 465 416 538 νεκρῶν
447 466 871 540 γεγραμμένοις,
907 461 1018 520 οἷον
1067 448 1224 518 τοῦτο
1256 462 1401 535 (69)·
1454 465 1560 530 Εις
1609 460 1774 516 τοῦτ(

1893 461 1997 516 hoc
2023 460 2068 494 "
2097 479 2112 516 :
2146 457 2211 514 lu
2237 467 2336 512 nos
2357 460 2496 514 enim
2533 457 2696 530 352
2731 457 2974 513 Christus
3001 466 3051 512 et
3091 465 3332 510 mortuus
3370 465 3474 522 est.

171 556 314 625 γὰρ
351 555 608 624 Χριστὸς
655 555 938 620 ἀπέθανε,
972 554 1070 608 καὶ
1116 553 1367 621 ἀνέστη,
1411 553 1512 608 ἵνα
1548 553 1648 607 καὶ
1687 569 1788 607 re-

171 645 360 712 κρῶν
413 647 514 700 καὶ
554 644 781 708 ᾇῦντων
817 646 1132 714 κιφιεύσῃ,
1155 645 1274 716 δψει
1318 645 1442 700 τινα
1471 645 1671 718 τρόπον
1695 645 1785 700 διὰ

168 737 550 792 τὸνθάνατον
604 737 697 792 τοῦ
732 739 906 810 Ἰησοῦ
941 739 1063 793 οὐδὲ
1112 737 1222 792 τῶν
1279 738 1492 810 νεκρῶν
1541 736 1786 810 κυριεύει

172 827 271 881 ἔτι
296 853 308 863 ·
347 829 587 882 ἀπέθανε
611 829 721 903 γὰρ
765 831 794 885 6
828 830 1056 902 Ἰησοῦς,
1087 831 1174 885 ἵνα
1201 829 1296 885 καὶ⁹
1327 830 1534 903 νεκρῶν
1563 829 1786 903 κυριεύ-

176 937 292 991 σῃο
326 921 453 974 ὅσον
492 921 590 992 μὲν
612 917 708 976 οῦν
752 921 819 994 ζῇ
848 925 876 976 6
907 921 1214 994 ἄνθρωπος,
1262 923 1324 977 οῦ
1359 925 1517 996 φορεῖ
1559 921 1658 994 τὴν
1684 921 1783 976 τοῦ

176 1011 382 1081 χοϊκοῦ
437 1012 618 1067 εἰκόνα
636 1029 653 1044 ο
704 1013 1066 1084 ἀποθνήσκων
1113 1013 1193 1077 δὲ,
1244 1012 1338 1066 καὶ
1391 1011 1785 1084 ἀναιρούμενος

177 1103 301 1157 ὑπὸ
339 1103 434 1158 τοῦ
461 1103 932 1175 ἁνθρωποκτόνου,
970 1105 1086 1176 ἅμα
1109 1121 1169 1157 τε
1207 1104 1268 1157 οὐ
1299 1103 1512 1174 συνέχει
1549 1101 1658 1174 (70)
1683 1102 1782 1174 τὴν

176 1195 286 1249 τοῦ
345 1195 482 1250 Θεοῦ
516 1197 722 1264 εἰκόνα,
767 1199 861 1250 καὶ
893 1195 1266 1267 ἀναλαμϐάνει
1311 1194 1411 1266 τὴν
1455 1193 1550 1248 τοῦ
1593 1194 1781 1264 χοϊκοῦ

180 1288 288 1340 καὶ
346 1286 576 1359 νεκροῦ*
621 1288 814 1360 νεκρὸς
857 1287 968 1360 γὰρ
1016 1288 1046 1340 6
1098 1286 1300 1359 χοῖκδς,
1354 1283 1546 1356 ὥσπερ
1595 1283 1705 1347 ζῶν
1753 1285 1782 1337 6

181 1379 518 1450 ἐπουράνιος
539 1395 552 1410 ο
593 1379 686 1433 καὶ
712 1381 740 1433 6
772 1379 904 1444 Θεὸς
935 1381 1035 1433 οὐκ
1071 1378 1186 1431 ἐστι
1207 1377 1437 1449 νεκρῶν,
1475 1376 1612 1431 ἀλλὰ
1647 1376 1781 1442 ζών-

181 1489 298 1523 των
340 1471 508 1534 Θεόςο
540 1471 730 1544 διόπερ
761 1473 810 1526 ει
849 1473 947 1544 μὲν
978 1469 1387 1541 συνανέστημεν
1421 1470 1479 1522 ὲν
1502 1468 1780 1539 καινότητι

181 1561 343 1633 ζωῆς
377 1563 825 1636 περιπατοῦντες,
854 1566 883 1618 6
920 1563 1055 1626 Θεός
1097 1563 1247 1615 ὲστιν
1275 1561 1466 1632 ἡμῶνο
1498 1563 1546 1614 ει
1595 1561 1652 1614 δὲ
1699 1560 1779 1614 ἔτι

181 1653 362 1725 ἐσμὲν
391 1657 448 1708 ὲν
475 1659 710 1726 νεκροῖς,
739 1658 768 1709 6
812 1655 947 1718 Θεὸς
974 1655 1032 1708 δὲ
1070 1654 1132 1708 οὐ
1161 1653 1393 1726 νεκρῶν,
1441 1655 1535 1708 καὶ
1563 1655 1590 1706 6
1618 1656 1650 1724 ἡ
1661 1654 1780 1724 μῶν

1888 569 1936 614 et
1967 563 2350 621 resurrexit,“
2372 564 2700 608 marmorum
2723 569 2788 606 ac
2815 551 3090 606 viventium
3115 552 3183 606 sit
3208 551 3473 619 princeps.

1887 647 2100 703 videbis
2125 645 2402 717 quomodo
2432 657 2530 713 per
2575 652 2810 698 mortem
2837 640 2966 697 Jesu
3021 656 3088 695 ne
3133 651 3472 696 mortuorum

1886 739 2103 811 quidem
2135 737 2370 808 amplius
2403 737 2472 792 sit
2498 735 2586 791 ille
2634 735 2908 806 princeps.
2947 733 3196 789 Mortuus
3215 744 3298 789 est
3329 735 3475 789 enim

1885 829 2062 898 Jesus,
2095 840 2153 885 ut
2176 827 2407 884 mortuis
2443 826 2610 881 etiam
2641 827 2957 881 dominetur
2987 841 3002 878 :
3031 837 3195 894 atque
3233 825 3475 894 qtmndiu

1886 922 2018 976 vivit
2055 923 2238 987 homo,
2291 933 2400 974 non
2428 917 2568 988 gerit
2599 916 2892 987 imaginem
2933 917 3136 971 terreni
3165 934 3182 979 ;
3217 916 3312 970 sed
3351 931 3474 971 cum

1887 1015 2138 1078 moritur.
2175 1015 2614 1085 interﬁciturque
2644 1015 2714 1067 ab
2765 1011 3040 1067 homicida
3073 1011 3188 1076 illo,
3215 1020 3326 1065 tum
3358 1024 3479 1080 per-

1883 1106 1960 1160 dit
1993 1107 2084 1162 Dei
2122 1107 2434 1177 imaginem.
2467 1116 2580 1160 tum
2617 1105 2808 1174 recipit
2841 1103 3136 1173 imaginem
3169 1101 3479 1164 terreni.et

1884 1198 2282 1266 mortillcatur;
2322 1209 2570 1253 mortuus
2607 1197 2755 1252 enim
2787 1206 2868 1250 est
2900 1206 3174 1258 terrenus.
3200 1193 3480 1264 quomodo

1885 1290 2039 1345 vivus
2069 1299 2151 1344 est
2183 1289 2622 1360 superi-mlestis;
2647 1299 2702 1343 et
2736 1288 2876 1342 Deus
2909 1303 3015 1341 non
3043 1297 3126 1342 est
3157 1286 3298 1341 Deus
3328 1301 3478 1340 tnor-

1885 1393 2123 1447 tuormn,
2161 1382 2255 1438 Sed
2279 1380 2574 1437 virentium
2603 1399 2618 1447 ;
2647 1397 2780 1452 ergo
2798 1383 2840 1436 si
2875 1380 3091 1449 quidem
3126 1381 3479 1435 consurrexi-

1883 1489 2004 1530 mus
2033 1475 2088 1529 in
2129 1475 2375 1530 novitate
2401 1475 2525 1528 vita:
2550 1474 2915 1535 anibulantes,
2959 1472 3100 1526 Deus
3130 1477 3216 1526 est
3244 1481 3472 1536 noster;

1879 1567 2022 1636 quod
2059 1568 2104 1621 si
2157 1581 2288 1621 vero
2335 1566 2513 1619 adhuc
2579 1566 2723 1619 inter
2785 1573 3030 1617 mmtuos
3081 1578 3302 1626 sumus.
3351 1579 3474 1618 cum

1881 1659 2023 1713 Deus
2046 1673 2152 1712 non
2179 1658 2251 1712 sit
2275 1667 2634 1720 mortuorum,
2664 1671 2730 1710 ne
2753 1658 2927 1711 nostri
2952 1656 3169 1726 quidem
3183 1656 3288 1709 erit
3311 1656 3472 1710 Deus.

181 1745 290 1798 οὐκ
322 1745 476 1801 ἔσται
507 1747 658 1811 Θεός.
699 1744 1112 1819 Παράκειταιδὲ
1141 1744 1220 1816 τῷ
1253 1741 1525 1809 ἐξετάζειν
1548 1745 1618 1797 τά
1645 1745 1774 1815 περὶ

1877 1748 2144 1804 Cmtcrum
2189 1747 2452 1802 instituta:
2493 1747 2844 1816 disputatiOni
2878 1747 2946 1802 de
2979 1761 3044 1801 eo
3071 1747 3162 1815 qui
3210 1756 3330 1801 erat
3371 1747 3472 1802 bo—

181 1835 283 1889 τοῦ
317 1837 415 1891 ἀπ’
447 1839 626 1909 ἀρχῆς
673 1837 768 1891 ἀνθ
781 1837 1146 1907 ρωποκτόνου,
1195 1837 1290 1889 καὶ.
1335 1835 1396 1888 τὸ
1449 1836 1576 1888 ἰδεῖν
1625 1835 1774 1898 τίνας

1880 1839 2074 1896 micida
2101 1837 2168 1893 ab
2200 1837 2377 1902 initio,
2401 1837 2712 1907 proximum
2737 1845 2842 1900 est,
2866 1845 2925 1890 ut
2951 1838 3232 1892 videmnus
3261 1837 3473 1908 aliquos

181 1929 424 2000 νεκροὺς
459 1930 580 2000 μὲν,
609 1929 710 1984 οὐκ
753 1931 812 1982 ὲν
839 1929 984 2000 ἄλλῳ
1019 1929 1078 1982 δὲ
1110 1930 1143 2000 ἢ
1173 1929 1232 1980 ἐν
1268 1926 1490 2000 Χριστῷ
1523 1927 1772 1999 νεκροὺς,

181 2019 236 2073 οἳ
273 2021 370 2074 καὶ
422 2021 638 2092 πρῶτον
689 2022 1084 2093 ἀναστήσονται
1103 2039 1116 2053 ·
1175 2021 1304 2092 περὶ
1346 2014 1421 2074 ὧν
1456 2021 1513 2073 ὲν
1567 2021 1665 2092 μὲν
1706 2023 1776 2092 τῇ

183 2112 333 2183 πρὸς
360 2112 678 2184 Κορινθίους
708 2111 850 2166 οῦτω
875 2113 1093 2181 λέγεται
1117 2129 1131 2144 ο
1163 2113 1457 2167 Σανιπίσει
1512 2112 1642 2184 τὰρ,
1677 2112 1778 2166 καὶ

187 2203 248 2256 οι
279 2203 483 2270 νεκροὶ
508 2202 953 2270 ἀναστήσονται
982 2202 1294 2274 ἄφθαρτοι,
1342 2204 1442 2257 καὶ
1472 2203 1642 2273 ἡμεῖς
1669 2205 1780 2258 ἀλ·-

187 2295 602 2364 λαγησόμεθα·
638 2297 696 2348 ἐν
740 2295 797 2348 δὲ
828 2298 894 2367 τῇ
936 2297 1075 2367 πρὸς
1103 2295 1555 2360 Θεσσαλονικείςο
1595 2295 1779 2350 Τοῦτο

187 2385 305 2454 γὰρ
335 2385 476 2455 ὑμῖν
495 2385 752 2457 λέγομεν
774 2387 844 2440 ἐν
862 2389 1023 2458 λόγῳ
1055 2388 1166 2458 (7|)
1193 2389 1437 2457 Κυρίου,
1479 2388 1567 2442 ὅτι
1607 2389 1782 2460 ἡμεῖς

187 2476 246 2528 οι
277 2473 510 2546 ζῶντες,
542 2479 594 2530 ol
648 2477 1122 2544 περιλειπόμενοι
1166 2480 1253 2544 εις
1285 2478 1400 2546 τὴν
1435 2479 1781 2547 παρουσίαν

187 2565 299 2619 τοῦ
323 2567 568 2634 Κυρίου,
599 2569 672 2621 οὐ
695 2566 784 2636 μὴ
814 2567 1138 2637 φθάσωμεν
1173 2571 1315 2636 τοὺς
1347 2570 1736 2640 κοιμηθέντας
1760 2587 1773 2601 ⁶

189 2654 280 2710 ὅτι
315 2657 499 2723 αὐτὸς
527 2661 561 2711 ό
591 2659 808 2726 Κύριος
849 2659 920 2712 ἐν
949 2661 1332 2730 κελεύσματι,
1371 2662 1442 2714 ἐν
1477 2661 1650 2732 φωνῇ
1680 2663 1781 2730 ἀρ-

193 2746 516 2816 χαγγέλου,
572 2749 672 2802 καὶ
717 2751 790 2803 ἐν
834 2749 1124 2822 σάλπιγγι
1179 2752 1328 2807 Θεοῦ
1383 2753 1779 2820 καταϐήσεται

192 2837 294 2894 ἀπ’
319 2837 604 2906 οὐρανοῦ,
629 2840 724 2892 καὶ
749 2841 804 2893 ol
827 2840 1029 2908 νεκροὶ
1058 2841 1128 2893 ἐν
1150 2841 1382 2908 Χριστῷ
1399 2842 1782 2910 ἀναστήσον-

196 2945 289 2982 ται
313 2928 568 2997 πρῶτον,
597 2930 803 2985 ἔπειτα
825 2931 996 3002 ἡμεῖς
1018 2935 1073 2986 ol
1100 2932 1332 3000 ζῶντες,
1362 2938 1418 2989 ol
1445 2939 1781 3006 περιλειπό-

189 3037 359 3088 μενοι
386 3019 506 3090 ἅμα
529 3021 652 3076 σὺν⁴
673 3022 878 3089 αὐτοῖς
911 3025 1379 3096 ἁρπαγησόμεθα
1403 3028 1474 3080 ἐν
1497 3029 1782 3099 νεφέλαις

197 3112 283 3176 εἰς
326 3111 668 3182 ἀπάντησιν
697 3113 802 3167 τοῦ
857 3115 1082 3183 Kvplov
1124 3119 1214 3183 εἱς
1261 3115 1428 3185 ἀέρα,
1479 3119 1575 3172 καὶ
1626 3121 1778 3174 οὕτω

194 3199 453 3255 πάντοτε
489 3200 612 3254 σὺν
639 3202 836 3270 Kvpltp
867 3202 1146 3273 ἐσόμεθα.
1172 3204 1284 3258 Καὶ
1309 3206 1546 3277 ἠγοῦμαι
1569 3207 1782 3274 ζῶντας

199 3289 299 3359 μὶν
321 3285 458 3343 εἶναι
489 3291 547 3343 ὲν
574 3288 794 3360 Χριστῷ
823 3292 948 3354 τοὺς
981 3290 1454 3363 τετελειωμένους,
1489 3297 1584 3348 καὶ
1609 3297 1785 3368 μηδα-

202 3383 316 3454 μῶς
366 3381 445 3434 ἑτι
506 3383 784 3453 ἁμαρτίαν
839 3381 1281 3454 ἐργαζομένους⁸
1336 3389 1563 3458 νεκροὺς
1613 3389 1670 3444 δὲ
1717 3392 1776 3443 ὲν

195 3476 415 3546 Χριστῷ
439 3478 564 3540 τοὺς
591 3475 972 3546 διακειμένους
1010 3476 1111 3548 μὲν
1150 3478 1293 3532 κατὰ
1327 3480 1426 3552 τὴν
1460 3481 1518 3534 ὲν
1552 3481 1776 3554 Χριστῷ

198 3567 400 3632 πίστιν,
451 3567 544 3619 καὶ
595 3565 1063 3637 προαιρουμένους
1109 3567 1258 3638 βιοῦν
1307 3569 1509 3635 καλῶς,
1551 3572 1610 3624 o6
1669 3572 1776 3644 μὴν

197 3657 295 3728 ἤδη
323 3657 774 3732 κατωρθωκότας,
807 3657 921 3710 ἀλλ’
950 3657 1032 3711 ἔτι
1061 3661 1476 3733 ἁμαρτάνοντας
1512 3663 1629 3734 ἦτοι
1653 3665 1773 3718 κατ’

193 3748 416 3817 ἄγνοιαν
449 3748 540 3802 τοῦ
570 3749 832 3821 ἀκριϐοῦς
879 3752 1008 3824 περὶ
1034 3750 1378 3824 δικαιοσύνης
1405 3754 1638 3824 ἀληθοῦς
1687 3755 1774 3810 λό-

197 3857 315 3907 γου.
349 3840 407 3910 ἦ,
450 3841 592 3894 κατὰ
627 3840 911 3897 ἀσθένειαν
951 3843 1269 3913 νικωμένων
1311 3843 1419 3898 τῶν
1465 3847 1771 3918 χριμάτων,

197 3930 304 3993 ἀπὸ
329 3930 425 4000 τῆς
454 3930 830 4003 ἐπιθυμούσης
878 3931 1020 3985 κατὰ
1062 3933 1157 3986 τοῦ
1193 3935 1501 4009 πνεύματος
1546 3941 1768 4011 σαρκός.

201 4021 306 4080 Καὶ
332 4021 540 4085 τούτοις
563 4038 628 4090 γε
651 4021 944 4075 ἀκόλουθόν
973 4023 1092 4075 ἐστι
1131 4023 1222 4078 τὸν
1252 4025 1484 4090 Παῦλον,
1517 4029 1773 4084 αἰσθανό-

201 4127 354 4184 μενον
386 4109 605 4174 ἑαυτοῦ,
639 4110 838 4180 λέγειν,
869 4109 955 4164 διὰ
977 4111 1040 4164 τὸ
1063 4111 1162 4182 ἤδη
1197 4113 1638 4187 κατωρθωκέναι,
1664 4119 1726 4171 τό
1752 4132 1769 4149 ⁸

208 4200 392 4270 Ἡμεῖς
433 4204 486 4254 οὶ
523 4199 756 4268 ζῶντες,
799 4206 851 4256 οἱ
884 4204 1360 4272 περιλειπόμενοι
1396 4205 1530 4276 (72).
1557 4205 1666 4272 Οῦς
1711 4208 1768 4262 δὲ

199 4294 492 4364 εἰρήκαμεν
519 4294 764 4363 νεκροὺς,
796 4287 940 4347 οῦτοι
977 4295 1211 4366 μάλιστα
1243 4296 1454 4351 δέονται
1493 4299 1592 4369 τῆς
1636 4301 1769 4354 άνα-

199 4385 453 4449 στάσεως,
485 4384 604 4437 οὐδὲ
633 4383 740 4437 τῶν
760 4383 977 4450 ζώντων
1003 4387 1318 4458 δυναμένων
1351 4390 1669 4461 ἁρπαγῆναι
1705 4393 1765 4445 ὲν

197 4475 436 4544 νεφέλαις
467 4479 545 4540 εἰς
580 4477 886 4548 ἀπάντησιν
920 4477 1014 4531 τοῦ
1066 4480 1273 4560 Κυρίου
1319 4482 1398 4544 εἰς
1429 4482 1588 4553 ἀέρα,
1632 4484 1762 4555 πρὶν

199 4567 403 4644 πρῶτον
437 4569 563 4631 τοὺς
590 4570 648 4622 ὲν
676 4569 892 4641 Χριστῷ
923 4571 1150 4644 νεκροὺς
1185 4571 1482 4642 ἀναστῆναι
1501 4590 1514 4602 ·
1548 4573 1627 4628 διὸ
1667 4575 1761 4643 γέ·-

199 4673 458 4728 γραπται·
512 4661 577 4711 οι
647 4645 968 4736 νεκροιὲν
1019 4660 1254 4728 Χριστῷ
1311 4663 1762 4730 ἀναστήσονται

196 4737 438 4828 πρῶτον,
474 4748 678 4812 ἔπειτα
704 4749 876 4818 ἡμεῖς
903 4753 959 4803 ol
994 4749 1204 4824 ζῶντες
1231 4751 1364 4824 (75),
1393 4754 1486 4813 καὶ
1510 4755 1578 4808 τὰ
1611 4755 1757 4828 ἑξῆς.

211 4840 538 4911 Ἐπιστήσεις
567 4843 625 4895 δὲ
653 4845 702 4896 εἰ
735 4829 829 4898 καὶ
859 4843 948 4896 διὰ
971 4843 1068 4916 τὴν
1095 4844 1568 4916 ᾁνθρωποκτονίαν
1595 4849 1760 4902 αὑτοῦ

197 4931 286 4992 οὐκ
311 4931 375 4984 ἂν
411 4934 684 4999 συστάντα
728 4936 798 4987 τὰ
829 4935 922 4994 ἐπὶ
952 4919 1052 5004 τῆς
1092 4937 1495 5014 ὲπικαταράτου
1544 4940 1666 5010 γῆς,
1701 4943 1760 4994 ὲν

198 5025 297 5088 toi;
331 5023 510 5096 ἔργοις
546 5025 639 5080 τοῦ
670 5026 1026 5098 ἐκϐληθέντος
1058 5028 1164 5081 ἀπὺ
1188 5023 1298 5081 τοῦ
1318 5029 1643 5102 παραδείσου
1663 5034 1760 5104 τῆς

198 5113 390 5183 τρυφῆς
435 5114 626 5186 Ἀδὰμ,
652 5116 902 5184 συνέστη.
933 5116 1080 5189 Πλὴν
1117 5119 1562 5191 ἀνθρωποκτόνος
1607 5109 1759 5186 οὗτος

197 5204 294 5256 ἀπὸ
327 5205 421 5274 τῆς
449 5205 558 5258 τῶν
587 5207 957 5278 ἐνεστηκότων
987 5209 1210 5278 γέγονεν
1237 5211 1412 5284 ἀρχῆς
1433 5228 1448 5248 ’
1482 5213 1651 5277 ὅστις,
1683 5210 1760 5267 οἴ-

90 5351 92 5353 ,
202 5313 304 5365 μαι,
333 5299 622 5371 γενόμενος
665 5303 807 5374 ἀρχὴ
855 5303 1171 5374 πλάσματος
1217 5305 1447 5376 Κυρίου,
1493 5305 1758 5376 ἐφθόνησε

1877 1929 2094 2001 quidem
2128 1934 2372 1984 mortuos
2403 1941 2548 1994 esse,
2573 1925 2664 1981 sed
2707 1941 2814 1980 non
2861 1925 2915 1980 in
2947 1925 3077 1992 alio,
3109 1938 3469 1998 praeterquam

1878 2023 1932 2077 in
1980 2021 2244 2084 Christo;
2275 2019 2367 2088 qui
2407 2018 2571 2074 etiam
2609 2020 2842 2088 pritnum
2898 2022 3264 2075 resurrecturi
3294 2029 3466 2086 sunt;

1880 2113 1946 2168 de
1969 2111 2166 2182 quibus
2196 2110 2250 2165 in
2283 2109 2520 2181 Epistula
2571 2111 2637 2163 ad
2684 2109 3002 2167 Corinthios
3043 2110 3123 2167 sic
3153 2113 3350 2168 dicitur
3373 2113 3421 2145 ⁷⁸
3451 2130 3468 2168 :

1880 2203 2097 2274 Clanget
2115 2204 2251 2258 enim
2275 2203 2423 2268 tuba,
2438 2210 2486 2256 et
2507 2202 2708 2256 mortui
2730 2213 3000 2272 resurgent
3017 2203 3468 2273 incorruptibiles,

1880 2306 1925 2349 et
1950 2311 2044 2348 nos
2075 2295 2496 2348 immutabimur.
2538 2291 2596 2346 In
2633 2292 2874 2361 Epistula
2905 2309 3038 2348 vero
3071 2298 3138 2348 ad
3175 2294 3472 2350 Thessalo-

1882 2386 2130 2441 nicenses
2145 2386 2191 2416 "'
2215 2403 2231 2442 :
2252 2383 2364 2438 Hoc
2394 2384 2534 2438 enim
2558 2385 2700 2437 vobis
2723 2384 2950 2439 dicimus
2974 2386 3029 2440 in
3052 2385 3203 2440 verba
3232 2385 3464 2451 Domini,

1879 2478 2019 2545 quod
2049 2493 2140 2530 nos
2171 2477 2262 2546 qui
2295 2478 2543 2542 vivemus,
2576 2477 2668 2546 qui
2704 2477 2894 2546 reliqui
2924 2479 3118 2531 erimus
3158 2478 3212 2532 in
3240 2478 3469 2532 aduentu

1881 2567 2120 2632 Domini,
2151 2583 2478 2636 nequaquam
2503 2569 2882 2633 pra'veniemus
2909 2583 2996 2620 eos
3020 2568 3112 2636 qui
3155 2566 3422 2619 dormiunt
3449 2581 3472 2623 ε

1879 2660 2131 2729 quoniam
2159 2659 2268 2727 ipse
2294 2656 2552 2711 Dominus
2582 2673 2698 2710 cum
2727 2658 2968 2720 hortatu,
3001 2667 3049 2710 et
3085 2673 3207 2712 voce
3236 2657 3466 2710 archan-

1879 2749 2004 2818 geli,
2033 2764 2097 2800 ac
2123 2749 2248 2800 tuba
2285 2748 2407 2813 Dei,
2449 2747 2728 2801 descendet
2767 2747 2834 2800 tle
2885 2746 3038 2811 caelo,
3084 2755 3132 2801 et
3181 2747 3375 2800 mortui
3413 2747 3468 2799 in

1881 2840 2090 2896 Christo
2125 2851 2394 2909 resurgent
2442 2840 2691 2906 primum,
2737 2838 2927 2892 deinde
2964 2855 3058 2892 nos
3080 2838 3169 2908 qui
3213 2839 3466 2900 vivemus,

1879 2931 1970 3001 qui
1994 2931 2180 3001 reliqui
2205 2933 2424 2993 erimus,
2454 2929 2614 2982 simul
2651 2944 2770 2982 cum
2811 2929 2916 2982 illis
2945 2929 3208 2998 rapientur
3229 2929 3286 2981 in
3312 2926 3472 2980 nubi-

1882 3022 1998 3086 bus,
2026 3021 2080 3076 in
2105 3037 2382 3076 occursum
2415 3019 2631 3074 Domini
2655 3022 2708 3074 iu
2740 3037 2888 3088 nem,
2923 3032 2970 3074 et
3011 3024 3086 3074 sic
3127 3035 3329 3088 semper
3347 3033 3466 3072 cum

1883 3115 2108 3169 Domino
2130 3114 2350 3171 erimus.
2380 3113 2567 3182 Itaque
2591 3113 2834 3168 arbitror
2858 3114 3128 3182 perfectos
3157 3121 3213 3167 et
3250 3112 3341 3182 qui
3375 3127 3469 3164 ne-

1881 3223 2153 3275 quaquam
2183 3207 2415 3276 amplius
2440 3216 2660 3278 peccata
2688 3205 3055 3270 committant,
3076 3204 3324 3258 viventes
3345 3215 3468 3258 esse

1880 3300 1930 3353 in
1965 3298 2231 3365 Christo;
2268 3310 2512 3355 mortuos
2558 3315 2692 3354 vero
2747 3299 2799 3352 in
2831 3298 3052 3352 Christo
3089 3312 3185 3352 eos
3218 3311 3340 3350 esse
3369 3296 3465 3366 qui

1877 3391 2052 3446 allecti
2078 3392 2296 3460 quidem
2327 3391 2759 3447 sintsecundum
2800 3405 2919 3444 eam
2956 3389 3113 3444 (idem
3147 3404 3269 3459 qua:
3296 3389 3466 3458 estvita

1875 3483 2115 3547 Christo,
2152 3485 2360 3554 quique
2399 3484 2708 3538 deliberant
2736 3471 2940 3551 optime
2971 3486 3175 3546 vivere,
3211 3481 3353 3541 haud
3383 3490 3465 3536 ta-

1875 3587 1998 3627 men
2052 3573 2185 3628 illud
2243 3574 2479 3628 assecuti
2515 3573 2629 3641 jam
2690 3572 2913 3640 fuerint,
2959 3573 3054 3628 sed
3091 3573 3272 3626 adhuc
3300 3571 3462 3625 etiam

1873 3675 2139 3734 peccant;
2173 3665 2256 3718 vel
2291 3676 2511 3735 propter
2537 3665 2898 3734 ignorantiam
2941 3672 3212 3718 accurata:
3241 3671 3296 3716 et
3319 3676 3463 3716 verte

1878 3757 2104 3811 rationis
2147 3759 2213 3812 de
2241 3757 2474 3825 justitia,
2511 3758 2593 3810 vel
2631 3767 2850 3826 pr0pter
2895 3756 3270 3810 inﬁrmitatem
3314 3753 3460 3820 judi-

1875 3850 2082 3904 ciorum
2124 3864 2247 3918 qua:
2307 3850 2448 3903 victa
2498 3848 2716 3904 luerunt
2751 3864 2781 3902 a
2823 3863 2990 3903 carne
3036 3846 3462 3916 concupiscente

1874 3941 2134 3995 adversus
2165 3939 2440 4008 spiritum.
2479 3941 2554 3994 Ac
2579 3939 2826 4009 profecto
2871 3941 2953 3996 his
2997 3953 3342 4010 consequens
3376 3949 3461 3994 est

1877 4031 2098 4086 Paulum
2136 4031 2463 4100 sibimetipsi
2511 4034 2788 4087 conscium
2813 4033 2924 4102 jam
2959 4032 3220 4103 praeclare
3247 4046 3306 4085 se
3334 4045 3459 4101 ges-

1870 4125 2030 4189 sisse,
2061 4125 2244 4179 dicere
2279 4124 2433 4191 illud,
2463 4141 2558 4179 nos
2580 4127 2670 4196 qui
2701 4127 2942 4192 vivimus,
2983 4127 3073 4197 qui
3113 4126 3299 4197 reliqui
3347 4124 3451 4180 eri-

1869 4230 2005 4268 mus.
2035 4214 2325 4279 Cznterum,
2359 4231 2496 4286 quos
2541 4217 2785 4273 diximus
2819 4229 3084 4285 mortuos,
3123 4220 3174 4272 hi
3221 4218 3457 4272 maxime

1870 4307 2111 4378 indigent
2167 4310 2593 4375 resurrectione,
2639 4327 2763 4365 cum
2819 4327 2888 4366 ne
2944 4312 3188 4365 viventes
3236 4309 3454 4377 quidem

1870 4399 1980 4467 rapi
2013 4400 2220 4468 possint
2251 4401 2302 4454 in
2336 4401 2571 4456 nubibus
2596 4402 2647 4456 in
2670 4418 2960 4457 occursum
2999 4400 3207 4455 Domini
3242 4401 3292 4453 in
3327 4414 3451 4452 aera

1866 4497 2155 4559 antequam
2207 4491 2441 4561 primum
2493 4501 2781 4563 resurgant
2833 4491 3033 4546 mortui
3082 4493 3135 4546 in
3183 4489 3450 4554 Christo;

1872 4582 2125 4650 quoe-ires
2161 4577 2422 4652 scripturn
2447 4592 2531 4638 est
2569 4601 2583 4637 :
2614 4583 2814 4639 Μονιυὶ
2841 4587 2892 4637 in
2929 4584 3139 4637 Christo
3185 4591 3451 4651 resurgeut

1867 4677 2117 4742 primum,
2149 4677 2336 4730 deinde
2359 4695 2451 4729 nos
2481 4679 2573 4746 qui
2599 4679 2855 4737 vivemus.
2885 4689 2938 4733 et
2969 4694 3090 4750 qua:
3126 4687 3449 4746 sequuntur.

1870 4763 2130 4832 Inspicies
2179 4775 2358 4818 autem
2394 4763 2555 4836 343
2585 4781 2713 4819 num
2757 4769 2921 4821 etiam
2965 4778 3187 4839 propter
3222 4766 3448 4823 homici-

1869 4853 2016 4907 dium
2050 4869 2208 4909 suum
2237 4854 2501 4919 etlecerit,
2537 4865 2593 4908 ut
2638 4867 2825 4912 essent
2874 4873 2937 4914 ea
2973 4875 3094 4931 qua:
3147 4874 3251 4912 non
3293 4866 3450 4911 erant

1868 4961 2034 5015 super
2083 4955 2285 5000 terram
2327 4946 2701 5015 maledictam,
2735 4959 2956 5021 propter
3004 4968 3170 5024 opera
3224 4949 3380 5018 ejecti
3417 4963 3450 5006 ει

1867 5039 2121 5106 paradiso
2153 5039 2469 5094 deliciarum
2501 5042 2698 5098 Adam.
2723 5043 3111 5104 Verumtamen
3145 5044 3322 5098 factus
3347 5039 3452 5101 fuit

1866 5127 2134 5183 homicida
2181 5130 2270 5184 hic
2305 5131 2373 5184 ab
2420 5131 2577 5189 initio
2627 5151 2805 5191 rermn
2852 5134 3236 5189 exsistentinm
3271 5147 3287 5194 ;
3326 5128 3443 5200 qui.

1863 5220 2084 5289 opinor,
2127 5220 2302 5277 factus
2335 5224 2657 5294 principium
2687 5227 2928 5298 ﬁgmenti
2961 5225 3172 5286 Doitiini
3196 5223 3265 5288 ⁸⁸,
3300 5221 3446 5283 iuvi-

1865 5313 1944 5368 dit
1975 5315 2058 5369 his
2081 5331 2203 5385 qum
2230 5326 2409 5372 creata
2432 5317 2588 5373 fuere
2617 5327 2675 5373 ut
2700 5329 2903 5374 essent.
2934 5319 3025 5374 Sic
3064 5315 3264 5371 invidia
3299 5329 3448 5370 mors

257 5432 296 5464 '"
329 5433 486 5501 item.
525 5450 636 5502 xlv,
670 5434 726 5491 9.
800 5435 845 5467 ⁷⁸
877 5435 1046 5499 lCor.
1077 5453 1166 5503 xv,
1197 5439 1288 5502 52.
1365 5441 1411 5472 ⁷³
1441 5439 1458 5494 Ι
1483 5440 1676 5497 Thess.
1713 5458 1774 5509 tv;

1876 5445 1884 5498 ἱ
1913 5461 2030 5518 seq.
2114 5449 2161 5482 ⁸ο
2198 5449 2412 5518 Ιοὺκι,
2443 5451 2530 5504 M.

257 5576 358 5654 (69)
391 5577 566 5654 pede}
595 5577 938 5654 [iudicialium
970 5581 1161 5654 τούτῳ.
1192 5583 1315 5654 Mox
1345 5586 1513 5642 codex
1552 5585 1751 5654 Regius

196 5645 620 5723 haltetaiqzoﬁm
643 5649 896 5723 Κριστός,
935 5645 1137 5723 alisque
1168 5653 1296 5723 γάρ.

391 5719 473 5792 (ζύ
502 5714 782 5792 συνέχει,
805 5714 858 5773 in
891 5714 1079 5775 Codice
1110 5714 1278 5792 Regii)
1309 5723 1458 5777 deest
1487 5727 1570 5778 ού.

257 5785 357 5856 ill)
399 5786 493 5851 Ἑν
533 5785 711 5866 sum.
749 5787 802 5843 In
837 5795 1023 5847 eodem
1053 5785 1240 5856 codice
1270 5793 1438 5866 [legio
1469 5797 1620 5854 deest
1663 5816 1718 5866 εν

1858 5661 1874 5713 ι
1913 5561 2044 5673 λη)
2079 5597 2142 5676 Ol
2193 5597 2686 5664 περιλειπόμενοι.
2747 5595 2908 5650 Deest
2955 5597 3007 5650 in
3061 5595 3248 5652 codice
3292 5595 3430 5654 Βοός

1875 5679 2053 5713 emno.

1875 5679 2053 5801 “1.31.3;
2079 5735 2144 5788 οἱ
2173 5731 2402 5797 ζῶντες.
2437 5734 2598 5800 Deest
2618 5737 2669 5793 in
2693 5735 2878 5794 codice
2907 5737 3098 5810 Regio.
