3866 6200
332 288 440 344 639

1811 283 2140 340 ORIGENIS

3483 285 3592 341 640

333 416 456 456 rere
497 401 822 457 veritatem:
860 398 982 454 dico
1018 406 1202 454 autem
1249 397 1392 467 quod
1433 411 1540 454 non
1583 397 1758 454 solum
1793 399 1912 465 ipse

2028 399 2224 470 ιὺτοῦ)·
2260 399 2490 470 ἐπείπερ
2523 399 2588 452 ὲκ
2616 399 2822 470 πλάνης
2857 397 2951 453 καὶ
2965 395 3278 468 ψεύσματος
3299 397 3541 469 συνέστη.
3563 420 3582 453 ι

334 472 562 546 mendax
615 503 722 556 est,
780 506 968 545 verum
1027 489 1200 544 etiam
1259 499 1414 560 pater
1451 491 1623 560 ipsius
1653 490 1906 561 privatim

331 589 505 652 (pater
533 585 715 652 ipsius.
758 596 1058 650 exponens,
1107 590 1358 636 naturam
1395 581 1614 653 ipsius),
1663 583 1910 653 quando-

331 675 551 744 quidem
579 691 645 728 ex
675 689 861 729 errore
885 684 942 730 et
971 672 1216 730 falsitate
1243 685 1478 732 constat.
1517 696 1537 730 ι
1571 677 1702 745 Quae
1725 677 1907 730 omnia

334 763 607 816 diabolum
638 762 870 816 liberam
905 764 1052 818 omni
1095 764 1516 832 vituperatione,
1553 774 1610 820 et
1642 765 1821 834 culpa,
1851 773 1909 818 et

335 855 722 908 accusatione:
763 855 942 909 nullus
987 856 1134 910 enim
1175 853 1300 924 jure
1329 857 1411 910 vel
1441 857 1794 926 \‘itnpcraret,
1822 855 1908 910 vel

339 944 666 1011 inculparet,
699 945 782 998 vel
822 957 1242 1002 accusaretnon
1269 958 1456 1001 natum
1489 957 1675 1016 aptum
1715 955 1904 1000 natura

334 1037 402 1088 ad
433 1037 836 1103 prmstantiora.
885 1037 1248 1104 Quamobrem
1285 1039 1472 1094 infelix
1518 1039 1697 1108 potius
1745 1053 1910 1106 quam

337 1126 704 1196 vituperabilis
762 1137 848 1181 est
909 1128 1198 1195 diabolus,
1269 1129 1478 1199 judicio
1537 1127 1912 1183 lleracleonis.

335 1219 627 1274 Sciendum
655 1235 780 1275 vero
811 1230 914 1286 est,
961 1221 1422 1290 quemadmodum
1459 1219 1709 1274 diabolus
1738 1219 1790 1270 in
1824 1233 1916 1272 ve-

337 1312 498 1365 ritate
522 1325 630 1364 non
670 1314 842 1377 stetit,
871 1315 1127 1382 quoniam
1161 1328 1266 1366 non
1301 1323 1387 1368 est
1409 1311 1614 1366 veritas
1639 1309 1692 1363 in
1722 1323 1810 1371 eo,
1837 1307 1916 1360 sic

334 1401 500 1454 etiam
543 1403 632 1470 qui
678 1414 904 1458 suntex
955 1414 1108 1473 patre
1152 1404 1397 1463 diabolo.
1432 1403 1486 1456 in
1524 1401 1760 1456 veritate
1809 1413 1914 1450 non

337 1500 508 1556 stare,
542 1493 796 1561 quoniam
835 1496 1041 1547 veritas
1071 1510 1174 1548 non
1212 1495 1284 1548 sit
1309 1495 1362 1547 in
1396 1493 1528 1562 ipsis
1559 1508 1572 1544 :
1609 1487 1915 1557 cujustnodi

2011 490 2198 544 Ταῦτα
2226 491 2284 544 δὲ
2317 491 2414 546 ὅλα
2435 490 2622 564 ῥύεται
2652 491 2744 544 τὸν
2771 489 3018 544 διάϐολον
3054 488 3255 551 παντὸς
3280 487 3464 556 ψόγου,
3501 491 3590 544 καὶ

2011 581 2374 651 ἐγκλήματος,
2425 581 2521 636 καὶ
2571 581 2848 652 μέμψεως·
2895 579 3070 642 οὐδεὶς
3107 578 3214 649 γὰρ
3245 579 3472 646 εὐλόγως
3527 579 3589 633 ἂν

2008 669 2188 740 ψέξαι,
2216 673 2248 742 ἦ
2282 671 2644 743 ὲγκαλέσαι,ἥ
2674 671 2947 742 μέμψαιτο
2967 670 3045 740 τῷ
3069 668 3142 740 μὴ
3173 671 3427 737 πεφυκότι
3457 670 3587 740 πρὸς

2010 757 2080 812 τὰ
2113 759 2416 830 κρείττονα.
2459 760 2690 832 Ἀτυχὴς
2717 757 2810 816 οὖν
2843 759 3042 831 μᾶλλον
3070 759 3103 829 ἢ
3136 758 3328 828 ψεκτὸς
3351 761 3376 810 ὁ
3405 760 3584 813 διάδο-

2009 850 2100 913 λος
2147 853 2286 906 κατὰ
2336 853 2424 906 τὸν
2469 853 2822 926 Ἡρακλέωνα
2871 853 3040 905 ἐστιν.
3087 851 3280 904 ’ἰστέον
3321 852 3582 922 μέντοιγε,

2012 941 2115 1002 ὅτι.
2148 941 2332 1013 ὥσπερ
2357 944 2386 996 ὁ
2407 943 2650 1008 διάϐολος
2672 947 2729 998 ὲν
2747 946 2814 1014 τῇ
2848 942 3074 1013 ἀληθείᾳ
3100 942 3199 1011 οὐχ
3236 941 3478 1013 ἕστηκεν,
3505 944 3583 997 ὅτι

2016 1034 2115 1087 οὐκ
2144 1032 2290 1085 ἔστιν
2325 1032 2551 1104 ἀλήθεια
2586 1037 2642 1089 ὲν
2677 1033 2849 1104 αὐτῷ,
2885 1032 3057 1096 οὕτως
3089 1033 3185 1085 καὶ
3215 1033 3264 1085 oi
3298 1033 3358 1086 ὲκ
3383 1033 3588 1104 πατρὸς

2016 1121 2110 1175 τοῦ
2133 1121 2378 1176 διαϐόλου
2410 1125 2560 1188 ὄντες
2589 1127 2647 1178 ἐν
2676 1129 2740 1196 τῇ
2773 1124 3002 1194 ἀληθείᾳ
3036 1125 3133 1194 οὐχ
3165 1125 3470 1195 ἑστήκασιν,
3510 1126 3588 1178 ὅτι

2019 1211 2250 1283 ἀλήθεια
2289 1216 2389 1269 οὐκ
2443 1216 2593 1270 ἔστιν
2631 1219 2688 1270 ὲν
2717 1218 2922 1280 αὐτοῖς·
2970 1215 3172 1278 πάντες
3201 1215 3258 1269 δὲ
3284 1216 3506 1270 τοιοῦτοι
3545 1218 3598 1270 οι

2021 1303 2101 1356 ἔτι
2132 1305 2412 1370 ποιοῦντες
2439 1309 2734 1380 ἁμαρτίας,
2771 1308 2872 1362 κᾶν
2903 1308 3138 1377 λέγωσιν
3170 1304 3308 1362 εἶναι
3347 1309 3594 1380 Χριστοῦο

2022 1396 2130 1458 πᾶς
2149 1396 2257 1468 γὰρ
2279 1401 2311 1451 ό
2327 1398 2513 1453 ποιῶν
2539 1399 2652 1469 τὴν
2679 1400 2970 1469 ἁμαρτίαν
2995 1401 3064 1454 ἐκ
3083 1400 3189 1454 τοῦ
3215 1400 3488 1455 διαϐόλου
3507 1419 3592 1471 τεο

2023 1485 2328 1558 γεννῆται.

337 1595 464 1637 sunt
515 1601 708 1641 omnes
737 1588 1037 1642 etiamnum
1083 1597 1395 1656 peccantes,
1426 1586 1641 1642 etiamsi
1681 1583 1886 1640 Clu-isti
1937 1595 1996 1636 se
2026 1585 2208 1639 dicant
2237 1602 2394 1652 esse;
2445 1587 2626 1643 omnis
2652 1589 2797 1644 enim
2846 1589 2936 1659 qui
2978 1589 3257 1643 committit
3309 1599 3591 1656 peccatum,

337 1691 405 1728 ex
429 1677 641 1730 diabolo
675 1689 751 1732 est
775 1679 847 1734 ".

409 1765 506 1820 23.
529 1765 660 1820 Cum
677 1769 914 1836 loquitur
929 1771 1283 1837 mendacium,
1311 1788 1376 1826 ex
1396 1773 1630 1842 propriis
1658 1770 1914 1842 loquitur.

2091 1769 2178 1823 25.
2207 1769 2394 1822 Ὅταν
2417 1768 2586 1838 λαλῇ
2618 1769 2682 1824 τὸ
2711 1769 2960 1838 ψεῦδος,
2983 1769 3052 1822 ἐκ
3073 1769 3196 1822 τῶν
3229 1767 3390 1823 ἰδίων
3408 1769 3598 1835 λαλεῖ,

338 1859 589 1925 quoniam
635 1863 864 1913 mendax
907 1871 1006 1925 est,
1037 1871 1086 1915 et
1117 1874 1265 1931 pater
1289 1865 1404 1934 ejus
1426 1866 1495 1919 “.
1525 1863 1793 1932 Quoniam
1823 1877 1919 1917 ex-

343 1958 607 2016 ponentes
638 1949 790 2012 illud,
823 1969 913 2005 vos
945 1969 1011 2006 ex
1029 1965 1178 2020 patre
1201 1956 1413 2008 diabolo
1440 1958 1568 2010 estis
1599 1956 1671 2020 ",
1711 1969 1920 2008 memo-

343 2053 433 2096 res
465 2039 624 2107 liujns
649 2042 776 2096 dicti
817 2045 1246 2113 anticipavimus
1273 2047 1458 2102 dicere
1484 2062 1606 2117 qua:
1631 2047 1787 2101 nobis
1809 2055 1919 2099 tum

342 2130 396 2184 in
445 2130 592 2185 hunc
626 2140 833 2187 textum
883 2144 1300 2202 suecurrerunt,
1339 2145 1649 2206 querentes
1680 2137 1808 2206 quid
1849 2135 1924 2190 sit

344 2221 711 2286 mendacium,
743 2231 800 2276 et
823 2223 955 2292 quid
984 2223 1052 2278 sit
1076 2233 1230 2293 pater
1248 2225 1366 2296 ejus
1386 2242 1401 2291 ;
1418 2225 1922 2296 expcndendaquo-

341 2326 451 2380 que
485 2327 631 2366 nunc
662 2323 790 2367 sunt
824 2330 946 2368 cum
985 2314 1098 2370 illis
1128 2331 1248 2384 quae
1280 2331 1309 2369 a
1343 2317 1502 2372 nobis
1548 2318 1825 2372 dicentur.
1858 2316 1924 2370 Et

341 2400 582 2456 arbitror
628 2418 730 2472 ego
761 2418 978 2459 omnem
1026 2406 1278 2475 spiritum
1309 2408 1511 2462 malum
1561 2417 1618 2463 et
1651 2408 1920 2473 fallacem,

345 2479 685 2549 mendacium
721 2507 862 2562 esse,
920 2507 973 2552 et
1031 2514 1472 2569 unumquemque
1528 2501 1742 2563 horum,
1797 2517 1920 2556 cum

345 2581 605 2652 loquitur,
654 2599 720 2638 ex
765 2588 1004 2656 pr0priis
1054 2587 1226 2658 loqui,
1282 2606 1388 2645 non
1427 2607 1491 2647 ex
1553 2594 1638 2648 bis
1671 2608 1792 2663 qua:
1828 2593 1923 2648 Dei

343 2681 470 2727 sunt
502 2691 516 2732 :
553 2673 745 2730 borum
779 2687 960 2732 autem
1013 2682 1240 2736 mendax
1297 2693 1454 2752 pater
1505 2684 1756 2739 diabolus
1814 2695 1919 2739 est.

349 2760 500 2816 Unde
535 2779 664 2819 vero
695 2769 823 2822 moti
855 2768 1120 2828 fuerimus
1149 2784 1207 2827 ut
1235 2775 1544 2830 diceremus
1570 2791 1788 2830 otnnem
1811 2793 1924 2830 ma-

344 2855 454 2913 lum
509 2857 759 2924 spiritum
817 2863 1158 2918 mendacium
1207 2878 1348 2930 esse,
1396 2881 1540 2921 nunc
1584 2866 1637 2920 in
1689 2865 1922 2921 medium

350 2948 698 3008 adducemus.
732 2951 1012 3023 Scriptum
1042 2965 1124 3010 est
1149 2955 1318 3029 346
1358 2957 1411 3012 in
1441 2957 1582 3013 libro
1610 2959 1772 3014 tertio
1820 2959 1926 3014 Re-

343 3055 469 3110 gum
492 3041 537 3072 "
573 3059 589 3096 :
620 3039 714 3097 Sic
748 3043 885 3100 dixit
921 3044 1173 3101 Micbteas
1224 3060 1454 3104 Vocatus
1485 3050 1555 3104 ab
1581 3049 1769 3106 Achab
1801 3065 1923 3122 pro-

341 3131 603 3202 phetandi
631 3147 820 3200 causa,
853 3145 1037 3190 utrum
1068 3138 1172 3194 sibi
1202 3140 1538 3194 conduceret
1569 3141 1649 3194 ire
1679 3141 1729 3194 in
1759 3138 1926 3193 Ram-

344 3223 494 3280 motli
522 3222 727 3279 Galaad
751 3227 818 3280 ad
856 3227 1056 3283 bellum
1081 3244 1150 3284 an
1176 3245 1281 3286 non
1313 3249 1328 3284 :
1364 3229 1486 3286 Vidi
1510 3230 1676 3284 Deum
1709 3230 1927 3285 lsrarlis

344 3313 608 3368 sedentem
639 3315 692 3369 iu
719 3317 852 3374 solio
874 3334 996 3384 suo,
1033 3328 1080 3372 et
1113 3319 1284 3374 omnis
1315 3321 1574 3374 exercitus
1607 3320 1723 3373 caeli
1754 3319 1928 3374 stabat

337 3406 500 3478 juxta
541 3423 661 3461 eum
687 3409 755 3461 ad
785 3410 1056 3464 dexteram
1091 3411 1228 3481 ejus,
1263 3421 1311 3466 et
1357 3413 1426 3464 ad
1452 3413 1730 3466 sinistram
1758 3413 1873 3481 ejus
1907 3426 1928 3467 :

347 3497 584 3567 dixitque
617 3497 872 3555 Dominus
891 3516 912 3555 :
929 3501 1062 3567 Quis
1083 3504 1304 3572 decipiet
1329 3503 1510 3557 Achab
1540 3521 1704 3575 regem
1733 3503 1928 3571 Israel,

348 3599 395 3641 et
424 3594 690 3656 ascendet,
730 3602 779 3646 et
815 3595 968 3648 cadet
994 3595 1049 3649 in
1097 3595 1378 3650 Rammoth
1411 3597 1622 3652 Galaad
1646 3596 1930 3666 illumque

350 3679 490 3732 alius
542 3681 692 3733 aliud
728 3684 944 3749 diceret,
999 3687 1367 3753 egrediebatur
1411 3689 1654 3757 spiritus,
1691 3697 1738 3741 et
1787 3688 1929 3742 stetit

351 3786 533 3826 coram
569 3771 818 3840 Domino,
844 3786 893 3828 et
913 3777 989 3830 ait
1015 3794 1034 3832 :
1066 3777 1180 3848 Ego
1215 3781 1473 3848 decipiam
1506 3797 1624 3834 cum
1644 3797 1663 3845 ,'
1699 3781 1932 3848 dixitque

349 3861 420 3914 ad
456 3878 574 3916 eum
608 3862 911 3922 Dominus:
944 3867 1062 3932 Qua
1105 3870 1162 3922 in
1201 3872 1294 3925 re?
1337 3881 1383 3925 et
1435 3873 1610 3926 dixit:
1646 3871 1930 3941 Egredior,

349 3963 400 4008 et
433 3969 525 4006 ero
559 3955 781 4022 spiritus
810 3959 1072 4012 mendacii
1108 3963 1161 4014 in
1187 3979 1276 4016 ore
1304 3965 1538 4018 omnium
1560 3967 1932 4035 prop/telarum

350 4043 490 4112 ejus.
517 4043 585 4098 Et
618 4046 669 4097 in
693 4049 934 4102 secundo
951 4047 1404 4119 Paralipomenon
1424 4057 1471 4088 ³⁸
1525 4058 1642 4126 ipse
1684 4057 1932 4113 Miebtnas

354 4135 423 4187 ad
474 4135 676 4189 Achab.
706 4144 761 4190 et
789 4135 1056 4207 Jusapltat
1097 4140 1276 4210 inquit
1308 4159 1322 4195 :
1359 4145 1552 4198 Audite
1583 4147 1794 4199 verbum
1830 4146 1935 4200 Do-
1977 4147 1980 4149 Α

351 4227 507 4281 mini.
550 4224 666 4281 Vidi
694 4227 984 4284 Dominum.
1004 4232 1268 4288 sedentem
1299 4237 1351 4288 in
1376 4236 1509 4290 solio
1535 4253 1654 4300 suo,
1681 4247 1730 4290 et
1761 4239 1933 4291 cumis

352 4320 585 4387 potentia
617 4320 732 4376 caeli
763 4323 935 4375 stabat
960 4327 1028 4378 ad
1053 4325 1293 4379 dextram
1330 4327 1464 4397 ejus,
1492 4339 1538 4382 et
1567 4330 1636 4382 ad
1665 4330 1934 4384 sinistram

2023 1859 2112 1912 ὅτι
2135 1860 2411 1928 ψεύστης
2429 1859 2583 1925 ἐστὶ,
2611 1860 2707 1914 καὶ
2729 1864 2764 1914 ὁ
2793 1861 2988 1928 πατὴρ
3010 1859 3218 1914 αὑτοῦ.
3241 1860 3598 1931 Προλαὸόντες

2025 1951 2122 2022 μὲν
2173 1952 2254 2015 εἰς
2297 1952 2376 2005 τό·
2435 1952 2622 2022 Ὑμεῖς
2651 1953 2720 2005 ἐκ
2779 1951 2886 2006 τοῦ
2919 1951 3145 2019 πατρὸς
3173 1951 3282 2006 τοῦ
3324 1953 3596 2007 διαϐόλου

2020 2041 2182 2103 ἐστὲ,
2219 2043 2704 2114 ἐμνημονεύσαμεν
2718 2042 2813 2096 τοῦ
2837 2043 3025 2114 ῥητοῦ,
3051 2043 3147 2096 καὶ
3175 2041 3245 2096 τὰ
3270 2044 3597 2098 ὑποπεσόντα

2022 2131 2153 2202 ἡμῖν
2179 2134 2260 2196 εἰς
2285 2133 2415 2186 αὐτὸ
2444 2135 2767 2206 εἰρήκαμεν,
2791 2133 3084 2205 ζητοῦντες
3105 2135 3158 2188 τί
3189 2135 3250 2188 τὸ
3280 2134 3492 2205 ψεῦδος.
3514 2137 3600 2189 καὶ

2021 2220 2113 2272 τὸν
2163 2220 2374 2292 πατέρα
2416 2221 2598 2286 αὑτοῦ,
2641 2223 3092 2288 συνεξετάζεσθαι
3133 2224 3215 2278 δεῖ
3255 2226 3366 2296 (85)
3403 2227 3495 2279 καὶ
3535 2225 3604 2281 τὰ

2022 2308 2397 2381 λεχθησόμενα
2429 2309 2525 2366 νῦν
2554 2312 2806 2376 ἐκείνοις.
2840 2315 2957 2368 Πᾶν
2989 2313 3210 2385 πνεῦμα
3235 2314 3467 2387 πονηρὸν
3514 2317 3602 2370 καὶ

2024 2403 2301 2474 ἀπατηλὸν
2333 2401 2542 2474 νομίζω
2578 2399 2720 2458 εἶναι
2757 2405 2973 2475 ψεῦδος,
3011 2407 3106 2459 καὶ
3147 2407 3379 2461 ἕκαστον
3408 2408 3600 2462 τούτων

2021 2495 2149 2549 ὅταν
2183 2495 2341 2566 λαλῇ,
2369 2497 2432 2548 ὲκ
2477 2495 2587 2550 τῶν
2619 2496 2786 2562 ἰδίων,
2833 2497 2928 2551 καλ⁸
2965 2498 3228 2570 μηδαμῶς
3256 2502 3321 2553 ὲκ
3360 2500 3467 2553 τῶν
3516 2497 3597 2553 τοῦ

2023 2585 2158 2639 Θεοῦ
2195 2585 2394 2638 λαλεῖ-ι’
2427 2588 2632 2641 τούτων
2676 2589 2732 2642 δὲ
2763 2589 2792 2641 ὁ
2831 2588 3070 2661 ψεύστης
3100 2591 3284 2660 πατὴρ
3311 2592 3340 2641 ὁ
3370 2591 3602 2654 διάϐολός

2024 2677 2160 2731 ἐστι.
2200 2677 2369 2731 Πόθεν
2395 2677 2450 2730 δὲ
2483 2679 2820 2751 ὲκινήθημεν
2847 2682 2928 2745 είς
2951 2681 3012 2734 τὸ
3041 2683 3145 2735 πᾶν
3185 2685 3368 2754 χεῖρον
3400 2683 3600 2755 πνεῦμα

2022 2767 2217 2838 ψευδὲς
2271 2771 2464 2831 εἰπεῖν,
2530 2770 2626 2823 νῦν
2673 2770 3128 2843 παραθησόμεθα.
3187 2771 3504 2843 Γέγραπται
3548 2775 3609 2826 ὲν

2022 2865 2088 2934 τῇ
2145 2868 2194 2930 γ’
2257 2861 2364 2915 τῶν
2415 2861 2742 2927 Βασιλειῶν,
2809 2865 2886 2926 ὡς
2946 2861 3053 2934 ἄρα
3103 2861 3345 2931 Μιχαίας
3395 2863 3604 2935 κληθεὶς

2025 2953 2128 3007 ὑπὸ
2187 2953 2281 3006 τοῦ
2358 2953 2561 3026 Ἀχαάδ
2621 2953 2731 3026 (86)
2794 2955 2874 3017 είς
2930 2953 2990 3006 τὸ
3056 2953 3433 3024 προφητεῦσαι
3484 2954 3606 3027 περὶ

2025 3043 2148 3105 τοῦ,
2185 3043 2412 3116 πότερον
2474 3044 2624 3116 αὐτῷ
2652 3044 2886 3116 καθήκει
2934 3044 3266 3117 πορευθῆναι
3307 3048 3388 3109 είς
3444 3047 3603 3118 Ῥαμ-

2032 3134 2149 3205 μὼθ
2213 3135 2426 3189 Γαλαὰδ
2479 3135 2586 3207 (87)
2643 3139 2723 3201 εἰς
2787 3137 3044 3207 πόλεμον,
3111 3137 3145 3208 ἦ
3207 3140 3474 3208 ἐπισχεῖν,
3532 3137 3608 3191 τόδ

2028 3220 2212 3278 Εἶδον
2285 3224 2436 3279 Θεὸν
2511 3224 2750 3295 Ἰσραὴλ
2821 3224 3164 3294 καθήμενον
3231 3226 3332 3280 ἐπὶ
3400 3228 3608 3294 θρόνου

2029 3315 2236 3379 αὐτοῦ,
2269 3317 2366 3370 καὶ
2413 3315 2582 3370 πᾶσα
2611 3319 2650 3386 ἠ
2683 3318 2965 3387 στρατεία
2990 3315 3098 3370 τοῦ
3130 3317 3394 3385 οὐρανοῦ
3418 3316 3610 3384 ειστήο

2029 3424 2118 3466 κει
2145 3407 2279 3477 περὶ
2296 3408 2483 3463 αὐτὸν
2513 3408 2582 3462 ἐκ
2601 3408 2816 3474 δεξιῶν
2841 3408 3052 3474 αὐτοῦ,
3079 3411 3174 3464 καί
3211 3409 3281 3474 ἐξ
3299 3410 3614 3480 εὐωνύμων

2030 3500 2236 3555 αὐτοῦ·
2275 3499 2373 3554 καὶ
2393 3497 2546 3554 εἶπεο
2587 3503 2684 3568 Τίς
2712 3502 3014 3571 ἀπατήσει
3045 3501 3154 3554 τὸν
3197 3502 3244 3558 Ἄ
3253 3501 3413 3570 χαίιό
3437 3503 3606 3566 ,βασιο

2029 3594 2144 3650 λέα
2196 3593 2460 3662 Ἰσραὴλ,
2485 3594 2582 3647 καὶ
2639 3593 3028 3657 ἀναϐήσεται,
3080 3591 3180 3645 καὶ
3234 3590 3504 3646 πεσεῖται
3553 3589 3614 3642 ἐν

2043 3683 2308 3755 Ῥαμμὼθ
2350 3683 2600 3738 Γαλαὰδ
2616 3699 2635 3748 ;
2663 3683 2773 3738 Kal
2818 3679 2988 3736 εἶπεν
3025 3682 3215 3747 οὕτως
3243 3681 3315 3735 ὲν
3354 3683 3457 3735 σοι
3485 3681 3611 3751 (88)'

2034 3777 2130 3830 καὶ
2151 3775 2372 3844 ἐξῆλθε
2392 3775 2649 3843 πνεῦμα,
2672 3774 2770 3827 καὶ
2795 3773 2944 3842 ἔστη
2973 3771 3234 3827 ἐνώπιον
3256 3773 3496 3839 Kvplcv,
3524 3767 3614 3822 καί

2034 3861 2222 3919 εἶπενο
2254 3863 2398 3935 Ἐγὼ
2417 3863 2710 3930 ἀπατήσω
2731 3864 2936 3917 αὐτόν’
2967 3862 3067 3916 καί
3095 3859 3226 3916 εἷπε
3252 3861 3402 3930 πρὸς
3434 3857 3613 3916 αὑτὸν

2035 3959 2268 4026 Κύριοςο
2330 3958 2430 4011 Ἐν
2471 3957 2622 4021 tiri;
2652 3957 2752 4009 καὶ
2796 3956 2984 4008 εἶπεν·
3032 3955 3478 4024 Ἐξελεύσομαι,
3520 3954 3612 4008 ml

2033 4051 2247 4119 ἔσομαι
2270 4050 2505 4119 πνεῦμα
2524 4047 2790 4118 ψεύδους
2813 4050 2899 4113 είς
2927 4047 2995 4100 τὸ
3027 4050 3220 4116 στόμα
3244 4047 3486 4100 πάντων
3503 4045 3615 4099 τῶν

2035 4141 2356 4210 προφητῶν
2376 4140 2565 4195 αὑτοῦ
2592 4139 2726 4210 (89).
2766 4141 2877 4192 Καὶ
2915 4140 2972 4190 ὲν
3011 4142 3076 4209 τῇ
3114 4139 3343 4210 δευτέρᾳ
3372 4138 3481 4190 τῶν
3510 4138 3616 4190 Πα-

2040 4232 2445 4304 ραλειπομένων
2473 4234 2501 4285 ὁ
2533 4231 2695 4294 αὐτὸς
2728 4229 2966 4300 Μιχαίας
2994 4229 3132 4302 πρὸς
3153 4229 3245 4283 τὸν
3287 4229 3492 4299 Ἀχαάό
3515 4247 3616 4298 φησ

2039 4341 2114 4386 σι,
2147 4325 2240 4377 καὶ
2285 4323 2377 4377 τὸν
2439 4323 2728 4392 Ἰωσαφάτο
2797 4322 3111 4376 Ἀκούσατε
3140 4322 3329 4390 λόγον
3378 4321 3614 4389 Κυρίου.

353 4413 469 4480 ejus
495 4429 516 4478 ;
543 4423 593 4468 et
628 4417 763 4470 dixit
802 4417 1056 4474 Dominus
1081 4433 1100 4472 :
1132 4421 1262 4486 Quis
1294 4423 1518 4491 decipiet
1555 4424 1730 4477 Achab
1762 4440 1930 4494 regem

2038 4412 2218 4469 Εἶδον
2252 4415 2359 4468 τὸν
2395 4416 2609 4483 Κύριον
2651 4413 2992 4483 καθήμενον
3023 4411 3123 4466 ἐπὶ
3161 4415 3380 4480 θρόνου
3411 4411 3615 4475 αὐτοῦ,

357 4501 555 4569 Israel,
590 4516 641 4561 et
671 4510 936 4575 ascendet,
970 4522 1015 4566 et
1037 4525 1244 4567 corruet
1278 4516 1336 4569 in
1378 4513 1658 4568 Rammoth
1686 4515 1936 4570 Ga'aad?

2038 4507 2136 4561 καὶ
2172 4506 2340 4562 πᾶσα
2369 4509 2407 4576 ἠ
2429 4508 2680 4576 δύναμις
2698 4507 2805 4560 τοῦ
2847 4503 3107 4573 οὐρανοῦ
3141 4502 3406 4568 εἱστήκει
3432 4503 3501 4556 ἐκ
3525 4502 3616 4556 δεο

354 4593 593 4668 Cumque
624 4600 764 4656 alius
796 4602 943 4656 aliud
969 4605 1212 4666 dixisset,
1245 4623 1479 4675 egressus
1507 4617 1586 4661 est
1619 4609 1864 4672 spiritus,
1885 4619 1935 4662 et

2037 4598 2182 4664 ξιῶν
2209 4599 2416 4664 αὐτοῦ,
2436 4599 2532 4652 καὶ
2555 4599 2625 4663 ἐξ
2642 4597 2972 4667 ἀριστερῶν
2993 4595 3200 4649 αὐτοῦ·
3225 4594 3323 4648 καί
3351 4590 3482 4648 εἷπε
3509 4593 3618 4647 Κύ-

353 4689 504 4744 stetit
538 4706 718 4743 coram
747 4690 989 4758 Domino,
1015 4705 1063 4748 et
1100 4695 1281 4750 dixit:
1319 4695 1434 4765 Ego
1473 4697 1731 4766 decipiam
1766 4711 1882 4749 eum
1915 4713 1934 4761 ;

355 4790 408 4833 et
455 4779 591 4833 dixit
623 4780 878 4836 Dominus
909 4800 928 4839 :
962 4783 1080 4848 Qua
1108 4785 1163 4838 in
1196 4787 1296 4839 re?
1336 4796 1394 4839 et.
1434 4786 1566 4839 dixit
1599 4801 1616 4838 :
1654 4785 1934 4855 Egredior,

357 4881 407 4926 ct
439 4887 531 4926 cro
561 4872 776 4942 spiritus
815 4875 1047 4928 mendax
1078 4875 1135 4928 in
1170 4891 1259 4928 ore
1295 4877 1528 4928 omnium
1557 4876 1932 4946 pmphclarum

356 4961 495 5032 ejus.
530 4964 731 5032 Aperte
773 4964 937 5034 igitur
985 4980 1048 5018 ex
1088 4964 1170 5018 bis
1227 4965 1540 5020 declaratur
1570 4965 1710 5035 quod
1765 4967 1810 5020 si
1849 4974 1934 5020 est

357 5053 556 5124 aliquis
581 5057 806 5125 spiritus
831 5058 1084 5120 mendax,
1114 5058 1339 5128 spiritus
1367 5058 1532 5113 etiam
1572 5057 1800 5120 similes,
1823 5059 1936 5126 spi-

359 5145 500 5208 ritus
520 5157 651 5201 sunt
684 5149 974 5205 mendaces
1003 5168 1016 5204 :
1054 5151 1256 5220 quippe
1295 5149 1384 5218 qui
1415 5166 1444 5203 a
1478 5156 1634 5218 patre
1656 5163 1754 5202 suo
1783 5163 1938 5202 men-

359 5236 496 5293 dace
547 5241 861 5312 acceperint
912 5257 1036 5299 esse
1083 5244 1313 5314 spiritus
1366 5242 1656 5296 mendaces
1713 5249 1938 5311 propter

431 5381 481 5414 “
503 5381 524 5436 l
549 5383 706 5440 Joan.
737 5403 821 5453 tu,
843 5388 898 5444 8.

566 5506 743 5584 (iudex
778 5513 1001 5584 Begius,
1017 5515 1100 5576 δέ,
1127 5515 1284 5570 male.

437 5579 550 5655 (ξς)
571 5579 747 5655 (ludes
776 5579 993 5655 Regius,
1035 5585 1266 5655 Ἀχαὰμη
1299 5595 1354 5639 ct
1378 5585 1456 5641 sic
1483 5587 1702 5654 ubique.

437 5649 552 5722 (8'1)
583 5648 730 5722 idem
756 5648 923 5706 codex
954 5648 1173 5722 Regius,
1201 5648 1437 5709 Γαλαὰθ.

437 5717 550 5792 (88)
578 5717 727 5776 Libri
753 5731 909 5777 antea
938 5717 1086 5789 editi,
1111 5725 1196 5778 καὶ
1222 5723 1368 5780 εἶπεν
1389 5723 1541 5790 οὗτος
1563 5723 1732 5791 οὕτως
1755 5729 1811 5782 ἐν
1832 5728 1932 5781 σοί.

997 5392 1044 5424 ’⁸
1073 5391 1230 5450 .loan.
1260 5407 1381 5461 vin,
1412 5389 1500 5446 4i.
1577 5389 1624 5422 ⁹⁶
1648 5389 1777 5445 ibid.
1854 5390 1898 5422 ’⁷
1929 5391 1994 5448 Ill
2031 5394 2171 5466 Reg.
2195 5411 2287 5450 XXI
2330 5397 2402 5454 20
2451 5408 2570 5464 seq.

2031 4707 2182 4759 ριος·
2219 4691 2311 4756 Τις
2341 4688 2638 4756 ἀπατήσει
2675 4689 2785 4742 τὸν
2819 4686 3035 4757 Ἀχαὰὸ
3054 4685 3332 4750 ⁹,βασιλέα
3361 4682 3612 4752 Ἰσραὴλ,

2036 4784 2136 4837 καί
2156 4783 2540 4850 ἀναϐήσεται,
2559 4781 2658 4835 καὶ
2673 4779 2939 4835 πεσεῖται
2961 4779 3031 4832 ἐν
3057 4777 3320 4847 Ῥαμμὼθ
3345 4775 3585 4831 Γαλαὰδ
3593 4790 3613 4838 ;

2038 4876 2147 4930 Kal
2182 4872 2352 4929 εἶπεν
2397 4872 2591 4942 οὗτος
2637 4875 2736 4928 καὶ
2781 4871 3005 4941 ἐξῆλθε
3052 4871 3164 4942 (90)
3213 4871 3470 4940 πνεῦμα,
3521 4869 3609 4922 καί

2039 4967 2189 5034 ἔστη
2219 4967 2477 5021 ἐνώπιον⁹
2519 4967 2761 5035 Κυρίου,
2801 4965 2900 5018 καί
2942 4959 3130 5017 εἷπεν-ο
3159 4962 3309 5032 Ἐγὼ
3332 4961 3612 5029 ἀπατήσω

2041 5059 2247 5112 αὐτόν·
2271 5060 2367 5113 καὶ
2395 5057 2525 5113 εἷπε
2549 5059 2784 5126 Κύριος-⁸
2817 5057 2917 5110 Ἑν
2950 5055 3100 5124 tim;
3136 5055 3234 5108 καὶ
3260 5050 3450 5108 εἶπεν
3469 5053 3612 5117 ἰἰξεο

2043 5153 2358 5221 λεύσομαι,
2407 5151 2508 5205 καὶ
2528 5151 2741 5220 ἔσομαι
2765 5149 3002 5218 πνεῦμα
3028 5146 3254 5217 ψευδὲς
3281 5147 3352 5200 ἐν
3376 5146 3612 5215 στόματι

2045 5243 2286 5300 πάντων
2316 5244 2435 5298 τῶν
2456 5242 2777 5313 προφητῶν
2807 5239 3018 5296 αὐτοῦ.
3043 5239 3238 5310 Σαφῶς
3269 5235 3363 5293 οὖν
3388 5237 3476 5292 διὰ
3498 5235 3610 5289 sob-

2648 5393 2696 5424 ”
2728 5390 2773 5445 ll
2797 5390 2919 5444 Par.
2955 5403 3112 5450 mu,
3147 5387 3213 5442 18
3238 5395 3292 5441 et
3315 5399 3436 5456 seq.

2113 5514 2224 5586 (89)
2254 5517 2436 5586 Gades
2465 5513 2688 5586 Regius,
2717 5511 2912 5582 ψευδὲς
2965 5510 3044 5574 εἰς
3073 5507 3134 5562 τὸ
3185 5505 3358 5575 στόμα
3407 5504 3610 5558 πάντων

2041 5585 2162 5659 τῶν
2183 5583 2478 5659 apsenti-3v
2505 5583 2729 5659 causam.
2762 5653 2772 5659 Α
2930 5643 2956 5659 η
3118 5647 3140 5659 η
3309 5647 3322 5659 θ
3340 5643 3389 5659 μ

2117 5642 2396 5727 (θυίιᾶυἱυ
2437 5656 2604 5711 codex
2645 5653 2864 5722 Regius,
2899 5643 3056 5712 οὗτος
3085 5647 3275 5710 οὕτως,
3307 5642 3515 5716 ἐξῆλθε.
