3924 6196
301 290 407 346 ϐὗὸ
473 323 490 332 ι

1362 281 1718 344 (ΣΟΜΜΕΝΤ.
1761 282 1828 340 IN
1865 280 2059 339 JOAN.
2095 281 2334 338 TOMUS
2387 273 2508 338 XX.

3465 287 3573 343 646

297 409 500 461 πάντα
539 406 667 461 καθ’
717 407 1051 476 ὁμοιότητα,
1114 408 1295 476 χωρίς
1339 409 1662 478 ἁμαρτίας,
1715 406 1882 460 ταῦτα

1995 418 2092 457 nes
2125 404 2216 473 qui
2262 416 2501 472 unquam
2539 400 2690 455 illum
2719 407 3132 470 cognoverunt:
3164 401 3262 472 qui
3290 415 3572 471 peccatum

298 498 441 569 πρὸς
458 498 666 560 πάντας
687 499 813 562 τοὺς
845 498 1060 552 πώποτε
1082 499 1392 568 ἐγνωκότας
1424 500 1589 553 αὑτὸν
1617 502 1790 553 εἰπεῖν
1802 499 1891 552 δυ-

299 589 561 660 ναμένου.
605 590 812 646 Ἀκούω
841 591 896 644 δέ
922 591 1034 645 τοῦθ
1071 594 1164 657 Τίς
1189 593 1257 656 ἐξ
1285 591 1469 660 ὑμῶν,
1499 593 1793 663 λεγομένου
1825 592 1886 646 ού

298 682 441 752 πρὸς
459 684 586 746 τοὺς
607 682 879 752 παρόντας
915 685 1097 755 μόνον,
1123 684 1257 738 ἀλλὰ
1281 686 1376 738 καὶ
1399 686 1535 757 πρὸς
1562 685 1683 738 ὅλον
1704 685 1764 738 τὸ
1781 683 1888 736 τῶν

294 771 604 843 ἀνθρώπων
629 773 804 841 γένος,
828 775 902 838 ὡς
928 777 975 828 εἰ
993 775 1165 840 οὕτως
1193 776 1565 847 ἐσαφηνίζετο·
1589 777 1685 840 Τίς
1706 779 1769 830 ἐκ
1793 775 1886 830 τοῦ

296 862 492 930 γένους
525 863 698 934 ὑμῶν,
727 865 782 936 ἢ,
819 866 915 930 Τίς
946 869 1130 930 ὁποῖος
1157 867 1353 940 δήποτε
1374 868 1654 940 ἄνθρωπος
1676 869 1888 937 ἐλέγξαι

303 971 370 1024 με
400 955 690 1026 δυνήσεται
728 958 856 1029 περὶ
887 959 1162 1030 ἁμαρτίας
1184 975 1196 1023 ;
1219 959 1338 1030 axx
1366 955 1424 1013 εὖ
1454 954 1550 1013 οἶδ’
1575 961 1658 1013 ὃτι
1689 960 1884 1024 οὐδείς.

237 1047 240 1050 ’
298 1045 460 1101 Κατά
489 1046 552 1100 τὸ
577 1047 799 1104 δυνατὸν
827 1049 882 1102 δὲ
911 1050 1227 1124 ἀνθρωπίνῃ
1263 1051 1422 1120 φύσει
1457 1051 1545 1106 διὰ
1578 1052 1658 1105 τό·
1695 1055 1886 1121 Μιμη-

299 1138 527 1208 ταὶμου
557 1141 819 1209 γίνεσθε,
837 1141 1030 1209 καθὼς
1048 1143 1207 1212 κάγὼ
1221 1144 1502 1213 Χριστοῦ,
1521 1145 1686 1198 παντὶ
1700 1145 1888 1216 τρόπῳ

299 1229 677 1301 φιλοτιμητέον
705 1234 959 1308 τοιαύτην
985 1235 1271 1289 ἀναλαϐεῖν
1306 1236 1550 1309 καθαροῦ
1587 1237 1888 1302 συνειδότος

297 1319 614 1388 παρρησίαν
652 1319 790 1390 πρὸς
835 1323 1040 1388 πάντας
1075 1323 1415 1396 ἀνθρώπους,
1459 1324 1587 1378 ὥστ’
1637 1325 1887 1381 ἃνείπεϊν

298 1406 447 1476 ἡμᾶς
467 1410 594 1480 περὶ
609 1409 716 1464 τῶν
741 1413 886 1483 ἑξῆς,
921 1415 1014 1468 καὶ
1040 1414 1178 1486 μετά
1204 1416 1303 1487 τὴν
1323 1416 1498 1486 ἀρχὴν
1531 1416 1630 1486 τῆς
1653 1417 1888 1484 πίστεως

299 1499 476 1571 χρόνῳ
530 1502 665 1572 πρὸς
716 1503 946 1559 ἕκαστον
997 1508 1107 1560 τῶν
1159 1510 1310 1579 ἡμᾶς
1358 1509 1736 1576 γινωσκόντων
1789 1513 1882 1564 τόο

305 1594 403 1659 Τίς
424 1594 493 1658 ἐξ
523 1595 691 1665 ὑμῶν
720 1598 953 1668 ἐλέγχει
979 1617 1057 1668 με
1085 1601 1218 1667 περὶ
1259 1603 1581 1670 ἁμαρτίας;
1609 1605 1656 1656 εἰ
1683 1605 1776 1657 καὶ
1809 1605 1884 1676 μὴ

296 1683 520 1738 δυνατὸν
547 1686 725 1747 τοῦτο,
757 1688 817 1753 ἐξ
853 1682 915 1741 οὗ
962 1690 1056 1744 τὸν
1089 1691 1249 1760 λόγον
1300 1693 1880 1765 συμπεπληρώκαμεν,

304 1777 499 1832 εἰπεῖν.
539 1779 710 1832 Τοῦτο
735 1780 792 1832 δὲ
817 1782 878 1834 ού
910 1783 1048 1854 πρὸς
1082 1783 1401 1855 ἀνθρώπους
1437 1785 1595 1855 μόνον
1631 1785 1697 1840 ἂν
1730 1782 1884 1840 εἶπεν

301 1867 331 1919 ό
365 1869 578 1941 Σωτὴρ,
613 1870 748 1926 ἀλλὰ
797 1875 888 1926 καὶ
931 1875 1064 1946 πρὸς
1100 1875 1191 1930 τὸν
1226 1876 1469 1931 διάϐολον
1507 1878 1601 1930 καὶ
1646 1877 1747 1941 τὰς
1789 1877 1881 1931 ὑπ’

300 1961 465 2014 αὐτὸν
510 1962 785 2033 δυνάμεις,
829 1966 995 2037 μηδὲν
1033 1967 1261 2037 ἐχούσας
1310 1969 1485 2021 εἰπεῖν
1528 1971 1608 2033 είς
1662 1969 1883 2040 ἔλεγχον

297 2053 393 2106 τὸν
440 2055 570 2126 περὶ
605 2057 881 2127 ἁμαρτίαν
929 2059 1112 2112 αὑτοῦ.
1151 2061 1260 2115 Καὶ
1291 2061 1448 2115 τοῦτό
1491 2079 1553 2130 γε
1592 2063 1883 2117 ἀκόλουθόν

299 2144 420 2198 ἐστι
469 2145 544 2217 τῷ
566 2161 580 2174 ⁶
627 2149 894 2218 Ἔρχεται
927 2153 960 2204 ὀ
989 2151 1194 2219 ἄρχων
1228 2153 1330 2207 τοῦ
1369 2155 1602 2222 κόσμου
1645 2155 1882 2218 τούτου,

302 2233 404 2288 καί
439 2235 508 2288 ἐν
535 2236 660 2305 ἐμοὶ
698 2240 962 2306 εὑρίσκει
1003 2241 1206 2296 οὐδέν.
1247 2244 1482 2297 Δυνατδν
1524 2244 1581 2297 δὲ
1617 2244 1712 2297 καὶ
1753 2247 1886 2315 ἡμῖν

301 2324 368 2378 ἐκ
391 2325 585 2397 πολλῆς
605 2327 918 2398 ἐπιμελείας
936 2331 1036 2402 τὴν
1063 2331 1172 2384 ἀπό
1205 2349 1350 2396 τινος
1375 2332 1663 2386 ἀναλαϐεῖν
1692 2335 1884 2406 χρόνου

306 2420 616 2489 παρρησίαν
649 2421 784 2492 πρὸς
832 2422 893 2474 τὸ
958 2424 1132 2476 εἰπεῖν
1165 2426 1314 2495 ἡμᾶς
1359 2425 1436 2496 τῷ
1475 2425 1725 2497 ζητοῦντι
1761 2427 1884 2481 καθ’

304 2509 459 2578 ἡμῶν
513 2511 766 2583 ἀφορμὴν
823 2513 1074 2585 διαϐόλῳ,
1124 2516 1219 2570 καὶ
1269 2520 1383 2580 τοῖς
1431 2519 1684 2587 ἀγγέλοις
1716 2519 1883 2573 αὑτοῦ

301 2597 453 2670 παρὰ
476 2600 568 2654 τὸν
594 2602 692 2672 τῆς
724 2603 906 2670 ἐξόδου
950 2607 1167 2677 καιρόν·
1203 2609 1300 2675 Τίς
1339 2608 1408 2674 ἐξ
1439 2608 1610 2679 ὑμῶν
1650 2610 1884 2680 ἐλέγχει

296 2705 371 2758 με
400 2690 536 2758 περὶ
570 2692 860 2762 ἁμαρτίας
877 2712 894 2759 ;

369 2781 459 2835 26.
506 2786 577 2837 El
623 2783 915 2850 ἀλήθειαν
957 2789 1148 2855 λέγω,
1196 2789 1296 2844 διὰ
1347 2791 1405 2844 τί
1454 2789 1625 2858 ὑμεῖς
1666 2792 1737 2844 οὐ
1788 2802 1884 2842 ττι-

293 2874 543 2928 στεύετέ
589 2892 728 2944 μοις
773 2877 956 2942 Ἄξιον
1009 2879 1138 2934 ἰδεῖν
1182 2881 1237 2934 τί
1285 2881 1644 2951 ὑποφαίνεται
1687 2885 1750 2936 ἐκ
1789 2883 1884 2936 τοῦ

299 2967 584 3034 πύσματος
603 2983 616 2996 ·
647 2966 805 3021 τοῦτο
830 2968 885 3022 δὲ
912 2969 1156 3040 ὀψόμεθα
1183 2972 1232 3024 εί
1268 2973 1362 3024 καὶ
1400 2975 1597 3026 ἐκεῖνοι
1633 2975 1765 3046 πρὸς
1790 2973 1886 3039 οὓς

1993 511 2100 552 non
2137 497 2287 558 fecit,
2325 512 2420 564 per
2466 495 2645 548 omnia
2680 503 2912 548 tentatus
2949 494 3108 563 juxta
3143 495 3572 559 similitudinem,

1992 587 2188 655 absque
2221 597 2433 653 peccato
2456 586 2498 638 ⁸.
2540 583 2693 652 Quod
2742 595 2924 639 autem
2961 585 3119 651 dixit,
3158 584 3288 650 Quis
3318 604 3383 641 ea:
3411 592 3574 648 ιιοιιιε,

1991 676 2070 730 sic
2107 677 2373 746 intelligo,
2408 687 2467 730 ιιι
2501 677 2554 730 id
2597 669 2703 729 non
2746 676 2812 728 ad
2852 686 3155 745 praesentes
3189 686 3430 744 tantum,
3480 682 3575 732 sed

1990 767 2056 822 ad
2083 769 2398 823 universum
2439 768 2718 822 hominum
2744 782 2914 835 genus
2941 768 3147 826 dictum
3178 770 3247 824 sit
3272 785 3286 834 ;
3315 779 3574 838 tanquam

1990 860 2034 916 si
2055 861 2133 916 sic
2162 860 2576 930 explanaretur:
2599 859 2730 926 Quis
2749 875 2814 913 ex
2848 869 3032 913 vestro
3060 877 3280 930 genere,
3299 862 3575 928 \'e|,Quis,

1990 951 2386 1020 qualiscunque
2416 953 2636 1006 laudent
2665 954 2735 1006 sit
2767 953 2853 1008 ille
2883 953 3066 1016 homo,
3104 970 3336 1024 arguere
3379 954 3580 1023 poterit

1993 1059 2078 1098 me
2110 1043 2177 1098 de
2212 1044 2474 1112 peccato?
2507 1053 2562 1104 at
2594 1054 2742 1098 certe
2769 1059 2952 1099 nemo.
2978 1042 3214 1113 Propter
3247 1057 3426 1098 autem
3474 1047 3578 1103 h'oe

1989 1137 2230 1190 dictum:
2255 1135 2556 1190 lntitntorcs
2578 1137 2680 1190 mei
2699 1147 2880 1200 estate,
2902 1138 3036 1190 sicut
3063 1146 3112 1190 et
3133 1153 3226 1206 ego
3248 1135 3444 1190 Christi
3460 1129 3577 1201 M‘,

1990 1229 2137 1282 omni
2181 1230 2342 1284 modo
2375 1229 2815 1286 contendendum
2852 1229 3008 1284 nobis
3045 1239 3150 1294 est,
3179 1229 3400 1296 ntjuxla
3431 1232 3578 1286 vires

1993 1318 2249 1374 humana:
2289 1331 2498 1374 natura;
2537 1319 2702 1374 talem
2749 1321 3083 1390 recipiamus
3131 1321 3379 1376 [idm-iam
3423 1339 3581 1377 mun-

1991 1411 2072 1464 dae
2103 1413 2456 1468 conscientiae
2497 1427 2628 1484 erga
2672 1429 2862 1467 omnes
2915 1412 3189 1478 homines,
3235 1423 3292 1466 ιιι
3333 1415 3580 1468 dicamus

1989 1502 2157 1574 3&9
2199 1505 2252 1557 in
2287 1503 2552 1570 intortam,
2582 1521 2644 1560 ac
2677 1515 2798 1574 post
2830 1505 2950 1559 ﬁdei
2985 1508 3335 1576 principium,
3370 1509 3435 1562 ad
3467 1510 3579 1563 siu-

1990 1595 2141 1662 gulos
2194 1610 2291 1649 nos
2339 1608 2696 1665 agnoscentes
2725 1615 2738 1651 :
2766 1597 2896 1663 Qui:
2925 1615 2988 1651 ea:
3021 1600 3160 1652 vobis
3199 1601 3372 1668 arguit
3413 1616 3493 1654 nis
3516 1607 3582 1653 de

1988 1682 2461 1748 pcccuta?etiamsi
2519 1683 2662 1740 factu
2714 1685 2870 1738 facile
2919 1701 3023 1738 non
3064 1694 3147 1740 est
3192 1695 3248 1738 ut
3289 1689 3392 1746 hoc
3423 1689 3576 1740 dicae

1990 1788 2110 1826 mus
2144 1788 2268 1827 cum
2302 1775 2696 1844 compleviums
2725 1778 3018 1830 rationem.
3054 1776 3320 1832 Caeterum
3355 1795 3464 1833 non
3505 1781 3579 1834 ad

1988 1862 2236 1918 homines
2271 1875 2480 1920 tantum
2516 1867 2776 1920 Servator
2813 1868 2953 1922 dixit
3002 1870 3127 1932 hoc,
3171 1872 3265 1925 sed
3299 1871 3464 1925 etiam
3500 1874 3568 1924 ad

1986 1953 2261 2010 diabolum
2310 1965 2476 2025 atque
2527 1957 2594 2014 ad
2652 1958 2928 2013 Poleutias
2965 1961 3036 2014 illi
3081 1961 3383 2029 subjectus,
3437 1963 3576 2020 nihil

1987 2045 2252 2108 valentes,
2288 2049 2430 2117 quod
2468 2049 2580 2116 ipse
2614 2061 2889 2118 peccaret,
2922 2052 3022 2121 ipsi
3066 2053 3330 2121 obiit-ere.
3370 2053 3432 2108 Et
3469 2055 3581 2111 hoc

1988 2153 2120 2192 sane
2170 2156 2509 2210 consequens
2562 2155 2644 2198 est
2705 2144 2778 2198 illi
2825 2162 2840 2200 :
2895 2143 3046 2199 Venit
3096 2149 3334 2214 princeps
3385 2151 3569 2202 mundi

1988 2229 2170 2299 hujus,
2212 2242 2258 2284 et
2305 2233 2358 2285 in
2398 2243 2611 2290 menon
2635 2235 2790 2288 habet
2817 2237 3127 2306 quidquam,
3161 2251 3206 2292 et
3249 2239 3464 2294 nihiloin
3495 2257 3582 2295 me

1988 2319 2182 2376 invenit
2218 2321 2282 2374 ".
2317 2320 2614 2377 Possumus
2648 2338 2777 2378 vero
2806 2325 2970 2378 etiam
3006 2341 3102 2380 nos
3135 2342 3201 2380 ex
3237 2328 3405 2382 multa
3450 2331 3576 2383 dili-

1987 2411 2170 2477 gentia
2213 2427 2310 2478 per
2361 2412 2581 2482 aliquod
2634 2423 2849 2482 tempus
2907 2416 3162 2472 fiduciam
3216 2418 3462 2487 recipere
3506 2422 3575 2474 ad

1987 2505 2274 2560 dicendum
2312 2507 2532 2561 diabolo
2562 2517 2618 2562 et
2649 2509 2858 2576 angelis
2887 2509 3028 2579 ejus,
3059 2513 3438 2580 qurerentihus
3471 2515 3574 2568 ad-

1989 2611 2204 2652 versum
2256 2613 2356 2652 nus
2399 2599 2752 2654 occasionem
2799 2614 2926 2653 cum
2989 2602 3227 2656 animam
3284 2601 3576 2662 eﬂlamus:

1988 2689 2120 2754 Quis
2150 2705 2216 2743 ea:
2249 2691 2387 2743 vobis
2425 2690 2606 2758 arguit
2640 2706 2721 2743 me
2751 2694 2817 2744 de
2856 2703 3069 2760 peccato
3091 2693 3117 2746 ἱ)

2055 2779 2146 2834 26.
2191 2779 2247 2835 Si
2292 2783 2561 2834 ueritatem
2613 2781 2754 2845 dico,
2815 2797 2981 2849 quare
3029 2798 3119 2836 vos
3189 2799 3296 2836 non
3355 2784 3570 2841 creditis

1987 2874 2118 2925 mihi
2154 2873 2250 2926 "?
2295 2873 2524 2940 Dignum
2577 2883 2660 2928 est
2697 2883 2757 2927 ut
2798 2875 3080 2928 videamus
3135 2875 3265 2944 quid
3319 2877 3578 2932 innuatur

1987 2979 2056 3017 ex
2087 2963 2190 3016 hac
2241 2962 2721 3032 interrogatione;
2763 2972 2815 3016 at
2856 2963 2958 3018 hoc
3000 2963 3310 3020 videbimus
3353 2966 3570 3024 etiamsi

297 3058 512 3125 ὁλόγος
565 3058 666 3112 ούκ
716 3059 1081 3132 ἀπεκρίναντο
1142 3061 1244 3132 τὴν
1307 3062 1533 3117 δέουσαν
1590 3066 1882 3138 ἀπόκρισιν

1991 3051 2061 3105 illi
2101 3053 2167 3106 ad
2213 3068 2351 3122 quos
2391 3062 2511 3107 erat
2557 3069 2765 3118 sermo,
2820 3071 2926 3110 non
2968 3055 3351 3126 responderint
3395 3057 3577 3127 profe-

298 3149 697 3218 ἐξενεγκόντες.
732 3150 890 3204 Εἴποι
928 3151 1040 3224 γὰρ
1083 3153 1149 3206 ἄν
1186 3171 1302 3218 τις·
1357 3156 1456 3210 Διά
1498 3158 1657 3209 τοῦτο
1685 3157 1745 3209 οὐ
1793 3175 1885 3210 πι-

299 3239 584 3309 στεύομεν,
626 3242 747 3294 ἐπεὶ
787 3243 848 3296 οὐ
891 3241 1204 3314 θεωροῦμεν
1250 3244 1372 3298 τίνα
1421 3246 1623 3318 τρόπον
1666 3247 1695 3300 δ
1735 3246 1880 3317 λέγει

298 3330 450 3384 ἐστὶν
495 3330 723 3402 ἀλήθεια
742 3349 760 3364 ·-
792 3334 852 3386 οὐ
887 3332 1200 3404 θεωροῦμεν
1236 3335 1292 3388 δὲ
1330 3336 1407 3407 τῷ
1445 3337 1672 3408 μηδέπω
1714 3357 1882 3394 κεκα-

302 3417 497 3492 θάρθαι
526 3421 684 3492 ἡμῶν
720 3421 818 3486 τὰς
857 3426 921 3493 τῇ
955 3424 1114 3493 φύσει
1148 3424 1460 3495 διορατικὰς
1496 3429 1595 3500 τῆς
1626 3429 1883 3500 ἀληθείας

300 3513 481 3582 ὄψειςο
527 3515 621 3568 καὶ
663 3515 785 3567 ἐπεὶ
828 3515 1060 3568 τοιοῦτοί
1103 3518 1292 3588 ἐσμεν,
1323 3520 1422 3572 οὐκ
1469 3521 1636 3591 ἐσμὲν
1669 3523 1735 3574 ἐκ
1787 3523 1883 3576 τοῦ

300 3604 436 3658 Θεοῦ
456 3621 469 3634 ·
506 3607 555 3658 εί
581 3605 794 3659 οὐδέπω
821 3607 988 3678 ἐσμὲν
1015 3610 1079 3662 ἐκ
1103 3609 1197 3662 τοῦ
1219 3609 1377 3673 Θεοῦ,
1405 3611 1543 3665 ἀλλά
1574 3613 1750 3666 καὶαι
1778 3613 1881 3684 τῆς

305 3694 560 3763 ἀληθείας
599 3696 750 3766 ὄψεις
793 3695 1127 3768 θεωρητικαὶ
1170 3701 1268 3753 οὐκ
1301 3702 1408 3754 εἰσὶ
1448 3702 1880 3775 κεκαθαρμέναι,

303 3787 380 3857 τῷ
440 3787 893 3858 ἐπικεκαλύφθαι,
953 3791 986 3860 ἢ
1045 3792 1412 3862 πεπαχύνθαι,
1467 3796 1500 3865 ἢ
1552 3795 1881 3850 τεθολῶσθαι

305 3880 474 3942 αὑτὰς
502 3880 606 3933 ὑπὸ
629 3880 727 3950 τῆς
749 3880 970 3944 κακίας.
1000 3883 1404 3948 Κατανοοῦντες
1430 3885 1487 3938 δὲ
1515 3885 1568 3938 τί
1602 3887 1663 3940 τὸ
1681 3887 1884 3960 κυρίως

308 3969 604 4035 πιστεύεις,
640 3970 762 4025 καθ’
799 3972 859 4024 δ’
889 3970 1017 4038 Πᾶς
1042 3977 1075 4027 ό
1103 3976 1424 4038 πιστεύων,
1459 3975 1548 4030 ὅτι
1589 3978 1820 4046 Ἰησοῦς
1851 3983 1886 4034 ό

304 4057 558 4123 Χριστός
587 4057 778 4121 ἐστιν,
809 4058 879 4112 ἐκ
909 4059 1014 4113 τοῦ
1045 4062 1194 4116 Θεοῦ
1226 4062 1554 4133 γεγένηται,
1580 4066 1675 4119 καὶ
1697 4067 1886 4122 αισθα-

302 4148 514 4217 νόμενοι
562 4150 673 4220 ὅσῳ
719 4150 812 4204 τοῦ
863 4151 1036 4215 οὕτως
1089 4154 1365 4208 πιστεύειν
1431 4157 1876 4230 ἀπολειπόμεθα,

1993 3154 2174 3198 rentes
2221 3145 2555 3199 conveniens
2615 3161 2958 3214 responsum.
3017 3146 3372 3216 Res-pondere
3427 3149 3575 3203 enim

1987 3245 2173 3305 posset
2225 3235 2424 3305 aliquis
2470 3253 2485 3290 :
2528 3235 2678 3292 Ime
2719 3238 2790 3292 ob
2826 3253 3051 3294 causam
3105 3254 3217 3292 non
3273 3239 3572 3300 credimus,

1987 3327 2244 3397 quoniam
2280 3344 2384 3382 non
2429 3329 2677 3383 videmus
2729 3343 2969 3398 quonam
3031 3339 3193 3400 pacto
3235 3329 3376 3404 illud
3427 3331 3573 3400 quod

1985 3419 2118 3474 dicit
2148 3419 2219 3473 sit
2250 3420 2493 3474 veritas:
2520 3435 2628 3474 non
2657 3420 2910 3475 videmus
2933 3429 3113 3476 autem
3155 3436 3222 3475 eo
3253 3423 3399 3490 quod
3432 3438 3572 3477 nou-

1986 3511 2112 3566 dum
2153 3512 2392 3565 mundati
2426 3512 2535 3566 sint
2561 3511 2613 3565 in
2676 3511 2835 3566 nobis
2871 3511 2945 3565 illi
2981 3513 3121 3566 oculi
3160 3513 3253 3581 qui
3313 3516 3418 3568 vim
3451 3529 3576 3582 per-

1989 3603 2282 3673 Spicicnda:
2315 3603 2563 3657 veritatis
2585 3611 2775 3657 natura
2807 3603 3011 3656 habent
3041 3613 3134 3658 :et
3154 3605 3412 3673 quoniam
3439 3605 3574 3661 tales

1984 3710 2199 3757 sumus,
2236 3710 2342 3748 non
2377 3708 2570 3748 sumus
2615 3709 2680 3747 ex
2722 3693 2832 3747 Deo
2872 3709 2888 3758 ;
2933 3697 3075 3762 quod
3124 3697 3167 3748 si
3226 3695 3462 3748 nondum
3503 3711 3574 3752 ex

1986 3785 2100 3841 Deo
2139 3801 2347 3851 sumus,
2385 3785 2550 3838 etiam
2586 3783 2728 3838 oculi
2759 3784 2866 3837 vim
2903 3785 3294 3853 perspicienda:
3327 3786 3584 3843 veritatis

1987 3879 2252 3933 habentvs
2309 3874 2494 3929 mumli
2543 3888 2648 3928 non
2686 3883 2836 3940 sunt,
2873 3874 2957 3929 vel
2994 3877 3125 3944 quia
3158 3877 3402 3946 cooperti
3436 3877 3570 3947 sint,

1989 3967 2070 4020 vel
2111 3967 2238 4036 quia
2277 3968 2387 4022 sint
2420 3964 2617 4031 crassi,
2663 3965 2746 4020 vel
2799 3967 2925 4036 quia
2955 3967 3067 4022 sint
3110 3969 3313 4026 turbidi
3348 3981 3574 4040 propter

1987 4062 2201 4116 vitium.
2253 4060 2329 4116 Ac
2381 4059 2795 4116 considerantes
2841 4061 3128 4132 diligenter
3161 4065 3382 4133 quidem
3435 4065 3574 4135 quid

1984 4155 2056 4210 sit
2088 4153 2306 4223 proprie
2336 4155 2581 4216 credere,
2608 4155 2765 4223 juxta
2803 4154 2934 4210 illud
2966 4157 3174 4209 dictum
3204 4174 3216 4210 :
3251 4155 3440 4211 Omnis
3473 4158 3574 4226 qui

299 4239 472 4293 ταῦτα
510 4240 966 4313 ἀποκρινώμεθα,
1019 4245 1462 4317 παρακαλοῦντες
1504 4249 1596 4304 τὸν
1629 4251 1740 4306 τῶν
1781 4252 1882 4324 τῆς

1988 4248 2146 4302 credit
2181 4249 2321 4316 quod
2344 4245 2503 4302 Jcsus
2529 4246 2770 4302 Christus
2800 4255 2900 4314 est,
2928 4262 2994 4301 ea:
3030 4246 3138 4302 Deo
3160 4249 3367 4316 genitus
3393 4257 3471 4301 est
3499 4247 3566 4313 ”,

297 4331 478 4401 ψυχῆς
509 4332 684 4402 ὄψεων
711 4334 894 4405 ἰατρὸν
927 4337 993 4406 τῇ
1020 4336 1218 4391 ἐαυτοῦ
1262 4340 1424 4412 σοφίᾳ
1456 4341 1552 4395 καὶ
1573 4342 1881 4415 φιλανθρω-

1988 4340 2392 4409 sentientesque
2441 4351 2708 4409 quantum
2760 4341 3006 4394 absimus
3055 4339 3124 4393 ab
3159 4339 3262 4392 hoc
3306 4338 3566 4392 credendi

299 4422 399 4494 πίᾳ
430 4422 606 4476 πάντα
631 4426 852 4496 ποιῆσαι
887 4428 954 4482 τὲ
990 4429 1132 4502 ὑπὲρ
1153 4429 1249 4485 τοῦ
1273 4432 1728 4505 ἀποκαλυφθῆναι
1749 4437 1882 4501 τοὺς·

1988 4431 2170 4495 modo,
2225 4431 2342 4487 haec
2389 4433 2840 4503 respondeamus,
2891 4430 3247 4484 obsecrantes
3295 4429 3566 4484 medicum

296 4513 607 4585 ὀφθαλμοὺς
637 4517 669 4586 ἡ
679 4516 794 4586 μῶν
818 4517 896 4571 ἐτι
928 4521 1372 4593 κεκαλυμμένους
1404 4524 1510 4577 ὑπὸ
1535 4528 1632 4597 τῆς
1660 4526 1748 4580 διὰ
1776 4528 1876 4600 τὴν

1988 4524 2266 4580 oculorum
2305 4525 2522 4590 animae,
2552 4535 2614 4579 ut
2640 4539 2735 4580 sua
2776 4522 2948 4593 ipsius
2971 4531 3084 4575 tum
3116 4522 3405 4589 sapientia,
3451 4530 3564 4576 tum

295 4607 496 4659 κακίαν
559 4608 783 4677 ἀτιμίας
836 4611 1025 4681 ἡμῶν,
1086 4614 1227 4668 κατά
1271 4615 1334 4669 τὺ
1383 4617 1671 4689 εἰρημένον
1734 4637 1873 4674 που·

1988 4629 2191 4679 amore,
2223 4631 2333 4684 quo
2387 4631 2562 4686 genus
2611 4616 2914 4668 humanum
2968 4612 3333 4682 prosequitur,
3379 4613 3570 4667 omnia

307 4698 724 4770 Ἑὲιεκάλυψεν
764 4701 921 4771 ἡμᾶς
961 4705 999 4772 ἡ
1045 4706 1245 4776 ἀτιμία
1276 4707 1474 4776 ἡμῶν
1512 4711 1877 4767 ἐπακούσεται

1988 4704 2166 4770 iaciat,
2203 4721 2312 4774 quo
2344 4706 2659 4774 aperiantur
2690 4703 2830 4758 oculi
2868 4705 3044 4758 nostri
3079 4705 3262 4758 adhuc
3288 4704 3462 4759 clausi
3491 4705 3568 4760 ab

293 4788 402 4862 γίιρ
429 4790 582 4861 ἡμῶν
609 4791 1011 4862 ὁμολογούντων
1045 4796 1112 4849 τὰ
1149 4798 1296 4850 αἴτια
1344 4798 1436 4852 τοῦ
1471 4802 1694 4871 μηδέπω
1727 4805 1876 4874 ἡμᾶς

1988 4797 2274 4866 ignominia
2333 4808 2543 4860 nostra,
2603 4807 2830 4866 propter
2873 4797 3068 4851 vitium
3115 4813 3133 4861 ;
3173 4797 3329 4864 juxta
3388 4798 3558 4853 illud:

291 4880 593 4943 πιστεύειν,
648 4882 743 4935 καὶ
791 4883 866 4946 ὠς
930 4885 1116 4949 κακῶς
1177 4886 1382 4959 έχουσι,
1442 4892 1538 4944 καὶ
1581 4891 1875 4964 χρῄζουσιν

1988 4886 2262 4956 Cooperuit
2297 4904 2390 4941 nos
2421 4885 2714 4957 ignominia
2770 4897 2955 4941 nostra
3002 4886 3064 4945 “.
3101 4887 3369 4943 Exaudiet
3415 4888 3570 4942 cuius

292 4973 482 5045 ἰατροῦ
505 4972 716 5046 βοηθῶν
743 4980 1064 5048 συνεργήσει
1089 4978 1224 5050 πρὸς
1259 4981 1320 5033 τὸ
1356 4983 1602 5054 χωρῆσαι
1643 4986 1790 5054 ἡμᾶς
1815 4985 1882 5038 τὸ

1988 4995 2079 5036 nos
2118 4979 2162 5034 si
2193 4977 2555 5034 conﬁteamur
2590 4992 2788 5035 causas
2830 4995 2930 5034 cur
2972 4979 3211 5034 nomlum
3252 4979 3568 5044 credamus,

289 5066 376 5128 εἰς
405 5064 466 5118 τὸ
494 5065 772 5120 πιστεύειν
795 5068 1060 5140 χάρισμα,
1085 5071 1268 5145 τρίτον
1297 5074 1449 5147 παρά
1480 5075 1560 5146 τῷ
1597 5075 1794 5147 Παύλῳ
1817 5079 1878 5131 ἐν

289 5155 372 5226 τῷ
426 5156 712 5229 καταλόγῳ
763 5159 878 5213 τῶν
927 5164 1281 5234 χαρισμάτων
1329 5168 1680 5238 τεταγμένον,
1733 5169 1872 5239 μετά

287 5246 384 5299 τὸν
420 5247 517 5316 τῆς
561 5248 751 5316 σοφίας
793 5248 972 5318 λόγον,
1007 5254 1101 5305 καὶ
1134 5253 1225 5307 τὸν
1257 5255 1354 5326 τῆς
1394 5257 1665 5321 συνέσεως
1691 5257 1871 5326 λόγον,

289 5333 372 5402 οἷς
403 5339 684 5411 ἐπιφέρειο
746 5341 956 5410 Ἐτέρῳ
999 5345 1204 5413 πίστις
1254 5348 1324 5402 ἐν
1367 5348 1448 5416 τῷ
1485 5351 1648 5417 αὐτῷ
1690 5353 1872 5406 πνεύ-

284 5446 458 5500 ματν
513 5431 643 5501 περὶ
691 5425 752 5488 οῦ
802 5434 1139 5505 χαρίσματος
1198 5439 1292 5492 καὶ
1340 5441 1399 5494 ἐν
1447 5441 1626 5506 ἀλλοις
1677 5443 1868 5515 φησίν·

292 5525 414 5578 Ὅτι
447 5523 566 5578 ἀπὸ
601 5524 747 5579 Θεσῦ
793 5525 937 5595 ὑμῖν
977 5528 1286 5599 ἐχαρίσθη,
1335 5533 1408 5585 οὐ
1443 5534 1634 5601 μόνον
1675 5534 1741 5588 τὸ
1783 5537 1871 5601 είς

1975 5083 2032 5129 et
2064 5072 2218 5143 quasi
2247 5072 2388 5126 male
2421 5070 2630 5127 allectis
2655 5083 2820 5142 atque
2854 5073 3062 5127 medico
3091 5070 3378 5142 egentibus
3400 5085 3568 5139 openv

1977 5163 2158 5220 ferens
2183 5163 2445 5219 Dominus
2467 5162 2848 5233 cooperabitnr
2878 5164 3036 5218 nobis
3058 5163 3126 5217 ad
3149 5161 3569 5230 percipiendum

1979 5257 2178 5312 donum
2209 5256 2488 5321 credendi,
2523 5256 2686 5310 tertio
2707 5258 2830 5312 loco
2860 5256 3000 5324 apud
3039 5254 3268 5309 Paulum
3297 5255 3564 5324 positum,

1981 5349 2107 5403 dum
2140 5357 2390 5404 recenset
2417 5349 2590 5414 dona;
2620 5347 2876 5402 nimirum
2899 5355 3016 5416 post
3051 5347 3252 5408 donum
3280 5348 3560 5417 sapientia:

1979 5450 2034 5496 et
2073 5450 2198 5510 post
2243 5442 2446 5495 donum
2499 5439 2766 5504 scientiae,
2813 5439 3016 5505 quibus
3062 5436 3346 5508 subiungit
3393 5456 3409 5494 :
3453 5437 3568 5493 Alis"

1986 5532 2120 5600 ﬁdes
2152 5547 2244 5599 per
2274 5531 2515 5585 eumdem
2540 5530 2784 5598 spiritum
2809 5530 2852 5562 ¹⁸
2878 5548 2894 5598 ;
2937 5530 3002 5586 de
3032 5545 3140 5601 quo
3169 5532 3311 5586 dono
3343 5541 3400 5586 et
3427 5530 3568 5586 alibi‘

362 5641 576 5719 ξηρὴν.
613 5656 688 5702 tv,
715 5642 802 5719 μ.
879 5647 971 5680 ’σεο
1005 5647 1023 5702 l
1055 5648 1184 5703 Cor.
1211 5665 1248 5714 r,
1283 5650 1334 5704 t.
1414 5651 1455 5682 ¹²
1478 5649 1634 5708 Joan.
1660 5668 1770 5719 xlv,
1798 5653 1891 5710 30.
1970 5651 2192 5710 "Joan.
2230 5667 2344 5717 \‘lll,
2373 5647 2462 5704 ιθ.
2545 5650 2586 5683 ’³
2621 5649 2828 5708 Ηοιιιι.
2857 5666 2908 5719 v,
2933 5651 2989 5706 1.-
3063 5653 3326 5710 “Jerem.
3357 5654 3567 5719 "1,35.

295 5713 340 5743 "
373 5711 388 5763 Ι
427 5712 554 5766 Cor.
591 5727 686 5776 xu,
713 5711 765 5766 9.
