3866 6200
463 304 563 356 N7
1919 295 2249 358 OlllCENIS
3554 313 3635 369 (illi

467 418 640 488 inquit
667 434 681 470 :
718 415 823 482 Qui
849 434 880 469 a
910 413 1016 470 Deo
1045 414 1183 470 vobis
1205 413 1460 468 donatum
1487 422 1586 480 est,
1617 430 1723 470 non
1751 415 1924 470 solum
1971 431 1994 469 ιι

2133 417 2392 483 Χριστὸν
2438 418 2774 480 πιστεύειν,
2830 413 2990 472 ἀλλὰ
3039 419 3129 472 καὶ
3195 422 3255 474 τὸ
3305 423 3442 492 ὑπὲρ
3487 431 3631 483 αὑτοῦ

468 511 520 564 in
545 505 810 562 Christum
841 506 1088 563 credatis.
1115 519 1294 560 rerum
1322 504 1480 559 etiam
1514 513 1571 560 ut
1599 522 1694 574 pro
1726 505 1838 575 ipso
1859 507 1995 574 patit

2133 505 2410 576 πάσχειν.
2460 507 2567 561 Kal.
2625 507 2734 561 ἀπὸ
2779 508 2881 578 τῆς
2925 507 3195 580 ἐνεργείας
3235 512 3289 565 δὲ
3339 517 3634 587 ὲπιστήσαντι

469 599 597 652 mini
635 597 698 651 “.
731 597 906 664 Atque
929 596 1181 664 equidem
1219 596 1264 650 si
1297 597 1420 666 quis
1449 590 1740 652 eﬂicaciam
1775 598 1996 652 credent

2134 599 2299 665 σαφὲς
2331 597 2482 651 ἔσται
2519 599 2616 669 (4),
2652 599 2732 652 ὅτι
2765 601 2864 670 οὐχ
2899 599 2933 671 ἡ
2980 603 3212 672 τυχοῦσα
3247 603 3415 676 δωρεά
3439 609 3538 662 ἐστι
3564 613 3633 664 τοῦ

465 685 689 746 notarit,
725 683 926 738 videbit
954 683 1242 739 manifesto
1268 700 1374 739 non
1405 685 1625 753 vulgare
1646 685 1809 756 350
1830 686 1992 739 domn

2130 688 2296 752 Θεοῦ,
2352 689 2611 742 πλειόνων
2671 687 2956 761 δογμάτων
3008 693 3272 766 διαφόρων
3326 697 3423 751 ὑπὸ
3473 701 3635 756 πολλῶν

469 777 560 830 Dei
591 791 732 839 esse,
763 775 909 844 quod
961 776 1087 845 quis
1131 777 1318 831 credat
1351 776 1479 831 nulli
1515 776 1628 840 alii,
1672 785 1996 846 prieterqoar

2131 781 2556 850 κηρυσσομένων
2598 781 2706 834 τῶν
2748 782 3018 837 διδάσκειν
3053 785 3119 838 τὰ
3157 786 3324 858 ἀληθῆ
3362 791 3634 858 ἐπαγγελλοο

463 867 566 919 soli
613 880 760 929 vero,
814 866 1110 934 prmsertim
1160 881 1283 920 cum
1335 865 1491 935 plura
1539 868 1816 936 dogmata,
1858 879 1990 933 eaqu

2134 871 2332 940 μένων,
2389 871 2449 924 τὸ
2504 871 2693 942 μηδενὶ
2733 873 2768 942 ἢ
2826 873 2975 944 μόνῳ
3015 873 3091 945 τῷ
3137 875 3322 946 ἀληθεῖ
3373 881 3635 938 πιστεῦσαι·

423 960 614 1048 μηνίει
649 959 992 1028 divulgentur
1028 975 1057 1013 ε
1100 959 1284 1013 multis
1315 975 1442 1014 vera
1475 975 1534 1014 se
1560 959 1756 1013 docere
1804 971 1950 1026 prom

2129 958 2287 1012 τοῦτο
2345 959 2453 1031 γὰρ
2510 961 2609 1031 ἤδη
2681 961 2776 1016 καὶ
2851 962 3074 1034 δοκίμου
3143 959 3454 1036 τραπεζίτου
3515 968 3637 1040 ἔργον

465 1051 726 1104 tentihns.
765 1048 878 1104 Hoc
910 1048 1056 1102 enim
1081 1048 1193 1118 jam
1229 1051 1440 1119 probati
1471 1049 1636 1102 etiam
1682 1047 1992 1102 nummular

2130 1050 2404 1120 τυγχάνει,
2435 1051 2494 1104 ὃν
2528 1051 2731 1106 τέλειον
2771 1053 3052 1125 ὀνομάζων
3097 1053 3195 1110 οῦκ
3232 1057 3296 1110 ἂν
3333 1056 3544 1130 ἁμάρτοι
3565 1061 3634 1132 (5)·

461 1141 695 1195 uilicium
737 1148 839 1204 est,
879 1155 1040 1208 quem
1087 1141 1132 1196 si
1174 1141 1299 1210 quis
1355 1141 1661 1210 perfectum
1717 1141 1984 1195 nominari

2130 1139 2226 1192 καὶ
2254 1140 2312 1192 ὲν
2352 1142 2419 1210 τῇ
2463 1139 2600 1212 πρὸς
2660 1142 2946 1215 Ἐϐραίους
2997 1146 3370 1217 γεγραμμένου
3413 1151 3526 1203 τοῦ·
3568 1157 3637 1206 Τε-

466 1233 611 1287 haud
638 1232 955 1298 abcrrabit;
987 1246 1110 1285 cum
1159 1233 1327 1284 etiam
1372 1231 1426 1284 in
1482 1231 1826 1286 Hebraeorum
1904 1227 1993 1300 Epi

2129 1231 2309 1283 λείων
2345 1230 2414 1284 δέ
2454 1231 2623 1285 ἐστιν
2668 1233 2706 1299 ἡ
2761 1233 2976 1301 στερεὰ
3018 1234 3226 1304 τροφὴ,
3281 1237 3393 1290 τῶν
3438 1239 3521 1293 διὰ
3554 1240 3637 1307 τὴν

459 1325 596 1380 stola
619 1325 880 1393 scriptum
925 1322 996 1376 sit
1029 1339 1043 1375 :
1079 1319 1443 1389 Perfertornm
1496 1331 1672 1375 autem
1711 1333 1788 1376 est
1830 1321 1986 1376 solidi

2129 1321 2261 1386 ἕξιν
2296 1322 2367 1376 τὰ
2398 1324 2748 1392 αἰσθητήρια
2775 1327 3236 1396 γεγυμνασμένα
3259 1319 3503 1399 ἐχόντων
3525 1333 3638 1401 πρὸς

462 1415 633 1476 cibus,
666 1431 846 1483 nempe
877 1414 1069 1466 horum
1107 1412 1197 1481 qui
1235 1422 1445 1479 prapter
1487 1414 1878 1467 assuetudinetn
1913 1430 1989 1468 se;

1568 1414 1878 1467 suetudinem
1913 1430 2032 1468 sen-
2129 1412 2429 1482 διάκρισιν
2455 1414 2644 1468 καλοῦ
2671 1433 2734 1470 τε
2760 1417 2855 1470 καὶ
2887 1416 3095 1474 κακοῦ.

464 1523 553 1560 sus
575 1506 768 1559 habent
817 1505 1134 1560 exercitatos
1165 1501 1234 1554 ad
1267 1503 1634 1558 discretionem
1672 1505 1790 1558 boni
1835 1505 2034 1574 pariter

463 1613 510 1652 et
549 1598 675 1651 ntali
705 1597 770 1651 ".

531 1695 623 1748 27.
669 1693 770 1758 Qui
801 1708 866 1746 ea:
910 1693 1017 1748 Dea
1056 1703 1153 1756 est.
1201 1692 1355 1746 verba
1391 1691 1485 1745 Dei
1526 1690 1723 1753 audit;
1756 1699 2028 1759 propterea

2199 1687 2292 1742 27.
2342 1687 2395 1742 '0
2439 1686 2524 1742 ὢν
2554 1687 2623 1742 ἐκ
2664 1689 2769 1744 τοῦ
2804 1689 2954 1745 Θεοῦ
2995 1691 3069 1746 τὰ
3113 1689 3345 1761 ῥήματα
3383 1691 3479 1747 τοῦ
3523 1691 3637 1751 Θεοῦ

461 1799 552 1840 tios
602 1802 705 1839 non
750 1786 970 1847 auditis,
1020 1787 1141 1853 quia
1181 1801 1246 1838 ex
1284 1783 1391 1838 Deo
1422 1799 1524 1837 non
1559 1783 1679 1837 estis
1709 1783 1773 1835 ⁸⁸.
1809 1782 1910 1849 Qui
1943 1784 1988 1837 di

2127 1778 2331 1860 ἀκούει
2351 1795 2366 1810 ο
2402 1779 2501 1833 διὰ
2530 1779 2704 1834 τοῦτο
2733 1781 2900 1850 ὑμεῖς
2931 1784 3042 1836 οὐκ
3069 1783 3334 1849 ἀκούετε,
3364 1781 3444 1838 ὅτι
3469 1787 3527 1838 ἐκ
3556 1783 3636 1841 τοῦ

463 1891 743 1930 versurum
771 1887 1088 1929 naturarum
1121 1876 1470 1929 introducunt
1499 1884 1884 1936 commentum,
1909 1873 1990 1942 qni

2131 1868 2281 1923 Θεοῦ
2309 1870 2420 1923 οὐκ
2444 1867 2605 1924 ἐστέ.
2648 1869 2904 1924 Δοκοῦσιν
2945 1869 2997 1922 οί
3035 1870 3135 1942 τὴν
3175 1872 3299 1942 περὶ
3325 1873 3561 1945 διαφόρων
3584 1871 3637 1944 (6)

461 1982 569 2036 que
603 1969 792 2021 dicunt
821 1966 959 2021 ﬁlios
990 1966 1078 2019 υυί
1106 1976 1304 2020 natura
1333 1974 1387 2018 et
1416 1978 1445 2018 a
1487 1964 1658 2034 prima
1691 1964 1988 2017 institution

2129 1960 2344 2030 φύσεων
2392 1960 2700 2030 εἰσάγοντες
2752 1961 3092 2034 μυθοποιίαν,
3132 1965 3224 2018 καὶ
3268 1965 3494 2033 λέγοντες
3535 1964 3639 2020 εἶναι

462 2057 597 2112 tales
618 2058 901 2118 exsistere,
930 2069 1130 2124 eosque
1155 2055 1326 2108 solum
1349 2067 1580 2122 capaces
1602 2067 1724 2107 esse
1741 2053 1989 2106 verlmrm

2129 2051 2287 2120 φύσει
2325 2055 2419 2106 καὶ
2463 2055 2525 2106 ὲκ
2565 2052 2785 2125 πρώτης
2816 2056 3160 2126 κατασκευῆς
3189 2055 3334 2120 υίοῦς
3369 2057 3490 2110 Θεοῦ
3517 2058 3639 2128 μόνον

463 2149 554 2202 Dei
589 2158 808 2217 propter
857 2145 1236 2216 cognationem
1268 2158 1434 2214 quam
1471 2158 1592 2198 cum
1635 2140 1746 2195 Deo
1804 2142 1990 2195 hahem

2121 2144 2214 2198 διὰ
2249 2143 2312 2197 τὸ
2339 2144 2474 2215 πρὸς
2503 2143 2635 2198 Θεὸν
2666 2145 2920 2213 συγγενὲς
2967 2145 3251 2210 δεκτικοὺς
3283 2148 3384 2201 τῶν
3418 2149 3499 2202 τοῦ
3533 2141 3639 2204 Θεοῦ

459 2255 526 2292 ex
576 2238 678 2292 hoc
727 2238 891 2292 etiam
939 2237 1058 2290 loco
1110 2236 1428 2290 existimant
1481 2246 1541 2288 se
1593 2233 1831 2304 probare
1885 2243 1986 2302 quo

2130 2236 2414 2307 ῥημάτων,
2445 2219 2539 2289 καί
2571 2235 2817 2289 ἐντεῦθεν
2849 2237 3230 2292 ἀποδεικνύναι
3257 2240 3313 2292 τὺ
3336 2239 3639 2310 προκείμενον

459 2328 840 2398 preposucrint
871 2344 886 2381 :
926 2327 1026 2381 huc
1059 2336 1340 2388 contextu,
1366 2339 1527 2394 quem
1560 2324 1833 2378 mordicus
1859 2326 1986 2378 etia:

2125 2327 2328 2391 αὐτοῖς.
2374 2326 2781 2398 Συναρπάζουσί
2826 2327 2890 2396 γέ
2932 2344 3014 2382 τοι
3070 2329 3166 2383 καὶ
3214 2330 3320 2383 ἀπὸ
3367 2332 3531 2384 τούτου
3567 2329 3639 2383 τοῦ

459 2427 664 2480 tenent,
691 2417 920 2471 insuam
955 2416 1265 2484 opinionem
1301 2417 1582 2469 trahentes
1617 2414 1800 2477 rudes,
1831 2421 1886 2468 et
1909 2413 1986 2467 sin

2129 2417 2292 2488 ῥητοῦ
2324 2418 2826 2489 προσδιατρίϐοντες
2865 2417 3013 2488 αύτῷ
3045 2421 3176 2483 τοὺς
3211 2398 3450 2492 ἀκρίτους
3473 2421 3553 2474 καὶ
3583 2420 3639 2490 μὴ

452 2506 686 2576 judicio,
720 2524 818 2563 nec
848 2509 1089 2564 valentes
1121 2512 1449 2578 respondere
1479 2508 1544 2560 ad
1585 2505 1979 2578 probabilitate:

2126 2507 2450 2578 δυναμένους
2485 2508 2621 2579 πρὸς
2657 2507 2754 2579 τὴν
2793 2508 3127 2580 πιθανότητα
3169 2511 3266 2580 τῆς
3315 2513 3532 2583 χρήσεως,
3567 2511 3638 2564 τοῦ

458 2600 754 2654 voluntatis
794 2607 1108 2662 contextus,
1158 2611 1332 2666 neque
1385 2597 1633 2651 videntes
1658 2597 1776 2665 ejus
1803 2595 1985 2650 soluti:

2129 2597 2292 2670 ῥητοῦ
2349 2599 2627 2668 ἀπαντᾷν,
2679 2597 2811 2668 μηδὲ
2857 2597 3156 2668 βλέποντας
3199 2600 3358 2654 αὑτοῦ
3397 2602 3484 2670 τὴν
3521 2600 3639 2654 λύσιν

458 2705 579 2744 nent
611 2693 752 2745 hunc
801 2690 854 2744 in
898 2689 1116 2743 modum
1154 2703 1214 2742 se
1260 2688 1551 2742 habentem
1578 2705 1593 2742 :
1626 2687 1684 2742 Si
1713 2687 1886 2757 palam
1915 2699 1985 2742 εει

2125 2689 2299 2754 οὕτως
2339 2689 2591 2760 ἔχουσαν·
2630 2689 2804 2760 Εἴπερ
2849 2690 2962 2743 ὅσοι
3011 2690 3204 2745 ἔλαϐον
3239 2692 3299 2746 τὸ
3338 2691 3442 2762 φῶς
3465 2692 3517 2746 τὸ
3541 2692 3640 2761 ἀληι

437 2790 728 2850 ·«ι11‹›1‹ι1101.
761 2788 1085 2848 receperunt
1129 2777 1308 2833 locem
1345 2792 1550 2843 veram,
1603 2793 1724 2848 qua:
1757 2778 1964 2832 illumin

2125 2780 2288 2841 θινδν,
2324 2780 2353 2833 ὃ
2385 2779 2606 2848 φωτίζει
2643 2780 2818 2833 πάντα
2855 2779 3144 2852 ἄνθρωπον
3185 2783 3459 2856 ἐρχόμενον
3482 2785 3549 2846 εἰς
3570 2782 3639 2834 τὸν

431 2887 677 2926 ⁴οιηιιριῐι
715 2870 989 2925 hominem
1040 2871 1344 2924 venientem
1397 2871 1450 2924 in
1502 2871 1760 2924 mundum
1810 2867 1875 2935 ",
1919 2885 1958 2924 nt

2127 2871 2349 2941 κόσμον,
2372 2871 2433 2923 οὐ
2457 2869 2536 2939 τῷ
2555 2865 2696 2923 εἶναι
2719 2869 2813 2922 καὶ
2840 2872 2905 2923 ὲκ
2923 2870 3016 2924 τοῦ
3053 2871 3194 2925 Θεοῦ
3227 2871 3489 2943 εἰλήφασιν
3509 2870 3636 2923 αὑτό·

457 2961 582 3032 quia
619 2961 727 3014 sint
761 2975 828 3014 ex
869 2959 997 3026 Deo,
1043 2963 1318 3030 recepisse
1351 2975 1474 3015 eam
1517 2959 1661 3030 (nam
1709 2962 1753 3016 si
1793 2977 1858 3017 eo
1881 2977 1984 3032 quo

2127 2962 2206 3030 (εί
2241 2959 2350 3031 γὰρ
2375 2958 2453 3029 τῷ
2487 2955 2626 3012 εἶναι
2653 2960 2718 3012 ὲκ
2750 2959 2844 3012 τοῦ
2878 2956 3012 3012 Θεοῦ
3060 2961 3368 3032 εἰλήφεισαν
3405 2961 3536 3024 αὐτο,
3562 2961 3639 3013 οῦκ

456 3059 640 3103 essent
676 3063 740 3102 es
773 3049 904 3111 Deo,
938 3049 1274 3118 recepissent
1304 3051 1472 3116 illam,
1507 3050 1925 3120 haudquaquam
1958 3053 1983 3106 tl

2125 3048 2190 3103 ἂν
2213 3050 2339 3120 περὶ
2368 3049 2545 3102 αὐτῶν
2584 3048 2994 3121 ἀνεγὲγραπτο·
3032 3052 3201 3105 Ὅσοι
3243 3051 3310 3104 δὲ
3342 3053 3535 3106 ἔλαϐον
3554 3052 3637 3104 αὑ·-

456 3156 536 3195 ets
572 3141 832 3209 scriptum
869 3139 1060 3194 fuisset
1104 3158 1118 3189 :
1171 3141 1440 3212 Quotquot
1493 3139 1684 3196 autem’
1723 3159 1983 3211 receperm

2127 3139 2251 3204 τὸν,
2307 3139 2528 3193 ἔδωκεν
2585 3140 2789 3206 αὐτοῖς
2825 3140 3121 3204 ἐξουσίαν
3164 3141 3344 3195 τέκνα
3389 3140 3522 3195 Θεοῦ
3564 3156 3637 3210 τεο

455 3247 596 3293 eum,
621 3232 761 3284 dedit
782 3233 859 3284 eis
889 3232 1221 3284 credentibus
1250 3232 1304 3284 in
1335 3247 1520 3285 nomen
1546 3234 1680 3300 ejus.
1714 3242 1982 3299 potestate:

2123 3231 2352 3293 νέσθαι,
2398 3229 2522 3296 τοῖς
2565 3231 2960 3284 πιστεύουσιν
2992 3232 3088 3296 εις
3124 3230 3190 3285 τὸ
3227 3232 3404 3301 ὄνομα
3433 3229 3636 3290 αὐτοῦ’)

457 3334 511 3375 ut
545 3323 645 3390 ﬁlii
685 3323 774 3376 Dei
806 3323 988 3388 ﬁerent
1009 3323 1103 3392 υ),
1133 3324 1296 3394 liquet
1323 3327 1489 3379 etiam
1521 3340 1615 3379 eos
1642 3325 1733 3396 qui
1764 3342 1868 3379 non
1902 3341 1979 3379 sm

2121 3319 2296 3391 δῆλον,
2328 3320 2410 3373 ὅτι
2435 3321 2485 3372 0i
2523 3321 2599 3390 μὴ
2628 3320 2781 3384 ὄντες
2814 3321 2880 3374 ὲκ
2904 3319 2999 3373 τοῦ
3029 3320 3194 3385 Θεοῦ,
3229 3323 3352 3392 πρὶν
3385 3323 3472 3393 μὲν
3492 3321 3638 3374 λαϐεῖν

453 3429 520 3468 ex
551 3414 680 3480 Deo,
717 3423 1039 3484 potestatem
1077 3431 1182 3468 non
1220 3415 1421 3469 habere
1463 3417 1650 3487 aliquo
1688 3427 1847 3485 pacto
1885 3418 1980 3471 lilii

2122 3416 2182 3470 τὸ
2224 3417 2508 3487 ἀληθινὸν,
2547 3417 2667 3471 οὐδὲ
2714 3416 2962 3481 ἐξουσίαν
3001 3435 3124 3481 πως
3173 3419 3347 3487 ἔχουσι
3385 3416 3469 3471 τοῦ
3507 3417 3637 3469 τέκνα

455 3503 550 3557 Dei
595 3503 732 3567 t‘teri,
763 3515 1046 3575 antequam
1104 3503 1416 3572 acceperint
1459 3521 1640 3560 veram
1682 3506 1876 3562 iurent.
1915 3507 1982 3579 lin

2122 3509 2257 3562 Θεοῦ
2295 3509 2572 3577 γενέσθαι·
2623 3510 2760 3564 ὲπάν
2803 3511 2861 3564 δὲ
2903 3511 3146 3565 λάϐωσιν
3192 3514 3340 3575 αὐτὸ,
3379 3512 3523 3564 τέκνα
3561 3508 3637 3577 μὲν

455 3597 546 3665 qui
597 3598 935 3667 acceperint,
989 3612 1056 3650 ne
1110 3596 1205 3650 lilii
1253 3597 1470 3665 quidem
1521 3598 1609 3654 Dei
1647 3599 1824 3654 adhuc
1873 3614 1982 3655 sum

2121 3598 2330 3652 οὐδέπω
2357 3598 2593 3667 γίνονται
2616 3598 2772 3661 Θεοῦ,
2797 3599 2910 3652 ἀλλ’
2938 3598 3192 3663 ἐξουσίαν
3221 3595 3542 3669 λαμϐάνουσι,
3570 3586 3638 3644 διὰ

452 3691 567 3756 sed,
603 3706 667 3744 eo
695 3691 836 3760 quod
883 3688 1192 3758 acceperint
1251 3688 1451 3754 lucem,
1500 3699 1828 3757 potestatem
1875 3692 1979 3744 arci

2121 3687 2211 3741 τοῦ
2234 3687 2510 3758 εἰληφέναι
2534 3687 2594 3740 τδ
2623 3687 2758 3756 φῶς,
2789 3686 3041 3755 γενέσθαι
3077 3689 3239 3740 τέκνα
3261 3687 3407 3740 Θεοῦ,
3433 3685 3548 3738 Τότε
3565 3697 3638 3750 γε*

455 3780 605 3850 pinnt
638 3779 775 3834 titius
808 3780 902 3834 Dei
934 3779 1075 3846 ﬁeri,
1107 3788 1162 3833 et
1195 3787 1325 3832 tunc
1371 3792 1436 3832 ex
1483 3779 1591 3834 Deo
1625 3779 1816 3848 geniti,
1855 3780 1982 3834 otia:

2121 3779 2333 3849 νόμενοι
2361 3780 2424 3832 ὲκ
2449 3777 2542 3831 τοῦ
2575 3777 2731 3841 Θεοῦ,
2769 3779 2866 3831 καὶ
2899 3777 2968 3830 τὰ
3008 3779 3232 3848 ῥήματα
3261 3777 3527 3832 ἀκούουσιν
3560 3769 3638 3826 αὖ·

456 3870 618 3924 verba
661 3872 752 3926 Dei
781 3874 1024 3936 audiunt,
1057 3887 1163 3926 non
1192 3874 1428 3944 amplius
1461 3881 1670 3926 tantum
1702 3871 1983 3942 sintplieitc

2120 3869 2236 3934 τοῦ,
2291 3869 2473 3922 οὐκέτι
2523 3868 2888 3940 ἁπλούστερον
2941 3871 3291 3932 πιστεύοντες
3335 3868 3507 3938 μόνον,
3545 3859 3635 3916 ἀλλ’

457 3967 762 4028 credentes,
793 3965 886 4018 sed
920 3965 1028 4031 jam
1069 3966 1284 4020 acutius
1316 3981 1406 4022 res
1447 3968 1613 4023 divini
1659 3967 1837 4023 cultus
1864 3966 1984 4020 intel

2121 3961 2222 4032 ἢδη
2255 3961 2350 4014 κα)⁸
2387 3957 2832 4031 διορατικώτερον
2863 3959 3254 4024 κατανοοῦντες
3283 3961 3349 4012 τά
3374 3959 3462 4028 τῆς
3491 3955 3635 4007 0506s-

453 4057 704 4124 ligentes.
735 4055 906 4107 Porro
935 4055 1028 4124 qui
1059 4053 1365 4122 huiusmodi
1417 4075 1537 4115 esse
1578 4075 1684 4114 non
1723 4057 1980 4114 contende

2122 4053 2271 4117 ϐείας
2315 4053 2633 4125 πράγματα.
2693 4054 2757 4105 Οἱ
2808 4051 2882 4123 μὴ
2934 4053 3168 4107 τοιοῦτοι
3210 4049 3633 4122 φιλοτιμησάμενοι

456 4147 587 4209 rint,
621 4159 721 4200 nec
748 4145 842 4199 lilii
892 4143 985 4200 Dei
1023 4147 1177 4213 ﬁunt,
1211 4163 1310 4203 nec
1339 4158 1556 4204 suntex
1585 4163 1651 4203 eo
1697 4165 1713 4214 ;
1764 4158 1821 4202 et
1877 4149 1983 4202 han

2120 4141 2255 4200 εἶναι
2279 4145 2444 4199 τέκνα
2479 4145 2575 4216 μὲν
2605 4146 2667 4198 ού
2707 4144 2943 4212 γίνονται
2962 4144 3121 4207 Θεοῦ,
3148 4140 3269 4197 οὐδὲ
3298 4144 3360 4195 ὲκ
3391 4139 3474 4194 τοῦ
3498 4133 3629 4190 Θεοῦ·

453 4239 523 4291 ob
555 4252 776 4293 causam
821 4252 995 4307 neque
1023 4239 1251 4294 audiunt
1284 4239 1447 4294 verba
1484 4239 1678 4308 ipsius,
1715 4254 1892 4308 neque
1929 4238 1980 4291 in

2120 4240 2214 4293 καὶ
2245 4237 2334 4292 διά
2365 4237 2523 4292 τοῦτο
2562 4239 2662 4291 οὐκ
2693 4235 3041 4290 ἀκούουσιτά
3077 4237 3296 4308 ῥήματα
3332 4229 3500 4292 αὑτοῦ,
3538 4224 3631 4280 οὒδέ

451 4330 698 4399 tellignnt
733 4331 1064 4388 voluntatem
1097 4332 1355 4397 illorum;
1392 4333 1486 4387 sed
1519 4340 1742 4385 manent
1778 4333 1830 4384 in
1870 4341 1973 4384 stat

2121 4329 2336 4384 συνίασι
2375 4329 2471 4383 τοῦ
2512 4328 2850 4400 βουλήματος
2887 4327 3066 4380 αὐτῶν
3089 4345 3104 4358 ο
3161 4327 3374 4397 μένουσι
3406 4323 3458 4378 δὲ
3501 4322 3550 4372 ὲν
3580 4318 3631 4384 τῇ

452 4425 774 4494 praecedenti
807 4425 952 4480 lllios
983 4424 1074 4478 Dei
1112 4441 1127 4488 ;
1163 4437 1356 4492 nempe
1383 4423 1454 4490 _in
1497 4430 1640 4477 statu
1668 4437 1882 4485 eormn,
1923 4439 1975 4492 qi

2119 4421 2226 4494 πρὸ
2259 4421 2368 4475 τῶν
2397 4421 2473 4492 (7)
2497 4421 2702 4474 τέκνων
2733 4419 2826 4473 τοῦ
2869 4418 3006 4472 Θεοῦ
3051 4419 3395 4480 καταστάσει,
3429 4413 3523 4468 τῶν
3556 4425 3631 4460 πει

451 4526 660 4570 tantum
699 4517 1060 4578 crediderunt,
1093 4515 1235 4571 servi
1270 4514 1385 4580 Dei,
1424 4529 1489 4569 eo
1520 4513 1665 4584 quod
1699 4517 1978 4584 acceperit:

2125 4513 2495 4567 πιστευκότων
2542 4512 2722 4582 μόνον,
2767 4509 2942 4564 δοῦλοι
2984 4509 3143 4574 Θεοῦ,
3185 4508 3262 4579 τῷ
3299 4504 3546 4574 εἰληφέναι
3583 4495 3631 4550 rb

447 4603 728 4658 servitutis
755 4605 1001 4672 spiritunt
1036 4604 1090 4658 itt
1129 4605 1324 4658 timore
1370 4604 1438 4666 ’⁸,
1478 4619 1582 4658 nec
1633 4604 1974 4660 contenderit:

2119 4603 2220 4673 τῆς
2257 4601 2499 4664 δουλείας
2541 4602 2622 4664 εἰς
2671 4599 2834 4669 φόϐον
2880 4598 3120 4669 πνεῦμα,
3165 4598 3259 4651 καὶ
3299 4595 3370 4665 μὴ
3403 4587 3627 4646 ἐσπουδα-

445 4709 515 4748 eo
563 4695 875 4764 procedere,
903 4705 957 4750 et
987 4696 1272 4767 prolicere,
1306 4705 1366 4748 nt
1395 4697 1558 4750 ctiant
1610 4696 1914 4765 adoptionis
1945 4699 1972 4752 ii

2120 4695 2270 4749 κέναι
2319 4692 2586 4764 προϐῆναι
2636 4692 2729 4746 καὶ
2786 4691 3088 4764 προκόψαι,
3136 4690 3274 4743 ὥστε
3318 4686 3404 4740 καὶ
3453 4683 3506 4735 τὸ
3549 4677 3626 4767 τῆς

447 4785 640 4839 liornm
690 4787 942 4854 spiritum
997 4789 1332 4857 acciperent,
1395 4804 1491 4858 per
1549 4805 1710 4857 quem
1773 4789 1974 4843 clamaui

2117 4786 2385 4849 υἱοθεσίας
2417 4785 2685 4857 χωρῆσαι,
2716 4785 2773 4836 ὲν
2877 4784 3173 4856 κράξουσιν
3203 4782 3252 4834 οἱ
3284 4779 3478 4848 ἔχοντες
3502 4764 3627 4826 αὐτό,

448 4876 598 4930 illum
634 4875 914 4942 habentes,
946 4878 1089 4932 Abba
1121 4890 1290 4947 pater.
1325 4880 1475 4946 Quod
1524 4884 1668 4934 enim
1705 4879 1974 4950 generatit

2132 4877 2294 4932 Ἆϐϐὰ
2321 4881 2352 4931 ό
2380 4874 2593 4944 πατήρ.
2638 4877 2757 4930 Ὀτι
2783 4875 2892 4946 γὰρ
2927 4874 3153 4928 καθόλου
3190 4872 3355 4932 0685‘s;
3375 4862 3629 4960 ἀνθρώπῗιν

447 4962 635 5022 ηιιΙΙιιέ
655 4969 815 5022 homo
845 4971 914 5024 ab
945 4971 1100 5025 initio
1124 4973 1193 5026 sit
1223 4971 1364 5026 illius
1393 4973 1511 5033 Dei,
1543 4972 1717 5040 palam
1765 4979 1850 5024 est
1897 4979 1974 5024 tut

2118 4969 2354 5042 ἀρχῆθεν
2407 4968 2517 5032 υἱός
2570 4969 2686 5019 ἐστι
2733 4965 2902 5030 Θεοῦ,
2951 4964 3106 5034 δῆλον
3158 4963 3254 5034 μὲν
3290 4961 3380 5016 καὶ
3425 4960 3483 5010 ἐκ
3518 4959 3623 5005 του·

444 5073 513 5114 ex
547 5059 650 5112 hoc
674 5058 822 5113 dicto
848 5061 892 5092 ”
919 5079 935 5116 :
969 5061 1194 5115 Eramus
1221 5075 1416 5117 natura
1453 5061 1554 5129 ﬁlii
1589 5061 1707 5124 ira',
1735 5059 1896 5131 351
1931 5059 1969 5130 (i

2121 5063 2334 5130 Ἦμεθα
2361 5059 2540 5113 τέκνα
2575 5058 2754 5126 φύσει
2784 5055 2988 5127 ὀργῆς,
3021 5055 3231 5109 Παύλου
3271 5052 3360 5107 καὶ
3394 5049 3505 5118 περὶ
3525 5045 3622 5131 tam

442 5151 585 5220 quod
635 5149 836 5206 Paulus
879 5153 1046 5208 etiam
1097 5155 1164 5210 de
1205 5156 1382 5224 seipse
1411 5125 1592 5221 dixit),
1642 5125 1958 5206 tumve'x—eo

2110 5125 2206 5206 τοῦ
2229 5151 2387 5205 τοῦτο
2408 5149 2716 5221 εἰρηκότων
2764 5125 2932 5218 σαφὲς
2968 5148 3024 5201 δὲ
3051 5148 3147 5200 καὶ
3186 5149 3250 5200 ὲκ
3277 5142 3390 5198 τοῦ’
3429 5133 3548 5205 Ἐγὼ
3569 5125 3621 5224 δι

446 5217 559 5312 Ego
586 5256 762 5300 autem
791 5245 910 5300 dico
937 5247 1077 5301 vobis
1103 5260 1122 5298 :
1165 5217 1379 5317 Dilipite
1423 5217 1667 5299 inimicos
1709 5253 1926 5309 vestros,
1954 5260 1973 5298 ι

2111 5243 2268 5313 λέγω
2321 5217 2489 5312 ὑμῖν-⁸
2517 5217 2527 5220 ν
2559 5217 2924 5308 Ἀταατιξσατε
2994 5236 3245 5307 ἐχθροὺς
3301 5229 3452 5301 ὑμῶν
3472 5265 3486 5288 ,
3543 5217 3620 5272 καί

517 5372 560 5403 ⁸⁸
585 5372 779 5443 Philip.
816 5391 854 5440 ι,
894 5377 984 5436 29.
1067 5380 1109 5411 ι’
1139 5378 1301 5434 llcbr.
1348 5393 1400 5441 v,
1451 5377 1534 5431 14.
1616 5374 1840 5432 "Joan.
1871 5391 1964 5431 vut

444 5440 489 5472 “
518 5441 716 5511 Ephes.
749 5460 811 5509 ll,
837 5445 892 5500 3.

2085 5379 2120 5432 l.
2229 5377 2269 5409 ‘9
2299 5375 2454 5430 Joaa.
2506 5389 2546 5439 ι,
2577 5372 2631 5428 9.
2707 5373 2753 5403 ‘°
2783 5372 2915 5427 iliid.
2964 5369 3052 5426 l2.
3143 5365 3365 5422 "Rom.
3416 5348 3612 5419 "H.15-

515 5561 592 5632 (4)
631 5559 808 5632 Codex
840 5563 1054 5631 Regius,
1080 5577 1387 5632 perperam,
1413 5563 1648 5617 ἔσεσθαι.

727 5562 808 5632 lex
840 5563 1054 5631 Regius,
1080 5577 1387 5632 perperam,
1413 5563 1648 5617 ἔσεσθαι.
2112 5561 2254 5632 licet.

623 5629 802 5704 Codex
828 5620 1231 5704 lleg'iugn'nale,
1263 5620 1639 5704 ἀμάρτήσατε.
1682 5698 1696 5704 μ
1742 5699 1753 5704 _
1835 5699 1845 5704 _
1958 5699 1968 5704 _

2135 5688 2142 5694 -
2184 5630 2470 5704 (iicmlex
2512 5631 2730 5704 “mins.
2756 5630 3006 5704 πρώτων,
3050 5637 3104 5683 et
3151 5623 3304 5696 paulo
3332 5627 3456 5690 post,
3483 5620 3613 5664 κατι

509 5701 587 5774 (6)
608 5701 674 5754 οι
698 5697 811 5768 τὴν
836 5697 965 5775 περὶ
996 5697 1316 5770 adscriptor,
1351 5697 1847 5758 e'tc.'\’alentiniani
1892 5699 2000 5754 sci~

1249 5697 1316 5766 ιν,
1351 5697 1847 5758 οἱαῪειΙειιιίιιίειηί
1892 5699 2000 5754 sci~
2115 5697 2284 5770 σταθῇ
2312 5717 2405 5770 pro
2431 5697 2776 5756 καταστάσει.

3811 5379 3813 5517 i

3809 5867 3811 5988 i
