3924 6196
149 285 256 343 649

1221 280 1579 340 COMMENT.
1622 279 1692 338 IN
1731 279 1925 339 JOAN.
1968 280 2208 339 TOMUS
2245 280 2364 341 XX.

3311 288 3414 346 650

148 407 568 479 προσεύχεσθε
610 408 762 479 ὑπὲρ
810 407 935 465 τῶν
967 408 1305 465 διωκόντων
1348 407 1510 481 ὑμᾶς
1524 451 1541 478 ,
1581 408 1740 475 ὅπως

1849 414 1993 462 orate
2032 422 2129 477 pro
2168 405 2597 477 persequentibus
2655 421 2763 470 vos.
2818 400 2877 462 ui
2925 409 3040 464 sitis
3081 408 3184 480 [itii
3231 405 3418 467 Patris

147 498 412 571 γένησθε
444 500 567 556 υἱοὶ
606 501 712 556 τοῦ
742 501 974 572 Πατρός
1004 501 1171 573 ὑμῶν
1202 501 1310 558 τοῦ
1337 503 1410 557 ἐν
1432 500 1732 572 οὐρανοῖς.

149 592 213 648 Ei
244 592 356 665 γὰρ
394 592 609 658 Παῦλος
640 594 798 665 φύσει
829 594 999 667 ὀργῆς
1033 596 1167 660 υίὸς,
1207 593 1293 656 τίς
1324 593 1466 667 ὑπὲρ
1499 592 1734 660 Παῦλον,

148 684 276 739 ὅσον
299 684 397 739 ἰπὶ
431 688 498 756 τῇ
544 688 876 758 κατασκευῇ,
903 686 1004 741 οὐκ
1034 686 1207 760 ὀργῆς
1239 686 1372 752 υίὸς,
1407 685 1515 758 πρὸ
1530 684 1623 740 τοῦ
1642 686 1739 740 λα-

150 776 267 832 ϐεῖν
288 778 539 845 ἐξουσίαν
583 776 749 832 τέκνα
773 778 874 850 (7')
896 777 1033 833 Θεοῦ
1057 778 1339 849 γενέσθαί,
1374 779 1468 834 καὶ
1500 778 1609 851 πρὸ
1638 777 1736 833 τοῦ

149 870 340 926 τέκνον
371 869 626 940 γενέσθαι
655 869 792 925 Θεοῦ
816 887 830 938 ;
865 872 978 928 Καὶ
1001 874 1052 928 εί
1075 872 1177 927 οῦκ
1209 872 1385 938 ἄλλως
1414 871 1625 943 γίνεται
1649 888 1738 938 τις

139 961 269 1028 υίὸς
300 962 396 1018 τοῦ
422 963 483 1018 ὲν
507 963 756 1036 οὐρανοῖς
777 962 1011 1037 Πατρδς,
1044 964 1079 1038 ἢ
1116 967 1182 1021 ὲκ
1216 964 1312 1021 τοῦ
1354 965 1578 1039 ἀγαπᾷν
1607 966 1738 1032 τοὺς

153 1056 383 1131 ἐχθροὺς
410 1056 626 1122 ἑαυτοῦ,
651 1057 746 1113 καὶ
776 1060 1174 1133 προσεύχεσθαι
1202 1059 1342 1133 ύπὲρ
1373 1058 1486 1115 τῶν
1511 1058 1737 1116 διωκόν-

153 1166 263 1205 των
302 1149 488 1215 αὐτὸν,
515 1150 698 1223 δῆλον,
740 1151 824 1207 ὅτι
860 1152 1036 1217 οὐδεὶς
1064 1151 1144 1224 τῷ
1180 1151 1342 1222 φύσει
1384 1147 1526 1207 εἶναι
1553 1152 1619 1206 ὲκ
1642 1150 1737 1206 τοῦ

151 1241 311 1308 Θεοῦ,
341 1242 411 1298 τὰ
443 1244 665 1315 ῥήματα
705 1242 801 1299 τοῦ
832 1244 968 1299 Θεοῦ
1013 1243 1221 1310 ἀκούει,
1267 1243 1405 1299 ἀλλά
1446 1243 1525 1317 τῷ
1555 1243 1741 1300 λαϐεῖν

152 1334 405 1401 ἐξουσίαν
451 1336 640 1391 τέκνον
681 1336 817 1392 Θεοῦ
864 1336 1140 1407 γενέσθαι,
1192 1337 1288 1392 καὶ
1328 1337 1629 1410 κεχρῆσθαι
1661 1339 1741 1404 εἰς

153 1422 275 1477 δέον
300 1427 365 1496 τῇ
391 1423 627 1497 ἐξουσίᾳ,
671 1425 769 1481 zeal.
794 1424 873 1497 τῷ
918 1425 1273 1498 ἠγαπηκέναι
1314 1427 1443 1490 τοὺς
1485 1426 1739 1500 ἐχθροὺς,

156 1517 255 1571 καὶ
286 1516 686 1591 προσεύχεσθαι
711 1519 852 1591 ὑπὲρ
889 1517 1001 1573 τῶν
1033 1517 1475 1590 ἐπηρεαζόντων,
1510 1519 1739 1591 γενόμε-

156 1608 374 1673 νοςυίὸς
386 1608 480 1663 τοῦ
515 1610 574 1663 ὲν
599 1610 849 1681 οὐρανοῖς
871 1608 1108 1681 Πατρὺς,
1130 1609 1253 1663 τότε
1274 1608 1394 1662 ἐστὶ
1425 1610 1519 1664 καὶ
1549 1611 1613 1664 ἐκ
1646 1608 1738 1664 τοῦ

154 1699 317 1765 Θεοῦ,
343 1702 439 1756 καὶ
462 1700 531 1756 τὰ
572 1702 790 1775 ῥήματα
820 1700 917 1755 τοῦ
937 1699 1073 1755 Θεοῦ
1100 1699 1308 1766 ἀκούει,
1349 1702 1546 1766 συνιεὶς
1562 1702 1739 1757 αὐτῶν

158 1794 256 1849 καὶ
282 1794 590 1866 ἐπιστήμην
610 1793 790 1850 αὐτῶν
805 1792 1217 1865 ἀναλαμϐάνων*
1238 1794 1375 1867 ὅπερ
1392 1793 1520 1848 ίδιον
1539 1794 1601 1849 ού
1627 1793 1742 1849 δού-

158 1885 268 1940 λων
280 1885 381 1957 (8),
397 1884 534 1941 ἀλλά
552 1884 757 1941 τέκνων
776 1886 892 1941 ἐστὶ
911 1883 1063 1951 Θεοῦ,
1085 1883 1195 1939 τῶν
1226 1885 1404 1940 πᾶσαν
1421 1885 1519 1957 μὲν
1534 1904 1740 1959 καταρ-

155 1977 447 2050 γησάντων
482 1978 719 2047 γένεσιν,
758 1976 858 2050 τὴν
882 1977 939 2032 δὲ
962 1977 1070 2032 ἀπὸ
1099 1977 1234 2034 Θεοῦ
1263 1978 1628 2051 ἀνειληφότων
1651 1978 1742 2034 διά

160 2067 256 2123 τοῦ
280 2068 384 2140 τῆς
431 2068 706 2133 υἱοθεσίας
741 2068 1070 2140 πνεύματος.
1108 2070 1262 2142 Ἅμα
1295 2069 1355 2125 δὲ
1390 2068 1744 2142 ὶπιμελέστε-

164 2176 259 2231 ρον
302 2160 663 2233 κατανοητέον
706 2159 824 2226 πῶς
859 2160 939 2216 δεῖ
977 2159 1230 2235 δέχεσθαι
1252 2159 1340 2216 τό·
1376 2159 1461 2215 ,Τὰ
1502 2159 1745 2231 ῥήματα

162 2250 274 2307 τοῦ
312 2250 461 2306 Θεοῦ
504 2252 740 2308 ἀκούειο
774 2245 821 2323 ᾧ
845 2253 1030 2325 ὅμοιόν
1076 2253 1197 2307 ἐστι
1235 2252 1333 2307 καὶ
1375 2252 1469 2307 τό·
1520 2252 1598 2308 Τὰ
1631 2252 1746 2323 ἐμὰ

160 2341 432 2412 πρόϐατα
463 2343 577 2414 τῆς
606 2343 758 2415 ἐμῆς
799 2344 1007 2416 φωνῆς
1051 2344 1363 2401 ἀκούουσι.
1402 2345 1466 2400 Εί
1501 2345 1609 2419 γὰρ
1651 2346 1744 2401 ἐπὶ

155 2433 327 2509 ψιλῆς
378 2436 851 2508 συγκαταθέσεως,
884 2436 946 2491 τὸ
962 2477 980 2504 ,
1024 2436 1269 2494 ἀκούειν
1307 2437 1407 2512 (9),
1450 2436 1708 2510 λάϐοιμεν
1725 2477 1741 2503 ,

156 2528 257 2583 καὶ
293 2528 342 2583 οί
373 2529 597 2603 ψυχικοὶ
625 2528 737 2602 (10)
770 2529 907 2604 πρὸς
933 2529 1125 2603 χρόνον
1149 2529 1498 2594 πιστεύοντες
1529 2529 1746 2584 ἔσονται

151 2615 226 2670 ἐκ
262 2616 359 2671 τοῦ
411 2615 572 2685 Θεοῦ,
621 2618 1105 2692 μεμαρτυρημένοι
1139 2618 1246 2676 tired
1281 2619 1377 2676 τοῦ
1426 2619 1622 2690 Λόγου,
1662 2620 1745 2677 ὅτι

157 2704 299 2780 πρὸς
350 2709 542 2781 καιρόν
593 2727 737 2775 τινες
801 2711 1182 2768 πιστεύουσιν·
1242 2713 1294 2769 εί
1345 2713 1401 2768 δὲ
1461 2712 1605 2769 κατά
1658 2709 1743 2779 τὸ,

154 2799 389 2866 ἀκούει,
415 2800 740 2875 ὲκλάϐοιμεν
772 2804 867 2859 ἐπὶ
906 2805 1004 2860 τοῦ
1030 2807 1220 2880 τηρεῖν
1256 2804 1358 2872 τὰς
1386 2806 1624 2875 ἐντολὰς,
1650 2803 1748 2880 δῆο

155 2890 274 2957 λον,
306 2892 408 2957 ὃτι,
444 2893 548 2948 κάν
586 2894 668 2949 ἑνὶ
702 2895 1051 2970 ἁμαρτάνων,
1099 2898 1200 2953 οὐκ
1226 2897 1380 2954 ἔσται
1412 2897 1527 2966 υίὸς
1571 2901 1706 2957 Θεοῦ
1725 2917 1741 2934 ⁸

156 2982 302 3057 ὅπερ
331 2986 481 3057 ἡμᾶς
527 2986 626 3058 μὲν
656 2987 718 3040 οὐ
756 2986 933 3058 Θλίψει
972 2989 1101 3054 τοὺς
1129 2988 1387 3060 λέγοντας
1418 2992 1482 3047 ἐκ
1517 2992 1747 3064 μεταϐο-

158 3072 536 3176 λῆίγίνεσθαί
571 3093 693 3132 τινα
737 3075 851 3132 υίόν
892 3077 1052 3144 Θεοῦ,
1091 3078 1332 3145 ἐκείνους
1371 3080 1429 3136 δὲ
1480 3081 1555 3154 μὴ
1599 3082 1741 3175 πάνυ
1770 3114 1817 3177 C

160 3159 339 3229 δεῖξαι
369 3166 697 3239 δυναμένους
739 3168 1157 3244 ἀναμαρτήτους
1203 3172 1451 3239 ἑαυτοὺς,
1485 3174 1579 3229 καὶ
1616 3170 1744 3240 τοὺς

160 3259 224 3311 ἐν
258 3260 367 3323 τοῖς
399 3260 584 3325 αὐτοῖς
617 3260 923 3335 μαθήμασι.
967 3263 1030 3318 El
1072 3262 1130 3316 δὲ
1157 3262 1240 3329 τὸ,
1276 3264 1502 3333 ἀκούει,
1531 3266 1745 3339 uasa-

160 3367 351 3420 νοιμεν
383 3351 475 3405 ἐπὶ
500 3351 595 3407 τοῦ
624 3354 880 3421 συνιέναι,
915 3357 1007 3411 καὶ
1038 3360 1200 3424 νοεῖν,
1228 3359 1591 3415 δεικνύτωσὸω
1622 3378 1744 3414 τινα

161 3439 386 3495 πάντων
430 3442 698 3501 ἀκούοντα
739 3446 910 3513 οὕτως
954 3449 1061 3504 τῶν
1096 3450 1196 3522 τῆς
1231 3451 1438 3524 Καινῆς
1469 3451 1746 3525 Διαθήκης

160 3533 364 3604 λόγων,
396 3535 484 3591 ἴνα
508 3537 711 3593 ἐκεῖνον
756 3540 867 3613 (Η)
916 3540 1159 3615 εἴπωμεν
1203 3542 1318 3597 υἱόν
1367 3543 1525 3610 Θεοῦ,
1576 3544 1624 3597 εἰ
1669 3544 1745 3614 μὴ

160 3622 465 3695 ιπιδέχοιτο
508 3628 819 3702 ἀνατροπὴν
863 3633 944 3696 εἰς
980 3631 1052 3687 τὰ
1089 3633 1222 3703 ἅγια
1254 3635 1557 3707 γράμματα
1587 3635 1622 3704 ἡ
1657 3634 1748 3687 ὲκ-

159 3715 296 3790 δοχὴ
330 3718 494 3773 αὐτοῦ
518 3736 532 3751 ’
561 3722 722 3793 ἡμεῖς
757 3722 864 3795 γὰρ
902 3723 997 3777 καὶ¹
1027 3723 1172 3779 κατά
1204 3725 1378 3780 ταῦτα
1421 3725 1594 3797 μέγαν
1623 3725 1748 3781 τινὰ

160 3809 264 3865 καὶ
293 3808 602 3884 θαυμαστὸν
631 3809 768 3869 εἷναι
796 3815 1189 3887 φανταζόμενοι
1211 3816 1302 3871 τὸν
1322 3817 1426 3890 ήδη
1446 3819 1559 3873 υἱὸν
1584 3818 1746 3883 Θεοῦ,

159 3902 268 3957 οὐκ
295 3902 737 3976 ἑλεγχθησόμεθα
775 3905 1010 3972 ἀναξίως
1036 3907 1146 3962 τῶν
1175 3908 1239 3961 ἐκ
1265 3908 1358 3962 τοῦ
1385 3908 1521 3964 Θεοῦ
1551 3909 1749 3982 ἐξειλη-

159 3993 334 4064 φότες
357 3994 419 4047 τό
437 4011 451 4025 ·
490 3996 543 4048 '0
576 3994 662 4050 ὢν
697 3997 768 4051 ἐκ
794 3998 900 4053 τοῦ
929 3997 1077 4053 Θεοῦ
1115 3998 1186 4054 τὰ
1202 3997 1443 4069 ῥήματα
1468 4000 1573 4054 τοῦ
1598 3999 1748 4056 Θεοῦ

156 4084 392 4140 ἀκούει.
427 4085 566 4157 Ἤδη
594 4087 652 4142 δὲ
681 4089 773 4142 καὶ
801 4089 866 4143 ἐκ
894 4088 1002 4143 τῶν
1043 4089 1298 4143 ἐναντίων
1348 4090 1649 4163 παράδοξον
1683 4091 1750 4145 ἄν

157 4194 217 4230 τι
242 4175 413 4246 φανὲν
440 4176 824 4251 ἀποδειχθῆναι
854 4179 1079 4234 δυνατὸν
1112 4180 1282 4235 ἔσται.
1316 4181 1380 4235 Τί
1410 4181 1467 4236 δὲ
1490 4181 1550 4237 τὸ
1570 4182 1748 4254 παρά-

157 4266 373 4339 δοξονῆ
401 4266 463 4322 τὸ
494 4265 632 4323 εἷναί
672 4286 797 4324 τινα
842 4270 1028 4343 ἐτέρου
1075 4268 1193 4326 υἱοῦ
1222 4270 1357 4327 Θεοῦ
1402 4272 1601 4345 μᾶλλον
1633 4271 1748 4328 υίόν

156 4357 328 4423 Θεοῦ,
374 4360 471 4418 καὶ
524 4359 803 4416 διπλάσιον
848 4361 924 4426 ὼς
969 4361 1154 4437 ἕτερον
1201 4363 1387 4436 ἑτέρου
1439 4362 1578 4420 εἶναι
1633 4365 1749 4420 υίόν

1838 497 1996 553 uestri
2031 496 2256 554 scelestis
2289 497 2336 530 "
2368 513 2385 564 ;
2418 511 2544 553 nam
2580 497 2627 554 si
2667 496 2864 554 Paulus
2903 508 3099 556 natura
3146 498 3291 559 illius
3323 503 3419 559 ira»

1822 597 1980 657 erat,
2019 589 2144 662 quis
2174 589 2428 660 superior
2452 597 2538 646 est
2560 588 2747 656 Paulo,
2780 600 3050 662 quatenus
3078 594 3144 649 ad
3175 595 3405 651 creatio-

1839 696 1963 738 nem
1992 681 2208 749 attinet,
2236 690 2302 738 et
2327 684 2455 754 quis
2486 696 2593 738 non
2627 681 2770 737 illius
2802 683 2921 750 irae,
2946 692 3240 756 antequam
3271 689 3419 744 acci-

1838 766 1952 844 piat
1976 780 2307 845 potestatem
2340 774 2510 830 lilium
2542 774 2641 831 Dei
2674 773 2813 841 ﬁeri,
2850 784 2907 831 et
2943 785 3238 859 antequam
3271 778 3417 835 illius

1838 863 1936 922 Dei
1967 864 2236 925 efﬁciatur
2258 867 2284 921 ‘i
2314 867 2470 936 Quod
2522 866 2568 923 si
2609 882 2718 922 non
2760 867 2916 925 aliter
2959 867 3194 925 etlicitur
3219 870 3421 943 aliquis

1838 956 1986 1014 illius
2011 956 2192 1015 Patris
2217 959 2481 1027 caelestis,
2510 958 2617 1015 nisi
2647 959 2924 1032 diligendo
2957 975 3086 1017 suos
3119 961 3288 1034 ipsius
3313 962 3421 1019 ini-

1839 1049 2015 1107 micos
2042 1058 2098 1107 et
2119 1051 2333 1108 orando
2360 1067 2459 1124 pro
2480 1053 2936 1124 persequentibus
2962 1067 3042 1121 se,
3064 1055 3417 1127 perspicuum

1839 1151 1926 1199 est
1953 1142 2161 1199 nullum
2198 1144 2497 1211 hominem,
2536 1159 2603 1202 eo
2645 1145 2789 1215 quod
2835 1153 3029 1202 natura
3062 1148 3137 1203 sit
3180 1164 3243 1205 ex
3282 1150 3418 1216 Deo,

1841 1232 2007 1288 verba
2039 1232 2133 1290 Dei
2170 1234 2385 1303 audire,
2416 1235 2511 1293 sed
2543 1237 2670 1307 quia
2698 1239 2975 1309 acceperit
3002 1248 3326 1310 potestatem
3359 1252 3422 1298 ut

1841 1324 1986 1381 ﬁlius
2022 1323 2116 1382 Dei
2154 1324 2443 1393 elllciatur,
2488 1341 2662 1402 eaque
2691 1338 2880 1386 utatur
2904 1334 3214 1400 commode,
3260 1343 3319 1391 et
3353 1351 3419 1391 eo

1845 1419 1991 1490 quod
2027 1420 2280 1478 dilexerit
2331 1423 2605 1490 inimicos,
2634 1431 2690 1481 et
2720 1425 2964 1481 oraverit
3001 1441 3102 1498 pro
3132 1441 3193 1484 se
3217 1426 3422 1485 laeden-

1846 1512 2016 1580 tibus,
2052 1513 2230 1569 factus
2281 1514 2424 1572 ﬁlius
2467 1514 2647 1571 Patris
2699 1515 2971 1584 celestis,
3010 1524 3143 1574 tunc
3190 1534 3310 1576 esse
3349 1535 3418 1576 ex

1846 1603 1979 1668 Deo,
2005 1614 2062 1659 ct
2088 1604 2253 1660 verba
2275 1604 2368 1661 Dei
2394 1605 2604 1672 audire,
2634 1605 2938 1676 intelligens
2956 1617 3112 1677 ea,et
3129 1610 3418 1667 scientiam
3508 1607 3513 1613 ’

1845 1693 2059 1748 illorum
2092 1693 2368 1765 ‘recipieus
2397 1714 2410 1750 :
2440 1709 2561 1765 quae
2589 1710 2679 1753 res
2705 1712 2812 1754 non
2843 1700 3059 1770 propria
3094 1710 3179 1757 est
3221 1707 3417 1770 servis,

1841 1785 1935 1841 sed
1970 1785 2056 1842 his
2081 1786 2175 1858 qui
2198 1795 2328 1843 sunt
2355 1787 2451 1844 Dei
2474 1788 2593 1857 lilii,
2624 1789 2719 1861 qui
2739 1803 2959 1849 onmem
2979 1792 3199 1863 quidem
3231 1802 3415 1851 ortum

1842 1875 2253 1946 destruxerunt,
2302 1877 2396 1935 sed
2440 1887 2619 1936 ortum
2664 1896 2697 1938 a
2744 1881 2857 1938 Deo
2897 1895 3245 1956 receperunt,
3280 1886 3420 1943 duce

1842 1967 2040 2038 spiritu
2078 1968 2408 2042 adoptionis.
2464 1968 2681 2029 Pariter
2729 1972 2862 2031 illud
2914 1977 3079 2033 etiam
3132 1979 3420 2054 diligenter

1845 2060 2306 2118 considerandum
2334 2072 2440 2129 est,
2473 2063 2747 2133 quomodo
2785 2067 2962 2139 accipi
3009 2083 3149 2142 opus
3194 2071 3268 2129 sit
3314 2074 3419 2131 hoc

1844 2149 2090 2208 dictum:
2124 2150 2294 2208 Verba
2328 2152 2426 2209 Dei
2463 2154 2612 2209 audit
2644 2155 2691 2189 ’δ
2721 2154 2745 2225 ;“
2781 2157 2872 2213 ειιί
2904 2157 3082 2216 simile
3115 2171 3202 2218 est
3237 2162 3366 2220 illud
3400 2182 3414 2220 :

1848 2239 1980 2297 Oves
2005 2256 2135 2299 ιιιειτ
2159 2258 2336 2299 vocem
2365 2261 2536 2300 meam
2568 2245 2795 2302 audiunt
2818 2248 2885 2302 ".
2920 2247 3058 2306 Nam
3097 2251 3144 2308 si
3178 2254 3418 2312 vocabu-

1845 2329 1960 2387 lum
1989 2333 2140 2389 audit
2174 2333 2245 2391 de
2273 2334 2420 2392 nudo
2440 2349 2725 2395 sumamus
2756 2352 3056 2407 consensu,
3093 2342 3259 2399 etiam
3294 2345 3418 2400 ani-

1845 2424 2016 2483 males
2054 2424 2122 2481 ad
2148 2434 2360 2499 tempus
2393 2427 2686 2487 credentes
2713 2441 2781 2486 ex
2807 2428 2917 2488 Deo
2947 2441 3112 2488 erunt
3145 2451 3162 2489 :
3201 2434 3270 2492 de
3296 2438 3421 2508 qui-

1844 2516 1949 2574 bus
1990 2516 2255 2575 Servator
2291 2519 2469 2591 inquit
2491 2520 2558 2590 ",
2592 2523 2859 2592 quosdam
2884 2538 3008 2582 esse
3038 2525 3131 2596 qui
3166 2527 3237 2585 ad
3282 2536 3422 2584 tem-

1844 2623 1947 2680 pus
1971 2610 2224 2667 credant.
2295 2610 2534 2669 Rursum
2573 2613 2621 2670 si
2670 2614 2895 2672 verbum
2942 2618 3096 2673 audit
3139 2633 3420 2676 sumamus

1844 2714 1947 2772 pro
1982 2716 2049 2759 eo
2074 2702 2220 2776 quod
2253 2710 2359 2773 est,
2385 2718 2613 2763 servare
2645 2707 2927 2776 mandata,
2955 2710 3305 2782 perspicuum
3335 2722 3423 2772 est

1845 2793 1934 2851 vel
1972 2794 2025 2852 in
2059 2811 2169 2873 uno
2201 2807 2544 2869 peccantem,
2597 2815 2707 2856 non
2764 2799 3006 2858 futurum
3051 2803 3222 2861 lilium
3274 2805 3419 2865 Dei:

1848 2888 1994 2959 quod
2020 2890 2242 2961 quidem
2273 2906 2380 2948 non
2409 2907 2513 2949 nos
2548 2891 2775 2964 premit,
2804 2893 2896 2964 qui
2920 2893 3173 2953 ’dieimus
3199 2910 3266 2953 ex
3302 2913 3421 2954 mu-

1848 2979 2052 3036 talione
2085 2995 2526 3053 unumquemque
2576 2981 2747 3038 lilium
2800 2981 2895 3041 Dei
2942 2983 3061 3042 ﬁeri
3102 3002 3120 3053 ;
3167 2987 3263 3044 sed
3295 2988 3420 3046 illus

1845 3070 1937 3141 qui
1968 3087 2145 3143 neque
2176 3074 2406 3145 seipsos,
2441 3089 2620 3144 neque
2649 3074 2845 3132 iisdem
2873 3076 3182 3147 disciplinis
3233 3080 3417 3138 imbu-

1849 3170 1934 3219 tos
1975 3161 2140 3221 facile
2194 3166 2483 3222 ostendere
2524 3175 2751 3238 possunt
2782 3167 3266 3245 [ἀναμαρτήτους.
3314 3174 3421 3232 boe

1846 3252 1966 3328 est]
2009 3254 2411 3326 impeceabiles.
2443 3257 2596 3326 Quod
2632 3258 2678 3316 si
2710 3260 2864 3315 audit
2907 3277 3188 3321 sumamus
3226 3280 3326 3337 pro
3354 3281 3422 3324 eo

1845 3346 1994 3416 quod
2016 3356 2103 3403 est
2135 3346 2463 3421 intelligere,
2504 3361 2561 3405 et
2594 3351 2970 3418 considerare,
3002 3357 3297 3415 ostendant
3321 3359 3428 3415 ali-

1846 3451 2012 3507 quem
2042 3453 2235 3496 omues
2262 3441 2409 3497 hunc
2441 3442 2494 3498 iu
2524 3443 2742 3498 modum
2774 3441 2908 3499 Novi
2937 3444 3273 3504 Testamenti
3303 3464 3422 3506 ser-

1848 3545 2038 3589 mones
2061 3532 2400 3598 audieutem,
2436 3542 2496 3590 ut
2522 3533 2675 3589 illum
2723 3534 2972 3592 dicamus
3019 3537 3189 3594 lilium
3225 3539 3345 3607 Det,
3372 3542 3421 3597 sl

1847 3624 2117 3695 expositio
2143 3624 2288 3682 illius
2307 3625 2364 3682 in
2394 3626 2569 3683 sacris
2597 3627 2897 3699 Scripturis
2919 3630 3284 3686 inversionem
3307 3646 3413 3688 non

1848 3714 2076 3784 recipiat
2102 3733 2117 3770 :
2147 3729 2248 3770 nos
2273 3716 2417 3770 enim
2447 3716 2614 3771 etiam
2639 3716 2695 3773 in
2721 3718 2807 3773 his
2825 3733 3078 3788 maguum
3107 3720 3422 3791 quemdam,

1848 3813 1904 3860 et
1929 3804 2307 3860 admirandum
2348 3805 2709 3877 imaginantes
2737 3821 2859 3864 esse
2888 3822 3036 3876 eum,
3066 3810 3161 3881 qui
3192 3809 3307 3880 jam
3348 3815 3417 3868 tl-

1848 3895 1953 3952 lius
1992 3895 2087 3951 Dei
2118 3894 2346 3953 ell‘ectus
2387 3907 2497 3963 est,
2543 3912 2652 3954 non
2700 3898 2922 3972 indigne
2953 3901 3040 3971 iis,
3068 3903 3164 3974 qui
3192 3918 3263 3961 ex
3303 3904 3414 3961 Deo

1849 3996 1996 4055 sunt,
2034 4002 2330 4058 arguemur
2371 3990 2650 4061 accepisse
2703 3993 2835 4050 illud
2864 4011 2879 4049 :
2910 3992 3018 4061 Qui
3053 4004 3128 4051 est
3173 4012 3241 4052 ea;
3283 3995 3420 4065 Deo,

1850 4082 2005 4137 verba
2032 4082 2134 4139 Dei
2169 4084 2342 4139 audit.
2387 4082 2508 4141 Jam
2543 4100 2674 4144 vero
2706 4090 3016 4159 paradoxon
3053 4092 3219 4147 etiam
3261 4093 3422 4162 quid-

1850 4174 1994 4245 piam
2025 4174 2170 4247 quod
2213 4189 2281 4231 ex
2312 4177 2604 4235 contrariis
2633 4194 2916 4252 emergere
2964 4182 3179 4240 videtur
3230 4185 3422 4254 expla-

1849 4267 1968 4322 nari
2007 4267 2228 4337 poterit.
2265 4268 2545 4337 Quodnam
2587 4281 2671 4328 est
2709 4281 2890 4329 autem
2936 4275 3276 4345 paradoxon,
3316 4276 3422 4331 nisi

1849 4358 1993 4428 quod
2027 4358 2228 4432 aliquis
2275 4360 2419 4418 tilias
2454 4359 2546 4418 Dei
2574 4362 2681 4419 alio
2711 4364 2781 4419 sit
2815 4363 2986 4436 magis
3022 4363 3167 4420 (ilius
3209 4362 3328 4430 Dei,
3368 4376 3425 4420 et

156 4450 342 4517 Θεοῦ;
401 4449 519 4516 πῶς
555 4451 613 4506 δὲ
653 4450 815 4507 τοῦτο
872 4453 979 4508 ἀπὸ
1018 4454 1112 4508 τοῦ
1157 4456 1399 4511 ἐναντίου
1450 4456 1743 4523 δείκνυται,

1851 4450 1995 4522 quod
2026 4452 2164 4510 alius
2198 4451 2340 4510 (llius
2370 4452 2465 4510 Dei
2499 4454 2574 4509 sit
2612 4454 2785 4527 magis
2818 4455 2927 4511 alio
2970 4456 3024 4511 in
3061 4454 3227 4527 duplo
3275 4455 3424 4513 illius

153 4540 311 4596 οὕτω
338 4544 776 4617 παραστήσομεν.
822 4546 908 4599 Ἐν
940 4545 1016 4617 τῷ
1044 4546 1185 4602 κατά
1223 4547 1496 4603 Ματθαῖον
1537 4551 1567 4604 ὁ
1612 4551 1750 4624 πρὸς

153 4633 295 4697 τοὺς
321 4637 664 4707 γραμματεῖς
693 4634 789 4709 και
806 4636 1126 4709 Φαρισαίους
1145 4637 1394 4711 δεύτερος
1422 4638 1749 4713 ταλανισμδς

154 4722 344 4789 οὕτως
368 4723 514 4797 ἔχει’
550 4727 692 4781 Οὐαὶ
720 4725 882 4797 ὑμῖν,
915 4729 1272 4798 γραμματεῖς
1297 4730 1395 4784 καὶ
1438 4732 1747 4800 Φαρισαῖοι

156 4819 507 4888 ὑποκριταὶ,
540 4819 630 4874 ὅτι
656 4818 960 4891 περιάγετε
994 4820 1110 4891 τὴν
1155 4820 1478 4878 θάλασσαν
1507 4823 1609 4879 καὶ
1635 4824 1750 4894 τὴν

160 4909 391 4979 ξηρὰν,
462 4911 712 4982 ποιῆσαι
774 4913 885 4969 ἕνα
947 4911 1367 4982 προσήλυτον
1447 4914 1548 4969 καί
1604 4915 1750 4969 ὅταν

162 4998 413 5072 γένηται
432 5041 448 5066 ,
477 5002 696 5058 ποιεῖτε
721 5002 908 5059 αὐτόν
945 5003 1081 5059 υἱὸν
1118 5003 1368 5074 γεέννης·
1392 5004 1751 5074 διπλότερον

165 5091 359 5164 ὑμῶν’
391 5080 587 5151 ούκοῦν
611 5097 748 5152 κατὰ
772 5095 930 5151 τοῦτο
953 5095 1077 5152 οῦτε
1094 5096 1252 5167 φύσει
1275 5097 1382 5152 υίοὶ
1409 5097 1630 5169 γεέννης
1645 5098 1749 5151 είσί

163 5202 338 5252 τινες,
369 5184 492 5241 οὔτε
518 5187 712 5256 ἐπίσης
751 5187 802 5243 οἱ
828 5188 925 5261 τῆς
955 5187 1178 5262 γεέννης
1202 5189 1312 5245 υἱοὶ
1346 5190 1452 5244 υἱοί
1482 5192 1618 5245 εἰσιν
1650 5190 1748 5246 αύ-

164 5276 293 5348 τῆς,
320 5276 436 5347 εἴγε
472 5278 659 5350 ἕτερος
683 5278 872 5354 ἑτέρου
901 5280 1211 5354 διπλότερον
1236 5282 1351 5347 υἱός
1389 5284 1534 5338 ἐστιν
1561 5283 1750 5355 αὐτῆς.

1854 4542 1946 4598 Dei
1975 4542 2185 4616 i352
2213 4545 2356 4615 quod
2383 4544 2655 4614 quomodo
2686 4560 2751 4602 ex
2780 4545 3061 4603 contrario
3080 4547 3424 4616 ostendatur,

1851 4633 1934 4690 sic
1985 4650 2368 4706 proponemus.
2409 4633 2465 4690 In
2503 4634 2795 4706 Evangelia
2842 4651 2873 4690 a
2924 4635 3178 4694 Mattbaao
3227 4638 3427 4695 tradite

1853 4726 2094 4783 secunda
2126 4727 2477 4783 comminatio
2518 4725 2586 4782 ad
2638 4726 2945 4785 Pharisaros
2987 4737 3044 4785 et
3090 4730 3307 4788 scribas
3344 4733 3428 4789 sic

1853 4835 1913 4877 se
1942 4820 2104 4876 habet
2133 4836 2149 4873 :
2185 4817 2278 4874 Va:
2305 4819 2468 4887 vobis,
2501 4819 2689 4876 scribae
2739 4831 2787 4876 et
2822 4818 3083 4879 Pharisaei
3113 4824 3425 4897 hypocrita.

1857 4912 1981 4983 quia
2010 4912 2168 4967 abitis
2199 4927 2344 4966 mare
2372 4922 2420 4968 et
2445 4923 2641 4967 terram
2669 4923 2725 4967 ιιι
2752 4914 2964 4984 faciatis
2993 4934 3155 4975 unum
3187 4922 3427 4995 prossly-

1858 5016 2009 5071 tum;
2052 5015 2098 5060 ει
2140 5019 2257 5061 cum
2294 5004 2452 5074 fuerit
2483 5004 2679 5075 (actus,
2716 5003 2893 5076 facitis
2927 5008 3081 5064 illum
3131 5011 3304 5081 ﬁlium
3338 5029 3427 5084 ge-

1857 5098 2040 5154 Itcmm
2090 5097 2250 5169 duplo
2307 5098 2471 5170 magis
2518 5114 2680 5169 quam
2719 5116 2806 5156 eos
2837 5102 2962 5157 estis
2992 5104 3083 5171 ²⁷;
3128 5104 3295 5175 igitur
3323 5104 3427 5162 hac

1858 5191 2094 5258 ratione,
2122 5204 2299 5263 neque
2324 5191 2545 5262 quidam
2581 5202 2774 5250 natura
2818 5203 2945 5250 sunt
2996 5195 3093 5252 lilii
3134 5197 3420 5269 gehennae

1861 5289 2036 5353 neque
2066 5282 2331 5352 gehenna:
2379 5282 2472 5337 lilii
2526 5297 2594 5338 ex
2643 5298 2798 5354 aequo
2844 5295 2974 5362 sunt
3017 5286 3164 5345 illius
3208 5287 3334 5358 ﬁlii,
3374 5290 3425 5348 si

244 5416 291 5449 ³³
316 5414 507 5472 Matth.
532 5431 585 5483 ν,
610 5415 701 5471 Η.
778 5417 825 5449 ’⁵
865 5415 1025 5474 Man.
1072 5433 1203 5493 νιιι,
1233 5419 1320 5474 47.
1398 5421 1442 5451 ’³
1485 5419 1640 5475 Joan.
1686 5435 1738 5488 x,

1907 5421 1954 5451 "
1985 5419 2115 5476 Luc.
2147 5435 2268 5488 vm,
2304 5419 2392 5475 l3.
2467 5423 2510 5462 ετ
2536 5421 2727 5479 Matth.
2756 5438 2910 5490 χχιιι,
2949 5425 3038 5483 15.

246 5527 348 5599 (1‘)
374 5525 514 5599 ἔστι.
537 5525 744 5599 τεκνον.
778 5527 874 5584 Eu.
900 5527 1140 5586 l‘nnoc.

248 5596 547 5668 (8)'Codcx
582 5596 806 5667 Regius,
847 5599 956 5653 οὐδ’
998 5600 1169 5653 ὅλων·
1221 5598 1542 5658 Bodlciauus
1588 5612 1646 5658 ut
1691 5603 1743 5659 in

173 5680 654 5812 ωἷὲἴῆικούειιί.
688 5737 833 5809 Lego
857 5738 1065 5794 ἀκούει.

416 5830 688 5894 Panos.
725 5829 843 5892 Gn.
878 5831 1047 5895 XIV.

1923 5529 2167 5605 (101th
2192 5533 2246 5605 at
2263 5532 2539 5601 ψυχικοί,
2558 5543 2665 5590 etc.
2694 5534 2973 5596 Secundus
2996 5539 3272 5600 hominum
3290 5552 3425 5605 ordo

1849 5600 2003 5671 juxta
2018 5600 2403 5671 Valentinum.

1926 5670 2040 5742 (ll)
2071 5671 2197 5756 "ira
2218 5669 2476 5727 ἐκεῖνον.
2497 5671 2787 5753 Perperam
2806 5680 2976 5735 codex
3011 5680 3210 5753 Regius
3234 5686 3421 5756 habet,

1855 5734 1993 5796 εἶναι
2022 5734 2294 5813 διείμενον.
