3866 6200
533 323 629 377 651

1983 311 2304 369 ORIGENIS
3603 311 3682 367 652

531 443 668 499 alius
699 439 859 511 duplo
909 436 1080 508 magis
1109 447 1269 502 quam
1311 432 1448 488 alius
1498 439 1583 488 est
1629 432 1889 502 gehennae
1923 431 2087 490 ﬁlius.

2203 433 2258 486 Ei
2292 431 2565 501 δὲ.ἒτερος
2597 429 2783 502 ἑτέρου
2813 426 3123 500 διπλότερός
3154 428 3298 481 ἐστιν
3337 427 3440 491 υἱὸς
3460 431 3540 499 τῆς
3571 435 3680 499 γεέν.

532 537 688 606 Quod
717 535 760 590 si
795 534 933 590 alius
958 529 1122 600 duplo
1153 527 1323 598 magis
1351 542 1517 596 quam
1549 526 1688 583 alius
1717 535 1802 582 est
1837 526 2097 597 gehenntc

537 629 703 692 tilius,
726 641 828 681 cur
857 638 960 679 non
982 623 1146 678 etiam
1177 621 1522 692 perditionis,
1547 628 1597 676 et
1625 620 1839 687 mortis,
1872 629 1926 674 et
1953 627 2099 674 tene-

534 723 783 780 brarum,
813 725 866 770 et
891 723 1232 778 cteterorum,
1276 727 1507 782 quorum
1548 712 1640 783 qui
1671 711 1826 766 varie
1868 718 2098 780 peccant

533 821 661 867 sunt
690 810 831 865 lilii?
857 808 1006 877 Quod
1041 808 1084 862 si
1121 807 1173 861 in
1210 808 1293 862 his
1319 807 1397 862 sic
1424 821 1483 862 se
1523 821 1610 861 res
1636 806 1820 870 habet,
1854 819 1955 860 cur
1988 818 2096 858 non

531 904 694 958 etiam
729 901 822 957 filii
853 900 990 956 lucis
1017 899 1104 954 alii
1139 897 1300 968 duplo
1326 897 1496 966 magis
1524 911 1686 966 quam
1712 897 1805 950 alii
1833 906 2020 960 erunt,
2045 903 2100 949 et

535 995 629 1050 lilii
680 994 828 1058 vitm,
881 1000 935 1048 et
983 991 1077 1046 lilii
1128 989 1430 1059 sapientiae,
1461 998 1622 1058 atque
1655 988 1815 1042 etiam
1857 988 2000 1044 hunc
2042 988 2095 1042 in

535 1085 750 1142 modum
781 1085 871 1138 lilii
908 1083 1048 1139 Dei?
1079 1079 1232 1149 Quod
1258 1082 1302 1136 si
1331 1080 1492 1151 duplo
1537 1081 1672 1135 alius
1719 1080 1892 1148 magis
1937 1095 2097 1151 quam

533 1178 677 1234 alius
700 1176 930 1232 efﬁcitur
956 1175 1096 1229 (ilius
1121 1172 1238 1240 Dei,
1260 1187 1356 1226 cur
1381 1188 1490 1228 non
1515 1173 1680 1228 etiam
1703 1172 2096 1243 multipliciter,

533 1283 589 1326 et
634 1280 782 1326 tanto
811 1267 1202 1339 multipliciter,
1239 1276 1444 1336 quanto
1473 1265 1846 1334 multipliciter
1878 1265 2098 1335 dignum

533 1378 616 1420 est
646 1362 994 1420 considerare
1020 1375 1138 1416 esse
1162 1358 1594 1428 Primogeuitum
1632 1358 1796 1412 totius
1833 1367 2100 1411 creatum

533 1457 727 1513 Filium
754 1457 850 1522 Dei
885 1470 1048 1521 super
1071 1467 1282 1516 omnes,
1315 1450 1408 1519 qui
1461 1457 1590 1504 sunt
1622 1449 1714 1502 ﬁlii
1745 1448 1858 1513 Dei,
1910 1457 1964 1502 et
1992 1463 2098 1502 non

535 1551 765 1620 amplius
815 1549 1020 1604 habent
1049 1549 1300 1617 spiritum
1353 1543 1631 1600 servitutis
1667 1541 1721 1596 in
1751 1541 1970 1605 timore,
2007 1541 2100 1596 sed

535 1649 864 1724 acceperunt
896 1641 1144 1709 spiritum
1178 1636 1484 1708 adoptionis
1511 1635 1603 1688 ’3?
1635 1633 1910 1689 Fortassis
1935 1633 2102 1703 igitur

534 1723 685 1801 plura
715 1747 834 1786 cum
874 1731 986 1786 sint
1012 1731 1178 1785 verba
1206 1729 1324 1792 Dei,
1366 1742 1475 1781 non
1521 1723 1695 1780 solum
1730 1738 1850 1794 quae
1895 1723 2098 1792 scripta

2199 541 2317 595 νης,
2348 522 2437 576 διὰ
2463 523 2515 575 τί
2547 522 2667 592 οὐχί⁵
2694 521 2788 574 καὶ
2813 520 2915 590 τῆς
2945 518 3234 582 ἀπωλείας,
3265 519 3355 572 καὶ⁸
3382 519 3467 572 τοῦ
3491 520 3679 589 θανάτου,

2199 613 2294 666 καὶ
2323 611 2416 666 τοῦ
2459 611 2706 670 σκότους,
2728 609 2822 662 καὶ
2864 609 2970 662 τῶν
3022 609 3241 672 λοιπῶν,
3282 602 3353 660 ὧν
3397 610 3439 661 οἱ
3480 609 3684 683 διαφόρως

2198 703 2602 776 ἁμαρτάνοντες
2643 703 2780 756 εἰσιν
2821 701 2960 767 υἱοί;
3009 701 3072 753 Εἰ
3105 700 3157 754 δὲ
3205 699 3296 752 ἐπὶ
3334 698 3536 766 τούτων,
3564 705 3630 756 διὰ
3650 708 3684 757 τί
3743 731 3754 738 -

2197 797 2290 850 καὶ
2317 795 2434 864 ούχὶ
2462 795 2568 848 υἱοὶ
2611 794 2786 862 φωτὸς
2815 791 3115 863 διπλότεροι
3154 791 3326 861 ἕτεροι
3370 792 3550 863 ἐτέρων
3580 795 3683 847 ἔσον-

2195 903 2306 951 ται,
2343 886 2433 938 καὶ
2466 884 2571 937 uici.
2619 882 2784 954 ζωῆς,
2839 883 2934 935 καὶ
2982 880 3087 934 υἱοὶ
3133 881 3340 950 σοιρίας,
3385 881 3514 934 οὕτω
3549 883 3684 937 Stoici.

2197 976 2368 1040 Θεοῦ;
2397 975 2461 1028 Ei
2497 974 2552 1027 δὲ
2579 973 2856 1026 διπλάσιον
2890 971 2965 1034 ὡς
3019 971 3204 1042 ἕτερος
3249 971 3373 1042 παρ’
3425 973 3584 1042 ἓτερον
3608 976 3681 1039 uiis;

2197 1069 2403 1140 γίνεται
2443 1067 2600 1130 Θεοῦ,
2645 1065 2734 1119 διὰ
2777 1063 2831 1118 τί
2863 1063 2983 1133 οὐχὶ
3021 1064 3115 1116 καί
3153 1061 3601 1128 πολλαπλασιόνως,
3623 1066 3682 1117 καὶ

2196 1157 2734 1222 τοσαυταπλασιόνως
2768 1155 3246 1218 ὁποσαπλασιόνως
3283 1155 3420 1219 ἄξιον
3450 1159 3571 1208 νοεῖν
3591 1153 3684 1209 εἶναι

2193 1253 2284 1306 τὸν
2310 1249 2658 1323 Πρωτότοκον
2684 1240 2865 1320 τέάσης
2896 1248 3125 1311 κτίσεως
3151 1246 3278 1300 Υἱόν
3299 1247 3387 1300 τοῦ
3433 1245 3551 1300 Θεοῦ
3581 1251 3684 1320 παρὰ

2196 1344 2322 1406 τοὺς
2369 1341 2587 1404 λοιποὺς
2637 1341 2788 1404 υἱοὺς
2833 1339 2928 1393 τοῦ
2988 1338 3160 1404 Θεοῦ,
3227 1337 3320 1391 καὶ
3381 1339 3494 1402 τρῦς
3547 1341 3685 1408 μηκέτι

2199 1434 2416 1505 πνεῦμα
2439 1432 2679 1495 δουλείας
2721 1431 2940 1503 ἔχοντας
2980 1431 3060 1494 είς
3104 1427 3288 1497 φόϐον,
3321 1427 3426 1480 ἀλλ’
3471 1427 3686 1499 suum;

2199 1525 2414 1597 πνεῦμα
2445 1523 2748 1588 υἱοθεσίας;
2780 1522 2931 1592 Τάχα
2963 1516 3057 1575 οὖν
3091 1519 3265 1583 οὕτως
3301 1518 3536 1572 πλειόνων
3565 1519 3684 1572 ὄντων

2197 1613 2303 1667 τῶν
2322 1613 2579 1685 ῥημάτων
2618 1611 2711 1665 τοῦ
2736 1609 2892 1676 Θεοῦ,
2915 1609 2974 1661 ού
3010 1607 3171 1678 μόνον
3207 1606 3315 1660 τῶν
3339 1606 3687 1676 ἀναγεγραμμὲο

2196 1721 2323 1769 νων,
2345 1702 2480 1758 ἀλλὰ
2499 1701 2714 1757 καὶτῶν
2729 1700 2998 1772 ἀρρήτων,
3013 1699 3070 1752 ὃν
3087 1697 3136 1768 (1
3147 1699 3222 1769 1⁸)
3247 1697 3344 1751 ούκ
3359 1695 3468 1763 ἐξὸν
3485 1694 3688 1766 ἀνθρώπῳ

535 1777 685 1801 ,-...._
718 1777 834 1786 η...
874 1777 985 1786 η..-
1025 1777 1178 1785 η.--
1207 1777 1324 1792 _--,
1521 1777 1573 1780 __
1740 1777 1764 1794 1
2009 1777 2022 1792 _

535 1832 684 1888 sunt,
738 1837 924 1877 verum
961 1822 1124 1877 etiam
1177 1818 1490 1882 ineffabilia,
1536 1825 1594 1872 et
1623 1831 1741 1886 qua:
1778 1814 1985 1870 homini
2018 1814 2099 1869 di-

2203 1795 2456 1867 λαλῆσαι,
2507 1795 2600 1848 καὶ
2651 1791 2851 1846 τούτων
2893 1791 3022 1859 περ)⁴
3067 1777 3150 1844 ὧν
3199 1805 3357 1860 φησιν
3399 1789 3425 1840 ὁ
3472 1788 3684 1858 Ἰωάννης

535 1931 660 1969 ccrc
689 1913 842 1970 nefas
873 1923 956 1969 est
997 1915 1066 1979 ”,
1095 1922 1149 1968 et
1183 1927 1245 1966 ea
1278 1912 1343 1966 de
1374 1910 1573 1982 quibus
1606 1907 1780 1979 inquit
1807 1905 2044 1962 Joannes
2079 1925 2092 1962 :

538 2007 649 2062 Nec
675 2007 784 2076 ipse
815 2005 1003 2074 opinor
1037 2003 1264 2056 mundus
1301 2011 1509 2069 caperet
1549 2015 1656 2065 eos,
1686 1999 1776 2069 qui
1810 1998 2098 2052 scriberen-

533 2110 644 2165 tur,
666 2097 826 2150 libros
853 2095 920 2160 ”,
951 2093 1175 2162 quilibet
1215 2091 1619 2160 qualiacunque
1664 2089 1828 2143 verba
1866 2087 1960 2141 Dei
1997 2101 2100 2141 au-

534 2191 688 2244 diens
733 2195 788 2242 et
821 2185 1144 2254 intelligens,
1191 2183 1302 2254 jam
1352 2197 1416 2238 ex
1467 2183 1577 2238 Deo
1621 2188 1742 2246 est;
1795 2187 1852 2235 et
1895 2187 2098 2248 quanto

534 2280 687 2349 plura
720 2279 884 2333 verba
926 2276 1017 2332 Dei
1065 2275 1318 2342 audierit,
1367 2279 1516 2328 tanto
1555 2271 1726 2342 magis
1770 2269 1998 2325 efﬁcitur
2031 2282 2099 2323 ex

535 2372 647 2426 Deo
676 2387 689 2434 ;
717 2367 1188 2439 quemadmodum,
1238 2365 1282 2420 si
1333 2364 1409 2420 ita
1461 2363 1814 2434 appellandus
1858 2370 1961 2427 est,
2001 2359 2102 2414 ali-

534 2463 679 2532 quis,
711 2461 909 2516 auditis
934 2458 1186 2514 omnibus
1229 2455 1323 2512 Dei
1354 2455 1557 2519 verbis,
1584 2453 1630 2510 si
1657 2453 1817 2509 modo
1851 2453 1902 2508 id
1937 2451 2096 2508 cadat

534 2556 590 2610 in
625 2554 859 2622 aliquem
907 2563 1095 2622 eorum
1149 2547 1243 2617 qui
1296 2547 1547 2616 spiritum
1595 2543 1904 2614 adoptionis
1954 2545 2100 2599 acci-

533 2646 706 2716 piunt,
750 2639 987 2712 perfecte
1015 2647 1070 2694 et
1105 2636 1302 2693 eximie
1331 2634 1390 2689 ﬁt
1422 2634 1564 2689 [ilius
1606 2635 1723 2700 Dei,
1757 2642 1813 2689 et
1845 2633 2096 2698 omnino,

536 2749 593 2792 et
617 2735 875 2797 totaliter,
909 2741 964 2786 et
987 2738 1131 2785 totus
1157 2742 1224 2784 ex
1258 2726 1390 2783 Deo.
1425 2726 1721 2783 Candidius
1758 2733 1936 2780 autem
1973 2733 2100 2780 sunt

537 2827 905 2897 intelligenda:
941 2824 1044 2880 illae
1088 2822 1295 2880 vocula:
1329 2821 1565 2876 totaliter
1593 2830 1650 2877 et
1686 2829 1852 2882 totus,
1905 2827 1966 2873 ut
2013 2831 2100 2873 rc-

541 2923 838 2994 spondeant
864 2918 988 2974 totis
1013 2915 1372 2988 dogmatibus,
1404 2914 1502 2970 toti
1535 2911 1834 2984 cognitioni
1879 2918 1934 2966 et
1973 2908 2100 2964 totis

535 3011 829 3083 mysteriis,
865 3009 998 3063 adeo
1025 3017 1083 3062 ut
1113 3015 1257 3061 totus
1284 3015 1338 3061 et
1366 3003 1604 3059 totaliter
1649 3003 1800 3058 dicat
1849 3014 1910 3057 se
1948 2999 2101 3071 geni-

538 3113 651 3158 tum
675 3117 743 3157 ex
779 3101 912 3166 Deo,
937 3100 1029 3169 qui
1061 3097 1276 3153 noverit
1302 3097 1484 3153 omnia
1508 3094 1768 3166 mysteria
1795 3101 1848 3147 et
1879 3106 2097 3148 omnem
2125 3129 2168 3187 Ο

537 3191 922 3266 cognitionem,
964 3189 1200 3246 feliciter
1228 3187 1392 3244 etiam
1423 3187 1594 3257 gestis
1645 3200 1766 3256 qua:
1805 3192 1930 3239 sunt
1977 3197 2102 3254 per-

536 3291 692 3346 tectae
721 3285 1048 3344 dilectionis.
1077 3284 1213 3342 Vide
1235 3298 1368 3338 vero
1383 3297 1451 3336 an
1479 3282 1524 3337 is
1553 3291 1950 3350 consequenter
1974 3279 2103 3334 huic

538 3383 722 3438 dicto:
761 3380 847 3435 Ex
875 3388 1023 3450 parte
1051 3376 1438 3447 cognoscimus,
1463 3381 1512 3427 et
1541 3387 1606 3425 ex
1638 3381 1786 3440 parte
1824 3369 2105 3440 propheta-

537 3488 654 3527 mua
679 3471 747 3535 ³⁸,
773 3468 945 3540 possit
974 3466 1158 3522 dicere
1185 3482 1198 3517 :
1226 3465 1294 3518 Et
1320 3477 1387 3516 ex
1435 3470 1589 3532 parte
1620 3474 1808 3515 sumus
1847 3457 1944 3513 lilii
1973 3456 2101 3523 Dei;

539 3573 592 3617 et
625 3576 878 3618 rursum:
913 3557 1045 3613 Cum
1089 3556 1356 3611 aduenerit
1393 3553 1531 3626 quod
1571 3551 1860 3621 perfectum
1905 3559 2010 3614 est,
2047 3557 2105 3605 et

537 3654 678 3726 quod
731 3668 797 3708 ex
836 3659 985 3722 parte
1037 3657 1111 3703 est
1167 3655 1472 3704 evacuatum
1519 3644 1712 3714 fuerit;
1746 3651 1801 3696 et
1828 3639 2106 3711 perfectis-

539 3747 674 3802 sime
704 3745 848 3801 ratio
893 3756 1000 3813 qua
1023 3741 1146 3811 quis
1169 3752 1289 3795 esse
1333 3745 1514 3808 potest
1544 3735 1685 3789 ﬁlius
1712 3733 1804 3789 Dei
1831 3731 2104 3796 adveniet,

539 3851 810 3893 evacuans
834 3835 886 3890 id
909 3849 1018 3904 quo
1047 3832 1167 3903 quis
1189 3846 1254 3886 ex
1281 3837 1436 3900 parte
1461 3826 1602 3883 ﬁlius
1628 3825 1723 3880 Dei
1742 3833 1843 3880 est.
1866 3821 1977 3879 Nec
2002 3821 2104 3878 hoc

541 3930 752 3986 siuatur
774 3928 1061 3991 intactum,
1079 3938 1208 3979 num
1232 3921 1348 3977 fieri
1369 3921 1542 3993 possit
1565 3927 1626 3974 ut
1647 3917 1842 3988 aliquis
1865 3931 1930 3973 ex
1953 3924 2106 3987 parte

542 4017 618 4071 sit
665 4016 808 4071 (ilius
866 4013 1264 4085 praestantioris
1323 4013 1536 4083 partis,
1607 4022 1800 4080 nempe
1868 4007 2104 4071 divinae,

543 4102 705 4174 353
729 4111 784 4158 et
815 4115 880 4157 ex
921 4110 1076 4172 parte
1111 4102 1183 4155 sit
1209 4101 1437 4156 alterius
1476 4098 1646 4167 partis
1685 4094 2004 4160 contrariae;
2039 4108 2107 4147 an

545 4195 729 4265 potius
759 4191 863 4248 hoc
895 4189 1233 4261 impossibile
1276 4191 1348 4245 sit
1391 4190 1470 4244 sic
1495 4203 1553 4243 se
1593 4187 1815 4242 habere.
1844 4185 2108 4242 Similiter

547 4287 789 4357 inQuires
815 4283 1086 4354 quomodo
1113 4280 1269 4336 multi
1302 4281 1464 4336 unius
1493 4279 1665 4350 patris
1688 4279 1934 4334 dicantur
1966 4276 2059 4331 tilii
2085 4293 2100 4341 ;

546 4384 731 4430 utrum
754 4381 974 4444 propter
996 4383 1251 4440 proavos,
1285 4377 1340 4424 et
1367 4376 1590 4438 propter
1615 4377 1962 4420 successores
1989 4361 2106 4417 illo-

2202 1887 2336 1942 Οὐδ’
2361 1885 2547 1940 αὐτὸν
2570 1881 2727 1954 οἶμαι
2753 1883 2859 1937 τὸν
2888 1882 3119 1950 κόσμον
3158 1877 3413 1950 χωρῆσαι
3444 1883 3508 1932 τὰ
3537 1879 3689 1949 γραφό-

2191 1992 2348 2048 μενα
2409 1975 2641 2041 βιϐλία,
2709 1975 2816 2037 πᾶς
2890 1972 2989 2043 μὲν
3059 1969 3433 2024 οίωντινωνοῦν
3493 1971 3688 2039 ῥημάτων

2198 2070 2410 2123 ἀκούων
2453 2067 2546 2121 τοῦ
2579 2066 2737 2132 Θεοῦ,
2785 2065 2886 2137 ἤδη
2936 2064 3084 2117 ἐστὶν
3122 2065 3189 2116 ὲκ
3227 2063 3319 2117 τοῦ
3368 2061 3518 2116 Θεοῦ’
3546 2061 3687 2130 ὃσῳδὲ

2201 2162 2457 2216 πλειόνων
2482 2158 2667 2214 ἀκούει
2687 2157 2944 2231 ῥημάτων
2970 2157 3064 2211 τοῦ
3088 2156 3248 2221 Θεοῦ,
3278 2153 3688 2213 τοσαυταπλειόνως

2197 2253 2402 2324 γίνεται
2439 2255 2503 2306 ὲκ
2531 2250 2625 2305 τοῦ
2654 2250 2817 2304 Θεοῦ·
2848 2251 2946 2314 ὡς,
2975 2250 3023 2302 εί
3046 2251 3127 2302 δεῖ
3147 2248 3316 2312 οὕτως
3343 2246 3444 2319 (12)
3471 2246 3688 2316 ὀνομάσαι.

2199 2345 2416 2398 πάντων
2447 2342 2684 2407 ἀκούσας
2709 2359 2793 2406 τις
2821 2341 2929 2396 τῶν
2967 2343 3230 2414 ῥημάτων
3259 2340 3348 2394 τοῦ
3372 2339 3512 2401 Θεοῦ,
3543 2339 3616 2391 ἐὰν
3646 2354 3690 2404 γε

2198 2435 2356 2490 τοῦτο
2384 2434 2558 2507 φθάνῃ
2581 2434 2672 2488 ὲπί
2697 2451 2818 2487 τινα
2845 2432 2952 2487 τῶν
2974 2431 3356 2502 λαμϐανόντων
3383 2431 3438 2483 τὸ
3464 2430 3546 2500 τῆς
3564 2427 3690 2481 υἱοθε-

2201 2527 2321 2592 σίας
2350 2526 2585 2598 πνεῦμα,
2619 2526 2836 2589 τελείως
2861 2526 2951 2580 καὶ
2972 2522 3390 2596 ἀνυπερὸλήτως
3425 2521 3597 2590 γίνεται
3610 2519 3690 2579 υίὸς

2195 2617 2359 2682 Θεοῦ,
2390 2618 2484 2671 καὶ
2506 2617 2706 2688 πάντη,
2737 2617 2831 2671 καὶ
2858 2616 2915 2683 ἐξ
2944 2616 3102 2681 ὅλων,
3145 2615 3240 2668 καὶ
3263 2613 3403 2676 ’ὅλως
3428 2611 3528 2682 (15)
3550 2613 3600 2663 ὲκ
3624 2608 3691 2662 τοῦ

2197 2707 2358 2762 Θεοῦ.
2374 2705 2883 2778 Εύγνωμονέστερον
2903 2706 2960 2760 δὲ
2975 2704 3270 2759 ἀκουστέον
3292 2702 3382 2756 τοῦ
3403 2702 3466 2766 ἐξ
3484 2701 3610 2754 ὅλων
3627 2699 3694 2752 καὶ

2201 2797 2374 2866 ὅλως,
2425 2797 2684 2866 ἀνάλογον
2728 2796 2870 2860 ὅλοις
2919 2797 3029 2859 τοῖς
3076 2795 3328 2865 δόγμασι,
3375 2795 3458 2846 καὶ
3499 2791 3617 2862 πάσῃ
3644 2793 3691 2858 τῇ

2199 2887 2417 2956 γνώσει,
2465 2886 2558 2941 καὶ
2612 2888 2743 2958 πᾶσι
2789 2889 2901 2950 τοῖς
2937 2885 3277 2956 μυστηρίοις,
3326 2883 3444 2937 ὥστ’
3474 2882 3530 2936 ἀν
3567 2883 3694 2934 simi:

2197 2980 2340 3045 ὅλον,
2385 2980 2477 3033 καὶ
2511 2979 2569 3047 ἐξ
2603 2981 2738 3033 ὅλων
2769 2977 3048 3048 γεγονέναι
3093 2979 3164 3030 ὲκ
3190 2978 3281 3031 τοῦ
3311 2975 3438 3030 Θεοῦ
3467 2975 3544 3028 τὸν
3565 2972 3696 3025 εἰδότι

2200 3072 2378 3126 πάντα
2423 3073 2491 3127 τά
2549 3073 2842 3144 μυστήρια,
2893 3071 2988 3124 καὶ
3037 3071 3222 3124 πᾶσαν
3266 3069 3358 3142 τὴν
3409 3067 3593 3138 γνῶσιν,
3629 3063 3697 3116 καὶ

2204 3161 2342 3234 μετά
2384 3160 2588 3215 τούτων
2627 3159 2696 3214 τὰ
2740 3161 2840 3230 τῆς
2870 3159 3080 3223 τελείας
3103 3159 3326 3230 ἀγάπης
3365 3152 3694 3227 κατορθωκότα.

2206 3255 2348 3326 Ὅρα
2369 3255 2425 3308 δὲ
2447 3255 2495 3307 εί
2518 3252 2740 3306 δύναται
2775 3252 2884 3324 (Μ)
2924 3250 3235 3316 ἀκολούθως
3271 3251 3376 3321 τείν
3430 3249 3512 3300 Ἐκ
3529 3244 3698 3315 μέρους

2202 3344 2592 3416 γινώσκομεν,
2621 3345 2718 3398 καὶ
2759 3345 2826 3398 ἐκ
2851 3343 3066 3412 μέρους
3091 3343 3539 3412 προφητεύομεν,
3563 3337 3694 3388 εἰπεῖν

2205 3439 2271 3494 ἂν
2295 3438 2388 3492 τὸν
2406 3437 2641 3493 τοιοῦτον
2657 3454 2671 3467 ο
2701 3435 2810 3490 Καὶ
2842 3437 2906 3490 ἐκ
2925 3433 3122 3509 μέρους
3149 3434 3313 3508 ἐσμὲν
3353 3434 3450 3488 uici
3467 3431 3547 3486 τοῦ
3568 3425 3697 3482 Θεοῶ

2207 3528 2304 3582 καὶ
2326 3527 2487 3582 πάλιν
2509 3545 2524 3559 ·
2557 3529 2732 3582 Ὅταν
2743 3528 2888 3596 ἔλθῃ
2913 3527 2978 3580 τὸ
3000 3527 3256 3592 τέλειον,
3285 3523 3455 3580 καὶτὸ
3469 3524 3527 3575 ἐκ
3533 3517 3700 3588 μέρους

2205 3619 2564 3690 καταργηθῇ,
2615 3619 2708 3674 καὶ
2743 3620 2802 3674 τὸ
2844 3619 3044 3672 τέλειον
3093 3619 3191 3673 τοῦ
3221 3616 3456 3688 γενέσθαι
3485 3611 3578 3674 υἱὸς
3600 3605 3699 3662 θεοῦ

2206 3713 2502 3776 ἐλεύσεται,
2555 3710 2862 3782 καταργοῦν
2890 3709 2951 3763 τὸ
2985 3711 3048 3763 ὲκ
3079 3710 3278 3782 μέρους
3325 3706 3572 3778 γεγονέναι
3618 3697 3702 3751 υἱόν

2204 3822 2325 3860 τινα
2352 3803 2446 3858 τοῦ
2471 3801 2628 3857 Θεοῦ.
2674 3801 2766 3872 Μὴ
2809 3800 3075 3872 ἀζήτητον
3104 3800 3164 3852 δὲ
3199 3798 3374 3853 secem
3402 3795 3486 3849 καὶ
3524 3791 3576 3845 τὸ
3613 3785 3704 3856 περῖ

2205 3897 2302 3952 τοῦ
2357 3894 2584 3966 πότερόν
2638 3909 2767 3946 ποτε
2827 3891 3047 3946 δυνατὸν
3102 3893 3173 3944 ἐκ
3237 3892 3424 3962 μέρους
3473 3887 3556 3958 μὲν
3599 3878 3704 3935 εἶναι

2206 3989 2319 4044 υίόν
2375 3987 2472 4058 τῆς
2523 3983 2881 4056 διαφερούσης
2926 3983 3136 4054 μερίδος
3194 3983 3292 4054 τῆς
3342 3979 3460 4051 περὶ
3499 3977 3559 4030 τὰ
3601 3972 3702 4031 Beia,

2206 4082 2271 4135 ὲκ
2319 4079 2514 4152 μέρους
2546 4077 2602 4130 δὲ
2634 4077 2733 4148 τῆς
2764 4073 3005 4138 ἐναντίας
3025 4091 3039 4104 ·
3087 4074 3120 4145 ἢ
3164 4074 3320 4128 τοῦτο
3365 4072 3607 4143 ἀμήχανον

2205 4149 2329 4233 τως
2349 4149 2514 4240 ἔχειν’
2542 4161 2586 4236 ᾧ
2611 4164 2982 4230 συνεξετάσεις
3020 4163 3136 4228 πῶς
3177 4163 3418 4232 λέγονται
3449 4158 3541 4212 υἱοὶ
3568 4149 3705 4208 πολλοὶ

2207 4263 2326 4326 ἐνὸς
2357 4260 2580 4332 πατρὸς,
2617 4253 2842 4328 πότερον
2872 4255 2959 4310 διὰ
3002 4256 3128 4318 τοὺς
3163 4254 3470 4326 προγόνους,
3504 4247 3584 4302 καὶ
3613 4241 3706 4300 τοὺς

2208 4353 2268 4417 ἐξ
2301 4331 2557 4414 ἐκείνων,
2592 4349 2626 4421 ἢ
2662 4347 2802 4402 κατά
2835 4346 3036 4420 ταύτην
3069 4344 3168 4416 τὴν
3204 4343 3465 4397 ὑπόνοιαν.
3497 4331 3706 4390 Δαὸὀντες

548 4481 690 4535 rum,
721 4423 788 4520 an
831 4423 1051 4534 propter
1093 4460 1254 4516 talem
1303 4455 1813 4515 considerationem.
1862 4453 1933 4510 At
1977 4466 2102 4508 vero

2210 4439 2302 4500 οὖν
2335 4441 2583 4510 ἐξουσίαν
2608 4439 2776 4494 τέκνα
2817 4437 2952 4491 Θεοῦ
2990 4436 3274 4506 γενέσθαι,
3321 4433 3486 4487 πάντα
3512 4423 3708 4496 πράττω·

545 4569 670 4613 cum
701 4555 1076 4624 acceperimus
1102 4559 1425 4622 potestatem
1455 4556 1515 4603 ut
1542 4545 1838 4602 eliiciamur
1861 4542 1955 4598 ﬂlii
1992 4541 2110 4606 Dei,

545 4645 730 4702 omnia
753 4644 1014 4701 iaciamus
1041 4651 1102 4697 ut
1129 4642 1303 4697 simus
1332 4653 1398 4696 ex
1435 4639 1566 4705 Deo,
1597 4647 1651 4693 et
1672 4636 1836 4693 verba
1863 4634 1984 4705 ejus
2014 4648 2110 4688 au-

547 4739 778 4803 diamus,
818 4745 874 4792 et
909 4735 1258 4806 proﬁciamus
1277 4733 1438 4789 etiam
1483 4732 1608 4802 quia
1661 4743 1848 4784 sumus
1879 4740 1945 4781 ex
1980 4724 2111 4788 Deo,

546 4837 607 4884 ut
635 4825 983 4899 proﬁciamus
1009 4826 1174 4882 etiam
1211 4823 1337 4894 quia
1361 4822 1616 4879 audimus
1644 4819 1809 4875 verba
1844 4818 1962 4884 Dei,
1995 4815 2113 4884 plu-

500 4929 502 4932 '
549 4933 607 4974 ra
635 4934 704 4974 ex
740 4917 825 4973 his
865 4918 1050 4973 verbis
1081 4930 1294 4983 semper
1327 4911 1764 4976 manifestantes,
1794 4909 1970 4964 donec
1997 4920 2112 4959 om-

549 5009 638 5063 nia
677 5007 1079 5079 perceperimus
1114 5006 1284 5060 verba
1320 5003 1436 5070 Dei,
1465 5017 1585 5073 quae
1615 5001 1695 5057 vel
1737 5015 1902 5064 nunc.
1931 4996 2016 5052 vel
2057 4997 2110 5050 iu

549 5109 825 5170 posterum
864 5097 1144 5168 percipere
1177 5104 1404 5166 possunt
1430 5095 1484 5148 hi
1521 5093 1610 5162 qui
1637 5092 1832 5162 spiritu
1863 5087 2110 5157 adoptio-

552 5191 637 5245 nis
665 5189 810 5261 digui
857 5187 1025 5243 habiti
1070 5185 1294 5240 iuerint.
1327 5183 1553 5248 Quoties
1585 5191 1763 5234 autem
1795 5178 1967 5241 verba.
1989 5189 2110 5244 qum

553 5300 582 5338 a
625 5282 734 5340 Deo
772 5283 1044 5348 dicuntur,
1080 5295 1185 5334 non
1215 5278 1486 5339 audimus,
1523 5275 1626 5328 hoc
1667 5280 1773 5337 est,
1801 5285 1863 5324 ea
1891 5284 1996 5324 non
2026 5267 2109 5320 in-

555 5374 869 5443 telligimus,
896 5373 1057 5430 toties
1103 5380 1529 5429 consentaneum
1573 5374 1655 5420 est
1703 5378 1800 5419 nos
1833 5358 2108 5429 redargui,

2217 4554 2336 4608 μεν,
2363 4509 2449 4589 ἵνα
2477 4531 2761 4605 γενώμεθα
2805 4533 2869 4584 ἐκ
2899 4529 2993 4587 τοῦ
3019 4527 3176 4594 Θεοῦ,
3215 4527 3306 4581 καὶ
3335 4525 3400 4578 τὰ
3431 4509 3708 4608 ῥήματα

2212 4600 2306 4682 τοῦ
2351 4600 2676 4696 ἀκούσωμεν
2693 4663 2710 4687 ,
2739 4624 2834 4677 καὶ
2862 4621 3259 4692 προκόπτωμεν
3289 4617 3378 4672 καὶ
3401 4614 3458 4667 τὸ
3482 4608 3598 4665 εἶναι
3623 4600 3705 4696 (15)

2214 4722 2278 4774 ὲκ
2309 4718 2401 4774 τοῦ
2432 4693 2589 4782 Θεοῦ,
2641 4717 2727 4770 ἵνα
2773 4714 3170 4786 προκόπτωμεν
3195 4711 3288 4764 καὶ
3336 4711 3392 4762 ὲν
3430 4703 3501 4774 τῷ
3539 4693 3706 4786 ἀκούειν

2217 4812 2474 4886 ῥημάτων
2505 4810 2598 4864 τοῦ
2631 4809 2788 4875 Θεοῦ,
2819 4783 3039 4863 ζπλείονα
3065 4808 3128 4860 ἐκ
3169 4803 3370 4858 τούτων
3404 4798 3482 4852 ἀεὶ
3507 4783 3708 4886 τρανοῦνῖ

2217 4924 2329 4975 τες,
2358 4905 2461 4969 ἕως
2491 4903 2664 4959 πάντα
2707 4902 3043 4974 χωρήσωμεν
3084 4899 3151 4952 τὰ
3191 4898 3403 4969 ῥήματα
3430 4885 3514 4940 τοῦ
3540 4873 3704 4975 Θεοξςῆ

2217 4973 2321 5050 ὅσα
2344 5011 2408 5064 γε
2435 4973 2714 5064 ἐνδέχεται
2735 4973 3006 5062 χωρῆσαι,
3030 4988 3124 5042 καὶ
3155 4985 3271 5047 νῦν,
3307 4983 3396 5035 καὶ⁵
3430 4973 3549 5064 μετά
3573 4973 3704 5064 id?”

2215 5054 2718 5156 ’παῦς’ἀξιουιέένους
2881 5054 3151 5142 υἱοθεσίας
3185 5075 3494 5144 πνεύματος.
3533 5054 3705 5112 Ὁσάκις

2216 5177 2271 5230 δὲ
2295 5174 2554 5248 ῥημάτων
2585 5170 2888 5243 λεγομένων
2915 5168 3008 5222 τοῦ
3039 5167 3171 5222 Θεοῦ
3196 5167 3295 5218 οὐκ
3321 5158 3574 5225 ἀκούομεν,

2219 5268 2398 5332 ἐστιν,
2454 5267 2516 5318 ού
2567 5263 2819 5334 συνίεμεν
2875 5260 3076 5325 αὐτῶν,
3130 5253 3438 5312 τοσαυτάκις
3482 5232 3706 5332 νομιστέον

2217 5356 2556 5428 ἐλέγχεσθαι,
2595 5356 2672 5419 ὡς
2692 5332 2792 5408 οὗκ
2821 5353 2980 5415 ὄντας
3024 5354 3088 5403 ὲκ
3133 5347 3224 5402 τοῦ
3279 5342 3422 5397 Θεοῦ·
3472 5332 3545 5388 διὰ
3581 5333 3704 5380 τουτο

657 5513 702 5544 ’⁸
727 5514 882 5568 Rom.
916 5528 1034 5580 vui,
1059 5513 1149 5567 15.
1224 5511 1268 5543 ⁸³
1295 5507 1339 5564 il
1361 5507 1489 5564 Cor.
1521 5521 1620 5570 xit,
1641 5506 1697 5559 4.
1772 5501 1815 5533 ³ο
1855 5500 2009 5557 Joan.
2033 5513 2102 5553 xx

2203 5495 2269 5550 ιδ.
2347 5494 2386 5525 ³¹
2417 5491 2584 5547 lCor.
2612 5506 2734 5556 ιιιιι,
2757 5490 2814 5552 9,
2847 5487 2933 5542 10.

625 5607 762 5675 (li‘)
782 5606 916 5676 με.
945 5602 1042 5673 ὧν,
1068 5606 1152 5676 vel
1171 5602 1439 5676 potiusﬁt,
1473 5612 1531 5676 ut
1555 5603 1607 5656 in
1632 5600 1694 5656 Ν.
1717 5601 1782 5657 Τ.
1810 5599 1908 5655 En.
1941 5597 2108 5652 Pun.

624 5671 753 5758 (Ψ)⁷
774 5671 1058 5758 ger-Fari?
1083 5671 1314 5758 ῑςερῠειι,
1340 5673 1439 5758 ήξη
1472 5671 1662 5736 οὕτως.

625 5743 736 5817 (l3)
778 5746 958 5804 Codex
990 5743 1332 5809 Bodleianus,
1364 5743 1500 5804 ὅλος.

2297 5589 2408 5660 (ιδ)
2444 5587 2537 5660 Ve]
2561 5550 2844 5653 legendum
2866 5581 3106 5645 δυνατόν,
3141 5576 3221 5631 vel
3255 5571 3403 5646 paulo
3421 5570 3546 5638 post,
3565 5550 3701 5610 είπεῖν

2215 5661 2280 5715 ἂν
2304 5656 2364 5713 τὸ
2390 5656 2656 5712 τοιοῦτον.

2287 5709 2546 5802 (iiiikal
2575 5725 2640 5780 τι)
2681 5719 2852 5778 εἶναι.
2886 5720 3028 5794 Lego
3059 5724 3114 5775 ὲν
3132 5715 3206 5786 τῷ
3227 5709 3378 5767 εἶναι’.
