3924 6196
207 245 316 296 633

1265 239 1620 295 COMMENT.
1661 237 1724 290 ΙΝ
1760 235 1953 290 JOAN.
1990 235 2229 289 TOMUS
2263 235 2378 288 XX.

3349 234 3456 290 εει

205 362 319 435 γὰρ
354 361 452 416 οὐκ
473 361 661 416 ἀκοῦει
689 363 717 416 ὁ
752 362 826 433 μὴ
863 359 1077 414 ἀκοῦων
1124 357 1381 430 ῥημάτων
1424 357 1583 422 Θεοῦ,
1637 354 1786 410 ἐπεί-

1899 335 2115 423 perinde
2141 350 2294 420 quasi
2327 365 2430 404 non
2459 349 2630 405 simus
2659 365 2722 404 ex
2757 349 2900 416 Deo;
2942 365 3063 405 nam
3096 358 3315 421 propter
3355 351 3459 406 hoc

205 471 319 526 περ
355 456 418 508 ὲκ
473 455 566 508 τοῦ
613 455 745 509 Θεοῦ
793 457 891 508 οὐκ
926 455 1038 509 ἐστι
1064 497 1078 518 ,
1116 458 1209 510 καὶ
1254 457 1318 510 ὲκ
1373 457 1468 511 τοῦ
1513 456 1646 510 Θεοῦ
1688 455 1787 510 οὐκ

207 547 330 600 ἔστι
359 548 490 619 παρ’
524 548 714 600 ἑαυτόν
733 565 745 578 ·
777 547 1020 616 καίτοιγε
1046 547 1155 601 ἔσθ’
1184 549 1274 602 ὅτε
1301 548 1482 602 λαϐὼν
1513 549 1612 621 ἤδη
1638 547 1788 614 ἐξου-

210 637 336 691 σίαν
363 638 552 692 τέκνον
601 637 734 691 Θεοῦ
784 638 1057 707 γενέσθαι,
1103 639 1198 698 καὶ
1248 639 1546 710 δυνάμενος
1593 641 1660 693 ἐκ
1691 638 1786 693 τοῦ

209 731 438 801 ἀγαπᾷν
461 731 586 793 τοὺς
621 729 869 802 ἐχθροὺς,
913 732 1009 786 καὶ
1057 732 1450 804 προσεύχεσθαι
1492 732 1632 804 ὑπὲρ
1678 732 1786 786 τῶν

209 823 647 894 ἐπηρεαζόντων,
671 824 925 892 γενέσθαι
947 826 1060 889 υίὸς
1083 825 1177 879 τοῦ
1199 827 1256 880 ὲν
1283 826 1528 898 οὐρανοῖς
1549 825 1790 896 Πατρός.

283 914 377 971 28.
422 914 852 984 Ἀπεκρίθησαν
872 919 927 969 ot
971 916 1252 980 Ἰουδαῖοι,
1277 917 1374 971 καὶ
1404 912 1580 970 εῒπαν
1602 917 1781 982 αὐτῷ·

213 1009 301 1061 Οὐ
336 1005 533 1074 καλῶς
561 1005 818 1078 λέγομεν
845 1007 1038 1077 ἡμεῖς,
1076 1007 1165 1062 ὅτι
1193 1008 1558 1078 Σαμαρείτης
1589 1003 1648 1062 εἴ
1681 1007 1784 1073 σὺ,

209 1097 314 1152 καί
357 1097 663 1168 δαιμόνιον
697 1098 892 1168 ἕχεις;
933 1099 1130 1164 Εἰκὸς,
1168 1101 1248 1154 ὅτι
1277 1099 1449 1154 ταῦτα
1490 1100 1786 1166 πολλάκις,

207 1189 356 1244 κατά
395 1189 454 1243 τὸ
500 1189 870 1261 σιωπώμενον,
927 1191 1062 1264 πρὸς
1115 1191 1375 1263 ἀλλήλους
1426 1192 1610 1260 ἔλεγον
1660 1193 1790 1264 περὶ

214 1281 317 1336 τοῦ
369 1281 618 1353 Σωτῆρός
648 1299 812 1347 τινες,
845 1283 1190 1354 Σαμαρείτην
1240 1283 1338 1354 μὲν
1389 1283 1552 1337 αὑτὸν
1586 1283 1784 1353 ὀνομά-

214 1370 424 1434 ζοντες,
453 1369 528 1434 ὡς
545 1370 1043 1443 παραχαράσσοντα
1082 1372 1368 1433 Ἰουδαϊκὰ,
1392 1371 1788 1443 παραπλησίως

203 1463 329 1524 ’τοῖς
361 1461 721 1532 Σαμαρείταις
742 1478 756 1493 ·
805 1463 885 1515 Οὐ
931 1461 1044 1531 γὰρ
1099 1460 1476 1530 συγχρῶνται
1520 1462 1789 1517 Ἰουδαῖοι

209 1549 621 1618 Σαμαρείταις,
649 1552 705 1604 ὲν
738 1550 950 1613 πολλοῖς
980 1549 1372 1620 διαφωνοῦντες
1393 1551 1624 1621 δόγμασι
1657 1555 1787 1624 παρ’

207 1639 456 1704 ἐκείνους
477 1655 490 1668 ⁸
522 1640 672 1706 ἄξιον
701 1641 756 1694 δέ
785 1643 902 1694 ἐστι
949 1640 1178 1712 ζητῆσαι
1205 1641 1322 1706 πῶς
1350 1643 1484 1715 (16),
1517 1645 1787 1714 Σαμαρει-

1887 457 1997 497 ιιοιι
2045 442 2217 508 audit,
2245 439 2336 510 qui
2385 455 2489 495 non
2540 441 2691 494 audit
2734 441 2900 495 verba
2951 441 3067 506 Dei,
3093 443 3347 511 quoniam
3389 458 3455 498 ex

1889 531 2002 590 Deo
2051 548 2158 589 non
2190 541 2297 599 est,
2329 541 2385 588 et
2419 546 2485 588 ex
2527 531 2638 586 Deo
2670 547 2774 589 non
2813 541 2898 588 est
2928 541 3148 602 propter
3177 535 3410 603 seipsum
3441 553 3456 598 ;

1887 625 2102 682 etiamsi
2135 623 2427 695 aliquando
2458 623 2735 693 acceperit
2776 632 3100 693 potestatem
3145 623 3262 679 ﬁeri
3321 625 3460 680 (ilius

1889 715 2008 782 Dei,
2049 716 2332 786 possitque
2366 714 2641 786 diligendo
2695 713 2974 780 inimicos,
3024 726 3078 772 et
3123 718 3329 772 orando
3361 734 3460 787 pro

1889 808 1976 864 his
2006 823 2035 863 a
2063 808 2260 878 quibus
2287 806 2524 874 laeditur,
2556 805 2671 860 lieri
2705 805 2847 861 [ilius
2875 805 3056 863 Patris
3081 809 3342 865 caelestis.

1955 900 2047 956 28.
2109 899 2502 970 Responderunt
2556 913 2677 968 ergo
2725 897 2930 964 Judaei,
2981 910 3029 953 et
3078 901 3328 955 dixerunt
3373 905 3462 958 ei:

1893 990 2086 1046 Nonne
2132 991 2257 1044 bene
2307 989 2538 1043 dicimus
2576 1005 2692 1055 nos,
2720 989 2860 1058 quod
2892 988 3269 1045 Samaritanus
3299 1009 3351 1047 es
3381 1005 3457 1057 tu.

1889 1093 1938 1138 et
1983 1083 2300 1137 dwmonium
2345 1080 2503 1134 habes
2525 1079 2609 1131 ll’?
2642 1080 3076 1136 Consentaneum
3105 1092 3208 1148 est,
3243 1096 3460 1156 propter

1893 1169 1945 1224 id
1971 1170 2117 1240 quod
2163 1177 2394 1234 tacetur,
2424 1167 2743 1236 frequenter
2773 1169 2887 1224 haec
2925 1170 3070 1226 inter
3097 1186 3157 1228 se
3197 1177 3460 1244 quosdam

1893 1259 1960 1314 de
1994 1262 2290 1315 Servatore
2317 1259 2538 1324 dixisse,
2569 1259 2976 1316 Samaritanum
3007 1262 3158 1318 illum
3187 1267 3462 1336 appellan-

1896 1363 1999 1417 tes,
2035 1361 2300 1422 tanquam
2328 1353 2420 1422 qui
2449 1367 2538 1406 res
2569 1349 2830 1407 Judaicas
2852 1353 3202 1424 adulteraret,
3239 1374 3343 1414 non
3379 1375 3466 1417 se-

1892 1458 1991 1500 cus
2021 1453 2187 1513 atque
2233 1442 2564 1498 Samaritani
2593 1457 2608 1495 :
2641 1441 2765 1498 Non
2809 1448 2945 1500 enim
2978 1460 3268 1504 coutantur
3287 1452 3465 1509 Judwi

1893 1533 2329 1601 Samaritaais”,
2362 1535 2415 1588 in
2459 1534 2644 1590 nmltis
2689 1539 3032 1608 dogmatibus
3061 1543 3129 1597 ab
3162 1543 3268 1599 illis
3306 1545 3468 1602 dissi-

1893 1628 2099 1683 dentes.
2137 1628 2244 1682 Sed
2269 1629 2513 1698 prol’ecto
2540 1631 2773 1699 qttatsitu
2807 1632 3024 1702 dignum
3053 1643 3134 1689 est
3171 1640 3463 1706 quomodo,

203 1731 328 1784 ’τῶν
354 1730 444 1784 τὸν
481 1731 738 1801 μέλλοντα
766 1731 938 1785 αίῶνα
970 1732 1346 1804 ἀρνουμένων,
1387 1735 1480 1788 καὶ
1523 1736 1656 1806 μηδὲ
1687 1735 1786 1808 τὴν

1899 1718 2255 1775 Samaritanis
2308 1720 2552 1776 futurum
2597 1725 2857 1779 saeculum
2904 1729 3252 1797 negantibus,
3300 1741 3353 1788 et
3399 1750 3466 1788 nc

207 1821 314 1893 τῆς
345 1822 525 1892 ψυχῆς
563 1823 914 1895 ὲπιδιαμονὴν
949 1823 1059 1893 (l7)
1109 1823 1498 1896 προσιεμένων,
1549 1825 1641 1880 τὸν
1671 1827 1784 1881 Σω-

207 1913 360 1988 τῆρα
391 1913 698 1985 ἐτόλμησαν
732 1917 924 1977 εἰπεῖν,
959 1915 1086 1985 περ)⁵
1134 1916 1481 1980 ἀναστάσεως
1529 1921 1624 1972 καὶ
1669 1919 1789 1990 κρί-

213 2023 360 2072 σεως
387 2007 616 2060 πλεῖστα
645 2008 744 2060 ὅσα
770 2009 1075 2074 διδάξαντα,
1103 2009 1450 2082 Σαμαρείτην
1481 2005 1618 2064 εἶναι
1653 2011 1786 2080 (18).

221 2097 395 2150 Ἀλλὰ
421 2100 631 2170 μήποτε
659 2099 733 2162 ὡς
771 2099 1132 2170 λοιδοροῦντες
1154 2101 1316 2155 αὐτὸν
1363 2102 1520 2156 τοῦτο
1546 2102 1789 2172 λέγουσι,

205 2190 314 2242 καὶ
343 2181 405 2242 οὐ
437 2190 651 2254 πάντως
683 2189 748 2243 τὰ
797 2191 936 2244 αὐτά
972 2191 1201 2256 ἐκείνοις
1245 2193 1667 2264 δογματίζοντα.
1699 2196 1795 2248 El-

209 2279 317 2344 κὸς
347 2281 404 2334 δὲ
435 2281 527 2334 καὶ
558 2283 636 2336 ὄτι
674 2283 818 2346 τινὲς
849 2281 1014 2353 ᾤοντο
1050 2285 1212 2338 αὐτὸν
1243 2284 1318 2356 μὴ
1364 2286 1472 2339 ἀπὸ
1504 2286 1795 2351 διαθέσεως

209 2373 290 2426 ’τὰ
324 2373 452 2445 περὶ
487 2374 768 2444 μέλλοντος
799 2375 1014 2440 αἰῶνος,
1048 2377 1143 2430 καὶ
1168 2377 1236 2431 τὰ
1259 2379 1386 2450 περὶ
1411 2379 1664 2451 κρίσεως,
1699 2379 1794 2434 καὶ

207 2463 574 2529 ἀναστάσεως
603 2464 893 2532 διδάσκειν,
943 2466 1282 2538 διακείμενον
1332 2470 1432 2540 μὲν
1463 2471 1794 2543 Σαμαρειτι-

206 2554 352 2618 κῶς,
384 2555 462 2618 ὠς
500 2556 728 2626 μηδενὸς
779 2557 914 2628 μετά
958 2559 1048 2612 τὸν
1103 2559 1214 2630 βίον
1267 2563 1626 2635 ἀποκειμένου
1682 2568 1796 2631 τοις

201 2643 551 2716 ἀνθρώποις,
587 2651 1004 2720 προσποιήσεως
1027 2651 1083 2704 δὲ
1113 2652 1317 2718 ἕνεκεν,
1338 2657 1478 2710 κατά
1500 2656 1560 2710 τὸ
1588 2657 1796 2722 ἔνδοξον

207 2737 315 2791 καὶ
341 2726 574 2807 ἀρέσκον
599 2740 714 2802 τοῖς
759 2740 1049 2806 Ἰουδαίοις,
1081 2743 1149 2795 τὰ
1177 2745 1304 2816 περὶ
1334 2747 1677 2811 ἀναστάσεως
1701 2749 1796 2802 καὶ

211 2830 318 2901 τῆς
351 2829 569 2883 αίωνίου
607 2831 753 2899 ζωῆς
796 2834 1224 2905 προφερόμενον.
1261 2837 1374 2890 Καὶ
1417 2837 1690 2909 δαιμόνιον
1739 2841 1796 2894 δὲ

209 2919 366 2990 ἔχειν
398 2920 582 2989 ἔλεγον
621 2921 782 2976 αὐτὸν
825 2923 912 2978 διὰ
961 2926 1086 2988 τοὺς
1125 2926 1267 2998 ὑπὲρ
1304 2927 1589 3000 ἄνθρωπον
1629 2931 1794 2984 αὐτοῦ

215 3010 434 3078 λόγους,
461 3011 528 3064 δι’
553 3004 627 3064 ὧν
655 3011 874 3087 Πατέρα
895 3013 1022 3068 ἴδιον
1038 3014 1192 3084 ἔλεγε
1213 3016 1303 3071 τὸν
1323 3017 1476 3080 Θεὸν,
1497 3020 1590 3072 καὶ
1609 3021 1674 3075 ἐκ
1699 3020 1793 3076 τοῦ

213 3102 451 3174 οὐρανοῦ
480 3103 940 3176 καταϐεϐηκέναι,
971 3108 1064 3162 καὶ
1096 3109 1258 3173 αὐτὸς
1285 3107 1425 3164 εἶναι
1455 3114 1484 3166 ὁ
1513 3113 1612 3182 τῆς
1651 3112 1794 3185 ζωῆς

215 3196 388 3268 ἄρτος
438 3196 614 3267 πολλῷ
654 3198 916 3270 κρείττων
963 3201 1057 3255 τοῦ
1096 3203 1291 3272 μάννα,
1324 3203 1400 3268 ὡς
1431 3203 1524 3258 τὸν
1554 3208 1795 3275 φαγόντα

220 3289 416 3343 τοῦτον
445 3291 536 3344 τὸν
581 3291 742 3362 ἄρτον
781 3291 1037 3362 ζήσεσθαι
1059 3292 1148 3356 ἐἰς
1184 3294 1272 3346 τὸν
1305 3293 1496 3358 αἰῶνα,
1531 3295 1626 3348 καὶ
1660 3295 1795 3351 ἄλλα

225 3384 400 3455 μυρία
420 3377 493 3437 ὧν
519 3384 868 3456 πεπλήρωται
896 3383 963 3436 τά
996 3385 1318 3453 Εὐαγγέλια.
1348 3385 1581 3440 Δύναται
1609 3387 1666 3440 δὲ
1700 3389 1798 3442 καὶ

217 3471 316 3523 διὰ
349 3471 444 3542 τὴν
489 3471 614 3542 περὶ
664 3471 754 3524 τὸν
815 3471 1136 3534 Βεελζεϐοὺλ
1187 3474 1437 3528 ὑπόνοιαν
1489 3475 1668 3530 αὐτῶν
1716 3479 1794 3530 εἰ-

223 3560 459 3632 ρῆσθαι·
505 3561 588 3615 Σὺ
641 3559 946 3630 δαιμόνιον
1000 3563 1195 3632 ἔχεις,
1249 3564 1478 3638 ἐπείπερ
1537 3567 1679 3631 τινες
1737 3571 1795 3621 ἐν

225 3651 555 3715 Βεελζεϐοὺλ
581 3653 657 3724 τῷ
683 3653 899 3725 ἄρχοντι
927 3654 1033 3706 τῶν
1066 3655 1355 3726 δαιμονίων
1393 3659 1644 3727 ἐνόμιζον
1697 3663 1797 3714 αὐ-

223 3744 321 3796 τὸν
365 3743 644 3797 ἐκϐάλλειν
680 3744 748 3798 τά
778 3745 1050 3815 δαιμόνια,
1085 3746 1248 3799 οἱονεὶ
1293 3746 1482 3818 ἔχοντα
1520 3750 1576 3801 ἐν
1616 3751 1796 3820 ἐαυτῷ

225 3834 320 3888 τὸν
344 3832 687 3898 Βεελζεϐούλ.
718 3836 780 3888 Οί
817 3837 914 3906 μὲν
947 3831 1040 3890 οὖν
1069 3836 1253 3907 ἐχθροὶ
1281 3840 1512 3894 εἴσονται
1548 3840 1794 3909 λέγοντες

221 3927 389 3980 αὐτὸν
433 3927 706 3998 δαιμόνιον
761 3929 935 3998 ἔχειν’
977 3932 1137 4001 ἡμεῖς
1183 3930 1239 3982 δὲ
1293 3930 1441 4000 αὐτῷ
1500 3931 1797 4004 πειθόμεθα

225 4019 521 4087 φάσκοντι·
591 4021 737 4089 Ἐγὼ
783 4020 1093 4090 δαιμόνιον
1140 4023 1252 4075 οὐκ
1311 4021 1459 4091 ἔχω·
1515 4023 1632 4076 οὐδὲ
1691 4023 1796 4095 γὰρ

219 4111 447 4166 δύναται
481 4111 697 4181 τυφλῶν
744 4111 1054 4182 ὀφθαλμοὺς
1117 4111 1362 4179 ἀνοῖξαι,
1413 4115 1445 4184 ἢ
1501 4115 1674 4167 ταῦτα
1729 4115 1798 4168 τά

225 4207 426 4276 σημεῖα
480 4207 683 4268 ποιεῖν,
735 4205 771 4260 ἂ
827 4206 917 4258 καὶ
962 4205 1410 4275 ἀναγέγραπται,
1443 4201 1518 4262 ὧν
1549 4208 1643 4262 καὶ
1677 4208 1794 4281 ἴχνη

223 4298 322 4352 καὶ
372 4298 645 4368 λείμματα
691 4299 748 4351 ὲν
775 4301 894 4358 ταῖς
934 4299 1280 4370 Ἐκκλησίαις
1336 4301 1557 4370 ὀνόματι
1622 4301 1795 4372 Ἰησοῦ

1889 1813 2088 1868 animae
2130 1813 2350 1883 quidem
2390 1817 2824 1886 permanentiam
2879 1819 3310 1887 admittentibus,
3347 1827 3463 1880 ausi

1891 1902 2098 1958 fuerint
2120 1902 2468 1961 Servatorem
2494 1907 2676 1962 dicere
2705 1907 3134 1981 Satnaritanum,
3158 1914 3250 1982 qui
3278 1929 3469 1984 quant-

1891 1991 2127 2062 plurima
2160 1993 2421 2050 docuerat
2452 1999 2599 2052 etde
2628 2001 3031 2056 resurrectione
3062 2011 3117 2056 et
3146 2003 3211 2058 de
3233 2002 3469 2071 judicio.

1895 2084 1968 2136 At
2003 2082 2256 2140 fortassis
2305 2086 2409 2141 hoc
2446 2087 2634 2143 dicunt
2670 2089 2824 2144 illum
2871 2092 3203 2156 mordentes,
3238 2094 3467 2163 perinde

1897 2174 2052 2243 quasi
2084 2190 2192 2230 non
2227 2178 2450 2232 omnino
2488 2181 2677 2234 eadem
2710 2195 2829 2250 qum
2858 2182 2932 2237 illi
2959 2185 3173 2239 decreta
3216 2197 3465 2254 poneret.

1894 2265 2201 2324 Verisimile
2237 2279 2322 2324 est
2361 2270 2525 2325 etiam
2573 2273 2782 2344 aliquos
2809 2274 3158 2331 existimasse
3188 2292 3312 2332 eum
3361 2294 3464 2333 non

1895 2375 1965 2414 ex
2005 2360 2200 2416 affectu
2228 2364 2294 2418 de
2329 2363 2513 2420 futuro
2539 2366 2758 2434 saeculo,
2791 2368 2858 2424 de
2886 2371 3284 2427 resurrectione
3318 2381 3372 2427 et
3401 2373 3466 2427 de

1890 2451 2096 2520 judicio
2127 2454 2344 2520 docere,
2373 2458 2468 2512 sed
2493 2458 2817 2514 Samaritiee
2843 2459 3122 2527 all'ecttim,
3152 2463 3374 2531 perinde
3400 2480 3468 2519 ac

1898 2543 2032 2598 nihil
2069 2545 2334 2614 reliquum
2379 2546 2517 2604 foret
2549 2559 2672 2620 post
2701 2551 2840 2606 hanc
2874 2551 3068 2619 vitam,
3106 2553 3469 2610 simulationis

1895 2651 2058 2691 causa
2095 2648 2316 2710 propter
2346 2642 2656 2710 opinionem
2683 2658 2846 2714 quam
2877 2644 3148 2700 habebant
3183 2645 3374 2715 Judaei,
3415 2658 3467 2704 et

1897 2736 1956 2780 ut
2009 2729 2117 2785 illis
2168 2731 2420 2800 placeret,
2469 2734 2536 2788 de
2584 2737 2982 2792 resurrectione
3046 2737 3220 2808 deque
3262 2750 3466 2795 atterna

1898 2821 2007 2877 vita
2060 2826 2224 2880 verba
2277 2824 2480 2885 facere.
2539 2827 2678 2895 Quin
2725 2831 3048 2886 daemonium
3082 2847 3297 2902 quoque
3340 2849 3464 2888 eum

1901 2916 2103 2972 habere
2135 2917 2409 2983 dicebant,
2451 2930 2675 2990 propter
2722 2921 2886 2994 354
2935 2924 3108 2994 ipsius
3157 2941 3464 2990 sermones,

1899 3007 1989 3076 qui
2033 3007 2310 3063 hominum
2355 3019 2574 3080 captum
2617 3015 3092 3080 transcendebant,
3129 3019 3326 3087 quibus
3358 3019 3463 3075 Pa-

1899 3107 2037 3155 trem
2073 3100 2347 3169 proprium
2382 3100 2603 3155 dicebat'
2622 3101 2811 3170 Deum,
2841 3119 3008 3176 seque
3029 3121 3058 3162 ο
3080 3110 3220 3166 caelo
3243 3111 3469 3168 descen-

1898 3191 2067 3255 disse,
2100 3191 2359 3262 quodque
2395 3203 2542 3248 esset
2571 3195 2724 3264 panis
2762 3197 2884 3252 vita:
2907 3197 3066 3270 longe
3093 3202 3286 3258 melior
3317 3222 3468 3259 man-

1896 3297 1989 3348 na,
2025 3285 2160 3338 adeo
2195 3291 2253 3336 ut
2287 3285 2378 3354 qui
2420 3300 2486 3340 ex
2541 3287 2644 3343 hoc
2693 3304 2834 3358 pane
2863 3293 3189 3360 comederet,
3224 3296 3467 3354 victurus

1897 3384 2043 3430 esset
2091 3376 2141 3430 in
2172 3385 2460 3442 aeternum,
2493 3377 2707 3447 aliaque
2747 3379 3027 3447 innumera
3064 3385 3259 3452 quibus
3287 3387 3463 3442 Evan-

1897 3467 2036 3536 gelia
2064 3466 2268 3537 repleta
2293 3469 2502 3522 sunt".
2536 3468 2719 3522 Potest
2744 3473 2908 3525 etiam
2956 3483 3182 3542 pr0pter
3204 3478 3469 3543 suspicio-

1898 3576 2020 3616 nem
2041 3575 2230 3615 eorum
2251 3561 2398 3616 circa
2427 3561 2712 3616 Beelzebul
2728 3561 2930 3616 dictum
2953 3562 3116 3618 fuisse
3139 3581 3155 3618 :
3179 3565 3257 3618 Tu
3274 3566 3472 3621 da'mo-

1898 3655 2040 3704 nium
2091 3652 2274 3717 habes,
2316 3653 2754 3722 quandoquidem
2800 3653 3018 3722 quidam
3071 3653 3124 3708 in
3179 3655 3469 3712 Beelzean

1899 3741 2145 3812 principe
2169 3741 2558 3797 daemoniorum
2582 3743 2969 3799 existimabant
2986 3760 3108 3801 eum
3127 3746 3324 3817 ejicere
3354 3750 3467 3804 da:-

1901 3834 2080 3888 monia
2101 3834 2169 3899 ⁸⁸,
2191 3841 2449 3903 tanquam
2467 3833 2559 3906 qui
2579 3833 2634 3889 in
2657 3849 2714 3890 se
2729 3835 2952 3892 haberet
2973 3837 3276 3894 Beelzebul.
3294 3840 3468 3912 Atque

1903 3923 2110 3980 inimici
2159 3925 2378 3995 quidem
2420 3927 2666 3982 dicentes
2693 3929 2865 3997 ipsum
2895 3930 3094 3988 trahere
3119 3931 3463 3997 dannonium,

1901 4015 1975 4070 illi
2012 4012 2254 4072 viderint
2288 4034 2304 4072 :
2334 4032 2435 4073 nos
2466 4033 2598 4073 vero
2630 4018 2705 4074 illi
2740 4020 3026 4077 credamus
3070 4023 3274 4079 dicenti
3303 4041 3317 4079 :
3357 4025 3466 4097 Ego

1896 4108 2218 4163 daemonium
2247 4124 2349 4162 non
2383 4108 2545 4162 habeo
2561 4109 2640 4165 "z
2671 4125 2845 4180 neque
2868 4112 3009 4167 enim
3047 4122 3224 4182 potest
3261 4115 3433 4170 dmino
3453 4146 3465 4158 -

1902 4201 2048 4254 nium
2086 4214 2354 4256 (meorum
2387 4199 2573 4256 oculos
2601 4202 2835 4271 aperire,
2861 4202 2943 4256 vel
2970 4203 3083 4258 hiec
3108 4203 3258 4274 signa
3285 4203 3466 4259 facere

1899 4309 2018 4362 qua:
2057 4295 2254 4364 scripta
2291 4303 2438 4359 sunt,
2483 4310 2712 4363 quorum
2761 4299 2923 4352 etiam
2973 4296 3199 4363 vestigia
3243 4304 3301 4349 et
3342 4297 3468 4350 reli-

231 4389 391 4460 μέχρι
417 4389 512 4443 νῦν
543 4389 770 4458 γίνεται.
824 4389 977 4443 Μετά
1012 4389 1183 4442 ταῦτα
1240 4389 1474 4462 ζητήσαι
1516 4410 1598 4456 τις
1639 4394 1704 4446 ἂν
1742 4396 1792 4448 τί

1899 4386 2039 4454 quia:
2067 4384 2148 4438 vel
2175 4398 2344 4454 usque
2374 4385 2426 4438 in
2451 4400 2690 4453 praesens
2724 4385 2859 4440 fiunt
2899 4386 2950 4439 in
2984 4385 3260 4448 Ecclesiis,
3287 4384 3338 4440 in
3365 4401 3465 4439 no-

223 4481 446 4552 δήποτε,
479 4481 571 4534 δύο
597 4481 903 4551 δυσφημίας
936 4480 1083 4551 αὐτῷ
1110 4481 1524 4552 προσαψάντων,
1555 4486 1656 4555 τήν
1696 4503 1753 4538 τε
1776 4505 1788 4517 ·

227 4573 593 4642 Σαμαρείτης
623 4568 683 4626 εἴ
704 4571 809 4636 σὺ,
837 4574 930 4626 καὶ
961 4573 1078 4643 τήν·
1114 4574 1424 4642 Δαιμόνιον
1463 4574 1654 4643 ἔχεις,
1685 4577 1794 4630 τῶν

229 4664 632 4736 ἀποκριθέντων
682 4663 829 4734 αὑτῷ
867 4658 1151 4727 Ἰουδαίων,
1179 4664 1280 4716 οὐκ
1311 4664 1532 4717 ἐκείνων
1561 4666 1669 4719 τῶν
1697 4687 1795 4721 πε-

228 4757 594 4812 πιστευκότων
626 4755 795 4826 αὐτῷ,
836 4755 955 4826 οὐχὶ
988 4755 1124 4827 πρὸς
1173 4755 1272 4818 τάς
1317 4755 1412 4808 δύο
1439 4751 1793 4829 ἀπεκρίνετο,

228 4848 369 4903 ἀλλὰ
395 4849 530 4920 πρὸς
565 4849 728 4919 μόνην
753 4849 870 4918 τήν·
906 4849 1216 4915 Δαιμόνιον
1238 4847 1418 4916 ἔχεις.
1445 4847 1630 4900 εἰπών·
1651 4850 1796 4918 Ἐγὼ

227 4942 538 5009 δαιμόνιον
577 4942 687 4994 οὐκ
713 4940 845 5010 ἔχω.
879 4941 988 4993 Καὶ
1009 4939 1109 5010 ὅρα
1140 4941 1188 4991 εί
1225 4938 1444 4991 δύναται
1479 4939 1609 5009 πρὸς
1643 4941 1799 4993 τοῦτο

305 5059 347 5089 ’³
375 5055 530 5113 Joan.
560 5074 678 5121 ml,
711 5057 795 5111 ιε.
876 5056 920 5088 ³³
955 5055 1108 5111 Joan.
1140 5071 1211 5120 tv,
1235 5055 1288 5111 9.

306 5177 416 5260 (16)
437 5177 588 5244 Πῶς.
629 5177 787 5234 Deest
820 5177 873 5231 in
925 5177 1114 5232 codice
1155 5177 1344 5248 Regio,
1376 5177 1468 5232 sed
1516 5176 1714 5246 tegitur
1739 5178 1791 5230 in

233 5247 541 5301 Bodleiano.

313 5251 541 5301 dleiano.

306 5317 351 5386 (l
365 5319 414 5388 7)
431 5317 548 5373 Kal
569 5317 723 5387 μηδέ
746 5318 859 5386 τὴν
885 5316 991 5383 τῆς
1016 5317 1221 5386 ψυχῆς
1245 5311 1792 5388 ἐπιδιιψονὴηεις.

234 5385 495 5454 Origenes
526 5385 584 5442 in
615 5388 802 5441 Matth.
834 5397 964 5442 tom.
996 5385 1139 5446 ιινιιζ
1177 5402 1325 5454 nutu.
1379 5387 1448 5440 29
1480 5403 1492 5438 :
1546 5388 1607 5437 υἱ
1661 5385 1795 5438 Σαδ-

232 5451 468 5511 δουκαῖοι
503 5457 704 5527 μέντοι,
755 5458 1000 5525 λέγοντες
1055 5458 1129 5527 μὴ
1190 5451 1326 5527 εἶναι
1372 5456 1692 5527 ἀνάστασιν,
1733 5455 1796 5508 οὐ

234 5527 333 5612 τὴν
366 5530 423 5580 ὲν
549 5528 810 5612 συνηθεία
831 5528 938 5612 τῷν
973 5525 1354 5612 ἁπλουστέρων
1391 5525 1796 5612 ὀνομαζομένην

237 5595 526 5669 ἀνάστασιν
559 5595 758 5669 σαρκὸς
778 5595 1034 5669 ἡθέτουν,
1076 5595 1338 5669 ἀλλά-καὶ
1367 5595 1798 5669 παντελᾷιςάνῂτ

243 5684 364 5737 ρουν
384 5665 480 5739 τὴν
507 5669 603 5740 τῆς
635 5663 827 5738 ’ψυχῆς
856 5668 914 5722 οὐ
971 5667 1127 5738 μόνον
1176 5664 1490 5730 ἀθανασίαν,
1535 5663 1668 5717 ἀλλὰ
1704 5663 1798 5716 καὶ

1391 5056 1435 5086 ³³
1488 5055 1724 5118 Joatm‘t,
1764 5057 1934 5111 ’ὁὶ-’55
1959 5073 2073 5124 seq.

1901 4477 2046 4531 mine
2073 4477 2310 4532 Domini.
2350 4476 2615 4532 Prmtcrea
2641 4487 2848 4546 quaerat
2879 4477 3079 4547 aliquis
3115 4492 3214 4531 cur
3246 4489 3469 4547 respon-

1902 4570 2157 4625 dentibus
2183 4569 2406 4633 Judaeis,
2442 4585 2547 4623 non
2586 4570 2692 4623 illis
2721 4571 2814 4637 qui
2845 4569 3190 4623 crediderant
3224 4569 3294 4631 ei,
3338 4571 3472 4625 dno-

1902 4677 2009 4731 qne
2030 4661 2258 4716 crimina
2288 4661 2336 4714 ei
2359 4661 2805 4730 impingentibus,
2838 4675 3064 4728 nempe:
3095 4658 3467 4714 Samaritanus

1903 4773 1954 4809 es
1977 4764 2122 4820 tu,ct
2147 4772 2158 4804 :
2187 4753 2512 4807 Da'mom'um
2531 4753 2709 4816 habes,
2727 4766 2828 4804 non
2850 4752 2915 4804 ad
2931 4752 3057 4816 duo,
3075 4753 3166 4807 sed
3191 4752 3256 4806 ad
3283 4770 3467 4816 unum,

1905 4861 2096 4916 nempe
2126 4865 2138 4900 :
2168 4845 2498 4898 Dwmonium
2559 4843 2735 4905 habes,
2784 4844 3066 4911 reapondet
3096 4844 3284 4898 dicens
3319 4862 3332 4897 :
3364 4844 3470 4910 Iz‘qo

1906 4939 2218 4992 dmnom'nm
2250 4954 2352 4990 non
2387 4937 2567 4989 habeo.
2616 4935 2679 4988 Et
2728 4936 2848 4988 vide
2881 4952 2948 4988 an
2989 4937 3054 4988 ad
3089 4938 3185 4990 hoc
3215 4929 3470 5005 appl‘c'ari

2154 5057 2196 5086 ³⁵
2227 5054 2355 5109 Luc.
2387 5070 2460 5116 XI,
2498 5054 2578 5108 lii.
2665 5053 2708 5083 ³⁸
2734 5050 2892 5105 Joan.
2926 5067 3038 5114 vtzt,
3071 5051 3156 5104 59.

1904 5176 2256 5248 ὲπιδιαμονὴν
2289 5217 2302 5239 ,
2355 5173 2588 5252 οίόμεριοι
2649 5169 2902 5252 μηδαμοῦ.
2929 5170 3014 5249 ἐν⁵
3041 5169 3150 5229 τοῖς
3197 5164 3470 5252 ἣίωῦσέας

1943 5236 2720 5320 ράμείασι-’σημαίνέσθαι-τῇν
2749 5236 3052 5320 τῆςὶψυχῇς
3107 5236 3243 5306 μετά
3296 5236 3465 5320 fabia.

1937 5303 2074 5389 ἱρήνῖ
2095 5317 2166 5389 Τὸ
2188 5316 2245 5389 δὲ
2269 5303 2402 5389 αὐτο
2443 5315 2554 5389 τοῖς
2582 5303 3166 5389 Σαδδουκαίοιξδόγίξα
3189 5303 3326 5389 περὶ
3369 5303 3470 5389 Ξῆς

1904 5373 2018 5440 τῶν
2039 5373 2545 5460 ἀνθρέιπωνμψυῂς
2574 5379 2828 5460 φρονοῦσι
2844 5378 3022 5460 ,μέχρι
3050 5373 3142 5460 τοῦ
3183 5373 3342 5444 δεῦρο
3369 5373 3472 5425 Σαι

1910 5459 2122 5528 μαρεῖς.
2143 5447 2394 5528 ’ϐοηειιιςὲ
2414 5447 2817 5528 obsiet-rationes
2844 5447 3077 5528 in_hunc_
3097 5447 3319 5528 locum."
3334 5513 3362 5528 Α.

2005 5527 2088 5590 l8)
2122 5522 2492 5592 Σαμαρείτην
2520 5520 2690 5592 εἶναι.
2716 5517 3084 5592 _I_l:cc_dq._sn_nt
3133 5518 3185 5568 in
3237 5517 3473 5571 editione

1906 5587 2108 5660 llu‘ezii,
2144 5587 2242 5651 se'd
2280 5587 2531 5662 leguntur
2553 5590 2606 5644 in
2633 5589 2816 5645 codice
2845 5587 3160 5643 Bodleiano.
