3866 6200
539 378 645 436 659

1903 440 1909 448 α
2022 364 2347 424 ORIGENIS

3635 385 3732 445 σου

545 507 689 557 mur,
740 489 1066 562 propriaque
1112 485 1479 556 generositate
1504 497 1693 541 eorum
1747 483 1840 554 qui
1870 480 2092 539 rationis

2203 484 2298 538 καὶ
2320 481 2412 538 τοῦ
2439 483 2619 539 δίκαια
2650 480 2790 539 εἶναι
2818 483 2886 539 τά
2930 485 3056 559 περὶ
3084 488 3204 553 évb;
3245 489 3472 546 ἑκάστου
3500 495 3592 548 τῶν
3616 516 3732 572 sup.

539 594 668 641 sunt
697 588 994 650 compotes,
1031 577 1257 645 amissa,
1283 576 1656 633 ohliviscimur
1693 588 1762 631 ne
1790 587 1954 629 unum
1983 572 2106 643 qui-

538 679 661 731 dem
712 685 990 742 Passerem
1038 670 1246 742 alisque
1295 668 1406 725 Deo
1441 669 1497 724 in
1529 667 1783 740 laqueum
1815 664 2012 721 cadere
2032 663 2101 731 ⁸⁸,

536 761 788 830 iustaque
834 773 957 815 esse
1001 756 1366 828 quarumlibet
1405 771 1610 824 rerum,
1647 770 1767 826 quae
1793 753 2102 834 hominibus

534 853 882 922 contingunt,
917 849 1143 922 judicia,
1183 848 1315 920 quid
1361 847 1562 904 dicturi
1604 860 1818 910 sumus,
1853 844 1958 901 nisi
1995 857 2101 900 nos

534 946 651 1002 haec
688 943 821 1015 pati,
854 943 980 1013 quia
1019 940 1212 998 vicerit
1242 956 1342 998 nos
1381 940 1654 1005 diabolus,
1682 948 1740 997 et
1780 938 1909 1011 quia
1936 936 2100 993 etiam

534 1037 730 1093 animo:
757 1042 967 1105 partem
992 1033 1497 1106 praestantissimam
1522 1031 1905 1104 (principatum
1933 1042 2098 1100 quam

534 1126 752 1197 vocant)
780 1125 1063 1182 oll'uscarit
1091 1123 1526 1195 tufbidaritqne?
1553 1123 1695 1190 Quin
1721 1123 1888 1179 etiam
1939 1116 2098 1176 timo-

532 1234 621 1274 res
651 1232 834 1274 rerum
884 1233 990 1273 non
1038 1215 1422 1283 timendarum,
1481 1215 1790 1286 gaudiaque
1839 1213 1984 1269 elata
2030 1210 2099 1267 de

531 1311 694 1366 rebus
730 1309 908 1374 nihili,
939 1323 1169 1379 quorum
1196 1317 1324 1363 sunt
1360 1306 1644 1363 actiones!
1680 1304 1875 1360 Annon
1905 1304 2099 1359 daemo-

532 1415 683 1467 num,
722 1400 814 1471 qui
851 1399 1205 1470 impleverunt
1242 1413 1336 1455 eos
1361 1397 1453 1466 qui
1496 1412 1617 1453 cum
1656 1397 1888 1453 veritate
1915 1394 2097 1451 dicere

530 1503 805 1565 nequeunt
833 1489 983 1563 :Ego
1035 1491 1356 1545 da'monium
1414 1506 1520 1544 non
1571 1488 1778 1544 habeo?
1810 1485 1916 1543 Sed
1965 1499 2096 1542 con-

530 1595 856 1641 sentaneum
908 1591 993 1637 est
1048 1581 1258 1636 futuros
1303 1578 1539 1650 aliquos,
1587 1579 1681 1649 qui
1728 1585 1949 1634 sanctos
1994 1587 2093 1646 pa-

531 1677 817 1741 triarchas,
879 1673 967 1729 vel
1013 1685 1231 1728 servum
1282 1670 1432 1725 illum
1482 1683 1721 1736 sacrum,
1776 1666 1860 1723 vel
1921 1663 2097 1721 admi-

2206 574 2495 629 6αινόντων
2521 574 2827 647 ἀνθρώποις
2864 577 3140 648 κρίματα,
3185 579 3239 634 τί
3295 583 3546 655 φήσομεν,
3582 588 3617 662 ἢ
3664 592 3733 647 ὅτι

2206 669 2299 723 καὶ
2342 666 2435 722 τοῦ
2466 667 2742 739 δαιμονίου
2797 669 2947 740 ἡμᾶς
2988 672 3343 740 νικήσαντος,
3392 675 3485 730 καὶ
3528 678 3583 735 τὸ
3628 683 3735 753 im.

2206 761 2424 834 μονικδν
2455 760 2614 833 ἡμῶν
2660 758 3014 828 θολώσαντος,
3053 761 3227 817 ταῦτα
3286 765 3586 838 πάσχομενς
3634 773 3736 828 ‘Al.

2201 851 2269 906 λά
2316 853 2411 907 καὶ
2474 850 2628 923 φόόοι
2682 851 2792 906 τῶν
2831 852 2894 906 οὐ
2938 852 3184 926 φοϐερῶν
3208 893 3225 919 ,
3290 856 3387 910 καὶ
3423 862 3732 934 περιχάρειαι

2202 941 2296 995 ἰπὶ
2342 944 2456 1005 τοῖς
2522 940 2751 1014 μηδενὸς
2802 939 3006 1008 ἀξίοις,
3062 943 3223 998 τίνων
3275 942 3343 1000 ἂν
3393 946 3478 1020 εἴη
3539 951 3732 1027 ἐνεργῇ.

2204 1049 2351 1103 ματα
2402 1031 2436 1103 ἢ
2491 1032 2759 1103 δαιμόνων
2823 1031 3226 1105 πληρωσάντων
3276 1036 3405 1102 τοὺς
3467 1040 3538 1112 μὴ
3599 1043 3731 1098 aqu.

2204 1122 2396 1195 μένους
2437 1122 2575 1195 μετὰ
2614 1122 2868 1194 ἀληθείας
2896 1122 3103 1193 λέγειν·
3149 1126 3295 1197 Ἐγὼ
3323 1127 3618 1199 δαιμόνιον
3641 1138 3729 1190 οὐκ

2200 1212 2357 1283 ἔχου
2434 1212 2575 1266 Ἀλλ’
2627 1213 2774 1277 είκὸς
2825 1228 2977 1277 τινας
3041 1216 3168 1280 τοὺς
3237 1217 3425 1286 ἁγίους
3497 1224 3729 1297 πατριάρ-

2199 1320 2334 1376 χας,
2387 1304 2421 1376 ἢ
2467 1303 2560 1358 τὸν
2617 1305 2760 1376 ἱερὸν
2808 1304 3111 1378 θεράποντα
3137 1345 3153 1373 ,
3193 1309 3227 1379 ἢ
3277 1310 3405 1374 τοὺς
3432 1311 3728 1384 θαυμασίους

2198 1397 2482 1469 προφήτας
2506 1436 2523 1461 ,
2574 1396 2607 1469 ἢ
2671 1396 2802 1461 τοὺς
2877 1398 3276 1466 δυνατωτάτους
3355 1403 3451 1457 τοῦ
3514 1406 3728 1480 Σωτῆρος

2195 1487 2353 1560 ἡμῶν
2395 1488 2565 1560 Ἰησοῦ
2611 1489 2937 1556 ἀποστόλους
2984 1492 3246 1564 φέροντας
3283 1495 3363 1560 είς
3404 1495 3500 1569 τὴν
3518 1496 3732 1566 ἐξέτασιν

2195 1579 2533 1653 δυσωπήσειν
2553 1581 2699 1653 ἡμᾶς
2725 1582 2800 1647 t'o;
2820 1581 2926 1655 ἄρα
2952 1585 3046 1638 καὶ
3067 1578 3211 1639 οὗτοι
3229 1585 3435 1642 εἴποιεν
3467 1587 3532 1641 ἂν
3558 1589 3731 1656 ὁμοίως

2195 1672 2273 1744 τῷ
2308 1671 2483 1744 Ἰησοῦ
2504 1691 2517 1705 -
2569 1674 2715 1745 Ἐγὼ
2731 1672 3035 1744 δαιμόνων
3058 1679 3168 1733 οὐκ
3193 1677 3311 1748 ἔχω
3330 1697 3345 1710 ο
3379 1681 3517 1753 πρὸς·
3534 1682 3589 1735 ὃν
3608 1681 3732 1737 ἔστιν

528 1768 733 1825 randos
803 1765 1134 1837 prophetas,
1183 1761 1266 1819 vel
1322 1760 1729 1833 potentissimos
1785 1757 2092 1814 Servatoris

2195 1769 2400 1821 εἰπεῖν’
2433 1762 2580 1838 *Αρα
2612 1767 2707 1821 καὶ
2737 1760 2881 1823 οὗτοί
2920 1786 3048 1823 ποτε
3069 1770 3336 1844 ἥμαρτον,
3368 1772 3404 1844 ἢ
3445 1773 3727 1845 ψεῦδοςτό·

527 1858 690 1932 357
721 1857 891 1914 nostri
915 1854 1043 1913 Jesu
1064 1852 1337 1926 apostolos
1387 1853 1441 1908 in
1487 1851 1628 1906 hanc
1671 1849 2092 1920 disputationem

527 1950 848 2014 aﬂ‘erentes,
880 1961 980 2004 nos
1009 1943 1268 2010 refutent,
1294 1940 1446 2012 quasi
1469 1940 1524 1995 hi
1551 1938 1777 2011 perinde
1811 1948 1975 2007 atque
2001 1933 2094 1991 Je-

529 2058 627 2101 sus
646 2039 846 2097 dicturi
861 2039 970 2095 sint
988 2058 1003 2093 :
1030 2037 1144 2109 Ego
1175 2033 1494 2092 dwmonium
1511 2047 1617 2086 non
1637 2029 1839 2093 habeo;
1864 2028 1932 2082 ad
1955 2041 2092 2098 quos

525 2133 707 2188 dicere
730 2131 892 2186 licet:
928 2128 1067 2184 Num
1102 2129 1156 2183 hi
1177 2128 1342 2183 etiam
1367 2119 1656 2194 aliquando
1682 2126 1999 2190 peccarunt,
2022 2131 2092 2173 an

524 2222 721 2279 falsum
747 2233 835 2279 est
861 2221 990 2279 illud
1016 2236 1031 2274 :
1062 2218 1254 2276 Omnes
1286 2218 1421 2274 enim
1443 2222 1805 2284 peccaverunt,
1841 2227 1906 2265 ac
1929 2210 2093 2265 desti-

523 2324 748 2372 tuuntur
773 2314 944 2386 gloria
974 2313 1071 2369 Dei
1098 2311 1185 2366 “1'
1216 2326 1344 2370 num
1364 2310 1525 2366 etiam
1553 2320 1738 2363 verum
1767 2317 1872 2360 non
1895 2311 1978 2360 est
2024 2302 2089 2358 il-

522 2411 617 2468 lud
641 2427 657 2465 :
683 2408 880 2465 Nullus
906 2407 1133 2463 mundus
1160 2416 1236 2462 est
1283 2421 1316 2460 a
1360 2404 1517 2460 sorde
1539 2402 1635 2457 “2
1670 2415 1849 2456 annon
1891 2398 2090 2454 dictum

523 2510 611 2558 est
637 2516 762 2556 cum
793 2497 1266 2555 consideratione:
1303 2495 1428 2550 Non
1452 2503 1528 2551 est
1545 2494 1732 2565 justus
1764 2506 1921 2561 super
1979 2500 2090 2545 ter-

523 2610 639 2649 ram
666 2593 757 2665 qui
780 2591 944 2663 faciat
975 2591 1166 2645 bonum
1196 2599 1244 2644 et
1271 2603 1375 2642 non
1401 2595 1571 2656 peccet
1594 2585 1684 2640 ⁸ίῖ
1734 2597 1912 2638 annon
1966 2596 2092 2653 per-

522 2686 771 2756 spicuum
794 2691 879 2740 est
900 2697 1091 2738 omnes
1109 2680 1424 2751 Scripturas
1439 2692 1597 2733 veras
1618 2690 1737 2733 esse
1758 2674 1963 2747 ilgitur
1983 2689 2089 2730 non

523 2792 742 2848 semper
768 2789 940 2848 neque
962 2775 1030 2830 ab
1056 2774 1212 2830 initio
1239 2781 1490 2844 poterant
1516 2771 1572 2827 hi
1600 2770 1801 2836 dicere,
1836 2782 1903 2825 ac
1933 2781 2003 2823 ne
2034 2766 2091 2823 hi

522 2869 616 2938 qui
663 2874 949 2923 transeunt
988 2864 1058 2921 ad
1091 2866 1258 2921 vitam
1291 2864 1495 2920 virtute
1537 2870 1874 2919 constantem
1905 2878 1920 2915 :
1974 2858 2090 2931 Ego

524 2958 845 3015 ila-maniam
873 2973 980 3013 non
1008 2958 1208 3023 habeo;
1234 2956 1330 3013 sed
1360 2955 1528 3012 solius
1554 2953 1815 3019 hominis,
1845 2951 1934 3023 qui
1960 2966 2090 3008 con-

523 3050 798 3108 sideratur
839 3050 894 3106 in
943 3048 1254 3116 Servatore,
1283 3061 1387 3102 vox
1420 3055 1507 3101 est
1534 3044 1624 3102 illa
1652 3043 1722 3100 ab
1748 3043 1901 3099 initio
1930 3060 1943 3097 :
1997 3043 2090 3113 qui

2190 1857 2421 1925 Πάντες
2459 1857 2570 1930 ¹μὰρ
2609 1858 2891 1929 ἥμαρτον,
2934 1861 3033 1915 καὶ
3078 1863 3471 1933 ὑστεροῦνται
3522 1864 3623 1935 τῆς
3652 1865 3731 1920 δό-

2192 1950 2303 2020 ξης
2334 1951 2442 2005 τοῦ
2475 1949 2643 2015 Θεοῦ,
2671 1952 2765 2005 καὶ
2795 1951 2894 2005 οὐκ
2926 1950 3122 2025 ἀληθὲς
3144 1953 3233 2007 τό’
3271 1954 3477 2023 Οὐδεὶς
3508 1956 3729 2025 καθαρὸς

2190 2039 2310 2095 ἀπὸ
2341 2040 2565 2107 ῥύπου,
2607 2036 2728 2094 οὐδὲ
2755 2038 3176 2114 τεθεωρημένως
3223 2043 3439 2117 εἴρηται
3492 2046 3582 2101 τόο
3631 2050 3729 2103 οὐκ

2190 2128 2322 2184 ἔστι
2347 2128 2575 2196 δίκαιος
2593 2130 2693 2184 ἐπὶ
2724 2130 2854 2201 γῆς,
2892 2130 2962 2199 ὃς
2986 2130 3221 2201 ποιήσει
3245 2134 3489 2205 ἀγαθὸν,
3524 2137 3615 2191 καὶ
3637 2139 3728 2208 οὐχ

2189 2218 2632 2291 ἁμαρτήσεταις
2687 2221 2847 2276 Ἀλλά
2876 2223 3064 2293 σαφὲς,
3108 2225 3190 2279 ὃτι
3222 2225 3438 2296 ἀληθεῖς
3480 2227 3540 2281 αί
3587 2231 3730 2283 πᾶσαι

2191 2309 2425 2383 Γραφαὶ,
2459 2310 2555 2366 καὶ
2585 2311 2686 2366 οὐκ
2717 2312 2804 2367 ἀεὶ⁸
2839 2313 2959 2367 οὐδὲ
2991 2312 3052 2379 ἐξ
3081 2315 3254 2387 ἀρχῆς
3283 2316 3534 2374 ἐδύναντο
3558 2318 3729 2390 λέγειν,

2188 2401 2300 2456 οὐδ’
2328 2403 2377 2456 oi
2410 2401 2833 2474 μεταϐάλλοντες
2861 2404 2955 2456 ἐπὶ
2982 2402 3075 2458 τὸν
3111 2404 3253 2458 κατά
3281 2406 3479 2480 ἀρετὴν
3507 2407 3727 2479 βίονμτόο

2203 2492 2352 2563 Ἐγὼ
2391 2492 2700 2564 δαιμόνιον
2731 2496 2841 2549 οὐκ
2868 2494 2985 2566 ἔχω
3003 2511 3017 2526 ⁸
3063 2493 3176 2550 ἀλλ’
3200 2498 3252 2571 ,ἡ
3289 2498 3450 2569 μόνου
3494 2499 3589 2554 τοῦ
3615 2500 3730 2554 κατά

2189 2584 2280 2639 τὸν
2310 2585 2538 2657 Σωτῆρα
2567 2585 2854 2658 νοουμένου
2885 2586 3169 2659 ἀνθρώπου
3219 2589 3456 2662 ἀρχῆθεν
3483 2587 3553 2665 ἦν
3587 2593 3729 2664 φωνὴ,

2190 2675 2279 2731 διὰ
2320 2675 2479 2732 τοῦτο
2502 2676 2816 2750 κυριώτατα
2841 2677 2935 2732 καὶ
2979 2678 3317 2752 ἀληθέστατα
3345 2682 3507 2754 μόνον
3536 2684 3618 2738 τὸν
3640 2683 3733 2738 Πα-

2189 2768 2326 2842 τέρα
2349 2769 2708 2841 τιμήσαντοςο
2758 2770 2932 2835 οὐδεὶς
2956 2770 3084 2845 γὰρ,
3130 2773 3305 2846 τιμῶν
3335 2793 3388 2829 τι
3415 2775 3533 2829 τῶν
3566 2776 3633 2847 μὴ
3662 2792 3730 2829 τι-

2193 2860 2460 2934 μωμένων
2490 2860 2600 2933 (26)
2626 2861 2732 2916 ὑπὸ
2761 2861 2916 2930 Θεοῦ,
2945 2866 3081 2936 τιμᾷ
3105 2864 3198 2919 τὸν
3222 2865 3556 2939 ἀτιμάζοντα
3573 2869 3632 2922 τά
3655 2867 3730 2920 ὑπ’

2188 2953 2353 3008 αὐτοῦ
2385 2952 2698 3026 τιμώμενα’
2729 2955 2846 3020 πῶς
2867 2955 2975 3027 γὰρ
3002 2957 3241 3026 λεκτέον,
3273 2959 3356 3014 ὄτι
3378 2960 3518 3032 τιμᾷ
3536 2959 3620 3013 τὸν
3641 2959 3732 3012 Ila.

2187 3044 2322 3118 τέρα
2350 3046 2380 3099 ὁ
2410 3044 2543 3117 μηδὲ
2569 3046 2668 3118 τὴν
2697 3046 2872 3119 ἀρχὴν
2899 3047 2961 3101 τὸ
2993 3046 3207 3119 πνεῦμα
3242 3048 3342 3120 τῆς
3375 3048 3635 3112 υἱοθεσίας
3650 3046 3729 3101 λα-

525 3146 690 3202 ctiam
723 3143 865 3200 hanc
896 3141 966 3198 ob
990 3155 1210 3198 causam
1230 3139 1601 3211 propriissime
1624 3146 1679 3195 et
1694 3135 2090 3208 perfectissime

2193 3135 2336 3203 61.1w;
2376 3135 2563 3203 Οὐδεὶς
2588 3136 2647 3193 δι
2673 3138 2787 3211 ἔχει
2809 3138 2869 3192 τὸ
2893 3137 3109 3212 πνεῦμα
3138 3139 3238 3212 τῆς
3275 3140 3549 3206 υἱοθεσίας
3578 3142 3731 3211 ἀμαρ-

522 3237 674 3295 solus
700 3235 915 3292 Patrem
950 3232 1262 3290 honoravit.
1285 3231 1478 3287 Nullus
1521 3230 1667 3287 enim
1693 3230 1967 3287 honorans
1991 3227 2091 3284 ali-

524 3329 655 3401 quid
679 3344 865 3386 eorum
894 3341 1014 3398 qua:
1047 3327 1386 3382 honorantur
1412 3339 1443 3380 a
1475 3323 1617 3391 Deo,
1677 3323 1911 3381 honorat
1938 3335 2091 3394 sper-

530 3430 750 3479 nentem
776 3437 897 3493 qum
930 3420 1019 3477 ille
1045 3420 1294 3475 honoret.
1319 3416 1571 3488 Alioquin
1615 3415 1883 3488 quomodo
1908 3415 2091 3471 dicen-

524 3514 628 3569 dus
655 3522 742 3570 est
770 3511 967 3583 aliquis
993 3511 1264 3567 honorare
1304 3508 1542 3575 Patrem,
1570 3508 1662 3578 qui
1686 3506 1932 3577 spiritum
1962 3506 2090 3561 ado-

523 3603 728 3673 ptionis
750 3602 899 3659 nullo
935 3616 1157 3671 prorsus
1191 3600 1351 3657 modo
1392 3598 1703 3665 acceperit?
1729 3596 1861 3653 Nam
1911 3596 2091 3653 nullus

523 3693 691 3750 habet
721 3691 1027 3763 adoptionis
1075 3690 1327 3763 spiritum
1374 3703 1647 3760 peccans:
1702 3688 1807 3754 Qui
1846 3689 1987 3744 enim
2024 3703 2090 3744 ex

523 3782 637 3838 Deo
664 3784 869 3855 genitae
890 3792 991 3849 eu,
1013 3798 1116 3838 non
1132 3791 1311 3851 peccat
1332 3781 1399 3836 ".
1419 3780 1687 3836 Praeterea
1706 3780 1978 3850 quomodo
2000 3779 2092 3836 Ιιο·

524 3884 686 3929 norat
710 3875 836 3945 quis
862 3874 1104 3939 Patrem,
1139 3873 1416 3931 honorans
1471 3870 1697 3944 gloriam
1731 3886 1851 3942 qua:
1877 3880 1964 3929 est
2019 3870 2089 3927 ab

528 3962 876 4028 hominibus;
909 3963 995 4018 vel
1029 3974 1310 4034 argentum
1338 4003 1356 4029 ,
1414 3962 1500 4019 vel
1545 3973 1793 4019 terrenas
1829 3961 2085 4028 divitias,

525 4049 664 4123 [aut
690 4050 801 4123 (εδ)
829 4052 1288 4124 pulchritudinem
1316 4068 1441 4125 quae
1471 4068 1541 4108 ex
1573 4067 1740 4109 carne
1758 4062 1812 4108 et
1827 4052 2089 4121 sanguine

527 4139 812 4213 constat],
842 4141 929 4197 vel
962 4143 1259 4210 generatim
1281 4157 1402 4213 qua:
1422 4151 1548 4198 sunt
1570 4142 1787 4214 propria
1815 4141 2085 4205 materiei,

527 4241 585 4290 et
607 4232 905 4290 interitus?
930 4233 1117 4303 Itaque
1141 4233 1485 4304 perspicuum
1525 4244 1609 4289 est
1639 4233 1909 4305 quomodo
1959 4232 2087 4290 Ser-

523 4321 731 4377 vatoris
756 4336 855 4378 vox
902 4322 991 4378 illa
1022 4321 1094 4378 sit
1122 4340 1136 4377 :
1174 4321 1391 4377 Honora
1426 4319 1643 4378 Patrem
1681 4325 1729 4358 ⁸⁸
1751 4364 1767 4389 ,
1795 4338 1958 4394 quam
1988 4339 2087 4396 pro

523 4412 669 4469 virili
720 4411 1051 4468 contendere
1080 4425 1181 4467 nos
1216 4410 1380 4466 etiam
1408 4411 1667 4468 debemus
1720 4411 1904 4468 dicere
1927 4448 1947 4476 ,
1989 4411 2085 4468 tri-

522 4505 753 4559 lmentes
778 4504 886 4560 Deo
927 4509 984 4557 et
1002 4500 1146 4557 Patri
1174 4502 1458 4569 honorem,
1489 4516 1588 4559 nec
1610 4501 1702 4557 ulli
1724 4501 1814 4558 alii
1845 4503 2087 4559 tribuen-

2188 3224 2364 3282 τάνων
2379 3242 2395 3257 ’
2423 3228 2488 3281 Ὀ
2508 3227 2619 3298 γὰρ
2630 3228 2701 3287 ἐκ
2719 3234 2823 3291 τοῦ
2838 3230 2989 3288 Θεοῦ
3006 3229 3434 3305 γεγεννημένος
3445 3233 3561 3302 οὐχ
3582 3229 3732 3300 ἆμαρ-

2188 3315 2374 3373 τὰνει.
2410 3318 2524 3375 Καὶ
2548 3318 2666 3385 πῶς
2704 3321 2841 3393 τιμᾷ
2868 3318 2958 3375 τὸν
2979 3320 3202 3394 Πατέρα
3230 3320 3261 3375 ὀ
3285 3320 3460 3394 τιμῶν
3481 3320 3629 3388 δόξαν
3650 3317 3730 3390 τὴν

2189 3410 2341 3484 παρά
2365 3410 2690 3485 ἀνθρώπων,
2728 3412 2762 3485 ἢ
2796 3411 3079 3485 ἀργύριον,
3111 3413 3146 3485 ἢ
3178 3413 3270 3468 τὸν
3294 3414 3477 3486 χοῖκδν
3510 3411 3727 3479 πλοῦτον,

2188 3500 2223 3572 ἢ
2256 3501 2318 3554 τὸ
2346 3500 2414 3554 ὲκ
2446 3499 2663 3573 σαρκῶν
2711 3501 2806 3555 καὶ
2833 3501 3079 3573 αἱμάτων
3104 3500 3320 3568 κάλλος,
3362 3503 3397 3575 ἦ
3430 3502 3728 3571 ἁπαξαπλῶς

2187 3606 2242 3643 τι
2268 3588 2376 3642 τῶν
2403 3587 2618 3643 οἰκείων
2644 3591 2710 3661 τῇ
2735 3586 2836 3664 ὕλῃ
2856 3589 2949 3643 καὶ
2977 3591 3045 3661 τῇ
3077 3588 3281 3662 φθορᾷς
3329 3589 3501 3660 Δῆλον
3526 3584 3612 3643 οὖν
3634 3586 3727 3651 τὰ

2188 3681 2282 3736 τοῦ
2308 3681 2560 3752 Σωτῆρος
2583 3683 2699 3735 ἐστι
2745 3682 2895 3753 φωνή
2917 3698 2931 3712 ·
2969 3678 3119 3750 Τιμῶ
3159 3680 3268 3734 τὸν
3290 3680 3549 3750 Πατέρα,
3570 3681 3728 3752 ἥντινα

2187 3771 2287 3844 ὅση
2311 3770 2537 3843 δύναμις
2558 3769 2952 3842 φιλοτιμητέον,
2983 3767 3482 3842 συμμαρτυρούσης
3510 3771 3630 3842 ἡμῖν
3649 3765 3728 3835 τῆς
3846 3778 3849 3844 ᾗ

2190 3862 2544 3935 συνειδήσεως
2592 3864 2650 3917 ὲν
2677 3860 2956 3934 Πνεῦματι
3001 3860 3162 3933 ἁγίῳ,
3206 3861 3401 3925 εἰπεῖν,
3450 3857 3726 3916 ἀποδιδοῦσι

2187 3954 2266 4027 τῷ
2311 3952 2429 4026 Θεῷ
2471 3955 2565 4011 καὶ
2611 3953 2787 4026 Πατρὶ
2829 3952 2926 4025 τὴν
2975 3953 3161 4026 τιμὴν,
3211 3954 3307 4008 καὶ
3341 3952 3417 4025 μὴ
3447 3955 3611 4025 ἑτέρῳ
3637 3948 3725 4021 (Ἠ)

2186 4046 2545 4118 ἀπονέμουσιν
2595 4047 2786 4119 αὐτήν.
2846 4043 2956 4100 Καὶ
3005 4043 3185 4110 καλῶς
3215 4061 3281 4115 γε
3324 4047 3354 4099 ὁ
3389 4044 3629 4108 ἐλθόντος
3651 4036 3725 4095 τοῦ

2189 4136 2549 4210 πληρώματος
2577 4134 2670 4190 τοῦ
2700 4137 2894 4208 χρόνου
2922 4135 3330 4207 ἀπεσταλμένος
3363 4135 3470 4190 ὑπὸ
3500 4136 3591 4189 τοῦ
3616 4130 3723 4188 Θεοὸ

2187 4228 2441 4299 γενέσθαι
2484 4229 2552 4283 ὲκ
2580 4229 2853 4299 γυναικὸς,
2885 4228 2980 4283 καὶ
3024 4228 3275 4298 γενέσθαι
3303 4229 3408 4282 ὑπὸ
3449 4228 3545 4283 τδν
3570 4227 3721 4297 νόμον.

2186 4320 2264 4384 ὡς
2294 4319 2399 4374 ὑπὸ
2428 4318 2519 4373 τὸν
2554 4316 2778 4388 λέγοντα
2824 4318 2989 4389 νόμον
3027 4317 3309 4390 τυγχάνων
3347 4319 3440 4372 τό·
3488 4318 3620 4389 Τίμα
3639 4310 3723 4368 τὸν

2190 4410 2414 4480 πατέρα
2453 4410 2552 4465 καί
2586 4409 2702 4481 τὴν
2721 4410 2972 4481 μητέρα,
3017 4411 3119 4464 ἵνα
3141 4404 3209 4464 εὖ
3239 4424 3341 4463 σοι
3378 4407 3628 4479 πύθηται,
3653 4403 3724 4457 οὐ·

2116 4467 2166 4529 D
2196 4467 2501 4560 δέναὶλλον
2523 4467 2661 4576 έχων
2693 4467 2906 4577 πατέρα
2995 4504 3086 4558 τὸν
3124 4505 3182 4557 ὲν
3212 4504 3326 4567 τοῖς
3361 4467 3599 4575 depasci;
3615 4467 3723 4552 Θεόν

522 4602 604 4650 tes
633 4592 840 4664 ipsum,
866 4600 1211 4650 contestante
1240 4593 1395 4650 nobis
1421 4592 1759 4651 conscientia
1790 4593 1845 4649 in
1878 4591 2085 4664 Spiritu

2194 4608 2357 4667 φησιν
2376 4611 2390 4626 ⁸
2435 4594 2623 4651 Ἀλλὰ
2656 4594 2799 4666 τιμῶ
2825 4596 2932 4651 τὸν
2959 4593 3189 4664 Πατέρα
3209 4612 3352 4664 μου.
3420 4591 3661 4666 Ἐροῦμεν
3677 4585 3721 4639 δὲ

520 4691 714 4739 sancto
742 4681 810 4740 “.
841 4685 920 4739 Ac
942 4683 1165 4755 pulchre
1197 4682 1441 4755 profecto
1473 4697 1596 4740 cum
1618 4683 1929 4740 advenisset
1946 4691 2082 4738 tem.

2193 4685 2285 4739 καὶ
2310 4686 2469 4758 ἡμεῖς
2495 4686 2700 4759 ταύτην
2739 4686 2838 4759 τὴν
2869 4686 3070 4758 φωνὴν,
3123 4687 3412 4757 νοήσαντες
3447 4684 3511 4738 τὸ
3533 4683 3621 4753 τῆς
3641 4694 3722 4733 πα·

520 4774 670 4845 poris
695 4773 994 4844 plenitudo,
1029 4775 1230 4832 missus
1261 4789 1290 4829 a
1319 4773 1431 4831 Deo
1465 4782 1524 4831 ut
1548 4790 1615 4831 ex
1644 4775 1872 4831 muliere
1892 4788 2084 4829 nascc-

2193 4775 2528 4846 λιγγενεσίας
2556 4777 2800 4850 λουτρὸν,
2848 4777 2944 4832 καὶ
2983 4777 3306 4847 λουσάμενοι
3357 4775 3480 4830 κατ’
3507 4772 3625 4829 αὐτὸ
3646 4766 3720 4821 ἐπὶ

524 4870 695 4928 retur,
724 4861 980 4932 ﬁeretque
1010 4862 1110 4919 sub
1137 4862 1251 4934 lege
1267 4863 1336 4931 ⁸⁸,
1359 4862 1514 4934 quasi
1544 4863 1636 4934 qui
1665 4872 1812 4920 esset
1834 4862 1934 4917 sub
1963 4862 2083 4933 lege

2193 4868 2250 4921 τὺ
2274 4867 2523 4937 γενέσθαι
2554 4868 2659 4922 υίοὶ
2691 4866 2847 4933 Θεοῦ,
2875 4868 2969 4921 καὶ
3010 4865 3205 4938 μηκέτι
3232 4864 3524 4928 καλοῦντες
3543 4857 3722 4928 πατέρι

520 4949 734 5005 dicente
762 4967 778 5003 :
809 4947 1033 5004 Honora
1060 4959 1261 5019 patrem
1286 4959 1434 5006 tuum
1459 4960 1507 5006 et
1530 4960 1748 5004 matrem
1796 4958 1946 5003 tuam
1969 4987 1987 5014 ,
2029 4958 2087 5003 ut

2193 4959 2285 5012 ἐπὶ
2322 4959 2424 5031 τῆς
2463 4962 2567 5031 γῆς
2608 4958 2685 5030 τῷ
2713 4959 2819 5013 υἱοὶ
2846 4958 3124 5028 γεγονέναι
3150 4957 3246 5011 τοῦ
3292 4958 3353 5011 ἐν
3380 4960 3490 5021 τοῖς
3512 4949 3721 5025 οὐρανοῖς

522 5039 649 5095 bene
674 5038 741 5095 ait
779 5040 872 5094 tibi
901 5039 971 5104 ⁸⁸,
1000 5039 1200 5094 nullum
1255 5040 1418 5095 alium
1471 5040 1682 5096 habens
1711 5049 1944 5107 patrem,
1978 5039 2085 5094 nisi

2193 5051 2426 5123 Πατρὺς,
2456 5052 2551 5105 καὶ
2580 5050 2801 5120 ἀδελφοὶ
2825 5051 2919 5105 τοῦ
2949 5051 3222 5116 εἰπόντος·
3256 5050 3575 5119 Πορεύομαι
3598 5038 3719 5111 πρὸς

522 5129 692 5185 Deum
710 5129 1008 5197 cmicstem,
1026 5130 1227 5201 inquit:
1251 5129 1357 5187 Sed
1368 5130 1566 5184 honoro
1583 5139 1789 5201 patrem
1803 5145 1975 5184 meum
1993 5129 2083 5183 “'.

2193 5138 2297 5194 τὸν
2342 5139 2576 5210 Πατέρα
2614 5157 2757 5211 μου,
2807 5142 2907 5200 καί
2964 5141 3197 5210 Πατέρα
3233 5138 3423 5211 ὑμῶν,
3467 5135 3558 5195 καὶ
3596 5131 3719 5186 Θεόν

522 5225 776 5281 Dicemus
806 5238 936 5280 vero
955 5223 1120 5281 etiam
1151 5239 1249 5279 nos
1278 5224 1419 5280 hanc
1450 5237 1658 5287 vocem.
1685 5224 1731 5279 si
1765 5222 2084 5279 considera-

2193 5247 2324 5301 μου,
2359 5229 2459 5285 καὶ
2478 5229 2628 5288 Θεὸν
2655 5231 2841 5304 ὑμῶν.
2882 5232 3051 5304 Δῆλον
3078 5229 3190 5297 οὖν,
3214 5233 3295 5286 ὅτι
3324 5229 3614 5303 κυριώτατα
3640 5218 3719 5276 καὶ

520 5316 760 5370 verimus
798 5313 1225 5387 regenerationis
1246 5313 1547 5393 lavacrum,
1583 5311 1786 5383 totique
1816 5312 1870 5368 in
1904 5327 1991 5379 eo,
2026 5320 2088 5366 ut

2193 5321 2497 5377 τελειότατα
2546 5323 2793 5391 εἰπόντος
2836 5324 2931 5379 τοῦ
2989 5322 3161 5396 Ἰησοῦ
3177 5340 3192 5355 ·
3265 5322 3410 5393 Ἐγὼ
3451 5316 3719 5390 δαιμόνων

538 5492 557 5502 -
594 5453 640 5485 ⁸⁸
676 5453 864 5508 Matth.
894 5451 1063 5518 x,29.
1131 5450 1178 5485 δ’
1206 5450 1361 5507 Rom.
1396 5464 1477 5513 ιη,
1505 5451 1597 5506 εδ.
1670 5448 1834 5506 “Joh
1895 5465 2005 5516 xtv,
2027 5449 2081 5503 ι.

2193 5450 2372 5507 lEccl.
2408 5453 2619 5515 "1,21.
2685 5455 2770 5510 "l
2797 5454 2952 5512 loan.
2980 5472 3034 5518 ν,
3069 5455 3154 5512 18.
3247 5455 3296 5490 ⁸³
3317 5454 3474 5513 ιοω.
3512 5442 3710 5513 rtn,l9.

523 5522 570 5554 “
607 5521 761 5577 Rom.
791 5538 866 5585 rx,
896 5523 949 5577 l.
1016 5522 1063 5555 ⁸⁸
1092 5521 1212 5579 Gal.
1245 5521 1393 5587 tv,4.
1468 5521 1516 5554 “
1548 5520 1718 5577 Exod.
1748 5535 1841 5584 xx,
1874 5519 1984 5585 ης
2028 5519 2226 5589 Ephes.
2251 5538 2327 5589 vt,
2348 5523 2406 5579 2.
2479 5525 2551 5557 ⁸⁸⁵
2606 5522 2803 5582 Joann.
2830 5541 2951 5593 vm,
2976 5527 3069 5583 49.

2197 5642 2272 5715 μὴ
2298 5644 2499 5718 ,εῖέρῳο

603 5641 718 5713 (26)
748 5640 1031 5713 Ferrarius
1072 5641 1286 5713 videtur
1337 5642 1533 5713 legisse
1577 5639 1687 5696 τῶν
1740 5638 2085 5713 τιμωμένων,

2267 5699 2380 5791 '(28)
2404 5699 2545 5774 'tlzcc
2581 5715 2947 5788 supplevimus
2968 5729 2999 5775 c
3018 5715 3287 5777 Perionio.

529 5710 704 5766 deleta
737 5710 999 5780 particula
1042 5712 1292 5780 negativa
1319 5710 1413 5780 μήζ

601 5780 714 5853 (27)
737 5777 918 5834 Codex
945 5777 1164 5848 Regius,
1196 5777 1273 5848 τῷ
1304 5777 1400 5849 τὴν
1428 5779 1591 5853 τιμὴν
1621 5780 1718 5851 τὴν
1756 5778 1939 5850 τιμὴν,
1992 5780 2085 5834 καὶ
