3924 6196
211 323 324 378 eet
351 299 358 306 ’

1285 318 1643 378 COMMENT.
1686 319 1750 375 IN
1781 319 1975 376 JOAN.
2020 319 2255 376 TOMUS
2298 316 2412 372 XX.

3366 311 3470 366 662

206 444 331 497 οὐκ
373 442 512 510 ἔχω,
538 442 697 497 aue
727 442 868 512 τιμῶ
901 445 1007 498 τὸν
1031 442 1262 511 Πατέρα
1291 459 1431 512 [mw
1472 443 1521 494 οί
1558 439 1792 511 μιμηταὶ

1908 437 2202 494 eﬂiciamur
2228 436 2322 490 lilii
2353 434 2470 500 Dei,
2503 446 2609 487 non
2648 431 2876 502 amplius
2907 430 3222 485 vocabimus
3253 439 3463 497 patrem

199 530 404 596 αὐτοῦ,
437 531 669 596 ἕκαστος
712 536 852 590 κατὰ
898 535 1124 606 δύναμιν
1154 534 1332 588 πάντα
1368 533 1589 604 ἰσχύσας
1630 534 1687 586 ὲν
1719 531 1796 603 τῷ

203 623 604 694 ἐνδυναμοῦντι
654 625 812 680 αὐτὸν
859 627 1078 699 Χριστῷ
1118 626 1314 697 Ἰησοῦ,
1357 627 1451 680 καὶ
1482 627 1642 691 αὐτὸς
1684 629 1798 697 ἐρεῖ

201 713 273 768 τό
297 731 310 744 ·
361 715 510 786 Ἐγὼ
539 715 847 785 δαιμόνιον
873 721 984 772 οὐκ
1011 719 1148 788 ἔχω,
1176 717 1336 773 ἀλλὰ
1369 717 1510 788 τιμῶ
1544 716 1651 771 τὸν
1680 721 1798 772 Πα-

203 804 357 873 τέρα
376 823 519 876 μου.
578 807 674 872 Τίς
705 808 762 862 δὲ
811 812 1024 880 νεκροῖς
1051 810 1246 876 συνὼν,
1281 811 1374 864 καὶ⁵
1400 811 1457 864 ὲν
1502 810 1690 880 τάφοις
1720 811 1799 877 οἰ-

208 898 331 950 κῶν
374 896 627 970 δυνηθείη
679 899 746 953 ἂν
790 902 962 954 εἰπεῖν
995 901 1088 954 eo"
1154 899 1296 972 Ἐγὼ
1341 900 1646 970 δαιμόνιον
1683 901 1798 954 οὐκ

207 987 372 1056 ἔχου
405 987 439 1058 ἢ
469 988 556 1052 τίς
601 987 730 1043 ἄλλο
773 1007 827 1043 τι
861 989 1010 1062 παρά
1041 990 1134 1044 τὸν
1163 991 1317 1056 Θεδν,
1370 992 1464 1046 καὶ
1505 991 1598 1044 τὸν
1627 990 1798 1058 Λόγον

209 1080 410 1147 αὐτοῦ,
439 1082 533 1135 καὶ
562 1081 622 1135 τὸ
663 1082 767 1136 ὑπὸ
795 1082 890 1136 τοῦ
932 1083 1104 1151 Λόγου
1138 1082 1571 1154 προτασσόμενον
1601 1081 1797 1152 τιμῶν,

211 1174 397 1246 ἑτέρῳ
437 1174 536 1246 τὴν
575 1174 742 1246 τιμὴν
787 1173 980 1240 διδοὺς,
1006 1175 1123 1228 δέον
1153 1176 1252 1247 τὴν
1291 1173 1452 1246 τιμὴν
1491 1173 1800 1229 ἀποδιδόναι

210 1265 394 1336 αύτῷ,
424 1265 568 1319 εἴποι
598 1265 711 1337 (29)
746 1267 832 1332 ἂν,
862 1267 937 1330 ὠς
976 1266 1147 1336 Ἰησοῦ
1185 1265 1459 1337 μαθητής·
1500 1265 1685 1320 Ἀλλὰ
1719 1282 1802 1319 τι·

204 1355 313 1426 μῶ
359 1356 464 1410 τὸν
491 1356 725 1425 Πατέρα
756 1373 913 1428 μου;
965 1357 1119 1428 Ἑξῆς
1152 1355 1515 1420 ἐστι’τούτοις
1557 1356 1617 1408 τό
1640 1372 1652 1386 ⁸
1687 1357 1799 1410 Καὶ

211 1446 394 1517 ὑμεῖς
429 1447 728 1518 ἀτιμάζετέ
747 1466 844 1518 με,
878 1448 1162 1520 εἰρημένον
1190 1447 1326 1518 πρὸς
1349 1448 1475 1512 τοὺς
1499 1448 1802 1518 ἀτιμάσαν-

211 1555 324 1602 ea;
349 1538 528 1602 αὑτὸν,
561 1540 656 1593 καὶ
701 1537 852 1594 εἷπον
887 1539 1034 1610 αὐτῷ
1074 1539 1162 1594 τό⁸
1201 1541 1283 1594 Οὐ
1314 1539 1513 1606 καλῶς
1548 1540 1806 1611 λέγομεν

213 1629 416 1699 ⁴ἡμεῖς,
447 1630 534 1684 ὅτι
558 1632 926 1700 Σαμαρείτης
950 1627 1010 1684 εἴ
1028 1630 1130 1693 σὺ,
1158 1630 1255 1684 καὶ
1281 1630 1587 1700 δαιμόνιον
1607 1632 1768 1701 ἔχεις
1782 1648 1804 1695 ;

211 1718 498 1790 οἰηθέντες
525 1719 588 1774 τὸ
633 1720 821 1783 κακῶς
870 1719 1161 1791 εἰρημένον
1206 1718 1382 1782 καλῶς
1413 1718 1802 1790 λελαληκέναι’

212 1810 407 1875 κακῶς
433 1811 541 1882 γὰρ
561 1811 806 1875 νοοῦντες
829 1810 1171 1883 Σαμαρείτην
1197 1811 1289 1863 καὶ
1316 1810 1585 1882 δαιμόνιον
1608 1811 1800 1882 ἔχοντα

211 1901 314 1955 τὸν
369 1902 597 1973 Σωτῆρα
657 1901 1024 1973 ἀπεφήναντο.
1085 1900 1386 1972 Νομιστέον
1434 1901 1494 1954 δὲ
1545 1902 1638 1955 τό·
1691 1903 1802 1958 Καὶ

209 1992 394 2059 ὑμεῖς
417 1991 718 2061 ἀτιμάζετέ
741 2011 837 2063 με,
869 1994 989 2064 οὐχὶ
1033 1993 1126 2046 καὶ
1151 1992 1378 2056 ἐκείνοις
1425 1992 1607 2064 μόνοις
1654 1995 1806 2065 εἰρῆ-

211 2081 350 2140 σθαι
378 2086 518 2150 τότε,
554 2084 691 2139 ἀλλά
713 2086 805 2139 καὶ
832 2088 942 2149 τοῖς
971 2086 1057 2139 ἀεὶ
1081 2083 1424 2157 ἀτιμάζουσι,
1455 2085 1520 2138 δι’
1541 2077 1616 2139 ὧν
1642 2085 1807 2157 πράτ-

210 2193 379 2230 τουσι
425 2175 576 2245 παρὰ
617 2176 707 2229 τὸν
730 2175 886 2248 ὀρθὸν
920 2175 1096 2245 λόγον,
1129 2175 1221 2230 τὸν
1253 2174 1346 2229 τοῦ
1375 2175 1530 2239 Θεοῦ,
1577 2177 1669 2230 καὶ
1693 2177 1808 2228 ἀτι-

221 2266 481 2338 μάζουσι,
531 2267 595 2318 δι’
625 2261 701 2320 ὧν
743 2265 1008 2332 ἀδικοῦσι,
1055 2267 1147 2320 τὸν
1185 2265 1442 2338 Χριστὸν,
1477 2267 1535 2330 ὃς
1569 2267 1682 2319 ἐστι
1727 2266 1806 2319 δι-

220 2357 510 2430 καιοσύνη,
561 2358 655 2412 καὶ
704 2358 1050 2429 ἀτιμάζουσι,
1101 2358 1168 2412 δι’
1220 2351 1296 2413 ὧν
1339 2357 1480 2411 κατά
1503 2358 1806 2429 ἀδυναμίαν

219 2449 323 2500 καὶ
354 2447 634 2502 ἀσθένειαν
657 2445 980 2512 ἐπιτελοῦσι,
1010 2449 1107 2519 τὴν
1127 2448 1221 2502 τοῦ
1245 2447 1378 2502 Θεοῦ
1410 2447 1657 2519 δύναμιν,
1687 2449 1810 2518 ἦτις

215 2537 378 2591 ἐστὶν
400 2539 429 2590 ὁ
455 2540 646 2612 Σωτήρ
666 2557 679 2569 ο
708 2539 942 2610 Χριστὸς
961 2539 1068 2611 γὰρ
1091 2539 1224 2592 Θεοῦ
1254 2539 1501 2612 δύναμις.
1541 2541 1650 2593 Καὶ
1673 2556 1808 2594 παν-

212 2628 279 2680 τὶ
309 2626 366 2680 δὲ
406 2627 483 2699 τῷ
517 2629 881 2695 ὲξουδενοῦντι
923 2629 1114 2698 σοφίαν
1160 2629 1372 2702 λεχθείη
1407 2629 1472 2685 ἂν
1496 2630 1580 2683 τό·
1607 2627 1806 2700 ’Υμεῒς

211 2715 529 2788 ἀτιμάζετέ
573 2735 678 2788 με·
733 2717 962 2788 ἐπείπερ
992 2719 1226 2790 Χριστὸς
1268 2719 1362 2771 καὶ
1417 2716 1577 2786 σοφία
1624 2716 1804 2769 ἐστίν*

213 2809 359 2864 ἀλλά
389 2811 485 2863 καὶ
533 2810 581 2862 εἰ
624 2809 742 2864 δέον
765 2808 827 2862 τὸ
855 2809 913 2876 ἐξ
960 2808 1124 2863 αὐτοῦ
1161 2825 1279 2862 τινα
1308 2808 1445 2880 μετά
1469 2809 1685 2862 πάντων
1714 2810 1807 2862 ἀν-

217 2903 460 2976 θρώπων
507 2902 830 2975 εἰρηνεύειν,
868 2903 996 2956 ὥστ’
1022 2901 1088 2956 ἂν
1137 2903 1310 2955 εἰπεῖν
1360 2902 1422 2955 τὸ
1471 2901 1806 2976 προφητικὸν

219 3000 428 3050 ἐκεῖνο·
484 2995 647 3050 Μετὰ
695 2995 812 3048 τῶν
837 2995 1181 3064 μισούντων
1219 2992 1335 3061 τὴν
1368 2992 1617 3062 εἰρήνην
1644 2993 1806 3062 ἥμην

217 3088 546 3158 εἰρηνικὸς,
601 3088 693 3140 καὶ
747 3085 863 3140 δέον
912 3084 1236 3150 ἀναλαδετν,
1271 3084 1368 3156 τὴν
1433 3085 1806 3156 ὑπερέχουσαν

220 3181 364 3234 Θεοῦ
399 3180 573 3234 πάντα
605 3179 728 3232 νοῦν
776 3178 1016 3249 εἰρήνην,
1069 3175 1409 3248 φρουροῦσαν
1440 3177 1540 3248 τὴν
1582 3177 1806 3248 καρδίαν

225 3273 324 3324 καὶ
351 3270 418 3323 τὰ
453 3272 697 3341 νοήματα
729 3268 820 3322 τοῦ
856 3267 1203 3340 ἀνειληφότος
1236 3269 1424 3340 αὐτήν.
1479 3269 1541 3322 Εἰ
1568 3268 1624 3322 δὲ
1650 3269 1807 3323 πολε-

230 3361 390 3432 μικός
425 3359 537 3430 ('50)
565 3377 649 3424 τις
697 3359 803 3428 εἴη,
834 3360 928 3412 καὶ
966 3357 1198 3423 δάκνων,
1229 3357 1321 3409 καὶ
1358 3355 1801 3429 καταιτιώμενος,

229 3454 326 3506 καὶ
353 3450 649 3505 κατεσθίων
680 3449 772 3503 τὸν
803 3448 1048 3518 πλησίον,
1090 3448 1184 3500 καὶ
1235 3448 1661 3520 πεπληρωμένος
1703 3448 1804 3518 τῆς

227 3543 290 3596 ὲν
337 3542 413 3613 τῷ
445 3541 755 3613 ἡγεμονικῷ
789 3539 983 3594 ἑαυτοῦ
1031 3539 1269 3604 στάσεως
1299 3539 1407 3594 τῶν
1451 3539 1658 3605 παθῶν,
1711 3540 1807 3594 καὶ

228 3634 403 3704 τούτῳ
433 3633 500 3688 ἂν
545 3633 760 3704 λεχθείη
807 3633 902 3686 τό·
967 3631 1150 3702 Ὑμεῖς
1191 3631 1491 3701 ἀτιμάζετέ
1521 3650 1633 3702 με·
1672 3633 1806 3703 Χρι-

230 3725 355 3788 στὸς
387 3726 494 3797 γάρ
526 3726 672 3778 ἐστιν
705 3727 737 3795 ἠ
772 3725 962 3795 εἰρήνη
993 3723 1170 3795 ἡμῶν.
1209 3724 1329 3776 Ἔτι
1358 3722 1414 3777 δὲ
1441 3722 1670 3795 ἐπείπερ
1699 3725 1805 3788 πᾶς

231 3820 266 3872 ὁ
297 3815 500 3886 φαῦλα
529 3814 822 3884 πράσσων
843 3814 1013 3884 μισεῖ
1040 3813 1106 3867 τὸ
1129 3813 1274 3883 φῶς,
1305 3812 1403 3868 καί
1432 3816 1540 3868 οὐκ
1574 3815 1808 3884 ἔρχεται

231 3908 383 3977 πρὸς
408 3907 474 3960 τὸ
517 3906 660 3977 φῶς,
698 3906 812 3976 φῶς
832 3906 889 3959 δέ
928 3907 1076 3958 ἐστιν
1108 3909 1136 3960 ὁ
1163 3904 1331 3958 εἰπών
1355 3922 1369 3936 ο
1421 3905 1568 3975 Ἐγώ
1591 3908 1705 3976 εἰμι
1739 3907 1806 3960 τὸ

232 4000 357 4070 φῶς
379 3999 484 4054 τοῦ
507 4001 756 4069 κόσμου,
779 3998 956 4069 δῆλον,
983 3999 1064 4051 ὅτι
1099 3997 1275 4068 φαῦλα
1307 3997 1584 4068 πράσσων,
1613 3999 1809 4068 ἀτιμά-

233 4092 342 4158 ζων
370 4091 430 4145 τὸ
455 4091 588 4161 φῶς,
619 4089 872 4161 ἀτιμάζει
905 4089 1161 4160 Χριστὸν,
1190 4089 1283 4143 καὶ
1314 4087 1476 4152 αὐτὸς
1508 4089 1807 4162 ἀκουσόμε-

214 4202 320 4248 -νος
351 4184 410 4236 τό
429 4200 442 4214 ·
477 4181 586 4236 Καὶ
619 4181 788 4251 ὑμεῖς
827 4176 1128 4250 ἀτιμάζετέ
1163 4195 1258 4249 με.
1295 4179 1405 4232 Καὶ
1432 4179 1484 4232 τί
1514 4197 1580 4252 με
1608 4179 1688 4234 δεῖ
1716 4181 1808 4235 ἐπὶ

235 4275 394 4329 πλέον
431 4273 690 4345 μηκύνειν
727 4271 817 4326 τὸν
863 4271 1042 4340 λόγον,
1093 4271 1527 4338 ἀναπτύσσοντα,
1574 4273 1668 4326 καὶ
1693 4272 1804 4326 δει-

236 4364 434 4420 κνύντα
475 4363 618 4426 τίνες
645 4363 780 4416 εἰσὶν
827 4362 877 4416 οἱ
925 4361 1264 4432 ἐλεγχόμενοι
1316 4361 1421 4415 ὑπὸ
1469 4362 1563 4415 τοῦ
1609 4361 1806 4434 Ἰησοῦ,

1898 543 2060 598 Super
2095 538 2296 584 terram
2357 541 2422 582 eo
2471 523 2615 594 quod
2665 523 2794 578 lacti
2832 523 3093 578 fuerimus
3150 523 3242 576 lilii
3288 521 3470 576 Patris

1897 621 2138 677 caelestis
2161 621 2228 685 ⁵⁷,
2261 617 2570 686 fratresque
2601 616 2832 672 dicentis
2861 629 2876 668 :
2931 613 3077 668 Vada
3126 613 3194 667 ad
3255 611 3466 668 Patrem

1898 726 2093 775 meum,
2127 719 2174 764 et
2205 707 2420 763 Patrem
2445 713 2694 771 uestrum,
2717 713 2765 760 et
2789 703 2959 757 Deum
2996 718 3198 767 meum,
3228 711 3274 756 et
3301 701 3466 755 Deum

1897 811 2126 855 vestr-um
2167 800 2235 854 ⁸⁸.
2261 798 2624 866 Quamobrem
2657 794 3002 866 pchpicuum
3043 801 3126 849 est
3175 792 3317 862 quod
3345 806 3474 860 pro-

1898 892 2195 962 priissime,
2224 901 2278 946 et
2310 889 2707 961 perfectissime
2730 887 2947 944 dicente
2981 883 3108 940 Jesu
3137 903 3151 938 :
3200 882 3314 954 Ego
3367 883 3472 936 da:-

1898 985 2129 1040 monium
2157 1000 2260 1038 non
2284 983 2469 1050 habeo,
2492 983 2583 1037 sed
2606 983 2807 1036 honoro
2829 978 3044 1033 Patrem
3069 993 3272 1043 meum,
3307 989 3472 1030 unus-

1899 1076 2130 1147 quisque
2157 1084 2402 1131 nostrum
2437 1075 2685 1130 imitator
2707 1072 2847 1144 ejus,
2881 1069 3058 1141 quoad
3091 1068 3208 1124 ﬁeri
3248 1076 3422 1138 potest
3451 1106 3468 1133 ,

1899 1176 1953 1225 et
1975 1168 2159 1222 omnia
2178 1176 2371 1238 potens
2395 1167 2449 1222 in
2473 1166 2692 1222 Christo
2710 1163 2834 1220 Jesu
2853 1179 2973 1218 eum
2991 1161 3380 1218 eorroborante
3401 1159 3470 1226 ⁸³,

1901 1249 2146 1314 dicturus
2167 1257 2330 1313 etiam
2357 1267 2438 1313 est
2467 1277 2482 1314 :
2509 1256 2622 1328 Ego
2655 1257 2970 1310 daemonium
2997 1270 3098 1308 non
3113 1251 3469 1324 358habeo,

1901 1350 2285 1405 sedcohonesto
2310 1347 2526 1404 Patrem
2542 1345 3010 1404 meum.C:eterum
3029 1346 3150 1415 quis
3173 1347 3314 1398 inter
3331 1359 3474 1400 mor—
3554 1417 3562 1423 _

1905 1448 2030 1496 tuos
2053 1455 2303 1506 versans,
2343 1441 2395 1494 in
2431 1440 2806 1510 sepulcrisque
2833 1439 3085 1493 habitans
3115 1437 3293 1492 dicere
3319 1446 3474 1506 pote—

1901 1532 1976 1589 rit
2005 1551 2020 1588 :
2055 1531 2169 1602 Ego
2195 1533 2512 1586 dwmonium
2545 1547 2647 1586 non
2675 1531 2839 1584 habeo
2863 1531 2889 1584 ?
2917 1529 3001 1583 vel
3050 1529 3172 1598 quis
3201 1528 3473 1600 quidpiam

1903 1627 2048 1693 aliud
2075 1627 2353 1682 honorans
2385 1634 2590 1694 praeter
2615 1625 2805 1690 Deum,
2861 1623 3210 1694 Verbumque
3255 1623 3425 1693 ipsius
3457 1663 3473 1689 ,

1902 1734 1965 1773 ac
1991 1725 2190 1788 praeter
2219 1716 2274 1771 id
2309 1716 2450 1786 quod
2483 1730 2513 1768 a
2561 1715 2740 1770 Verbo
2771 1713 3082 1783 prmcipitur
3110 1713 3265 1768 alteri
3299 1715 3474 1770 hono-

1907 1825 2019 1866 rem
2050 1811 2316 1874 tribuens,
2343 1823 2465 1864 cum
2491 1793 2799 1862 sitnecesSe
2824 1806 3086 1860 honorem
3113 1806 3185 1861 illi
3213 1807 3474 1875 tribuere,

1906 1903 2152 1958 dicturus
2183 1909 2268 1956 est
2301 1909 2556 1972 tanquam
2593 1897 2720 1954 Jesu
2753 1897 3049 1968 discipulus
3078 1917 3090 1954 :
3127 1898 3230 1954 Sed
3275 1899 3476 1955 honoro

1907 1992 2120 2048 Patrem
2145 2009 2318 2048 meum
2336 1995 2362 2048 ἲ
2390 1992 2474 2048 cui
2505 1992 2650 2048 dicto
2675 1995 2984 2062 proximum
3013 2001 3096 2048 est
3123 1993 3226 2048 hoc
3257 2011 3270 2046 :
3295 1994 3361 2046 Et
3389 2010 3476 2048 uos

1907 2083 2193 2153 ignominia
2230 2098 2309 2137 me
2337 2082 2561 2152 efﬁcitis,
2595 2085 2738 2150 quod
2787 2082 2990 2136 dictum
3037 2090 3123 2137 cst
3152 2082 3218 2136 ad
3250 2097 3342 2136 eos
3381 2085 3478 2152 qui

1909 2173 2059 2228 illum
2091 2173 2428 2241 contemptui
2469 2171 2743 2225 habebunt
2769 2211 2784 2236 ,
2814 2173 3018 2240 quique
3052 2171 3127 2226 illi
3177 2172 3426 2227 dicebant
3460 2191 3473 2226 :

1911 2264 2102 2320 Nonne
2126 2266 2250 2320 bene
2273 2265 2498 2319 dicimus
2527 2280 2640 2328 nos,
2665 2266 2805 2333 quod
2841 2261 3214 2319 Samaritanus
3243 2281 3296 2319 es
3331 2274 3407 2332 tu,
3429 2271 3480 2319 et

1909 2355 2229 2408 damonium
2259 2355 2416 2409 habes
2439 2355 2466 2409 2’
2495 2355 2870 2411 existimantes
2890 2393 2905 2419 ,
2959 2356 3104 2426 quod
3155 2354 3294 2410 male
3325 2355 3477 2411 dixe-

1909 2453 2052 2510 rant,
2092 2459 2152 2501 se
2183 2445 2322 2502 bene
2350 2447 2554 2503 dixisse
2583 2464 2598 2501 :
2629 2443 2771 2501 male
2799 2445 2945 2502 enim
2973 2447 3275 2518 cogitantes
3309 2461 3480 2501 Clltttt-

1912 2537 2119 2592 tiarunt
2157 2536 2496 2594 Servatorem
2537 2539 2949 2594 Samaritanum
2975 2581 2991 2608 ,
3043 2548 3100 2595 et
3153 2540 3476 2595 daemonium

1907 2629 2222 2686 habentem.
2273 2629 2383 2686 Nec
2413 2646 2544 2687 vero
2584 2631 3010 2688 existimandum
3060 2640 3146 2687 est
3195 2631 3298 2687 illis
3351 2632 3480 2688 solis

1909 2731 2036 2778 tunc
2059 2723 2260 2778 dictum
2292 2721 2504 2781 fuisse:
2542 2724 2611 2779 Et
2665 2741 2752 2781 uos
2803 2725 3094 2795 ignominia
3133 2741 3214 2780 me
3249 2725 3477 2795 efﬁcitis,

1907 2815 2000 2869 sed
2039 2814 2122 2869 his
2149 2814 2314 2870 etiam
2354 2817 2445 2886 qui
2475 2826 2735 2886 perpetuo
2765 2817 3068 2883 Christum,
3093 2819 3183 2887 qui
3215 2827 3299 2872 est
3318 2819 3479 2887 justi-

1911 2903 2008 2970 tia,
2037 2903 2332 2974 ignominia
2365 2904 2604 2961 alliciunt
2649 2922 2747 2976 per
2771 2921 2834 2962 ea
2878 2920 2998 2976 qua:
3031 2907 3232 2976 injuste
3262 2917 3425 2978 agunt
3460 2923 3476 2973 ;

1908 3002 2075 3064 atque
2107 2997 2268 3049 etiam
2301 2995 2387 3050 his
2413 2995 2506 3065 qui
2554 2996 2846 3068 ignominia
2879 2997 3176 3067 potentiam
3225 2996 3318 3052 Dei
3359 2997 3479 3050 alli-

1908 3085 2084 3151 ciunt,
2115 3101 2234 3154 qua:
2266 3094 2348 3142 est
2377 3086 2638 3142 Servatur
2661 3088 2950 3158 (Christus
2979 3075 3122 3145 enim
3156 3100 3238 3144 est
3263 3089 3355 3145 Dei
3388 3107 3478 3160 po-

1912 3175 2078 3229 tentia
2111 3176 2216 3246 “),
2239 3190 2304 3228 ex
2341 3175 2426 3231 his
2458 3191 2578 3246 qua:
2607 3176 2844 3234 elliciunt
2897 3181 2950 3235 in
2983 3179 3266 3235 debilitate
3310 3190 3364 3234 et
3394 3181 3476 3232 iu-

1907 3265 2188 3323 lirmitate.
2214 3267 2353 3332 Quin
2377 3268 2543 3322 etiam
2578 3270 2886 3340 cuicunque
2923 3272 3196 3340 spernenti
3247 3269 3339 3325 Dei
3390 3285 3478 3323 sa-

1904 3356 2166 3426 pientiam
2194 3357 2405 3413 dicetur
2437 3375 2450 3413 :
2495 3356 2598 3414 Vos
2631 3360 2920 3430 ignominia
2951 3377 3030 3414 me
3057 3358 3284 3431 amcitia,
3313 3375 3480 3429 quan-

1906 3447 2195 3518 doquidem
2241 3449 2492 3505 Christus
2549 3451 2716 3506 etiam
2771 3460 2854 3508 est
2902 3452 3168 3522 sapientia
3197 3451 3240 3483 ⁸³
3277 3451 3478 3526 [atque

1907 3540 2067 3593 etiam
2098 3553 2202 3610 pax
2229 3539 2331 3612 “].
2357 3542 2508 3608 Quod
2538 3541 2583 3596 si
2612 3542 2879 3611 quispiam
2911 3551 2994 3597 est
3021 3556 3086 3597 ex
3115 3543 3254 3611 ipso,
3304 3543 3348 3596 is
3377 3557 3476 3612 pa-

1901 3647 2022 3688 cem
2053 3634 2216 3689 etiam
2249 3648 2374 3688 eum
2405 3633 2717 3689 hominibus
2739 3634 2988 3692 omnilets
3013 3631 3210 3686 habeat
3237 3641 3475 3700 oportet,

1907 3726 2044 3781 adeo
2073 3734 2131 3779 ut
2159 3726 2304 3780 dicat
2331 3726 2704 3796 propheticum
2743 3725 2874 3779 illud
2903 3742 2916 3778 :
2950 3723 3082 3778 Cum
3120 3725 3314 3793 his-qui
3354 3724 3478 3778 ode-

1908 3828 2028 3872 runt
2055 3833 2256 3888 pacem,
2292 3832 2437 3872 eram
2461 3815 2713 3886 paciﬁcus
2739 3815 2809 3880 ⁸³,
2848 3802 3169 3882 οριιέθιίυιη
3197 3824 3280 3870 est
3309 3824 3366 3870 ut
3395 3831 3479 3870 re-

1907 3908 2074 3978 cipiat
2127 3921 2319 3978 pacem
2369 3913 2718 3975 superantem
2774 3919 2988 3960 omnem
3044 3906 3136 3960 Dei
3180 3905 3476 3976 intelligen-

1910 3997 2039 4052 tiam
2058 3997 2123 4064 ⁸⁸,
2155 4011 2358 4067 corque
2375 3997 2772 4052 custodientem
2787 4006 3058 4054 etsensus
3081 3998 3198 4068 ejus
3229 3999 3319 4068 qui
3351 4013 3472 4053 eam

1909 4091 2204 4162 receperit.
2229 4089 2388 4157 Quod
2417 4091 2462 4145 si
2497 4090 2640 4160 quis,
2671 4091 2904 4146 bellandi
2945 4090 3194 4161 cupidus,
3232 4093 3478 4148 mordeat

1908 4181 2072 4238 etiam
2104 4181 2421 4251 incusetque
2439 4195 2503 4236 ac
2525 4181 2744 4238 devoret
2759 4181 3089 4253 proximum,
3115 4183 3292 4253 sitque
3311 4183 3472 4238 etiam

1907 4273 2582 4344 plenusperturbationis,
2631 4287 2794 4328 causa
2825 4272 3109 4328 seditionis
3159 4271 3474 4326 exsistentis

1910 4364 1964 4420 in
1996 4380 2094 4421 suo
2119 4366 2286 4437 ipsius
2309 4367 2506 4422 animae
2535 4365 2866 4438 principatu,
2892 4363 3019 4419 huic
3045 4363 3208 4418 etiam
3227 4362 3471 4416 dicetur:

235 4456 326 4510 καὶ
365 4455 648 4518 ἀκούοντες
680 4453 770 4508 ὑπ’
804 4452 963 4506 αὐτοῦ
1017 4453 1103 4506 τό·
1151 4453 1332 4523 Ὑμεῖς
1370 4453 1671 4525 ἀτιμάζετέ
1701 4473 1799 4525 με,

1918 4454 2018 4510 Vos
2041 4458 2326 4528 ignominia
2353 4474 2432 4515 me
2457 4459 2672 4529 afﬁcitis
2690 4477 2710 4514 :.
2731 4456 2973 4517 Christus
2991 4454 3132 4511 enim
3160 4461 3263 4522 pax
3291 4460 3476 4506 nostra

237 4547 416 4616 σαφῶν
448 4547 615 4599 ὅντων
647 4548 711 4600 ἐκ
731 4544 840 4598 τῶν
863 4544 1288 4615 ἀποδεδομένων,
1322 4546 1415 4599 καὶ
1439 4545 1546 4600 τῶν
1568 4547 1799 4618 δυναμέ-

233 4656 338 4694 νων
363 4636 569 4702 τούτοις
598 4635 904 4699 ἀκολούθως
931 4635 1110 4700 αύτοῖς
1145 4635 1529 4692 συνάπτεσθαι.

1907 4557 1989 4603 cst
2021 4548 2086 4603 “.
2114 4549 2328 4607 Rursus
2354 4552 2610 4622 quoniam
2635 4554 2725 4622 qui
2743 4553 2879 4607 male
2921 4552 3054 4622 agit,
3078 4544 3187 4603 odit
3213 4543 3402 4616 lucem,
3424 4554 3474 4602 et

1907 4657 2013 4694 non
2035 4642 2168 4695 venit
2199 4643 2268 4696 ad
2298 4642 2556 4709 lucem“,
2587 4643 2787 4710 luxque
2814 4651 2900 4698 est
2933 4643 3023 4696 ille
3042 4641 3136 4710 qui
3159 4641 3294 4696 dixit
3323 4659 3336 4694 :
3361 4640 3474 4711 Ego

237 4747 349 4786 sum
377 4731 469 4786 tua:
495 4731 683 4785 mundi
710 4729 796 4796 ⁸⁷,
827 4729 1173 4800 perspicuum
1206 4740 1292 4785 est
1344 4732 1488 4796 quod
1544 4729 1636 4801 qui
1687 4731 1828 4787 male
1881 4732 2013 4800 agit,
2068 4733 2361 4802 ignominia
2415 4735 2591 4789 lucem
2653 4731 2912 4798 alliciens,
2968 4731 3262 4801 ignominia
3307 4731 3470 4786 etiam

234 4823 504 4880 Christum
562 4822 794 4890 alliciat;
833 4823 1118 4878 auditurus
1166 4823 1372 4879 etiam:
1415 4823 1483 4878 Et
1517 4802 1618 4879 vos‘
1655 4826 1948 4895 ignominia
1998 4842 2079 4881 me
2146 4827 2368 4896 afﬁcilis.
2405 4828 2470 4882 Et
2499 4827 2629 4898 quid
2674 4842 2807 4896 opus
2858 4835 2942 4882 est
2989 4825 3042 4880 in
3089 4825 3307 4895 longum
3351 4841 3476 4892 pro-

237 4916 448 4971 trahere
471 4915 1186 4985 sermonem,explicantem
1247 4927 1302 4973 et
1345 4921 1711 4975 ostendentem
1739 4922 1960 4991 quinam
2001 4921 2111 4976 sint
2161 4922 2253 4992 qui
2305 4938 2335 4976 a
2380 4922 2506 4978 Iesu
2568 4922 2984 4992 redarguautur,
3016 4928 3071 4975 et
3113 4919 3205 4991 qui
3247 4921 3354 4975 sint
3383 4923 3472 4989 qui

239 5009 456 5064 audiant
493 5010 560 5065 ab
590 5009 753 5080 ipso:
816 5006 916 5065 Vos
963 5011 1248 5081 ignominia
1290 5028 1372 5067 me
1414 5012 1653 5083 efﬁcitis,
1696 5029 1819 5071 cum
1863 5015 2135 5072 manifesti
2193 5017 2301 5073 sint
2327 5033 2394 5074 cx
2437 5017 2522 5074 bis
2549 5031 2666 5088 qua:
2689 5016 3061 5088 explicuimus,
3084 5024 3139 5070 et
3163 5029 3231 5070 ex
3254 5015 3336 5069 his
3358 5030 3475 5084 qua:

240 5103 320 5157 bis
349 5111 745 5170 consequenter
769 5100 1028 5173 conjungi
1065 5111 1291 5171 possunt
1326 5103 1350 5158 ?

303 5195 389 5250 50.
419 5195 572 5250 Μετά
607 5194 780 5249 ταῦτα
822 5195 1018 5267 ἴδωμεν
1059 5196 1112 5250 τί
1141 5197 1258 5251 ἐστι
1299 5196 1388 5252 τό·
1458 5199 1605 5272 Ἐγὼ
1637 5200 1706 5255 δὲ
1735 5203 1808 5257 οὐ

305 5377 346 5452 ξ’(
380 5375 570 5452 Matth.
595 5393 754 5452 χχιιι,
784 5379 838 5452 9.
871 5378 1140 5452 _f‘°__.loan.
1182 5397 1275 5452 xu,
1312 5382 1398 5436 l7.
1475 5384 1521 5416 ⁸³
1549 5382 1745 5452 Philip.
1774 5396 1844 5452 ιν,
1875 5381 1962 5452 15.

1989 5200 2154 5273 359
2177 5200 2268 5256 50.
2299 5199 2427 5256 Post
2449 5201 2564 5256 bmc
2589 5199 2867 5254 videamus
2890 5196 3018 5267 quid
3041 5196 3144 5252 sit:
3171 5202 3281 5264 lt'go
3301 5205 3471 5247 autem

2062 5381 2105 5413 '°
2146 5379 2165 5433 l
2200 5379 2326 5435 Cor.
2384 5396 2423 5446 ι,
2466 5379 2601 5449 24._
2638 5370 2850 5432 “ibid.
2930 5377 3202 5449 "Apres.
3249 5393 3328 5445 tt,
3384 5378 3472 5434 Η.

245 5447 284 5478 ⁵³
314 5446 452 5502 Psal.
479 5463 628 5514 cur,
660 5449 713 5503 7.
787 5448 833 5480 “
867 5448 1064 5520 Philip.
1106 5465 1177 5514 tv,
1213 5446 1269 5508 7.
1347 5453 1392 5485 ⁵⁵
1413 5452 1612 5523 Epltes.
1655 5446 1714 5521 ιι,
1743 5450 1803 5504 14

1909 5450 1954 5482 ⁸⁸
2007 5449 2165 5505 Joan.
2218 5465 2302 5516 ιιι,
2333 5449 2426 5504 20.
2505 5449 2547 5480 ⁸⁷
2574 5447 2733 5503 Joau.
2765 5461 2886 5514 vui,
2925 5446 3016 5502 12.

245 5697 265 5716 θ
290 5629 416 5714 ~('29)
443 5629 625 5716 codex
659 5629 888 5716 Regius,
906 5630 1070 5716 male,
1097 5631 1216 5688 δέον
1245 5632 1324 5706 τῷ
1351 5632 1449 5706 τὴν
1477 5634 1641 5707 τιμὴν
1665 5636 1799 5690 ἁπο-

240 5702 428 5755 διδόναι
455 5702 646 5772 αὐτὴν,
671 5702 834 5768 εἴποι,
868 5710 975 5758 etc.

1982 5630 2095 5702 (50)
2125 5629 2272 5687 Idem
2323 5628 2494 5687 codex
2543 5627 2766 5700 Regius,
2821 5628 2996 5696 male,
3041 5629 3097 5685 '0
3141 5629 3197 5684 δὲ
3247 5635 3472 5703 πολεμι-

1909 5704 2021 5766 κός.
