3866 6200
432 287 562 349 .567

1929 285 2089 343 ORIG
2099 285 2251 344 ENIS
3568 296 3655 351 σεε

453 396 875 470 Ιοᾳυθιισρςυίο
905 398 1161 455 donasset
1202 397 1383 455 lucem
1423 397 1793 463 audientibus,
1825 398 2029 455 diceret

2133 398 2237 451 τὸν
2266 397 2471 464 αἰῶνα,
2502 398 2579 463 ὡς
2610 399 2663 452 εἰ
2694 400 3058 472 χαρισάμενος
3086 400 3117 456 ό
3148 396 3317 456 ταῦτα
3355 402 3523 475 λέγων
3559 406 3655 477 φῶς

462 489 609 546 illis:
654 489 712 545 Si
749 492 873 560 quis
905 503 1081 543 meam
1121 488 1264 544 hanc
1310 490 1609 544 servaverit
1649 488 1845 557 lucem,
1880 499 2029 546 tene-

463 580 594 644 bras
617 597 719 636 non
752 579 957 636 videbit
994 579 1047 635 in
1071 590 1357 636 aeternum.
1395 578 1530 636 Nam
1561 581 1677 637 ﬁeri
1712 598 1816 638 nou
1852 590 2031 652 potest

461 681 518 726 ut
547 670 788 725 tenebrae
818 669 1071 724 oriantur
1110 670 1187 726 illi
1244 672 1338 741 qui
1385 682 1575 729 servat
1624 674 1763 730 hanc
1807 674 2028 742 lucem;

460 762 610 831 atqui
639 760 686 816 si
719 761 860 817 hanc
890 761 1068 818 lucem
1122 764 1246 833 quis
1296 765 1620 835 perdiderit,
1669 765 1911 822 futurum
1947 776 2033 823 est

460 861 517 907 ut
548 867 669 907 mox
701 854 826 909 talis
852 854 1321 914 videattenebras.
1354 857 1462 914 Isto
1489 858 1653 928 igitur
1678 860 1836 914 modo
1862 860 2029 915 etiam

460 943 568 997 vita
604 941 747 998 facta
798 954 884 1000 est
930 945 983 1000 in
1035 944 1325 1011 Sermone,
1374 947 1467 1018 qui
1509 949 1564 1002 in
1597 948 1865 1020 principio
1914 960 2033 1006 erat

460 1034 602 1102 apud
633 1033 799 1089 Deum
837 1035 906 1089 ⁸⁸.
948 1035 1217 1104 Quocirca
1264 1039 1617 1109 principium,
1663 1040 1766 1095 hoc
1811 1050 1896 1095 est
1937 1042 2034 1096 Sa-

459 1125 687 1198 pientia,
723 1142 844 1197 quae
874 1128 1044 1183 dicit:
1076 1128 1212 1185 Deus
1248 1131 1439 1185 crearit
1477 1148 1557 1186 me
1586 1132 1798 1187 initium
1826 1133 2031 1193 viarum

460 1234 676 1272 suarum
701 1219 770 1272 ad
798 1235 957 1288 opera
985 1219 1099 1290 ejus
1122 1221 1189 1287 “,
1218 1221 1286 1276 de
1326 1235 1578 1279 sermone
1625 1223 1678 1279 in
1724 1223 1901 1294 seipsa
1934 1240 2033 1280 es-

460 1306 714 1373 sistente,
747 1309 800 1364 in
830 1324 936 1379 quo
972 1311 1114 1366 facta
1141 1322 1224 1368 est
1256 1312 1392 1379 vita,
1420 1314 1639 1369 docebit
1659 1324 1715 1371 et
1749 1314 1934 1370 dicet:
1966 1314 2032 1372 Si

458 1403 578 1469 quis
604 1417 893 1457 sermonem
934 1420 1106 1458 meum
1134 1406 1442 1470 servaverit,
1485 1415 1710 1461 mortem
1742 1423 1846 1462 non
1889 1409 2032 1464 vide-

462 1492 535 1546 bit
566 1492 624 1547 in
650 1503 944 1550 mternum:
968 1494 1178 1565 pariter
1203 1495 1348 1550 enim
1378 1496 1621 1553 servabit
1667 1497 1789 1568 quis
1820 1512 2029 1554 sermo-

462 1597 585 1637 nem
634 1595 691 1639 et
739 1583 903 1638 vitam
936 1583 989 1638 in
1029 1585 1150 1655 ipso
1185 1585 1408 1652 factam,
1450 1586 1522 1641 ab
1552 1588 1773 1658 ipsoque
1815 1589 2031 1661 insepa-

462 1672 712 1738 rabilem,
740 1688 861 1743 qua:
881 1675 1045 1729 etiam
1078 1676 1186 1730 vita
1219 1675 1306 1730 lux
1335 1685 1420 1731 est
1450 1676 1728 1732 hominum
1752 1678 1938 1736 lucens
1974 1682 2027 1736 in

463 1761 727 1826 tenebris,
756 1772 812 1818 et
847 1764 918 1818 ab
947 1762 1079 1834 ipsis
1110 1779 1217 1818 non
1265 1765 1605 1835 apprehensa
1655 1766 1724 1823 ".
1765 1767 1822 1823 Si
1866 1768 2032 1839 igitur

462 1849 627 1904 veluti
669 1861 1030 1923 percunctans
1058 1852 1328 1923 Propheta
1355 1855 1543 1911 dicat:
1587 1855 1720 1922 Quis
1760 1869 1837 1913 est
1875 1861 2029 1916 homo

462 1941 553 2005 qui
583 1942 733 2008 vivet,
763 1951 934 2000 etnon
959 1945 1147 2000 videbit
1177 1954 1397 2000 mortem
1412 1945 1506 2000 "1
1534 1950 1977 2019 respondebimus
1998 1969 2031 2009 a

347 2094 357 2117 '
464 2030 753 2090 Servatore
788 2043 974 2091 nostro
1000 2036 1198 2102 edocti,
1234 2045 1285 2092 et
1313 2036 1556 2095 dicemus
1585 2060 1600 2096 :
1630 2040 1723 2096 Ille
1754 2044 1916 2100 homo
1951 2047 2032 2101 vi-

462 2134 573 2189 vet,
605 2134 660 2179 et
692 2141 800 2182 non
837 2127 1043 2184 videbit
1094 2138 1348 2195 mortem,
1381 2131 1472 2201 qui
1504 2144 1688 2189 servat
1726 2150 2030 2194 sermonem

461 2213 733 2271 dicentis:
763 2215 824 2270 Si
859 2218 975 2289 quis
1008 2236 1298 2275 sermonem
1327 2240 1501 2280 meum
1538 2229 1848 2292 servaverit,
1887 2245 2034 2283 mor-

461 2316 563 2358 tem
590 2322 693 2361 non
725 2309 912 2364 videbit
963 2310 1019 2365 in
1073 2321 1352 2369 wternum.
1398 2315 1511 2372 Hoc
1558 2317 1611 2371 in
1656 2317 1775 2374 loco
1827 2321 2034 2389 pariter

461 2412 647 2466 quer
679 2415 804 2454 num
842 2400 984 2457 forte
1016 2403 1364 2472 vocabulum,
1388 2407 1443 2462 in
1469 2418 1750 2477 wternum,
1820 2410 2030 2467 intelli-

462 2491 692 2559 gendum
722 2494 794 2549 sit
819 2497 1212 2552 communiter:
1245 2508 1305 2552 ut
1340 2507 1509 2555 totum
1556 2501 1631 2557 sit
1684 2503 2028 2573 huiusmodi:

463 2582 519 2635 Si
551 2583 675 2652 quis
712 2599 1018 2640 sermonem
1058 2603 1239 2643 meum
1271 2593 1579 2648 servaverit
1631 2593 1686 2648 in
1734 2604 2028 2663 aeternum,

460 2685 688 2732 mortem
717 2694 824 2733 non
854 2679 1061 2734 videbit
1091 2681 1143 2736 iu
1175 2692 1461 2739 aeternum.
1496 2686 1721 2744 Videtur
1747 2689 1892 2746 enim
1933 2691 2034 2748 ali-

463 2768 583 2835 quis
610 2770 797 2824 tandiu
828 2785 933 2825 non
972 2772 1158 2830 videre
1178 2785 1434 2842 mortem,
1458 2777 1695 2849 quandiu
1726 2794 2032 2839 sermonem

467 2869 645 2912 servat
672 2857 798 2915 Jesu
827 2860 1023 2927 ;simnl
1048 2864 1194 2919 enim
1221 2875 1387 2936 atque
1408 2869 1534 2940 quis
1558 2884 1683 2926 eum
1712 2872 2032 2943 perdiderit,

461 2950 625 3022 362
657 2962 885 3009 mortem
917 2957 1081 3012 etiam
1108 2960 1266 3017 vidit.
1304 2961 1456 3028 Quod
1499 2964 1545 3019 si
1599 2980 1884 3024 recurrere
1909 2969 2036 3040 quis

2131 487 2243 549 τοῖς
2296 484 2602 551 ἀκούουσιν,
2658 486 2893 556 ἔφασκεν
2922 487 3136 552 αὐτοῖς’
3188 487 3310 543 Ἐάν
3343 506 3424 554 τις
3460 489 3517 544 τὸ
3550 493 3656 562 ἐμὸν

2129 574 2289 631 τοῦτο
2318 578 2537 654 τηρήσῃ
2568 577 2705 648 φῶς,
2765 577 2957 638 σκότος
2998 579 3062 632 οὐ
3100 578 3176 651 μὴ
3209 577 3453 653 θεωρήσῃ
3488 583 3560 644 εἰς
3584 582 3658 636 τὸν

2130 667 2318 722 αξῶνα’
2354 669 2615 724 ἀδύνατον
2648 669 2759 742 γὰρ
2789 670 3045 740 γενέσθαι
3096 670 3288 736 σκότος
3325 670 3400 744 τῷ
3437 672 3658 745 τηροῦντι

2128 759 2190 814 τὸ
2232 760 2349 831 φῶς
2370 777 2391 794 ⁸
2438 763 2487 816 εἰ
2543 762 2790 834 μέντοιγε
2840 764 3103 819 ἀπολέσαι
3129 782 3214 829 τις
3245 764 3398 819 τοῦτο
3434 765 3493 820 τὸ
3530 768 3663 837 φῶς,

2129 851 2318 906 ἕπεται
2347 851 2423 924 τῷ
2447 851 2814 909 ἀπολωλεκότι
2840 854 3041 919 εὐθέως
3073 854 3197 909 ἰδεῖν
3224 856 3286 910 τὸ
3308 854 3511 920 σκότος.
3535 855 3666 913 Οὕτω

2128 943 2306 996 τοίνυν
2334 944 2428 998 καὶ
2456 944 2515 997 ὲν
2545 944 2623 1016 τῷ
2651 945 2810 1018 Λόγῳ
2837 947 2895 999 ὲν
2923 947 3067 1018 ἀρχῇ
3115 946 3253 1017 πρὸς
3275 946 3360 1000 τὸν
3383 946 3512 1001 Θεὸν
3534 947 3663 1018 γέγο-

2130 1050 2219 1088 νεν
2257 1035 2291 1104 ή
2337 1031 2473 1105 ζωή·
2507 1034 2697 1108 διόπερ
2731 1038 2764 1108 ή
2803 1035 2991 1108 ἀρχὴ,
3025 1036 3304 1090 τουτέστιν
3338 1038 3373 1108 ή
3426 1037 3663 1110 Σοφία,ή

2129 1124 2389 1194 λέγουσασ
2456 1127 2521 1180 '0
2571 1126 2715 1193 Θεὸς
2759 1127 2966 1182 ἔκτισέ
3002 1144 3082 1198 με
3106 1126 3303 1198 ἀρχὴν
3327 1126 3472 1182 ὀδοῦ
3510 1128 3664 1184 αὑτοῦ

2131 1218 2220 1283 εἷς
2245 1215 2391 1286 ἔργα
2417 1216 2624 1281 αὑτοῦ,
2662 1218 2791 1293 περὶ
2825 1219 2918 1273 τοῦ
2953 1220 3010 1273 ἐν
3043 1220 3182 1291 αὐτῇ
3213 1219 3383 1288 λόγου-
3405 1221 3462 1274 ὲν
3510 1211 3550 1287 ᾧ
3590 1234 3663 1289 γε-

2130 1325 2286 1378 γονεν
2308 1311 2343 1381 ὴ
2374 1307 2511 1381 ζωὴ,
2561 1309 2786 1375 διδάξει,
2821 1311 2916 1364 καὶ
2931 1311 3112 1382 φήσει·
3145 1310 3287 1365 Ἐάν
3304 1327 3392 1377 τις
3426 1310 3528 1365 τὸν
3550 1309 3667 1380 ἐμὸν

2128 1396 2316 1466 λόγον
2340 1396 2594 1466 τηρήσῃ,
2611 1396 2951 1454 θάνατονοὺ
2965 1398 3051 1469 μὴ
3076 1397 3347 1468 θεωρήσῃ
3358 1402 3445 1467 εἰς
3456 1396 3670 1454 tereti;-

2129 1502 2229 1539 ra°
2264 1484 2380 1557 ἅμα
2408 1486 2518 1559 γὰρ
2546 1489 2767 1563 τηρήσῃ
2808 1507 2892 1554 τις
2936 1490 3028 1545 τὸν
3078 1490 3271 1559 λόγον,
3304 1492 3400 1545 καὶ
3430 1490 3524 1563 τήν
3550 1489 3669 1561 ἀχώ-

2133 1595 2318 1650 ριστον
2351 1578 2518 1632 αὐτοῦ
2572 1580 2869 1653 ⁹πενομένην
2904 1583 2963 1635 ὲν
3003 1582 3154 1657 αὑτῷ
3205 1580 3375 1656 ζωὴν,
3422 1584 3536 1654 ἣτις
3576 1583 3671 1656 ἅμα

2133 1669 2230 1723 καὶ⁵
2258 1668 2377 1739 φῶς
2401 1670 2521 1724 ἐστι
2545 1671 2656 1724 τῶν
2691 1671 3013 1745 ἀνθρώπων,
3042 1673 3104 1726 τὸ
3143 1673 3201 1726 ὲν
3236 1675 3305 1744 τῇ
3340 1674 3527 1747 σκοτίᾳ
3570 1678 3672 1745 φαίο

2063 1736 2106 1795 Β
2131 1774 2242 1822 νον,
2271 1736 2372 1812 *καὶ
2399 1758 2475 1832 μὴ
2505 1736 3060 1833 καταλαμϐανόμενον
3093 1761 3187 1814 ὑπ’
3212 1736 3407 1834 αθτῆς.
3454 1736 3673 1818 Ἐ’ὰνόὗν

2130 1849 2294 1904 οἱονεὶ
2340 1849 2741 1923 πυνθανόμενος
2779 1853 2808 1905 ό
2863 1852 3158 1925 Προφήτης
3206 1853 3379 1925 λέγῃ·
3413 1854 3506 1920 Τίς
3536 1854 3675 1910 ἐστιν

2131 1941 2440 2013 ἅνθρωπος
2471 1941 2541 2010 ὃς
2576 1941 2834 2009 ζήσεται,
2875 1944 2971 1999 καὶ
3005 1945 3117 1999 οὐκ
3163 1945 3379 2015 ὄψεται
3417 1945 3675 2009 θάνατονς

2133 2031 2575 2106 ἀποκρινούμεθα
2590 2034 2700 2104 (57)
2719 2033 2983 2106 μαθόντες
3013 2035 3120 2089 ἀπὸ
3142 2034 3236 2088 τοῦ
3263 2035 3513 2107 Σωτῆρος
3528 2035 3675 2107 ήμῶν,

2132 2127 2226 2180 καὶ
2256 2124 2509 2200 ἐροῦμεν,
2543 2128 2626 2182 ὃτι
2657 2127 2945 2200 ἄνθρωπός
3003 2130 3173 2193 ἐστιν,
3205 2129 3267 2194 ὃς
3316 2130 3566 2202 ζήσεται,
3604 2132 3675 2184 καὶ

2131 2218 2231 2271 οὐκ
2263 2217 2450 2290 ὄψεται
2473 2218 2721 2286 θάνατον,
2753 2219 2813 2284 ὃς
2836 2223 2995 2292 τηρεῖ
3014 2221 3104 2275 τὸν
3130 2221 3287 2291 λόγον
3315 2220 3413 2275 τοῦ
3439 2222 3679 2285 εἰπόντος’

2146 2309 2288 2365 Ἐάν
2317 2328 2408 2378 τις
2438 2311 2544 2366 τὸν
2566 2311 2715 2382 ἐμὸν
2740 2313 2927 2383 λόγον
2955 2311 3214 2382 τηρήσῃ,
3237 2311 3498 2369 θάνατον’
3523 2314 3588 2367 οὑ
3607 2310 3677 2383 μὴ

2133 2399 2405 2471 θεωρήσῃ
2439 2403 2528 2467 εις
2550 2398 2657 2454 τὸν
2675 2399 2878 2459 «Mira.
2916 2402 3065 2474 "Atta.
3093 2402 3149 2456 δὲ
3176 2403 3235 2456 ὲν
3265 2402 3351 2474 τῷ
3387 2403 3531 2474 τόπῳ
3559 2401 3679 2473 ζητῶ

2139 2492 2354 2565 μήποτε
2381 2492 2442 2547 τὺ
2483 2495 2572 2561 εὶς
2598 2482 2705 2548 τὸν
2733 2492 2937 2558 αἰῶνα,
2964 2495 3071 2549 ἀπὸ
3093 2494 3273 2548 κοινοῦ
3292 2494 3546 2567 ληπτέον,
3568 2494 3675 2547 ὥστ’

2134 2578 2201 2635 ἂν
2228 2575 2368 2636 εἷναι
2411 2580 2653 2636 τοιοῦτον
2699 2582 2760 2636 τὸ
2799 2580 2939 2637 ὅλονσ
2975 2582 3101 2637 Ἐάν
3131 2601 3215 2648 τις
3245 2582 3343 2637 τὸν
3385 2584 3514 2654 ἐμὸν
3551 2581 3680 2650 λόγον

2132 2672 2347 2744 τηρήσῃ
2404 2674 2486 2736 εἰς
2534 2671 2625 2727 τὸν
2677 2672 2852 2727 αἰῶνα
2880 2712 2895 2738 ,
2931 2672 3159 2728 θάνατον
3207 2673 3270 2728 οὐ
3310 2675 3393 2746 μὴ
3439 2673 3679 2747 θεωρήσῃ.

2133 2764 2243 2819 Καὶ
2274 2760 2383 2838 γὰρ
2414 2764 2589 2820 ἔοικεν
2614 2766 2709 2820 ἐπὶ
2731 2765 2984 2820 τοσοῦτόν
3007 2783 3093 2830 τις
3123 2765 3197 2839 μὴ
3232 2765 3462 2839 θεωρεῖν
3492 2768 3574 2821 τὸν
3600 2766 3681 2820 θά-

2134 2873 2314 2926 νατον,
2347 2859 2470 2913 ὅσον
2494 2861 2635 2932 τηρῇ
2665 2858 2759 2912 τὸν
2792 2857 2886 2912 τοῦ
2925 2858 3098 2930 Ἰησοῦ
3132 2858 3310 2927 λόγον’
3354 2861 3469 2931 ἅμα
3491 2859 3588 2932 γάρ
3613 2876 3689 2921 τις

2132 2948 2415 3004 ἀπώλεσεν
2444 2949 2630 3014 αὐτὸν,
2669 2950 2764 3004 καὶ
2801 2949 3028 3005 θάνατον
3073 2948 3409 3023 ἐθεώρησεν.
3442 2951 3503 3005 El
3531 2952 3583 3005 δὲ
3607 2951 3682 3005 καὶ

462 3053 640 3114 potest
686 3045 753 3101 ad
807 3046 1192 3116 profundiores
1241 3054 1501 3119 rationes,
1566 3065 1623 3112 et
1683 3039 2029 3115 considerare

2136 3040 2454 3114 ἀνατρέχειν
2476 3058 2559 3106 τις
2585 3040 2809 3095 δύναται
2845 3040 2938 3096 ἐπὶ
2963 3041 3091 3105 τοὺς
3123 3039 3455 3115 βαθυτέρονς
3480 3042 3647 3112 λόγους
3668 3081 3682 3105 ,

462 3136 737 3203 quomodo
772 3138 985 3194 dicatur
1011 3140 1080 3195 ab
1114 3141 1370 3200 homine:
1409 3144 1476 3199 Et
1506 3147 1561 3201 iu
1587 3149 1849 3218 pulverem
1892 3168 2036 3207 mor-

464 3224 533 3278 tis
561 3226 832 3282 adduxisti
868 3246 950 3285 me
975 3232 1044 3299 ”,
1068 3243 1122 3289 et
1161 3251 1190 3289 a
1225 3236 1392 3292 Paulo
1433 3257 1449 3295 :
1487 3240 1623 3308 Quis
1667 3258 1750 3298 me
1792 3244 2034 3301 liberabit

461 3329 528 3369 ea:
563 3331 779 3385 corpore
819 3319 917 3374 hoc
959 3325 1175 3379 mortali
1189 3325 1237 3359 “
1263 3322 1287 3374 ?
1315 3327 1511 3384 videbit
1558 3332 1720 3387 etiam
1765 3337 2035 3404 quomodo

462 3408 703 3474 quandin
737 3422 986 3469 servatus
1040 3414 1205 3472 fuerit
1249 3433 1451 3487 sermo,
1501 3424 1687 3479 tandiu
1732 3440 1878 3482 mors
1920 3427 2032 3484 visa

464 3512 571 3551 non
606 3497 771 3554 fuerit
805 3503 873 3558 ab
901 3518 988 3572 eo,
1015 3507 1107 3577 qui
1141 3507 1318 3578 ipsum
1358 3514 1594 3569 servarit
1616 3531 1631 3568 :
1655 3524 1712 3570 et
1740 3519 2032 3586 quomodo,

465 3601 586 3640 cum
617 3591 739 3660 quis
766 3608 915 3659 :egre
939 3599 1233 3656 attendens
1263 3602 1631 3660 observationi
1657 3609 1946 3674 sermonis,
1981 3619 2036 3665 et

463 3679 607 3735 circa
637 3680 754 3750 ejus
786 3689 1089 3744 custodiam
1116 3694 1394 3766 negligens
1423 3695 1632 3763 factus,
1655 3713 1778 3753 eum
1807 3703 2037 3758 cessarit

463 3772 756 3841 custodire,
799 3784 926 3834 tunc
955 3790 1187 3837 mortem
1230 3784 1452 3852 viderit,
1500 3801 1609 3842 non
1656 3789 1796 3860 apud
1845 3791 2033 3854 alium.

462 3874 625 3929 quam
655 3866 793 3933 apud
833 3869 1095 3938 seipsum.
1121 3873 1200 3927 Ae
1228 3875 1471 3944 profecto
1512 3878 1704 3948 dogma
1747 3878 2036 3952 legemque

436 3952 850 4021 sempiternam
903 3962 1236 4018 censendum
1277 3974 1362 4020 est
1418 3967 1521 4023 hoc
1562 3984 1720 4035 esse,
1775 3984 2036 4041 perpetuo

465 4038 753 4094 dicendum
782 4058 903 4099 esse
940 4047 1024 4102 his
1072 4050 1164 4118 qui
1211 4054 1516 4122 receperint
1569 4038 1932 4116 sermonem:
1974 4060 2034 4117 Si

462 4129 580 4198 quis
614 4146 906 4188 sermonem
933 4153 1105 4193 meum
1123 4146 1424 4209 servaverit,
1454 4159 1675 4203 mortem
1709 4167 1814 4206 non
1840 4153 2034 4208 videbit

463 4225 520 4278 in
549 4234 803 4281 internum
827 4227 895 4286 ιι.
931 4228 998 4286 Ut
1024 4243 1229 4298 autem,
1263 4246 1321 4291 ut
1345 4237 1418 4292 ita
1450 4239 1648 4306 dicam,
1680 4244 1883 4301 diutius
1906 4247 2036 4302 visa:

466 4318 708 4372 tenebrae
760 4319 931 4374 aciem
976 4321 1122 4378 illius
1164 4325 1259 4394 qui
1313 4328 1510 4383 viderit
1564 4332 1891 4401 obtundunt,
1954 4337 2036 4394 sic

2136 3132 2231 3187 καὶ
2271 3135 2413 3187 νοεῖν
2456 3134 2573 3198 πῶς
2621 3133 2728 3187 ὑπὸ
2773 3133 3060 3207 ἀνθρώπου
3098 3133 3297 3202 λέγοιτ’
3346 3135 3417 3190 ἂν
3464 3135 3548 3188 τό·
3596 3137 3684 3200 Εἰς

2135 3221 2290 3293 χοῦν
2341 3221 2601 3279 θανάτου
2656 3222 2989 3295 κατήγαγές
3040 3241 3150 3293 με.
3194 3225 3292 3279 καὶ
3332 3226 3442 3279 ὑπὸ
3482 3223 3685 3278 Παῦλον

2140 3315 2237 3381 Τις
2273 3331 2351 3386 με
2393 3313 2646 3383 ῥύσεται
2711 3315 2781 3369 ἐκ
2827 3314 2935 3370 τοῦ
2982 3315 3253 3385 σώματος
3285 3317 3419 3372 ατοῦ
3457 3315 3684 3372 θανάτου

2134 3405 2386 3469 τούτου;
2426 3403 2694 3477 θεωρήσει
2731 3404 2852 3460 τινα
2878 3406 3077 3479 τρόπον
3118 3407 3241 3461 ὅσον
3282 3407 3388 3477 μὲν
3416 3406 3686 3479 ἑτηρείτοό

2134 3495 2324 3567 λόγος,
2360 3494 2590 3561 θάνατος
2626 3497 2727 3551 οὐκ
2765 3495 3052 3568 ὲθεωρεῖτο
3097 3495 3173 3568 τῷ
3206 3497 3470 3570 τηροῦντι
3516 3495 3684 3550 αὐτόν·

2134 3585 2222 3639 ὅτε
2255 3586 2315 3639 δέ
2341 3602 2426 3650 τις
2454 3585 2648 3658 καμὼν
2695 3589 2754 3643 ὲν
2803 3588 2870 3659 τῇ
2922 3589 3187 3659 προσοχῇ,
3227 3587 3323 3641 καὶ
3356 3589 3577 3661 τηρήσει
3608 3583 3689 3639 τοῦ

2134 3678 2316 3747 λόγου,
2352 3678 2385 3752 ἢ
2414 3680 2831 3754 ἀπροσεκτήσας
2863 3682 2993 3755 περὶ
3018 3679 3081 3734 τὸ
3104 3683 3291 3753 τηρεῖν
3314 3719 3332 3745 ,
3380 3682 3480 3735 οὐκ
3506 3681 3577 3734 ἔτι
3607 3679 3687 3733 αὖ·

2134 3769 2225 3825 τὸν
2252 3774 2538 3844 τετήρηκε,
2585 3773 2706 3828 τότε
2734 3773 2825 3829 τὸν
2858 3772 3086 3829 θάνατον
3123 3771 3458 3845 ἐθεώρησεν,
3488 3772 3547 3826 οὐ
3575 3768 3687 3838 παρ’

2134 3864 2291 3919 ἄλλον
2319 3864 2353 3936 ἢ
2387 3865 2516 3939 παρ’
2552 3866 2764 3920 ἑαυτόν.
2799 3866 2911 3920 Καὶ
2945 3865 3224 3938 νομιστέον
3251 3881 3315 3934 γε
3354 3863 3512 3918 τοῦτο
3536 3863 3687 3932 δόγμα

2135 3951 2296 4021 εἶναι,
2329 3957 2425 4011 καὶ
2454 3957 2618 4028 νόμον
2648 3955 2888 4022 αἰώνιον,
2922 3957 3012 4012 ἀεὶ
3039 3956 3105 4010 ἂν
3128 3958 3262 4028 ήμῐν
3291 3952 3686 4027 λεχθησομένου,

2135 4043 2508 4117 παραλαϐοῢσι
2528 4045 2622 4100 τὸν
2649 4046 2827 4116 λόγον,
2849 4044 2945 4099 τοῦ
2963 4062 2978 4079 ο
3018 4043 3155 4099 Ἐάν
3183 4060 3274 4110 τις
3305 4044 3422 4098 τὸν
3442 4043 3580 4114 ἐμὸν
3599 4041 3687 4095 ,ιόο

2132 4155 2244 4207 τον
2308 4136 2578 4208 τηρήσῃ,
2626 4135 2885 4194 θάνατον
2941 4139 3012 4192 οὐ
3064 4134 3150 4206 μὴ
3211 4134 3426 4204 ὄψεται
3474 4136 3558 4201 εἰς
3598 4130 3686 4185 τὸν

2134 4226 2337 4282 αἰῶνα.
2372 4228 2582 4299 Ὥσπερ
2613 4226 2712 4293 δὲ,
2763 4225 2830 4279 ἶν’
2878 4225 3050 4289 οὕτως
3080 4224 3331 4295 ὀνομάσω
3368 4264 3385 4290 ,
3433 4219 3685 4276 summa

2137 4317 2410 4390 θεωρηθὲν
2461 4317 2524 4372 τὸ
2580 4319 2769 4382 σκότος
2820 4316 3070 4387 ἀφανίζει
3122 4316 3229 4388 (58)
3273 4314 3381 4380 τὰς
3424 4314 3568 4384 ὄψεις
3607 4309 3685 4364 τοῦ

464 4424 614 4464 mors
646 4421 934 4480 conspecta
964 4412 1033 4468 ab
1059 4429 1125 4470 eo
1153 4418 1245 4487 qui
1274 4433 1584 4477 sermonem
1624 4439 1731 4480 non
1774 4429 2028 4499 servarit,

2140 4408 2531 4483 θεωρήσαντος,
2569 4408 2743 4473 οὕτως
2780 4408 3076 4481 θεωρηθεὶς
3110 4408 3139 4461 ὁ
3171 4406 3408 4499 θάνατος
3455 4406 3563 4499 ἀπο
3604 4399 3683 4499 τοῦ

461 4496 747 4566 interimit,
773 4512 828 4558 et
853 4505 1165 4573 mortiﬁcat,
1192 4519 1541 4582 excaecatqne
1572 4515 1746 4571 aciem
1785 4496 2033 4575 contem-

460 4591 684 4659 plutioui
715 4606 1008 4661 assuetam,
1044 4599 1179 4654 adeo
1211 4608 1270 4654 ut
1308 4615 1447 4671 cpus
1476 4601 1674 4661 habeat
1708 4622 1773 4663 eo
1799 4609 1894 4678 qui
1927 4625 2032 4665 ca:-

459 4695 648 4736 corum
681 4684 871 4742 oculos
892 4688 1090 4759 aperit.
1136 4691 1215 4746 Ac
1257 4692 1502 4762 profecto
1538 4696 1791 4756 existimo
1825 4700 2030 4759 idcirco

459 4788 651 4840 meros,
682 4792 912 4847 quorum
961 4792 1090 4839 nota
1120 4783 1342 4840 l‘uerunt
1393 4788 1549 4853 caeci,
1611 4790 1703 4861 qui
1756 4793 1811 4849 in
1852 4795 2031 4852 Evan-

458 4865 598 4937 gelio
631 4869 948 4927 scribuntur
976 4875 1227 4931 amisisse
1269 4878 1482 4944 oculos,
1515 4895 1580 4936 eo
1609 4885 1773 4952 quod,
1811 4900 2024 4944 sermo-

459 4973 584 5014 nem
613 4974 735 5015 cum
767 4977 875 5019 non
904 4977 1242 5036 servassent,
1278 4981 1509 5028 mortem
1543 4977 1947 5047 conspexerint.

526 5119 616 5174 32.
654 5119 915 5177 Dixerunt
957 5126 1005 5180 ei
1037 5123 1218 5182 Iudici
1245 5145 1266 5186 :
1310 5127 1472 5185 Nunc
1513 5135 1847 5203 cognovimus
1885 5137 2024 5206 quod

458 5213 775 5268 dwmonium
822 5215 981 5272 habes
1019 5218 1089 5279 ⁸³.
1130 5219 1469 5292 Complures,
1520 5222 1684 5294 hique
1732 5228 2024 5296 sapientes,

457 5314 616 5357 omne
642 5317 816 5373 genus
841 5311 1075 5378 peccati,
1108 5311 1265 5382 cujus
1307 5328 1413 5368 una
1464 5315 1630 5370 etiam
1664 5317 1873 5386 species
1920 5330 2023 5387 est,

2131 4498 2223 4554 τὸν
2252 4498 2410 4568 λόγον
2451 4499 2525 4570 μὴ
2579 4499 2922 4570 τηρήσαντας
2953 4496 3172 4550 θανατοῖ
3189 4538 3205 4564 ,
3234 4497 3343 4551 ’καὶ
3388 4496 3565 4567 νεκροῖ
3601 4490 3684 4561 τήν

2131 4591 2484 4664 θεωρήσασαν
2508 4589 2665 4645 αὐτὸν
2691 4588 2833 4660 ὄψιν,
2863 4588 2958 4643 καὶ
2982 4588 3299 4659 ἀποτυφλοῐ,
3321 4588 3402 4653 ὡς
3432 4587 3518 4641 διὰ
3545 4583 3684 4639 τοῦτο

2129 4681 2386 4755 δεηθῆναι
2432 4681 2523 4736 τοῦ
2576 4682 2884 4751 ἀνοίγοντος
2948 4680 3260 4752 ὀφθαλμοὺς
3308 4678 3540 4749 τυφλῶν.
3590 4674 3684 4729 Καὶ

2130 4768 2284 4845 οἶμαι
2325 4790 2390 4843 γε
2415 4811 2430 4838 ,
2481 4772 2571 4827 διὰ
2599 4772 2757 4826 τοῦτο
2800 4773 2849 4825 οἱ
2882 4770 3093 4841 τυφλοὶ,
3131 4764 3207 4826 ὧν
3250 4770 3515 4842 σύμϐολον
3559 4761 3683 4838 ἦσαν

2125 4865 2175 4919 οἱ
2222 4866 2279 4920 ὲν
2321 4864 2401 4936 τῷ
2447 4862 2763 4936 Εὑαγγελιῳ
2822 4863 3045 4934 τυφλοὶ,
3093 4861 3193 4927 τὰς
3243 4862 3397 4933 δψεις
3431 4855 3680 4915 ammt-

2129 4972 2310 5021 κασιν,
2328 4954 2557 5028 ἐπείπερ
2586 4954 2678 5009 τὸν
2707 4953 2863 5027 λόγον
2899 4953 2974 5027 μὴ
3002 4956 3340 5028 τηρήσαντες
3362 4954 3455 5008 τὸν
3476 4953 3680 5008 θάνατον

2129 5043 2463 5117 ἐθεώρησαν.

2202 5137 2293 5192 52.
2333 5133 2525 5193 Εἶπον
2545 5135 2706 5202 αὑτῷ
2728 5139 2785 5191 οὶ
2819 5135 3113 5192 Ἰουδαῖοι*
3159 5134 3290 5189 Νῦν
3334 5132 3675 5203 ἐγνώκαμεν,

2133 5230 2223 5285 ὅτι
2259 5229 2567 5300 δαιμόνιον
2618 5228 2799 5297 ἔχεις.
2853 5229 2916 5282 Οἱ
2969 5228 3068 5299 μὲν
3115 5225 3297 5280 πολλοὶ
3339 5226 3432 5279 καὶ
3472 5223 3569 5277 τῶν
3598 5236 3674 5273 σο-

2133 5321 2249 5394 φῶν
2284 5322 2394 5393 (⁵9)
2426 5321 2533 5373 πᾶν
2585 5318 2741 5388 γένος
2784 5319 3203 5392 ἁμαρτήματος,
3243 5309 3303 5371 οὗ
3331 5317 3393 5368 ὲν
3419 5313 3540 5368 εῖδει
3569 5309 3673 5363 ἐστὶ

523 5393 571 5425 ⁸⁸
613 5395 773 5481 ipsi).
813 5414 861 5471 ι,
898 5402 956 5458 2.
1029 5404 1263 5481 "ui’rov,
1295 5407 1524 5481 γαμῇ.
1600 5410 1646 5445 ⁸⁷
1668 5410 1824 5469 Joau.
1854 5428 1892 5477 ι.
1916 5415 1971 5472 5.

2133 5416 2256 5473 ἔδει.
2295 5429 2562 5479 Lxxxvtn,
2596 5414 2688 5472 49.
2763 5413 2813 5447 "
2840 5414 2984 5472 Psal.
3011 5429 3129 5481 ut,
3178 5412 3264 5471 l6.
3332 5408 3378 5440 "
3408 5409 3557 5465 lium.
3580 5418 3666 5466 vn,

454 5459 546 5518 ει.
620 5465 665 5498 ’⁸
701 5459 861 5525 «Ιοοηξ
898 5488 1021 5541 vm,
1057 5459 1155 5533 51.7
1178 5459 1193 5461 ⁷
1218 5477 1266 5510 ’³

668 5558 847 5643 godex
880 5563 1096 5643 Βόαζος,
1125 5568 1555 5643 ἀποκρινόμεθα.

675 5629 861 5708 gadet
887 5628 1112 5708 Regius,
1134 5628 1439 5708 ἀφανίζειν,
1471 5641 1631 5707 male.

532 5697 643 5771 (39)
668 5701 733 5754 οι
755 5699 875 5772 μὲν
906 5697 1121 5761 πὸλνὶοὶ
1163 5697 1260 5764 θέαι
1298 5697 1675 5783 ἐῶνθ’σοφῶν,
1706 5721 1811 5771 etc.
1866 5712 2020 5770 Plato

2126 5573 2224 5629 lib.
2248 5589 2301 5627 ix
2338 5571 2414 5627 De
2434 5571 2619 5645 legit,
2647 5572 2893 5645 Plotinus
2917 5568 3162 5645 Emend.
3191 5588 3230 5639 ι,
3264 5571 3354 5627 lib.
3391 5584 3437 5645 I._
3459 5567 3527 5621 At
3571 5576 3664 5645 non

2128 5659 2193 5698 ex
2228 5638 2503 5719 perversis
2542 5642 2715 5698 solum
2778 5642 3019 5712 judiciis,
3066 5643 3162 5699 sed
3216 5638 3283 5719 ex
3338 5638 3665 5719 maleﬁcium}

2128 5706 2273 5772 recte
2329 5712 2694 5787 iudicatorum
2749 5706 2850 5771 usu
2900 5720 3125 5784 peccata
3180 5713 3442 5771 oriuntur.
3484 5706 3660 5761 Cicero
