3866 6200
435 317 500 372 67
513 316 542 374 I'

1919 285 2239 374 omoms
3561 315 3640 371 δτι.

436 440 668 494 dixisset
715 439 764 496 ei
815 440 972 496 Iesus
1004 459 1018 494 :
1047 438 1128 492 Da
1164 437 1290 493 mihi
1337 440 1477 509 quod
1526 437 1716 503 bibam,
1765 448 1888 510 post
1915 440 2015 494 alia

2119 439 2218 509 τῆς
2249 436 2664 510 Σαμαρείτιδος,
2695 435 2798 500 ὅτι,
2839 432 3009 486 εἰπὼν
3050 431 3190 503 αὐτῇ
3223 433 3253 485 ὁ
3302 430 3508 503 Ἰησοῦςσ
3555 437 3642 501 Δός

437 531 572 584 talia
605 531 812 586 addidit
847 552 859 586 :
898 531 956 584 Si
994 531 1155 585 scires
1189 533 1386 586 donum
1425 532 1537 597 Dei,
1577 540 1628 586 et
1669 534 1789 602 quis
1828 534 1892 587 sit
1923 533 2012 602 qui

435 622 566 676 dicit
597 625 727 676 tibi:
771 621 849 676 Da
892 623 1023 676 mihi
1049 623 1187 693 quod
1233 624 1428 690 bibant,
1456 637 1512 677 tu
1557 627 1735 693 utique
1776 627 2014 694 petiisses

435 715 502 767 ab
530 730 612 780 eo,
641 725 687 767 et
710 713 938 767 dedisset
963 715 1056 768 tibi
1086 732 1280 786 aquam
1310 717 1498 770 vivam.
1531 715 1597 770 Et
1627 717 1759 770 dicit
1784 717 1864 770 illi
1895 734 2009 770 mu-

437 805 579 859 lier:
623 803 865 871 Domine,
925 823 1088 876 neque
1120 807 1452 860 haustorium
1503 808 1684 872 (tabes,
1735 817 1783 862 et
1825 818 2013 875 puteus

439 895 732 964 profundus
754 906 828 950 est
854 915 876 961 ,ο
898 899 1036 951 unde
1064 913 1185 966 ergo
1213 897 1370 952 habes
1397 898 1546 952 illam
1577 916 1769 969 aquam
1804 900 2017 954 eiram?

439 994 494 1039 et
521 1001 714 1040 rursus
747 1003 760 1040 :
788 986 1028 1052 Domine,
1065 987 1134 1040 da
1174 988 1304 1042 mihi
1342 990 1496 1042 istaut
1523 1006 1713 1060 aquam
1738 992 1931 1056 vivam,
1960 1000 2013 1043 ut

440 1091 544 1130 non
580 1076 782 1142 sitiam,
835 1093 998 1146 neque
1043 1080 1244 1132 veniam
1287 1081 1388 1132 huc
1437 1081 1507 1133 ad
1546 1081 1898 1134 hauriendum
1945 1083 2014 1136 “.

441 1161 596 1219 ηλιιά
624 1166 767 1220 enim
805 1168 1088 1237 probabile
1111 1178 1197 1224 est
1229 1169 1614 1226 Samaritidem
1666 1172 1740 1226 illi
1784 1189 2016 1243 respou-

440 1256 571 1312 dere
601 1258 667 1312 de
698 1273 833 1327 aqua
875 1261 976 1316 sub
1009 1275 1233 1316 sensum
1265 1263 1510 1325 cadente,
1555 1263 1635 1318 vel
1673 1265 1742 1318 ab
1775 1264 1890 1334 ipso
1924 1280 2018 1334 pe-

443 1357 557 1402 tcre
578 1351 919 1420 corporalem
953 1368 1174 1422 aquam,
1207 1369 1274 1410 ne
1303 1354 1355 1408 in
1387 1363 1667 1424 posterum
1700 1356 1901 1422 sitiret,
1933 1357 2018 1412 vel

445 1454 511 1492 ne
549 1442 758 1496 veniret.
780 1442 846 1496 ad
885 1443 1245 1498 hauriendum
1269 1459 1338 1500 ex
1370 1444 1518 1500 fonte
1556 1444 1726 1502 Jacob
1756 1447 1858 1502 sub
1893 1462 2021 1503 scu-

441 1547 560 1585 sum
589 1533 837 1588 cadente.
864 1533 1007 1601 Quin
1034 1536 1196 1590 etiam
1231 1535 1445 1591 dicente
1471 1536 1698 1593 Domino
1724 1539 1777 1571 ⁸⁷·
1801 1554 1817 1593 :
1852 1537 2019 1594 Panis

442 1640 594 1692 quem
623 1640 718 1694 ego
745 1626 903 1688 dabo,
934 1642 1058 1680 caro
1086 1642 1201 1680 mea
1225 1637 1302 1681 est
1333 1627 1499 1700 364
1525 1645 1622 1698 pro
1654 1631 1836 1684 mundi
1888 1632 2014 1699 vita,

441 1717 660 1782 quando
699 1717 1006 1786 pugnabant
1062 1720 1199 1773 inter
1238 1736 1292 1774 se
1325 1719 1508 1775 Judaei
1560 1722 1836 1777 dicentes:
1873 1723 2016 1788 Quo-

445 1809 600 1860 modo
622 1817 791 1873 potest
827 1809 913 1862 hic
945 1809 1092 1864 nobis
1122 1825 1336 1864 carnem
1367 1827 1519 1866 suam
1541 1812 1669 1868 dare
1694 1814 1763 1866 ad
1789 1814 2019 1869 mandu-

441 1900 671 1954 cundum
710 1901 756 1932 ⁸⁸
790 1900 818 1956 i
858 1901 1196 1957 ostendimus
1232 1917 1337 1957 non
1371 1905 1507 1959 adeo
1545 1905 1789 1974 stupidos
1823 1899 2013 1972 fuisse,

442 1989 533 2057 qui
573 1990 888 2056 audiebant,
920 2002 980 2047 ut
1027 1993 1391 2061 opinarentur
1417 1993 1601 2051 Iesum
1633 1996 1752 2052 haec
1793 1996 2019 2067 loquen-

442 2091 552 2136 tem
609 2081 840 2138 invitare
899 2084 1180 2140 auditores
1238 2095 1295 2140 ut
1337 2088 1664 2144 accederent
1725 2089 2018 2144 comesturi

445 2189 666 2230 carnem
714 2177 907 2243 ipsius.
941 2176 1486 2249 Consentaneumque
1521 2189 1668 2235 certe
1693 2189 1777 2236 est
1804 2181 2020 2237 Judreos

441 2267 647 2321 dixisse
674 2266 726 2321 in
757 2270 1010 2336 praesenti
1044 2277 1327 2334 contextu,
1355 2285 1519 2339 quem
1562 2287 1706 2326 nunc
1731 2274 2019 2327 examiua‘

444 2373 584 2420 mus,
619 2357 733 2412 haec
761 2358 929 2413 verba
955 2376 976 2414 τ.
997 2357 1269 2414 Abraltam
1301 2370 1542 2432 mortuus
1567 2372 1672 2428 est,
1713 2373 1760 2416 et
1799 2365 2022 2433 prophe-

443 2459 530 2513 ιω,
562 2449 820 2520 quoniam
849 2451 1170 2508 didicissent
1199 2453 1470 2522 quomodo
1519 2470 1610 2523 per
1653 2471 1813 2510 unum
1849 2456 2020 2510 homi-

441 2557 554 2592 nem
588 2550 855 2608 peccatum
896 2543 1110 2596 intravit
1143 2545 1197 2597 in
1240 2544 1517 2610 mundum,
1557 2557 1605 2599 et
1633 2562 1726 2614 per
1747 2558 2018 2613 peccatum

441 2649 581 2686 mors
615 2649 636 2698 ;
678 2643 724 2687 et
764 2633 838 2686 ita
882 2634 937 2687 in
988 2650 1164 2688 omnes
1206 2634 1445 2690 homines
1480 2638 1730 2702 pervasit,
1781 2654 1841 2691 ea
1880 2639 2019 2710 quod

441 2739 622 2778 omnes
653 2735 994 2792 peccaverunt
1023 2726 1092 2777 θ’.
1128 2723 1566 2781 Consentaneum
1592 2742 1723 2783 vero
1744 2729 1908 2783 etiam
1936 2739 2020 2784 est

439 2829 538 2870 eos
573 2817 774 2871 vidisse
805 2827 1034 2871 mortem
1071 2832 1330 2886 regnasse
1378 2817 1432 2872 in
1490 2833 1586 2875 eos
1621 2819 1712 2890 qui
1757 2827 2020 2891 peccave-

445 2915 576 2960 runt
612 2907 679 2961 ad
711 2907 1118 2963 similitudinem
1160 2910 1613 2979 transgressionis
1662 2911 1794 2966 Adae
1837 2914 1878 2980 ⁸,
1923 2915 2021 2968 ha-

445 2997 739 3068 buisseque
766 3014 1072 3055 sermonem
1108 3002 1175 3056 de
1209 3011 1400 3070 morte,
1448 3018 1570 3073 qua:
1600 3019 1696 3074 per
1736 3019 2016 3075 peccatum

443 3087 497 3142 in
529 3103 718 3145 omnes
749 3090 998 3146 homines
1029 3093 1284 3162 pervasit,
1319 3107 1384 3148 eo
1415 3099 1561 3162 quod
1587 3111 1778 3152 omnes
1819 3112 2016 3167 pecca-

444 3191 657 3236 verunt.
693 3181 766 3236 De
799 3181 884 3236 bis
934 3191 1112 3236 autem
1163 3184 1365 3250 edocti,
1410 3182 1537 3240 Jesu
1579 3200 1863 3244 sermones
1909 3205 2015 3244 non

446 3281 738 3334 noverunt,
783 3274 911 3343 quia
950 3289 1072 3342 qua:
1121 3289 1426 3344 sequuntur
1468 3293 1574 3332 non
1631 3279 2015 3349 admiserunt;

443 3361 704 3415 nimirum
748 3363 912 3431 quod,
949 3362 1073 3416 Non
1093 3364 1228 3417 sicut
1260 3364 1532 3430 delictum,
1564 3367 1639 3420 ita
1669 3377 1717 3421 et
1751 3369 1948 3423 donum
1973 3372 2015 3426 ί.

444 3449 553 3507 Sed
590 3468 657 3506 ne
691 3453 1004 3508 ratiocinari
1037 3456 1254 3524 quidem
1288 3465 1562 3526 poterant,
1591 3461 1733 3530 quod
1766 3461 1828 3516 Si
1858 3465 2016 3519 unius

439 3543 631 3598 delicto
658 3545 810 3598 multi
837 3547 1056 3614 periere,
1091 3545 1254 3600 multo
1293 3549 1457 3617 magis
1491 3550 1663 3618 gratia
1701 3551 1820 3616 Dei,
1851 3564 1898 3606 et
1928 3555 2018 3608 do-

441 3652 566 3690 num
623 3652 716 3703 per
765 3639 1035 3706 gratiam,
1077 3655 1194 3708 qua:
1249 3639 1348 3707 fuit
1397 3642 1555 3694 unius
1607 3641 1834 3698 hominis
1887 3643 2016 3700 Jesu

441 3726 660 3794 Christi,
697 3729 751 3783 in
789 3729 980 3784 multos
1029 3732 1330 3786 exuberavit
1374 3734 1414 3785 ³.
1459 3731 1576 3787 Νοιι
1623 3733 2018 3792 intellexerunt

440 3820 627 3885 etiam,
659 3823 934 3891 quomodo
964 3823 1166 3878 donum
1202 3840 1311 3878 nou
1359 3834 1446 3880 est
1478 3825 1655 3880 simile
1695 3828 1858 3882 morti
1896 3844 2016 3898 qua:

439 3911 545 3964 Iuit
575 3926 672 3980 per
703 3927 871 3966 unum
907 3912 998 3981 qui
1051 3914 1295 3982 peccavit
1341 3933 1356 3970 :
1394 3931 1568 3986 neque
1619 3919 1762 3973 enim
1817 3921 2012 3975 eruditi

442 4000 660 4056 fuerant
697 4001 992 4068 aliquando
1037 4005 1234 4057 donum
1269 4021 1334 4059 ex
1379 4008 1558 4061 multis
1601 4008 1809 4064 delictis
1847 4009 2015 4066 fuisse

439 4092 512 4146 ad
540 4090 977 4158 iustiﬁcationem
1003 4094 1044 4147 ⁸.
1077 4092 1184 4146 Sed
1220 4110 1287 4148 ne
1317 4097 1568 4151 viderant
1598 4100 1818 4166 quidem
1849 4101 2011 4157 etiam

438 4181 584 4255 quod
645 4183 1043 4236 exuberantiam
1087 4185 1274 4253 gratia:
1311 4195 1359 4238 et
1407 4188 1532 4240 doni
1573 4192 1884 4260 accipientes
1923 4209 2016 4262 per

438 4277 620 4340 vitam,
650 4273 940 4344 regnabant
970 4283 1192 4328 auctore
1223 4292 1326 4329 uno
1355 4275 1483 4330 Iesu
1514 4277 1723 4335 Christo
1752 4283 1795 4334 ⁵.
1833 4285 2014 4353 Atque

438 4368 673 4423 Abi-aha:
697 4365 914 4436 quidem
947 4374 1002 4420 et
1030 4365 1418 4434 prophetarum
1456 4377 1687 4424 mortem
1725 4374 2014 4431 versabant

438 4461 642 4526 animo,
694 4458 980 4514 audientes
1031 4458 1176 4527 quod
1231 4459 1394 4514 etiam
1437 4459 1678 4526 Samuel,
1715 4465 1872 4532 quasi
1919 4480 2016 4535 per

438 4562 670 4608 mortem
695 4553 795 4607 sub
819 4561 962 4605 terra
989 4550 1281 4615 exsistens,
1317 4567 1344 4603 a
1373 4550 1691 4620 pythonissa
1740 4557 2014 4613 excitatus

441 4645 687 4700 luisset:
737 4658 856 4713 quae
907 4643 1039 4698 deos
1092 4657 1213 4698 cum
1266 4642 1605 4698 existimaret
1656 4643 1869 4704 inferne
1912 4650 2013 4706 sub

440 4747 639 4791 terram
669 4751 811 4800 esse,
841 4736 1098 4790 dicebat:
1141 4732 1255 4804 Ego
1298 4733 1404 4788 vidi
1448 4734 1573 4788 deos
1604 4737 1944 4794 ascendentes
1985 4756 2013 4795 e

436 4838 577 4882 terra
600 4829 642 4882 ⁸.
670 4828 738 4881 At
769 4841 900 4882 vero
927 4828 1094 4882 vitam
1127 4826 1365 4880 Abralue
1391 4835 1446 4881 et
1477 4828 1868 4897 prophetarum
1902 4847 2009 4887 non

435 4919 934 4991 apprehenderunt,
993 4935 1057 4974 ac
1126 4932 1192 4973 ue
1247 4917 1729 4987 apprehenderunt
1788 4923 2010 4992 quidem

435 5011 604 5064 Deum
638 5010 890 5074 Abralne,
918 5020 973 5064 et
1004 5011 1178 5074 Isaac,
1209 5018 1262 5063 et
1291 5007 1482 5073 Jacob,
1529 5008 1700 5065 Deum
1738 5028 1844 5067 non
1885 5029 2010 5070 esse

434 5101 675 5170 ipsorqu
725 5110 1087 5167 mortuorum,
1127 5100 1222 5155 sed
1271 5099 1567 5154 viventium
1609 5102 1629 5132 ⁷
1669 5119 1684 5167 ;
1732 5117 1798 5158 ac
1839 5104 2006 5160 veluti

433 5194 774 5263 suspicantes
806 5202 1052 5249 mortuos
1088 5207 1208 5248 esse
1238 5192 1556 5262 prophetas,
1591 5191 2007 5250 fabricabantur

434 5287 651 5343 illorum
691 5286 943 5357 sepulcra
969 5287 1036 5354 ⁸;
1074 5287 1217 5342 lianc
1265 5287 1428 5342 etiam
1463 5286 1532 5341 ob
1566 5300 1787 5342 causam
1821 5289 2003 5345 miseri

507 5399 555 5430 "
583 5396 740 5454 Joan.
780 5415 853 5460 tv.
901 5398 954 5462 7.
986 5398 1072 5461 10,
1108 5398 1194 5460 11,
1253 5397 1340 5454 15.
1440 5399 1484 5432 ⁸⁷
1507 5395 1667 5454 Joan.
1700 5415 1776 5464 vt,
1803 5399 1893 5454 5‘3.

1999 5401 2045 5435 ”
2075 5403 2204 5458 ibid.
2259 5405 2348 5460 55.

2109 549 2212 600 μοι
2250 530 2407 584 πιεῖν
2435 529 2569 600 (46),
2609 529 2727 600 μεθ’
2760 515 2924 598 ἕτερα
2962 525 3273 596 προσέθηκε
3320 525 3524 578 τοιαῦτα
3546 543 3558 558 ο
3592 532 3643 583 Et

2116 621 2280 691 ᾕδεις
2300 621 2414 690 τὴν
2439 620 2666 689 δωρεὰν
2693 619 2799 672 τοῦ
2838 616 3008 680 Θεοῦ,
3040 616 3134 669 καὶ
3167 617 3260 680 τίς
3287 615 3406 669 ἐστι
3434 618 3464 669 ὀ
3487 615 3644 685 λέγων

2115 730 2250 768 σοι·
2291 714 2399 778 Δός
2439 728 2541 781 μοι
2579 709 2774 772 πιεῖν,
2808 708 2890 762 σὺ
2931 707 3007 762 ἂν
3043 707 3280 775 ᾔτησας
3323 705 3530 768 αὑτὸν,
3568 713 3645 760 nat

2114 807 2339 860 ἔδωκεν
2365 803 2443 857 ἄν
2469 820 2571 858 σοι
2598 801 2755 870 ὕδωρ
2775 801 2905 862 ζῶν.
2930 799 3039 854 Καὶ
3067 799 3228 867 λέγει
3253 795 3405 862 αὐτῷ
3437 798 3472 864 ἢ
3505 798 3644 866 γυνή’

2114 899 2309 966 Κύριε,
2345 897 2484 952 οὔτε
2537 894 2814 962 ἄντλημα
2854 893 3036 960 ἔχεις,
3086 889 3184 944 καὶ
3237 889 3304 943 τὸ
3327 888 3504 958 φρέαρ
3543 890 3645 943 ἐστι

2114 990 2292 1054 βαθύ·
2319 989 2506 1042 πόθεν
2529 981 2646 1041 οὖν
2664 985 2827 1054 ἔχεις
2850 982 2916 1036 τὸ
2946 981 3102 1049 ὕδωρ
3129 981 3195 1034 τὸ
3226 975 3330 1039 ζῶν
3351 995 3370 1044 ;
3396 980 3484 1033 καὶ
3501 980 3642 1033 πάλιν

2117 1081 2317 1148 Κύριε,
2370 1079 2477 1146 δός
2516 1095 2619 1148 μοι
2653 1075 2832 1130 τοῦτο
2878 1075 2941 1128 τὸ
2988 1072 3143 1141 ὕδωρ
3184 1072 3252 1125 τὸ
3300 1069 3435 1135 τῶν,
3468 1072 3557 1124 ἵνα
3581 1071 3644 1140 μὴ

2116 1173 2273 1241 διψῶ
2299 1213 2314 1238 ,
2361 1170 2515 1240 μηδέ
2555 1168 2872 1238 διέρχωμαι
2903 1164 3113 1220 ἐνθάδε
3155 1163 3418 1218 ἀντλεῖν.
3454 1162 3522 1216 Οὐ
3566 1161 3646 1233 γὰρ

2119 1262 2342 1316 πιθανὸν
2373 1258 2440 1333 ἦν
2479 1260 2608 1331 περὶ
2638 1256 2899 1330 αἰσθητοῦ
2940 1256 3130 1318 ὓδατος
3169 1251 3550 1325 ἀποκρίνεσθαι·
3575 1255 3646 1305 αὖε

2117 1354 2196 1425 τῷ
2228 1355 2326 1426 τὴν
2360 1355 2725 1425 Σαμαρεῖτιν,
2760 1351 2855 1405 καὶ
2896 1348 3158 1421 ᾐτηκέναι
3197 1346 3362 1401 αὐτὸν
3384 1344 3648 1417 amputato:

2120 1447 2262 1519 iipr
2288 1446 2382 1500 ἐπὶ
2406 1446 2484 1517 τῷ
2525 1444 2722 1516 μηκέτι
2769 1443 2990 1514 διψῆσαι
3014 1483 3028 1506 ,
3077 1441 3213 1513 μηδὲ
3252 1437 3543 1511 διέρχεσθαι
3579 1437 3650 1492 ἀν-

2118 1538 2262 1591 τλεῖν
2305 1538 2414 1592 ἀπὸ
2456 1537 2556 1608 τῆς
2605 1536 2699 1590 τοῦ
2744 1533 2938 1589 Ἰακὼὸ
2980 1533 3243 1605 αἰσθητῆς
3284 1530 3481 1602 πηγῆςἐ

2120 1631 2214 1683 καὶ
2241 1629 2482 1692 εἰπόντος
2514 1627 2616 1680 τοῦ
2641 1625 2846 1698 Κυρίου
2866 1642 2880 1656 ο
2927 1624 2980 1678 Ὀ
3016 1623 3193 1692 ἄρτος
3228 1622 3302 1675 ὃν
3330 1620 3616 1690 ἐγὼιδὼσω
3639 1661 3652 1685 ,

2121 1725 2160 1792 ἡ
2194 1721 2366 1790 σάρξ·
2383 1739 2501 1791 μου
2533 1720 2706 1774 ἐστὶν
2752 1716 2904 1786 ὑπὲρ
2944 1715 3052 1785 τῆς
3095 1715 3200 1769 τοῦ
3233 1714 3462 1784 κόσμου
3505 1710 3653 1779 ζωῆς,

2123 1816 2212 1868 ὅτε
2251 1811 2546 1882 ἐμάχοντο
2578 1809 2728 1879 πρὸς
2763 1806 3082 1874 ἀλλήλους
3106 1809 3180 1860 οἱ·
3203 1803 3472 1860 Ἰουδαῖοι
3489 1802 3655 1873 λέγειν·

2122 1902 2400 1972 τες-’Πῶς
2434 1903 2682 1956 δύναται
2721 1899 2865 1969 ἡμῖν
2891 1894 3071 1964 οὗτος
3099 1895 3312 1950 δοῦναι
3345 1893 3455 1962 τὴν
3497 1891 3656 1960 «ipsa

2122 1997 2369 2068 pay-air;
2408 1993 2822 2064 ἀποδείκνυμεν,
2853 1991 2935 2044 ὅτι
2966 1989 3068 2042 οὐκ
3100 1986 3170 2042 ἂν
3206 1985 3456 2040 τοσοῦτον
3481 1982 3658 2052 ἀνόητοι.

2120 2086 2260 2162 ἦσαν
2315 2089 2362 2142 οἱ
2414 2085 2738 2150 ἀκούοντες,
2771 2084 2847 2148 ὡς
2892 2080 3331 2152 ὑπολαμϐάνειν,
3372 2079 3450 2133 ὅτι
3490 2091 3660 2147 προκα-

2121 2183 2292 2236 λεῖται
2317 2181 2346 2232 ὁ
2375 2179 2550 2248 λέγων
2574 2179 2702 2241 τοὺς
2735 2173 3011 2247 ἀκροατὰς
3049 2173 3128 2237 εἱς
3152 2171 3214 2226 τδ
3240 2169 3563 2243 προσελθεῖν,
3586 2166 3659 2219 καὶ

2121 2274 2390 2344 ἐμφαγεῖν
2415 2269 2522 2323 τῶν
2558 2267 2776 2340 σαρκῶν
2805 2263 2994 2321 αὐτοῦ.
3027 2264 3136 2319 Καὶ
3173 2262 3326 2326 εἰκός
3363 2278 3444 2330 γε,
3471 2261 3545 2313 ὅτι
3567 2258 3660 2310 ἕλες

2121 2381 2218 2432 γον
2243 2367 2291 2417 οἱ
2328 2362 2570 2416 Ἰουδαῖοι
2595 2361 2689 2413 ἐπὶ
2716 2358 2822 2414 τῶν
2855 2357 2954 2412 νῦν
2992 2357 3126 2428 ἡμῖν
3168 2353 3557 2424 ἐξεταζομένων
3581 2354 3658 2422 ρη-

2121 2455 2263 2522 τῶν,
2314 2455 2406 2508 τόδ
2461 2452 2718 2522 Ἀϐραὰμ
2773 2449 3035 2506 ἀπέθανε
3059 2488 3074 2512 ,
3121 2448 3220 2502 καὶ
3268 2449 3326 2500 οἱ
3365 2443 3626 2514 προφῆται
3646 2481 3660 2506 ,

2125 2544 2503 2617 μεμαθηκότες
2543 2543 2668 2596 τίνα
2716 2541 2914 2612 τρόπον
2955 2538 3029 2592 δι’
3084 2537 3222 2603 ἐνὸς
3284 2533 3580 2604 ἀνθρώπου
3630 2533 3660 2599 ἡ

2121 2635 2376 2706 ἁμαρτία
2413 2637 2500 2702 εὶς
2533 2633 2642 2686 τὸν
2682 2633 2917 2701 κόσμον
2972 2628 3241 2696 εἰσῆλθε,
3307 2627 3406 2682 καὶ
3445 2626 3536 2680 διὰ
3575 2622 3664 2690 τῆς

2120 2727 2410 2799 ἁμαρτίας
2448 2729 2480 2780 ὀ
2519 2724 2795 2790 θάνατος·
2825 2723 2922 2779 καὶ
2979 2721 3166 2786 οὕτως
3209 2721 3303 2787 εις
3341 2717 3558 2784 πάντας
3583 2717 3664 2769 tin-

2120 2820 2390 2890 θρώπους
2422 2821 2455 2874 ό
2493 2815 2748 2882 θάνατος
2778 2814 3048 2883 διῆλθεν,
3081 2805 3256 2882 ἐφ”ᾦ
3282 2811 3499 2877 πάντες
3521 2808 3666 2877 ἦμαρ-

2120 2929 2248 2966 τον.
2282 2909 2547 2964 Ἔϐλεπον
2585 2907 2642 2962 δὲ
2679 2909 2774 2961 καὶ
2794 2907 2876 2960 ὅτι
2909 2905 3254 2960 ἐϐασίλευσεν
3291 2903 3321 2956 ὁ
3351 2901 3560 2964 θάνατος
3592 2898 3664 2951 ἐπὶ

2119 3003 2247 3068 τοὺς
2282 3001 2713 3073 ἁμαρτήσαντας
2747 2999 2840 3052 ἐπὶ
2871 2998 2949 3069 τῷ
2980 2996 3287 3069 ὁμοιώματι
3326 2998 3423 3068 τῆς
3451 2992 3663 3064 παραϐά-

2123 3111 2260 3158 σεως
2302 3093 2492 3164 Ἀδὰμ,
2525 3092 2618 3146 καὶ
2648 3087 2716 3163 ἦν
2751 3092 2932 3155 αὐτοῖς
2959 3093 2987 3144 ὁ
3014 3090 3168 3159 λόγος
3205 3090 3342 3160 περὶ
3373 3087 3460 3142 τοῦ
3487 3087 3564 3141 διὰ
3585 3086 3664 3154 τὴν

2120 3186 2397 3259 ἁμαρτίαν
2440 3185 2672 3239 θανάτου
2726 3185 2805 3247 εἰς
2865 3183 3076 3246 πάντας
3108 3181 3433 3253 ἀνθρώπους
3461 3178 3664 3248 διεληλυ-

2121 3278 2273 3340 θότος
2302 3277 2395 3330 ὲ.πὶ
2427 3274 2504 3346 τῷ
2535 3277 2743 3339 πάντας
2775 3275 3174 3347 ἡμαρτηκέναι.
3216 3274 3362 3345 Περὶ
3395 3270 3579 3325 τούτων
3621 3266 3665 3320 δὲ

2063 3432 2069 3439 _
2122 3368 2503 3442 μεμαθηκότες
2564 3367 2635 3420 τὰ
2666 3367 2826 3437 ἑξῆς,
2863 3367 2958 3420 ἆτε
2989 3365 3063 3438 μὴ
3109 3365 3536 3437 παραδεξάμενοι
3563 3359 3666 3420 τοὺς

2131 3459 2306 3532 Ἰησοῦ
2357 3458 2595 3527 λόγους,
2626 3457 2726 3510 οὐκ
2774 3455 3021 3526 ᾔδεισαν,
3069 3454 3168 3508 καῖ
3207 3455 3296 3507 ὃτι
3350 3455 3464 3520 Οὐχ
3507 3451 3579 3512 ὡς
3613 3444 3665 3498 τὸ

2119 3549 2522 3619 παράπτωμα,
2565 3547 2754 3614 οὕτως
2802 3546 2905 3600 καῖ
2956 3545 3020 3598 τὸ
3055 3543 3346 3614 χάρισμα.
3405 3539 3532 3592 Ἀλλ’
3567 3533 3668 3587 οὐδὲ

2120 3641 2525 3713 συλλογίζεσθαι
2558 3657 2676 3703 πως
2714 3638 2965 3692 ὲδῦναντο
2987 3677 3001 3700 ,
3055 3636 3166 3702 ὅτι,
3216 3636 3288 3687 Ei
3320 3631 3398 3698 τῷ
3429 3629 3527 3685 τοῦ
3555 3625 3668 3689 ἐνεὶς

2117 3734 2540 3806 παραπτώματι
2601 3735 2655 3786 ot
2688 3729 2904 3785 πολλοὶ
2938 3729 3271 3792 ἀπέθανον,
3301 3721 3502 3818 πολλῷ
3535 3718 3668 3818 ait:

2114 3833 2229 3883 λον
2263 3829 2300 3896 ἡ
2338 3824 2510 3896 χάρις
2542 3823 2646 3878 τοῦ
2677 3821 2846 3884 Θεοῦ,
2876 3820 2973 3874 καὶ
3011 3821 3049 3888 ἠ
3073 3817 3264 3887 δωρεὰ
3305 3818 3376 3871 ὲν
3402 3814 3578 3886 χάριτι
3610 3814 3666 3877 τῇ

2115 3921 2221 3976 τοῦ
2272 3919 2411 3985 ἐνὸς
2455 3915 2771 3985 ἀνθρώπου
2826 3911 3030 3982 Ἰησοῦ
3078 3910 3380 3978 Χριστοῦ,
3429 3911 3510 3974 εἰς
3551 3904 3667 3968 τοὺς

2114 4010 2384 4076 πολλοὺς
2425 4007 2887 4077 ἐπερίσσευσεν.
2925 4002 3000 4056 υὺ
3035 4001 3287 4055 συνίεσαν
3333 4001 3388 4056 δὲ
3433 4000 3519 4052 καὶ
3569 3993 3666 4057 πῶς

2113 4101 2214 4154 οὐκ
2244 4095 2312 4172 ἦν
2343 4097 2661 4169 τὸμδώρημα
2691 4098 2876 4166 ὅμοιον
2918 4092 2996 4164 τῷ
3026 4091 3090 4145 δι’
3122 4091 3239 4155 ἐνὸς
3286 4092 3666 4163 ἁμαρτήσαντας

2116 4191 2361 4264 θανάτῳ·
2421 4191 2540 4244 οὐδὲ
2594 4189 2702 4261 τὰρ
2751 4183 3140 4275 ἐπεπαίδεμντό
3175 4201 3330 4248 πως,
3365 4185 3445 4238 ὃτι
3486 4180 3546 4234 τὸ
3572 4176 3664 4248 χά-

2105 4300 2297 4356 ρισμα
2333 4286 2401 4339 ἐκ
2434 4278 2680 4338 πολλῶν
2724 4272 3207 4352 παραπτωμάτων
3247 4279 3464 4349 ἐγένετο
3492 4279 3569 4341 εις
3603 4272 3667 4326 δι-

2115 4379 2362 4448 καίωμα.
2406 4376 2544 4430 Ἀλλ’
2584 4375 2704 4429 οὐδὲ
2736 4375 2981 4440 ἔϐλεπον,
3010 4377 3091 4429 ὅτι
3117 4376 3169 4428 οἱ
3198 4371 3316 4441 τὴν
3347 4367 3666 4440 περισσείαν

2046 4499 2090 4554 D
2117 4467 2226 4535 τῆς
2277 4467 2516 4538 χάριτος
2564 4468 2662 4521 καὶ
2733 4466 2844 4535 τῆς
2897 4465 3119 4534 δωρεᾶς
3165 4456 3664 4554 λαμϐάνοντες-’ἑν

2121 4557 2235 4627 ζωῇ
2271 4559 2724 4623 βασιλεύσουσι
2778 4557 2876 4611 διὰ
2948 4556 3055 4610 τοῦ
3117 4555 3255 4622 ἐνὸς
3319 4552 3514 4622 Ἰησοῦ
3553 4549 3664 4616 Χρι-

2119 4650 2290 4707 στοῦ.
2337 4651 2447 4703 Καὶ
2493 4651 2736 4705 ἐνενόουν
2771 4651 2869 4722 μὲν
2915 4650 3006 4704 τὸν
3039 4649 3264 4704 θάνατον
3302 4645 3542 4719 Ἀϐραὰμ
3585 4639 3663 4692 καὶ

2119 4740 2228 4793 τῶν
2259 4738 2574 4812 προφητῶν,
2608 4739 2918 4806 ἀκούοντες,
2952 4741 3033 4794 ὅτι
3067 4740 3160 4792 καὶ
3197 4735 3474 4809 Σαμουὴλ,
3499 4732 3567 4795 ὼς
3589 4727 3661 4781 διά

2119 4831 2210 4884 τὸν
2236 4830 2462 4886 θάνατον
2493 4829 2600 4883 ὑπὸ
2634 4831 2736 4902 γῆν
2783 4829 2878 4896 ὣν,
2943 4830 3048 4884 ὑπὸ
3096 4827 3527 4900 ἐγγαστριμύθου
3567 4821 3658 4891 (Π)

2119 4923 2385 4994 ἀνήγετο,
2426 4923 2582 4988 θεοὺς
2628 4924 2882 4996 οἰομένης
2923 4923 3074 4976 κάτω
3111 4939 3214 4975 που
3249 4917 3385 4976 εἶναι
3421 4919 3513 4988 τῆς
3538 4917 3658 4984 γῆς.

2118 5015 2212 5068 καί
2247 5015 2510 5088 λεγούσης
2528 5033 2541 5046 ·
2574 5016 2757 5082 Θεοὺς
2784 5015 2898 5085 ἐγὼ
2921 5013 3084 5070 εἶδον
3109 5014 3531 5076 ἀναϐαίνοντας
3557 5005 3658 5062 ἀπὸ

2118 5109 2226 5177 τῆς
2261 5109 2399 5181 γῆς’
2431 5110 2528 5183 τὴν
2554 5111 2610 5166 δὲ
2632 5108 2774 5182 ζωὴν
2805 5110 2900 5164 τοῦ
2935 5109 3186 5182 Ἀϐραὰμ
3214 5110 3305 5162 καὶ
3334 5108 3438 5162 τῶν
3474 5118 3656 5176 προφη-

2112 5201 2222 5272 τῷν
2269 5203 2329 5255 οὺ
2380 5201 2769 5274 κατειλήφασιν
2795 5241 2811 5266 ,
2855 5201 2963 5254 οὐδ’
3006 5202 3087 5255 ὅτι
3135 5205 3166 5256 ὁ
3215 5200 3346 5263 Θεὸς
3403 5195 3652 5268 Ἀΰραὰμν

2114 5291 2208 5346 καὶ
2268 5293 2488 5358 Ἰσαὰκ,
2546 5296 2640 5348 καὶ
2701 5292 2898 5348 Ἰακὼϐ
2937 5293 3070 5358 Θεὸς
3111 5289 3201 5364 ἦν,
3234 5293 3293 5346 οὐ
3344 5289 3539 5360 νεκρῶν
3574 5285 3654 5339 αὖ·

2448 5409 2494 5443 ⁹⁹
2521 5405 2678 5461 Rom.
2710 5423 2762 5470 v,
2804 5406 2893 5463 12.
2990 5408 3007 5438 ¹
3037 5405 3261 5460 ibid.|4.
3364 5402 3528 5460 'ibid.
3573 5398 3650 5453 15.

441 5465 463 5497 ³
492 5467 620 5523 ibid.
697 5468 720 5501 ⁸
764 5470 896 5525 ibid.
948 5471 1036 5523 16.
1110 5469 1291 5523 “ibid.
1332 5469 1420 5523 17.
1498 5468 1713 5542 ‘lﬂeg.
1741 5486 1937 5536 xxvm,
1967 5472 2015 5527 i2

2130 5473 2150 5505 τ
2184 5473 2376 5530 Matth.
2402 5478 2642 5541 “H.152.
2719 5465 2958 5535 II'Matth.
2983 5493 3145 5543 mu,
3173 5476 3262 5532 29.

512 5561 622 5648 (ιε)
650 5561 753 5648 Pro
783 5563 882 5628 Δός
910 5581 999 5634 μοι
1020 5567 1162 5618 πιεῖν
1186 5565 1352 5620 codex
1384 5563 1584 5636 Regius
1606 5575 1810 5624 tantum
1841 5570 1998 5626 habet

2117 5574 2224 5628 ιεῖν.
2256 5603 2324 5612 -
2347 5573 2627 5646 Superiori
2651 5577 2815 5646 linea,
2847 5591 2945 5648 pro
2969 5577 3073 5642 ὅτι,
3129 5575 3390 5644 interpres
3413 5569 3528 5641 legit
3549 5566 3647 5622 ὅτι.

439 5630 536 5688 En.
572 5630 812 5688 Pnaoc.

508 5703 622 5774 (i7)
653 5702 831 5760 Codex
868 5701 1071 5774 Regius
1099 5704 1257 5772 male,
1299 5707 1404 5760 ὑπὸ
1425 5709 1620 5776 γαστρὶ
1658 5709 1846 5778 μύθου.
