3924 6196
227 244 350 302 G73
1289 244 1645 302 COMMENT.
1683 245 1750 300 IN
1781 243 1978 302 JOAN.
2015 245 2254 302 TOMUS
2296 246 2412 304 XX.
3387 253 3493 309 678

227 356 350 409 τῶν
370 394 386 420 ,
438 352 576 409 ἀλλὰ
636 352 851 420 ζώντων
875 373 888 386 ·
924 356 1023 410 καὶ
1084 355 1160 420 ὡς
1233 355 1705 429 ὑπολαμϐάνοντες
1761 374 1798 410 τι

1927 355 2121 413 habiti.
2153 357 2328 414 Etiam
2358 359 2523 429 igitur
2543 357 2590 414 si
2620 357 2894 414 Abraham
2919 367 3166 417 mortuus
3191 359 3376 426 fuerit,
3407 379 3493 418 re-

235 447 468 520 νεκροὺς
527 442 664 500 εἶναι
722 446 850 510 τοὺς
899 447 1184 519 προφήτας
1210 487 1224 512 ,
1266 447 1586 519 -ᾠκοδόμουν
1635 446 1798 501 αὐτῶ·

1922 447 2056 500 vixit
2088 449 2141 502 in
2175 458 2450 520 posterum
2481 465 2586 504 non
2620 450 2851 519 amplius
2882 451 3096 508 visurus
3126 463 3393 519 mortem;
3423 457 3493 508 ab

226 539 365 602 τοὺς
392 539 632 608 τὰςους,
680 537 775 591 καὶ
811 537 899 590 διὰ
939 537 1100 592 τοῦτο
1139 537 1569 609 ταλανιζόμενοι.
1609 539 1674 592 Εἰ
1724 538 1798 591 κα¹

1920 551 1986 593 eo
2019 539 2164 594 enim
2219 549 2487 610 tempore,
2520 557 2628 612 quo
2672 543 2804 598 vidit
2833 541 2960 599 Jesu
2988 545 3154 610 diem,
3197 547 3495 602 exsultavit

222 628 509 684 ἀπέθανεν
560 626 655 683 οὖν
708 628 994 700 Ἀϐραὰμ,
1045 629 1161 682 ἀλλ’
1223 628 1426 700 ἔζησε,
1488 631 1582 684 καὶ
1627 631 1794 684 οὐκέτ

1919 638 1970 684 et
1998 633 2220 700 gavisus
2248 641 2352 688 est.
2397 633 2575 702 Atque
2615 634 2779 689 etiam
2809 636 2878 690 ob
2925 636 3065 692 hanc
3100 652 3316 693 causam
3345 640 3494 693 arbi-

226 721 327 775 τὸν
356 722 586 775 θάνατον
611 720 856 792 ἐθεώρει,
891 722 983 790 ἀφ’
1013 714 1074 775 οὗ
1103 720 1226 775 ἰδὼν
1254 722 1351 794 τὴν
1395 721 1569 793 Ἰησοῦ
1599 722 1798 794 ἡμέραι

1921 729 2033 775 tror
2081 721 2430 776 Servatorem
2463 723 2751 778 docentem
2800 724 3079 780 Abraham
3125 727 3330 793 vivere,
3365 745 3488 784 cum

221 813 600 883 ἠγαλλιάσατο
626 856 640 879 ,
699 813 795 867 καὶ
844 811 1034 884 ἐχάρη.
1085 808 1253 884 Οἶμαι
1290 812 1346 866 δὲ
1381 814 1475 868 καὶ
1517 812 1608 866 διὰ
1653 813 1798 866 τοῦτ(

1917 812 2185 868 dixissent
2218 813 2528 868 :Abraham
2558 825 2799 870 mortuus
2834 825 2911 870 est
2935 816 2981 881 ',
3013 831 3141 871 mox
3182 817 3437 875 intulisse
3472 841 3486 877 :

223 905 372 976 πρὸς
408 905 505 958 τό·
575 904 830 973 Ἀϐραὰμ
889 904 1220 972 ἀπέθανεν,
1271 905 1519 978 εἰρῆσθαι
1583 905 1689 958 ὑπὸ
1715 905 1811 958 τοῦ

221 998 483 1069 Σωτῆρος
527 997 901 1063 διδάσκοντος,
949 1000 1030 1052 ὅτι
1067 997 1315 1069 Ἀϐραὰμ
1349 997 1443 1068 ἔζη
1463 1038 1478 1062 ,
1502 998 1594 1050 τό⁴
1628 999 1813 1065 Ἀϐρα-

218 1087 311 1156 ὰμ
334 1091 364 1141 ό
386 1087 579 1156 πατὴρ
607 1087 775 1156 ἡμῶν
807 1088 942 1160 (ιτ)
974 1086 1402 1158 ἠγαλλιάσατο,
1432 1087 1532 1140 ἵνα
1573 1084 1668 1154 ἴδῃ
1699 1085 1814 1153 τὴν

217 1179 459 1248 ἡμέραν
486 1179 786 1251 rip-sth,
815 1181 911 1234 καί
950 1176 1092 1243 εἶδε,
1126 1181 1223 1234 καὶ
1249 1178 1456 1250 ἐχάρη.
1490 1177 1554 1232 Εἰ
1590 1177 1664 1250 μὴ
1690 1178 1812 1249 βούο

215 1270 382 1325 λεταί
414 1290 495 1335 τις
517 1271 690 1336 οὓτως
729 1273 872 1344 ἔχειν
900 1272 967 1326 τὰ
1006 1272 1136 1342 περ).
1167 1271 1259 1325 τοῦ
1306 1271 1578 1347 τΛσραᾶιμ,
1605 1269 1811 1340 λεγέτω

215 1363 363 1433 ἡμῖν
400 1363 661 1436 πρότερον
707 1363 833 1416 πότε
867 1364 896 1417 ό
938 1361 1061 1417 ἰδὼν
1100 1363 1198 1434 τὴν
1228 1361 1320 1415 τοῦ
1369 1362 1621 1434 Σωτῆρος
1652 1362 1810 1433 ἡμῶν

218 1449 462 1519 ἡμέραν,
493 1451 584 1502 καὶ
607 1450 698 1503 ἐπὶ
736 1449 909 1520 τούτῳ
943 1449 1429 1520 ἀγαλλιασόμενος,
1473 1450 1566 1502 καὶ⁵
1594 1451 1806 1522 χαρεὶς,

213 1540 308 1594 ἔτι
361 1540 557 1614 θεωρεῖ
597 1543 686 1597 τὸν
740 1542 989 1597 θάνατον·
1022 1542 1057 1614 ἢ
1096 1545 1125 1596 ό
1167 1540 1291 1595 ἰδὼν
1324 1542 1422 1612 τὴν
1468 1542 1681 1615 ἡμέραν
1713 1542 1806 1597 τοῦ

213 1633 495 1704 Σωτῆρος,
532 1635 626 1686 καὶ
651 1633 1144 1705 ἀγαλλιασὰμενος,
1179 1633 1273 1686 καὶ
1314 1633 1522 1704 χαρεὶς,
1555 1633 1809 1699 ἀξιωθεὶς

1913 899 2076 972 365
2109 901 2376 956 Abraham
2436 916 2592 974 pater
2639 917 2808 960 vester
2847 907 3152 972 exsultavit,
3194 923 3253 963 ut
3300 911 3536 968 videret!

1913 990 2049 1043 dient
2080 1005 2253 1045 meum
2279 1006 2300 1056 ;
2329 1001 2376 1046 et
2405 993 2557 1057 vidit,
2586 1004 2635 1047 et
2662 995 2872 1062 gavisus
2906 1009 2982 1049 est
3003 996 3066 1049 ¹⁰.
3095 997 3247 1064 Quod
3271 999 3315 1055 si
3362 1002 3494 1055 nolit

1912 1077 2111 1149 aliquis
2138 1095 2226 1135 res
2252 1080 2488 1137 Abralun
2507 1082 2588 1137 sic
2617 1098 2674 1137 se
2698 1083 2922 1149 habere,
2949 1084 3099 1141 dicat
3128 1088 3283 1142 nobis
3311 1097 3488 1145 utrum

1911 1171 2006 1239 qui
2047 1170 2178 1224 vidit
2202 1171 2500 1241 aliquando
2533 1171 2844 1230 Servatoris
2874 1177 3044 1231 nostri
3082 1178 3246 1243 diem,
3279 1191 3333 1233 et
3353 1165 3490 1234 hanc
3539 1171 3560 1226 ί

1912 1261 1981 1315 ob
2031 1252 2251 1316 causam
2292 1263 2583 1318 exsultavit
2619 1276 2672 1320 et
2720 1270 2936 1335 gavisus
2983 1279 3088 1333 est,
3121 1269 3276 1343 [(51)
3324 1272 3487 1326 etiam

1912 1362 2141 1408 mortem
2165 1353 2340 1408 videat
2370 1374 2383 1408 :
2411 1371 2478 1408 an
2507 1357 2596 1426 qui
2631 1355 2944 1414 Servatoris
2969 1363 3140 1414 nostri
3164 1362 3304 1416 diem
3333 1363 3488 1428 vidit,

1911 1450 1966 1498 et
1994 1443 2306 1511 exsultavit,
2347 1456 2512 1516 atque
2547 1449 2770 1516 gavisus
2805 1462 2881 1505 est
2904 1449 2957 1522 ],
2987 1453 3240 1522 dignatus
3288 1454 3376 1508 tali
3409 1457 3492 1509 vi-

1909 1533 2087 1599 sione,
2118 1544 2372 1605 tanquam
2403 1537 2515 1606 ipsa
2549 1539 2768 1607 dignus,
2797 1552 2987 1610 postea
3017 1542 3261 1610 privatus
3289 1542 3386 1598 fuit
3423 1560 3486 1600 ea

1911 1638 1968 1680 re
1993 1639 2153 1694 quam
2178 1626 2410 1680 viderat.
2433 1625 2567 1679 Nam
2595 1630 2638 1681 si
2665 1639 2954 1698 utrumque
2979 1631 3172 1685 horum
3193 1632 3486 1687 absurdum

209 1722 479 1793 τοιαύτης
506 1723 700 1793 ὅψεως,
732 1725 807 1788 ὡς
853 1723 1004 1789 ἄξιος
1034 1723 1224 1794 αὐτῆς,
1256 1723 1480 1793 ὕστερον
1517 1725 1798 1796 ἐπέρηται

1905 1725 2008 1783 est,
2041 1732 2162 1772 cum
2189 1717 2466 1772 Abraham
2507 1718 2642 1772 vidit
2689 1719 2817 1775 Jesu
2847 1723 3012 1787 diem,
3043 1739 3164 1778 cum
3198 1725 3318 1794 ipso
3343 1729 3489 1795 pario

210 1808 286 1867 οὗ
317 1812 644 1886 ἐθεώρησεν.
675 1814 738 1866 Εἰ
766 1813 876 1882 γὰρ
901 1813 1159 1885 ἑκάτερον
1188 1811 1388 1865 τούτων
1407 1811 1606 1866 ἄτοπόν
1635 1815 1800 1877 ἐστιν,

219 1906 351 1960 ἰδὼν
408 1906 509 1978 τὴν
564 1906 777 1976 ἡμέραν
839 1904 1013 1977 Ἰησοῦ
1075 1904 1344 1977 Ἀϐραὰμ,
1394 1905 1510 1976 ἅμα
1545 1903 1622 1976 τῷ
1676 1903 1804 1957 ἰδεῖν

215 1999 424 2069 ῆκουσε
449 1997 544 2051 καὶ
576 1994 668 2050 τὸν
689 1997 842 2066 λόγον
873 1996 1058 2063 αὑτοῦ,
1081 1997 1172 2049 καὶ
1195 1995 1451 2067 ἐτήρησε,
1475 1997 1568 2049 καὶ
1595 1996 1694 2050 οὑκ
1723 1995 1803 2050 ἐτι

221 2090 454 2144 θάνατον
489 2089 699 2162 θεωρεῖ·
741 2089 833 2143 καί⁵
865 2088 964 2160 οὐχ
1000 2087 1168 2156 ὑγιῶς
1198 2087 1403 2158 ἔλεγον,
1431 2088 1670 2160 ὡσπερεὶ
1720 2087 1804 2143 ἔτι

219 2177 279 2228 ἐν
310 2175 526 2248 θανάτῳ
555 2175 666 2248 (48)
716 2176 1075 2248 τυγχάνοντος
1105 2177 1293 2241 αὑτοῦ,
1333 2178 1382 2230 οἱ
1428 2177 1667 2232 Ἰουδαῖοι
1719 2177 1800 2234 τό·

231 2269 481 2339 Ἀϐραὰμ
517 2268 796 2323 ἀπέθανε.
833 2269 905 2323 Τὸ
936 2268 981 2322 δ’
1004 2270 1189 2341 ὅμοιον
1223 2272 1368 2341 ἐρεῖς
1396 2270 1490 2323 καὶ
1524 2269 1654 2342 περί
1693 2269 1805 2327 τῶν

219 2349 536 2431 προφητῶν·
562 2362 608 2414 εἰ
631 2361 736 2432 γὰρ
761 2361 790 2415 ό
809 2361 942 2424 Θεὸς
960 2361 1060 2414 οὐκ
1085 2360 1202 2414 ἔστι
1232 2361 1463 2432 νεκρῶν,
1498 2361 1635 2415 ἀλλὰ
1669 2360 1805 2427 ζών-

214 2468 347 2517 των,
385 2453 479 2506 καὶ
499 2452 665 2517 ἐστιν,
698 2451 888 2525 ὥσπερ
915 2452 1009 2506 τοῦ
1041 2453 1310 2526 ’Δὸραὰμ,
1345 2454 1440 2508 καὶ
1470 2454 1560 2507 τοῦ
1595 2456 1801 2522 Ἰσαὰκ,

215 2544 314 2597 καὶ
346 2544 442 2597 τοῦ
498 2545 712 2610 Ἰακὼὸ,
761 2543 934 2610 οὕτως
974 2547 1068 2599 καὶ
1105 2545 1214 2598 τῶν
1266 2545 1468 2600 λοιπῶν
1509 2548 1804 2620 προφητῶν

209 2635 371 2700 Θεὸς,
407 2634 542 2701 ζῶσι
575 2639 670 2692 καὶ
713 2640 764 2692 οἱ
798 2639 1091 2711 προφῆται·
1129 2639 1223 2693 καί
1255 2639 1361 2712 γὰρ
1388 2641 1661 2712 ἐτήρησαν
1709 2639 1802 2698 τὸν

210 2727 374 2798 λόγον
425 2729 519 2784 τοῦ
551 2731 680 2784 Υίοῦ
715 2731 809 2785 τοῦ
849 2731 1006 2798 Θεοῦ,
1043 2732 1131 2786 ὅτε
1160 2731 1316 2801 λόγος
1345 2731 1555 2802 Κυρίου
1589 2731 1804 2800 ἐγένετο

207 2821 356 2890 πρὸς
392 2820 630 2892 Ὤσηέ,ἢ
667 2821 821 2890 λόγος
853 2820 1067 2890 ἐγένετο
1098 2821 1235 2892 πρὸς
1265 2821 1557 2892 Ἰερεμίαν,
1587 2821 1803 2892 ἢλόγος

212 2909 435 2978 ἐγένετο
467 2909 604 2980 πρὸς
657 2908 906 2964 Ἡσαΐαν·
952 2909 1015 2962 οὐ
1048 2908 1156 2981 γὰρ
1205 2909 1363 2974 ἄλλος
1405 2910 1560 2979 λόγος
1587 2911 1803 2980 ἐγένετο

214 3004 358 3075 πρός
387 3020 508 3057 τινα
533 3003 754 3068 τούτων,
781 3002 895 3056 ἀλλ’
919 3001 948 3054 ὁ
971 3004 1030 3056 ἐν
1067 3002 1211 3073 ἀρχῇ
1243 3002 1378 3073 πρὸς
1398 3001 1491 3056 τὸν
1510 3001 1642 3056 Θεὸν
1673 3002 1802 3066 Υἱὸς

211 3095 386 3148 αὑτοῦ
415 3093 546 3156 Θεὸς
574 3093 761 3164 Λόγος·
784 3093 878 3146 καὶ
893 3091 1102 3157 τοῦτον,
1130 3093 1180 3144 εἰ
1211 3093 1305 3147 καί
1324 3110 1406 3156 τις
1428 3093 1603 3159 ἄλλος,
1628 3094 1797 3172 mbo!

219 3186 497 3258 προφῆται
530 3187 886 3260 τετηρήκασι,
922 3185 1016 3238 καὶ
1048 3185 1107 3252 ἐξ
1128 3179 1189 3239 οὗ
1212 3183 1466 3256 εἰλήφασι
1500 3184 1590 3239 τὸν
1618 3186 1795 3255 λόγον,

219 3279 448 3333 θάνατον
476 3276 575 3331 οὐκ
623 3277 703 3330 ἔτι
742 3274 1074 3347 ἐθεώρησαν.
1122 3273 1354 3345 Ὁμοίως
1385 3274 1563 3328 τοίνυν
1603 3273 1798 3344 ψεῦδος

215 3369 318 3441 τῷ·
359 3368 489 3426 Νῦν
541 3367 902 3438 ἐγνώκαμεν,
962 3365 1052 3419 ὅτι
1109 3363 1418 3434 δαιμόνιον
1468 3365 1647 3434 ἔχεις,
1702 3365 1793 3420 τό·

229 3460 485 3530 Ἀϐραὰμ
503 3460 784 3522 ἀπέθανε,
808 3458 904 3512 καί
938 3459 991 3512 οὶ
1027 3455 1347 3526 προφῆται,
1377 3458 1668 3530 εἰρημένον
1691 3458 1797 3513 ὑπὸ

213 3554 328 3608 τῶν
377 3551 663 3606 Ἰουδαίων·
697 3549 820 3604 οὔτε
847 3550 955 3623 γὰρ
983 3550 1221 3618 ἔγνωσαν
1238 3549 1512 3622 δαιμόνιον
1540 3549 1686 3622 ἔχειν
1705 3551 1797 3606 τὸν

215 3643 580 3699 ἐπιτάσσοντα
621 3641 936 3714 δαιμονίοις·
978 3641 1153 3706 οὐδεὶς
1185 3641 1294 3710 γὰρ
1323 3640 1582 3709 γινώσκει
1626 3643 1686 3695 τὸ
1720 3643 1795 3714 μὴ

217 3737 483 3809 ὑπάρχον·
519 3733 641 3788 οὔτε
687 3733 936 3806 Ἀϐραὰμ
963 3734 1057 3787 καὶ
1085 3734 1136 3786 οἰ
1177 3733 1453 3804 προφῆται
1481 3733 1540 3787 ἐν
1584 3733 1797 3806 θανάτῳ

215 3827 303 3883 ἔτι
326 3824 486 3901 ἦσαν,
521 3826 611 3882 ὅτε
653 3825 836 3893 ἔλεγον
872 3825 926 3878 οἰ
969 3823 1211 3877 Ἰουδαῖοι
1253 3823 1333 3876 τό·
1375 3822 1620 3892 Ἀϐραὰμ
1653 3822 1798 3878 ἀπέ-

216 3923 383 3984 θανε,
431 3919 529 3974 καί
579 3920 632 3972 οἰ
677 3913 994 3986 προφῆται.
1031 3913 1188 3969 Μετὰ
1231 3913 1407 3968 ταῦτα
1445 3913 1714 3985 ζητοῦμεν
1742 3913 1795 3967 τί

215 4011 439 4084 δήποτε,
470 4009 563 4064 τοῦ
593 4009 841 4080 Σωτῆρος
866 4005 1148 4078 εἰρηκότος
1175 4005 1304 4077 περὶ
1345 4004 1544 4069 παντὸς
1572 4003 1666 4059 τοῦ
1699 4022 1797 4077 τη-

218 4102 446 4177 ροῦντος
479 4101 644 4156 αὑτοῦ
675 4102 766 4155 τὸν
791 4099 969 4177 λόγον,
999 4100 1082 4154 ὅτι
1123 4097 1393 4153 Θάνατον
1411 4098 1484 4152 οὐ
1511 4097 1796 4166 θεωρήσει

211 4176 306 4264 αις
339 4195 447 4249 τὸν
475 4189 680 4256 αἰῶνα,
712 4193 761 4246 οἰ
801 4176 1042 4244 ςΙουδαίοι
1089 4189 1225 4261 μετὰ
1255 4189 1326 4243 τὰ
1377 4187 1798 4262 προεξετασθέν-

212 4305 305 4353 τα,
351 4286 470 4341 δέον
510 4285 707 4346 αὐτοὺς
752 4283 1099 4354 καταλληλως
1129 4280 1226 4352 τῷ·
1273 4279 1543 4335 Θάνατον
1596 4281 1668 4334 οὐ
1706 4278 1792 4350 μὴ

1908 1816 1990 1861 ter
2016 1807 2202 1863 videre
2233 1808 2439 1862 audivit
2471 1808 2634 1863 etiam
2658 1826 2966 1866 sermonem
3003 1814 3197 1883 ipsius,
3221 1825 3276 1871 et
3301 1829 3488 1870 serva-

1903 1898 2002 1964 vit,
2033 1913 2133 1954 nec
2157 1899 2390 1970 amplius
2426 1911 2655 1966 mortem
2683 1903 2868 1971 videt;
2903 1919 3004 1960 nec
3040 1915 3186 1961 recte
3210 1905 3379 1963 «ιυάωὶ
3403 1910 3485 1962 di-

1905 1989 2102 2044 cebant
2131 1990 2438 2046 :Abra'ham
2468 2005 2707 2049 mortuus
2752 2004 2851 2061 est,
2893 1996 3117 2064 perinde
3171 1999 3326 2068 quasi
3372 2000 3487 2070 ipse

1905 2081 2070 2136 etiam
2093 2091 2205 2137 tum
2235 2083 2290 2138 in
2312 2095 2489 2140 morte
2511 2097 2678 2140 esset.
2707 2085 2899 2140 Simile
2921 2088 3087 2141 etiam
3114 2089 3180 2142 de
3203 2090 3486 2159 praphetis

1907 2173 2057 2230 dices
2085 2191 2097 2227 :
2127 2189 2253 2229 nam
2280 2175 2327 2231 si
2357 2175 2502 2233 Deus
2533 2194 2640 2234 non
2667 2187 2752 2233 est
2784 2189 3148 2245 mortuorum,
3181 2181 3278 2235 sed
3301 2183 3487 2236 viven-

1908 2265 2066 2333 tium,
2087 2278 2144 2322 et
2177 2276 2236 2323 ut
2257 2277 2343 2323 est
2364 2268 2664 2337 Abraham,
2691 2280 2748 2327 et
2771 2270 2944 2339 Isaac,
2969 2282 3024 2328 et
3049 2270 3219 2328 Jacob
3247 2272 3390 2328 Dens
3418 2274 3485 2338 ",

1905 2359 1986 2415 sic
2020 2359 2187 2415 etiam
2222 2369 2306 2417 est
2336 2370 2662 2418 cmterorum
2691 2366 3081 2434 prophetarum
3115 2365 3275 2431 Deus,
3301 2369 3489 2420 vivunt

1905 2451 2072 2506 etiam
2097 2452 2377 2523 praplietze
2405 2470 2418 2507 :
2451 2462 2508 2508 ut
2539 2455 2633 2523 qui
2671 2465 3030 2511 servaverunt
3056 2457 3224 2511 etiam
3275 2471 3488 2511 sermo-

1905 2558 2028 2598 nem
2055 2543 2176 2598 Filii
2198 2544 2316 2610 Dei,
2342 2546 2560 2614 quando
2584 2561 2766 2601 sermo
2789 2546 2970 2624 factus
2999 2545 3080 2602 cét
3105 2551 3170 2602 ad
3194 2547 3391 2604 Oscam
3418 2550 3483 2613 υ,

1903 2635 1987 2691 vel
2012 2651 2192 2692 sermo
2232 2637 2409 2694 factus
2439 2645 2524 2692 est
2553 2639 2620 2692 ad
2645 2635 2944 2694 Jeremiam
2973 2640 3041 2706 ⁸³,
3070 2640 3154 2696 vel
3195 2656 3375 2696 sermo
3404 2641 3487 2694 fa-

1903 2734 2022 2782 ctus
2050 2735 2136 2784 est
2155 2730 2225 2784 ad
2252 2727 2453 2784 lsaiam
2481 2727 2529 2762 “
2558 2745 2572 2782 :
2601 2743 2701 2784 nec
2724 2730 2872 2784 enim
2907 2729 3048 2785 alius
3079 2745 3261 2786 sermo
3286 2733 3352 2784 ad
3379 2731 3483 2784 ali-

1903 2834 2062 2888 quem
2107 2820 2301 2876 horum
2361 2820 2538 2876 lactus
2599 2829 2713 2887 est,
2756 2831 3118 2893 prteterquam
3165 2822 3359 2877 Sermo
3396 2823 3486 2877 ille

1904 2909 2142 2980 quierat
2199 2913 2251 2967 in
2305 2912 2576 2984 principio
2604 2915 2746 2984 apud
2793 2913 2962 2970 Deum
2991 2915 3055 2979 ¹⁸,
3094 2913 3269 2972 Filius
3315 2917 3486 2986 ipsius

1908 3001 2000 3056 Dei
2025 3002 2218 3060 Sermo
2243 3021 2257 3059 :
2288 3007 2533 3075 quem,si
2567 3007 2692 3076 quis
2721 3004 2878 3069 alius,
2905 3005 3184 3075 propheta:
3214 3007 3266 3061 in
3290 3009 3484 3079 primis
3598 3019 3603 3024 '

1903 3106 2283 3162 servaverunt,
2327 3098 2417 3168 qui
2443 3098 2635 3164 etiam,
2670 3113 2736 3152 ex
2773 3111 2881 3166 quo
2912 3108 3240 3167 acceperunt
3273 3114 3485 3155 sermo-
3576 3100 3589 3112 '

1901 3203 2049 3254 nem,
2079 3198 2314 3244 mortem
2367 3191 2606 3263 amplius
2650 3206 2756 3245 non
2801 3192 3074 3246 viderunt.
3101 3191 3282 3264 Eque
3318 3194 3485 3265 igitur

1899 3279 2102 3336 falsum
2140 3291 2226 3338 est
2256 3297 2269 3333 :
2303 3281 2462 3337 Nunc
2492 3283 2825 3354 cognovimus
2871 3283 3012 3353 quod
3041 3283 3360 3339 dwmonium
3389 3285 3485 3338 ha-

1903 3375 1995 3430 bes
2023 3373 2089 3441 ⁸⁸,
2119 3386 2284 3446 atque
2317 3375 2420 3432 hoc
2448 3392 2464 3432 ι
2492 3375 2760 3430 Abraham
2783 3384 3022 3429 mortuus
3052 3384 3151 3440 est,
3181 3385 3228 3429 et
3257 3377 3486 3446 prophe-

1900 3474 1970 3520 tte
1994 3466 2060 3533 ",
2087 3469 2229 3535 quod
2259 3464 2725 3522 dixeruntJudaei.
2752 3465 2942 3535 Neque
2969 3467 3114 3521 enim
3145 3476 3484 3536 agnoverant

1898 3557 2222 3613 daemonium
2281 3557 2485 3613 habere
2525 3572 2651 3612 eum
2683 3557 2776 3626 qui
2816 3556 3122 3626 imperabat
3161 3556 3480 3623 daemoniis;

1898 3647 2080 3703 nullus
2123 3649 2271 3702 enim
2319 3647 2600 3716 cognoscit
2627 3647 2772 3716 quod
2805 3661 2912 3702 non
2944 3655 3064 3712 est;
3102 3661 3279 3716 neque
3302 3646 3479 3702 Abra-

1899 3737 2025 3792 ham
2053 3744 2110 3790 et
2140 3735 2420 3806 propheta
2467 3735 2520 3790 in
2557 3743 2732 3789 morte
2775 3735 3010 3806 amplius
3049 3746 3227 3801 erant,
3259 3738 3477 3807 quando

1897 3826 2154 3882 dicebant
2172 3823 2347 3880 Judaei
2378 3843 2394 3882 :
2421 3824 2687 3880 Abraham
2721 3837 2960 3882 mortuus
2989 3838 3089 3896 est,
3113 3837 3163 3883 et
3184 3829 3473 3898 prophetia.

1897 3918 2102 3975 Deinde
2127 3918 2422 3989 quaerimus
2448 3934 2546 3975 cur
2579 3921 2821 3988 tandem,
2861 3937 2982 3977 cum
3019 3921 3246 3977 dixisset
3277 3921 3475 3977 Serra-

1899 4019 1986 4065 tor
2000 4010 2067 4066 de
2096 4025 2421 4080 quocunque
2445 4012 2536 4082 qui
2571 4013 3065 4082 sermonemipsius
3093 4023 3308 4070 servat:
3331 4013 3477 4068 Mor-

1897 4114 2000 4159 tem
2036 4121 2140 4158 non
2184 4104 2372 4159 videbit
2399 4105 2453 4159 in
2480 4113 2753 4172 wternum,
2780 4107 2944 4178 idque
2968 4108 3232 4178 exigeret,
3269 4108 3349 4162 uti
3379 4106 3476 4163 Ju-

1896 4196 1996 4250 dazi
2022 4206 2144 4266 post
2166 4195 2254 4250 illa
2280 4197 2438 4252 verba
2463 4212 2587 4267 qua:
2609 4207 2767 4253 antea
2794 4198 3252 4264 examinavimus,
3279 4215 3476 4254 consc-

1895 4295 2128 4356 quenter
2153 4286 2239 4342 his
2257 4288 2440 4345 verbis
2475 4310 2486 4341 :
2513 4287 2739 4344 Nartem
2767 4306 2870 4346 non
2896 4292 3084 4346 videbit
3113 4291 3167 4344 in
3194 4303 3470 4356 teternum,

216 4379 502 4448 θεωρήσει
533 4379 621 4444 εἰς
647 4375 752 4431 τὸν
779 4375 984 4440 αἰῶνα,
1012 4374 1308 4448 εἰρηκέναι·
1331 4373 1444 4433 Καὶ
1465 4373 1546 4428 σὺ
1571 4371 1788 4444 λέγεις·

1902 4378 2145 4434 dicerent
2177 4396 2190 4434 :
2223 4377 2292 4432 Et
2317 4391 2375 4434 tu
2401 4382 2534 4435 dicis
2561 4395 2581 4434 :
2607 4380 2667 4436 Si
2691 4383 2810 4452 quis
2835 4395 3127 4436 sermonem
3160 4395 3332 4433 meum
3365 4396 3477 4434 ser-

231 4473 366 4527 Ἐάν
397 4489 488 4538 τις
513 4468 621 4524 τὸν·
644 4469 791 4539 ἐμὸν
827 4468 1014 4536 λόγον
1035 4464 1290 4535 τηρήσῃ,
1325 4464 1586 4519 θάνατον
1615 4467 1688 4518 οὐ
1703 4464 1789 4535 μὴ

218 4561 502 4632 θεωρήσει
522 4565 608 4628 εἱς
637 4559 745 4614 τὸν
773 4557 977 4614 αἰῶνα·
1002 4559 1052 4611 οἱ
1072 4558 1130 4611 δὲ
1157 4557 1217 4611 οὐ
1247 4557 1425 4621 τοῦτο,
1453 4555 1590 4612 ἀλλὰ
1616 4557 1679 4611 τὸ
1717 4559 1790 4632 μὴ

219 4657 504 4730 εἰρημένον
535 4653 647 4726 (49)
677 4650 888 4706 ὑπὸτοῦ
906 4649 1156 4722 Σωτῆρος
1180 4666 1362 4718 φασιν·
1393 4649 1455 4702 οὐ
1482 4649 1589 4721 γὰρ
1617 4645 1788 4704 εἶπεν·

231 4750 368 4805 Ἐάν
392 4769 480 4817 τις
503 4749 608 4804 τὸν
631 4746 776 4818 ἐμὸν
801 4745 991 4814 λόγον
1023 4740 1282 4810 τηρήσῃ,
1317 4741 1578 4797 θανάτου
1613 4744 1684 4795 οὐ
1705 4742 1791 4811 μὴ

219 4844 503 4912 γεύσηται
525 4842 614 4906 εἰς
643 4838 747 4892 τὸν
768 4835 974 4900 αἰῶνα,
999 4834 1137 4906 ὅπερ
1159 4827 1303 4888 οὗτοι
1324 4832 1688 4905 προφέρονται
1717 4832 1794 4896 ώς

219 4932 324 4986 ὑπὸ
353 4930 449 4985 τοῦ
493 4929 699 5001 Κυρίου
720 4923 880 4998 ἡμῶν
909 4922 1214 4996 εἰρημένον.
1253 4921 1362 4974 Καὶ
1389 4920 1491 4990 δρα
1516 4922 1564 4974 εἰ
1601 4921 1677 4994 μὴ
1713 4921 1793 4992 τῷ

219 5023 358 5078 εἶναι
386 5021 497 5094 (50)
531 5018 792 5092 διαφορὰν
821 5017 917 5072 τοῦ
949 5017 1023 5088 μὴ
1046 5015 1269 5086 θεωρεῖν
1297 5011 1546 5076 θάνατον,
1575 5014 1668 5065 καὶ
1697 5012 1792 5066 τοῦ

288 5118 488 5174 ’Joan.
531 5132 649 5182 vnt,
687 5115 776 5172 52.
871 5115 917 5146 ¹⁹
944 5112 1072 5168 ibid.

221 5188 268 5225 ”
290 5188 448 5246 Joan.
476 5203 516 5253 ι,
544 5188 601 5242 2.
636 5178 647 5182 ’
713 5188 758 5218 ⁸⁸
784 5183 941 5241 Joan.
974 5196 1070 5238 vut
1091 5222 1107 5250 ,
1133 5180 1222 5236 52.
1298 5178 1340 5212 ¹⁷
1370 5178 1501 5235 ibid.

290 5309 430 5380 (δῖ’)
481 5306 638 5380 Legit
692 5306 961 5380 interpres
1021 5302 1211 5380 {iptith
1266 5310 1321 5357 et
1382 5314 1507 5380 mox
1558 5297 1790 5380 πότερόν

220 5371 441 5438 ποτε...
478 5371 976 5446 ἁγᾶλλιασάμένος·
1009 5371 1086 5446 sic
1119 5373 1283 5427 etiam
1339 5371 1579 5427 scribere
1605 5378 1792 5424 amant

223 5442 554 5504 recentiores
585 5442 840 5502 editores.
881 5444 976 5497 Eo.
1008 5442 1254 5497 ΡΑτιιοι..

293 5519 404 5592 (48)
420 5516 709 5592 ⁸Ὠσαπεριιτί
735 5515 822 5592 ἔτι
845 5515 916 5568 ἐν
936 5511 1188 5592 θανάτῳ,
1213 5522 1320 5566 etc.
1346 5509 1423 5592 Ita
1458 5518 1608 5592 recte
1655 5507 1785 5592 legit

223 5583 522 5650 l‘ei-ionins,
548 5583 1268 5656 cujus_interpretationem
1309 5583 1675 5656 alloptamus._
1713 5583 1784 5633 At

225 5661 432 5716 videtur
457 5648 652 5728 legisse
698 5648 1001 5720 Ferrarius,
1040 5651 1280 5721 ὡσπερεὶ
1329 5649 1499 5704 αἰτίου
1545 5648 1779 5704 θανάτου

1331 5108 1374 5140 ¹¹
1404 5105 1596 5166 Matth.
1631 5123 1765 5176 xxn,
1821 5109 1912 5166 σε.

1896 4471 2115 4534 vaverit,
2138 4480 2356 4527 mortem
2380 4489 2484 4527 non
2516 4473 2706 4527 videbit
2741 4473 2794 4526 in
2831 4482 3108 4536 wternum,
3139 4469 3212 4524 illi
3238 4485 3342 4524 non
3373 4472 3476 4524 hoc

1896 4559 2128 4627 faciant,
2152 4561 2247 4616 sed
2276 4561 2640 4631 respondeant
2661 4560 2808 4630 quod
2831 4557 3094 4614 Servator
3121 4572 3225 4612 non
3253 4558 3472 4614 dixerit.

1896 4647 2084 4718 Neque
2126 4651 2270 4705 enim
2324 4650 2542 4706 dixerat
2577 4651 2875 4704 Servator:
2909 4645 2971 4701 Si
3024 4646 3144 4716 quis
3181 4661 3473 4700 sermonem

1895 4757 2068 4794 meum
2096 4745 2411 4810 servaverit,
2441 4752 2660 4796 mortem
2703 4757 2806 4794 non
2855 4741 3084 4810 gustabit
3117 4740 3173 4793 in
3199 4749 3472 4802 wternum,

1897 4832 2040 4900 quod
2082 4831 2168 4887 isti
2201 4831 2491 4902 proferunt
2525 4841 2782 4901 tanquam
2813 4846 2843 4885 a
2877 4831 3107 4886 Domino
3154 4838 3344 4885 nostro
3388 4831 3472 4885 di-

1897 4929 2069 4978 ctum.
2103 4921 2168 4977 Et
2199 4923 2322 4978 vide
2363 4937 2430 4977 an
2475 4922 2606 4993 quia
2640 4919 2946 4977 differentia
2991 4919 3066 4976 sit
3109 4919 3255 4974 inter
3282 4918 3470 4973 videre

1897 5024 2152 5080 mortem,
2176 5022 2228 5070 et
2255 5021 2476 5086 gustare
2507 5025 2758 5081 mortem,
2787 5029 2820 5070 a
2849 5011 3062 5071 caeteris
3082 5011 3246 5082 366
3267 5009 3474 5081 pariter

2028 5109 2219 5168 “Ose.
2266 5111 2383 5179 1,1.
2489 5108 2756 5167 “Jerem.
2809 5124 2919 5176 xiv,
2970 5107 3024 5163 1.
3118 5104 3164 5138 ³⁸
3189 5103 3295 5162 lla.
3324 5119 3385 5172 ιι,
3417 5104 3470 5160 1.

1894 5299 2253 5380 τυγχανοντος
2285 5297 2472 5353 αὑτοῦ·
2500 5299 2663 5354 vertit
2683 5299 2828 5380 enim
2854 5314 2868 5352 :
2882 5299 3122 5380 feritate
3149 5299 3303 5368 quasi
3329 5313 3471 5353 mors

1894 5369 2122 5422 Abruha:
2148 5370 2200 5422 in
2239 5386 2401 5422 causa
2434 5381 2586 5433 esset,
2616 5379 2671 5421 ut
2697 5373 2851 5423 etiam
2876 5369 3116 5424 Christus
3156 5380 3468 5423 moreretur.

1969 5437 2080 5474 tﬂll
2143 5438 2230 5474 Ms‘.
2286 5440 2598 5474 ιιῖηνιηέινην
2683 5437 2736 5474 Ι..
2789 5439 3029 5474 mlitimm
3087 5439 3262 5474 Ihmsii
3318 5439 3467 5474 .lmus

1969 5437 2080 5508 (49)
2135 5438 2230 5506 Μὴ
2282 5440 2614 5507 εἰρημένον.
2681 5437 2737 5490 In
2789 5439 3029 5492 editione
3087 5439 3265 5496 llnetii
3318 5439 3472 5495 deest

1897 5508 2175 5578 utquod
2203 5509 2406 5577 legitur
2441 5509 2492 5561 in
2525 5507 2711 5578 codice
2739 5507 3051 5578 Bodleiano.

1966 5573 2080 5646 (50)
2112 5573 2295 5646 (ξοαεὶ
2324 5578 2546 5646 Ιιρείιιε,
2568 5577 2629 5629 τὸ
2663 5573 2822 5640 εἶναι,
2851 5577 3010 5633 male.

1963 5645 2074 5719 (5|)
2113 5645 2236 5702 llaec
2269 5645 2642 5718 supplevimus
2676 5663 2706 5703 e
2739 5647 3006 5704 Pet-ionio.
