3866 6200
467 269 572 327 673

1923 257 2244 316 οιιιοεκιε
3568 269 3652 323 676

464 388 813 460 cvangelistis
838 388 1038 443 dictum
1060 385 1245 448 interit,
1269 398 1363 438 eos
1389 383 1480 454 qui
1507 398 1675 454 prope
1691 382 1820 438 Jesu
1845 391 2029 437 essent

2137 381 2212 452 μὴ
2241 379 2496 450 γεύεσθαι
2533 377 2786 443 θανάτου,
2822 378 2924 433 ὑπὸ
2953 378 3060 432 τῶν
3081 378 3284 434 λοιπῶν
3303 379 3408 451 ἅμα
3423 381 3656 452 εὐαγγελι-

465 499 571 538 non
605 493 916 553 gnstaturos
950 487 1196 542 mortem,
1224 477 1398 545 qtthd
1431 492 1600 547 usque
1637 476 1899 530 vidissent
1936 474 2031 530 Fi-

465 571 598 644 lium
634 571 870 626 hominis
919 567 1225 620 venientem
1265 565 1316 619 in
1367 580 1530 635 regno
1574 581 1691 620 suo.
1741 563 2030 619 Matthzeus

467 663 686 733 quidem
734 661 812 715 sic
859 659 1022 714 habet
1055 677 1068 712 :
1106 657 1267 710 Amen
1308 658 1424 710 dico
1447 658 1610 722 vobis,
1653 667 1774 711 sunt
1814 657 2030 727 quidam

465 755 549 807 hic
588 759 810 814 stantes,
836 749 925 818 qui
965 765 1068 802 non
1111 748 1394 813 gustabunt
1425 755 1668 810 mortem,
1703 747 1866 798 donec
1888 744 2032 798 vide-

463 845 568 896 rint
593 841 794 896 Filium
817 842 1041 895 hominis
1063 841 1342 894 venientem
1369 840 1423 892 in
1447 855 1602 908 regno
1624 855 1717 892 suo
1737 838 1800 893 ¹⁸.
1821 837 2031 891 Marcus

463 949 591 988 vero
619 951 632 986 :
664 934 826 985 Amen
855 933 971 985 dico
1016 929 1178 994 vobis,
1221 939 1342 984 sunt
1391 930 1604 1000 quidam
1639 931 1770 982 inter
1810 944 1895 981 eos
1943 925 2031 996 qui

462 1027 546 1080 hic
569 1036 730 1089 stant,
767 1024 855 1092 qui
893 1039 995 1076 non
1041 1022 1322 1091 gustabunt
1353 1033 1595 1081 mortem,
1621 1021 1784 1074 donec
1811 1019 2032 1072 viderint

465 1133 680 1188 regnum
721 1115 814 1169 Dei
851 1119 1047 1168 venisse
1085 1130 1202 1166 cum
1242 1112 1563 1182 potentia".
1588 1113 1658 1166 At
1695 1111 1866 1166 Lucas
1907 1111 2027 1165 sic:

480 1207 605 1262 Vere
623 1218 742 1262 sunt
774 1207 986 1270 quidam
1012 1206 1096 1258 hic
1125 1205 1454 1273 stantes,qui
1487 1221 1588 1257 non
1604 1204 2033 1273 gustabuntmor—

464 1313 590 1364 tem,
617 1300 778 1352 donec
799 1297 1007 1351 videant
1033 1294 1230 1350 Filium
1260 1296 1487 1350 hominis
1525 1298 1808 1349 venientem
1844 1294 1899 1346 in
1923 1292 2032 1362 qla-

465 1393 545 1445 ria
568 1407 664 1445 sua
685 1389 821 1442 ¹⁰·²¹.
861 1389 927 1444 Ut
949 1387 1091 1444 enim
1122 1385 1175 1441 in
1201 1401 1428 1456 corpore
1451 1387 1649 1440 diversi
1677 1395 1799 1437 sunt
1819 1397 2029 1448 sensus,

465 1492 657 1552 gustus
686 1490 738 1536 et
770 1480 938 1542 visus,
971 1479 1049 1532 sic
1088 1476 1243 1548 juxta
1272 1491 1467 1532 sensus
1491 1477 1581 1545 qui
1612 1491 1644 1530 a
1673 1474 2030 1531 Salomone"

466 1573 633 1628 divini
668 1573 944 1634 dicuntur,
980 1569 1083 1622 alia
1119 1571 1224 1623 erit
1253 1569 1450 1622 anima:
1486 1567 1724 1637 potentia
1764 1581 1883 1636 qua:
1919 1565 2028 1619 vim

464 1663 680 1720 videndi
726 1661 886 1716 habet
927 1670 980 1714 et
1017 1659 1454 1728 contemplandi;
1493 1658 1596 1710 alia
1630 1672 1749 1728 quas
1778 1656 2030 1727 gustandi

2138 472 2280 527 στῶν
2326 473 2536 542 εἴρηται
2582 471 2714 542 περὶ
2767 470 2863 524 τοῦ
2910 471 2984 542 μὴ
3012 471 3269 540 γεύεσθαι
3303 471 3512 527 θανάτου
3557 479 3657 542 τοὺς

2135 565 2301 634 ἐγγὺς
2329 565 2422 618 τοῦ
2444 564 2620 636 Ἰησοῦ
2653 564 2912 630 ἑστῶτας,
2947 565 3052 628 ἕως
3092 565 3158 618 ἂν
3185 566 3333 620 ἴδωσι
3350 569 3436 622 τὸν
3461 571 3570 627 Υίδν
3583 574 3655 628 τοῦ

2135 655 2422 726 ἀνθρώπου
2457 656 2748 728 ἐρχόμενον
2770 657 2829 710 ὲν
2861 660 2926 729 τῇ
2955 657 3201 730 βασιλείᾳ
3235 660 3441 714 ἑαυτοῦο
3472 662 3552 716 τοῦ
3583 667 3657 736 μὲν

2136 745 2434 800 Ματθαίουο
2471 745 2666 815 Ἀμὴν,
2690 746 2854 815 ἀμὴν
2881 747 3036 817 λέγω
3067 748 3230 818 ὑμῖν,
3265 751 3379 803 εἱσι
3409 769 3550 818 τινες
3569 754 3659 808 τῶν

2133 831 2250 892 ὧδε
2274 835 2565 901 ἑστώτων,
2603 839 2818 903 οἵτινες
2841 839 2914 892 οὐ
2949 838 3035 908 μὴ
3075 841 3396 908 γεύσωνται
3424 844 3654 911 θανάτου,

2136 924 2246 990 ἕως
2277 924 2351 978 ἂν
2382 924 2555 978 ἴδωσι
2593 924 2702 978 τὸν
2739 925 2875 979 Υιὸν
2911 925 3017 980 τοῦ
3043 927 3353 995 ἀνθρώπου
3381 929 3656 1000 ἐρχόμενον

2135 1017 2206 1069 ὲν
2256 1013 2332 1083 τῇ
2364 1017 2651 1082 ,ϐασιλείᾳ
2695 1015 2932 1071 ἑαυτοῦ·
2989 1017 3081 1070 τοῦ
3121 1017 3179 1071 δὲ
3225 1018 3463 1089 Μάρκουο
3497 1020 3651 1089 Ἀμὴν,

2137 1106 2299 1176 ἀμὴν
2344 1107 2498 1179 λέγω
2535 1109 2697 1178 ὑμῖν,
2748 1108 2838 1163 ὅτι
2871 1110 2993 1163 εὶσί
3035 1127 3194 1178 τινες
3233 1111 3347 1164 τῶν
3367 1111 3655 1178 ἑστηκότων

2136 1195 2272 1264 ὦδε,
2325 1202 2542 1266 οἵτινες
2586 1203 2659 1254 οὐ
2697 1199 2784 1269 μὴ
2832 1202 3162 1270 γεύσωνται
3186 1201 3458 1265 θανάτου,
3493 1203 3657 1269 ἕωςᾰτ

2139 1290 2306 1344 zeum
2332 1290 2446 1358 τὴν
2463 1292 2790 1355 ,ϐασιλείαν
2821 1290 2928 1345 τοῦ
2953 1291 3100 1346 Θεοῦ
3115 1292 3474 1360 ἐληλυθυῖαν
3499 1295 3559 1347 ἐν
3581 1295 3657 1349 6v-

2136 1381 2328 1452 νὰμει’
2359 1380 2452 1436 τοῦ
2498 1381 2555 1434 δὲ
2585 1383 2785 1435 Λουκᾶο
2829 1382 3092 1449 Ἀληθῶς
3115 1384 3238 1436 εισι
3263 1401 3418 1450 τινες
3437 1384 3544 1438 τῶν
3570 1381 3658 1440 ὦδε

2138 1475 2428 1539 ἑστώτων,
2464 1477 2679 1541 οἵτινες
2713 1477 2784 1528 οὐ
2812 1477 3127 1544 γεύσονται
3165 1476 3438 1541 θανάτοιο,
3484 1479 3578 1545 ἕως
3602 1478 3660 1532 ἂν

2138 1566 2309 1620 Ζδωσι
2349 1564 2456 1618 τὸν
2505 1565 2643 1618 Υιὸν
2682 1564 2787 1617 τοῦ
2831 1564 3144 1632 ἀνθρώπου
3172 1567 3488 1638 ἐρχόμενον
3518 1569 3576 1620 ὲν
3602 1567 3659 1636 τῇ

2137 1655 2287 1724 δόξῃ
2316 1654 2520 1709 αὐτοῦ.
2555 1655 2766 1724 Ὥσπερ
2793 1653 2900 1725 γὰρ
2932 1655 3023 1706 ἐπὶ
3051 1655 3145 1707 τοῦ
3191 1655 3437 1726 σώματος
3463 1655 3658 1726 διάφοροι

465 1764 522 1809 et
547 1754 872 1822 adipiscendi
898 1752 1210 1821 qualitatem
1236 1765 1422 1805 eorum
1448 1749 1696 1803 ciborum
1727 1747 1817 1818 qui
1850 1749 2029 1801 animo

2139 1742 2422 1814 αἰσθήσεις
2468 1741 2592 1806 εἰσὶ,
2640 1741 2826 1810 γεῦσις
2858 1744 2951 1795 καὶ
2989 1743 3195 1814 ὅρασις,
3243 1743 3408 1808 οὕτως
3445 1745 3566 1798 κατὰ
3587 1745 3660 1808 τὰς

465 1844 856 1915 percipiuntur.
888 1843 951 1897 Et
983 1843 1239 1912 quoniam
1276 1849 1544 1910 quatenus
1586 1839 1846 1894 Dominus
1875 1839 2031 1908 panis

465 1943 547 1992 est
577 1936 730 1988 vivus
758 1933 846 2000 qui
871 1947 901 1986 e
925 1932 1066 1987 coelo
1093 1931 1378 1987 descendit
1398 1929 1588 1994 “,sub
1619 1937 1835 2000 gustum
1861 1929 2029 1994 cadit,

466 2026 716 2080 nutriens
733 2025 971 2078 animam
995 2039 1010 2089 ;
1033 2024 1232 2078 cadens
1256 2023 1421 2078 etiam
1440 2022 1538 2076 sub
1556 2021 1749 2083 visum,
1767 2030 2033 2088 quatenus

466 2115 735 2181 sapientia
766 2123 869 2179 est,
889 2112 1042 2181 cujus
1060 2112 1481 2181 pulchritudinis
1513 2120 1810 2165 amatorem
1831 2124 1890 2164 se
1913 2124 2034 2164 esse

464 2206 668 2262 fatetur
701 2207 810 2270 ille,
842 2206 931 2274 qui
970 2205 1104 2259 dicit
1130 2205 1220 2259 ’δε
1271 2204 1492 2256 Amator
1535 2203 1708 2272 factus
1746 2218 1862 2256 sum
1889 2199 2033 2254 illius

462 2295 911 2366 pulchritudinis;
946 2294 1104 2348 nobis
1135 2293 1298 2346 etiam
1343 2291 1470 2345 illud
1500 2289 1820 2360 praecipiens
1849 2307 1862 2340 :
1899 2290 2032 2342 Ama

464 2406 602 2452 eam,
625 2398 673 2442 et
721 2389 944 2441 servabit
994 2399 1040 2442 te
1056 2389 1140 2454 ¹³;
1173 2387 1311 2442 hanc
1343 2383 1413 2438 ob
1441 2397 1656 2438 causam
1701 2381 1755 2435 in
1802 2379 2032 2436 Psalmis

464 2479 665 2532 dictum
689 2476 862 2532 est":
890 2474 1129 2542 Gustate,
1147 2487 1191 2529 et
1213 2476 1395 2541 videte,
1412 2474 1551 2544 quod
1574 2472 1748 2526 suavis
1764 2481 1839 2526 est
1859 2471 2034 2525 Domi-

463 2582 583 2621 nus.
614 2566 679 2620 Et
707 2577 764 2619 ut
791 2565 1051 2619 Dominus
1077 2565 1174 2619 sub
1197 2574 1432 2634 gustum,
1459 2571 1512 2615 et
1539 2562 1638 2616 sub
1657 2561 1830 2616 visum
1865 2562 2029 2627 cadit,

463 2656 541 2710 sic
567 2658 728 2710 etiam
759 2655 1070 2708 adversaria
1117 2653 1235 2722 ejus
1268 2667 1414 2707 mors
1452 2651 1557 2705 sub
1599 2662 1811 2721 gustum
1839 2659 1893 2704 et
1931 2652 2032 2705 sub

461 2747 636 2801 visum
667 2745 828 2800 cadit.
848 2743 1075 2798 Mortem
1107 2743 1208 2797 sub
1225 2752 1440 2814 gustum
1463 2742 1659 2796 cadere
1681 2740 1808 2794 illud
1833 2741 1988 2796 docet
2012 2757 2029 2794 :

465 2837 598 2892 Sunt
621 2836 835 2906 quidam
857 2837 940 2888 hic
962 2843 1178 2899 stantes,
1205 2835 1295 2905 qui
1314 2849 1418 2888 non
1433 2833 1713 2904 gustabunt
1730 2845 1946 2886 mortem
1960 2833 2030 2898 ",

465 2937 518 2984 ct
543 2942 661 2999 qua:
687 2936 1020 2996 sequuntur;
1051 2927 1192 2998 quod
1224 2939 1352 2980 vero
1393 2928 1493 2980 sub
1521 2926 1694 2979 visum
1743 2925 1906 2980 etiam
1935 2939 2032 2980 ca-

463 3022 578 3085 dat,
601 3019 726 3073 illud
753 3036 766 3073 :
791 3017 851 3073 Si
874 3019 990 3088 quis
1005 3033 1292 3072 sermonem
1314 3033 1484 3071 meum
1506 3017 2032 3081 seruaverit,mortem

463 3127 565 3165 non
590 3111 784 3164 uidebit
812 3111 869 3164 in
917 3121 1170 3163 wternum
1189 3109 1235 3140 “
1260 3125 1276 3166 :
1308 3107 1533 3178 proinde
1576 3115 1756 3177 gustat
1781 3117 2031 3172 mortem,
2060 3089 2102 3147 ο

462 3217 563 3257 nec
593 3202 767 3256 solum
798 3209 1000 3271 gustat,
1036 3214 1225 3254 verum
1261 3200 1427 3252 etiam
1461 3207 1657 3262 morte,
1693 3197 1854 3253 veluti
1887 3198 2028 3262 cibo,

461 3290 711 3366 expletur
751 3291 842 3360 qui
885 3289 1157 3344 contraria
1200 3289 1380 3344 verbis
1409 3289 1534 3342 vitae
1559 3298 1774 3342 tutetute
1804 3288 2033 3357 profert.

460 3379 759 3436 Promissio
782 3381 945 3435 etiam
997 3390 1082 3434 est
1115 3377 1384 3432 neminem
1431 3385 1663 3432 stantem
1699 3376 1754 3432 in
1791 3378 1908 3433 loco
1940 3378 2033 3447 qui

459 3483 642 3528 mente
689 3475 953 3537 cernitur,
987 3486 1144 3542 quem
1194 3471 1533 3526 demonstrat
1571 3469 1758 3537 Jesus,
1785 3479 2034 3540 gustatu-

463 3579 584 3619 rum
634 3575 886 3621 uortem.
922 3563 1160 3619 Observa
1213 3565 1358 3618 enim
1403 3571 1515 3618 tres
1553 3562 1921 3630 evangelistas
1949 3563 2034 3616 di-

461 3657 607 3712 xisse
655 3655 860 3725 pariter
894 3676 906 3709 :
935 3654 1070 3708 Sunt
1118 3650 1334 3722 quidam
1361 3651 1445 3704 hic
1483 3649 1795 3717 stantes,vel
1829 3665 1845 3702 :
1895 3647 2031 3704 Sunt

459 3751 673 3819 quidam
696 3747 787 3817 qui
813 3747 897 3800 hic
924 3753 1179 3799 steterunt
1210 3756 1230 3796 :
1265 3744 1332 3798 de
1372 3743 1568 3813 quibus
1601 3743 1768 3797 etiam
1794 3741 2032 3811 scripse-

461 3849 586 3894 runt
612 3838 755 3906 quod
783 3836 1050 3908 gustaturi
1086 3850 1190 3890 non
1218 3843 1404 3890 essent
1431 3844 1686 3899 mortem,
1729 3834 1902 3889 donec
1947 3833 2030 3887 vi-

463 3931 670 3984 dissent
699 3928 892 3982 Filium
929 3928 1166 3982 hominis
1195 3929 1505 3982 venientem
1527 3927 1581 3982 in
1609 3942 1776 3996 regno
1803 3942 1920 3990 suo,
1943 3925 2027 3980 vel

464 4021 520 4074 in
557 4019 729 4088 gloria
753 4033 873 4081 sua,
898 4018 979 4071 vel
1006 4019 1176 4073 donec
1205 4019 1467 4074 vidissent
1499 4033 1722 4087 regnum
1748 4019 1839 4073 Dei
1870 4022 2031 4074 adve-

464 4111 612 4164 nisse
651 4122 772 4162 cum
806 4107 1066 4175 potentia.
1099 4107 1164 4160 Et
1194 4109 1451 4176 quoniam
1493 4109 1650 4176 quasi
1687 4108 1807 4163 ﬁeri
1839 4109 2026 4178 possit,

461 4197 638 4269 utqui
685 4204 793 4252 stat
829 4197 1008 4261 cadat,
1037 4197 1239 4251 dictum
1273 4207 1356 4252 est
1389 4215 1402 4251 :
1434 4198 1538 4261 Qui
1567 4208 1709 4254 stare
1746 4216 1802 4253 se
1843 4200 2028 4254 existi-

460 4301 590 4352 mat,
614 4287 784 4343 uideat
810 4303 872 4342 ne
900 4288 1054 4340 cadat
1071 4290 1138 4342 ".
1161 4285 1310 4342 Hanc
1332 4288 1401 4343 ob
1423 4303 1646 4344 causam
1671 4291 1898 4345 observa
1921 4281 2027 4345 non

457 4378 529 4435 de
552 4378 802 4434 omnibus
850 4379 1137 4444 stantibus,
1173 4377 1266 4432 sed
1313 4379 1378 4434 de
1407 4377 1732 4448 quibusdam
1762 4381 2022 4450 scriptum

459 4470 670 4527 fuisse:
700 4471 864 4524 Amen
897 4471 1012 4524 dico
1059 4469 1239 4524 vobis:
1270 4469 1402 4524 Sunt
1431 4471 1646 4540 quidam
1680 4470 1766 4525 hic
1805 4481 2023 4527 stantes.

458 4568 635 4634 Atque
663 4574 817 4620 stans
847 4564 1064 4632 quidem
1098 4564 1295 4632 aliquis
1323 4578 1427 4617 non
1458 4572 1640 4632 gustat
1665 4574 1916 4631 mortem,
1948 4566 2032 4619 ni-

457 4657 656 4712 mirum
683 4671 908 4712 servans
941 4656 1068 4710 illud
1103 4667 1280 4724 stare;
1331 4655 1492 4728 367
1527 4657 1621 4727 qui
1658 4671 1787 4711 vero
1817 4671 2027 4711 sermo-

458 4764 580 4803 nem
599 4750 981 4818 perceperit,et
1002 4760 1444 4814 servat,:uortem
1467 4763 1570 4804 non
1593 4748 2032 4816 videbit.Quam-

457 4843 646 4896 obrem
686 4842 732 4894 si
775 4839 1080 4896 diderentia
1119 4843 1363 4908 quamam
1404 4849 1488 4897 est
1515 4841 1770 4911 gustandi
1796 4849 2022 4894 mortem

454 4942 510 4988 et
545 4931 760 4986 videndi
804 4942 1053 4998 mortem,
1104 4931 1273 4988 Judaei
1308 4935 1476 4989 veluti
1523 4936 1798 4990 auditores
1827 4949 2022 5003 parum

460 5021 845 5092 intelligentes,
878 5022 1374 5092 contundentesque
1422 5023 1632 5080 Domini
1685 5039 2020 5089 sermonem,

458 5133 557 5190 pro
576 5133 641 5174 eo
673 5115 815 5188 quod
838 5123 920 5171 est
947 5115 1099 5174 zNon
1119 5117 1302 5170 videbit
1325 5126 1559 5183 mortem,
1592 5116 1841 5172 dixerunt
1864 5117 2024 5176 :Non

461 5211 691 5280 gustabit
726 5217 968 5272 mortem,
996 5207 1162 5263 verbo
1188 5207 1387 5276 delapsi
1428 5208 1480 5261 in
1517 5221 1738 5262 sensum
1786 5210 2027 5265 deterio-

461 5314 597 5355 rem.
629 5297 849 5367 Quaeres
871 5299 1033 5355 etiam
1061 5298 1298 5369 nunquid
1321 5297 1773 5366 quemadmodum
1792 5298 2023 5355 dicimus

460 5390 644 5445 videre
674 5402 923 5458 mortem,
945 5401 1000 5448 et
1024 5401 1243 5464 gustare
1275 5401 1524 5454 mortem,
1560 5391 1632 5445 ita
1662 5390 1829 5445 etiam
1863 5393 1934 5446 sit
1967 5394 2018 5446 iu

460 5482 670 5535 Cameris
716 5482 983 5552 sensibus,
1015 5481 1096 5536 vei
1150 5481 1337 5536 audire
1385 5489 1634 5547 mortem,
1682 5481 1766 5534 vel
1791 5481 2019 5536 odorare

565 5605 610 5637 “
634 5605 826 5662 Matth.
854 5625 968 5672 xvi.
995 5610 1083 5666 ‘28.
1165 5612 1208 5642 "
1236 5611 1400 5668 Marc.
1430 5629 1505 5675 Ix,
1553 5614 1568 5668 Ι
1599 5631 1612 5678 ;

1671 5614 1740 5669 al.
1766 5631 1885 5680 vm,
1918 5616 2007 5670 59.

457 5677 503 5708 “
526 5675 653 5746 Sap.
687 5691 806 5743 vin,
836 5678 890 5733 2.
963 5681 1005 5711 ⁸³
1035 5681 1193 5736 Prov.
1224 5698 1296 5751 ιν,
1351 5686 1402 5736 6.

2138 1835 2433 1905 λεγομένας
2461 1833 2565 1886 ὑπὸ
2580 1833 2670 1886 τοῦ
2703 1833 3041 1899 Σολομῶντος
3071 1833 3218 1899 Θείας
3245 1835 3530 1908 αἰσθήσεις,
3557 1836 3658 1906 ἄλλη

2143 1929 2240 2000 μέν
2265 1944 2350 1990 τις
2385 1927 2451 1980 ἂν
2477 1927 2560 1998 εἴη
2599 1926 2826 1998 ὁρατικὴ
2851 1923 2952 1996 τῆς
2972 1924 3148 1996 ψυχῆς
3182 1927 3410 1999 δύναμις
3445 1931 3528 1981 καὶ
3559 1929 3661 1983 Θεω-

2143 2021 2355 2091 ρητική’
2387 2018 2518 2090 ἄλλη
2559 2017 2615 2070 δὲ
2663 2021 2694 2089 ἡ
2742 2021 3001 2090 γευστικὴ
3052 2021 3145 2072 καὶ
3204 2020 3546 2091 ἀντιληπτικὴ
3585 2022 3662 2090 τῆς

2138 2105 2423 2174 ποιότητος
2455 2104 2564 2160 τῶν
2593 2105 2797 2175 νοητῶν
2832 2107 3066 2178 τροφῶν.
3116 2108 3226 2160 Καὶ
3264 2110 3385 2162 ἐπεὶ
3423 2112 3449 2162 6
3480 2109 3657 2180 Κύριος,

2139 2194 2259 2248 καθ’
2295 2193 2325 2247 ὃ
2352 2194 2451 2264 μὲν
2479 2195 2641 2265 ἄρτος
2682 2196 2798 2248 ἐστὶ
2821 2194 2928 2260 ζῶν
2961 2197 3025 2248 ἐκ
3055 2196 3148 2250 τοῦ
3183 2199 3412 2268 οὐρανοῦ
3445 2201 3660 2266 καταϐὰς,

2138 2285 2365 2353 γευστός
2397 2286 2533 2348 ἐστι,
2565 2285 2828 2356 τρόφιμος
2861 2283 2935 2339 ὢν
2957 2287 3022 2355 τῇ
3049 2285 3216 2358 ψυχῇ,
3251 2288 3374 2342 καθ’
3403 2290 3430 2341 ὂ
3465 2290 3514 2342 δὲ
3537 2292 3664 2364 armis

2140 2376 2308 2439 ἐστὶν,
2336 2376 2528 2446 ὁρατός
2556 2379 2722 2439 ἐστιν,
2741 2373 2809 2449 ἦς
2827 2377 2920 2431 τοῦ
2949 2379 3178 2442 κάλλους
3205 2381 3438 2452 ἐραστὴς
3456 2382 3662 2451 ὁμολογεί

2139 2462 2278 2522 εἶναι
2331 2469 2359 2520 6
2396 2465 2587 2536 λέγων’
2620 2468 2908 2538 Ἐραστὴς
2959 2471 3252 2540 ἐγενόμην
3297 2472 3402 2526 τοῦ
3445 2471 3665 2536 κάλλους

2136 2555 2346 2626 αὐτῆς·
2381 2559 2474 2612 καὶ
2503 2561 2829 2632 προστάσσει
2875 2565 3007 2633 ἡμῖν
3038 2562 3118 2615 τόδ
3161 2561 3468 2630 Ἐράσθητι
3491 2562 3661 2628 αὐτῆς,

2139 2649 2238 2703 καὶ
2276 2649 2524 2719 τηρήσει
2555 2668 2648 2705 σε’
2690 2651 2780 2706 διὰ
2811 2653 2965 2706 τοῦτο
2996 2655 3053 2707 ἐν
3093 2654 3348 2724 1Ψαλμοῖς
3381 2656 3571 2726 εἴρηται
3600 2655 3662 2707 τὸ·

2145 2743 2482 2806 Γεύσασθε,
2549 2743 2646 2796 καὶ
2707 2743 2881 2809 ἴδετε,
2938 2743 3028 2798 ὅτι
3081 2746 3354 2814 χρηστὸς
3399 2749 3430 2800 ὀ
3473 2748 3661 2813 Κύριος.

2141 2833 2352 2904 ’Ὥσπερ
2374 2833 2430 2886 δὲ
2453 2835 2482 2887 6
2515 2834 2718 2906 Κύριος
2752 2836 2976 2903 γευστὸς
3009 2837 3104 2891 καὶ
3123 2837 3340 2908 ὁρατὸς,
3376 2837 3533 2899 οὕτως
3549 2837 3665 2889 καὶὸ

2141 2924 2331 2996 ἐχθρὸς
2370 2923 2534 2978 αὑτοῦ
2566 2925 2792 2988 θάνατος
2818 2926 3043 2995 γευστὸς
3069 2927 3183 2978 ἐστι
3219 2927 3319 2980 καὶ
3343 2926 3541 2998 ὁρατός.
3580 2924 3665 2979 Καὶ

2138 3018 2198 3070 τὸ
2229 3017 2324 3088 μὲν
2356 3017 2580 3087 γευστὸν
2605 3017 2768 3070 αὑτοῦ
2815 3017 3107 3089 παρίστησι
3135 3018 3214 3071 τό·
3243 3021 3384 3073 Εἰσί
3414 3035 3554 3082 τινες
3573 3015 3666 3069 τῶν

2132 3101 2250 3162 ὧδε
2281 3107 2570 3172 ἑστώτων,
2605 3108 2820 3173 οἵτινες
2855 3111 2926 3162 οὐ
2948 3107 3033 3177 μὴ
3059 3109 3393 3177 γεύσωνται
3429 3108 3660 3168 θαι-όταν,

2133 3199 2228 3253 καὶ
2261 3198 2327 3252 τὰ
2352 3198 2496 3269 ἐξῆςο
2530 3197 2591 3252 τὸ
2614 3199 2670 3252 δὲ
2697 3199 2908 3271 ὁρατδν,
2929 3199 3006 3252 τοο
3025 3199 3163 3253 Ἐάν
3182 3218 3278 3268 τις
3311 3202 3415 3255 τὸν
3436 3199 3563 3268 ἐμὸν
3577 3200 3662 3251 .16-

2133 3310 2242 3364 νον
2284 3291 2542 3360 τηρήσῃ,
2601 3290 2986 3346 θάνατον’οῠ
3038 3292 3123 3360 μὴ
3166 3293 3438 3361 θεωρήσῃ
3473 3295 3549 3357 εὶς
3581 3289 3666 3343 τὸν

2132 3385 2335 3441 αἰῶνα.
2379 3384 2600 3438 Γεύεται
2631 3385 2686 3439 δὲ
2737 3385 3002 3448 θανάτου,
3035 3387 3129 3439 καὶ
3164 3387 3224 3440 οὐ
3259 3387 3474 3455 γεύεται
3517 3384 3664 3455 μόνον,

2133 3475 2270 3529 ἀλλὰ
2317 3476 2410 3529 καὶ
2450 3476 2771 3548 ἐμφορεῖται
2804 3475 2880 3539 ὡς
2909 3477 3114 3548 τροφῆς
3144 3476 3238 3530 τοῦ
3270 3477 3492 3530 θανάτου
3516 3477 3542 3526 ὁ
3560 3489 3665 3545 προ-

2133 3568 2427 3640 φερόμενος
2446 3567 2512 3620 τὰ
2537 3569 2753 3622 ἐναντία
2782 3570 2895 3631 τοῖς
2929 3569 3130 3640 ῥήμασι
3163 3568 3268 3637 τῆς
3297 3570 3505 3623 αἰωνίου
3528 3566 3663 3634 ζωῆς.

2131 3662 2240 3715 Καὶ
2265 3658 2563 3728 ἐπαγγελία
2585 3659 2702 3711 ἐστὶ
2731 3657 2805 3729 μὴ
2839 3658 3132 3726 γεύσασθαι
3163 3659 3395 3714 Θανάτου
3441 3659 3550 3712 τινὰ
3581 3658 3666 3711 τῶν

2132 3749 2378 3804 ἑστώτων
2408 3751 2465 3802 ἐν
2487 3747 2565 3819 τῷ
2586 3748 2922 3819 δεικνυμένῳ
2961 3748 3065 3801 ὑπὸ
3095 3748 3189 3802 τοῦ
3219 3749 3399 3821 Ἰησοῦ
3425 3746 3580 3818 νοητῷ
3597 3747 3666 3798 τό-

2131 3859 2238 3912 πῳ·
2274 3843 2578 3913 παρατήρει
2603 3841 2730 3912 γὰρ,
2752 3841 2832 3894 ὅτι
2869 3842 2918 3893 οἱ
2946 3843 3093 3911 τρεῖς
3122 3841 3201 3894 τό·
3232 3843 3374 3896 Εἰσί
3405 3857 3550 3904 τινες
3571 3835 3667 3891 τῶν

2129 3929 2245 3988 ὦδε
2289 3934 2579 3999 ἑστώτων,
2605 3934 2662 4005 ἦ,
2693 3933 2832 3988 Εἰσί
2855 3949 3012 3998 τινες
3040 3931 3156 3986 τῶν
3180 3932 3517 4001 ἑστηκότων
3551 3923 3662 3989 ὦδε,

2131 4027 2246 4098 ἅμα
2274 4028 2545 4098 εἰρήκασι*
2595 4025 2722 4098 περὶ
2760 4018 2834 4079 ὧν
2865 4027 2957 4078 καὶ
2987 4025 3325 4096 ἀνέγραψαν,
3358 4027 3438 4078 ὅτι
3481 4023 3536 4075 οὐ
3562 4019 3663 4088 γεὸ·

2133 4135 2313 4173 σονται
2336 4117 2586 4183 θανάτου,
2621 4117 2725 4180 ἕως
2746 4115 2810 4170 ἂν
2847 4115 2994 4170 ἴδωσι
3024 4115 3120 4190 τὸν·
3143 4116 3274 4169 Υἰὺν
3298 4116 3392 4170 τοῦ
3416 4112 3659 4185 ἀνθρώπου

2127 4210 2418 4280 ἐρχόμενον
2460 4210 2519 4262 ὲν
2546 4211 2612 4280 τῇ
2662 4206 2905 4279 βασιλείᾳ
2929 4204 3114 4270 αὑτοῦ,
3151 4205 3205 4276 ἦ,
3241 4207 3305 4260 ἐν
3348 4209 3410 4278 τῇ
3441 4204 3554 4277 δόξῃ
3581 4201 3660 4254 αὑ-

2129 4300 2243 4364 τοῦ,
2288 4300 2344 4372 ἢ,
2381 4300 2484 4363 ἕως
2530 4298 2595 4353 ἂν
2637 4298 2783 4352 ἴδωσι
2809 4297 2907 4369 τὴν
2931 4297 3206 4369 βασιλείαν
3236 4297 3336 4351 τοῦ
3353 4296 3482 4349 Θεοῦ
3505 4292 3662 4363 ὲληλυο

2129 4391 2283 4446 θυῖαν
2311 4394 2368 4445 ὲν
2394 4392 2638 4462 δυνάμει.
2671 4391 2781 4446 Καὶ
2810 4391 2950 4457 ἐπεὶ,
2983 4390 3057 4454 ὡς
3071 4389 3299 4443 δυνατοῦ
3318 4390 3463 4453 ὄντος
3485 4385 3567 4442 τοῦ
3589 4385 3660 4437 τὸν

2127 4483 2392 4554 ἑστηκότα
2436 4486 2641 4547 πεσεῖν,
2679 4483 2907 4553 εἴρηταν
2952 4483 3006 4534 '0
3034 4479 3227 4535 δοκῶν
3252 4480 3510 4542 ἑστάναι,
3536 4480 3659 4544 .818-

2127 4575 2282 4630 πέτω
2301 4573 2386 4644 μὴ
2418 4573 2598 4641 πέσῖν
2632 4572 2722 4626 διὰ
2747 4573 2902 4626 τοῦτο
2927 4573 2987 4626 οὐ
3013 4573 3139 4645 περὶ
3167 4573 3383 4627 πάντων
3408 4574 3507 4626 τῶν
3531 4573 3658 4637 ἑστη-

2127 4667 2317 4728 κότων,
2348 4663 2482 4718 ἀλλὰ
2512 4665 2636 4736 περί
2654 4682 2815 4717 τινων
2837 4664 3250 4734 ἀναγέγραπται
3283 4665 3363 4719 to"
3394 4663 3556 4733 Ἀμὴν
3579 4661 3660 4715 λέ-

2128 4776 2208 4828 γω
2233 4756 2394 4826 ὑμῖν,
2424 4756 2544 4809 εὶσί
2570 4772 2728 4821 τινες
2754 4749 3000 4808 τῶνῶδε
3036 4755 3334 4810 ἑστώτων.
3367 4753 3555 4817 Ἑστὼς
3579 4751 3657 4822 μὲν

2128 4845 2220 4903 οὖν
2245 4865 2325 4911 τις
2344 4849 2405 4901 οὐ
2432 4847 2650 4916 γεύεται
2671 4846 2921 4910 θανάτου,
2954 4847 3134 4918 τηρῶν
3173 4848 3232 4901 τὸ
3271 4848 3558 4918 ὲστηκέναιο
3585 4843 3657 4895 τὸν

2128 4941 2186 4994 δὲ
2207 4940 2361 5010 λόγον
2381 4938 2727 5011 παραλαόὼν,
2746 4941 2838 4994 καὶ
2855 4939 3055 5012 τηρῶν,
3079 4939 3306 4993 Θάνατον
3324 4940 3383 4992 οὐ
3405 4938 3653 5008 θεωρήσει.

2129 5033 2302 5106 Εἴπερ
2347 5028 2439 5087 οὖν
2479 5031 2712 5103 διαφορά
2743 5037 2824 5096 τίς
2852 5033 2968 5086 ἐστι
2999 5030 3092 5085 τοῦ
3122 5031 3413 5101 γεύσασθαι
3438 5028 3654 5086 θανάτων

2129 5127 2223 5179 καὶ
2241 5126 2332 5180 τοῦ
2351 5125 2571 5198 θεωρεῖν
2602 5124 2693 5177 τὸν
2719 5123 2966 5186 θάνατον,
2991 5122 3066 5186 ὡς
3103 5125 3162 5178 οὐ
3191 5125 3399 5178 συνετοὶ
3426 5116 3652 5192 ἀκροαταὶ

2129 5217 2176 5268 οἱ
2205 5215 2444 5268 Ἰουδαῖοι
2491 5213 2806 5284 συγχέοντες
2847 5213 2939 5265 τὸν
2979 5213 3072 5266 τοῦ
3107 5213 3311 5284 Κυρίου
3358 5211 3519 5278 λόγον,
3551 5201 3651 5258 ἀντὶ

2123 5303 2236 5356 τοῦ·
2268 5303 2534 5358 Θάνατον
2559 5305 2630 5357 οὑ
2656 5303 2960 5371 θεωρήσει,
2996 5304 3294 5375 εἰρήκασινο
3333 5303 3412 5354 οὐ
3433 5297 3511 5367 μὴ
3543 5292 3643 5363 τεύ·

2124 5410 2302 5462 σηται
2333 5392 2608 5459 θανάτου,
2657 5395 2749 5447 ἐπὶ
2781 5395 2876 5466 τὴν
2907 5395 3292 5466 ὑποδεεστέραν
3323 5391 3551 5460 αἴσθησιν
3573 5401 3648 5438 κιο

2124 5484 2448 5548 ταπεσόντες
2474 5483 2552 5556 τῷ
2577 5483 2737 5555 λόγῳ.
2765 5486 3026 5559 Ζητήσεις
3043 5486 3096 5539 δὲ
3131 5488 3199 5550 εἰ,
3219 5483 3515 5556 ὣσπερὲστι
3535 5478 3644 5531 θεω-

2156 5618 2272 5650 ²⁰’²¹
2303 5617 2432 5673 Luc.
2463 5633 2537 5678 Is.
2591 5617 2683 5673 27.
2758 5621 2804 5652 "
2835 5620 2960 5688 Sap.
2998 5636 3092 5683 vn,
3120 5621 3172 5677 7.
3245 5617 3458 5688 "Joan.
3483 5628 3544 5674 vr,

1478 5685 1524 5715 ¹⁶
1547 5684 1687 5740 Psai.
1715 5701 1902 5750 XXXIII,
1930 5691 1983 5743 9.
2061 5688 2105 5719 ³⁷
2130 5687 2318 5743 Matth.
2350 5702 2456 5759 im,
2485 5690 2570 5745 '28.
2645 5690 2692 5722 ³³
2716 5689 2873 5746 Joan.
2910 5683 3024 5754 'vtu,
3077 5691 3166 5747 52.
3235 5687 3319 5740 "l
3346 5687 3462 5742 Car.
3495 5699 3542 5749 ι,
3569 5683 3641 5734 12'-
