3924 6196
223 259 335 315 677

1284 260 1639 320 COMMENT.
1680 257 1748 313 1N
1779 253 1974 314 JOAN.
2013 259 2248 319 TOMUS
2286 263 2402 319 XX.

3375 273 3474 328 6'73

223 378 347 448 ρετν
378 375 628 442 θάνατον,
663 377 756 433 καὶ
781 376 1034 448 γεύεσθαι
1063 377 1314 443 θανάτου,
1339 378 1512 442 οὔτως
1548 378 1642 432 xui.
1670 379 1801 432 κατᾶ

1916 387 2165 445 mortem,
2201 378 2284 433 vel
2314 386 2536 450 tangere
2574 387 2799 434 mortem
2832 402 2844 436 :
2875 388 2930 436 et
2963 381 3008 436 si
3037 395 3228 436 manus
3253 392 3474 452 aposto-

215 469 294 523 τά
349 468 515 523 λοιπὰ
555 471 897 542 αἰσθητήρια,
947 470 1065 540 ῆτοι
1115 469 1331 524 ἀκούειν
1359 470 1612 537 θανάτου,
1655 469 1810 540 ἢόσ-

218 559 558 630 φραινεσθαι
591 561 840 624 θανάτου,
874 562 908 632 ἣ
939 560 1201 616 ἅπτεσθαι
1233 559 1485 616 θανάτου·
1533 562 1582 614 εἰ
1615 560 1722 633 γὰρ
1753 563 1809 614 αἱ

217 653 416 722 χεῖρες
460 652 570 706 τῶν
604 652 912 706 ἀποστόλων
940 651 1293 724 ἐψηλάφησαν
1343 653 1470 724 περὶ
1511 651 1606 705 τοῦ
1651 651 1808 720 λόγου

1918 468 2090 523 lorum
2143 478 2618 524 contrectaverunt
2668 469 2734 525 de
2783 470 2950 525 verbo
2993 471 3198 538 vitze",
3228 471 3474 541 nunquid

1912 575 2104 616 manus
2145 562 2722 632 pseudoapostolorum
2771 570 2826 617 et
2857 564 3224 631 operariorum
3257 565 3474 620 doloso-

1913 664 2051 715 rum,
2077 650 2164 718 qui
2195 650 2649 720 transﬁgurantur
2671 652 2726 705 in
2755 652 2978 722 angelos
3001 653 3226 720 iustitiae
3247 654 3314 718 ³¹,
3347 669 3473 709 con-

217 742 332 811 τῆς
363 742 530 814 ζωῆς,
583 744 712 815 μήτι
743 745 800 796 αἱ
829 747 1014 816 χεῖρες
1060 746 1168 800 τῶν
1213 743 1659 815 ψευδαποστόλων
1715 745 1801 797 καῖ

1913 739 2268 792 trectaverint
2299 739 2366 794 de
2397 739 2562 793 verbo
2586 740 2776 794 mortis
2803 757 2816 794 :
2845 750 2897 794 et
2925 741 2970 795 si
3001 757 3128 795 oves
3146 742 3347 797 Christi
3378 759 3474 798 au-

221 831 480 903 ἐργατῶν
508 832 716 898 δολίων,
751 835 1371 907 μετασχηματιζομένων
1419 837 1496 898 εἰς
1546 834 1809 904 ἀγγέλους

223 923 596 996 δικαιοσύνης,
637 925 927 996 ψηλαφῶσι
969 929 1095 1000 περὶ
1121 927 1214 981 τοῦ
1243 927 1401 996 λόγου
1431 925 1522 980 τοῦ
1557 926 1803 979 θανάτοιν

225 1016 329 1069 καὶ
355 1015 491 1068 sua:
517 1015 762 1087 πρόϐατα
793 1019 1027 1089 Χριστοῦ
1057 1018 1243 1072 ἀκούει
1274 1019 1375 1090 τῆς
1403 1017 1588 1088 φωνῆς
1619 1017 1805 1084 αὐτοῦ,

229 1107 446 1178 μήποτε
497 1108 566 1162 τὰ
601 1108 676 1180 μὴ
723 1110 886 1163 αὐτοῦ
922 1110 1165 1181 πρόϐατα
1218 1109 1354 1182 πρὸς
1401 1108 1495 1172 οὓς
1541 1107 1686 1177 λέγοι
1719 1109 1804 1162 ἄν’

239 1197 430 1267 Ὑμεῖς
451 1195 560 1252 οὐκ
576 1199 718 1252 ἐστε
736 1200 803 1254 ἐκ
825 1201 944 1254 τῶν
961 1200 1266 1270 προϐάτων
1283 1200 1401 1254 τῶν
1423 1199 1600 1270 ἐμῶν,
1621 1198 1806 1253 ἀκούει

224 1287 335 1358 τῆς
379 1289 560 1359 φωνῆς
600 1289 693 1342 τοῦ
739 1289 986 1345 θανάτου.
1026 1291 1165 1362 Ὅρα
1203 1292 1250 1343 εἱ
1285 1291 1358 1361 μὴ
1399 1289 1543 1360 ὀσμὴ
1576 1288 1804 1342 θανάτου

227 1380 382 1434 ἐστὶν
430 1381 488 1433 ὲν
519 1383 629 1445 τοῖς
678 1381 786 1434 ἀπὸ
829 1383 926 1453 τῆς
960 1382 1236 1454 ἁμαρτίας
1283 1381 1528 1453 μῶλωψι,
1575 1383 1703 1456 περὶ
1731 1375 1806 1436 ὧν

226 1469 467 1540 εἴρηται·
513 1468 925 1536 Προσώζεσαν,
949 1469 1046 1523 καὶ
1081 1468 1406 1537 ἐσάπησαν
1435 1472 1489 1524 οἱ
1519 1469 1806 1539 μώλωπές

217 1576 365 1628 μου·
399 1559 490 1613 καὶ
517 1561 660 1632 ὀσμὴ
690 1560 922 1614 θανάτου
943 1562 1000 1613 ὲν
1030 1559 1108 1630 τῷ
1137 1560 1387 1633 Λαζάρῳ,
1415 1562 1543 1632 πρὶν
1566 1560 1803 1631 ἀναστῆ-

222 1670 319 1706 ναι
355 1655 418 1706 ὲκ
457 1653 684 1725 νεκρῶν·
727 1649 796 1723 ἧς
851 1651 926 1723 μὴ
973 1651 1280 1722 βουλόμενοι
1325 1650 1712 1722 ὀσφραίνεσθαι
1752 1652 1802 1704 οι

1909 827 2061 881 diuut
2095 842 2281 882 vocem
2328 828 2442 897 ejus
2469 830 2536 895 3',
2567 831 2807 899 nunquid
2853 833 3017 886 etiam
3055 848 3175 901 qua:
3214 849 3320 888 non
3353 844 3476 889 sunt

1907 917 2025 988 ejus
2046 931 2195 983 oves,
2231 919 2298 973 ad
2328 935 2465 988 quos
2496 920 2697 974 dicitur
2722 937 2736 974 :
2778 918 2878 974 Vos
2908 937 3013 975 non
3039 924 3162 976 estis
3203 939 3267 977 ea:
3296 926 3475 979 ovibus

1908 1010 2035 1064 meis
2056 1009 2122 1073 ³³,
2144 1009 2368 1064 audiant
2388 1025 2574 1066 vocem
2602 1011 2811 1066 mortis.
2836 1010 3068 1067 Proinde
3092 1013 3212 1068 vide
3239 1029 3304 1069 ne
3331 1013 3475 1070 forte

1905 1102 2068 1156 etiam
2084 1103 2155 1156 sit
2173 1104 2309 1156 odor
2326 1104 2514 1158 mortis
2539 1104 2591 1158 in
2617 1105 2701 1159 his
2725 1105 3140 1174 vibicibus,qu:e
3164 1121 3229 1160 ex
3255 1117 3476 1175 peccato

1907 1195 2250 1261 proveniunt,
2275 1194 2340 1249 de
2361 1195 2556 1263 quibus
2581 1196 2786 1250 dictum
2815 1206 2898 1251 est
2929 1211 2942 1249 :
2976 1195 3266 1250 Feiueruut
3290 1209 3337 1251 et
3361 1214 3476 1250 cor-

1907 1293 2073 1351 rupta'
2098 1293 2217 1337 sunt
2245 1284 2434 1338 vibices
2458 1301 2584 1338 meae
2605 1285 2651 1317 ³³
2676 1302 2692 1353 ;
2720 1294 2772 1341 et
2795 1287 2928 1342 odor
2953 1289 3141 1341 mortis
3165 1287 3215 1342 in
3241 1287 3474 1352 Lazaro.

1907 1382 2198 1442 antequam
2259 1389 2290 1428 a
2348 1377 2573 1430 mortuis
2621 1387 2964 1446 resurgeret;
3021 1394 3179 1447 quem
3233 1379 3476 1434 nolentes

1907 1464 2140 1517 odorare
2166 1465 2397 1532 apostoli
2433 1465 2688 1520 dicebant
2722 1465 2998 1522 Servatori
3029 1485 3043 1522 :
3085 1467 3330 1532 Domine,
3356 1469 3474 1538 jam

1904 1552 2456 1622 fetet;quatriduamu
2482 1559 2616 1610 enim
2643 1569 2716 1612 est
2740 1559 2804 1613 “1
2823 1560 2890 1612 At
2919 1575 3048 1614 vero
3067 1560 3211 1629 quod
3235 1562 3299 1615 ad
3325 1578 3474 1618 mor-

1905 1645 1972 1698 tis
1999 1645 2216 1698 odorem
2259 1646 2473 1709 attinet,
2507 1647 2596 1714 qui
2641 1658 2822 1702 mente
2863 1650 3126 1714 cernitur,
3163 1661 3219 1704 et
3247 1650 3314 1705 ad
3344 1652 3478 1708 odo-

219 1742 515 1796 ἀπόστολοι
548 1742 734 1811 ἔλεγον
783 1740 896 1813 (52)
941 1740 1018 1811 τῷ
1066 1740 1277 1811 Σωτῆρι
1320 1741 1400 1793 τό·
1447 1742 1642 1808 Κύριε,
1683 1737 1800 1807 ἤδη

1908 1749 2019 1786 rem
2046 1733 2556 1802 vitae,apostolicum
2585 1735 2711 1788 illud
2736 1737 3082 1792 observemus
3105 1755 3326 1794 necesse
3343 1750 3425 1796 est
3452 1758 3469 1796 :

227 1830 368 1892 ὄζειο
414 1831 757 1900 τεταρταῖος
804 1829 914 1898 γάρ
965 1829 1152 1882 ἐστιν.
1202 1830 1296 1892 Εἰς
1334 1829 1389 1882 δὲ
1431 1829 1490 1882 τὸ
1541 1829 1669 1900 περὶ
1705 1829 1804 1900 τῆς

221 1924 427 1993 νοητῆς
474 1923 652 1994 όσμῆς
695 1923 944 1988 θανάτου,
979 1925 1010 1996 ἢ
1059 1923 1232 1993 ὀσμῆς
1277 1920 1423 1991 ζωῆς
1468 1924 1803 1992 παρατηρεῖν

223 2014 416 2085 δεήσει
445 2013 506 2066 τὸ
527 2007 878 2067 ἀποστολικδν
912 2013 1082 2078 οὕτως
1123 2013 1264 2084 ἔχον·
1302 2011 1560 2081 Χριστοῦ
1588 2012 1806 2067 εὐωδιά

219 2102 418 2172 ἐσμὲν
439 2101 519 2168 τῷ
549 2102 668 2168 Θεῷ
701 2104 770 2156 ἐν
788 2104 966 2157 παντὶ
983 2106 1162 2171 τόπῳ,
1201 2103 1272 2156 ἐν
1287 2101 1409 2168 τοῖς
1424 2099 1802 2169 σωζομένοις,

223 2195 330 2248 καὶ
349 2194 419 2248 ἐν
443 2194 566 2261 τοῖς
580 2195 1040 2264 ἀπολλυμένοις,
1057 2191 1149 2262 οἷς
1157 2195 1274 2265 μὲν
1287 2195 1446 2263 ὀσμὴ
1463 2194 1532 2247 ἐκ
1545 2192 1804 2247 θανάτου

221 2285 317 2350 εἷς
336 2285 604 2351 θάνατον,
637 2281 727 2351 οἷς
753 2285 821 2339 δὲ
848 2285 1005 2355 ὀσμὴ
1031 2287 1098 2339 ἐκ
1125 2284 1274 2352 ζωῆς
1301 2287 1390 2349 εις
1417 2283 1586 2350 ζωήν⁸
1609 2285 1806 2338 εὐωδία

229 2373 455 2445 μὲνγὰρ
491 2374 725 2444 Χριστοῦ
753 2376 878 2438 εἱσι,
910 2375 1003 2426 καὶ⁹
1031 2372 1281 2444 οὐδαμῶς
1305 2372 1554 2436 δυσωδία,
1590 2374 1648 2426 ὲν
1673 2389 1806 2426 παν-

221 2465 281 2517 τὶ
308 2465 461 2535 τόπῳ
487 2466 536 2518 οἱ
565 2465 624 2518 ὲν
653 2463 870 2536 Χριστῷ
900 2465 1192 2535 ἄνθρωποι.
1236 2463 1374 2516 Ἀλλ’
1404 2465 1527 2536 ἐπεὶ
1556 2463 1746 2535 ὥσπερ
1767 2466 1800 2534 ή

223 2555 518 2626 σωματικὴ
561 2555 758 2608 εὐωδία
793 2553 914 2608 τινὰ
955 2553 1064 2607 τῶν
1092 2551 1245 2617 ζώων
1276 2552 1492 2620 λέγεται
1537 2553 1802 2624 ἀναιρεῖν,

219 2643 404 2708 οὕτως
430 2645 520 2699 διὰ
553 2645 653 2717 τὴν
688 2645 1089 2717 προγενομένην
1136 2644 1336 2698 κακίαν
1369 2645 1464 2698 καὶ
1491 2645 1526 2716 ἡ
1561 2643 1803 2717 Χριστοῦ

221 2735 424 2790 εὐωδία
469 2735 677 2804 γένοιτο
724 2734 789 2788 ἄν
818 2751 925 2788 τισι
958 2737 1070 2798 τοῖς
1106 2734 1170 2786 ὲκ
1198 2733 1425 2788 θανάτου
1464 2736 1543 2797 εἰς
1577 2733 1803 2789 θάνατον

221 2825 426 2890 αὐτῶν,
454 2827 567 2887 τοῖς
598 2825 656 2878 δὲ
685 2825 749 2878 ὲκ
781 2823 924 2895 ζωῆς
939 2824 1221 2879 ἀποϐαίνει
1245 2826 1325 2886 εἰς
1352 2821 1497 2896 ζωήν
1514 2823 1645 2896 (55).
1662 2823 1806 2878 Ταῦ-

227 2913 704 2988 τα’παρακείμενα
745 2919 876 2989 ἡμῖν
917 2916 1095 2980 ἔδοξεν
1127 2911 1269 2970 εἶναι
1315 2918 1380 2986 τῇ
1434 2914 1674 2980 ἐξετάσει
1705 2913 1800 2969 τοῦ

227 3005 483 3074 γεύεσθαι
524 3004 776 3070 θανάτου,
825 3005 918 3058 καὶ
960 3003 1055 3057 τοῦ
1089 3003 1337 3075 Θεωρεῖν,
1381 3005 1414 3075 ἢ
1451 3005 1524 3076 μὴ
1577 3004 1801 3078 θεωρεῖν

226 3070 332 3176 τὸν.
359 3096 606 3152 θάνατον.
643 3095 800 3153 Μετὰ
826 3095 997 3150 ταῦτα
1034 3094 1110 3167 μὴ
1143 3070 1474 3166 θεωροῦντες
1493 3070 1602 3168 όσῳ
1631 3070 1801 3170 ὕπερ·
1829 3070 1873 3128 C

231 3190 345 3258 ἐχει
388 3188 618 3259 Χριστὸς
667 3187 776 3242 τῶν
828 3185 1180 3260 πατριαρχῶν
1215 3185 1444 3239 καὶτῶν
1487 3188 1798 3259 προφητῶν,

229 3279 368 3332 ἀλλὰ
401 3279 533 3350 μηδὲ
581 3278 924 3342 πιστεύοντες
952 3277 1186 3350 Χριστὸν
1215 3274 1351 3332 εἶναι
1379 3279 1470 3332 τὸν
1501 3279 1802 3351 τηλικαῦτα

226 3370 568 3436 διδάσκοντα,
616 3370 949 3444 ἐπαποροῦσι
1009 3371 1279 3439 λέγοντεςο
1327 3372 1424 3439 Μὴ
1475 3371 1556 3426 σὺ
1591 3371 1803 3441 μείζων

227 3457 292 3514 εἷ
319 3461 424 3516 τοῦ
465 3462 689 3531 πατρὸς
726 3463 894 3533 ἡμῶν
947 3465 1215 3535 Ἀϐραὰμ,
1265 3464 1432 3532 ὅστις
1468 3465 1802 3531 ἀπέθιινεν;

229 3554 345 3626 Οὐχ
376 3555 541 3626 ὁρῶσι
566 3555 643 3620 δὲ,
666 3556 727 3609 οὐ
756 3555 913 3626 μόνον
947 3555 1041 3610 τοῦ
1071 3555 1341 3628 Ἀϐραὰμ,
1370 3557 1505 3611 ἀλλὰ
1538 3559 1631 3612 καὶ
1661 3575 1801 3612 παν·

229 3644 321 3708 τὸς
348 3647 405 3699 ὲν
425 3649 700 3717 γεννητοῖς
737 3647 1006 3716 γυναικῶν
1037 3650 1066 3701 6
1092 3650 1156 3702 ὲκ
1181 3650 1279 3720 τῆς
1305 3648 1581 3722 Παρθένου
1611 3667 1801 3718 γεγεν-

229 3737 480 3808 νημένος,
509 3738 602 3791 καὶ
626 3737 733 3792 τῶν
756 3737 1048 3810 προφητῶν
1080 3737 1298 3792 πάντων
1328 3740 1356 3792 6
1388 3739 1802 3810 προφητευόμε-

230 3846 321 3891 vo;
371 3829 463 3884 ὑπ’
494 3829 694 3896 αὐτῶν,
723 3831 818 3884 καὶ
849 3829 957 3883 τῶν
995 3829 1372 3883 ἀποθανόντων
1402 3830 1432 3881 ὁ
1459 3829 1797 3902 ζωοποιήσας

231 3921 448 3984 αὐτοὺς,
490 3923 587 3991 οὐχ
633 3920 824 3974 ἑαυτὸν
857 3922 1089 3991 ποιήσας
1121 3918 1375 3984 τοιοῦτον,
1417 3918 1531 3972 ἀλλ’
1564 3919 1672 3973 ἀπὸ
1702 3919 1795 3973 τοῦ

231 4011 440 4080 Πατρὸς
464 4010 664 4068 λαϐὼν.
698 4013 926 4079 Ὥσπερ
950 4011 1059 4081 γὰρ
1085 4014 1117 4065 ό
1153 4011 1360 4080 Πατὴρ
1391 4011 1514 4081 ἔχει
1554 4011 1706 4082 ζωὴν
1731 4013 1801 4068 ἐν

231 4101 440 4168 ἐαυτῷ,
464 4103 616 4157 οὕτω
653 4103 754 4158 καὶ
794 4103 877 4170 τῷ
929 4102 1039 4169 Υἱῷ
1083 4103 1235 4172 ζωὴν
1278 4103 1506 4158 ἔδωκεν
1539 4103 1704 4173 ἔχειν
1730 4105 1800 4159 ἐν

231 4193 440 4261 ἐαυτῷ,
473 4195 533 4248 οὐ
567 4195 844 4268 δυναμένῳ
886 4197 1060 4248 ποιεῖν
1090 4195 1182 4266 ἀφ’
1211 4194 1403 4249 ἑαυτοῦ
1445 4196 1565 4250 οὐδὲ
1595 4195 1673 4260 ἓν,
1705 4197 1798 4250 καὶ

233 4283 478 4354 ζητοῦντι
510 4285 570 4340 τὺ
621 4285 832 4358 θέλημα
861 4287 920 4341 οὐ
947 4287 1009 4341 τὸ
1055 4286 1270 4351 ἑαυτοῦ,
1317 4287 1453 4341 ἀλλὰ
1485 4289 1548 4342 τὸ
1583 4288 1794 4360 θέλημα

1905 1821 2105 1876 Christi
2135 1822 2301 1877 bonus
2330 1825 2462 1877 odor
2487 1841 2667 1879 sumus
2699 1825 2808 1880 Deo
2837 1828 2890 1880 in
2931 1831 3069 1882 omni
3109 1829 3220 1882 loco
3245 1845 3264 1883 :
3287 1831 3342 1884 in
3384 1832 3468 1887 his

1901 1915 1991 1984 qui
2021 1927 2318 1980 servantur,
2335 1926 2382 1969 et
2407 1917 2462 1970 in
2483 1917 2564 1970 his
2587 1920 2680 1988 qui
2699 1930 2912 1989 pereunt
2937 1935 2956 1973 :
2979 1921 3096 1975 istis
3112 1923 3317 1989 quidem
3343 1928 3474 1977 odor

1901 2007 2085 2060 mortis
2124 2008 2183 2060 in
2227 2019 2466 2075 mortem,
2511 2009 2619 2063 illis
2654 2025 2771 2064 vero
2808 2012 2938 2064 odor
2959 2013 3075 2066 υἱιω
3103 2015 3154 2067 in
3196 2016 3353 2068 vitam
3375 2016 3421 2046 ³⁸
3454 2031 3471 2071 :

1905 2095 2077 2150 houus
2105 2097 2248 2150 enim
2275 2097 2410 2152 odor
2424 2098 2621 2153 Christi
2652 2108 2778 2153 sunt
2807 2101 2858 2154 iu
2891 2103 3036 2156 omni
3072 2102 3270 2165 loco,et
3303 2105 3472 2158 hami-

1904 2201 2178 2256 quaquam
2231 2189 2408 2242 malus
2455 2191 2609 2252 odor,
2646 2191 2893 2245 homines
2923 2192 2977 2245 in
3007 2193 3244 2248 Christo.
3271 2193 3468 2250 Verum

1903 2277 2178 2330 enimvero
2202 2277 2454 2346 quoniam
2479 2289 2534 2331 ut
2551 2279 2856 2348 corporalis
2883 2281 3054 2334 bonus
3071 2285 3414 2338 odoranimal
3439 2299 3471 2340 ιι

1869 2405 1874 2410 .
1905 2366 2148 2437 quaedam
2205 2369 2472 2438 perimere
2486 2370 2704 2433 dicitur,
2734 2370 2809 2424 sic
2827 2373 3010 2437 etiam,
3029 2385 3243 2443 propter
3273 2391 3475 2444 praece—

1905 2466 2034 2520 dens
2054 2465 2263 2530 vitium,
2292 2465 2463 2521 bonus
2481 2467 2678 2522 Christi
2693 2467 2824 2522 odor
2839 2467 2920 2521 his
2935 2472 3022 2537 qui
3043 2480 3168 2522 sunt
3189 2484 3252 2522 ex
3276 2485 3379 2526 mo:
3396 2480 3473 2538 te,

1904 2556 2040 2611 litin
2077 2566 2302 2612 mortem
2335 2559 2594 2628 ipsorum,
2626 2573 2744 2611 cum
2784 2559 3000 2612 interim
3031 2556 3223 2629 bisqui
3250 2571 3465 2618 suntex

1903 2645 2033 2712 vita,
2057 2644 2148 2699 ﬁat
2168 2645 2220 2699 in
2239 2647 2424 2699 vitam.
2449 2645 2571 2700 Haec
2585 2645 2738 2700 nobis
2753 2645 2865 2699 visa
2879 2658 3000 2700 sunt
3019 2659 3139 2700 esse
3155 2649 3379 2718 adjaceu
3391 2649 3463 2701 tia

1904 2737 2254 2805 disputationi
2300 2737 2366 2792 de
2413 2738 2680 2807 gustando
2722 2746 2980 2802 mortem,
3013 2735 3097 2790 vel
3140 2739 3206 2791 de
3235 2738 3466 2794 videndo

1904 2838 1997 2884 aut
2021 2843 2124 2884 non
2170 2827 2402 2884 vtdendo
2430 2837 2678 2882 mortem.
2712 2825 2836 2881 P05t
2863 2826 2978 2881 lucc
3004 2825 3219 2898 [Judaei]
3255 2843 3362 2880 non
3388 2829 3468 2880 vi-

1905 2921 2100 2978 dentes
2138 2930 2399 2991 quantum
2451 2928 2734 2990 prastaret
2765 2919 3018 2974 Christus
3060 2918 3383 2988 patriarchis
3411 2928 3469 2974 et

1905 3015 2210 3085 prophetis,
2243 3029 2309 3068 ac
2354 3027 2422 3068 ne
2471 3011 2719 3067 Messiam
2753 3011 2970 3081 quidem
3018 3025 3138 3067 esse
3181 3013 3466 3067 credentes

1908 3107 2035 3162 talia
2058 3107 2634 3177 tantaquedocentem,
2660 3106 2972 3161 addubitant
2998 3107 3240 3160 dicentes
3271 3119 3287 3159 :
3315 3104 3460 3159 Num

1905 3207 1960 3252 tu
1981 3199 2156 3270 major
2175 3215 2229 3254 es
2247 3209 2398 3270 patre
2419 3208 2598 3254 nostra
2626 3197 2913 3260 Abraham,
2930 3198 3021 3268 qui
3042 3208 3279 3252 mortuus
3297 3209 3371 3252 est
3389 3197 3469 3251 '7!

1901 3286 2021 3342 Non
2041 3288 2226 3343 vident
2259 3297 2465 3353 autem,
2493 3287 2636 3356 quod
2661 3287 2752 3356 qui
2777 3285 2991 3355 genitus
3019 3295 3102 3341 est
3132 3299 3195 3338 ex
3221 3284 3472 3355 Virgine,

1903 3392 2010 3432 non
2043 3377 2217 3432 solum
2244 3376 2554 3432 Abrahamo
2583 3376 2722 3444 ipso,
2747 3391 2934 3430 verum
2958 3376 3120 3430 etiam
3148 3389 3470 3445 quocunque

1901 3484 1968 3525 ex
2021 3470 2342 3526 mulieribus
2396 3470 2580 3542 genito
2625 3469 2697 3524 sit
2751 3469 2954 3537 major;
3010 3469 3176 3539 368
3233 3469 3472 3537 itemque

1901 3559 2154 3615 onmibus
2207 3559 2512 3630 prophetis,
2566 3560 2922 3629 pr0phetatus
2971 3558 3040 3613 ab
3090 3557 3258 3627 ipsis;
3308 3568 3471 3625 atque

1901 3651 2156 3706 omnibus
2185 3652 2277 3720 qui
2322 3651 2522 3706 mortui
2557 3649 2790 3714 fuerint,
2821 3650 2946 3718 quia
2978 3649 3122 3718 ipsos
3159 3646 3470 3701 viviﬁcave-

1905 3741 2018 3796 rit:
2056 3756 2155 3795 nec
2183 3745 2307 3808 hoc,
2335 3742 2463 3812 quia
2492 3740 2734 3811 seipsum
2765 3739 2924 3794 talem
2967 3738 3180 3802 fecerit,
3222 3738 3317 3792 sed
3343 3737 3466 3806 quia

1905 3831 2084 3886 isthuc
2111 3848 2140 3885 a
2183 3831 2344 3886 Patre
2375 3831 2668 3900 acceperit.
2695 3827 2764 3884 Ut
2785 3830 2920 3884 enim
2947 3826 3112 3882 Pater
3140 3828 3294 3880 vitam
3314 3827 3468 3880 habet

1904 3921 1960 3974 in
1981 3921 2282 3990 semetipso,
2314 3922 2390 3976 sic
2421 3921 2564 3974 dedit
2607 3922 2767 3974 etiam
2800 3917 2965 3986 Filio,
2991 3929 3046 3972 ut
3090 3920 3249 3973 vitam
3277 3917 3466 3971 habent

1899 4013 1955 4068 in
1998 4013 2279 4083 sentetipso
2301 4012 2370 4080 ³⁸,
2412 4011 2554 4068 Filio
2593 4027 2700 4066 non
2729 4011 2945 4066 valente
2992 4025 3022 4064 a
3073 4011 3252 4080 seipso
3279 4007 3467 4064 facere

1899 4105 2215 4174 quidquam,
2256 4119 2356 4159 nec
2403 4114 2679 4174 quaerente
2707 4101 3036 4158 voluntatem
3071 4116 3226 4157 suam
3260 4098 3461 4164 facere,

1898 4197 1993 4252 sed
2023 4197 2140 4262 ejus
2189 4196 2292 4265 qui.
2331 4194 2480 4250 misit
2531 4193 2682 4248 illum
2707 4193 2777 4247 ³³.
2819 4192 3012 4246 Dicunt
3058 4192 3261 4246 etiam:
3297 4189 3464 4255 Quem

1897 4289 2118 4354 teipsum
2212 4287 2346 4356 facit
2411 4285 2523 4339 “‘3
2593 4285 2792 4356 quippe
2853 4284 2945 4352 qui
3032 4295 3138 4337 non
3223 4281 3468 4333 viderant

231 4373 320 4428 τοῦ
349 4375 657 4447 πέμψαντος
689 4379 867 4432 αὐτόν.
903 4379 1014 4432 Καὶ
1041 4378 1119 4431 τό·
1145 4379 1282 4433 Τίνα
1296 4379 1557 4434 σεαυτὸν
1574 4380 1793 4447 ποιεῖς;

1904 4392 2150 4462 quoniam
2203 4405 2308 4446 non
2361 4389 2597 4459 seipsum
2665 4386 2870 4441 fecerat
2909 4381 3065 4439 Jesus
3110 4380 3252 4450 quod
3301 4387 3388 4434 est
3443 4398 3458 4434 ;

236 4465 306 4538 μὴ
323 4467 739 4540 τεθεωρηκότων
769 4463 835 4538 ἧν
861 4467 1032 4539 φωνὴ,
1067 4469 1148 4522 ὅτι
1179 4471 1278 4540 οὐχ
1312 4470 1500 4523 ἑαυτὸν
1519 4471 1548 4522 6
1590 4471 1797 4540 Ἰησοῦς

234 4558 524 4628 πεποίηκεν
566 4559 704 4629 ὅπερ
735 4559 900 4612 ἐστιν’
929 4558 1112 4631 διόπερ
1151 4561 1247 4612 καὶ
1279 4561 1413 4630 πρὸς
1458 4560 1616 4614 τοῦτο
1652 4561 1801 4615 δοκεῖ

238 4665 320 4718 μοι
351 4649 760 4721 ἀποκρίνεσθαι,
789 4649 1051 4704 διδάσκων
1082 4650 1164 4714 τίς
1186 4651 1344 4704 αὐτὸν
1379 4652 1632 4722 ἐποίησεν
1660 4653 1797 4724 ὅπερ

231 4736 294 4812 ἦν
309 4782 323 4806 ,
354 4741 431 4794 τό·
477 4737 610 4796 Ἐὰν
627 4739 742 4810 ἐγὼ
767 4741 1003 4806 δοξάσω
1033 4741 1310 4810 ἐμαυτὸν,
1329 4744 1366 4810 ἡ
1388 4742 1537 4808 δόξα
1552 4760 1672 4812 μου
1693 4745 1795 4798 οὑ-

233 4833 332 4886 δέν
360 4833 547 4888 ἐστιν’
573 4833 743 4888 ἔστιν
766 4837 797 4888 ό
817 4832 1021 4901 Πατὴρ
1051 4835 1084 4887 ό
1105 4831 1368 4896 δοξάζων
1390 4850 1487 4902 με.
1522 4835 1632 4888 Καὶ
1661 4833 1793 4887 ταῦ-

231 4943 294 4980 τα
325 4926 402 4992 δὲ,
437 4927 683 4998 αὐτάρκη
723 4927 1066 4999 πριγραφὴν
1109 4924 1392 4996 εἰληφότος
1419 4923 1514 4977 τοῦ
1548 4925 1793 4980 εἰκοστοῦ

233 5015 334 5069 τῶν
378 5019 458 5080 εἰς
499 5017 562 5070 τὸ
605 5017 745 5071 κατὰ
787 5017 1040 5089 Ἰωάννην
1088 5015 1416 5086 Εὐαγγέλιον
1457 5015 1812 5086 ὲξηγητικῶν

233 5107 415 5176 τόμου,
439 5109 539 5180 τὴν
570 5109 916 5181 περιγραφὴν
941 5108 1173 5164 ἐνταῦθα
1199 5105 1486 5177 εἱληφέτω,
1515 5107 1626 5172 ἵνα,
1658 5107 1793 5162 Θεοῦ

234 5199 698 5265 ἀποκαλύπτοντος
740 5203 871 5271 ἡμῖν
917 5199 986 5253 τὰ
1029 5200 1173 5272 ἑξῆς,
1224 5199 1587 5271 θεωρήσωμεν
1626 5199 1683 5251 ὲν
1713 5199 1793 5271 τῷ

1900 4511 2061 4566 quam
2105 4494 2174 4550 ob
2214 4508 2432 4549 causam
2464 4491 2626 4546 etiam
2671 4489 2885 4542 videtur
2933 4482 3067 4537 mihi
3117 4481 3185 4534 ad
3241 4481 3344 4535 hoc
3381 4492 3466 4534 re-

1897 4593 2190 4662 spondere,
2219 4591 2421 4646 docens
2449 4589 2570 4658 quis
2602 4587 2774 4656 ipsum
2801 4585 3022 4638 fecisset
3058 4579 3110 4634 id
3137 4578 3280 4648 quod
3310 4586 3464 4632 erat:

1899 4693 1958 4750 Si
1983 4709 2074 4763 ego
2116 4691 2355 4762 glori/ica
2387 4689 2665 4757 meipsum,
2689 4685 2857 4754 gloria
2906 4698 3020 4734 mea
3065 4679 3215 4734 nulla
3253 4686 3468 4743 θεωρεῖ

1899 4794 2088 4860 Pater,
2114 4795 2206 4863 qui
2230 4807 2309 4845 me
2327 4785 2811 4863 glorificat“.jSed
2855 4784 2970 4839 haec
3011 4785 3112 4839 hoc
3142 4782 3197 4836 in
3236 4781 3354 4837 loco
3397 4783 3463 4836 li-

1898 4911 2022 4952 nem
2057 4901 2294 4957 sumant,
2320 4905 2445 4948 cum
2475 4899 2652 4945 tomus
2684 4885 2980 4943 vicesimus
3016 4884 3462 4954 explauationum

1899 5002 1951 5054 in
1981 4994 2328 5064 Evangelium
2353 5009 2382 5049 a
2396 4991 2604 5048 Joanne
2631 4990 2888 5046 tradit-um
2905 4983 3462 5073 circumscriptionem

1896 5102 2250 5159 sufﬁcientem
2283 5095 2576 5168 acceperit,
2601 5103 2678 5158 ut.
2707 5095 2814 5150 Deo
2847 5090 3008 5146 nobis
3029 5087 3323 5152 revelante,
3347 5101 3466 5156 quae

1897 5208 2130 5264 restant,
2157 5196 2566 5254 consideremus
2594 5192 2646 5246 in
2672 5189 2921 5261 sequenti
2945 5198 3112 5252 torno,
3138 5197 3464 5254 prosequen-

302 5385 343 5417 ³⁸
377 5386 396 5438 1
430 5384 583 5440 Joan.
617 5381 656 5444 ι.
692 5386 743 5438 l.
819 5385 860 5416 ³⁸
884 5383 922 5436 ll
953 5385 1080 5438 Cor.
1106 5383 1296 5449 x1,13,
1323 5382 1410 5437 15.
1488 5383 1532 5415 ³²
1555 5381 1712 5438 Joan.
1747 5397 1801 5447 Χ,

1909 5419 1922 5433 .
2002 5372 2453 5449 "ibid._%6.__“
2486 5369 2625 5449 ﬁsa}.
2659 5365 2969 5449 κυνικῆς-
3017 5361 3252 5449 “liqua:
3269 5361 3462 5449 x1359.

237 5454 277 5485 ιε
301 5455 340 5508 ιι
365 5433 583 5520 ἁιῖιζ-ιῖξ
614 5433 818 5521 ιζςξιϋ.
884 5433 1409 5518 ὶῖιῑιῖείίιῖῖιῖιῖδδῖ
1465 5433 1801 5518 "hiat—Iv?

1970 5450 2012 5480 ³³
2043 5448 2172 5502 ibid.
2210 5444 2301 5509 l9,
2333 5442 2424 5498 50.
2499 5440 2545 5471 ‘°
2573 5437 2730 5493 Joau.
2768 5453 2880 5503 vut,
2905 5435 2994 5491 55.
3069 5435 3111 5465 δ’
3145 5435 3276 5488 ibid.
3301 5433 3390 5488 54.

301 5597 496 5665 (552)01
523 5597 850 5651 ἀπόστολοι
879 5596 1111 5665 ἔλεγον,
1140 5602 1244 5650 etc.
1297 5591 1565 5662 Apostolis
1607 5589 1797 5648 tribuit

239 5664 456 5723 Marthae
483 5669 683 5723 dictum
719 5666 870 5724 Joan.
899 5681 976 5732 ιι,
1007 5664 1097 5719 59.

1980 5581 2294 5725 (Ξῦὅὲϐςὶιιθκ
2335 5579 2556 5651 Regius,
2593 5576 2750 5642 male,
2785 5577 2896 5640 τοῖς
2942 5575 3021 5637 εἰς
3066 5571 3212 5644 ζωῆς
3245 5567 3458 5624 61:06:“-

2103 5670 2206 5724 ωη.

1899 5673 1978 5712 νει
2014 5670 2046 5724 η
2073 5670 2206 5724 gon}.
