3924 6196
119 269 230 326 681

1125 257 1477 322 (ῖΟλΙΜΕΝΤ.
1520 261 1586 318 IN
1623 259 1815 318 IOAN.
1857 257 2094 315 TOMUS
2136 254 2372 312 XXVIII.

3288 244 3353 298 68
3362 245 3390 298 Ξ

111 383 424 448 Μωῦσὲως
471 384 552 449 είς
581 385 678 458 τὴν
707 385 804 456 τῆς
852 381 1054 455 σκηνῆς
1081 383 1175 437 τοῦ
1225 381 1521 454 μαρτυρίου
1555 395 1725 432 κατα⁴

1840 374 2056 430 seientia
2123 383 2179 428 et
2238 368 2521 439 disciplina
2585 363 2958 436 Egyptiorum
3017 355 3386 415 eruditum".

113 477 366 548 σκευήνο
411 476 470 530 al
515 477 625 548 γὰρ
650 476 809 530 αὐλαὶ
833 477 888 528 αί
926 476 1097 528 εἴκοσι
1135 475 1228 527 καὶ
1258 470 1403 526 ὀκτὼ
1432 470 1622 540 πηχῶν
1667 468 1727 522 τὸ

120 564 323 639 μῆκός
362 567 489 621 είσι·
521 568 616 620 καὶ
666 567 832 643 ἐχρῆν
867 583 930 635 γε
957 566 1054 638 τὴν
1105 567 1183 628 εἰς
1209 564 1366 629 δόξαν
1394 562 1528 615 Θεοῦ
1557 577 1727 614 κατα-

114 656 557 731 σκευαζομένην
598 658 802 730 σκηνὴν
833 657 928 710 τοῦ
959 657 1254 728 μαρτυρίου
1286 655 1424 725 μετά
1454 653 1562 706 τῶν
1586 652 1730 716 ἐξαι-

115 750 315 824 ρέτων
343 751 591 823 ἀριθμῶν
618 750 762 820 ἔχειν
793 751 887 803 καὶ
909 748 1000 802 τὸν
1034 749 1206 802 εἴκοσι
1237 749 1332 801 καὶ
1355 745 1516 800 ὀκτώο
1542 747 1626 814 ἐφ’
1645 744 1726 804 ὃν,

111 843 250 917 ίερὲ
285 841 488 912 ἀδελφὲ
549 840 860 913 Ἀμϐρόσιε,
897 840 1201 908 φθάσαντες
1225 838 1334 891 τῶν
1373 839 1454 899 είς
1491 834 1553 888 τὸ
1587 833 1728 889 κατά

125 935 409 1005 Ἰωάννην
438 932 778 1006 ὲξηγητικῶν
845 927 1016 1003 (οὗτος
1061 929 1170 1001 γὰρ
1193 928 1366 991 ἔσται,
1399 924 1534 980 Θεοῦ
1568 943 1719 996 χαρι-

109 1027 402 1098 ζομένου,
440 1024 682 1087 εἰκοστὸς
721 1023 905 1092 ὃγδοος
938 1023 1018 1085 είς
1052 1021 1112 1074 τὸ
1152 1019 1484 1088 Εὑαγγέλιον
1516 1017 1726 1089 τόμος),

106 1116 601 1187 ἐπικαλεσάμενοι
643 1113 736 1167 τὸν
766 1112 967 1166 τέλειον
1001 1111 1097 1165 καὶ
1132 1109 1470 1180 τελειότητος
1495 1107 1728 1178 χορηγὸν

103 1208 270 1263 Θεὸν
301 1207 396 1262 διά
420 1205 514 1260 τοῦ
529 1205 735 1260 τελείου
752 1203 1051 1275 ἀρχιερέως
1077 1200 1234 1273 ἡμῶν
1270 1198 1446 1269 Ἰησοῦ
1469 1197 1725 1269 Χριστοῦ

104 1301 188 1354 ἵν’
223 1299 394 1370 ἡμῶν
420 1298 510 1352 τὸν
545 1297 669 1352 νοῦν
697 1295 772 1366 δῷ
801 1297 982 1366 εὑρεῖν
1016 1293 1114 1365 τὴν
1143 1291 1274 1363 περὶ
1306 1291 1414 1344 τῶν
1439 1288 1731 1360 ἐξετασθη-

104 1391 392 1463 σομένων
420 1389 696 1461 ἀλήθειαν,
724 1387 818 1440 καὶ
845 1383 1190 1454 κατασκευὴν
1211 1381 1412 1446 αὐτῶν,
1448 1381 1542 1434 καὶ
1559 1379 1730 1442 οὕτως

99 1483 453 1554 ὁδεύσωμεν
487 1483 582 1536 καὶ
604 1481 698 1533 ἐπὶ
721 1479 788 1534 τά
809 1479 958 1551 ἑξῆς.

1829 465 2118 531 disponere
2153 460 2369 514 facilius
2398 455 2823 512 exstructionem
2879 450 3208 506 tabernaculi
3243 449 3390 504 testi-

1830 553 1998 608 monii
2032 567 2045 600 :
2087 553 2392 606 cubitorum
2431 548 2580 602 enim
2637 555 2785 611 orto,
2839 555 2894 597 et
2939 543 3125 612 viginti
3163 543 3394 614 longituo

1830 645 1954 699 dine
1987 652 2112 697 sunt
2145 641 2282 698 aulae
2303 640 2350 672 “
2382 655 2396 693 :
2429 639 2826 708 oportebatque
2873 651 3025 700 sane,
3059 644 3117 689 ut
3149 636 3398 689 taberna-

1829 729 2006 784 culum
2047 727 2366 793 testimonii,
2397 726 2541 796 quod
2578 725 2631 779 in
2664 724 2755 778 Dei
2784 723 3016 794 gloriam
3050 724 3402 779 construeba-

1832 829 1938 885 tur,
1971 835 2094 874 cum
2133 819 2424 889 praecipuis
2469 815 2711 887 numeris
2755 815 2983 869 haberet
3011 815 3176 869 etiam
3212 814 3408 868 vicesi-

1831 930 1978 969 mum
2032 919 2302 968 octavum.
2337 913 2419 967 Ad
2449 926 2654 982 quem,
2707 923 2862 964 sacer
2907 909 3079 963 frater
3130 909 3405 967 Ambrosi,

1830 1005 1956 1074 quia
1993 1005 2340 1074 pervenimus
2383 1003 2510 1075 (erit
2536 1003 2679 1058 enim
2733 1003 2820 1056 hic
2864 1009 3041 1054 tomus
3075 999 3412 1069 explanatio-

1831 1112 1957 1151 num
2007 1099 2060 1151 in
2105 1095 2457 1166 Evangelium
2505 1109 2534 1148 a
2579 1091 2786 1148 Joanne
2827 1093 3111 1158 traditum,
3159 1093 3269 1146 Deo
3301 1090 3405 1144 lar-
3438 1151 3454 1161 ,

1831 1187 2033 1257 giente,
2069 1187 2363 1243 vicesimus
2397 1184 2665 1258 octavus).
2713 1186 2878 1240 Deum
2932 1185 2984 1238 in
3019 1183 3211 1254 primis
3259 1183 3411 1237 invo-

1832 1288 2019 1334 cantes
2055 1278 2380 1350 perfectum,
2412 1295 2476 1333 ac
2509 1277 2898 1348 perfectionem
2942 1276 3412 1346 suppeditantem,

1831 1380 2056 1426 auctore
2079 1386 2294 1426 summo
2337 1371 2621 1426 sacerdote
2655 1380 2839 1424 nostro
2883 1367 3012 1424 Iesu
3059 1368 3304 1433 Christo,
3355 1379 3414 1424 ut

1830 1461 1996 1532 37o
2024 1461 2180 1516 nobis
2218 1461 2308 1516 det
2348 1459 2756 1530 intelligentiam
2788 1458 3095 1514 inveniendi
3130 1461 3412 1514 veritatem

1835 1569 2016 1608 rerum
2066 1551 2562 1622 exquirendarum,
2627 1548 3149 1620 dispositionemqne
3195 1567 3408 1615 earum,

1832 1645 1910 1700 sic
1936 1659 2222 1714 pergemus
2252 1643 2318 1696 ad
2345 1657 2408 1694 ea
2440 1656 2558 1708 qua:
2590 1650 2909 1709 sequuntur.

97 1727 106 1734 ἢ
195 1760 265 1816 2.
301 1779 320 1812 ι
356 1759 518 1828 Λέγει
546 1759 576 1812 ὁ
611 1755 840 1827 Ἰησοῦς·
867 1756 1069 1826 ’Ἄρατε
1104 1753 1192 1806 τὸν
1209 1751 1370 1805 λίθον.
1401 1771 1418 1802 ι
1469 1750 1727 1820 Ἐπείπερ

1903 1732 1956 1786 2.
1993 1753 2011 1785 ι
2045 1732 2188 1787 Dicit
2233 1730 2430 1786 Iesus:
2467 1729 2665 1785 Tollite
2714 1729 2948 1798 lapidem
2975 1731 3040 1786 ⁸⁸.
3080 1751 3099 1783 ι
3143 1733 3410 1806 Quoniam

102 1850 329 1905 ἐνθάδε
364 1849 463 1920 μὲν
493 1849 582 1902 τὸν
632 1845 978 1917 ἐπικείμενον
1015 1843 1092 1916 τῷ
1145 1842 1392 1914 σπηλαίῳ
1423 1840 1591 1903 λίθον,
1625 1840 1726 1894 οὐκ

103 1943 307 2006 αὐτὸς
338 1943 369 1994 ὁ
409 1939 616 2011 Ἰησοῦς
646 1940 810 2010 αίρεῖ,
847 1936 983 1992 ἀλλά
1009 1935 1177 2004 λέγει’
1218 1953 1237 1986 ι
1285 1935 1487 2006 ’Δρατε
1519 1933 1611 1986 τὸν
1642 1931 1724 1985 λί-

106 2033 252 2086 θον·
293 2051 311 2083 ι
347 2032 408 2084 ὲν
429 2030 486 2085 δὲ
521 2032 586 2102 τῇ
629 2029 867 2095 Γενέσει,
897 2027 1058 2100 ἡνίκα
1083 2026 1230 2090 λίθος
1252 2021 1320 2098 ἦν
1349 2025 1522 2096 μέγας
1539 2025 1632 2078 ἐπὶ
1651 2023 1728 2095 τῷ

109 2123 378 2195 στόματι
414 2120 506 2174 τοῦ
528 2121 776 2193 φρέατος,
817 2120 912 2175 καὶ
957 2119 1251 2190 συνήγοντο
1285 2118 1400 2169 ἐκεῖ
1433 2115 1610 2170 πάντα
1659 2113 1728 2167 τὰ

111 2214 401 2284 ποίμνια,
431 2213 523 2266 καὶ
559 2211 852 2266 ἀπεκύλιον
889 2209 1035 2264 λίθον
1066 2209 1186 2263 ἀπὸ
1214 2207 1307 2262 τοῦ
1340 2207 1606 2278 στόματος
1634 2203 1728 2257 τοῦ

116 2304 407 2376 φρέατος,
442 2303 536 2356 καὶ
583 2301 899 2372 συνήγοντο,
936 2299 1030 2352 καὶ
1060 2297 1312 2362 ὲπότιζον
1347 2295 1417 2348 τά
1458 2293 1726 2366 πρόϐατα,

119 2397 239 2452 καὶ
271 2394 657 2450 ἀποκαθίστων
669 2393 760 2446 τὸν
793 2390 940 2444 λίθον
963 2390 1054 2443 ἐπὶ
1080 2389 1141 2442 τὸ
1169 2388 1344 2459 στόμα
1373 2387 1468 2440 τοῦ
1497 2386 1730 2457 φρέατος

123 2490 220 2552 είς
243 2489 342 2541 τὸν
390 2487 554 2540 τόπον
580 2483 762 2538 αὐτοῦ’
790 2483 888 2537 καὶ
905 2480 982 2552 τῷ
1011 2479 1232 2551 μηδέπω
1249 2478 1405 2532 τοῦτο
1425 2475 1726 2546 γεγονέναι,

120 2578 228 2632 διὰ
259 2577 327 2631 τὸ
362 2577 438 2648 μὴ
471 2573 823 2646 συνῆχθαιτά
856 2573 1048 2643 κτήνη,
1082 2571 1110 2623 ὁ
1147 2567 1342 2623 Ἰακὼϐ
1371 2567 1494 2621 ἰδὼν
1527 2565 1731 2637 Ῥαχὴλ

123 2671 240 2742 τὴν
273 2667 551 2738 θυγατέρα
579 2665 764 2719 Λάϐαν
789 2664 884 2718 τοῦ
917 2662 1146 2732 ἀδελφοῦ
1177 2659 1277 2731 τῆς
1306 2658 1510 2732 μητρὸς
1541 2657 1728 2720 αὑτοῦ,

132 2762 239 2815 καὶ
256 2759 324 2813 τὰ
351 2759 601 2831 πρόϐατα
621 2756 810 2812 Λάϐαν
827 2755 922 2809 τοῦ
949 2752 1178 2822 ἀδελφοῦ
1201 2753 1299 2822 τῆς
1323 2750 1528 2822 μητρὸς
1544 2747 1727 2811 αὑτοῦ,

140 2852 461 2926 προσελθὼν
492 2852 654 2915 αὐτὸς
682 2848 979 2904 ἀπεκύλισε
1004 2847 1098 2900 τὸν
1113 2845 1258 2899 λίθον
1282 2845 1389 2899 ἀπὸ
1414 2845 1507 2897 τοῦ
1534 2843 1732 2914 στόμα-

143 2963 240 3009 τος
263 2944 358 3000 τοῦ
387 2945 642 3018 φρέατος,
673 2943 768 2996 καὶ
789 2943 1007 2995 ὲπότισε
1041 2937 1111 2991 τὰ
1141 2936 1388 3010 πρόϐατα
1417 2935 1599 2990 Λάϐαν
1637 2932 1730 2988 τοῦ

146 3035 385 3105 ἀδελφοῦ
435 3035 538 3105 τῆς
573 3032 776 3105 μητρὸς
822 3029 1014 3084 αὐτοῦ’
1060 3027 1361 3100 βουλόμεθα
1389 3029 1734 3098 ἀμφοτέρους
1759 3075 1804 3133 c

143 3127 278 3190 τοὺς
303 3125 479 3189 λίθους
507 3123 755 3195 ἀλλήλοις
781 3120 1148 3186 συνεξετάσαι,
1182 3120 1269 3172 ἴνα
1288 3119 1352 3171 τὸ
1386 3117 1603 3186 εὔλογον
1632 3136 1733 3173 κα-

145 3220 504 3290 τανοήσωμεν
557 3216 650 3270 τοῦ
689 3215 876 3270 ἐνθάδε
927 3215 1025 3286 μὲν
1073 3212 1147 3284 μὴ
1186 3212 1349 3266 αὑτὸν
1390 3210 1480 3264 τὸν
1525 3211 1732 3282 Ἰησοῦν

148 3309 382 3382 ἡρκέναι
427 3308 519 3362 τὸν
571 3307 715 3361 λίθον
755 3306 863 3360 ἀπὸ
912 3304 1203 3376 σπηλαίου,
1261 3301 1378 3357 ἀλλ’
1429 3302 1730 3373 εἰρηκέναιο

157 3421 175 3453 ι
222 3400 422 3472 Ἀρατε
446 3399 538 3452 τὸν
561 3398 727 3451 λίθον⁶
763 3418 781 3448 ι
813 3398 869 3449 ὲν
890 3397 946 3450 δὲ
968 3398 1034 3467 τῇ
1073 3393 1286 3448 Γενέσει
1313 3393 1474 3447 αὐτὸν
1511 3393 1603 3446 τὸν
1631 3395 1734 3448 Ἰα-

153 3490 271 3546 κὼϐ
310 3489 764 3544 ἀποκεκυλικέναι
797 3488 888 3542 τὸν
917 3487 1058 3541 λίθον
1083 3487 1192 3540 ἀπὸ
1215 3486 1307 3540 τοῦ
1333 3487 1596 3558 στόματος
1637 3485 1732 3539 τοῦ

151 3586 406 3658 φρέατος.
432 3584 541 3638 Καὶ
570 3583 803 3655 πρόσχες
832 3581 1166 3654 είδυνάμεθα
1190 3580 1389 3650 λέγειν,
1421 3582 1501 3636 ὄτι
1525 3580 1616 3634 τοῦ
1638 3581 1734 3652 μὲν

154 3679 251 3731 ἐπὶ
267 3677 343 3748 τῷ
378 3675 624 3747 σπηλαίῳ
657 3674 823 3740 λίθου,
851 3674 972 3728 ἐπεὶ
993 3674 1054 3728 τὸ
1080 3671 1343 3745 σπήλαιον
1367 3674 1628 3744 μνημεῖον
1645 3666 1732 3742 ἦν,

153 3773 259 3826 οὐκ
282 3772 444 3843 ἐχρῆν
461 3770 622 3824 αὑτὸν
649 3768 890 3839 ἅψασθαι
907 3767 998 3821 τὸν
1018 3763 1250 3836 Ἰησοῦν,
1269 3764 1405 3818 ἀλλά
1435 3762 1734 3836 προστάξαι

163 3861 319 3934 μόνον
339 3863 450 3924 τοῖς
479 3859 806 3930 ἐπιτηδείοις
839 3856 976 3929 πρὸς
1008 3855 1070 3908 τὸ
1096 3853 1257 3926 ἔργον
1282 3850 1412 3924 ἆραι
1449 3853 1540 3905 τὸν
1566 3846 1753 3904 λίθον⁶’

160 3949 257 4004 τοῦ
279 3949 332 4002 δὲ
363 3949 709 4021 ἐπικειμένου
735 3948 812 4019 τῷ
847 3945 1076 4017 στόματι
1112 3943 1206 3997 τοῦ
1244 3942 1496 4014 φρέατος,
1525 3941 1617 3995 καὶ
1639 3942 1738 4010 ἐμ-

167 4041 462 4106 ποδίζοντος
504 4040 582 4111 τῷ
629 4039 803 4093 πίνειν
843 4036 912 4090 τὰ
958 4034 1230 4108 πρόϐατα,
1275 4033 1369 4102 ἀφ’
1411 4025 1486 4086 ὧν
1517 4029 1738 4101 ἔμελλεν

169 4133 454 4205 ὀνήσασθαι
476 4130 585 4204 (57)
612 4129 682 4184 τὰ
708 4129 979 4199 ἐπίσημα,
1011 4126 1103 4180 καὶ
1134 4127 1168 4197 ἡ
1203 4124 1358 4197 μερὶς
1401 4121 1492 4177 τοῦ
1517 4118 1735 4186 Ἰακὼϐ,

139 4275 142 4278 .
175 4223 326 4280 αὐτόν
363 4224 486 4276 ἐστι
512 4222 717 4276 δίκαιον
751 4216 1008 4274 λαϐέσθαι
1035 4217 1126 4269 τὸν
1153 4214 1369 4281 Ἰακὼϐ,
1391 4213 1485 4268 καὶ
1511 4213 1741 4282 προσελο

176 4316 323 4370 θόντα
343 4315 420 4386 τῷ
449 4313 581 4385 λίθῳ
599 4311 922 4368 ἀποκυλῖσαι
945 4308 1106 4362 αὐτὸν
1125 4307 1233 4361 ἀπὸ
1251 4305 1344 4360 τοῦ
1368 4305 1632 4376 στόματος
1645 4303 1737 4358 τοῦ

177 4405 416 4478 φρέατος,
449 4405 539 4460 ἵνα
559 4402 784 4473 ποτισθῇ
812 4401 880 4454 τά
913 4400 1158 4473 πρόϐατα
1182 4397 1364 4453 Δάϐαν
1391 4395 1484 4451 τοῦ
1507 4394 1737 4466 ἀδελφοῦ
1771 4427 1814 4481 D

175 4499 269 4569 τῆς
295 4498 494 4571 μητρὸς
522 4495 710 4554 αὑτοῦ.
743 4494 854 4548 Καὶ
894 4493 1002 4546 ἔδει
1041 4507 1102 4560 γε
1134 4491 1226 4545 ἐπὶ
1258 4490 1355 4560 μὲν
1375 4489 1468 4542 τοῦ
1503 4488 1736 4561 φρέατος

149 4647 152 4652 ,
177 4590 324 4645 αὐτὸν
353 4587 672 4661 προσελθεῖν
693 4587 784 4640 τὸν
799 4583 1016 4648 Ἰακὼϐ,
1037 4583 1140 4650 ἔξω
1161 4583 1217 4636 δὲ
1243 4581 1506 4652 σπηλαίου
1543 4579 1736 4650 στῆναι

178 4682 264 4738 τὸν
286 4679 508 4752 Ἰησοῦν.
545 4681 608 4734 Εἰ
649 4679 708 4732 δὲ
732 4677 958 4731 δύνασαι
997 4675 1110 4746 (58)
1141 4674 1431 4744 ἐπιστῆσαι
1463 4673 1516 4725 τί
1538 4671 1735 4743 δήποτε

177 4775 266 4832 ἐπὶ
291 4775 385 4846 μὲν
419 4773 513 4828 τοῦ
559 4770 824 4844 σπηλαίου
873 4769 934 4822 οὐ
964 4767 1279 4822 κεκύλισται
1314 4768 1342 4819 ό
1393 4764 1736 4834 ἐπικείμενος

178 4866 316 4938 αὐτῷ
359 4866 525 4929 λίθος,
577 4864 713 4919 ἀλλά
762 4863 996 4936 αἴρεται·
1046 4861 1138 4914 ἐπὶ
1183 4858 1242 4912 δὲ
1282 4856 1373 4910 τεῦ
1409 4855 1642 4928 φρέατος
1674 4853 1736 4906 οὐ

179 4957 441 5020 παντελῶς
469 4957 702 5026 αἴρεται,
742 4954 876 5008 ἀλλά
921 4953 1078 5024 μόνον
1124 4947 1495 5004 ἀποκυλίεται.
1539 4939 1740 5016 Ἐχρῆν

184 5047 344 5117 πάντη
381 5046 478 5118 μὲν
510 5045 742 5117 ἀρθῆναι
767 5043 860 5096 τὸν
893 5035 1122 5096 ἀπὺίτοῦ
1158 5039 1422 5112 μνημείου
1451 5035 1616 5096 λίθον,
1648 5035 1740 5088 καὶ¹

1835 1827 1938 1880 hoc
1969 1825 2021 1878 in
2052 1823 2170 1878 loco
2195 1823 2680 1894 superimpositum
2733 1822 3010 1891 spelunca:
3041 1825 3275 1894 lapidem
3307 1843 3413 1884 non

1835 1914 1946 1984 ipse
1968 1912 2125 1969 Iesus
2151 1911 2310 1975 tollit,
2343 1911 2436 1967 sed
2461 1909 2596 1965 dicit
2631 1927 2645 1964 :
2685 1927 2704 1962 ι
2740 1909 2934 1965 Tollite
2990 1910 3223 1980 lapidem
3259 1930 3273 1967 :
3305 1931 3324 1964 ι
3358 1914 3412 1968 in

1833 2002 2030 2060 Genesi
2062 2018 2194 2059 vero
2219 2003 2290 2071 “,
2327 2003 2417 2058 ubi
2444 2001 2580 2071 lapis
2603 2007 2725 2055 erat
2767 2000 2956 2071 ingens
2991 2017 3156 2072 super
3187 2018 3282 2057 ore
3315 2019 3412 2072 pu-

1839 2098 1936 2164 tei,
1971 2107 2027 2152 et
2053 2097 2143 2152 ubi
2175 2097 2644 2167 congregabantur
2669 2109 2862 2151 omnes
2889 2111 3100 2165 greges,
3137 2107 3191 2150 et
3246 2099 3413 2150 revol-

1839 2191 2036 2245 vebant
2069 2189 2302 2259 lapidem
2331 2189 2398 2245 ab
2427 2204 2522 2244 ore
2548 2191 2717 2260 putei,
2740 2199 2796 2245 et
2827 2189 3035 2244 collecti
3068 2200 3250 2258 potum
3278 2205 3415 2259 prae-

1839 2283 2040 2338 hebant
2089 2282 2318 2344 ovibus,
2378 2290 2432 2336 et
2494 2296 2708 2338 rursum
2777 2280 3139 2346 restituellant
3186 2281 3412 2350 lapidem

1817 2390 2002 2446 super
2021 2389 2124 2430 .ore
2171 2373 2315 2445 putei
2343 2374 2398 2429 in
2433 2375 2607 2430 locum
2640 2389 2827 2438 suum;
2886 2382 2943 2426 et
2985 2372 3074 2426 ubi
3113 2371 3258 2442 (quia
3291 2388 3417 2425 non-

1839 2467 1966 2522 dum
1996 2467 2100 2523 hoc
2134 2465 2334 2522 factum
2389 2465 2602 2529 fuisset,
2654 2475 2940 2535 propterea
2993 2466 3134 2536 quod
3179 2467 3414 2520 nondum

1819 2566 2161 2630 congregata
2214 2558 2443 2612 fuissent
2498 2557 2767 2625 iumenta)
2801 2555 2971 2612 Iacob
3029 2558 3258 2612 intuitus
3305 2555 3417 2612 Ila-

1819 2651 2048 2707 .chelem
2080 2651 2244 2706 filiam
2276 2649 2460 2703 Laban
2495 2648 2680 2704 fratris
2711 2649 2903 2703 matris
2953 2665 3064 2703 sua:
3091 2650 3156 2716 “,
3201 2659 3256 2703 et
3285 2663 3416 2704 oves

1841 2743 2024 2798 Laban
2057 2741 2244 2797 fratris
2277 2741 2468 2796 matris
2492 2755 2627 2804 suae,
2675 2756 2800 2795 cum
2834 2742 3156 2796 accessisset
3187 2742 3302 2808 ipse
3325 2754 3416 2798 rc-

1843 2835 2009 2887 volvit
2039 2833 2275 2902 lapidem
2303 2831 2370 2885 ab
2400 2845 2498 2886 ore
2521 2830 2690 2900 putei,
2721 2841 2775 2884 et
2805 2839 2987 2899 potum
3018 2831 3247 2899 pnebnit
3293 2833 3414 2886 ovi-

1843 2927 1942 2980 bus
1988 2925 2172 2980 Laban
2217 2924 2404 2978 fratris
2456 2923 2649 2977 matris
2691 2938 2822 2987 suae,
2872 2923 3118 2978 volumus
3149 2931 3416 2989 utrosque

1842 3018 2050 3089 lapides
2102 3017 2244 3072 inter
2275 3030 2335 3072 se
2385 3013 2661 3079 conl‘e‘rre,
2719 3017 2948 3085 utquod
2991 3026 3414 3071 consentaneut't

1840 3119 1924 3164 est
1983 3109 2180 3164 rationi
2237 3107 2649 3163 consideremus
2689 3125 2702 3161 :
2739 3121 2936 3174 nempe
3001 3122 3171 3176 quare
3207 3107 3311 3162 hoc
3363 3106 3422 3162 il.

1839 3199 1959 3254 loco
1986 3213 2090 3252 non
2126 3199 2240 3268 ipse
2265 3195 2424 3252 Iesus
2449 3196 2735 3252 sustulerit
2783 3212 2812 3251 a
2848 3197 3112 3267 spelunca
3164 3197 3417 3266 lapidein.

1809 3285 1932 3341 ~sed
1959 3285 2158 3340 dixerit
2185 3302 2200 3342 :
2225 3304 2243 3337 ι
2262 3285 2459 3341 'l‘oIIite
2488 3285 2754 3355 lapidem;
2787 3305 2806 3338 ι
2832 3286 2883 3340 ἰιι
2919 3286 3115 3342 Genesi
3147 3303 3276 3342 vero
3304 3287 3419 3354 ipse

1811 3373 2003 3430 .Iacob
2031 3374 2319 3430 revolverit
2350 3374 2581 3445 lapidem
2609 3374 2678 3428 ab
2705 3389 2800 3429 ore
2840 3377 3007 3444 putei.
3061 3375 3123 3430 Et
3174 3377 3417 3430 aninmm

1840 3470 2036 3524 adhibe
2069 3485 2136 3524 an
2165 3469 2347 3523 dicere
2372 3468 2648 3538 possimus
2690 3482 2795 3521 non
2826 3469 3133 3536 oportuisse
3175 3479 3233 3521 ut
3259 3467 3420 3524 Iesus

1844 3570 2088 3631 tangeret
2143 3560 2372 3630 lapidem
2425 3559 2700 3628 spelunca:
2750 3559 3252 3628 superimpositum,
3283 3575 3422 3628 quo-

1843 3655 1985 3708 niam
2040 3653 2294 3722 spelunca
2341 3663 2756 3707 monumentum
2805 3661 2958 3714 erat;
2998 3650 3093 3704 sed
3129 3652 3422 3720 praecipere

1845 3754 2052 3799 tantum
2088 3745 2173 3799 his
2212 3745 2304 3813 qui
2333 3743 2542 3796 muneri
2573 3740 2824 3796 obeundo
2861 3751 3147 3810 praeerant,
3179 3752 3237 3797 ιιι
3259 3745 3422 3798 tolle-

1847 3849 1965 3893 rent
1993 3837 2226 3908 lapidem
2251 3854 2266 3890 :
2292 3836 2496 3906 justum
2523 3847 2650 3887 vero
2681 3847 2822 3891 esse.
2854 3843 2912 3886 ut
2945 3833 3062 3902 ipse
3089 3834 3258 3891 Iacob
3278 3837 3423 3892 lmnc

1845 3929 2250 4000 superpositum
2271 3927 2352 3984 ori
2375 3925 2545 3997 putei,
2569 3932 2624 3979 et
2643 3924 2948 3979 obstantem
2970 3929 3260 3994 quominus
3287 3945 3420 3982 oves

1847 4021 2093 4076 biberent
2138 4021 2190 4089 (a
2233 4017 2428 4088 quibus
2474 4016 2711 4071 futurum
2749 4025 2890 4074 erat.
2925 4025 2983 4070 ut
3028 4017 3421 4085 adjuvarenlnr

1849 4111 2074 4178 nobilia,
2099 4121 2156 4166 et
2193 4125 2321 4182 pars
2348 4109 2540 4177 Iacob)
2567 4109 2864 4180 acciperet;
2915 4122 3148 4178 cumque
3176 4111 3242 4166 ad
3276 4114 3420 4167 hunc

1847 4207 2081 4277 lapidem
2114 4203 2459 4267 accessisset,
2511 4202 2814 4258 revolveret
2851 4216 2972 4257 eum
3003 4203 3070 4256 ab
3118 4215 3217 4255 ore
3245 4204 3418 4270 putei.

1846 4312 1902 4355 ut
1932 4309 2114 4372 potum
2167 4297 2322 4352 daret
2355 4294 2546 4351 ovibus
2596 4293 2780 4351 Laban
2830 4297 3017 4352 fratris
3051 4294 3241 4348 matris
3285 4308 3418 4346 suae.

1847 4393 1924 4441 Ac
1950 4385 2197 4456 profecto
2229 4399 2366 4455 opus
2392 4393 2532 4452 erat,
2568 4394 2626 4437 ut
2659 4385 2726 4440 ad
2751 4395 2970 4454 puteum
2996 4386 3112 4451 ipse
3135 4382 3422 4434 accederet

1844 4476 2042 4541 Iacob;
2093 4485 2246 4531 extra
2301 4475 2617 4544 speluncam
2654 4489 2782 4529 vero
2832 4482 3003 4529 staret
3055 4471 3233 4526 Iesus.
3286 4470 3420 4524 Vide

1846 4582 1973 4620 vero
2019 4581 2085 4619 an
2128 4564 2400 4633 inspicere
2443 4561 2620 4632 possis
2659 4562 3011 4631 quamobrem
3042 4559 3418 4628 superpositus

1843 4657 2115 4726 spelunca;
2146 4655 2278 4722 lapis
2327 4669 2432 4707 non
2463 4654 2792 4716 revolvatur,
2824 4651 2919 4706 sed
2975 4649 3227 4714 tollatur;
3263 4664 3292 4702 a
3319 4663 3422 4718 pn-

1847 4757 1932 4802 Ieo
1962 4755 2142 4801 autem
2191 4761 2298 4800 non
2347 4747 2575 4819 omnino
2629 4743 2874 4807 tollatur,
2931 4743 3024 4796 sed
3089 4743 3416 4796 revolvatur.

1845 4841 2142 4912 Oportebat
2195 4839 2410 4906 quidem
2462 4835 2686 4892 omnino
2725 4851 2754 4890 a
2792 4844 3146 4890 monmncnto
3183 4833 3418 4904 lapidein

1847 4937 1982 4999 tolli,
2015 4947 2113 4987 nec
2147 4945 2362 4984 rursum
2397 4927 2569 4993 volvi;
2628 4925 2856 4981 alterum
2891 4940 3021 4980 vero
3053 4925 3253 4978 revolvi
3292 4935 3417 4978 tan-

1850 5038 1960 5084 tum
1991 5043 2020 5080 a
2049 5033 2210 5095 puteo
2245 5039 2260 5076 :
2302 5021 2554 5092 superius
2577 5017 2721 5072 enim
2753 5016 2953 5070 dictmn
2984 5025 3060 5070 est
3089 5015 3246 5085 371
3275 5015 3418 5084 quod

191 5143 254 5214 μὴ
283 5143 437 5197 πάλιν
468 5140 806 5210 κυλισθῆναι·
843 5137 1009 5191 τὸνδὲ
1039 5135 1130 5188 ἐπὶ
1160 5127 1738 5201 τοῦφρέατοςάποκυ-
1851 5157 1895 5214 ,Δ
1954 5157 1980 5214 .‘
2050 5153 2066 5170 .
2145 5155 2178 5214 ζ
2226 5151 2253 5214 ⁸.
2327 5151 2346 5168 .
2616 5149 2630 5166 .
2711 5147 2727 5164 .
2811 5145 2824 5162 .
2905 5148 2920 5163 .
2975 5145 3024 5211 ,.
3209 5145 3225 5160 .
3304 5141 3346 5210 ,⁸
3397 5143 3416 5163 .

187 5234 417 5307 λισθῆναι
450 5235 626 5307 μόνον’
663 5231 771 5303 (59)
799 5229 1119 5302 προείρηται
1139 5225 1358 5296 γάρ,ὃτι
1397 5223 1524 5275 ἀπε.
1552 5259 1563 5272 .
1595 5255 1610 5272 .
1637 5258 1649 5270 .
1680 5259 1691 5272 .
1723 5257 1737 5271 .
1805 5269 1812 5272 .

249 5375 288 5407 δ’
321 5374 438 5429 Act.
465 5387 560 5436 vn,
582 5369 675 5424 ΞΩ.
749 5368 794 5400 ⁸³
823 5364 992 5422 Exod.
1033 5378 1182 5427 xxvi,
1206 5363 1263 5416 2.
1336 5358 1382 5391 δ”
1413 5357 1566 5412 Ioau.
1601 5371 1679 5419 st,
1705 5351 1793 5407 59.

249 5490 350 5561 (57)
383 5488 562 5561 codex
577 5483 926 5561 _Bodle_ianus,
952 5469 1734 5561 τρεισκὸνὴσασθαιίβςείιιξ.

195 5538 349 5632 male:
373 5538 690 5632 νεήῦἆῶοείῖ
716 5538 925 5632 ίιξίιιειιί
949 5566 1046 5632 pro
1072 5538 1234 5629 αυτόν
1261 5547 1378 5632 ἐστι
1405 5543 1610 5632 ἐξέκαιον
1645 5538 1738 5594 λα-

191 5611 392 5694 ὃέάδᾶιζ
406 5611 862 5697 quemadmodum
892 5611 1088 5697 legitur
1123 5618 1174 5697 in
1207 5616 1390 5697 codice
1420 5611 1734 5697 lipdltia‘no,

193 5677 886 5768 ééiéi'it'egiii;ﬁérperam
914 5677 1078 5744 habet
1103 5685 1263 5750 αὑτός
1300 5685 1415 5737 ἐστι
1453 5677 1734 5732 λαϐέσθαι.

455 5793 724 5852 Ριτιιοι..
749 5785 866 5846 Gtt.
903 5781 1072 5856 XIV,

1849 5210 2075 5283 gloriam
2148 5207 2262 5273 Dei,
2322 5205 2736 5262 considerantes
2810 5199 3234 5261 magnitudinem
3301 5197 3418 5269 eius

1871 5348 1914 5379 ⁸⁵
1942 5345 2080 5400 Gen.
2108 5357 2260 5404 χιικ,
2284 5341 2340 5404 ‘2,
2365 5342 2420 5394 3.
2498 5339 2544 5371 “
2573 5337 2703 5391 ibid.
2744 5335 2811 5388 ll)
3217 5403 3220 5406 γ

1917 5459 2028 5532 (58)
2061 5461 2126 5514 El
2157 5456 2223 5510 δὲ
2263 5455 2543 5508 δύνασαι.
2587 5449 2872 5505 Ferrarius
2919 5445 3125 5515 legebat
3165 5443 3238 5498 ἰδὲ
3274 5441 3330 5498 δὲ
3373 5443 3420 5496 εί

1795 5561 1800 5566 ε
1843 5534 2089 5587 δύνασαι.

1919 5581 2029 5672 ζέῡ)
2067 5594 2413 5672 Πρρειζρηται
2443 5591 2573 5672 γὶςρ,
2598 5589 2696 5672 fit}
2729 5589 2912 5643 ἀπε...
2954 5585 3108 5672 Ilipc'
3136 5583 3187 5636 in
3219 5581 3426 5664 codici-

1844 5653 2320 5733 bu‘siti'nn'tleg'io',
2357 5653 2468 5718 tum
2501 5653 2815 5726 Bodleiano,
2847 5661 3051 5728 excipit
3098 5653 3286 5708 lacuna
3331 5653 3422 5706 in-

3028 5748 3109 5806 ‘2‘).
