3866 6200
611 282 716 341 687

2103 281 2431 337 οῐιιοεκιδ
3701 296 3776 353 688

609 416 831 467 venero,
859 409 918 456 ut
963 401 1109 455 noris
1137 399 1692 472 quomodo'oportcat
1736 410 1788 457 te
1820 402 1872 456 in
1904 400 2063 456 domo
2095 383 2182 454 Dei

2292 401 2390 470 τῆς
2476 401 2734 474 ἀληθείας
2818 421 2835 454 ι
2893 403 3103 473 Ὥσπερ
3163 403 3219 455 ού
3295 404 3446 458 παντὶ
3500 406 3686 479 καθήκει
3723 411 3774 485 μὴ

607 493 838 557 versari,
865 507 984 559 qua:
1011 501 1096 544 est
1131 489 1371 546 Ecclesia
1407 492 1498 547 Dei
1537 493 1770 549 viventis
1791 535 1806 558 ,
1833 492 2107 558 columna,
2141 502 2194 546 et

609 586 757 642 basis
781 583 1050 637 veritatis.
1085 601 1105 633 ι
1149 582 1214 638 Ut
1237 582 1406 651 igitur
1442 599 1549 640 non
1571 585 1726 640 decet
1744 599 1960 640 omnem
1987 599 2094 640 non
2119 585 2194 639 uti

609 677 702 732 illo
729 689 888 746 pane,
913 687 966 730 et
983 690 1091 730 non
1115 673 1300 730 bibere
1313 690 1378 728 ex
1401 674 1494 730 illo
1510 675 1702 742 calice,
1717 685 1772 732 et
1799 691 1920 732 esse
1946 676 2133 746 procul
2161 691 2192 731 a

606 770 767 823 domo
801 767 933 832 Dei,
976 777 1031 822 et
1058 767 1128 823 ab
1157 767 1444 834 Ecclesia;
1489 768 1570 824 sic
1609 785 1718 824 non
1775 771 1932 825 decet
1975 784 2193 825 omnem

603 855 748 912 nolle
775 855 988 912 elevare
1025 856 1234 913 oculos.
1279 856 1478 914 Peccat
1501 868 1682 915 autem
1715 859 1936 930 aliquis,
1965 859 2034 927 si,
2068 875 2191 916 cum

602 948 795 1004 deceat
823 963 947 1003 eum
971 948 1150 1026 levare
1179 949 1366 1007 oculos
1390 990 1406 1017 ,
1434 966 1544 1006 non
1589 951 1734 1007 levat
1761 967 1859 1008 eos
1883 967 1900 1017 ;
1942 967 2189 1008 rursum-

601 1055 710 1114 que
735 1042 922 1100 itidem
955 1033 1165 1114 peccat,
1198 1043 1246 1100 si
1273 1058 1394 1100 cum
1419 1058 1544 1100 eum
1561 1045 1823 1101 dedeceat
1850 1043 2034 1100 levare
2062 1059 2192 1100 oeu-

602 1137 708 1206 los,
734 1153 829 1194 eos
861 1140 1034 1194 levat.
1065 1141 1244 1210 Atque
1277 1139 1603 1212 publicanus
1651 1141 1872 1212 quidem
1921 1141 1976 1196 in
2012 1142 2191 1198 Evan-

601 1230 744 1300 gelio
770 1230 816 1262 “
837 1246 938 1287 nec
967 1231 1156 1288 oculos
1183 1231 1368 1289 levare
1393 1233 1630 1300 volebat,
1665 1234 1926 1290 decenter
1954 1233 2187 1302 faciens,

603 1340 741 1394 quos
779 1323 906 1394 jure
952 1324 1161 1381 levaret
1215 1327 1519 1398 discipulus
1567 1327 1695 1384 Jesu
1741 1328 2046 1394 assistens,
2099 1328 2188 1382 cui

599 1416 765 1472 etiam
797 1417 1115 1473 mandatum
1162 1419 1322 1476 datur
1353 1421 1542 1476 dicens
1581 1439 1594 1476 :
1649 1439 1669 1473 ι
1709 1420 1954 1476 Attollite
1999 1420 2190 1476 oculos

598 1518 832 1574 vestros,
872 1518 928 1564 et
957 1512 1407 1581 contemplamini
1445 1515 1732 1584 regiones,
1763 1514 2024 1584 quoniam
2055 1514 2189 1570 albae

593 1596 707 1667 jam
738 1605 864 1652 sunt
899 1599 966 1652 ad
1006 1614 1238 1656 messem
1272 1602 1338 1656 ⁸⁸.
1385 1621 1404 1655 ι
1458 1602 1599 1670 Quin
1649 1606 1918 1674 propheta
1972 1620 2189 1678 quoque

602 1689 815 1758 inquit:
858 1705 876 1740 ι
908 1688 1112 1746 Levate
1143 1691 1196 1745 in
1223 1693 1393 1748 altum
1414 1694 1602 1750 oculos
1634 1705 1846 1752 vestros
1877 1697 1960 1752 σοι
1997 1717 2016 1750 ›
2045 1707 2099 1752 ct
2129 1697 2182 1751 in

2303 491 2536 562 χρῆσθαι
2558 491 2634 562 τῷ
2651 494 2819 562 ἄρτῳ,
2839 492 2934 544 καὶ
2962 492 3036 562 μὴ
3067 492 3237 546 πίνειν
3269 495 3332 545 ἐκ
3355 493 3441 546 τοῦ
3467 498 3694 567 ποτηρίου,
3712 504 3773 554 καὶ

2303 583 2378 654 μὴ
2412 583 2601 654 πόρῤω
2634 578 2774 637 εἶναι
2809 583 2886 654 τῷ
2913 583 3198 656 οῒκῳ(68’)
3220 584 3375 649 Θεοῦ,
3403 586 3488 639 καὶ
3512 588 3594 658 τῆς
3614 588 3771 663 Ἐκκλη.

2299 676 2452 741 σίας’
2481 675 2656 741 οὕτως
2683 672 2778 731 οὖν
2812 677 2974 730 παντὶ
3008 677 3234 748 καθήκει
3260 678 3321 730 τὸ
3353 679 3426 749 μὴ
3457 677 3610 734 θέλειν
3633 683 3772 756 ἐπᾶραι

2294 768 2421 831 τοὺς
2459 767 2792 840 ὀφθαλμούς.
2831 769 3165 840 Ἀμαρτάνει
3207 769 3263 824 δὲ
3305 771 3358 823 εί
3384 789 3495 837 τις,
3524 773 3771 845 καθήκοντος

2293 858 2444 930 αὐτῷ
2488 861 2737 932 ἐπαίρειν
2776 859 2901 924 τοὺς
2932 859 3262 931 ὀφθαλμοὺς,
3299 861 3371 934 μὴ
3399 863 3621 936 ἐπαίρειν
3653 867 3718 919 καὶ
3738 867 3773 921 tl

2293 967 2398 1014 τις,
2442 951 2778 1022 καθήκοντος
2815 951 2891 1024 μὴ
2930 952 3200 1022 ἐπαίρειν,
3239 953 3466 1026 ἐπαίρει.
3502 954 3554 1009 '0
3597 955 3766 1027 μὲνοῦν,

2293 1041 2435 1096 κατὰ
2465 1043 2528 1096 τὸ
2567 1043 2923 1113 Εύαγγέλιον,
2954 1042 3192 1116 τελώνης
3232 1046 3330 1098 οὐκ
3369 1045 3544 1117 ήθελεν
3566 1049 3660 1102 οὐδὲ
3687 1056 3767 1112 τοὺς

2292 1134 2604 1206 ὀφθαλμοὺς
2646 1136 2883 1208 ἐπᾶραι,
2934 1136 3284 1208 καθηκόντως
3328 1139 3518 1191 ποιῶψ
3561 1140 3710 1213 ἐπᾶραι
3736 1143 3764 1194 δ’

2293 1227 2360 1282 ἂν
2402 1229 2602 1294 αὐτοὺς
2649 1229 2889 1298 εὐλόγως
2921 1229 2950 1282 ὁ
3002 1227 3193 1301 παρὼν
3244 1229 3319 1301 τῷ
3363 1230 3525 1301 Ἰησοῦ
3572 1231 3763 1302 μαθητὴς.

2292 1319 2430 1392 πρὸς
2471 1320 2531 1374 ὃν
2559 1321 2655 1375 καὶ
2701 1321 2891 1393 ἐντολὴ
2922 1321 3123 1374 δίδοται
3163 1323 3198 1391 ἡ
3240 1318 3494 1388 λέγουσαο
3529 1339 3546 1372 t
3579 1321 3764 1392 Ἐπάριτε

2289 1413 2417 1475 τοὺς
2443 1411 2756 1484 ὀφθαλμοὺς
2801 1412 2976 1484 ὑμῶν,
3023 1413 3117 1466 καὶ⁵
3144 1411 3405 1465 θεάσασθε
3433 1412 3524 1475 τὰς
3545 1411 3698 1484 χώρας,
3715 1416 3765 1465 ὅτι

2290 1501 2482 1557 λευκαί
2530 1503 2636 1556 εἰσι
2680 1503 2820 1575 πρὸς
2865 1502 3124 1576 θερισμὸν
3166 1503 3333 1574 ήδη.)
3369 1502 3473 1556 Καὶ
3498 1504 3524 1554 ό
3566 1504 3765 1572 προφήτης

2289 1594 2347 1648 δέ
2395 1611 2560 1666 φησιν
2580 1612 2594 1626 ο
2645 1613 2663 1646 ι
2708 1595 2978 1666 Ἐπάρατε
3040 1596 3122 1658 είς
3192 1593 3325 1664 ὕψος
3373 1595 3491 1657 τοὺς
3541 1593 3766 1663 ὀφθαλμοὺς

2290 1683 2476 1756 ὑμῶν’
2529 1704 2548 1736 ι
2600 1684 2736 1739 ἀλλά
2797 1685 2892 1738 καὶ
2941 1686 2998 1739 ἐν
3044 1685 3321 1756 ἑκατοστῷ
3363 1685 3569 1755 εἰκοστῷ
3603 1685 3768 1754 δευτέρῳ

598 1780 809 1850 psalmo
858 1795 1045 1847 cxxtt,
1087 1783 1179 1852 qui
1236 1783 1520 1839 Graduum
1564 1795 1648 1840 est
1693 1797 1884 1841 cantus
1929 1799 2180 1856 quartus,

2284 1777 2504 1848 ψαλμῷ,
2529 1778 2643 1832 ὄντι
2669 1777 2779 1850 ᾠδῇ
2811 1777 2917 1831 τῶν
2945 1776 3276 1848 ἀναϐαθμῶν
3305 1776 3543 1848 τετάρτη,
3568 1776 3627 1840 ὡς
3649 1775 3765 1840 καθηο

601 1884 856 1943 tanquam
881 1874 974 1942 qui
999 1875 1258 1931 decenter
1283 1875 1549 1932 levaverit
1568 1877 1756 1933 oculos
1776 1892 1905 1934 suos
1925 1878 1991 1933 ad
2018 1879 2184 1933 Deum

597 1965 775 2034 inquit
810 1963 1120 2034 Propheta:
1151 1985 1171 2018 ι
1203 1967 1284 2021 Ad
1313 1977 1365 2023 te
1407 1967 1578 2023 levavi
1626 1967 1814 2023 oculos
1866 1983 2045 2035 meos,
2095 1970 2184 2040 qui

597 2055 812 2112 habitas
852 2055 906 2111 in
941 2057 1102 2112 coelo.
1139 2057 1277 2114 Ecce
1307 2058 1451 2114 sicut
1478 2059 1621 2114 oculi
1654 2075 1936 2114 servorum
1965 2060 2030 2115 ad
2065 2077 2183 2116 ma-

597 2158 699 2198 nus
721 2142 1065 2198 dominorum
1097 2160 1358 2212 suorum;
1391 2159 1446 2202 et
1487 2146 1632 2203 sicut
1665 2146 1812 2203 oculi
1860 2148 2076 2204 ancilla:
2115 2150 2184 2204 ad

596 2251 789 2292 manus
823 2234 1055 2291 domina:
1081 2251 1231 2304 sua),
1282 2238 1354 2294 ita
1401 2240 1540 2296 oculi
1572 2241 1742 2298 nostri
1781 2241 1849 2296 ad
1899 2240 2184 2298 Dominum

595 2328 764 2385 Deum
790 2338 1072 2396 nostrum,
1126 2329 1300 2387 donec
1336 2332 1668 2389 misereatur
1721 2335 1920 2390 nostri.
1963 2353 1983 2387 ι
2031 2334 2184 2402 Quod

593 2422 640 2479 si
665 2425 906 2495 apertius
930 2423 1096 2479 etiam
1126 2424 1326 2480 docere
1357 2439 1497 2495 opus
1519 2434 1606 2481 est
1632 2440 1796 2496 quem
1831 2427 2051 2498 quidem
2090 2429 2183 2483 de-

595 2527 716 2573 ceat
739 2516 940 2572 imitari
967 2516 1151 2573 Iesum
1178 2531 1414 2587 superne
1439 2518 1628 2574 oculos
1651 2519 2014 2586 attollentem,
2052 2521 2180 2575 dum

593 2612 760 2665 etiam
815 2609 930 2679 ipse
981 2609 1183 2663 attollit
1233 2607 1427 2664 oculos
1471 2622 1642 2676 suos;
1681 2619 1736 2666 et
1769 2611 2025 2680 quisnam
2081 2613 2183 2668 hoc

593 2701 777 2756 facere
812 2715 918 2755 non
959 2700 1190 2766 debeat,
1236 2702 1330 2757 sed
1375 2701 1651 2772 publicani
1698 2703 2035 2772 imitatione,
2075 2721 2180 2761 non

593 2790 769 2846 solum
819 2791 1081 2862 procula
1135 2792 1339 2862 templo
1391 2805 1576 2859 stare,
1631 2809 1824 2850 verum
1875 2796 2039 2851 etiam
2074 2813 2179 2852 non

593 2884 734 2940 velle
764 2885 952 2941 oculos
983 2885 1253 2952 attollere,
1288 2890 1340 2942 in
1370 2886 1606 2943 medium
1631 2888 1963 2945 adducemus
1982 2905 2048 2946 ex
2079 2891 2181 2946 Da-

594 2975 736 3032 nicle
757 2991 879 3046 quae
901 2978 1103 3048 scripta
1129 2987 1257 3033 sunt
1281 2979 1349 3034 de
1373 2979 1572 3050 iniquis
1595 2982 1819 3037 senibus
1841 2984 2180 3039 amatoribus

596 3067 896 3136 Susanuae,
942 3070 1086 3156 hunc
1139 3071 1194 3125 in
1233 3071 1450 3126 modum
1483 3072 1650 3144 37a
1698 3089 1757 3130 se
1805 3075 2059 3130 habentia
2086 3077 2130 3116 ⁸⁷
2161 3091 2176 3128 :
2209 3112 2252 3170 ϐ

598 3183 619 3217 ι
657 3163 724 3219 Et
759 3150 1076 3218 averterunt
1118 3174 1354 3219 mentem
1385 3181 1562 3232 suam,
1593 3176 1649 3222 et
1678 3168 2017 3224 declinarunt
2050 3184 2180 3224 ocu-

596 3254 682 3313 los
710 3271 860 3319 suos,
896 3271 964 3312 ne
990 3257 1043 3312 in
1072 3257 1269 3312 cmlnm
1303 3259 1669 3329 suspicerent,
1706 3275 1882 3329 neque
1910 3276 2181 3316 memores

595 3359 782 3404 essent
807 3347 1141 3418 iudiciorum
1171 3349 1468 3418 justorum.
1502 3368 1521 3403 ι
1549 3351 1897 3406 Adducemus
1923 3352 2087 3406 etiam
2127 3353 2180 3408 in

595 3439 839 3496 medium
883 3457 1006 3511 qua:
1059 3441 1126 3493 de
1174 3440 1424 3496 Susanna
1493 3443 1809 3497 scribuntur
1861 3445 1964 3499 hoc
2021 3447 2182 3500 modo

597 3531 743 3586 dicta
773 3530 819 3562 ⁵⁸
850 3547 863 3584 :
898 3549 916 3582 ι
950 3530 1018 3585 At
1054 3530 1142 3584 illa
1169 3529 1303 3586 ﬂens
1327 3533 1572 3603 suspexit
1594 3533 1646 3586 in
1677 3533 1896 3598 cmlum,
1921 3535 2179 3604 quoniam

593 3639 690 3679 cor
708 3623 824 3694 ejus
840 3623 1046 3678 ﬁdebat
1067 3625 1313 3680 Domino.
1331 3643 1349 3676 ›
1371 3623 1610 3680 Observa
1631 3626 1774 3681 enim
1799 3627 1852 3681 in
1870 3628 2015 3692 istis,
2034 3631 2179 3698 quod

597 3717 690 3786 qui
727 3727 1044 3771 averterant
1096 3725 1336 3773 mentem
1376 3731 1528 3773 suam
1552 3757 1568 3782 ,
1612 3716 1960 3774 declinarunt
1993 3720 2180 3776 oculos

593 3824 763 3874 suos,
791 3821 858 3863 ne
898 3808 952 3863 iu
1000 3808 1200 3864 ctelum
1251 3809 1616 3879 suspicerent;
1644 3823 1710 3864 ea
1747 3823 1877 3867 vero
1924 3825 2044 3880 qua:
2078 3813 2182 3868 Do-

599 3896 750 3950 mino
797 3895 1031 3962 ﬁdebat,
1069 3907 1465 3968 consequenter
1500 3897 1710 3955 ﬁducia:
1751 3915 1916 3972 quam
1947 3901 2181 3958 habebat

593 3987 650 4041 in
672 3986 900 4041 Domino
918 4025 934 4050 ,
962 3990 1271 4056 suspexerit
1303 3989 1356 4044 in
1384 3990 1603 4045 coelum.
1632 3991 1876 4048 Decebat-
1889 3992 2034 4048 enim
2059 4007 2179 4063 pre-

596 4084 883 4141 caturam,
935 4077 1004 4131 ob
1058 4076 1310 4133 ﬁduciam
1365 4082 1716 4138 continentia:
1774 4084 2054 4154 suspicere
2123 4086 2176 4141 in

593 4167 794 4222 caelum
816 4206 832 4231 ,
860 4183 1206 4239 superueque
1229 4171 1420 4226 oculos
1446 4173 1730 4243 attollere;
1756 4176 2004 4232 seniores
2047 4192 2177 4233 vero

591 4259 824 4316 decebat
855 4260 996 4314 nolle
1039 4261 1236 4316 oculos
1277 4262 1489 4331 levare,
1547 4274 1712 4336 atque
1753 4267 1922 4324 etiam
1968 4269 2173 4339 procul,

589 4351 818 4421 perinde
852 4367 917 4408 ae
945 4353 1302 4422 publicanus,
1339 4365 1487 4410 stare
1531 4358 1930 4430 verberareque
1959 4369 2174 4430 pectora

589 4460 689 4501 sua
718 4453 774 4499 et
811 4445 994 4502 dicere
1027 4461 1040 4498 :
1075 4463 1094 4497 ι
1131 4446 1271 4503 Deus
1292 4486 1308 4514 ,
1354 4448 1622 4519 propitius
1649 4458 1771 4505 esto
1806 4451 1937 4505 mihi
1969 4465 2168 4520 pecca-
2205 4459 2247 4514 ι)

592 4539 696 4595 tori
711 4539 794 4607 ";
833 4557 854 4593 ι
898 4539 943 4594 si
961 4550 1322 4611 supponatur,
1355 4549 1644 4611 postquam
1671 4552 1986 4597 averterant
2021 4559 2177 4598 men-

593 4643 700 4687 tem
729 4647 907 4699 suam,
945 4632 1468 4704 declinaverantque
1496 4633 1687 4690 oculos
1714 4649 1866 4700 suos,
1905 4649 1973 4691 ne
1999 4635 2176 4706 suspi-

590 4733 778 4779 cerent
811 4725 869 4779 in
919 4725 1154 4792 caelum,
1208 4741 1384 4796 neque
1436 4727 1857 4782 recordarentur
1896 4728 2170 4798 iustorum

588 4813 945 4884 iudiciorum,
981 4830 1076 4871 eos
1110 4817 1427 4888 resipuisse,
1451 4826 1623 4887 atque
1647 4827 1774 4888 post
1793 4817 1974 4873 dolum
1998 4818 2174 4873 inten-

593 4916 766 4961 tatum
796 4907 1041 4974 mulieri,
1069 4910 1305 4979 impotes
1340 4911 1465 4967 lacti
1506 4911 1681 4968 factos
1724 4912 1962 4983 precari.
1996 4913 2174 4968 Caete-

590 5013 714 5052 rum
739 4998 1000 5070 erigentis
1027 5001 1216 5056 oculos
1251 5017 1467 5057 sursum
1492 5041 1508 5069 ,
1541 5016 1744 5073 eosque
1773 5005 2032 5060 decenter
2059 5003 2173 5058 eri-

588 5090 766 5161 gentis
821 5091 880 5145 in
932 5091 1134 5147 emlum
1167 5091 1412 5150 ofﬁcium
1458 5110 1675 5166 quoque
1722 5097 1829 5151 erit
1882 5096 2174 5153 sustollere

591 5196 784 5236 manus
815 5191 1075 5248 sanctas,
1123 5187 1427 5254 praesertim
1472 5187 1692 5257 quando
1727 5188 1934 5257 absque
1983 5190 2061 5242 ira
2117 5199 2173 5242 et

591 5269 1077 5340 disceptationibus
1091 5274 1146 5306 ⁴¹⁰
1175 5275 1639 5346 οιιιὶιιίιιρνεοεηι.
1674 5276 1768 5333 Sic
1792 5278 1937 5333 enim
1964 5279 2172 5334 nostris

587 5361 751 5417 ctiam
777 5363 1193 5426 oculissursum
1245 5383 1343 5438 per
1389 5369 1777 5440 cogitationem
1820 5379 1876 5426 et
1923 5380 2188 5434 contem-_

588 5451 881 5521 plationem
902 5457 1121 5524 erectis,
1147 5465 1313 5531 atque
1335 5465 1500 5518 etiam
1535 5462 1786 5520 manibus
1821 5463 1951 5532 ipsis
1973 5463 2173 5519 erectis
2233 5523 2236 5526 ,

1820 5579 1866 5612 ⁸⁸
1893 5578 2015 5636 lsai.
2052 5596 2139 5648 χιι,
2167 5579 2256 5634 26.

658 5569 865 5648 f‘Jguc.
901 5589 1060 5648 xvttt,
1093 5577 1180 5644 l5.
1271 5580 1315 5612 ⁵⁵
1338 5578 1496 5636 Joau.
1529 5595 1606 5648 tv,
1627 5580 1699 5634 55

591 5639 638 5672 ’⁸
665 5642 679 5693 l
707 5639 842 5695 Tim.
873 5657 936 5705 ιι,
965 5644 1020 5696 8.

2291 1868 2498 1932 κόντως
2559 1869 2772 1940 ἐπάρας
2840 1871 2967 1932 τοὺς
3046 1866 3358 1940 ὀφθαλμοὺς
3405 1868 3529 1940 πρὸς
3572 1867 3642 1920 τὸν
3679 1864 3764 1917 (κόν

2288 1976 2452 2032 φησιν
2486 1961 2514 2013 ὁ
2544 1961 2862 2031 προφήτης·
2904 1977 2923 2010 ι
2953 1958 3097 2031 Πρὸς
3141 1959 3203 2013 σὲ
3251 1955 3362 2031 ἦρα
3390 1960 3506 2024 τοὺς
3545 1957 3762 2028 ὀφθαλμούς

2290 2067 2393 2122 μου
2440 2051 2532 2105 τὸν
2559 2050 2920 2106 κατοικοῦντα
2943 2051 3003 2105 ἐν
3030 2050 3110 2121 τῷ
3141 2050 3375 2123 οὐρανῷ.
3416 2049 3532 2104 Ἰδοὺ
3553 2050 3613 2113 ὡς
3631 2047 3760 2116 ὀφθαλ-

2289 2143 2382 2214 μοὶ
2405 2142 2608 2196 δούλων
2635 2145 2716 2207 είς
2749 2144 2940 2215 χεῖρας
2966 2142 3076 2196 τῶν
3105 2143 3312 2214 κυρίων
3341 2143 3524 2209 αὐτῶν,
3550 2141 3611 2204 ὡς
3629 2139 3757 2209 ὀφθαλ-

2289 2233 2380 2304 μοὶ
2413 2233 2704 2306 παιδίσκης
2735 2235 2814 2296 εἰς
2863 2235 3052 2304 χεῖρας
3092 2233 3196 2303 τῆς
3230 2233 3420 2305 κυρίας
3461 2232 3620 2301 αὐτῆς,
3650 2228 3759 2286 05m;

2284 2327 2334 2379 οἱ
2366 2325 2637 2396 ὀφθαλμοὶ
2667 2325 2825 2397 ἡμῶν
2863 2325 2999 2398 πρὸς
3025 2325 3236 2397 Κύριον
3262 2325 3352 2378 τὸν
3386 2323 3506 2377 Θεὸν
3530 2320 3669 2393 ἡμῶν,
3691 2320 3758 2381 ἕως

2285 2412 2347 2474 οὗ
2375 2418 2696 2492 οἱκτειρήσῃ
2723 2417 2890 2489 ἡμᾶς.
2928 2437 2947 2470 ι
2969 2418 3032 2471 Ei
3059 2416 3118 2470 δέ
3146 2416 3244 2471 καὶ
3273 2415 3571 2484 σαφέστερον
3596 2412 3760 2482 1951:3-

2288 2510 2557 2582 ραστῆσαι
2605 2510 2711 2564 τίνι
2761 2510 2860 2581 μὲν
2905 2511 3007 2583 ήδη
3053 2509 3290 2582 καθήκει
3329 2502 3672 2581 μιμείσθαιτδν
3695 2501 3759 2569 12',-

2286 2601 2413 2657 σοῦν
2452 2601 2646 2674 ἆραντι
2677 2603 2805 2667 τοὺς
2838 2601 3151 2673 ὀφθαλμοὺς
3184 2602 3317 2667 ἄνω,
3357 2602 3413 2653 ἐν
3448 2598 3516 2669 τῷ
3549 2596 3624 2650 καὶ
3655 2592 3760 2647 uitia

2283 2693 2534 2766 ἐπαίρειν
2574 2691 2764 2746 ἐαυτοῦ
2801 2692 2927 2758 τοὺς
2955 2691 3290 2763 ὀφθαλμοὺς,
3319 2691 3407 2745 καὶ
3434 2690 3526 2742 τίνι
3551 2686 3672 2740 τοῦτο
3698 2683 3760 2754 μὲν

2282 2784 2344 2838 ού
2372 2783 2626 2856 καθήκει,
2651 2784 2855 2855 ὁμοίως
2881 2782 2937 2836 δὲ
2970 2782 3049 2854 τῷ
3073 2781 3284 2854 τελώνῃ
3313 2782 3373 2834 ού
3408 2781 3547 2852 μόνον
3569 2772 3759 2847 μακρόθεν

2284 2874 2509 2930 ἑστάναι
2575 2875 2670 2929 τοῦ
2716 2873 2886 2947 ἱεροῦ,
2948 2873 3086 2928 ἀλλά
3126 2873 3207 2946 μὴ
3266 2873 3431 2926 θέλειν
3477 2871 3639 2940 ἐπᾶραι
3677 2863 3761 2924 τοὺς

2282 2968 2620 3040 ὀφθαλμοὺς,
2647 2966 3079 3039 παραθησόμεθα
3097 2967 3164 3020 ἐκ
3191 2964 3286 3020 τοῦ
3304 2963 3486 3035 Δανιὴλ
3501 2961 3561 3015 τὰ
3585 2955 3759 3030 sapia?"

2285 3061 2626 3134 ἐρασθέντων
2673 3062 2773 3133 τῆς
2811 3059 3120 3130 Σουσάννης
3191 3057 3401 3130 ἀνόμων
3449 3050 3758 3126 πρεσϐυτέρων,

2284 3155 2457 3220 οὕτως
2495 3155 2714 3227 ἔχοντα’
2758 3173 2776 3207 ι
2807 3145 2918 3208 Καὶ
2963 3151 3290 3224 διέστρεψαν
3329 3149 3416 3202 τὸν
3459 3144 3628 3202 ἑαυτῶν
3661 3140 3758 3198 νοῦν.

2209 3257 2216 3264 ‘
2285 3247 2382 3300 xui.
2426 3245 2707 3312 ἐξέκλιναν
2755 3245 2880 3309 τοὺς
2909 3242 3228 3314 ὀφθαλμοὺς
3265 3239 3456 3303 αὐτῶν,
3483 3235 3562 3291 τοῦ
3600 3234 3658 3305 μὴ
3682 3229 3760 3300 βλέ-

2284 3356 2407 3392 πειν
2452 3340 2532 3402 είς
2562 3339 2653 3392 τὸν
2699 3336 2944 3409 οὐρανὸν,
2993 3335 3130 3407 μηδέ
3187 3332 3524 3406 μνημονεύειν
3559 3323 3761 3398 χριμάτων

2281 3430 2504 3486 δικαίων
2523 3448 2536 3461 ο
2561 3450 2580 3483 ι
2616 3431 2708 3484 καὶ
2743 3429 2812 3483 τά
2849 3427 2978 3502 περὶ
3010 3429 3110 3499 τῆς
3155 3427 3454 3496 Σουσάννης
3481 3419 3633 3475 τοῦτον
3661 3418 3759 3484 εἰρη-

2287 3523 2425 3596 μένα
2466 3523 2559 3576 τὸν
2608 3523 2841 3595 τρόπον·
2884 3540 2903 3572 ι
2945 3521 3010 3574 Ἡ
3040 3520 3097 3574 δὲ
3144 3521 3404 3575 κλαίουσα
3443 3511 3677 3578 ἀνέϐλεψεν
3708 3507 3758 3596 εἰς

2282 3617 2374 3670 τὸν
2417 3615 2667 3688 οὐρανὸν,
2706 3615 2786 3668 ὅτι
2818 3610 2885 3686 ἦν
2918 3615 2952 3686 ή
2990 3612 3190 3685 καρδία
3225 3611 3394 3681 αὐτῆς
3439 3604 3671 3662 πεποιθυῖα
3700 3595 3758 3648 ἐπὶ

2282 3709 2506 3780 Κυρίῳ’
2539 3727 2557 3760 ι
2619 3709 2928 3780 παρατήρει
2994 3706 3102 3778 γὰρ
3155 3708 3217 3760 ἐν
3269 3701 3597 3794 τούτοιςηὸτι
3629 3695 3663 3746 οἱ
3695 3689 3757 3794 at"

2281 3802 2704 3873 διαστρέψαντες
2776 3801 2868 3854 τὸν
2933 3797 3142 3853 ἐαυτῶν
3210 3796 3331 3852 νοῦν
3393 3791 3630 3860 ἐξέκλιναν

2281 3870 2593 3966 ὀφθαλμοὺς
2639 3890 2818 3946 αὐτῶν
2851 3889 2944 3944 τοῦ
2995 3889 3070 3961 μὴ
3107 3888 3325 3959 βλέπειν
3356 3887 3429 3948 εἰς
3469 3883 3550 3936 τὸν
3577 3870 3736 3946 οὗρανὸν
3810 3907 3811 3915 η

2282 3991 2316 4060 ἡ
2340 3987 2419 4055 δὲ,
2455 3984 2748 4040 πεποιθυῖα
2788 3984 2881 4037 ἐπὶ
2909 3981 2986 4054 τῷ
3013 3980 3209 4053 Κυρίῳ
3243 3975 3533 4035 ἀκολούθως
3552 3969 3757 4066 τῷήπεπιιυ
3805 3985 3809 4058 ⁴ι

2283 4081 2432 4136 θέναι
2474 4079 2567 4132 ἐπὶ
2611 4076 2689 4148 τῷ
2736 4075 2962 4147 Κυρίῳ,
3011 4073 3309 4144 ἀνέϐλεψεν
3347 4072 3423 4136 είς
3467 4065 3544 4119 τὸν
3583 4060 3754 4159 capa’vi‘i:
3803 4071 3807 4159 ,Ι

2285 4175 2530 4244 Ἕπρεπε
2557 4169 2734 4223 τοίνυν
2768 4171 2835 4240 τῇ
2874 4167 2972 4239 μέν
3000 4166 3092 4219 ἐπὶ
3118 4169 3186 4239 τῇ
3223 4162 3464 4236 περὶτῆς
3497 4156 3754 4244 σωφροςύνξὲ
3803 4157 3805 4219 l

2281 4238 2565 4336 παρρησίᾳ
2603 4238 2884 4333 μελλούσῃ
2911 4238 3180 4328 εὔχεσθαι
3202 4247 3508 4310 ἀναϐλέπειν
3531 4247 3595 4307 είς
3617 4238 3680 4336 rb?
3698 4238 3755 4336 οξ·
3797 4245 3803 4336 j

2282 4321 2466 4430 ρανόν;
2520 4321 2618 4409 »ἑαί
2670 4321 2873 4426 αἴρειν..
2903 4321 3031 4414 τού-ς
3089 4348 3398 4420 ὀφθαλμοὺς

2278 4427 2689 4523 έρεσδυτέροις,
2741 4447 2788 4499 εί
2821 4444 2944 4498 καθ’
2983 4441 3241 4496 ὑπόθεσιν
3276 4437 3407 4511 μετὰ
3439 4434 3492 4523 το
3519 4427 3751 4523 διαστρξξξι

2283 4508 2374 4596 τόν
2406 4508 2612 4593 ἐαυτίθν
2646 4508 2790 4601 νοῦν,
2822 4535 2916 4590 καὶ
2959 4533 3204 4588 ἐκκλῖναι
3243 4508 3365 4592 τοὺς
3393 4515 3650 4594 ὀφθαλμοὺς
3677 4508 3752 4559 ειν·

2281 4635 2412 4698 τῶν,
2442 4629 2535 4686 τοῦ
2573 4629 2648 4702 μὴ
2695 4628 2913 4699 βλέπειν
2949 4627 3030 4692 είς
3070 4625 3162 4679 τὸν
3192 4620 3431 4695 οὐρανὸν,
3471 4610 3582 4686 μηδὲ
3607 4613 3750 4702 im???

2281 4727 2458 4782 νεύειν
2517 4701 2800 4795 κριμάτων
2855 4718 3102 4780 δικαίων,
3158 4711 3452 4787 μετενόουν,
3499 4704 3651 4796 πεῖρα)ι

2281 4782 2722 4892 προσαγαιξόντες
2753 4817 2820 4884 τῇ
2852 4810 3094 4881 γυναικὶ»
3128 4782 3203 4880 Phi
3235 4803 3471 4876 τυχόντες
3497 4795 3547 4898 δὲ

2283 4876 2624 4984 θύμουιλένου
2666 4876 2762 4960 καὶ
2789 4876 2948 4976 ’μέτά
2973 4876 3141 4956 τοῦτο.
3161 4876 3402 4972 ηὔχοντο,
3424 4890 3515 4990 ⁸καὶ

2279 4974 2407 5067 τούς
2445 4974 2756 5072 όφθαλμοὺς
2784 4974 3008 5067 ἐπᾶραι,
3046 4995 3080 5066 ἢ
3117 4993 3210 5048 καὶ
3239 4983 3500 5061 πόρῤωθεν
3523 4974 3749 5072 όμοῐωξηῖῳ

2279 5095 2484 5168 τελώνῃ
2527 5089 2838 5162 ἐστηκέναι,
2873 5089 2969 5142 καὶ
3013 5087 3234 5141 τύπτειν
3283 5076 3473 5135 ἑαυτῶν
3503 5068 3560 5121 τὰ

2279 5189 2376 5243 καὶ
2406 5157 2583 5255 λέκειν
2605 5201 2618 5215 ·
2704 5183 2762 5236 '0
2790 5181 2952 5245 Θεὸς,
2987 5175 3231 5249 ἱλάσθητί
3273 5191 3357 5245 μοι
3372 5166 3449 5264 τῷ

2278 5276 2386 5331 Τοῦ
2437 5244 2494 5327 δέ
2552 5271 2798 5344 αἴροντος
2845 5271 2972 5332 τοὺς
3014 5266 3317 5338 ὀφθαλμοὺς
3365 5258 3482 5365 ἄνω.
3507 5244 3595 5365 ’καὶ

2282 5385 2465 5442 ροντος
2508 5366 2706 5430 αὐτοὺς
2753 5361 3102 5434 καθηκόντως
3135 5361 3213 5422 εἰς
3247 5351 3454 5426 οὐρανὸν
3480 5343 3548 5446 εῖῖλ

2279 5422 2374 5517 καὶ
2404 5422 2467 5514 τό
2511 5422 2760 5529 ἐπαίρειν
2790 5422 2970 5519 ὁσίους
3016 5422 3229 5525 κείρας,
3276 5422 3485 5519 μαλιστα
3624 5422 3740 5493 Χωριε

2369 5579 2412 5610 ⁸⁷
2441 5578 2587 5632 Dan.-
2613 5527 2736 5642 x—lll,
2761 5571 2814 5628 9.
2914 5570 2960 5602 “
2991 5569 3124 5627 ibid.
3147 5567 3234 5624 35.
3338 5559 3379 5593 "
3400 5527 3658 5611 Luam":
3688 5532 3736 5590 '3'

662 5729 797 5802 (68‘)
829 5730 990 5786 Forte
1022 5731 1124 5802 leg.
1177 5731 1270 5783 τοῦ
1303 5729 1474 5798 οἴκου,
1507 5742 1562 5787 et
1616 5748 1736 5790 mox
1780 5733 1843 5786 ού
1873 5731 1990 5788 loco
2035 5729 2148 5786 οὖν.

2284 5749 2345 5789 τ.
2377 5732 2623 5788 Pusam.
