3924 6196
86 347 220 402 6'39

1113 347 1468 404 COMMENT.
1512 346 1576 402 IN
1615 345 1808 404 JOAN.
1845 347 2087 406 TOMUS
2124 346 2356 402 XXVIII.

3265 344 3371 398 (590

82 459 288 531 ὀργῆς
333 459 428 513 καὶ
464 459 825 532 διαλογισμῶν
865 461 974 534 (69)
1016 462 1331 534 ἀναπέμπει
1382 463 1480 534 τὴν
1512 463 1689 534 εὐχήν⁴

1805 481 1900 536 per
1926 465 2170 522 actiones
2201 463 2548 520 sustollentes
2579 471 2740 531 atque
2773 462 3074 518 cxaltantcs
3107 462 3365 527 animam,

83 550 273 604 Οὕτω
318 552 427 624 γάρ
461 553 556 606 καὶ
595 553 703 606 τῶν
751 554 1044 625 ὀφθαλμῶν
1092 554 1396 627 αἰρομένων
1433 555 1565 620 ἀνω,
1615 554 1689 607 δι3

1803 555 2013 612 Moseos
2062 569 2212 611 more
2241 555 2285 586 ⁷⁸
2317 555 2391 608 ita
2443 552 2777 608 sustollcntis
2826 567 3052 618 manus,
3101 562 3160 607 ut
3203 554 3368 607 etiam

83 643 208 712 ’τῆς
246 643 483 708 ἐννοίας,
513 645 608 698 καὶ
641 645 739 715 τῆς
768 645 1018 716 Θεωρίας,
1057 647 1151 700 καὶ
1192 645 1302 700 τῶν
1331 646 1528 718 χειρῶν
1553 647 1705 700 ἐπαι-

86 734 365 806 ρομένων
394 738 452 788 ὲν
481 735 741 806 πράξεσιν
767 737 1142 810 ὲπαιρούσαις,
1170 738 1264 791 καὶ
1289 737 1554 807 eeo-sam;
1593 738 1696 809 τὴν

81 824 316 897 ψυχὴν,
353 825 428 889 ὡς
479 826 650 898 ἐπῆρε
682 828 923 899 Μωῦσῆς
963 827 1061 892 τὰς
1106 830 1314 900 χεῖρας,
1351 827 1479 881 ὥστ’
1517 825 1584 882 ἂν
1627 830 1696 883 εἱ-

89 922 232 971 πείν
255 935 272 950 ·
313 938 332 969 ι
363 919 633 991 Ἔπαρσις
663 920 770 974 τῶν
796 923 994 993 χειρῶν
1027 939 1126 993 μου
1162 923 1322 978 θυσία
1367 925 1648 996 ἐσπερινὴ,
1674 943 1691 975 ι

105 1011 490 1082 ’Δμαληκῖται
537 1013 638 1084 μὲν
665 1015 764 1068 καὶ
809 1015 1008 1081 πάντες
1037 1019 1086 1070 oi
1130 1017 1349 1088 ἀόρατοι
1386 1016 1570 1086 ἐχθροὶ
1601 1017 1698 1088 ητ-

85 1102 474 1174 τηθήσονται,
507 1105 556 1156 οί
589 1103 647 1157 ὲν
685 1106 820 1176 ἡμῖν
849 1105 906 1158 δὲ
944 1106 1294 1179 Ἰσραηλῖται,
1335 1106 1586 1178 λογισμοὶ
1623 1123 1701 1159 νι-

1804 649 2044 703 diceret:
2097 665 2114 700 ι
2149 646 2397 702 Elcvatio
2445 659 2702 699 manuum
2750 659 2992 697 mearum
3043 644 3369 699 sacrificium

1801 739 2169 808 vespertinum
2197 739 2278 804 7';
2314 756 2334 790 ι
2373 736 2719 802 ΑιιιιιΙοιεῙιτε,
2767 745 2822 789 et
2849 749 3040 792 omnes
3076 735 3373 792 invisibiles

1804 830 2010 886 inimici
2037 833 2318 886 vincentur
2343 847 2357 897 ;
2396 828 2653 884 Israelita:
2683 842 2832 892 vero,
2861 841 3056 896 nempe
3085 827 3372 898 cegitatio-

1797 935 1894 976 nes
1929 930 2127 976 nostra:
2149 920 2385 978 vincent.
2415 917 2688 975 Hactenus
2719 919 2785 974 de
2810 933 2875 973 eo
2897 918 3041 988 quod
3065 929 3168 981 est,
3198 938 3217 970 ι
3251 933 3373 972 sus-

1801 1013 1924 1066 tulit
1979 1012 2170 1067 oculos
2196 1011 2354 1067 Jesus
2393 1025 2608 1067 sursmn
2636 1051 2652 1076 ,
2680 1019 2736 1066 et
2761 1011 2924 1075 dixit,
2959 1029 2979 1062 ι
3009 1011 3062 1065 in
3085 1025 3248 1079 quem
3288 1009 3370 1066 lo-

1799 1118 1924 1158 cum
1951 1103 2187 1158 diximus
2212 1117 2332 1172 qua:
2362 1103 2518 1159 nobis
2558 1112 2686 1157 sunt
2715 1101 2830 1156 visa
2860 1103 3184 1156 conducere.

91 1195 365 1265 κήσουσι.
391 1193 640 1248 Τοσαῦτα
668 1196 763 1249 καὶ
791 1198 870 1260 είς
906 1197 998 1252 τό·
1034 1215 1054 1250 ι
1075 1198 1136 1251 'U
1171 1199 1373 1272 Ἰησοῦς
1408 1196 1510 1272 ἦρε
1534 1198 1658 1261 τοὺς
1695 1193 2006 1265 ὀφθαλμοὺς
2028 1196 2161 1259 ἀνω,
2203 1195 2296 1247 καὶ
2333 1189 2471 1258 εἶπε,
2521 1212 2540 1246 ι
2588 1191 2732 1246 κατά
2767 1191 2923 1245 τοῦτο
2974 1191 3208 1261 φανέντα
3239 1195 3371 1263 ἡμῖν

87 1286 407 1341 ἀκόλουθα.

175 1375 236 1430 5.
289 1397 306 1427 ι
332 1376 533 1450 Πάτερ,
562 1379 864 1452 εὐχαριστῶ
889 1398 991 1448 σοι,
1014 1382 1097 1436 ὅτι
1126 1383 1364 1453 ἧκουσάς
1395 1401 1516 1454 μου.
1553 1381 1694 1450 Ἐγὼ

85 1467 160 1520 δὲ
213 1467 389 1538 iactv,
429 1470 510 1523 ὅτι
555 1471 784 1525 πάντοτέ
835 1490 938 1544 μου
995 1473 1249 1536 ἀκούεις·
1299 1473 1434 1528 ἀλλά
1484 1473 1574 1527 διὰ
1602 1475 1696 1528 τὸν

86 1557 272 1627 ὄχλον
321 1559 412 1612 τδν
445 1563 781 1634 περιεστῶτα
831 1558 1006 1628 εἶπον,
1057 1564 1146 1617 ἵνα
1181 1564 1565 1630 πιστεύσωσιν,
1610 1566 1695 1618 ὅτι

92 1647 170 1699 σύ
213 1666 287 1719 με
312 1650 656 1716 ἀπέστειλας.
681 1672 700 1705 ι
735 1654 908 1725 Εῐπερ
938 1656 1050 1718 τοῖς
1085 1655 1257 1721 ἀξίοις
1283 1655 1390 1710 τῶν
1427 1657 1488 1708 ὲν
1531 1639 1696 1728 σαρκὶ

91 1737 353 1801 ζώντων,
397 1743 491 1794 καὶ
535 1743 610 1814 μὴ
645 1743 786 1797 κατά
831 1744 1012 1816 σάρκα
1048 1747 1487 1817 στρατευομένων
1529 1749 1692 1817 εύχο-
1721 1778 1763 1833 Β

89 1827 331 1898 μένοις,
368 1833 592 1904 τοιαύτη
627 1851 712 1897 τις
754 1834 968 1904 λέγεται
999 1836 1103 1889 ὑπὸ
1138 1837 1272 1891 Θεοῦ
1304 1838 1432 1909 περὶ
1467 1839 1566 1909 τῆς
1602 1839 1692 1891 εύ-

83 1919 209 1988 χῆς
263 1922 444 1975 αὐτῶν
506 1925 841 1993 ἐπαγγελία·
893 1947 912 1979 ι
942 1929 1050 1980 Καὶ
1094 1927 1172 1982 ἔτι
1241 1929 1524 1994 λαλοῦντός
1595 1945 1688 1983 σου

83 2009 251 2079 ἐρῶ·
302 2012 434 2066 Ἰδοὺ
469 2015 717 2086 πάρειμι,
744 2036 762 2068 ι
800 2019 851 2070 τι
890 2019 994 2089 χρὴ
1029 2018 1271 2089 νομίζειν
1315 2022 1407 2074 ὲπὶ
1449 2021 1544 2074 τοῦ
1578 2022 1691 2074 Σω-

80 2099 272 2169 τῆρος
297 2101 391 2153 καὶ
415 2103 651 2173 Κυρίου;
679 2106 734 2175 ἢ,
777 2125 793 2157 ι
822 2106 958 2177 Πρὶν
991 2105 1220 2178 λαλῆσαί
1259 2125 1341 2172 σε,
1383 2109 1518 2181 ἐρῶ·
1558 2109 1688 2162 Ἰδοὺ

80 2189 379 2260 stipatus;
412 2211 430 2242 ι
459 2193 608 2262 ’Λμα
639 2195 748 2267 γάρ
773 2217 790 2248 ι
813 2193 914 2268 ἦρε
939 2198 1067 2262 τοὺς
1089 2198 1400 2269 ὀφθαλμοὺς
1429 2199 1564 2264 ἀνω,
1598 2203 1692 2254 καὶ

79 2274 250 2332 εἶπε.
279 2298 298 2330 ι
337 2279 402 2333 Τί
433 2281 488 2334 δὲ
515 2278 700 2350 εἷπεν;
735 2287 797 2338 El
821 2281 931 2340 οἷόν
955 2285 1016 2339 τέ
1061 2288 1208 2340 ἐστιν
1236 2287 1311 2350 ὡς
1349 2287 1408 2339 ὲν
1430 2285 1692 2349 τοιούτοις

59 2447 62 2450 γ
89 2372 470 2442 στοχάζεσθαι
504 2377 636 2447 (70),
660 2379 967 2443 ἀκολούθως
995 2379 1101 2451 τῷ·
1133 2399 1150 2430 ι
1183 2381 1318 2452 Πρὶν
1350 2380 1582 2450 λαλῆσαί
1607 2399 1687 2446 σε,

83 2462 247 2532 ἐρῶ·
292 2465 422 2519 Ἰδοὺ
464 2468 716 2539 ⁴πάρειμι,
749 2489 768 2522 ι
801 2471 887 2524 ἵνα
917 2471 1098 2525 πλεῖον
1195 2471 1253 2524 τὺ
1287 2473 1422 2543 πρὸς
1460 2473 1552 2526 τὸν
1579 2475 1691 2526 Σω-

83 2553 248 2624 τῆρα
283 2556 397 2624 (71)
432 2558 720 2630 λεγόμενον
756 2562 905 2632 παρά
925 2563 983 2616 τὸ
996 2566 1052 2616 ὲν
1068 2565 1133 2634 τῇ
1153 2563 1287 2634 πρὸς
1309 2564 1432 2627 τοὺς
1453 2563 1690 2628 δικαίους

92 2647 413 2718 ἐπαγγελίᾳ
446 2653 829 2722 γεγραμμένον
848 2671 861 2684 ·
900 2674 918 2706 ι
949 2656 1066 2708 Ἐτι
1094 2655 1380 2718 λαλοῦντός
1416 2673 1507 2708 σου
1538 2657 1685 2725 ἐρεῖ·

111 2734 252 2789 Ἰδοὺ
303 2737 557 2808 πάρειμι.
590 2760 608 2790 ι
647 2742 712 2794 Τί
735 2739 827 2796 οὖν
860 2739 1014 2809 sim;
1064 2743 1332 2818 Προὲθετο
1371 2745 1468 2816 μὲν
1516 2747 1689 2800 εἰπεῖν

101 2827 273 2898 εύχήν
290 2845 304 2858 ·
341 2829 705 2896 προλαϐόντος
729 2833 785 2886 δὲ
814 2834 912 2905 τὴν
938 2836 1102 2906 εύχὴν
1126 2835 1291 2888 αὐτοῦ
1324 2835 1420 2888 τοῦ
1448 2835 1691 2900 εἰπόντος

101 2917 175 2972 ἂν
210 2920 391 2990 αύτῷ·
428 2940 446 2972 ι
470 2923 606 2992 Πρὶν
638 2924 864 2995 λαλῆσαί
908 2943 988 2991 σε,
1028 2926 1169 2997 ἐρῶ·
1213 2927 1343 2981 Ἰδοὺ
1378 2929 1637 3000 πάρειμι,
1665 2947 1684 2980 ι

104 3011 230 3064 ἀντὶ
270 3011 368 3083 τῆς
397 3014 537 3066 κατά
580 3015 839 3086 πρόθεσιν
881 3015 948 3070 ἂν
987 3017 1273 3088 λεχθείσης
1312 3018 1481 3088 εὐχῆς
1542 3018 1688 3086 λέγει

1863 1377 1916 1432 5.
1951 1395 1969 1428 ι
2010 1375 2196 1440 I’ater,
2226 1373 2428 1444 gratias
2457 1387 2560 1442 ago
2593 1372 2715 1437 tibi,
2747 1372 3000 1440 quoniam
3033 1373 3227 1427 audisti
3260 1385 3365 1427 mc.

1792 1471 1904 1539 Ego
1931 1478 2114 1522 autem
2167 1467 2407 1522 sciebam
2461 1465 2605 1535 quod
2657 1479 2873 1535 semper
2903 1481 2987 1521 me
3031 1466 3220 1534 audis;
3274 1468 3367 1521 sed

1793 1558 2021 1631 praptér
2047 1559 2258 1614 turbam
2287 1574 2405 1629 qua:
2449 1557 2810 1621 circumstat,
2843 1558 2990 1622 dixi,
3037 1567 3098 1612 ut
3143 1559 3370 1615 credant

1791 1654 1935 1724 quod
1965 1664 2019 1706 ιιι
2054 1668 2139 1705 me
2168 1651 2387 1704 miseris
2425 1649 2496 1706 ⁷³.
2538 1668 2558 1702 ι
2596 1648 2652 1702 Si
2684 1646 2969 1702 orantibus
3018 1649 3149 1704 viris
3183 1649 3369 1720 probis

1794 1746 1846 1799 in
1879 1759 2047 1798 carne
2078 1742 2408 1805 viventibus,
2442 1755 2541 1794 nec
2569 1740 2868 1794 secundum
2893 1755 3111 1794 carnem
3139 1741 3369 1795 militau-

1794 1835 1935 1890 tibus
1965 1833 2033 1898 ⁷⁸,
2089 1833 2194 1888 tale
2239 1831 2493 1899 quiddam
2550 1830 2804 1900 promisit
2853 1829 2998 1886 Deus
3047 1847 3144 1901 pro
3175 1847 3363 1886 eorum

1789 1940 1980 1992 prece:
2023 1943 2040 1977 ι
2085 1925 2256 1978 Etiam
2284 1925 2462 1978 adhuc
2511 1921 2771 1993 loquente
2817 1933 2901 1988 te,
2957 1924 3169 1978 dicam:
3225 1925 3364 1979 Ecce

1788 2017 1979 2072 adsum
2000 2017 2070 2080 "',
2103 2037 2121 2069 ι
2153 2015 2285 2084 quid
2312 2015 2641 2070 censendum
2666 2023 2748 2070 est
2769 2014 2833 2068 de
2853 2015 3149 2074 .Servatore
3181 2026 3234 2070 et
3263 2017 3363 2071 Do-

1791 2107 1979 2161 mino?
2007 2121 2184 2161 nonne
2205 2107 2336 2160 hoc:
2375 2125 2392 2157 ι
2423 2105 2729 2174 Δηιείιιιιιιιι
2759 2105 3002 2175 loquaris
3031 2117 3110 2172 tu,
3143 2107 3319 2162 dicam
3345 2124 3359 2160 :

1791 2197 1928 2252 Ecce
1947 2197 2174 2252 adsum?
2205 2217 2222 2248 ι
2257 2196 2428 2251 Simul
2455 2196 2599 2251 enim
2632 2215 2652 2248 ι
2675 2197 2894 2252 sustulit
2913 2197 3099 2253 oculos
3123 2212 3362 2266 sursum,

1791 2300 1846 2344 et
1875 2289 2029 2343 dixit.
2061 2307 2080 2340 ι
2117 2288 2256 2354 Quid
2285 2289 2454 2343 dixit?
2477 2287 2533 2343 Si
2564 2288 2679 2343 ﬁeri
2708 2297 2890 2358 potest
2916 2300 2975 2344 ut
3000 2289 3365 2358 conjectetnus

1793 2381 1846 2436 in
1885 2380 2101 2448 talibus,
2131 2379 2293 2451 375
2325 2388 2724 2449 consequenter
2753 2379 2882 2435 huic
2912 2380 3094 2436 dicto:
3141 2399 3161 2433 ι
3194 2381 3363 2436 Ante-

1789 2488 1952 2542 quam
1986 2472 2225 2542 loquaris
2260 2483 2338 2536 tu,
2378 2471 2556 2526 dicam
2585 2487 2600 2525 :
2633 2471 2773 2526 Ecce
2803 2472 3014 2538 adsum,
3048 2491 3067 2526 ι
3105 2482 3161 2527 ut
3190 2474 3363 2541 majus

1790 2566 1858 2619 sit
1889 2565 2034 2634 quod
2068 2564 2269 2619 dicitur
2313 2563 2380 2617 ad
2414 2561 2796 2629 Servatorem,
2848 2578 3008 2632 quam
3056 2565 3199 2632 quod
3226 2565 3364 2620 scri-

1791 2665 1939 2724 ptum
1969 2654 2131 2708 luerit
2163 2654 2212 2707 in
2265 2653 2666 2722 promissione,
2719 2669 2840 2722 qua:
2884 2663 2969 2708 est
3010 2655 3078 2708 ad
3119 2665 3361 2723 sanctos,

1791 2760 2018 2814 nempe:
2049 2763 2069 2797 ι
2100 2745 2292 2800 Adhuc
2314 2754 2365 2799 te
2391 2744 2666 2814 loquente,
2688 2745 2866 2799 dicam
2895 2761 2908 2798 :
2935 2743 3076 2801 Ecce
3096 2747 3308 2802 adsum.
3336 2763 3360 2797 ρ

1790 2836 1948 2903 Quid,
1985 2835 2224 2904 inquam,
2254 2833 2427 2888 dixit?
2451 2833 2808 2903 Proposuerat
2841 2834 3104 2890 Servator
3127 2838 3360 2904 precari,

1791 2929 1888 2984 sed
1943 2934 2352 2994 prwoccupante
2395 2924 2538 2978 illius
2587 2925 2960 2993 precationem
3022 2926 3114 2982 illo
3167 2929 3259 2998 qui
3309 2929 3359 2982 ci

1789 3017 2051 3072 dixerat:
2084 3032 2104 3066 ι
2144 3014 2451 3083 Antequam
2475 3012 2717 3082 loquaris
2745 3023 2824 3080 ιιι,
2853 3015 3071 3070 dicam:
3104 3016 3242 3072 Ecce
3263 3019 3360 3071 ad-

105 3102 207 3170 τὴν
230 3103 321 3154 ἐπὶ
357 3102 433 3172 τῷ
477 3105 797 3174 προλαϐόντι
840 3106 938 3177 τὴν
981 3106 1146 3178 εύχὴν
1176 3108 1554 3180 εὐχαριστίαν·
1593 3112 1686 3164 καὶ

1792 3121 1946 3170 sum,
1985 3124 2004 3157 ι
2067 3117 2165 3172 pro
2209 3105 2562 3172 precatione,
2597 3118 2764 3172 quam
2813 3103 2998 3158 animo
3043 3115 3358 3174 conceptam

105 3191 186 3254 ὡς
214 3192 565 3258 ὲπακουσθεὶς
593 3196 676 3264 ἐφ’
697 3191 776 3260 οἷς
812 3196 1059 3267 ἐνενόησε
1094 3196 1273 3268 μόνον,
1297 3198 1358 3250 ού
1383 3199 1687 3270 προήνεγκε

105 3283 166 3336 δὲ
194 3283 271 3352 τῷ
307 3283 577 3355 εῦχεσθαι,
619 3287 786 3357 φησί·
838 3306 856 3338 ι
881 3287 1084 3358 Πάτερ,
1125 3288 1433 3360 εὐχαριστῶ
1461 3305 1542 3342 σοι
1561 3329 1576 3354 ,
1605 3290 1686 3343 ὅτι

110 3375 346 3443 ἤκουσάς
395 3394 518 3446 μου.
548 3397 566 3428 ι
606 3378 867 3449 Ἐμελλεν
925 3375 1017 3433 οὖν
1067 3377 1322 3450 εὔχεσθαι
1392 3381 1522 3450 περὶ
1583 3380 1686 3449 τῆς

105 3462 357 3534 Λαζάρου
404 3465 771 3531 ἀναστάσεως,
807 3468 901 3520 καὶ
942 3468 1229 3538 προλαϐὼν
1270 3469 1435 3522 αύτοῦ
1467 3470 1565 3540 τὴν
1595 3471 1685 3522 εύ-

106 3552 212 3621 χὴν
250 3553 279 3604 ὁ
321 3556 480 3624 μόνος
518 3557 723 3625 ἀγαθὸς
762 3559 893 3622 Θεὸς
939 3561 1032 3613 καὶ
1079 3560 1289 3634 Πατὴρ,
1329 3561 1527 3631 ἤκουσε
1575 3559 1685 3613 τῶν

107 3644 410 3714 μελλόντων
453 3649 707 3718 λέγεσθαι
731 3653 788 3704 ἐν
817 3656 882 3725 τῇ
927 3655 1079 3724 εὐχῇ,
1120 3655 1205 3722 ἐφ’
1236 3648 1317 3718 οἷς
1362 3656 1422 3706 ὲν
1464 3653 1684 3724 ἐπηκόῳ

106 3737 204 3790 τοῦ
251 3742 667 3814 περιεστηκότος
698 3745 858 3798 αὐτὸν
893 3745 1052 3816 ὄχλου
1083 3745 1398 3815 ἀναπέμπει
1439 3743 1560 3796 ἀντὶ
1602 3743 1685 3796 εύο

103 3828 214 3898 χῆς
256 3831 600 3902 εὐχαριστίαν
639 3836 666 3888 ό
707 3836 923 3906 Σωτὴρ,
949 3835 1044 3888 δύο
1092 3835 1208 3905 ἅμα
1234 3834 1422 3898 ποιῶν,
1459 3833 1552 3886 καὶ
1595 3835 1682 3887 εύ-

104 3923 382 3992 χαριστῶν
421 3925 503 3992 ἐφ’
530 3921 613 3988 οἷς
654 3927 811 3996 ἔτυχε
863 3927 988 3997 περὶ
1019 3926 1114 3979 τοῦ
1149 3926 1422 3996 Λαζάρου,
1459 3930 1552 3982 καὶ
1593 3946 1682 3981 πι-

109 4015 372 4067 στοποιῶν
415 4016 504 4068 τὸν
552 4018 946 4088 περιεστηκότα
982 4017 1142 4071 αύτδν
1183 4018 1338 4090 ὄχλον
1361 4037 1375 4049 ·
1430 4020 1682 4074 ἐϐούλετο

109 4104 225 4175 γὰρ
251 4105 436 4170 αὐτοὺς
462 4108 866 4180 παραδέξασθαι
896 4109 972 4174 ὼς
997 4109 1104 4181 ἄρα
1127 4110 1234 4163 ἀπὸ
1260 4110 1394 4164 Θεοῦ
1420 4113 1682 4167 ἀπεσταλ·

115 4198 274 4269 μένος
306 4201 384 4272 τῷ
418 4202 516 4272 βίῳ
542 4203 954 4274 ὲπιδεδήμηκεν.
996 4204 1179 4272 Ἔγνω
1206 4204 1262 4257 δὲ
1298 4205 1676 4272 ὲπακουσθεὶς,

119 4286 337 4358 ἐπείπερ
370 4289 638 4360 πνεύματι
663 4287 826 4356 εἶδεν,
869 4292 953 4345 ὅτι
995 4293 1338 4365 ἀποκατέστη
1369 4296 1402 4366 ἡ
1433 4295 1528 4348 τοῦ
1572 4297 1679 4350 Λα-

1788 3197 2031 3250 dicturus
2061 3205 2179 3250 erat
2207 3194 2378 3260 Patri,
2416 3195 2506 3265 qui
2535 3205 2946 3264 prmoecuparat
2987 3211 3196 3264 preces,
3229 3211 3356 3266 gra-

1787 3291 1886 3346 tias
1917 3291 2062 3360 agit:
2094 3300 2149 3346 et
2173 3291 2329 3359 quasi
2355 3292 2644 3347 exauditus
2675 3292 2868 3347 luisset
2897 3301 3119 3362 propter
3141 3308 3204 3346 ea
3237 3307 3362 3362 qua:

1782 3383 1966 3437 animo
1997 3391 2204 3436 tantum
2249 3393 2606 3453 conceperat,
2653 3398 2760 3438 non
2835 3393 3012 3437 latttcn
3059 3385 3360 3453 protulerat

1784 3473 2081 3542 precando,
2117 3473 2333 3542 inquit:
2384 3493 2401 3526 ι
2439 3473 2630 3540 Pater,
2662 3475 2868 3544 gratias
2893 3490 2995 3546 ago
3037 3477 3171 3542 tibi,
3211 3479 3356 3545 quod

1784 3563 1981 3618 audisti
2018 3579 2124 3619 me.
2162 3583 2182 3616 ι
2214 3563 2539 3620 l’recaturus
2565 3579 2695 3633 ergo
2746 3573 2866 3618 erat
2903 3581 3001 3634 pro
3033 3565 3221 3619 Lazari
3273 3581 3358 3620 rc-

1781 3653 2154 3716 surreclione,
2177 3663 2230 3706 et
2261 3668 2654 3722 prmoccupans
2684 3653 2826 3705 illius
2872 3654 3238 3720 precationem
3270 3671 3379 3707 εοε-

1785 3742 1866 3796 Ius
1897 3742 1988 3798 illc
2021 3743 2195 3796 bonus
2225 3743 2364 3798 Deus
2391 3744 2439 3774 '°
2460 3753 2510 3796 ct
2542 3745 2725 3808 Pater,
2753 3743 2963 3796 audivit
2983 3759 3102 3810 quae
3128 3745 3356 3798 dicenda

1785 3841 1944 3885 erant
1972 3831 2023 3885 in
2060 3831 2410 3901 precatione,
2439 3847 2538 3900 pro
2570 3833 2768 3901 quibus
2804 3832 2856 3885 in
2906 3832 3171 3901 frequenti
3205 3835 3353 3888 audi-

1786 3925 1932 3979 torio
1963 3925 2375 3979 circumstantis
2407 3925 2578 3994 ipsum
2614 3924 2814 3990 turbae,
2860 3941 3077 3994 prccmn
3116 3929 3233 3980 vice
3267 3943 3354 3980 re-

1785 4017 1956 4072 mittit
1996 4017 2296 4086 gratiarum
2334 4017 2604 4072 actionem
2655 4019 2916 4072 Scrvator
2947 4032 2961 4069 :
2998 4015 3104 4070 duo
3151 4018 3355 4086 pariter

1781 4109 2029 4174 faciens,
2049 4119 2104 4164 et
2124 4109 2329 4179 gratias
2351 4123 2518 4177 agens
2548 4125 2644 4178 pro
2671 4109 2755 4164 his
2775 4123 2894 4178 qua:
2935 4109 3001 4162 de
3032 4107 3238 4166 Lazaro
3267 4125 3355 4165 as-

1779 4211 1999 4256 secutus
2030 4201 2233 4262 fuerat,
2272 4209 2328 4255 et
2365 4199 2812 4256 circumstantem
2840 4200 2944 4255 sibi
2983 4202 3192 4256 turbam
3219 4216 3354 4254 con-
3451 4198 3460 4208 ’

1781 4289 2024 4348 ﬁrmans.
2059 4287 2288 4345 Volebat
2309 4289 2454 4344 enim
2484 4288 2675 4354 Iesus,
2712 4300 2771 4344 ιιι
2819 4291 2873 4344 1ιὶ
2917 4290 3267 4344 admitterent
3293 4304 3353 4341 se

120 4377 274 4446 ζάρου
309 4378 453 4449 ψυχὴ
488 4381 580 4434 ἐπὶ
607 4381 667 4435 τὸ
697 4382 856 4452 σῶμα
891 4384 1077 4448 αὐτοῦ,
1119 4386 1535 4457 ἀναπεμφθεῖσα
1571 4390 1678 4442 ἀπὸ

1792 4381 1951 4437 tneo
1976 4383 2240 4448 missum,
2289 4383 2357 4436 ad
2384 4381 2522 4436 lianc
2569 4382 2736 4436 vitam
2763 4380 3070 4434 advenisse.
3115 4378 3352 4445 Agnovit

117 4467 212 4519 τοῦ
252 4473 440 4541 χωρίου
490 4474 599 4527 τῶν
629 4475 833 4546 ψυχῶν.
883 4478 956 4530 Ού
1003 4477 1112 4546 γὰρ
1161 4478 1466 4548 νομιστέον,
1515 4479 1596 4532 ὅτι
1639 4483 1674 4552 η

1792 4480 1960 4526 nutent
1988 4488 2047 4528 se
2072 4474 2388 4529 exauditam
2413 4514 2427 4536 ,
2453 4472 2712 4542 quoniam
2744 4471 2937 4540 spiritu
2968 4479 3122 4525 norat
3156 4470 3349 4524 Lazari

116 4558 252 4632 ψυχὴ
276 4560 365 4614 τοῦ
397 4563 648 4636 Λαζάρου
695 4569 877 4638 παρῆν
905 4568 984 4638 τῷ
1018 4566 1226 4638 σώματι
1269 4569 1406 4640 μετά
1436 4569 1532 4641 τὴν
1561 4571 1677 4638 ἕξο-

1792 4563 2026 4617 tnimam-
2052 4565 2336 4619 remissam
2371 4563 2439 4616 ab
2463 4561 2768 4614 animarum
2804 4560 2948 4626 loco,
2973 4561 3187 4627 corpori
3232 4557 3349 4625 ejus

117 4647 223 4710 δον,
247 4651 331 4702 καὶ
358 4651 434 4715 ὡς
476 4655 726 4728 παροῦσα
756 4657 964 4726 ταχέως
997 4657 1196 4728 ἢκουσε
1231 4657 1530 4728 κράξαντος
1579 4661 1674 4731 Ἰη-

1792 4654 2110 4708 restitutam.
2154 4653 2266 4709 Nec
2301 4653 2445 4706 enim
2485 4653 2818 4706 censendum
2861 4660 2946 4705 est
2979 4653 3121 4720 quod
3157 4650 3351 4707 Lazari

119 4737 231 4803 σοῦ,
261 4743 352 4795 καὶ
384 4744 658 4809 εἰπόντος·
699 4765 718 4798 ι
745 4747 984 4818 Λάζαρε,
1011 4747 1171 4818 δεῦρο
1207 4747 1330 4812 ἔξω.
1359 4768 1376 4800 ι
1405 4751 1474 4802 Ἢ
1511 4751 1671 4823 εἴπερ

1792 4744 1956 4798 mima
2006 4745 2224 4798 adesset
2270 4743 2484 4812 corpori
2537 4749 2660 4809 post
2712 4757 2869 4796 suum
2921 4757 3244 4808 excessum,
3290 4751 3349 4797 et

118 4847 203 4893 τις
229 4832 375 4886 τοῦτο
398 4835 527 4906 περὶ
551 4836 650 4906 τῆς
679 4836 928 4906 Λαζάρου
953 4836 1128 4907 ψυχῆς
1155 4838 1546 4909 ὑπολαμϐάνει,
1576 4844 1669 4895 καὶ

1792 4837 1916 4906 ιιιοιΙ
1958 4837 2124 4905 quasi
2157 4835 2406 4888 celeriter
2450 4849 2724 4902 praesens,
2763 4849 2886 4889 cum
2933 4835 3224 4889 clamasset
3255 4833 3346 4888 Je-

120 4922 378 4991 προσίεται
401 4924 461 4977 τὸ
491 4927 618 4996 περὶ
655 4927 756 4997 τῆς
781 4926 1188 5000 ἀπαλλαγείσης
1225 4928 1400 5000 ψυχῆς
1429 4931 1524 4983 τοῦ
1563 4933 1667 4985 σώ-

1792 4945 1898 4991 ;us,
1948 4927 2286 4996 dixissetque
2319 4944 2333 4981 :
2373 4945 2390 4980 ι
2421 4927 2627 4982 Lazare
2655 4970 2669 4994 ,
2707 4927 2859 4998 prodi
2907 4927 3052 4980 foras
3080 4925 3148 4990 ν’,
3191 4945 3209 4978 ι
3245 4941 3346 4982 au-

124 5029 274 5083 ματος
315 5013 531 5080 ἄτοπον,
560 5015 635 5080 ὼς
672 5019 1190 5092 παρακαθεζομένης
1229 5020 1304 5091 τῷ
1335 5022 1534 5093 νεκρῷ,
1579 5023 1668 5076 λε-

1792 5022 1954 5086 Iieril,
1986 5022 2379 5094 conjunctaque
2405 5025 2614 5092 corpori
2643 5024 2823 5080 fuerit.
2857 5020 3110 5090 Alioquin
3139 5020 3184 5074 si
3221 5019 3344 5088 quis

119 5104 248 5173 γέτω
286 5106 396 5171 πιῖις
439 5109 680 5184 ἠκούσθη
721 5114 750 5165 ὁ
789 5112 995 5184 Ἰησοῦς
1037 5114 1144 5167 ἀπὸ
1188 5113 1281 5166 τοῦ
1317 5114 1548 5185 Πατρός,
1578 5116 1670 5184 μέ-

1793 5128 1878 5169 toc
1901 5113 1968 5167 de
1997 5113 2187 5166 Lazari
2226 5114 2404 5166 anima
2438 5115 2747 5182 suspicatur
2769 5152 2785 5177 ,
2840 5109 3342 5176 absurditatcmque

119 5215 280 5262 νοντος
321 5201 400 5253 ἔτι
448 5201 644 5273 νεκροῦ
690 5202 782 5256 τοῦ
824 5204 1075 5275 Λαζάρου
1117 5204 1395 5274 σώματος,
1440 5207 1533 5258 καὶ
1569 5205 1670 5275 τῆς

1792 5203 2027 5258 tdmittat
2072 5205 2138 5258 de
2193 5205 2370 5258 anima
2425 5220 2454 5256 a
2507 5219 2734 5274 corpore
2805 5203 3065 5264 liberata,
3114 5197 3340 5267 perinde

118 5289 278 5359 ψυχῆς
318 5296 731 5366 κεχωρισμένης
771 5295 891 5366 μὲν,
933 5296 1008 5360 ὡς
1055 5296 1263 5368 οἰηθείη
1307 5297 1372 5351 ἀν
1421 5316 1504 5362 τις
1551 5299 1666 5370 (72)

1792 5300 1928 5366 ιιιοεὶ
1963 5305 2174 5351 mortuo
2199 5298 2469 5358 assideat,
2505 5296 2648 5348 dicat
2675 5295 2946 5363 quomodo
2980 5291 3192 5344 auditus
3226 5288 3337 5342 lue-

181 5383 220 5414 "
244 5383 561 5460 EEOJ.__X\[II,
600 5387 682 5442 II.
778 5389 837 5460 *τί
867 5387 1008 5444 Psal.
1043 5405 1164 5455 cu,
1186 5390 1241 5445 2.
1317 5392 1361 5422 ⁷³
1381 5390 1536 5446 Juan.
1567 5393 1689 5458 XLI

1792 5393 1873 5447 42.
1977 5391 2238 5447 ⁷⁵11οιιτ.
2273 5407 2326 5450 ιι,
2351 5390 2402 5444 5.
2489 5390 2531 5419 ⁷⁵
2557 5388 2678 5443 lsai.
2714 5402 2866 5450 um,
2904 5387 2957 5443 9.
3067 5384 3112 5414 ⁷⁸⁵
3143 5380 3334 5437 Matth.

118 5466 224 5515 ιιι,
250 5453 329 5506 I7.
404 5456 448 5486 ⁷⁷
474 5456 626 5511 Joan.
660 5473 736 5523 xt,
764 5457 853 5514 I3.
1152 5453 1159 5455 V
1627 5453 1636 5458 ⁷

183 5543 282 5618 (εἶθ)
313 5545 490 5618 Qodex
520 5547 746 5618 llegius,
776 5549 935 5612 male,
958 5548 1046 5602 διὰ
1077 5547 1352 5618 λογισμοῦ.

1792 5542 2129 5618 τὸν-Ψήρα·
2184 5611 2192 5618 .
2249 5609 2270 5618 ,.
2315 5605 2324 5617 .
2427 5603 2446 5618 .,

184 5605 279 5688 (Ῐο)
312 5615 489 5688 ροιίιιι
519 5605 868 5688 Bodleianus,
901 5605 1282 5688 στοχάσασθαι.
1533 5686 1542 5688 μ

1841 5613 1953 5688 (η)
2001 5605 2097 5688 Ὡς
2141 5605 2363 5688 οίηρείη
2411 5605 2487 5682 (ir
2513 5621 2638 5688 μς,
2680 5605 3331 5688 ριο;;1ςΙιοορ1ι);Ιιιοιιιεὶιι

183 5674 276 5759 (71)
297 5674 887 5759 ‘Co_t_lex_llodlci,anus',
919 5674 1142 5759 optimc,
1181 5685 1270 5759 M
1315 5687 1492 5759 πλεῖον
1604 5688 1660 5759 ἶδ

1792 5674 2033 5759 inludent.
2065 5681 2215 5759 liunc_
2245 5675 2467 5757 Joannis
2513 5674 2685 5759 Ipcum
2718 5691 2729 5725 :
2767 5678 2924 5759 θείῃ
2955 5674 3011 5734 δὲ
3037 5674 3331 5759 ’ἔκραξεν-ὁ

117 5743 239 5822 προς
266 5751 354 5809 τὸν
381 5753 639 5828 Σωτῆρα·
672 5743 895 5828 Ile-gius,
924 5743 1078 5824 male,
1112 5743 1401 5813 άναπλείου
1447 5756 1478 5827 ἢ
1525 5743 1656 5828 πρὸς
1773 5753 1970 5824 Κύριος
2007 5750 2091 5804 διὰ
2129 5746 2283 5802 τοῦτο
2308 5783 2321 5808 ,
2362 5743 2448 5798 ἵνα
2495 5744 2560 5798 τά
2609 5743 2714 5798 τῶν
2779 5743 3042 5820 Ἑλλήνων
3078 5743 3331 5825 ἐμφράξῃ
3391 5780 3393 5783 ·
