3924 6196
117 353 259 409 893

1161 353 1520 409 cortinam.
1561 353 1622 408 IN
1665 351 1857 407 JOAN.
1899 339 2138 412 TOML‘S
2176 354 2412 409 xxvut.

118 474 248 537 τήν
283 469 430 540 πρὶς
468 470 633 524 αὑτὸν
665 468 845 540 φιλίαν
880 471 1263 543 ἡμαρτηκότα,
1294 473 1386 527 καὶ
1424 471 1616 544 νεκρὸν
1660 488 1729 540 γε

1857 475 2255 528 resurrectione
2291 475 2556 528 hactenus
2597 469 2842 539 quidem.

3320 348 3426 403 696

2923 470 3190 522 Caeterum
3235 479 3427 520 sensus

121 566 388 633 νόμενον
435 560 515 632 τῷ
563 561 701 630 Θεῷ,
747 560 973 632 δυνάμει
1007 561 1124 636 θεία
1168 564 1602 635 παλινδρομῆσαι
1653 563 1729 616 ὲπ¹

1854 562 2010 631 hujus
2034 564 2135 620 loci
2164 565 2515 635 anagogicus,
2547 579 2612 616 ex
2640 563 2724 616 his
2745 575 2864 631 qua:
2885 561 3258 630 explicuimus,
3283 557 3423 612 haud

118 654 241 725 τὴν
283 653 458 726 ζωὴν,
502 653 594 708 καὶ
640 653 821 724 ἔτυχε,
866 655 962 706 καὶ
991 649 1131 708 εἶδεν
1171 660 1230 710 ὲν
1266 655 1346 726 τῷ
1379 655 1605 725 τοιούτῳ
1641 653 1747 719 ζω-

119 745 277 799 τικά
328 745 627 815 κινήματα,
667 745 752 813 ἐφ’
787 739 871 810 οἷς
902 747 1218 818 εὐχαριστεῖ
1243 746 1320 818 τῷ
1350 745 1543 818 Πατρί.
1586 747 1746 818 Περι-

121 837 154 889 έ
171 852 352 907 ττηκε
391 835 447 888 δὲ
471 835 627 907 ὄχλος
657 835 748 890 τὴν
777 836 1015 891 τοιοῦτον
1046 839 1241 911 νεκρὸν
1276 839 1501 910 μηδέπω
1527 856 1747 892 πιστευ-

118 928 320 982 όντων
357 927 442 981 ὃτι
509 927 716 1000 Ἰησοῦν
755 927 1075 984 ἀπέστειλεν
1101 934 1129 986 6
1172 931 1325 996 Θεὸς,
1352 931 1448 985 καὶ
1481 931 1564 985 ὅτι
1592 933 1621 985 6
1648 931 1746 985 A6-

120 1039 237 1092 γος
267 1017 427 1086 οὗτος
459 1022 643 1076 θεόθεν
677 1023 990 1096 ἀνθρώποις
1030 1024 1416 1096 ἐπιδεδήμηκε.
1447 1023 1559 1078 Καὶ
1590 1041 1744 1096 περι-

120 1115 328 1178 εστώς
364 1131 429 1185 γι
474 1109 628 1180 οὗτος
667 1119 696 1170 6
727 1117 884 1187 ὄχλος
936 1116 1228 1188 θαυμάσοι,
1265 1118 1348 1171 ὅτι
1383 1115 1528 1171 οὕτω
1571 1114 1745 1170 δυσώ-

117 1206 238 1277 δης
271 1207 389 1278 (74)
430 1207 537 1260 ἀπὸ
575 1207 684 1262 τῶν
732 1208 868 1280 πρὸς
917 1207 1144 1262 θάνατον
1189 1209 1610 1281 ἁμαρτημάτων
1657 1225 1742 1272 τις

169 1299 549 1370 εγενημένος,
590 1300 684 1352 καὶ
735 1299 1024 1354 ἀποθανὼν
1070 1303 1135 1372 τῇ
1179 1302 1384 1373 ἀρετῇ,
1423 1299 1742 1372 ἐπαλινδρὸ-

126 1409 334 1462 μησεν
375 1392 463 1444 ἐπ’
491 1393 689 1463 αὐτήνο
723 1394 815 1446 καὶ
865 1392 1153 1464 θαυμάσας
1193 1393 1480 1446 πιστεύσαι
1515 1393 1579 1446 ἄν
1610 1409 1741 1445 ποτε

120 1483 217 1552 τῷ
269 1483 662 1554 ζωοποιήσειντι
692 1485 854 1538 αὐτὸν
882 1486 1062 1556 Λόγῳ,
1088 1485 1163 1549 ὡς
1207 1484 1389 1538 θεόθεν
1435 1482 1740 1556 ἀνθρώποις

121 1572 574 1644 ἐπιδημήσαντι.

1849 665 1935 710 est
1973 657 2230 710 difficilis.
2275 655 2438 710 Petiit
2489 654 2635 709 enim
2680 650 2840 708 Iesus
2879 660 2937 706 ut
2984 651 3076 721 qui
3111 657 3426 720 peccaverat

1849 755 1971 816 post
2021 746 2320 802 amicitiam
2372 761 2534 816 quam
2561 759 2691 816 erga
2735 759 2796 800 se
2832 742 3138 808 habuerat,
3186 748 3432 795 mortuus

1849 835 2026 893 fat-tus
2060 837 2196 902 Deo,
2225 837 2410 892 divina
2439 837 2636 892 virtute
2665 836 2873 892 rediret
2902 837 3083 890 denuo
3129 831 3197 887 ad
3229 831 3426 894 vitam;

1848 929 2068 998 votique
2095 943 2326 999 compos
2362 928 2540 984 factus
2563 937 2680 994 est,
2731 927 2975 996 viditque
3025 926 3079 980 in
3113 921 3426 990 huiusmodi

1848 1018 2068 1073 homine
2098 1019 2294 1075 vitales
2330 1029 2508 1075 motus
2543 1037 2558 1076 :
2598 1033 2697 1091 pro
2721 1019 2919 1089 quibus
2943 1016 3151 1087 gratias
3188 1015 3300 1086 agit
3323 1011 3428 1068 Pa-

1849 1109 1940 1164 tri.
1987 1109 2146 1166 Circa
2199 1111 2576 1182 hujuscemodi
2647 1119 2830 1166 autem
2893 1103 3168 1164 mortu'um
3244 1105 3430 1162 stabat

1845 1205 2000 1257 turba
2019 1203 2608 1260 nondomcredentium
2621 1201 2806 1258 Jcsum
2820 1217 2848 1256 a
2866 1202 2976 1256 Deo
2990 1201 3214 1256 missum
3234 1198 3424 1264 fuisse,

1847 1307 1945 1347 nec
1963 1291 2285 1349 Sermonem
2311 1295 2457 1350 hunc
2483 1293 2742 1350 divinitus
2764 1294 2827 1348 ad
2846 1292 3092 1348 homines
3111 1290 3425 1347 accessisse.

1842 1387 2021 1457 Atque
2041 1387 2250 1442 utinam
2280 1389 2395 1442 haec
2428 1387 2583 1442 turba
2610 1386 2976 1441 circumstans
3011 1385 3258 1449 miretur,
3282 1384 3426 1454 quod

1842 1479 2042 1549 aliquis
2084 1481 2222 1536 adeo
2263 1480 2462 1536 fetidus
2495 1480 2671 1536 factus
2706 1481 2777 1536 ob
2815 1487 3032 1548 peccata
3071 1481 3139 1535 ad
3172 1486 3423 1543 mortem,

1842 1577 2196 1638 mortuusque
2232 1569 2444 1636 virtuti,
2471 1570 2648 1625 denuo
2680 1569 2748 1624 ad
2782 1569 2950 1623 vitam
2993 1568 3425 1635 redierit;cum-

1840 1673 1945 1725 que
1968 1659 2166 1713 mirata
2209 1659 2398 1725 fuerit,
2425 1660 2885 1717 credatSermoni
2930 1662 3102 1731 ipsam
3133 1662 3424 1732 aliquando

1839 1749 2212 1814 vivificaturo,
2257 1751 2401 1820 quod
2438 1750 2696 1808 divinitus
2720 1753 2789 1808 ad
2827 1753 3074 1810 homines
3114 1756 3420 1812 advenerit.

205 1849 265 1901 6.
309 1869 326 1899 ι
363 1848 473 1902 Καὶ
516 1848 688 1901 ταῦτα
730 1849 935 1911 εἰπὼν,
967 1849 1116 1920 φωνῇ
1154 1847 1362 1921 μεγάλῃ
1389 1848 1729 1918 ὲκραύγασε·

1911 1839 2074 1910 377
2102 1839 2153 1895 6.
2185 1859 2203 1893 ι
2236 1815 2304 1896 Et
2335 1843 2450 1898 haec
2483 1857 2607 1900 cum
2639 1844 2885 1912 dixisset,
2922 1859 3056 1900 voce
3089 1861 3282 1916 magna
3305 1846 3422 1902 cla-

123 1941 170 1992 Λ
184 1939 370 2011 ἀζαρε
382 1981 396 2002 ,
420 1939 582 2010 δεῦρο
598 1938 725 2002 ἔξω·
753 1940 846 1992 καὶ
877 1938 1100 2009 ἐξῆλθεν
1118 1941 1146 1992 6
1161 1937 1436 2010 τεθνηκὼς
1449 1938 1734 2008 δεδεμένος

114 2033 265 2095 τοὺς
295 2030 463 2094 π-ὖδας
491 2031 584 2082 καὶ
616 2030 715 2092 τὰς
745 2032 934 2101 χεῖρας
990 2030 1249 2101 κειρίαις·
1285 2030 1374 2083 καὶ
1416 2032 1449 2100 ὴ
1486 2029 1607 2099 δψις
1637 2031 1734 2084 αὺ-

108 2119 228 2172 τλῦ
279 2119 551 2190 σουδαρίῳ
607 2119 927 2172 συνεδέδετο.
974 2121 1138 2188 Λέγει
1187 2121 1216 2172 6
1261 2120 1468 2191 Ἰησοῦς
1515 2121 1729 2183 αὐτοῖς·

111 2211 360 2263 Λύσατε
410 2211 591 2272 αὐτὸν,
624 2210 716 2262 καὶ
747 2208 914 2279 ἄφετε
965 2210 1127 2263 αὐτὸν
1173 2212 1426 2279 ὑπάγειν.
1465 2230 1484 2263 ι
1528 2210 1736 2281 Ἰησοῦς

105 2297 236 2371 ἦρε
270 2302 402 2364 τοὺς
425 2301 733 2372 ζφθαλμοὺς
765 2302 877 2356 ἄνω
901 2343 916 2368 ,
953 2303 1049 2356 καὶ
1100 2303 1180 2357 ἔτι
1226 2303 1434 2376 μέλλων
1483 2303 1734 2374 εὔχεσθαι

109 2393 150 2442 ὲ
168 2391 482 2462 πηκούσθη,
511 2392 604 2444 καὶ
643 2392 763 2445 ἀντὶ
806 2393 972 2464 εὺχῆς
1002 2394 1363 2466 εὐχαρίστησε
1391 2395 1736 2465 κατανοήσας

106 2482 231 2554 τὴν
286 2483 544 2553 Λαζάρου
592 2482 770 2554 ψυχὴν
808 2484 1156 2540 εἰσελθοῦσαν
1201 2488 1282 2549 είς
1313 2486 1374 2539 τδ
1420 2487 1610 2557 σῶμα,
1641 2487 1734 2540 καὶ

106 2575 402 2645 δεομένην
427 2577 526 2647 τῆς
548 2575 655 2628 ἀπὸ
682 2575 1027 2649 προστάξεως
1052 2577 1226 2648 Ἰησοῦ
1249 2577 1618 2650 γενησομένης
1633 2578 1732 2630 αὐ-

113 2666 207 2737 τῷ
239 2666 492 2730 εὐτονίας
533 2669 670 2738 πρὸς
701 2668 762 2720 τὸ
805 2668 1039 2733 ἐξελθεῖν
1067 2669 1174 2722 ἀπὸ
1198 2668 1294 2722 τοῦ
1329 2664 1615 2740 μνημείου.
1642 2667 1733 2722 Διδ

116 2758 278 2830 μετά
304 2757 403 2828 τὴν
431 2759 568 2830 πρὸς
592 2759 682 2811 τὸν
713 2760 935 2830 Πατέρα
957 2760 1307 2832 εὐχαριστίαν
1333 2761 1541 2832 μεγάλῃ
1566 2763 1730 2833 ἐχρή-

119 2865 270 2904 σατο
305 2853 477 2921 φωνῇ,
520 2850 750 2922 δύναμιν
780 2851 1050 2923 έντιθείσῃ
1073 2852 1152 2922 τῷ
1181 2851 1442 2924 Λαζάρῳ,
1482 2852 1730 2924 μεγάλης

118 2941 392 3015 χρῄζοντι
428 2983 442 3006 ,
477 2944 553 3006 ὡς
578 2942 790 2996 οὐδέπω
822 2945 1100 3015 γενομένῳ
1125 2943 1372 3016 ὁξυηκὸῳ
1401 2945 1500 3016 τῆς
1525 2963 1731 3017 προκα-

121 3034 230 3086 λου
239 3033 408 3106 μένης
423 3033 585 3089 αὐτὸν
606 3035 710 3102 ἔξω
733 3035 827 3088 τοῦ
858 3035 1125 3105 μνημείου
1153 3038 1422 3107 κραυγῆς.
1441 3037 1552 3090 Καὶ
1571 3035 1728 3089 τοῦτο

127 3121 191 3176 δὲ
225 3125 509 3194 νομιστέον
533 3122 680 3189 ἀξιον
707 3117 847 3178 εἶναι
871 3122 964 3177 τοῦ
1007 3123 1180 3194 Ἰησοῦ
1214 3123 1396 3196 ἔργον,
1425 3123 1486 3177 τὸ
1519 3124 1592 3195 μὴ
1626 3124 1724 3195 μό·
1753 3150 1798 3207 C

131 3227 228 3267 νον
259 3213 516 3280 εὔξασθαι
553 3216 637 3268 ’ἕνα
665 3213 807 3287 ζήσῃ
837 3218 866 3269 6
895 3215 1116 3285 νεκρὸς,
1148 3213 1286 3268 ἀλλά
1331 3219 1426 3270 καὶ
1455 3215 1724 3287 ἐμϐοῆσαι

135 3304 307 3375 αὑτῷ,
339 3307 431 3358 καὶ
464 3307 694 3362 καλέσαι
737 3308 830 3361 τὸν
871 3306 1017 3360 ἔνδον
1050 3305 1144 3359 τοῦ
1187 3305 1473 3377 σπηλαίου,
1505 3307 1723 3362 καὶτοῦ

142 3395 409 3466 μνημείου
443 3398 535 3451 ἐπὶ
561 3397 628 3452 τὰ
653 3398 757 3465 ἔξω
782 3397 967 3451 αὐτοῦ.
1001 3398 1124 3470 Χρὴ
1155 3397 1211 3450 δὲ
1244 3397 1474 3463 εἰδέναι,
1508 3399 1590 3452 ὅτι
1616 3399 1728 3452 είσί

140 3501 284 3548 τινες
315 3487 407 3539 καὶ
437 3486 538 3539 νῦν
561 3487 802 3562 Λάζαροι
845 3488 958 3559 (75)
1007 3489 1144 3562 μετά
1183 3487 1281 3559 τὴν
1331 3488 1510 3558 φιλίαν
1547 3488 1722 3560 Ἰησοῦ

142 3576 560 3647 ἀσθενήσαντες,
589 3581 683 3632 καὶ
712 3579 1096 3645 ἀποθανόντες,
1132 3581 1226 3635 καὶ
1265 3582 1324 3635 ὲν
1353 3581 1605 3652 μνημείῳ
1630 3581 1725 3635 καὶ

144 3667 349 3739 νεκρῶν
393 3670 546 3742 χώρᾳ
587 3671 865 3741 μείναντες
915 3670 1055 3742 μετά
1107 3671 1317 3744 νεκρῶν
1363 3672 1580 3744 νεκροί·
1630 3673 1726 3726 καὶ

149 3759 285 3829 μετά
321 3761 477 3814 τοῦτο
501 3765 568 3834 τῇ
605 3763 735 3834 εὐχῇ
779 3761 874 3816 τοῦ
920 3761 1097 3832 Ἰησοῦ
1141 3762 1600 3833 ζωοποιηθέντες,
1633 3763 1728 3816 καὶ

146 3851 252 3904 ἀπὺ
281 3851 374 3904 τοῦ
405 3854 668 3924 μνημείου
704 3854 795 3906 ἐπὶ
829 3854 899 3906 τά
938 3851 1042 3917 ἔξω
1091 3851 1254 3907 αὑτοῦ
1304 3854 1413 3907 ὑπὸ
1459 3853 1634 3924 Ἰησοῦ
1659 3857 1726 3926 τῇ

152 3942 357 4015 μεγάλῃ
406 3942 571 3997 αὑτοῦ
611 3947 762 4016 φωνῇ
807 3942 1164 4014 καλούμενοι·
1219 3935 1263 4012 ᾧ
1307 3946 1337 3997 ὁ
1384 3945 1726 4016 πειθόμενος,

147 4033 420 4106 ἐξέρχεται
439 4035 565 4099 τοὺς
583 4035 766 4101 ἀξίους
793 4035 893 4107 τῆς
919 4037 1243 4108 νεκρότητος
1266 4038 1498 4109 δεσμοὺς
1527 4039 1592 4092 ἐκ
1617 4038 1725 4094 τῶν

152 4127 424 4198 προτέρων
451 4129 865 4199 ἁμαρτημάτων
901 4127 1312 4199 περικείμενος,
1348 4130 1442 4182 καὶ
1473 4129 1574 4201 τὴν
1603 4129 1724 4200 ὄψιν

155 4217 550 4289 περιδεδεμένος
583 4219 691 4283 ἔτι,
720 4220 813 4273 καὶ
846 4221 984 4291 μήτε
1019 4219 1254 4289 βλέπων,
1297 4223 1435 4294 μήτε
1472 4220 1584 4294 (76)
1629 4240 1726 4277 πο-

162 4308 400 4382 ρευθῆναι
427 4310 751 4382 δυνάμενος,
785 4311 922 4382 μήτε
948 4327 1000 4364 τι
1036 4311 1328 4384 ἐνεργῆσαι
1358 4310 1448 4365 διά
1469 4313 1596 4376 τοὺς
1622 4313 1725 4385 τῆς

227 4403 269 4434 ⁸⁸
291 4401 440 4457 Joan.
467 4419 549 4467 XI,
579 4402 666 4458 λεδ.

1838 1932 2008 1986 mavit
2045 1950 2059 1988 :
2104 1931 2336 1999 Lazare,
2361 1934 2483 1990 veni
2506 1934 2692 1991 foras:
2721 1946 2776 1992 et
2804 1938 3004 2007 prodiit
3046 1940 3140 2009 qui
3171 1950 3423 1997 mortuus

1837 2021 2036 2088 fuerat,
2067 2037 2258 2078 manus
2289 2035 2338 2079 et
2370 2027 2536 2094 pedes
2569 2025 2779 2082 habens
2819 2029 3094 2085 revinctos
3119 2029 3306 2088 fasciis
3331 2031 3420 2087 fu-

1839 2114 2058 2179 nereis;
2091 2124 2144 2170 et
2174 2114 2349 2169 facies
2380 2115 2523 2174 illius
2554 2103 2778 2174 sudario
2811 2128 2933 2176 erat
2961 2123 3240 2178 obvincta.
3275 2125 3420 2181 Dicit

1837 2205 1917 2259 eis
1939 2201 2096 2260 Jesus
2129 2223 2144 2260 :
2183 2208 2389 2265 Solvite
2414 2225 2560 2276 eum,
2593 2219 2650 2268 et
2683 2212 2850 2268 sinite
2879 2213 3032 2269 abire
3055 2215 3123 2270 ⁸ο.
3159 2236 3178 2270 ι
3214 2214 3420 2273 Preca-

1839 2305 1994 2351 turus
2027 2294 2187 2352 Jcsns
2223 2313 2345 2353 cum
2373 2300 2690 2358 sustulisset
2715 2303 2928 2372 oculos,
2969 2308 3259 2363 exauditus
3292 2308 3416 2375 fuit,

1835 2398 1888 2442 ct
1930 2403 2153 2458 precum
2201 2389 2321 2446 loco
2365 2392 2572 2462 gratias
2618 2394 2751 2464 egit,
2791 2397 2917 2465 quia
2963 2397 3254 2468 diligenter
3292 2414 3419 2472 per-

1836 2480 2109 2549 spexisset
2141 2481 2335 2542 Lazari
2365 2484 2606 2539 animam
2637 2502 2838 2556 corpus
2867 2488 3172 2558 ingressam
3210 2489 3415 2559 fuisse;

1834 2583 2082 2642 cgen'em
2110 2585 2514 2641 superventura
2548 2576 2649 2632 sibi
2678 2577 2748 2633 ob
2765 2579 3068 2646 jussioncm
3103 2581 3232 2639 Jcsu
3270 2593 3416 2641 stre-

1836 2665 2040 2720 unitate
2075 2673 2128 2720 et
2157 2667 2341 2736 vigore
2381 2667 2448 2723 ad
2481 2671 2790 2724 exeundum
2819 2687 2850 2727 e
2881 2675 3418 2743 menumento.Quo-

1834 2756 1979 2811 circa
2013 2769 2301 2828 postquam
2348 2759 2495 2816 Patri
2535 2763 2749 2831 gratias
2782 2763 3007 2834 egisset,
3049 2781 3184 2822 voce
3219 2783 3414 2838 magna

1834 2847 2118 2916 clamavit,
2148 2851 2315 2906 robur
2357 2851 2679 2922 impositura
2708 2854 2762 2910 in
2800 2854 3028 2921 Lazaro,
3058 2872 3255 2926 magna
3285 2873 3419 2916 voce

1833 2954 1970 3008 opus
2001 2941 2257 3008 habente,
2295 2942 2422 3012 quia
2459 2946 2698 3000 nondum
2723 2946 2976 3001 acumine
2996 2949 3256 3018 praeditus
3271 2963 3417 3006 esset

1834 3031 2089 3086 audiendi
2118 3031 2419 3090 clamorem
2461 3035 2782 3092 invitantem
2816 3051 2876 3094 se
2906 3047 3066 3094 extra
3093 3055 3414 3096 monumen-

1834 3128 1968 3173 tum.
1995 3121 2172 3190 Atque
2203 3121 2309 3178 hoc
2343 3139 2474 3180 sane
2504 3142 2641 3196 opus
2673 3128 2892 3199 dignum
2917 3127 3047 3186 Jesu
3073 3145 3194 3187 esse
3225 3131 3415 3190 dicen-

1833 3209 1960 3264 dum
1990 3222 2096 3278 est,
2135 3224 2192 3266 ut
2229 3230 2338 3268 non
2360 3215 2532 3271 solum
2565 3233 2664 3288 pro
2697 3220 2893 3275 mortui
2920 3222 3026 3276 vita
3053 3232 3194 3288 oret,
3224 3238 3412 3280 verum

1830 3301 1997 3356 etiam
2037 3303 2090 3357 in
2120 3304 2215 3358 illo
2243 3303 2478 3372 insonet,
2509 3318 2774 3379 vocetque
2805 3309 2954 3364 illum
2980 3309 3033 3366 in
3059 3325 3416 3371 monumento

1829 3395 2182 3448 exsistentem
2217 3403 2274 3450 et
2306 3395 2359 3450 in
2393 3397 2674 3467 spelunca,
2702 3400 2769 3454 ad
2817 3402 3192 3472 prodeundum
3241 3406 3414 3468 foras.

1832 3484 1940 3540 Sed
1972 3495 2222 3542 notemus
2253 3503 2475 3547 necesse
2499 3501 2584 3546 est
2617 3491 2826 3560 aliquos
2848 3496 3145 3552 etiamnum
3174 3497 3416 3558 Lazaro:

1829 3591 1974 3644 esse,
2004 3580 2095 3650 qui
2134 3589 2257 3650 post
2294 3591 2638 3638 contractam
2678 3599 2802 3637 cum
2834 3583 2964 3640 Jcsu
2999 3587 3296 3642 amicitiam
3325 3591 3410 3644 in-

1833 3667 2030 3723 firmati
2063 3679 2193 3724 sunt
2225 3679 2280 3725 et
2319 3673 2574 3742 periere:
2613 3673 2704 3740 qui
2754 3674 2919 3728 etiam
2973 3677 3027 3729 in
3063 3689 3414 3735 monumento

1827 3771 1880 3816 et
1909 3761 1961 3815 in
1995 3772 2336 3818 mortuorum
2373 3764 2494 3820 loco
2518 3776 2841 3821 manserunt
2862 3783 2985 3822 cum
3013 3770 3242 3825 mortuis
3267 3787 3414 3826 mor-

1827 3855 1928 3919 tui,
1959 3862 2015 3908 et
2053 3863 2240 3923 postea
2271 3858 2525 3912 oratione
2552 3855 2704 3927 ’03",
2731 3861 2822 3930 qni
2857 3860 2978 3916 illos
3006 3876 3036 3916 e
3061 3873 3413 3921 monumento

1826 3943 1894 3997 ad
1925 3946 2300 4013 prodeundum
2328 3947 2478 4005 foras
2507 3965 2638 4005 voce
2669 3968 2766 4007 sua
2814 3967 3006 4023 magna
3043 3955 3276 4022 vocarit,
3329 3957 3411 4010 vi-

1833 4033 2075 4104 vificati;
2108 4039 2193 4093 cu'i
2239 4040 2332 4109 qui
2380 4051 2556 4112 paret,
2586 4045 2887 4112 egreditur,
2918 4046 3150 4103 vinculis
3178 4051 3411 4104 mortifi-

1833 4127 2054 4183 catione
2105 4128 2288 4201 dignis
2322 4131 2394 4187 oh
2442 4134 2623 4204 priora
2655 4146 2876 4206 peccata
2909 4138 3316 4208 circumdatus;
3354 4152 3414 4196 et

1833 4219 2025 4276 faciem
2049 4224 2344 4280 etianmmu
2377 4227 2690 4284 obvinctam
2722 4229 2955 4295 habens,
2979 4247 3156 4300 neque
3196 4235 3408 4299 videns,

1833 4327 2008 4384 neque
2041 4317 2324 4376 ambulare
2354 4318 2762 4391 valens,neque
2783 4321 2987 4390 aliquid
3027 4325 3245 4394 operari
3281 4340 3411 4394 pro-

231 4493 514 4570 (Ἡλιιιοιη
569 4495 741 4550 codex
789 4494 1012 4567 Regius,
1037 4495 1213 4560 οὕτως
1267 4499 1425 4570 ὄχλος
1454 4499 1722 4570 θαυμάσοι

1835 4498 2158 4570 fetenteme
2181 4505 2554 4570 Amouumento
2596 4494 2926 4570 auctoritate
2965 4501 3328 4570 evocaverat,_
3349 4504 3406 4570 et

166 4563 296 4618 οὕτω
321 4563 581 4632 δυσώδης.

233 4633 330 4703 (75)
354 4633 478 4702 Χρὴ
504 4633 572 4687 δὲ
600 4634 841 4698 ειδέναι,
873 4633 961 4688 ὅτι
986 4636 1108 4689 εισι
1131 4653 1292 4702 τινες
1323 4638 1425 4693 καὶ
1454 4635 1572 4691 νῦν
1601 4637 1721 4692 Λά-

168 4702 818 4778 ᾷιροιζοιςἉΕιιςξοιιιίμε
849 4703 1219 4778 Antiochensis
1251 4706 1328 4760 De
1377 4708 1727 4778 ἀκροθινίων·

175 4775 252 4826 tfm
271 4788 286 4826 :
305 4773 434 4846 Περί
458 4773 514 4826 δὲ
545 4773 638 4846 τοῦ
661 4773 910 4845 Λαζάρου
937 4774 1166 4846 γράφων
1191 4775 1407 4844 (nempe
1437 4773 1718 4846 Origenes,

169 4848 240 4902 sic
262 4844 390 4915 enim
420 4843 734 4915 legendan
763 4843 888 4906 non,
946 4843 1004 4915 ut
1038 4843 1292 4915 Allatius,
1345 4843 1564 4915 γράφω)
1595 4843 1720 4900 ἀντὶ

171 4915 254 4970 τοῦ
280 4912 494 4980 δοξάσαι
515 4913 616 5018 την
641 4912 738 4968 τοῦ
773 4913 1009 4995 Χριστοῦ
1053 4912 1480 5035 argemonia»),
1507 4912 1604 4969 καὶ
1635 4917 1726 4969 διὰ

171 4985 344 5035 τούτων
375 4985 653 5035 ἀποδεῖ-αι
685 4999 894 5035 σαωως.
928 4984 1008 5035 ὅτι
1099 5001 1124 5035 ε
1157 4999 1186 5035 c
1237 4984 1385 5035 ἐστιν
1411 4986 1440 5035 6
1473 4983 1563 5035 τὸν
1595 4984 1726 5035 ὀδω-

1099 5001 1124 5036 ε

169 4985 344 5040 τούτων
375 4983 653 5050 ἀποδεῖξαι
679 4983 894 5054 σαφῶς,
928 4984 1008 5054 ὅτι
1053 4983 1186 5054 Θεός
1237 4983 1385 5054 ἐστιν
1411 4986 1440 5037 6
1473 4983 1563 5037 τὸν
1595 4984 1729 5038 ὀδω-

169 5056 282 5110 δότα
306 5056 494 5126 νεκρὺν
523 5056 589 5106 ὲκ
633 5052 1076 5126 τῶννμνημάτων
1107 5052 1326 5126 ἐξουσία
1368 5055 1728 5126 μεταπεμψά-

177 5122 544 5196 twoc.xh\_1:ﬁ
573 5122 670 5196 τοῦ
691 5122 948 5196 ῥήματος
967 5123 1159 5192 ἀφέσει
1191 5123 1262 5196 τά
1289 5122 1596 5196 διῳδηκάτα
1617 5122 1728 5196 σώς-

178 5192 300 5265 pm
327 5192 594 5265 ψυχάσᾶς,
619 5192 788 5248 οὐδὲν
806 5193 903 5263 μὲν
926 5192 1090 5265 ἕνεκα
1113 5192 1310 5265 τούτου
1347 5192 1518 5262 λέγει,
1550 5195 1726 5259 Λάζα-

178 5262 260 5336 ρον
293 5262 350 5319 δέ
393 5262 483 5319 τὸν
533 5265 628 5336 τοῦ
687 5262 892 5336 Κυρίου
940 5262 1116 5336 φίλον,
1159 5262 1219 5336 δν
1259 5263 1361 5317 οὐκ
1415 5265 1724 5336 ἀπεικότως

175 5331 344 5422 ἠγάπα⁹
374 5336 440 5388 δι’
475 5335 695 5422 ἀρετὴν,
729 5331 818 5422 ἐἷς
844 5333 936 5388 τὸν
965 5331 1298 5422 ἀσθενοῦντα
1339 5336 1433 5422 καὶ
1453 5335 1728 5422 τεθνεῶτα

175 5407 275 5476 ταῖς
322 5403 943 5476 ἀμαρτίαέςάνήγαγεν.
981 5403 1170 5476 Οθδεὶς
1305 5405 1463 5476 κατά
1499 5405 1597 5476 τοῦ
1645 5405 1724 5458 δι-

176 5475 308 5527 καίου
332 5470 502 5530 ταῦτα
530 5470 702 5537 εἶπεν,
729 5470 850 5545 οῦτῗ
887 5472 1126 5545 ἔγραψεν
1146 5489 1161 5504 ⁸
1204 5473 1269 5526 οὐ
1297 5474 1408 5545 γὰρ
1435 5474 1504 5545 ἂν
1543 5474 1718 5539 οὕτως

175 5545 381 5616 ἀκρίτως
408 5546 664 5616 ἔστεργεν
701 5547 732 5599 6
766 5544 967 5616 Κύριος
1013 5543 1196 5608 αὐτὸν,
1227 5545 1278 5596 εἰ
1311 5543 1385 5615 μῆ

177 5613 347 5680 ἐξῆπτο
371 5613 662 5680 πολιτείας·
707 5633 726 5667 ι
767 5614 838 5668 De
856 5613 1079 5668 Lazaro
1101 5624 1276 5668 autem
1305 5613 1572 5675 scribens,
1590 5631 1712 5668 ctnn

177 5682 429 5740 debuisset
458 5687 662 5740 Christi
696 5687 886 5753 ingens
911 5699 1048 5752 epus
1093 5682 1481 5752 magnifacere,
1514 5683 1714 5750 illoque

179 5754 328 5824 palam
359 5756 733 5814 demonstrare
767 5757 936 5812 Deum
959 5769 1104 5823 esse,
1142 5754 1234 5825 qui
1284 5762 1553 5810 mortuum
1596 5753 1726 5824 jam.

1425 5544 1715 5608 θεσπεσίας
1739 5575 1746 5580 ·

1829 4567 1981 4624 verbi
2007 4566 2306 4620 emissione
2331 4577 2557 4634 corpora
2599 4564 2889 4634 tumefacta
2921 4563 3279 4623 animaverat.
3316 4566 3404 4620 his

1829 4637 2086 4694 omnibus
2111 4634 2329 4689 silentio
2374 4633 2653 4698 involutis,
2717 4633 2982 4686 Lazarum
3028 4635 3260 4686 amicum
3298 4634 3406 4690 Do-

1831 4709 1985 4770 tnini,
2015 4719 2316 4774 quamnon
2347 4705 2446 4757 abs
2479 4718 2535 4756 re
2568 4712 2788 4772 propter
2819 4703 3075 4758 virtutem
3117 4704 3399 4772 diligebat,

1831 4779 1882 4832 in
1914 4771 2150 4847 peccatis
2183 4771 2522 4847 laborantem
2551 4771 2604 4827 et
2630 4782 2900 4847 mortuum
2937 4771 3239 4847 transtulit.
3273 4775 3404 4841 ρυω

1833 4841 1996 4903 nemo
2020 4841 2258 4910 dejustu
2282 4850 2374 4895 aut
2413 4842 2573 4903 dixit,
2619 4851 2709 4894 aut
2741 4843 2882 4913 dicta
2927 4843 3144 4913 scriptis
3179 4848 3404 4898 manda-

1831 4920 1932 4972 vit.
1968 4915 2152 4983 Neque
2193 4913 2342 4983 enim
2374 4925 2496 4983 eum
2543 4921 2650 4965 tam
2689 4912 2865 4966 valido
2898 4912 3087 4968 amore
3143 4915 3405 4972 Dominus

1834 4981 2156 5056 prosecutus
2181 4981 2397 5056 fuisset,
2430 4981 2534 5056 nisi
2586 4983 2708 5036 vita:
2735 4983 2873 5037 ratio
2901 4999 3066 5054 quam
3109 4988 3404 5054 profiteba-

1835 5049 1940 5121 tur,
1970 5056 2157 5108 divina
2189 5052 2398 5125 fuisset.
2440 5071 2457 5103 ι
2493 5049 2550 5104 In
2582 5068 2872 5125 quosane.
2901 5049 2955 5108 nt
2985 5049 3126 5125 διιερὸ
3169 5056 3220 5109 in
3253 5057 3398 5125 aliis,

1831 5125 2116 5207 ()rigenem
2152 5124 2428 5207 immerito
2457 5125 2632 5191 carpit
2657 5123 3010 5207 Ahlustatltius;
3049 5123 3171 5207 nam
3211 5123 3404 5207 quamf

1832 5198 1915 5251 vis
1937 5194 2149 5250 Lazaro
2179 5195 2452 5266 hominem
2484 5195 2721 5266 peccatis
2740 5193 3076 5249 laborantem
3103 5193 3399 5265 signiﬁcari

1832 5268 2100 5328 docuerit,
2132 5279 2238 5320 non
2275 5264 2398 5320 ideo
2426 5263 2694 5318 Lazarum
2734 5269 2970 5333 peccatis
2996 5263 3270 5321 laborasse
3305 5284 3399 5322 vo-

1832 5336 1922 5390 luit
1957 5353 1973 5391 :
2010 5337 2460 5405 quemadmodum
2497 5337 2588 5404 qui
2620 5347 2925 5403 serpentem
2950 5351 3156 5390 wneum
3187 5338 3237 5390 in
3275 5339 3401 5392 snli-

1833 5404 2076 5460 tndinea
2108 5404 2288 5475 Moyse
2315 5406 2574 5460 lsraelitis
2603 5407 3397 5474 prepositnm,dixeritChristi

1828 5487 2010 5546 typum
2045 5477 2249 5546 fuisse,
2279 5490 2384 5528 non
2418 5477 2618 5530 idcirco
2657 5485 2964 5545 serpentem
2993 5492 3202 5533 ameum
3237 5479 3396 5536 Chri-

1824 5544 1966 5620 stum
2001 5544 2416 5620 fuisse_dixerit.
2471 5547 2646 5616 Atque
2680 5544 2794 5602 haéc
2833 5547 2886 5601 in
2923 5546 3258 5620 Origem'anis
3294 5569 3396 5608 cx-
3495 5553 3501 5559 ’

1823 5617 2147 5686 penduntur.
2175 5612 2434 5686 "UETIPS.

1895 5687 2009 5759 (76)
2042 5687 2221 5744 Codex
2257 5680 2475 5756 Regius,
2506 5690 2664 5756 male,
2709 5691 2935 5764 μήποτε.
