3924 6196
197 229 361 290 ῦῡτ
1271 235 1634 292 COMMENT.
1677 233 1744 290 IN
1783 233 1983 294 JOAN.
2023 235 2261 294 TOMUS
2303 239 2536 296 XXVIII.
2894 298 2898 303 ,
3445 242 3547 298 698

209 357 346 413 καὶ
401 356 509 421 τὰς
544 361 772 432 χεῖρας,
826 359 917 412 καὶ
954 356 1220 428 ἀποθῆται
1266 357 1326 410 τὸ
1371 357 1720 428 ἐπικείμενον

1994 360 2252 426 nauibus,
2285 375 2349 414 ac
2387 357 2638 429 deposuit
2673 359 2814 429 quod
2846 359 3156 428 impositum
3197 356 3362 428 379
3388 357 3541 410 faciei

211 449 346 504 τοῦ
395 453 472 521 τῇ
502 451 624 520 ὄψει
654 451 914 521 κάλυμμα
944 450 1258 522 ἀφαιρεθὲν,
1285 450 1578 522 πορεύεται
1608 449 1760 502 τοιαύ

1990 467 2078 507 .ua:
2106 452 2500 521 operimentum
2525 453 2722 518 fuerat,
2742 453 2977 506 instituit
3004 453 3106 506 iter
3136 451 3261 515 tale,
3290 460 3349 504 nt
3377 450 3539 503 etiam

211 541 522 614 πορείαν,
545 541 686 598 ὥστε
713 543 915 612 φθάσαι
935 542 1097 596 αὑτὸν
1125 542 1218 596 ἐπὶ
1245 543 1309 595 τὸ
1336 541 1432 596 ἕνα
1456 544 1551 597 καὶ
1579 541 1739 596 αὑτὸν

1990 559 2082 612 pse
2098 559 2162 598 eo
2181 543 2492 613 perveniat.
2521 552 2581 599 ut
2597 543 2668 600 sit
2689 559 2832 600 unus
2855 558 2920 599 ex
2944 541 3391 598 accumbentibus
3417 557 3539 597 cum

211 633 454 691 νέσϐαι
481 635 594 689 τῶν
619 635 1090 707 συνανακειμένων
1119 634 1196 706 τῷ
1238 634 1432 706 Ἰησοῦ.
1961 633 2106 690 Jcsu.

197 767 208 774 .
313 726 394 782 7-
419 726 583 781 Μετὰ
602 727 760 781 τοῦτο
783 726 873 782 διὰ
901 726 962 780 τό
985 743 999 757 ·
1040 743 1060 779 ι
1104 725 1360 798 Ἐξῆλθεν
1385 728 1413 780 ὁ
1437 727 1734 799 τεθνηκὼς,

2034 727 2085 779 7.
2116 726 2236 782 .lam
2274 738 2496 798 propter
2521 727 2694 783 illud:
2732 745 2751 779 ι
2777 725 2990 782 Prodiit
3021 727 3117 798 qui
3148 737 3392 782 mortuus
3423 727 3537 780 fue-

207 816 497 890 δεμένος
528 820 656 882 τοὺς
697 819 866 884 πόδας
911 819 1137 882 καὶτὰς
1178 822 1368 891 χεῖρας
1409 820 1670 892 κειρίαις,
1715 838 1733 871 ι

1985 819 2292 886 'at,vinctos
2305 821 2512 877 habens
2527 821 2692 891 pedes
2705 830 2760 874 et
2778 835 2968 876 manus
2985 820 3170 877 fasciis
3189 819 3502 880 funereis".
3515 839 3534 872 ι

211 910 446 975 ’κτέον,
480 912 562 966 ὅτι
583 911 818 982 διαφορά
851 913 969 965 ἐστι
999 912 1095 966 καὶ
1126 910 1235 968 τῶν
1279 911 1576 982 δεδεμένων
1607 915 1733 977 τοὺς

1997 911 2248 977 icendum
2295 921 2380 968 est
2417 911 2786 972 ditl’erentiam
2829 927 2951 969 esse
2984 913 3128 969 inter
3157 929 3254 969 eos
3286 915 3377 984 qui
3423 915 3540 968 viu-

195 1002 348 1067 -δας
385 1005 492 1057 καὶ
520 1004 619 1067 τὰς
645 1005 864 1076 χεῖρας·
903 1004 999 1059 καὶ
1027 1004 1089 1058 οὐ
1112 1003 1305 1058 ταύτόν
1336 1005 1454 1058 ἐστι
1488 1003 1598 1075 (82)
1623 1005 1723 1076 τὴν

1993 1013 2076 1060 tos
2097 1005 2297 1060 habent
2313 1004 2479 1076 pedes
2508 1015 2565 1060 et
2599 1020 2826 1072 manus;
2867 1018 2967 1060 nec
2993 1005 3136 1062 idem
3161 1021 3284 1062 esse
3309 1007 3541 1074 cmpisse

220 1093 352 1166 χὴν
377 1093 484 1149 τοῦ
509 1093 753 1150 δεδέσθαι
781 1095 848 1148 ἐκ
872 1093 967 1148 τοῦ
997 1094 1364 1154 νενεκρῶσθαι
1395 1093 1697 1164 εἰληφέναι,
1717 1092 1769 1146 ὧι

1991 1095 2118 1165 lgari
2173 1097 2244 1152 ob
2291 1096 2769 1152 mortificationem
2822 1096 2990 1168 (nunc
3047 1111 3286 1167 namque
3336 1097 3540 1168 κειρίαι

225 1187 348 1240 καὶ
377 1188 515 1250 τοὺς
533 1187 770 1257 δεσμοὺς
791 1185 1149 1259 ἐπιφέρεσθαι
1176 1186 1236 1240 τὸ
1267 1186 1437 1256 ὄνομα
1469 1187 1570 1258 τῆς
1598 1187 1774 1259 νεκρόπ

1991 1185 2168 1239 incula
2211 1198 2540 1242 mortuorum
2573 1187 2929 1257 significant),
2983 1197 3041 1245 et
3095 1189 3319 1260 ligatum
3369 1188 3537 1243 fuisse

219 1299 342 1346 τος
381 1279 510 1346 (νῦν
541 1279 650 1354 γάρ
679 1282 737 1335 αἰ
784 1281 986 1353 κειρίαι
1012 1281 1221 1353 νεκρῶν
1247 1282 1353 1335 εἰσι
1381 1279 1624 1350 δεσμοὶ),
1665 1279 1744 1350 τῷ

1990 1279 2164 1334 udieio
2199 1280 2437 1345 Domini,
2480 1281 2573 1350 qui
2627 1281 2912 1352 ingressus
2956 1291 3019 1336 ut
3057 1281 3268 1337 videret
3323 1297 3539 1336 accum-

211 1372 454 1427 .δέσθαι
478 1372 589 1442 (83)
615 1371 798 1443 κρίσει
829 1373 1038 1442 Κυρίου
1076 1371 1355 1442 γενέσθαι,
1382 1371 1480 1425 τοῦ
1517 1371 1760 1426 εἰσελθόν

1989 1382 2180 1438 lentes,
2209 1387 2336 1428 cum
2370 1373 2597 1429 vidisset
2629 1375 3060 1430 ncn'babentem
3092 1385 3300 1430 vestem
3327 1375 3538 1442 nuptia-

225 1465 568 1520 θεάσασθαι
586 1466 714 1529 τοὺς
729 1466 1142 1536 ἀνακειμένους,
1160 1463 1255 1518 καὶ
1283 1463 1486 1528 εἰδότος
1517 1465 1607 1518 τὸν
1625 1463 1698 1536 μὴ
1713 1465 1774 1518 ἐν

1988 1479 2088 1529 em,
2117 1466 2186 1518 de
2217 1479 2285 1520 eo
2312 1464 2488 1521 dixit:
2530 1484 2549 1519 ι
2587 1465 2800 1538 Ligatis
2837 1466 3234 1536 illiuspedibns
3267 1477 3322 1521 et
3364 1465 3537 1520 mani-

129 1597 141 1602 -
218 1557 299 1612 δυ
309 1557 489 1628 μένον
515 1557 720 1629 ἔνδυμα
743 1557 946 1628 γάμου,
966 1556 1062 1610 καὶ
1078 1554 1209 1626 περὶ
1227 1553 1392 1608 αὐτοῦ
1419 1555 1678 1619 εἰπόντος·

1986 1571 2078 1620 ms,
2110 1555 2293 1625 ejicite
2311 1571 2434 1610 eum
2458 1559 2512 1611 in
2539 1559 2796 1613 tenebras
2827 1557 3131 1613 exteriores
3155 1557 3256 1614 ⁸³.»
3313 1556 3535 1628 Insuper

225 1667 456 1714 σαντες
483 1650 648 1704 αὐτοῦ
682 1650 852 1714 πόδας
881 1649 977 1703 καὶ
1002 1652 1190 1720 χεῖρας
1222 1647 1482 1702 ἐκϐάλετε
1502 1648 1666 1701 αὐτὸν
1693 1650 1774 1710 είς

1980 1659 2059 1700 Ioc
2089 1645 2140 1698 in
2177 1645 2300 1700 loco
2332 1656 2417 1701 est
2451 1647 2699 1702 nonnihil
2747 1648 2892 1718 quod
2937 1657 3095 1717 egeat
3134 1647 3529 1717 inquisitione;

227 1713 454 1804 σκότος
483 1741 546 1794 τὺ
578 1740 866 1811 ἐξώτερον.
908 1760 927 1791 ι
970 1713 1125 1794 ’ἐστι
1163 1713 1221 1792 δέ
1263 1757 1315 1792 τι
1363 1740 1421 1792 ἐν
1451 1738 1529 1809 τῷ
1561 1737 1710 1809 τόπῳ
1732 1739 1776 1792 δε

1980 1751 2147 1806 nempe
2165 1737 2289 1791 dum
2305 1737 2504 1792 dicitur
2520 1737 2713 1794 Lazari
2736 1757 2756 1790 ι
2782 1739 2974 1794 faciem
2991 1739 3210 1794 sudario
3223 1739 3529 1794 obvinctam

231 1848 426 1901 μενον
459 1831 808 1902 διακρίσεως,
823 1832 882 1884 ἐν
897 1829 974 1901 τῷ
995 1848 1008 1862 ·
1051 1850 1070 1882 ι
1107 1833 1216 1884 Καὶ
1245 1832 1278 1900 ἡ
1304 1829 1426 1899 ὄψις
1457 1827 1623 1882 αὑτοῦ
1659 1828 1780 1882 σουδ

1980 1827 2118 1882 uisse
2137 1828 2228 1893 ⁸⁸⁸,
2257 1847 2276 1880 ι
2305 1837 2360 1884 et
2393 1829 2636 1884 velamen
2657 1831 2966 1900 impositum
2997 1830 3152 1886 faciei
3169 1831 3529 1904 Moysis,cum

225 1922 348 1993 ρίῳ
386 1922 746 1994 περιεδέδετο,
773 1941 793 1974 ι
820 1923 912 1977 καὶ
943 1923 1001 1977 ἐν
1034 1923 1111 1992 τῷ
1141 1922 1402 1992 κάλυμμα
1434 1921 1741 1975 ἐπικεῖσθαι
1770 1942 1774 1956 ι

1977 1919 2206 1988 Iopttlttm
2231 1921 2602 1990 alloqueretur
2619 1923 2688 1978 ⁸³.
2721 1921 3036 1993 Impositum
3061 1938 3296 1994 namque
3334 1921 3526 1977 Lazari

226 2012 538 2086 προσώπῳ
565 2013 829 2078 Μωσέως,
885 2013 1048 2085 ἡνίκα
1075 2011 1255 2068 ἐλάλει
1278 2011 1357 2082 τῷ
1381 2011 1520 2082 λαίξν
1541 2012 1602 2064 τὸ
1630 2012 1775 2082 μὲνγ

1975 2012 2108 2067 aciei
2141 2014 2422 2068 sudarium
2444 2017 2660 2085 tegebat
2689 2014 2838 2070 illius
2873 2017 3226 2071 mortificatas
3250 2016 3524 2080 visiones;

225 2103 603 2176 ἐπικείμενον
633 2107 700 2176 τῇ
739 2104 860 2174 ὕψει
906 2103 1002 2156 τοῦ
1037 2101 1294 2172 Λαζάρου
1331 2100 1615 2172 σουδάριον
1656 2099 1774 2153 ἐκάῖ

1987 2113 2006 2159 ι
2039 2119 2170 2160 vero
2201 2103 2403 2177 Moysis
2420 2107 2664 2162 velamen
2688 2123 2786 2178 per
2813 2108 3172 2162 mconomiam
3196 2107 3352 2162 faciei
3383 2107 3529 2162 illius

229 2211 386 2248 πτεν
441 2195 606 2248 αὐτοῦ
650 2193 1065 2266 νενεκρωμένας
1109 2193 1211 2258 τὰς
1242 2193 1462 2265 ὁράσεις
1483 2209 1497 2224 σ
1533 2193 1594 2245 τὸ
1630 2191 1687 2245 δὲ
1717 2193 1778 2246 Mi

1978 2197 2263 2266 mpositum
2289 2206 2431 2263 erat,
2458 2199 2528 2254 ob
2562 2199 2685 2254 illos
2717 2213 2780 2252 ex
2811 2198 3008 2268 popqu
3040 2200 3130 2268 qui
3159 2198 3383 2268 gloriam
3413 2197 3527 2251 vul-

233 2285 393 2349 σέως
423 2287 688 2357 κάλυμμα
719 2287 839 2340 κατ’
872 2285 1186 2357 οἰκονομίαν
1222 2281 1292 2358 ἦν
1325 2284 1404 2357 τῷ
1441 2283 1720 2357 προσώπῳ
1754 2303 1782 2338 α

1978 2304 2037 2344 us
2074 2288 2195 2360 ejus
2231 2289 2432 2346 intueri
2465 2304 2576 2344 non
2630 2298 2903 2360 poterant.
2964 2288 3071 2344 Sed
3115 2304 3328 2359 quaeres
3364 2288 3430 2343 de
3462 2302 3527 2342 eo

231 2377 342 2431 τοῦ
389 2378 778 2450 περικείμενον
815 2377 904 2432 διὰ
948 2380 1077 2442 τοὺς
1131 2379 1206 2450 μὴ
1249 2377 1562 2449 χωροῦντας
1606 2377 1714 2430 άπὸ
1753 2395 1780 2430 τ

1977 2379 2042 2449 lui
2069 2394 2175 2433 non
2209 2378 2433 2432 indutus
2469 2387 2588 2432 erat
2614 2389 2764 2433 veste
2793 2379 3045 2450 nuptiali,
3078 2379 3144 2434 de
3184 2395 3292 2449 quo
3323 2379 3526 2433 dictum

229 2467 378 2521 λαοῦ
409 2471 605 2542 ἐνορᾷν
635 2473 700 2542 τῇ
720 2470 853 2544 δόξῃ
885 2469 1074 2524 αὑτοῦ.
1108 2471 1376 2542 Ζητήσεις
1403 2470 1460 2522 δὲ
1491 2469 1619 2540 περὶ
1651 2468 1745 2522 τοῦ
1773 2488 1778 2540 ι

1977 2479 2030 2522 :st
2066 2485 2082 2523 :
2123 2489 2140 2521 ι
2177 2467 2382 2536 Ligatis
2411 2468 2554 2522 illius
2576 2469 2825 2524 manibus
2852 2479 2904 2523 et
2933 2469 3178 2539 pedibus,
3201 2469 3380 2539 ejicite
3404 2483 3526 2523 eum

231 2559 602 2630 ἐνδεδυμένου
638 2561 751 2631 (84)
803 2561 1008 2633 ἔνδυμα
1047 2562 1260 2632 γάμου,
1304 2562 1436 2631 περί
1486 2555 1546 2615 οὗ
1593 2560 1780 2632 εἴρητο

1980 2575 2003 2612 ιι
2047 2557 2300 2612 tenebras
2339 2557 2641 2614 exteriores
2665 2558 2733 2624 “,
2763 2577 2783 2610 ι
2816 2567 2998 2613 utrum
3025 2571 3283 2628 perpetuo
3313 2567 3529 2613 maneat

239 2669 262 2703 α
308 2653 586 2723 Δήσαντες
611 2653 775 2708 αὑτὸν
810 2653 988 2706 ποδῶν
1017 2655 1111 2707 καὶ
1132 2653 1354 2724 χειρῶν,
1389 2653 1648 2708 ἐκϐάλετε
1686 2655 1788 2708 αὐτ

1985 2651 2188 2716 inctns,
2218 2660 2274 2707 et
2311 2651 2364 2706 in
2398 2650 2640 2706 tenebris
2674 2651 3044 2706 exterioribus
3075 2654 3210 2722 (non
3255 2649 3400 2705 cnim
3431 2649 3528 2704 ad-

237 2745 326 2806 εἰς
375 2743 440 2795 τὸ
488 2743 680 2808 σκότος
727 2745 791 2798 τὸ
828 2743 1128 2816 ἐξώτερον,
1172 2763 1192 2797 ι
1247 2745 1477 2818 πότερον
1521 2747 1697 2800 εἰσαεὶ
1751 2763 1786 2817 μ

1975 2742 2097 2796 Ιίιιιι·
2128 2740 2452 2798 vocabulum
2483 2741 2611 2796 illud
2640 2781 2656 2806 ,
2693 2759 2714 2794 ι
2757 2743 2811 2796 in
2863 2741 3142 2808 saeculum,
3171 2760 3190 2802 ρ
3245 2740 3374 2804 vel,
3418 2759 3437 2792 ι
3471 2740 3524 2794 in

239 2852 328 2888 νει
366 2835 478 2906 (85)
522 2835 806 2906 δεδεμένος
827 2875 842 2900 ,
882 2836 980 2890 καὶ
1017 2838 1077 2890 ἐν
1126 2835 1206 2907 τῷ
1238 2836 1489 2910 ἐξωτέρῳ
1546 2838 1723 2910 σκότῳ
1763 2837 1788 2907 (ι

1976 2839 2146 2896 a-cula
2174 2839 2244 2910 ι),
2283 2855 2352 2894 an
2388 2837 2680 2909 aliquando
2733 2835 3029 2892 solvendus
3073 2834 3186 2899 sit;
3239 2847 3346 2888 non
3378 2831 3525 2886 enim

244 2927 364 2998 γὰρ
401 2927 718 2999 πρόσκειται
747 2929 807 2982 τὸ
827 2969 844 2994 ,
877 2947 896 2980 ι
930 2930 1011 2991 εἰς
1030 2928 1122 2982 τὸν
1146 2928 1322 2982 αἰῶνα
1345 2969 1360 2993 ,
1404 2948 1423 2982 ι
1456 2929 1522 2999 ἢ,
1564 2949 1584 2981 ι
1614 2931 1695 2994 εἰς
1719 2932 1793 2984 toi

1972 2941 2176 3001 Ipparet
2213 2947 2278 2986 ex
2330 2932 2414 2986 his
2469 2946 2590 3000 qua:
2633 2928 2701 2984 de
2757 2927 2874 2997 ipso
2927 2927 3207 2988 dicuntur,
3258 2924 3521 2992 scriptum

248 3017 520 3088 αἰῶνας),
558 3037 576 3068 ι
614 3018 646 3089 ἢ
678 3018 973 3090 λυθήσεταί
998 3036 1131 3073 ποτε
1151 3035 1165 3050 ο
1192 3019 1254 3072 οὐ
1283 3019 1392 3091 γὰρ
1423 3021 1744 3090 ἐμφαίνεται
1779 3023 1797 3074 ἑ

1973 3018 2120 3074 uisse
2149 3019 2218 3072 de
2253 3018 2435 3073 futura
2465 3021 2582 3088 ejus
2614 3017 2982 3083 liberatione;
3039 3030 3139 3071 nec
3183 3015 3314 3069 mihi
3347 3021 3522 3067 tutum

249 3108 352 3177 τῆς
381 3109 510 3180 περὶ
542 3109 708 3162 αὐτοῦ
737 3109 935 3174 λέξεως
970 3109 1038 3164 τά
1071 3109 1202 3179 περὶ
1226 3109 1547 3175 ἀπολύσεως
1573 3111 1798 3184 ἐσομένη

1979 3124 2072 3165 sse
2099 3110 2317 3166 videtur
2341 3109 2410 3165 de
2432 3110 2615 3180 aliquo
2643 3109 3002 3180 pronuntiare
3043 3107 3187 3179 quod
3241 3113 3525 3160 assecutus

255 3201 617 3272 γεγραμμένα
647 3203 776 3273 περί
799 3200 996 3256 αὐτοῦ·
1027 3201 1088 3255 ού
1118 3202 1344 3256 δοκείδέ
1373 3220 1463 3274 μοι
1493 3204 1734 3272 ἀσφαλὲς
1765 3201 1804 3258 ei

1970 3221 2053 3260 ιοιι
2091 3205 2282 3268 fueris,
2323 3207 2626 3276 praesertim
2661 3221 2786 3261 cum
2835 3203 3038 3259 litteris
3084 3218 3189 3257 non
3227 3203 3300 3256 sit
3339 3199 3388 3254 id
3420 3216 3519 3254 cx-

256 3307 345 3346 ναι
380 3293 453 3362 μὴ
487 3293 860 3347 καταλαϐόντα
891 3293 1198 3359 ὁτιποτοῦν,
1244 3293 1480 3365 μάλιστα
1506 3294 1583 3366 τῷ
1634 3296 1710 3368 μὴ
1749 3314 1805 3366 γε

1975 3311 2212 3356 ressum.
2240 3296 2462 3363 Quaeres
2493 3305 2782 3368 praterea,
2805 3311 2872 3351 eo
2911 3295 3056 3364 quod
3087 3294 3234 3348 dicat
3258 3291 3419 3348 .lcsus
3443 3291 3524 3360 ip-

261 3382 496 3453 γράφθαι
521 3385 650 3456 περὶ
689 3385 854 3439 αὑτοῦ
880 3427 896 3452 ,
927 3387 1328 3459 ἀποφήνασθαι.
1367 3390 1632 3461 Ζητήσεις
1658 3390 1716 3443 δὲ
1753 3390 1810 3443 δι.

1974 3390 2042 3454 is,
2077 3408 2095 3442 ι
2135 3388 2344 3445 Solvite
2370 3405 2519 3454 eum,
2544 3409 2562 3442 ι
2602 3389 2828 3460 quinam
2854 3388 2966 3443 sint
2998 3388 3052 3441 bi
3083 3387 3181 3456 ipsi
3214 3385 3415 3456 quibus
3437 3385 3521 3439 di-

262 3476 350 3530 τόο
384 3495 402 3527 ι
440 3477 602 3546 Λέγει
648 3477 854 3548 Ἰησοῦς
877 3480 1087 3543 αὐτοῖς⁹
1149 3479 1362 3534 Λύσατε
1389 3480 1550 3535 αὐτὸν
1571 3523 1588 3548 ,
1631 3501 1650 3534 ι
1677 3482 1811 3536 τίσιν

1983 3483 2022 3536 it
2039 3499 2052 3535 :
2071 3496 2249 3551 neque
2264 3481 2409 3536 enim
2428 3479 2732 3550 discipulis,
2747 3493 2923 3547 neque
2939 3477 3313 3532 circumstanti
3333 3475 3521 3540 turba,

265 3569 477 3634 αὖτοῖςς
515 3569 638 3623 οὔτε
681 3570 792 3643 γάρ
831 3572 913 3624 ὅτι
951 3571 1220 3642 μαθηταῖς
1247 3572 1684 3644 ἀναγέγραπται,
1727 3573 1814 3626 οὔθ

1976 3588 2006 3628 c
2031 3587 2099 3627 ne
2127 3572 2325 3628 Judaeis
2355 3573 2578 3641 quidem
2607 3571 2700 3639 qui
2731 3585 2854 3626 cum
2886 3568 3057 3622 Maria
3099 3576 3279 3632 erant,
3323 3567 3525 3635 quique

265 3664 344 3718 ὅτι
370 3661 442 3733 τῷ
474 3663 798 3734 περιεστῶτι
822 3663 985 3734 ὄχλῳ,
1011 3663 1127 3716 ἀλλ’
1160 3664 1280 3717 οὐδὲ
1309 3665 1390 3717 ὄτι
1415 3667 1528 3728 τοῖς
1558 3664 1698 3734 μετὰ
1723 3666 1813 3718 Μα

1975 3681 2062 3720 am
2092 3665 2543 3727 consolabantur,
2573 3664 2840 3734 scriptum
2884 3670 2970 3717 est
2997 3676 3121 3716 eum
3164 3661 3394 3725 dixisse;
3429 3659 3523 3714 sed

271 3754 382 3827 ρίας
419 3751 535 3807 οὖσι
577 3754 886 3819 Ἰουδαίοις,
935 3754 1030 3808 καὶ
1071 3753 1589 3826 παραμυθουμένοις
1628 3755 1800 3826 αὐτήν

1977 3766 2175 3812 masse
2203 3756 2403 3825 aliquis
2441 3765 2667 3826 propter
2707 3762 3020 3809 contextum
3051 3753 3232 3808 illum:
3275 3771 3293 3805 ι
3329 3752 3526 3806 Acces-

271 3846 546 3916 ὑπονοῆσαι
589 3846 636 3900 δ’
683 3847 749 3900 ἄν
781 3863 866 3909 τις
912 3845 1002 3898 διὰ
1031 3845 1090 3898 τό
1112 3862 1126 3876 ο
1163 3864 1183 3897 ι
1225 3845 1478 3914 ΙἌγγελοι.
1512 3845 1818 3917 προσῆλθον

1976 3857 2134 3902 crunt
2162 3846 2369 3916 angeli,
2418 3855 2477 3901 et
2523 3843 2917 3899 ministrabant
2965 3843 3013 3898 ei
3043 3843 3151 3908 ⁸⁷,ι
3207 3853 3264 3898 et
3307 3849 3525 3912 propter

273 3937 358 3992 καὶ
375 3937 642 4007 διηκόνουν
662 3936 832 4007 αὐτῷ,
855 3937 950 3990 καὶ
981 3935 1068 3989 διὰ
1095 3935 1197 4008 τὴν
1227 3935 1368 3988 κατὰ
1397 3935 1489 3988 τὸν
1517 3935 1682 3988 τόπον
1710 3936 1822 3988 άνα·

1976 3953 2162 3994 ensum
2215 3937 2576 4008 anagogicum
2629 3935 2792 4007 hujus
2839 3935 2942 3992 loci
3001 3936 3368 4008 suspicabitur
3416 3934 3525 3992 illis

275 4027 459 4098 γωγῆν,
497 4028 579 4080 ὅτι
621 4029 830 4099 μήποτε
870 4025 1146 4090 κάκείνοις
1190 4025 1414 4080 δύναται
1473 4025 1724 4096 εἰρῆσθαι
1756 4026 1824 4080 τό

1979 4031 2106 4085 tiam
2128 4030 2334 4086 dictum
2367 4029 2536 4085 videri
2565 4043 2758 4101 posse:
2794 4046 2814 4081 ι
2845 4026 3053 4084 Solvite
3093 4043 3244 4095 eum,
3272 4035 3327 4084 et
3358 4025 3524 4082 sinite

283 4136 303 4172 ι
332 4118 525 4172 Λύσατε
565 4118 748 4180 αὑτὸν,
792 4119 885 4172 καί
923 4116 1092 4185 ἄφετε
1127 4115 1292 4170 αὑτὸν
1333 4116 1584 4184 ὑπάγειν.
1629 4135 1649 4168 ›
1941 4121 2148 4175 θυῖε-θ.)

341 4209 386 4264 8.
418 4210 532 4264 Ἔτι
565 4207 714 4280 ζητῶ
747 4211 794 4264 εἰ
825 4207 1183 4280 πεπλήρωκεν
1211 4209 1240 4260 ὁ
1269 4206 1470 4278 Ἰησοῦς
1501 4205 1561 4260 τὸ
1586 4206 1840 4278 ἐπιφερό-

2011 4210 2178 4281 380
2195 4210 2252 4267 8.
2289 4210 2478 4266 Adhuc
2511 4225 2700 4282 quaero
2745 4225 2814 4266 an
2868 4210 3180 4280 impleverit
3225 4209 3384 4264 Jesns
3417 4211 3522 4265 hoc

286 4317 420 4374 μενον
444 4300 554 4372 τῷο
591 4320 609 4352 ι
640 4300 888 4372 Λάζαρος
909 4302 938 4354 ό
964 4300 1114 4370 φίλος
1138 4298 1294 4371 ἡμῶν
1321 4297 1665 4371 κεκοίμηται,
1696 4318 1714 4350 ι
1745 4298 1835 4351 τό·

1968 4304 2144 4358 lictum
2178 4321 2193 4358 :
2235 4321 2256 4355 ι
2284 4303 2388 4358 Sed
2417 4303 2576 4367 vado,
2605 4313 2664 4357 ut
2691 4317 2721 4356 a
2759 4317 2956 4358 somno
2992 4301 3228 4357 excitem
3257 4316 3382 4355 eum
3405 4301 3475 4364 ⁸⁸,
3497 4317 3517 4352 ι

292 4412 308 4446 ι
336 4393 470 4450 Ἀλλά
505 4393 824 4465 πορεύομαι,
855 4392 942 4447 ἵνα
976 4391 1246 4457 ἐξυπνίσω
1275 4391 1435 4445 αὐτόν
1456 4411 1470 4423 ·
1498 4410 1516 4442 ι
1570 4391 1834 4462 ἐφίστημι

1968 4394 2080 4464 μιοά
2117 4395 2194 4449 illi
2222 4395 2600 4466 subiungitur:
2635 4411 2658 4446 ο
2683 4393 2926 4448 Lazarus
2956 4391 3165 4446 amicus
3187 4398 3372 4445 noster
3392 4390 3517 4444 dor-

286 4482 363 4540 οὖν
398 4489 595 4556 μήποτε
651 4487 709 4538 ἐν
757 4484 835 4556 τῷ
887 4484 1166 4556 εἰρηκέναι
1205 4484 1369 4538 αὐτὸν
1417 4485 1568 4554 φωνῇ
1612 4483 1830 4555 ’μεγάλῃ

1970 4487 2093 4540 ait.»
2133 4485 2316 4556 Itaque
2347 4485 2580 4555 inspicio
2613 4499 2683 4538 an
2719 4483 2864 4538 forte
2893 4482 3171 4550 expletum
3202 4478 3369 4534 fuerit
3415 4479 3519 4534 hoc

291 4579 642 4650 κραυγάσαντα
661 4594 674 4608 ·
712 4596 730 4627 ι
762 4575 1001 4647 Λάζαρε,
1017 4575 1178 4646 δεῦρο
1201 4575 1306 4642 ἔξω
1325 4591 1343 4609 ο
1377 4595 1396 4628 ι
1429 4576 1462 4645 ἡ
1487 4575 1597 4644 γὰρ
1621 4574 1830 4646 μεγάλη

1967 4577 2184 4631 lictnm:
2227 4596 2247 4629 σ
2282 4577 2459 4640 Vado,
2489 4585 2548 4630 ut
2579 4590 2610 4629 a
2648 4588 2840 4630 somno
2877 4575 3111 4628 excitem
3158 4586 3338 4635 eum,»
3392 4584 3516 4624 cum

293 4663 410 4734 φωνὴ
439 4663 530 4718 καὶ
553 4665 586 4734 ὴ
615 4663 828 4734 κραυγὴ
859 4663 958 4715 οὑκ
983 4661 1049 4716 ἂν
1076 4662 1295 4726 ἀτόπως
1310 4661 1520 4731 λέγοιτο
1550 4662 1836 4728 ὲξυπνικέ-

1972 4680 2099 4721 esus
2130 4680 2266 4721 voce
2304 4680 2500 4735 magna
2533 4666 2782 4720 clamans
2816 4662 2994 4718 dixit:
3037 4680 3056 4713 ι
3096 4661 3324 4728 Lazare,
3363 4660 3517 4730 prodi

296 4768 365 4805 ναι
391 4753 560 4806 αὐτόν’
637 4753 729 4806 καὶ
752 4755 800 4810 εἰ
827 4753 906 4806 δεῖ
928 4751 1186 4808 δύνασθαι
1210 4751 1590 4822 ἀποφήνασθαι
1622 4753 1681 4804 ἐν
1711 4752 1834 4807 τού-

1970 4772 2124 4821 uras;
2161 4773 2181 4808 ι
2223 4771 2352 4810 nam
2378 4770 2480 4809 vox
2520 4769 2736 4825 magna,
2767 4763 2822 4808 et
2861 4752 3090 4817 clamor,
3127 4767 3240 4807 non
3283 4750 3519 4806 absurde

293 4859 355 4913 τῳ
388 4843 574 4912 μᾶλλον
607 4843 995 4916 πεπληρῶσθαι
1034 4843 1130 4900 τὸ’
1166 4865 1184 4894 ι
1221 4842 1566 4914 Πορεύομαιν
1600 4843 1686 4896 ἵνα
1719 4843 1833 4910 ξεν·

1972 4849 2154 4901 ηἱοθιιιι·
2199 4846 2472 4902 excitasse
2516 4861 2668 4900 eum.
2721 4844 2958 4914 lnSpicio
3002 4847 3168 4900 etiam
3222 4859 3289 4898 an
3343 4844 3521 4913 possis

297 4933 434 4986 πνίσω
457 4934 670 5000 αὐτὸν,›
704 4935 847 5006 ἥπερ
880 4935 937 4988 ἐν
965 4933 1046 5009 τῷ
1072 4933 1173 5004 τῆς
1191 4933 1360 5004 εὐχῆς
1385 4932 1481 4988 τοῦ
1511 4931 1643 4986 Υἱοῦ
1661 4931 1830 4987 ἀκού,

1975 4937 2226 4995 nuntiare
2241 4938 2295 4993 in
2320 4938 2422 4996 hoc
2443 4939 2617 5009 magis
2632 4937 2910 5008 impletum
2936 4937 3102 4994 fuisse
3123 4936 3284 4994 illud:
3307 4955 3326 4990 ι
3347 4937 3519 5004 νωιο,

352 5122 387 5194 t3
425 5121 574 5177 Joan.
619 5137 694 5194 xit,
729 5121 831 5194 44.
869 5190 888 5194 _
924 5122 972 5154 1“
1010 5120 1207 5194 Matth.
1233 5136 1366 5187 xxu,
1405 5121 1496 5176 15.
1593 5120 1663 5154 ⁸⁸⁵
1693 5119 1853 5176 Joan.
1888 5137 1901 5176 ι

1965 5170 1967 5180 ,
2001 5122 2092 5180 44.
2187 5124 2236 5157 ⁸⁵
2277 5123 2452 5181 Exod.
2489 5139 2681 5194 xxxw,
2725 5126 2817 5182 εδ.
2930 5125 2977 5157 ⁸⁸
3001 5123 3192 5180 Matth.
3260 5134 3396 5186 xxn,
3429 5117 3514 5174 15.

295 5191 508 5248 “Matth.
534 5193 714 5257 tv,ll.
789 5191 834 5224 ⁸⁸
861 5190 1016 5246 Joau.
1046 5208 1121 5259 xl,
1154 5192 1238 5247 ll.

355 5351 446 5423 (ει)
479 5350 1039 5423 CodexBodleianus,
1059 5360 1227 5415 recte,
1259 5349 1353 5403 καὶ
1379 5349 1440 5403 οὐ
1471 5349 1668 5404 ταύτόν
1691 5349 1828 5403 ἐστι’

1966 5345 2289 5423 llei_auus._In
2321 5323 2921 5423 editionelIuetiideesl
2945 5341 3193 5423 πότερον,
3220 5349 3300 5423 et“
3303 5338 3515 5422 legitur,

303 5407 482 5492 lic-gius.
517 5421 711 5492 ταύτόν
738 5423 874 5492 ἐστι,
910 5407 1063 5492 male.
1119 5489 1129 5492 _
1214 5407 1247 5492 ί
1364 5488 1377 5492 Α
1424 5489 1436 5492 Α
1533 5488 1543 5492 Δ

1979 5418 2014 5492 ἰ-
2035 5416 2123 5469 ἀεὶ
2168 5417 2340 5492 μένει.
2371 5414 2438 5469 Ut
2471 5422 2674 5492 ut_est,
2708 5413 2934 5492 videtur_
2948 5411 3054 5465 hoc
3080 5407 3222 5466 'loco
3259 5407 3519 5492 Origenes

353 5479 442 5560 (ἓὸ)
468 5479 766 5545 dedecora.
799 5479 1084 5545 Ferrarius
1118 5489 1328 5560 legebat
1359 5488 1654 5560 δεδεμένον.
1774 5557 1787 5560 Α

1966 5479 2348 5560 Iliqttatftisper
2393 5483 2655 5560 recedere
2684 5499 2713 5534 a
2751 5481 3068 5560 pervulgata
3098 5496 3194 5536 sua
3221 5479 3515 5560 et_absona

355 5550 445 5630 (Si)
476 5561 651 5615 Codex
687 5561 1030 5624 Bodleianus,
1057 5550 1226 5623 recta,
1272 5559 1346 5630 μὴ
1369 5550 1734 5628 ἐνδεδυμένον.
1772 5557 1828 5614 ln
1942 5550 2392 5630 sententiapqtue
2415 5553 2796 5630 damnatorum
2831 5550 3006 5630 patriis
3035 5551 3196 5630 fluem
3225 5550 3516 5630 aliquando

301 5621 505 5702 editione
533 5631 880 5702 Iluetiidccst
914 5621 1026 5702 pi).
1064 5701 1067 5702 ν
1334 5621 1356 5702 '_
1419 5699 1428 5702 _
1554 5621 1566 5628 “
1624 5701 1629 5702 γ
1725 5699 1755 5702 μ
1943 5626 2258 5702 iiupositmn
2317 5625 2380 5702 iri
2427 5623 2694 5680 decernit.
2723 5621 2778 5677 Id
2818 5621 2884 5680 ex
2919 5621 3172 5680 instituto
3213 5621 3516 5693 disputatur

362 5701 458 5773 (85)
487 5701 746 5770 Πότερον
770 5694 955 5754 εἰσαὲί
976 5694 1182 5772 ’μένεα
1223 5699 1310 5754 Sic
1341 5699 1503 5756 liabet
1535 5701 1706 5755 codex
1724 5699 1828 5754 llo-

836 5694 955 5754 mél
976 5694 1182 5772 ’μένει⁶
1223 5699 1310 5754 Sic
1341 5699 1503 5756 liabet
1535 5701 1706 5755 codex
1724 5699 1828 5754 lio-
1941 5696 1993 5750 in
2028 5694 2385 5766 Origcuianir.
