3866 6200
492 315 594 371 705
1965 298 2019 356 οι

2153 300 2290 358 ΞΝΙΒ
3598 313 3680 372 706

487 429 624 483 dixit
660 427 789 482 illud
833 445 846 482 :
887 446 905 478 ι
945 424 1123 486 Pater,
1157 423 1363 495 gratias
1395 438 1496 492 ago
1525 422 1648 486 libi,
1678 421 1935 491 quoniam
1963 438 2014 476 at

2167 422 2372 490 ἔλεγεν,
2403 421 2478 484 ὡς
2511 420 2567 474 εἴ
2590 439 2674 485 τις
2701 422 2810 475 τῶν
2844 421 2905 476 τὺ
2937 423 3131 494 μέλλον
3171 423 3488 495 ἀγνοούντων
3512 427 3677 501 ἀνθρώ-

487 522 616 575 tristi
662 537 744 573 me
775 535 791 582 ',
817 534 916 588 ego
945 526 1130 570 autem
1165 513 1404 570 Sciebam
1435 514 1576 584 quod
1599 528 1815 583 semper
1848 529 1934 566 me
1958 529 2014 567 att

2167 530 2284 565 πων
2309 513 2441 581 (95)·
2468 533 2485 563 ι
2512 512 2669 565 Ἀλλὰ
2687 513 2775 566 διὰ
2794 513 2886 567 τὸν
2911 514 3067 585 δχλον
3087 517 3178 570 τὸν
3202 518 3521 589 περιεστῶτα
3548 515 3677 588 εἶτον,

487 615 592 668 dis.
631 633 647 663 ι
685 613 816 666 Nam
849 609 893 663 si
929 609 1042 663 haec
1071 609 1206 662 dixit
1241 609 1410 661 turba:
1447 607 1851 661 circumstantis
1877 621 2014 660 caus:

2166 603 2252 656 ἵνα
2287 603 2670 668 πιστεύσωσιν,
2705 605 2786 658 δτι
2823 606 2887 658 σύ
2925 623 2993 677 με
3022 607 3372 672 ἀπέστειλαςο
3397 629 3414 661 ι
3451 613 3624 682 μήποτε
3646 617 3682 670 oi

488 717 548 761 ut
574 704 858 758 crederent
887 700 1030 769 quod
1079 699 1241 752 Pa'cr
1278 698 1423 752 illum
1471 697 1726 764 misisset,
1762 705 1816 749 et
1843 703 2015 765 proptr

2166 697 2412 760 ἐλθόντες
2440 698 2575 770 πρὸς
2597 699 2693 770 τὴν
2709 699 2949 770 Μαρίαν,
2973 701 3067 753 καὶ
3095 699 3412 772 θεασάμενοι
3430 701 3464 757 ἃ
3491 705 3681 776 ἐποίησε,

491 799 592 852 huc
620 797 844 864 loquens
866 793 1002 848 dixit
1025 801 1082 846 nt
1101 794 1257 846 turba
1278 791 1644 846 circumstans
1663 788 2018 849 credat,haud

2167 787 2262 840 καὶ
2291 788 2680 852 πιστεύσαντες
2711 790 2790 853 είς
2815 789 2999 856 αὑτὸν,
3035 791 3186 861 μόνοι
3215 787 3354 862 ἦσαν
3383 794 3412 846 6
3442 795 3684 861 περιεστὼς

488 900 761 955 quaquam
793 888 859 936 ad
885 881 1098 936 Patrem
1125 882 1400 934 locuturus
1432 878 1628 940 fuerat,
1647 877 1871 947 perinde
1900 887 2011 945 atq:

2167 879 2258 931 τὸν
2312 879 2523 951 Ἰησοῦν
2563 879 2750 950 δχλος’
2783 881 2833 934 oi
2869 881 2927 935 δέ
2976 881 3153 936 λοιποὶ
3205 882 3327 936 οὔτε
3372 883 3625 940 ἐθεάσαντο
3658 887 3683 942 ἃ

484 978 681 1046 aliquis
716 977 874 1028 homo
908 974 1210 1029 futurorum
1245 975 1482 1040 ignarus,
1505 971 1548 1025 si
1597 971 1841 1024 futurum
1872 976 2011 1022 crati

2168 965 2444 1037 ἐποίησεν,
2472 967 2595 1021 οῦτε
2624 971 3101 1043 περιειστήκεισαν
3128 972 3310 1029 αὐτόν.
3659 976 3662 980 ’

485 1068 680 1137 aliquis
704 1083 770 1120 ex
799 1067 928 1132 ipsis
961 1080 1065 1120 non
1095 1065 1383 1120 crederet:
1411 1083 1429 1116 ι
1466 1061 1571 1117 Sed
1606 1072 1827 1131 propter
1861 1061 2070 1112 turbam
2096 1057 2542 1113 cirrumstantem
2573 1060 2708 1124 dixi,
2741 1070 2801 1116 ut
2834 1063 3058 1118 credant
3083 1064 3226 1132 quod
3258 1071 3312 1116 tu
3347 1079 3430 1119 me
3461 1065 3638 1120 misisti.
3664 1085 3680 1120 ι

486 1161 720 1215 Proinde
762 1160 884 1213 vide
935 1175 1002 1214 ne
1050 1159 1190 1213 forte
1237 1158 1330 1226 qui
1389 1165 1652 1210 venerant
1700 1155 1766 1206 ad
1818 1152 2083 1214 Mariam,
2137 1159 2190 1204 et
2235 1153 2584 1221 contemplati
2633 1153 2846 1208 fuerant
2885 1170 3007 1224 quae
3048 1156 3278 1221 fecerat,
3312 1165 3366 1210 et
3403 1158 3683 1215 credidth

487 1253 537 1304 in
571 1267 730 1315 eum,
771 1249 869 1304 soli
904 1251 1014 1305 sint
1058 1249 1212 1303 turba
1256 1250 1619 1304 circumstans
1651 1245 1868 1310 Jesum;
1901 1253 2127 1298 cmtcros
2156 1255 2285 1297 vero
2326 1260 2498 1314 neque
2527 1245 2924 1316 contemplatos
2963 1248 3132 1304 fuisse
3173 1265 3294 1318 qua:
3340 1251 3528 1305 fecerat
3551 1248 3680 1314 hstis,

483 1359 659 1414 neque
695 1345 841 1398 circa
877 1360 1000 1398 eum
1037 1345 1275 1400 stetisse.

560 1411 643 1492 ιι.
681 1454 700 1488 ι
735 1437 1078 1506 Collegernnt
1108 1455 1238 1508 ergo
1273 1440 1553 1509 pontiﬁces
1578 1450 1633 1494 et
1656 1437 1912 1494 Phariszci
1933 1453 2064 1492 con-

2245 1411 2386 1486 ll.‘¢
2415 1433 2730 1506 Συνήγαγον
2757 1430 2852 1488 οὖν
2880 1435 2930 1488 οἱ
2959 1437 3238 1508 ἀρχιερεῖς
3272 1433 3364 1490 καὶ
3389 1437 3436 1488 oi
3460 1437 3683 1508 Φαρισαῖοι

481 1526 690 1590 cilium,
723 1543 786 1582 ac
813 1528 1067 1582 dicebant
1099 1546 1112 1582 :
1142 1530 1280 1597 Quid
1318 1532 1547 1586 facimus
1568 1571 1583 1595 ,
1611 1533 1736 1600 quia
1772 1531 1858 1586 hic
1898 1533 2004 1585 lion

2170 1522 2461 1594 συνέδριον,
2506 1523 2598 1576 καὶ
2627 1523 2842 1592 ἔλεγον·
2876 1525 2941 1578 Τί
2975 1525 3258 1596 ποιοῦμεν,
3294 1526 3374 1579 ὅτι
3404 1520 3538 1589 οὗτος
3564 1530 3587 1581 6
3615 1529 3681 1581 ἇν-

483 1617 648 1671 tnnlta
677 1618 828 1687 signa
861 1621 1016 1672 edit?
1048 1621 1105 1674 Si
1148 1623 1556 1690 permiserimus
1585 1638 1708 1676 eum
1742 1625 1842 1687 sic,
1866 1639 2010 1676 Ollllll

2167 1615 2383 1686 θρωπος
2437 1615 2608 1670 πολλὰ
2659 1621 2803 1672 ποιεῖ
2854 1621 3090 1690 σημεῖα;
3151 1619 3279 1674 Ἐὰν
3319 1619 3529 1690 ἀφῶμεν
3563 1621 3683 1674 αὑτὸν

480 1710 706 1764 credent
739 1711 790 1763 in
817 1726 938 1763 eum
965 1729 979 1777 ;
1016 1714 1341 1782 venientque
1374 1714 1696 1779 Romani,et
1727 1715 1916 1769 tollent
1950 1727 2002 1770 tu

2164 1708 2329 1772 οὕτω,
2363 1707 2565 1772 πάντες
2591 1708 2973 1764 πιστεύσουσιν
2999 1713 3078 1774 εἰς
3103 1711 3296 1765 αὐτόν·
3323 1713 3414 1766 καὶ
3435 1713 3680 1767 ἐλεύσονται

482 1800 657 1856 locum
694 1813 964 1868 nostrum,
996 1816 1114 1860 tum
1157 1819 1368 1878 gentem
1393 1811 1460 1864 ”.
1501 1828 1520 1861 ι
1563 1809 1714 1874 Quod
1763 1808 1960 1862 attinet
1989 1824 2009 1860 ιι

2157 1801 2206 1853 οί
2252 1801 2536 1872 Ῥωμαῖοι,
2565 1801 2660 1854 καὶ
2688 1801 2913 1873 ἀροῦσιν
2943 1803 3098 1873 ἡμῶν
3129 1803 3226 1855 καὶ
3249 1803 3338 1857 τὸν
3359 1804 3528 1866 τόπον,
3551 1805 3682 1858 καὶτὸ

481 1905 817 1960 contextum,
864 1897 1121 1952 l'hariszei
1154 1908 1208 1954 et
1260 1900 1540 1970 pontifices
1573 1901 1827 1956 videbant
1862 1901 2005 1955 facill

2156 1889 2327 1954 ἔθνος.
2356 1909 2374 1941 ι
2425 1892 2514 1956 Ὠς
2550 1891 2685 1962 πρὸς
2706 1892 2767 1944 τὸ
2795 1892 2956 1962 ῥητὸν
2977 1895 3024 1945 οἱ
3051 1894 3336 1964 Φαρισαῖοι
3367 1895 3456 1947 καὶ
3477 1897 3519 1948 οί
3545 1896 3681 1966 ἀρχιε-

479 1997 629 2036 ιιιιιιιι
669 1984 813 2038 factu
848 2002 988 2050 esse,
1025 1997 1082 2039 ut
1109 1990 1178 2043 ob
1222 1991 1646 2058 magnitudinem
1681 1991 2006 2061 prodigiorut

2158 1983 2273 2050 ρεῖς
2303 1979 2510 2051 ἐώρων,
2557 1982 2640 2034 ὅτι
2686 1981 2774 2035 διὰ
2815 1983 2877 2036 τὸ
2925 1983 3158 2053 μέγεθος
3189 1978 3266 2038 ὧν
3300 1988 3586 2057 ἐπεποιήκει
3613 2004 3679 2038 τε·

477 2088 544 2128 ac
593 2075 852 2130 virtutum
885 2095 1024 2146 quas
1075 2081 1290 2135 fecisset
1333 2081 1513 2150 Jesns,
1551 2093 1697 2137 lotus
1742 2083 1996 2138 Jttda‘oru

2158 2071 2395 2142 ραστίων
2443 2071 2537 2124 καὶ
2579 2071 2866 2142 δυνάμεων
2907 2071 3018 2144 (94)
3070 2076 3099 2127 6
3162 2075 3389 2145 Ἰησοῦς,
3420 2076 3611 2130 δυνατὸν
3632 2072 3681 2147 ἦν

477 2167 710 2235 populus
739 2167 902 2238 383
935 2171 1312 2226 traduceretur
1352 2173 1419 2227 ad
1455 2175 1784 2228 credendum
1814 2175 1866 2229 in
1903 2192 2004 2230 eun

2156 2162 2251 2215 καὶ
2281 2163 2457 2217 πάντα
2496 2163 2589 2216 τὸν
2621 2164 2749 2217 λαὸν
2793 2165 2884 2217 τὸν
2933 2166 3190 2220 Ἰουδαῖον
3232 2167 3521 2238 ὑπαχθῆναι
3544 2171 3598 2237 τῇ
3625 2171 3681 2232 εἰς

475 2265 525 2310 et
562 2258 844 2311 traductus
873 2260 1176 2328 despiceret
1223 2261 1426 2316 cultum
1481 2263 1625 2318 illius
1663 2264 1765 2320 loci
1799 2280 2002 2333 corpor:

2155 2253 2316 2306 αὑτὸν
2355 2254 2556 2318 πίστει,
2593 2253 2903 2325 ὑπαχθέντα
2926 2255 2984 2308 δὲ
3008 2257 3417 2328 καταφρονῆσαι
3452 2259 3536 2328 τῆς
3556 2259 3602 2310 ἐν
3625 2255 3681 2328 τῷ

476 2347 607 2408 lem,
637 2357 747 2402 tum
800 2348 1126 2417 Leviticum,
1159 2363 1271 2406 tum
1316 2355 1717 2411 sacerdomlem
1751 2372 1768 2422 ;
1806 2359 1944 2412 adeo
1999 2375 2003 2407 ι

2153 2345 2304 2414 τόπῳ
2336 2346 2657 2416 σωματικῆς
2684 2347 2997 2418 Λευῖτικῆς,
3026 2349 3120 2401 καὶ
3150 2350 3430 2420 ἱερατικῆς
3455 2349 3677 2420 λατρείας·

476 2449 564 2490 res
616 2436 984 2503 hujuscemodi
1042 2453 1336 2510 praetextas
1378 2444 1552 2509 fleret,
1594 2447 1723 2514 quia
1768 2462 1872 2501 non
1909 2447 2003 2502 fovi

2152 2435 2282 2489 ὥστ’
2318 2435 2386 2490 ἂν
2418 2438 2690 2508 πρόφασιν
2723 2439 2784 2492 τὸ
2817 2439 3059 2494 τοιοῦτον
3088 2441 3344 2509 γενέσθαι
3387 2441 3490 2508 τοῦ,
3524 2443 3600 2496 ἆτε
3624 2444 3679 2514 μὴ

477 2535 595 2579 rent
623 2526 792 2583 Judazi
827 2531 1024 2596 locmn,
1060 2543 1117 2585 ut
1153 2533 1379 2588 Romani
1420 2536 1702 2603 haberent,
1736 2553 1897 2592 causa
1927 2540 2004 2594 εει

2155 2528 2527 2600 περιεπόντων
2566 2531 2834 2584 Ἰουδαίων
2860 2532 2952 2585 τὸν
2977 2532 3163 2597 τόπον,
3207 2533 3487 2604 Ῥωμαίοις
3511 2535 3597 2586 ὑπὸ
3611 2533 3680 2587 τοῦ

477 2621 703 2682 vatoris,
761 2633 870 2674 tum
931 2623 1106 2690 locum
1143 2625 1370 2687 dictum,
1408 2629 1550 2694 quod
1591 2630 1659 2681 ah
1694 2629 1802 2685 illis
1831 2631 2004 2700 pluria

2153 2620 2405 2690 Σωτῆρος
2427 2619 2705 2688 γενέσθαι,
2731 2624 2825 2675 καὶ
2855 2624 2943 2677 τὸν
2975 2623 3333 2694 νομιζόμενον
3359 2627 3478 2696 παρ’
3503 2626 3680 2687 ἐκείνοις

473 2705 658 2774 ﬁebat,
712 2720 822 2763 tum
877 2723 1090 2778 gentem
1138 2713 1447 2771 Iudaeorum
1503 2729 1711 2785 totam,
1750 2723 2000 2776 nolentiu:

2153 2710 2439 2782 εἰρημένον
2477 2712 2664 2777 τόπον,
2721 2713 2817 2766 καὶ
2850 2715 2959 2768 πᾶν
3000 2715 3062 2768 τὸ
3105 2715 3264 2779 ἔθνος
3322 2715 3580 2778 Ἰουδαίων,
3605 2714 3680 2766 οὐκ

469 2803 694 2854 omnino
724 2815 945 2855 servare
990 2803 1414 2875 confessionem,
1450 2812 1594 2880 quod
1641 2822 1824 2868 essent
1875 2813 1996 2870 Jud:

2153 2803 2242 2856 ἐπὶ
2268 2805 2430 2857 παντὶ⁸
2450 2805 2638 2876 τρόπῳ
2658 2809 2847 2877 τηρεῖν
2881 2807 3173 2860 ἐθελόντων
3201 2810 3300 2880 τὴν
3325 2807 3548 2879 περὶτοῦ
3583 2807 3680 2858 ’1ου-

469 2886 594 2954 ipsi.
650 2888 850 2944 Deinde
901 2893 1159 2960 quoniam
1200 2896 1406 2952 cultum
1447 2901 1793 2966 divinum,et
1843 2903 1996 2959 locuti

2153 2897 2333 2960 δαίους
2365 2899 2592 2962 ἑαυτοὺς
2625 2895 2766 2952 εἶναι
2797 2899 3108 2970 ὁμολογίαν.
3152 2896 3270 2954 Εἶτ’
3304 2901 3421 2953 ἐπεὶ
3461 2899 3557 2970 (95)
3580 2896 3680 2951 πάν-

470 2989 524 3034 cl
582 2980 758 3050 gentis
805 2982 1203 3042 multitudinem
1243 2990 1496 3046 omnibus
1523 2992 1902 3062 pra-ferebant,
1930 3011 1997 3064 qu

2152 3005 2257 3043 των
2287 2991 2614 3062 προέκρινον
2639 2990 2736 3062 τὴν
2762 2990 3041 3062 λατρείαν,
3077 2993 3172 3044 καὶ
3197 2993 3290 3044 τὸν
3311 2991 3483 3056 τόπον,
3509 2989 3588 3042 καὶ
3605 2987 3679 3058 τὴν

469 3085 578 3139 pra:
611 3069 692 3125 his
721 3071 942 3140 majoris
986 3091 1106 3131 esse
1149 3084 1405 3136 momenti
1459 3083 1865 3153 censebantur;
1903 3088 1996 3141 hat

2150 3080 2242 3134 τοῦ
2267 3081 2451 3145 ἔθνους
2474 3083 2752 3147 σύστασιν,
2769 3082 2878 3136 τῶν
2907 3083 3277 3153 νομισθέντων
3302 3084 3366 3138 ἂν
3388 3079 3510 3136 εἶναι
3534 3096 3677 3154 κρειτ-

467 3162 541 3215 oh
573 3177 792 3218 causam
821 3168 1106 3222 cmtsilitnn
1140 3173 1347 3236 agitant
1390 3185 1578 3231 c0ntra
1612 3175 1819 3242 Iesum,
1861 3193 1927 3234 ne
1968 3196 1994 3236 s

2148 3172 2322 3226 τόνων
2365 3172 2518 3245 παρὰ
2565 3172 2766 3226 ταῦτα·
2815 3171 2904 3225 διὰ
2941 3172 3099 3226 τοῦτο
3145 3173 3412 3227 σκοποῦσι
3453 3171 3575 3226 κατὰ
3605 3167 3675 3222 τοῦ

468 3260 604 3305 nant
655 3267 775 3307 eum
815 3255 1029 3311 ,viverc.
1088 3257 1447 3330 Arbitrorque
1499 3279 1594 3320 cos
1657 3268 1818 3321 simili
1881 3273 1995 3325 mod

2159 3265 2356 3334 Ἰησοῦ,
2380 3266 2468 3318 ἵνα
2496 3265 2658 3318 αὐτὸν
2685 3263 2760 3335 μὴ
2791 3265 2992 3318 ἐάσωσι
3015 3262 3134 3336 ζῇν.
3174 3265 3274 3328 Ὣς
3296 3265 3339 3318 δ’
3364 3265 3542 3326 αὐτοὺς
3561 3258 3678 3330 οἶμαι

469 3341 706 3407 dixisse,
743 3363 760 3395 ι
789 3345 876 3400 hic
926 3347 1088 3404 homo
1113 3390 1129 3417 ,
1177 3371 1196 3404 ι
1231 3362 1488 3422 tanquam
1536 3359 1602 3411 ad
1656 3363 1996 3417 dcslrttcttdat

2148 3359 2240 3411 xui.
2289 3359 2382 3411 ἐπὶ
2429 3357 2746 3430 καθαιρέσει
2780 3358 2880 3429 τῆς
2921 3356 3078 3427 δόξης
3121 3357 3294 3411 αὐτοῦ
3342 3353 3675 3429 είρηκέναιτό·

467 3431 690 3500 gloriam
714 3433 863 3503 eius;
900 3453 998 3492 nec
1027 3441 1170 3495 enim
1195 3447 1495 3501 credebant
1530 3449 1612 3502 his
1644 3467 1763 3518 quae
1795 3455 1993 3522 superit

2151 3466 2169 3499 ι
2195 3443 2362 3512 Οὗτος
2391 3452 2419 3503 ό
2469 3449 2782 3522 ἄνθρωπος·
2804 3468 2822 3500 ι
2876 3448 3137 3518 ἠπίστουν
3174 3449 3288 3522 γὰρ
3319 3452 3426 3514 τοῖς
3461 3449 3542 3506 καὶ
3570 3448 3676 3500 ἀνω-

465 3522 694 3589 dixerat,
727 3543 920 3599 nempe
947 3533 1089 3599 quod
1117 3546 1260 3589 esset
1302 3537 1418 3607 ipse
1449 3539 1609 3604 Deus,
1641 3559 1764 3597 cmn
1799 3545 1992 3614 lapidat

2151 3539 2286 3612 ’δέρω
2309 3542 2618 3612 εἰρημένοις
2634 3541 2763 3614 περὶ
2784 3540 2878 3594 τοῦ
2897 3540 3009 3612 (96)
3040 3540 3176 3594 Θεὸν
3208 3543 3366 3596 αὑτὸν
3386 3539 3532 3604 εἶναι,
3553 3539 3678 3609 ἡνίκα

461 3628 586 3669 cum
617 3617 920 3682 voluerunt,
954 3631 1210 3692 tanquam
1263 3642 1359 3694 pro
1389 3629 1724 3698 blasphemia
1751 3651 1766 3698 ;
1799 3634 1988 3689 dicenti

2148 3631 2382 3697 λιθάζειν
2415 3634 2576 3686 αύτδν
2611 3633 2910 3693 ἐδούλοντο,
2947 3633 3023 3696 ὡς
3063 3635 3198 3705 περὶ
3247 3633 3582 3706 βλασφημίας,
3609 3628 3675 3681 λέσ

463 3703 539 3759 illi
573 3722 588 3759 :
631 3726 650 3760 ι
684 3706 763 3762 Tu
803 3711 963 3767 homo
989 3730 1110 3769 cum
1144 3718 1240 3782 sis,
1274 3719 1411 3776 facis
1460 3722 1691 3793 teipsum
1722 3725 1886 3780 Deum
1913 3729 1990 3793 ";

2144 3740 2328 3792 γοντες
2345 3724 2512 3796 αὐτῷ·
2545 3745 2562 3775 ι
2583 3726 2676 3786 ΣΞ),
2697 3724 2793 3778 ἄνθ
2803 3741 2982 3796 ρωπος
3001 3725 3096 3790 ὢν,
3121 3730 3299 3789 ποιεῖς
3328 3727 3502 3780 ἑαυτὸν
3519 3722 3671 3776 Θεόνί

461 3799 678 3863 quando
724 3803 887 3856 etiam
946 3822 1042 3860 sua
1100 3809 1434 3880 benignitate
1490 3819 1987 3882 respondit,docet

2144 3817 2228 3870 ὅτε
2291 3817 2435 3870 κατὰ
2489 3817 2587 3888 τὴν
2642 3816 2836 3870 ἐαυτοῦ
2895 3816 3312 3888 φιλανθρωπίαν
3373 3816 3671 3888 ἁπεκρίνατο,

456 3898 674 3978 omnem
709 3891 775 3942 ad
803 3907 964 3960 quem
995 3912 1176 3951 sermo
1214 3902 1304 3954 Dei
1345 3902 1518 3960 factus
1551 3909 1779 3971 est,tlici
1815 3910 1978 3966 Deum

2144 3910 2425 3972 διδάσκων,
2455 3909 2538 3962 ὅτι
2568 3909 2677 3972 πᾶς
2710 3907 2845 3978 πρὸς
2873 3907 2932 3961 ὃν
2963 3909 2991 3961 6
3019 3907 3176 3976 λόγος
3211 3910 3304 3964 τοῦ
3327 3909 3453 3964 Θεοῦ
3481 3907 3671 3976 ἐγένετο,

458 3971 609 4039 Deo;
637 3990 760 4030 eum
812 3997 916 4036 non
956 3985 1133 4040 valeat
1175 3992 1307 4046 solvi
1357 3998 1438 4048 vel
1481 3997 1702 4054 dissolvi
1753 3999 1985 4072 Scripta:

2145 4001 2269 4064 Θεὸς
2303 4001 2519 4069 λέγεται
2551 4001 2656 4054 ὑπὸ
2691 3971 2788 4054 τοῦ
2829 4000 2986 4054 Θεοῦ·
3022 3971 3101 4072 μῆ
3147 4001 3453 4072 δυναμένης
3491 3971 3672 4066 λυθῆναι

457 4066 773 4134 prophetica
806 4086 927 4138 qua:
961 4075 1063 4129 hoc
1116 4085 1385 4139 enuntiat.
1429 4088 1579 4143 Licet
1628 4094 1794 4147 etiam
1846 4066 1910 4150 ex
1950 4096 1982 4151 h

2140 4093 2232 4147 xui.
2293 4066 2664 4162 καταλυθῆναι
2717 4092 2820 4163 τῆς
2881 4066 3316 4164 ἀποᾷηναμένης
3379 4066 3667 4162 πμφητικῆς

453 4169 574 4258 qua:
622 4155 877 4214 Pharismi
929 4174 982 4217 et
1033 4170 1317 4234 pontifices
1355 4176 1648 4245 dixerunt,
1679 4185 1980 4239 considerat

2142 4186 2378 4258 Γραρῆς.
2415 4155 2573 4238 Ἐστι
2599 4185 2658 4238 δέ
2701 4155 2911 4238 ἐκπῶν
2943 4155 3259 4256 λεγομένων
3275 4155 3394 4238 ’ἀπὸ
3422 4155 3669 4247 *Φαρι-

453 4245 665 4301 illorum
697 4262 938 4320 apertam
975 4260 1262 4328 malitiam,
1303 4278 1357 4319 et
1381 4283 1610 4334 caecam;
1643 4284 1886 4342 apertam
1905 4291 1976 4345 qu

2143 4279 2304 4330 σαίων
2347 4277 2442 4330 καὶ
2486 4277 2595 4330 τῶν
2635 4276 2938 4350 ἀρχιερέων
2971 4277 3306 4348 κατανοῆσαι
3338 4275 3502 4330 αύτιῖιν
3527 4264 3670 4325 καὶτὸ

450 4338 595 4403 dent,
624 4345 875 4410 quoniam
918 4354 1319 4410 attestabantnr
1367 4358 1440 4411 illi
1477 4377 1598 4414 eum
1633 4338 1800 4418 multa
1836 4338 1977 4422 fecis:

2138 4369 2231 4438 τῆς
2274 4368 2474 4431 κακίας
2517 4338 3015 4439 ἀνομολογόύμενον
3062 4370 3154 4421 καὶ
3190 4338 3414 4436 τυφλόν·
3451 4362 3665 4434 ἀνομολο-

446 4442 619 4530 signa,
651 4448 917 4508 posseque
959 4443 1106 4508 huic,
1131 4451 1220 4515 qui
1267 4459 1344 4504 tot
1376 4451 1533 4521 signa
1564 4463 1771 4523 egerat,
1805 4456 1973 4512 insidi:

2136 4458 2416 4528 γούμενον,
2466 4459 2549 4512 ὅτι
2583 4459 2930 4530 ἐμαρτύρουν
2963 4459 3112 4530 αὐτῷ
3150 4459 3246 4513 καὶ
3291 4457 3449 4512 πολλὰ
3477 4470 3663 4522 πεποιησ

451 4521 623 4620 strui;
660 4526 886 4592 perinde
913 4535 1068 4601 quasi
1113 4537 1198 4591 sui
1235 4553 1397 4595 causa
1435 4543 1572 4598 nihil
1605 4521 1791 4614 posset
1833 4557 1978 4603 c0utt

2135 4550 2282 4603 κέναι
2315 4552 2536 4620 σημεῖα,
2589 4550 2683 4604 καὶ
2715 4547 2976 4602 δύνασθαι
3009 4549 3086 4620 τῷ
3119 4550 3354 4603 τοσαῦτα
3383 4549 3560 4618 σημεῖα
3587 4559 3662 4595 πε-

447 4612 620 4666 laetas
645 4615 746 4718 sibi
781 4619 1034 4718 insidias;
1071 4627 1121 4680 id
1163 4634 1308 4698 quod
1353 4633 1528 4702 ipsum
1561 4612 1723 4691 etiam
1754 4637 1974 4694 nihilom

2134 4612 2814 4712 Mthéri‘énﬁoulsﬁcat,
2844 4642 2920 4705 ὡς
2950 4612 3119 4712 μηδεν
3151 4641 3296 4712 ὑπὲρ
3329 4612 3506 4694 ἐαυτοῦ
3532 4639 3580 4688 ἐν
3602 4633 3661 4702 τῷ

445 4714 550 4805 nos
579 4709 839 4765 caecitatis
884 4723 1024 4779 erat,
1056 4732 1180 4773 cum
1227 4721 1470 4792 ejusdem
1511 4737 1678 4794 esset,
1716 4729 1807 4796 qui
1855 4730 1964 4784 mnl

2133 4709 2579 4787 ἐπιϐουλεύεσθαι
2608 4734 2890 4804 δυναμένῳ
2909 4752 2922 4764 ο
2953 4709 3152 4804 τυιρλὸν
3173 4733 3230 4787 δὲ
3256 4709 3401 4786 οὐδὲν
3417 4725 3660 4801 (θηῆττον

442 4791 665 4852 fecisset
693 4802 972 4874 miracula,
992 4809 1218 4867 insidias
1244 4791 1408 4871 etiam
1432 4791 1690 4889 superare
1717 4791 1960 4876 nolentin

2130 4827 2222 4881 καὶ
2264 4827 2394 4880 αὐτὸ
2443 4826 2602 4880 τοῦτο
2648 4791 2917 4898 ἦνδκατὰ
2951 4791 3060 4897 γὰρ
3102 4829 3192 4879 τὸν
3241 4791 3657 4878 πολλὰποιοῦντσ

443 4898 568 4993 eum
595 4890 676 4943 sic
705 4893 1000 4956 dimittere.
1033 4901 1142 4958 Nisi
1177 4904 1316 4962 forte
1347 4911 1644 4966 credebant
1670 4929 1792 4967 eum
1838 4914 1970 4970 facet

2130 4923 2330 4991 σημεῖα
2371 4915 2439 4992 ἦν
2473 4920 2567 4974 καὶ
2597 4921 2657 4972 τὸ
2687 4922 2930 4993 κρεῖττον
2963 4914 3103 4972 εἶναι
3151 4919 3250 4988 τῆς
3283 4912 3548 4982 ἐπιϐουλῆς
3569 4905 3657 4960 τῶν

441 4980 728 5083 miracula,
761 4997 815 5042 et
847 4990 975 5045 item
999 4997 1419 5065 suspicabantur
1443 5017 1505 5056 ea
1528 5019 1634 5058 non
1672 5006 1785 5061 fieri
1819 5008 1961 5062 virtu

2126 4980 2346 5081 ἀῲὶένπι
2378 4980 2538 5065 ἀύτὸν
2575 5012 2650 5083 μὴ
2689 4980 2950 5064 θὲλόντων
2969 5027 2982 5040 ⁸
3021 5011 3069 5064 εἰ
3097 5009 3172 5081 μὴ
3339 5007 3425 5060 καὶ
3448 4980 3652 5056 ἐπίστευ-

440 5071 648 5140 divina,
678 5075 751 5132 ita
785 5089 842 5134 ut
874 5082 1015 5139 hanc
1039 5087 1110 5141 ob
1150 5103 1372 5144 causam
1402 5092 1584 5147 omnia
1617 5093 1730 5162 ipse
1758 5111 1862 5150 non
1889 5111 1967 5165 po:

2126 5071 2206 5165 ον,
2234 5103 2315 5156 ὅτι
2339 5105 2485 5157 ποιεῖ
2517 5071 2738 5173 σημεῖα,
2761 5101 2856 5156 καὶ
2883 5071 3144 5156 ὑπενόουν
3161 5071 3299 5153 αὐτὰ
3324 5098 3396 5168 μὴ
3421 5094 3517 5148 ἀπὸ
3532 5089 3651 5149 θείας

439 5173 542 5228 set,
575 5183 750 5238 neque
784 5185 845 5226 se
872 5175 1084 5246 eripere
1114 5194 1183 5234 ex
1216 5179 1430 5237 illorum
1467 5183 1698 5240 insidiis.
1733 5188 1910 5256 Atque
1941 5189 1966 5243 i1

2123 5195 2368 5264 γίνεσθαι
2395 5195 2678 5266 δυνάμεως
2702 5236 2717 5261 ,
2744 5195 2888 5252 ὥστε
2917 5183 3007 5250 διὰ
3043 5193 3200 5249 τοῦτο
3225 5192 3299 5263 μὴ
3331 5190 3492 5244 πάντα
3519 5180 3648 5237 αὐτὸν

504 5303 549 5334 ’τ
572 5301 724 5359 Joan.
753 5323 826 5371 XI,
863 5310 954 5375 Π,
988 5311 1077 5368 48.
1156 5314 1202 5348 ⁸⁸
1231 5316 1358 5372 ibid.
1389 5318 1478 5375 47.
1552 5319 1598 5352 ⁸⁸
1623 5319 1781 5376 Joan.
1815 5337 1870 5389 ι,
1900 5321 1991 5390 55,
2014 5324 2105 5381 55.

485 5419 616 5507 ,(93)
649 5421 1200 5507 ϐριιεκοῧοιηεὶαιιιιε,
1233 5442 1398 5500 recte,
1421 5435 1528 5489 τῶν
1553 5434 1614 5488 τὸ
1637 5437 1830 5507 μέλλον
1852 5439 2012 5507 ἀγνο-

2197 5437 2308 5505 (96)
2335 5438 2514 5494 Codex
2568 5439 2915 5506 Bodleianns,
2956 5453 3124 5503 recte,
3176 5438 3290 5502 τοῦ,
3322 5435 3518 5505 Regius.
3546 5428 3639 5507 ῖδνε

437 5490 642 5581 Si???"
681 5490 1273 5581 ἀγθρώπωγθλιίρεὶιιε,
1311 5490 1591 5576 corrupte,
1629 5490 1738 5560 τῶν
1779 5490 1964 5581 τὸμέί

2123 5490 3057 5581 [ualere—ltiti
3091 5490 3373 5581 drigetiem
3396 5490 3507 5556 “non

442 5559 1271 5652 λοϊιέτιῆ·.·.-9ξένὲτωχάνρρά›ῖιων;
1793 5559 1833 5563 τ-

2119 5559 2284 5640 6.6.?
2298 5559 2377 5652 ᾳ
2391 5559 2738 5652 segnia;
2759 5559 3362 5652 13.;gi'.:“.;.'..;.i.;°aao
3391 5582 3502 5627 ante
3523 5568 3639 5622 ἀπο-

862 5627 1079 5720 _l_lnetii,
1110 5643 1408 5720 τεραστίων
1439 5643 1740 5720 δυνάμεων.

1439 5643 1740 5720 δυνάμεων.
2122 5627 2460 5720 φηναμὲνης.
2503 5649 2661 5720 Εριτ.
2699 5636 2940 5705 Panos.

505 5698 621 5775 (νε)
649 5698 830 5760 suum
861 5698 1246 5780 lluetii,'male,
1277 5713 1389 5768 ἐπί.

2133 5698 2962 5793 '«arcessitam;uias,
3003 5719 3183 5793 τυφλῷ
3209 5720 3262 5773 δέ
