3924 6196
179 327 308 388 705
1205 325 1556 383 COMMENT.
1598 325 1664 379 IN
1705 320 1899 378 JO.\N.
1945 319 2186 377 TOMUS
2219 319 2456 376 XXVIII.
3382 326 3484 382 706

183 449 526 522 δυνηθῆναι,
581 451 714 522 μηδὲ
754 449 917 505 αὑτὸν
967 447 1235 522 ῥύσασθαι
1270 448 1380 502 ἀπὸ
1427 448 1528 518 τῆς
1553 447 1792 500 ’ἐκείνων

1900 441 2115 510 quidem
2148 421 2466 510 c‘ogitahant
2513 449 2620 492 non
2658 435 2930 492 dimittere
2965 451 3088 492 eum
3111 477 3128 504 ,
3159 435 3494 491 existimatu

185 544 502 615 ἐπιδουλῆς
533 544 663 614 (98).
711 545 936 596 Ἐκεῖνοι
963 541 1063 612 μὲν
1095 535 1188 594 οῦν
1217 541 1486 594 ἐσκόπουν
1519 541 1595 611 μὴ
1629 541 1790 608 ἀφιέαι

1901 541 1984 586 tos
2021 533 2262 586 futurmn
2295 540 2354 585 ut
2382 530 2522 585 hanc
2543 528 2614 582 oh
2640 543 2858 581 causam
2887 528 3270 597 impedimento
3295 537 3478 582 essent

187 651 292 692 ναι
314 635 504 699 αὐτὸν,
521 635 751 706 οἰόμενοι
771 635 859 689 διὰ
877 633 1035 688 τοῦτο
1055 633 1366 704 ἐμποδίσειν
1385 635 1497 696 τοῖς
1513 633 1794 686 πιστεύουο

193 745 292 782 σιν
323 729 406 792 είς
431 727 593 783 αὐτὸν
625 728 718 781 καὶ
754 726 1046 798 Ῥωμαίοις
1077 725 1361 796 μέλλουσιν
1403 725 1578 797 αἴρειν
1611 725 1793 778 αὐτῶν

190 819 296 873 τὸν
322 819 511 883 τόπον,
544 820 637 872 καὶ
669 818 729 872 τὸ
761 817 933 882 ἔθνος.
961 817 1102 870 Ἀλλ’
1132 816 1257 870 ἐπεὶ
1289 835 1308 868 ι
1338 815 1542 888 Κύριος
1570 817 1792 870 διασκε-

188 908 356 974 δάζει
396 909 588 979 βουλάς
640 908 838 971 ἐθνῶν,
884 908 979 962 καὶ
1023 906 1207 960 ἀθετεῖ
1231 907 1523 978 λογισμοὺς
1573 906 1739 971 λαῶν,
1769 924 1787 958 ι

191 1001 360 1054 οὐδὲν
385 995 548 1073 ἧττον
577 1000 670 1053 καὶ
696 999 796 1054 ούκ
824 998 1261 1070 ἀφῆκανάύτὺν,
1290 1000 1385 1053 καὶ
1415 1001 1444 1052 ὁ
1471 998 1604 1062 Θεὸς
1631 999 1794 1052 αὐτὸν

193 1091 498 1162 ἀνέστησε,
533 1091 628 1145 καὶ
656 1091 859 1162 ἀφῆκε,
882 1091 977 1145 καὶ
1011 1089 1190 1144 πάντα
1220 1089 1288 1144 es
1319 1089 1444 1162 ἔθνη
1473 1089 1794 1144 ἐδούλευσαν

195 1183 383 1254 αὐτῷ,
426 1185 521 1238 καὶ
563 1183 809 1248 ἐλθόντες
849 1187 910 1242 ,οἱ
971 1184 1232 1256 Ῥωμαῖοι
1287 1179 1432 1256 ἦραν
1478 1184 1658 1238 αὐτῶν
1701 1184 1795 1238 τὸν

194 1276 406 1330 τόπονο
446 1275 583 1344 (ποῦ
627 1276 737 1348 γὰρ
781 1277 810 1330 ὅ
852 1293 1016 1346 φασιν
1049 1279 1247 1330 ἐκεῖνοι
1295 1276 1616 1347 ἀγίασμας)
1653 1270 1795 1348 ἦραν

196 1365 263 1418 δὲ
300 1366 394 1419 καὶ
423 1365 484 1418 τὸ
527 1365 694 1430 ἔθνος,
730 1365 1082 1430 ἐκϐάλλοντες
1109 1367 1308 1431 αὐτοὺς
1340 1367 1452 1421 ἀπὸ
1480 1366 1574 1420 τοῦ
1606 1367 1793 1432 τόπου,

203 1457 308 1511 καὶ
359 1456 513 1526 μόγις
548 1457 940 1530 ἐπιτρέψαντες
986 1459 1171 1522 αὐτοῖς
1218 1453 1354 1511 εἶναι
1395 1458 1531 1510 ὅπου
1583 1457 1798 1528 βούλον-

199 1547 430 1617 ται(99)
457 1549 550 1602 καὶ
579 1550 637 1601 ἐν
669 1552 735 1620 τῇ
774 1547 1062 1620 διασπορᾷ.
1099 1551 1164 1602 Εἰ
1188 1549 1245 1603 δὲ
1283 1548 1389 1621 χρὴ
1410 1549 1678 1620 τολμῆσαι
1700 1552 1797 1604 καὶ

200 1641 290 1704 είς
314 1640 604 1710 ἀναγωγὴν
632 1640 741 1696 τῶν
771 1641 913 1695 κατά
945 1641 1016 1694 τά
1043 1643 1265 1713 ῥήματα
1299 1642 1494 1704 ταῦτα,
1533 1645 1794 1715 φήσομεν,

200 1733 293 1786 ἂι
324 1733 416 1786 τὸν
455 1734 620 1787 τόπον
674 1733 785 1786 τῶν
833 1735 897 1786 ἐκ
943 1734 1251 1805 περιτομῆς
1290 1734 1481 1790 ἔλαϐον
1522 1735 1590 1788 τά
1633 1737 1789 1806 ἔθνηο

207 1824 335 1895 «τῷ
379 1825 488 1896 γάρ
551 1824 779 1879 ἐκείνων
821 1825 1229 1899 παραπτώματι
1296 1827 1538 1900 σωτηρία
1601 1829 1794 1897 γέγονε

197 1917 320 1980 τοῖς
349 1915 580 1979 ἔθνεσιν,
615 1918 696 1977 είς
725 1916 785 1970 τὸ
816 1917 1205 1989 παραζηλῶσαι
1229 1919 1426 1983 αύτούς
1449 1937 1462 1950 ·
1490 1939 1508 1972 ι
1546 1921 1627 1984 είς
1647 1920 1704 1974 δὲ
1725 1923 1795 1974 τά

196 2006 336 2080 ἔθνη
387 2007 648 2078 Ῥωμαῖοι
699 2008 1144 2081 παρελήφθησαν,
1190 2009 1296 2063 ἀπὸ
1341 2011 1451 2063 τῶν
1489 2011 1797 2081 βασιλευόν-

195 2117 317 2155 των
357 2100 408 2153 οἱ
450 2099 858 2172 βασιλευόμενοι
883 2101 1272 2172 ὀνομασθέντες
1291 2118 1307 2133 ο
1339 2105 1436 2157 καὶ
1464 2104 1524 2158 τὸ
1562 2105 1711 2169 ἔθνος
1738 2105 1797 2158 δὲ

197 2189 316 2244 ὑπὸ
336 2191 446 2245 τῶν
471 2192 530 2259 ἐξ
567 2191 735 2245 ἐθνῶν
765 2191 904 2264 ῆρθη
924 2210 938 2222 ·
972 2193 1165 2262 γέγονε
1192 2193 1302 2266 γάρ
1329 2196 1359 2248 ὁ
1388 2195 1516 2259 λαὸς
1552 2197 1613 2248 ού
1637 2195 1794 2260 λαός·

202 2281 307 2336 καὶ
343 2284 393 2335 oi
421 2282 479 2350 ἐξ
521 2283 734 2356 Ἰσραὴλ
752 2284 936 2337 ούκέτι
957 2283 1096 2338 εἰσὶν
1139 2285 1388 2357 Ἰσραήλ·
1417 2287 1512 2340 καὶ
1541 2286 1604 2340 τὸ
1634 2288 1801 2358 σπέρ-

205 2389 290 2443 μα
320 2373 421 2427 οὐκ
457 2373 694 2444 ἔφθασεν
733 2376 826 2429 ἐπὶ
860 2375 922 2428 τὸ
953 2376 1206 2445 γενέσθαι
1234 2376 1423 2430 τέκνα.
1453 2379 1564 2432 Καὶ
1593 2377 1800 2434 τούτων

201 2463 384 2516 αἴτιον
426 2464 495 2517 τά
534 2466 706 2520 πολλὰ
735 2466 831 2519 τοῦ
874 2466 1048 2537 Ἰησοῦ
1085 2469 1310 2540 σημεῖα,
1345 2471 1440 2522 καὶ
1471 2469 1554 2522 ὃτι
1585 2471 1800 2540 ἀφῆκεν

199 2554 375 2608 αὑτὸν
395 2557 424 2608 ὁ
457 2557 648 2629 Πατὴρ
679 2558 966 2629 κρείττονα
1007 2558 1301 2630 γενόμενον
1346 2561 1445 2634 τῆς
1472 2562 1582 2616 τῶν
1615 2564 1800 2636 ἀρχιε-

201 2645 354 2717 ρέων
412 2647 508 2700 καὶ
569 2647 880 2720 Φαρισαίων
952 2650 1419 2722 συνεδρευσάντων
1473 2655 1592 2708 κατ’
1631 2655 1797 2710 αὐτοῦ

202 2735 526 2806 ἐπιϐουλῆς.
590 2739 893 2811 Ἀρχιερεῖς
934 2739 992 2792 δὲ
1031 2741 1124 2793 καί
1164 2741 1314 2793 πᾶσα
1353 2742 1388 2812 ἡ
1423 2744 1710 2815 σωματικὴ
1741 2745 1800 2796 ἐν

215 2827 496 2891 Ἰουδαίοις
525 2827 770 2901 λατρεία,
799 2831 1081 2903 Φαρισαῖοι
1117 2849 1176 2886 τε
1203 2833 1298 2886 καὶ
1330 2835 1479 2888 πᾶσα
1508 2835 1542 2906 ὴ
1573 2835 1715 2889 κατὰ
1739 2834 1802 2889 τὸ

205 2919 446 2991 γράμμα
479 2919 571 2972 τοῦ
621 2922 805 2992 Νόμου
836 2922 1157 2977 διδασκαλία
1197 2924 1540 2980 ἐπιϐουλεύει
1599 2926 1796 2998 Ἰησοῦ,

207 3014 280 3084 τῇ
328 3011 576 3084 ἀληθείᾳ,
628 3015 724 3068 καὶ
778 3014 1024 3084 βούλεται
1074 3019 1102 3070 ό
1148 3016 1320 3081 τύπος
1373 3018 1460 3071 ἵνα
1515 3019 1796 3094 ὑφεστήκῃ

209 3103 517 3175 ἐμποδίζων
541 3106 616 3176 (l)
645 3108 709 3178 τῇ
734 3105 1034 3178 φανερώσει
1053 3107 1154 3178 τῆς
1179 3109 1464 3180 ἀληθείας·
1489 3113 1582 3164 καὶ
1605 3109 1796 3183 ὥσπερ

212 3193 250 3266 ἡ
276 3193 413 3266 σάρξ
444 3195 536 3248 καὶ
571 3197 711 3250 κατά
753 3196 912 3250 τοῦτο
956 3197 1216 3270 ἐπιθυμεῖ
1245 3200 1386 3254 κατά
1417 3201 1513 3255 τοῦ
1544 3203 1793 3274 πνεύμαο

210 3301 324 3348 τος.
377 3285 516 3340 Ἀλλ’
563 3288 909 3359 ἰσχυρότερον
948 3289 1006 3343 ὃν
1044 3290 1104 3343 τὸ
1158 3291 1460 3362 ἐπιθυμοῦν
1507 3294 1649 3348 κατά
1695 3295 1794 3365 τῆς

215 3380 417 3452 σαρκὸς
451 3380 686 3452 πνεῦμα,
747 3383 842 3436 καὶ
876 3384 909 3452 ἡ
940 3383 1146 3454 ἀληθὴς
1195 3383 1289 3436 τοῦ
1332 3384 1586 3456 Σωτῆρος
1633 3387 1794 3457 ήμῶν

213 3471 616 3543 ἀρχιερωσύνη,
646 3474 740 3527 καὶ
771 3475 805 3544 ἡ
850 3475 1192 3548 πνευματικὴ
1239 3475 1403 3529 αὐτοῦ
1457 3477 1792 3546 διδασκαλία,

213 3564 418 3618 διαλύει
438 3566 618 3618 ὼτῶν
642 3565 942 3620 κατάύτοῦ
975 3565 1373 3638 βουλευομένων
1399 3566 1474 3637 (2)
1494 3569 1795 3639 ἀρχιερέων

214 3656 310 3710 καὶ
335 3655 644 3726 Φαρισαίων
685 3656 978 3728 συνέδριον.
1023 3656 1206 3710 Ταῦτα
1235 3657 1292 3710 δὲ
1319 3657 1658 3728 ὑποληπτέον
1704 3659 1798 3712 καὶ

214 3746 312 3802 νῦν
342 3747 605 3818 γίνεσθαι,
634 3748 824 3821 ὥσπερ
861 3748 1009 3802 ἔστιν
1044 3749 1171 3802 ἰδεῖν
1201 3751 1261 3803 ἐν
1288 3753 1400 3813 τοῖς
1432 3749 1525 3802 τοῦ
1557 3767 1798 3820 σωματι-

215 3837 318 3894 κοῦ
341 3840 432 3893 τοῦ
487 3841 822 3912 ’ἰουδαϊσμοῦ
868 3842 1180 3905 συστάσεως
1223 3843 1318 3896 καὶ⁵
1346 3836 1636 3898 καταλύειν
1681 3843 1801 3897 ἐθέ-

215 3928 364 3984 λουσι
399 3930 500 4001 τὴν
537 3931 912 4004 πνευματικὴν
942 3931 1180 4004 Χριστοῦ
1211 3932 1583 3987 διδασκαλίαν.

288 4021 374 4076 12.
411 4043 429 4073 ι
462 4017 556 4087 Εἷς
584 4023 644 4076 δέ
671 4041 757 4088 τις
786 4024 844 4091 ἐξ
877 4021 1056 4078 αὐτῶν
1083 4023 1361 4092 Καϊάφας,
1393 4025 1686 4098 ἀρχιερεὺς
1722 4027 1798 4079 ὢν

217 4113 310 4167 τοῦ
363 4115 608 4168 ἐνιαυτοῦ
689 4115 920 4179 ἐκείνου,
974 4112 1126 4168 εἶπεν
1179 4116 1386 4180 αὐτοῖς·
1421 4117 1644 4188 .’Υμεῑς
1697 4117 1800 4171 οὐκ

218 4206 390 4261 οἴδατε
425 4207 596 4272 οὐδὲν,
623 4208 743 4261 οὐδὲ
775 4207 1077 4277 λογίζεσθε,
1114 4209 1196 4262 ὅτι
1234 4209 1505 4279 συμφέρει
1539 4212 1674 4281 ἡμῖν
1712 4210 1799 4263 ἵνα

221 4288 299 4362 εἷς
325 4297 606 4370 ἄνθρωπος
641 4299 886 4371 ἀποθάνῃ
917 4300 1058 4372 ὑπὲρ
1097 4299 1191 4353 τοῦ
1238 4299 1387 4367 λαοῦ,
1439 4303 1534 4356 καὶ
1571 4301 1645 4374 μὴ
1679 4303 1799 4356 ὅλον

220 4388 280 4442 τὸ
311 4389 458 4454 ἔθνος
486 4390 775 4473 ἀπόληται.
825 4391 996 4444 Τοῦτο
1027 4391 1083 4444 δὲ
1127 4393 1218 4462 ἀφ’
1249 4391 1444 4446 ἐαυτοῦ
1477 4393 1578 4446 ούκ
1611 4389 1795 4447 εἶπενο

1891 624 2245 678 credentibus
2285 623 2338 676 in
2368 635 2516 685 eum,
2555 628 2610 673 ct
2639 618 2920 684 Romanis,
2945 619 3036 687 qui
3065 619 3298 672 ablaturi
3325 627 3482 672 erant

1891 718 1960 769 ab
1989 716 2069 768 eis
2105 725 2215 768 tum
2263 714 2462 778 locum,
2511 721 2621 765 tum
2653 722 2893 780 gentem.
2931 712 3124 768 Verum
3161 711 3286 780 quia
3320 729 3338 761 ι
3375 710 3483 765 Do-

1890 807 2072 860 minus
2105 804 2336 872 dissipat
2365 799 2594 858 consilia
2639 800 2904 867 gentium,
2941 811 2994 854 et
3035 802 3292 870 reprobat
3327 799 3482 868 cogi-

1895 895 2124 950 tationes
2150 894 2468 964 populorum
2503 894 2546 956 ‘,
2586 911 2604 943 ι
2639 891 2998 945 uihilmniuus
3021 891 3234 944 etiamsi
3263 905 3368 943 non
3401 891 3482 942 di-

1893 990 2158 1042 miserunt
2186 1002 2335 1048 erant,
2371 994 2426 1039 et
2471 985 2615 1037 Deus
2645 999 2769 1038 eum
2799 981 3066 1035 exsulavit
3096 990 3152 1036 et
3187 979 3485 1045 diutisit,et

1892 1089 2082 1129 omnes
2113 1085 2302 1144 gentes
2355 1073 2670 1127 Sct'viet‘ttltl
2701 1073 2774 1136 ei,
2826 1080 2880 1126 et
2919 1069 3148 1124 Romani
3201 1069 3486 1124 venientes

1895 1165 2137 1221 tulerunt
2166 1165 2384 1219 illormu
2417 1163 2590 1220 locum
2627 1165 2739 1236 (ubi
2773 1164 2918 1220 enizn
2970 1163 3116 1232 quod
3164 1161 3239 1215 illi
3291 1171 3482 1216 vocant

1895 1256 2272 1310 sanctuarium
2298 1253 2358 1325 Ἰ)
2390 1266 2554 1323 atque
2585 1254 2750 1308 etiam
2788 1254 2961 1307 tulere
3001 1260 3216 1321 gentem
3243 1293 3257 1316 ,
3288 1251 3486 1306 ablatis

1897 1345 2004 1400 illis
2027 1362 2058 1399 e
2097 1345 2263 1416 384
2294 1345 2412 1399 loco
2443 1362 2461 1411 ;
2505 1347 2594 1399 vix
2655 1346 3019 1400 concedentes
3070 1344 3176 1399 illis
3213 1354 3358 1398 stare
3393 1346 3484 1398 ubi

1896 1437 2120 1500 relleut,
2156 1437 2320 1489 etiam
2360 1437 2411 1490 in
2472 1437 2836 1505 dispersione.
2866 1433 3019 1500 Quod
3050 1435 3093 1488 si
3143 1434 3342 1488 audere
3387 1451 3486 1489 ue-

1897 1545 2051 1585 ccsse
2073 1539 2156 1582 est
2191 1529 2242 1582 in
2276 1546 2492 1583 sensum
2545 1530 2901 1599 anagogieum
2945 1529 3137 1582 horum
3168 1530 3482 1592 verborum,

1882 1621 2140 1675 dicemus
2169 1620 2382 1681 hormn,
2412 1621 2500 1688 qui
2535 1634 2600 1672 ex
2647 1619 3075 1672 circumcisione
3119 1629 3266 1684 sunt,
3307 1621 3484 1674 locum

1899 1722 2087 1781 gentes
2113 1711 2411 1780 accepisse,
2449 1711 2576 1779 quia
2611 1729 2628 1762 ι
2674 1710 2886 1764 illorum
2921 1709 3073 1778 lapsu
3101 1709 3248 1765 salus
3281 1711 3489 1765 venerit

1828 1801 2196 1871 Bgentihus,
2252 1816 2362 1870 quo
2419 1801 2554 1871 ipsis
2612 1799 2780 1855 Judmi
2841 1799 3226 1855 mmularentur
3255 1803 3300 1866 ',
3349 1821 3368 1853 ι
3432 1809 3490 1854 et

1897 1909 1995 1964 pro
2041 1895 2296 1963 gentibus
2333 1894 2609 1948 ltornanos
2645 1893 2815 1948 fuisse
2858 1893 3067 1947 dictos:
3109 1896 3212 1950 hoc
3257 1904 3362 1961 est,
3390 1909 3489 1963 pro

1895 1987 2274 2049 sul:ditis,'eos
2305 1987 2397 2055 qui
2434 2001 2617 2041 rerum
2658 1987 3049 2055 potiebantur;
3093 1985 3322 2057 proinde
3353 2001 3488 2054 gens

1898 2093 1928 2130 a
1959 2077 2214 2142 gentibus
2243 2078 2420 2132 ablata
2455 2078 2558 2133 fuit
2592 2096 2608 2145 ;
2651 2079 2742 2149 qui
2775 2079 2920 2135 enim
2972 2078 3202 2151 populus
3229 2088 3370 2140 erat,
3405 2077 3496 2131 fa-

1898 2177 2021 2222 ctns
2047 2178 2127 2222 est
2159 2184 2266 2222 non
2300 2169 2531 2238 populos
2559 2169 2580 2200 ³
2609 2187 2625 2236 ;
2661 2179 2716 2225 et
2747 2171 2838 2240 qui
2869 2185 2933 2224 ex
2969 2169 3136 2225 Israel
3171 2179 3350 2230 erant,
3383 2182 3491 2221 non

1899 2258 2135 2326 amplius
2165 2268 2293 2313 sunt
2345 2258 2594 2325 lsi-aclis;
2625 2259 2832 2329 quique
2862 2273 3048 2314 semen
3077 2267 3251 2323 erant,
3283 2272 3348 2311 co
3380 2269 3488 2310 non

1900 2360 2268 2420 pervenerunt
2316 2359 2375 2404 ut
2426 2350 2517 2404 lilii
2561 2350 2778 2405 fierent.
2819 2348 3064 2417 Quarum
3095 2363 3277 2403 rerum
3324 2361 3487 2400 causa

1900 2441 2070 2496 multa
2103 2439 2414 2497 fuere'Jesu
2462 2440 2771 2506 miracula;
2810 2449 2865 2495 et
2899 2440 3031 2510 quia
3084 2437 3291 2492 dimisit
3339 2435 3490 2491 illum

1901 2531 2064 2585 l’ater
2086 2531 2426 2600 superiorem
2468 2528 2670 2585 factum
2714 2531 3031 2600 pontificum
3075 2539 3131 2586 et
3187 2527 3492 2583 Pharisae-

1902 2639 2042 2687 rtun,
2078 2623 2170 2692 qui
2200 2622 2491 2678 concilium
2533 2621 2796 2677 adversus
2824 2635 2949 2676 eum
2992 2621 3347 2690 collegerant,
3369 2633 3495 2676 con-

1900 2717 2050 2771 cilio.
2090 2717 2162 2770 At
2191 2731 2318 2769 vero
2348 2713 2657 2784 pontifices,
2689 2721 2746 2767 et
2777 2719 2928 2768 totus
2960 2711 3272 2768 Judmorum
3303 2725 3494 2780 corpo-

1903 2805 2029 2860 ralis
2061 2806 2260 2870 cnltns,
2312 2803 2704 2874 l’lnu-ismique,
2749 2813 2806 2858 et
2859 2812 2972 2859 tota
3009 2803 3166 2872 chis
3219 2803 3493 2869 doctrina,

1895 2897 2046 2968 juxta
2084 2898 2321 2952 litteram
2362 2895 2592 2950 insidias
2640 2893 2865 2950 molitur
2900 2895 3116 2948 reritati
3153 2891 3326 2965 (Jesu)
3354 2893 3496 2948 vult-

1901 3007 2006 3061 que
2036 2991 2263 3060 figuram
2323 2989 2627 3043 subsistere
2654 3030 2670 3053 ,
2703 2987 2956 3042 veritatis
2996 2986 3491 3041 manifestationeru

1903 3083 2238 3152 impediens;
2274 3089 2329 3134 et
2383 3095 2488 3133 nou
2516 3093 2676 3134 secus
2715 3092 2782 3132 ac
2823 3091 2986 3143 caro,
3024 3077 3188 3130 etiam
3231 3077 3375 3131 hanc
3419 3077 3491 3130 oh

1899 3190 2122 3229 causam
2151 3170 2492 3242 concupiscit
2514 3172 2776 3226 adversus
2801 3170 3054 3240 spiritum
3083 3168 3125 3226 ⁸.
3151 3169 3256 3224 Sed
3297 3169 3492 3224 fortior

1899 3283 2022 3322 eum
2063 3266 2134 3321 sit
2186 3265 2412 3335 spiritus
2461 3263 2860 3332 concupiscens
2911 3261 3178 3317 adversus
3215 3276 3482 3324 carnem,

1899 3371 1956 3414 et
1987 3373 2148 3414 verus
2189 3357 2499 3413 Servatoris
2557 3355 2731 3410 nostri
2792 3354 3132 3426 principatus
3188 3353 3485 3410 sacerdotii

1898 3451 2304 3523 spiritualisque
2335 3449 2481 3504 illius
2503 3448 2778 3510 doctrina,
2821 3447 3142 3516 pontiticunt
3189 3445 3491 3500 Pharismo-

1900 3559 2128 3614 rumque
2159 3543 2455 3600 concilium
2517 3541 2784 3595 adversus
2821 3554 2942 3594 eum
2987 3538 3214 3593 insidias
3272 3549 3488 3594 struetr-

1902 3640 2034 3694 tium
2066 3637 2338 3691 dissolvit.
2377 3635 2504 3689 llzcc
2544 3643 2724 3687 autem
2756 3631 3057 3686 etiamnum
3108 3631 3223 3684 fieri
3255 3645 3488 3684 censen-

1900 3732 2025 3784 dum
2055 3737 2174 3791 est,
2227 3737 2284 3780 ut
2333 3735 2418 3780 est
2473 3737 2698 3778 cernere
2755 3721 2809 3774 in
2863 3719 2950 3774 his
3007 3719 3097 3788 qui
3151 3720 3488 3788 spiritualem

1898 3821 2100 3877 Christi
2135 3819 2442 3873 doctrinam
2503 3829 2600 3882 per
2647 3811 2990 3882 corporalem
3039 3809 3306 3866 Judaiszui
3358 3826 3491 3866 cou-

1901 3913 2256 3986 spirationem
2283 3908 2581 3964 dissolvere
2607 3904 2815 3960 volunt.

1975 4026 2060 4079 12.
2107 4042 2138 4084 ι,
2162 4022 2313 4078 Unus
2338 4030 2516 4074 autem
2547 4017 2814 4087 quispiam
2847 4031 2911 4070 ex
2938 4017 3048 4085 his,»
3078 4017 3296 4072 nomine
3328 4015 3489 4074 Caia-

1899 4119 2055 4190 phas,
2096 4132 2219 4170 cum
2257 4121 2400 4168 esset
2435 4112 2677 4180 pontifex
2704 4109 2830 4163 anni
2861 4109 3026 4175 illius,
3063 4111 3193 4164 dixit
3226 4110 3344 4165 eis:
3379 4109 3489 4167 Vos

1901 4209 2127 4264 nescitis
2161 4207 2480 4276 quidquam,
2519 4218 2619 4256 nec
2643 4203 2987 4272 perpenditis
3023 4204 3279 4272 expedire
3329 4205 3489 4260 nobis

1901 4312 1960 4356 ut
1987 4315 2126 4356 unus
2171 4299 2335 4353 homo
2388 4297 2656 4351 moriatur
2705 4309 2802 4363 pro
2850 4293 3074 4364 populo,
3121 4309 3186 4348 ac
3237 4309 3342 4346 non
3375 4303 3485 4348 tota

1899 4408 2034 4464 gens
2061 4397 2265 4461 pereat.
2303 4388 2416 4443 Hoc
2438 4396 2621 4442 autem
2649 4400 2678 4439 a
2701 4385 2998 4454 semetipso
3025 4400 3131 4438 non
3161 4384 3297 4437 dixit
3325 4400 3341 4447 ;
3365 4388 3484 4446 sed,

223 4479 330 4534 ἀλλ’
362 4483 652 4555 ἀρχιερεὺς
678 4481 754 4535 ὣν
782 4481 876 4536 τοῦ
909 4483 1156 4536 ἐνιαυτοῦ
1184 4484 1416 4549 ἐκείνου,
1451 4487 1796 4557 προεφήτευ-

1901 4500 2022 4539 cum
2056 4492 2201 4538 esset
2228 4479 2469 4552 pontifex
2495 4477 2619 4532 anui
2647 4477 2813 4542 illius,
2839 4475 3165 4529 Vaticinatus
3187 4484 3270 4528 est
3297 4473 3483 4529 Jcsmu

225 4590 331 4637 σεν,
355 4575 435 4626 ὅτι
463 4575 684 4646 ἔμελλεν
708 4575 914 4645 Ἰησοῦς
939 4576 1297 4648 ἀποθνήσκειν
1313 4577 1452 4648 ὑπὲρ
1469 4576 1564 4631 τοῦ
1587 4576 1796 4642 ἔθνους·

224 4665 314 4722 καὶ
344 4666 442 4738 οὐχ
474 4668 614 4740 ὑπὲρ
633 4667 728 4720 τοῦ
752 4667 937 4731 ἔθνους
963 4667 1140 4739 μόνον,
1159 4667 1272 4722 ἀλλ’
1298 4668 1383 4722 ἵνα
1416 4669 1509 4722 καὶ
1533 4670 1603 4722 τά
1630 4669 1798 4722 τέκνα

223 4759 312 4814 τοῦ
343 4760 477 4814 Θεοῦ
501 4761 568 4814 τά
593 4760 1054 4833 διεσκορπισμένα
1086 4761 1368 4834 συναγάγῃ
1403 4764 1482 4825 είς
1507 4763 1585 4815 ἐν.
1613 4781 1631 4814 ι
1661 4761 1798 4833 Οὐχὶ

227 4852 278 4905 cf
302 4869 384 4916 τις
415 4852 772 4923 προφητεύει,
809 4853 1093 4924 προφήτης
1127 4854 1277 4906 ἐστὶν
1309 4854 1537 4916 ἐκεῖνος.
1576 4854 1637 4908 '0
1664 4853 1796 4924 γοῦν

227 4943 490 5012 Καϊάφας,
527 4964 546 4996 ι
569 4945 859 5017 ἀρχιερεὺς
886 4943 960 4998 ὢν
989 4943 1082 4997 τοῦ
1111 4943 1356 4998 ἐνιαυτοῦ
1384 4943 1612 5009 ἐκείνου,
1637 4963 1799 5017 προε-

231 5033 450 5103 φήτευσε
489 5036 606 5105 μὲν,
642 5035 722 5088 ὃτι
757 5035 978 5106 ἔμελλεν
1026 5033 1231 5105 Ἰησοῦς
1262 5033 1626 5105 ἀποθνήσκειν
1655 5036 1798 5108 ὑπὲρ

229 5120 312 5175 τοῦ
345 5122 560 5187 ἔθνους’
596 5126 691 5178 xci
722 5126 821 5196 οὐχ
852 5126 992 5197 ὑπὲρ
1049 5125 1142 5178 τοῦ
1206 5124 1392 5190 ἔθνους
1447 5125 1625 5196 μόνον,
1684 5123 1810 5179 ἀλλ’

230 5215 306 5268 ἵνα
365 5219 458 5270 καὶ
522 5217 595 5272 τὰ
655 5218 819 5272 τέκνα
879 5204 976 5272 τοῦ
1038 5216 1174 5272 Θεοῦ
1231 5217 1310 5272 ’τά
1374 5218 1796 5290 διεσκορπισμέ-

230 5323 288 5358 να
345 5309 626 5382 συναγάγῃ
676 5311 757 5374 εἰς
813 5309 892 5374 ἓν,
969 5330 988 5362 ι
1043 5311 1104 5364 ού
1171 5311 1279 5384 μὴν
1341 5311 1436 5364 καὶ
1510 5310 1796 5382 προφήτης

230 5393 307 5469 ἦν.
353 5399 417 5455 El
461 5400 520 5455 δὲ
555 5401 651 5454 καὶ
706 5400 935 5473 Βαλαὰμ
991 5404 1365 5474 προεφήτευσε
1429 5399 1500 5453 τά
1557 5402 1615 5454 ἐν
1683 5403 1796 5462 τοῖς

1905 4576 2226 4632 moriturum
2252 4586 2373 4628 esse
2399 4586 2498 4642 pro
2519 4577 2707 4640 gente;
2727 4577 2782 4623 et
2803 4581 2908 4622 non
2933 4576 3142 4620 tantum
3179 4583 3278 4636 pro
3299 4578 3482 4636 gente,

1904 4669 2000 4723 sed
2027 4677 2084 4720 ut
2117 4665 2282 4720 etiam
2319 4662 2462 4716 filios
2498 4660 2614 4723 Dei,
2642 4659 2736 4727 qui
2770 4666 2929 4713 erant
2968 4657 3224 4726 dispersi,
3259 4673 3485 4729 congre-

1904 4768 2056 4830 garet
2086 4758 2138 4812 in
2170 4772 2332 4809 unum
2347 4754 2390 4809 ⁸.
2414 4773 2434 4806 ι
2471 4753 2609 4814 Non,
2635 4752 2680 4806 si
2705 4751 2826 4820 quis
2845 4750 3158 4820 prophetat,
3200 4752 3322 4808 ideo
3351 4768 3480 4823 pro-

1904 4852 2066 4922 pheta
2089 4846 2472 4915 est.Caiaphas
2501 4844 2662 4912 igitur
2682 4861 2702 4894 ι
2739 4843 2977 4914 pontifex
3012 4860 3134 4900 cum
3181 4855 3322 4901 esset
3350 4847 3480 4903 anni

1906 4941 2070 5003 illius,
2101 4937 2440 5010 prophetavit
2474 4954 2493 4987 ι
2522 4934 2738 5004 quidem
2777 4954 2795 4987 ι
2819 4934 3004 4990 Jesum
3037 4938 3360 4994 moriturum
3384 4953 3482 5010 pro

1907 5039 2166 5101 gentezet
2189 5046 2297 5086 non
2325 5045 2422 5100 pro
2447 5038 2605 5100 gente
2627 5037 2858 5095 tantum,
2879 5031 2972 5085 sed
2997 5039 3054 5084 ut
3085 5031 3224 5086 filios
3248 5030 3363 5098 Dei,
3387 5031 3483 5101 ψιί

1907 5135 2062 5180 erant
2090 5123 2340 5194 dispersi,
2381 5123 2734 5194 cettgreguret
2756 5124 2810 5178 in
2841 5139 3046 5190 unum;
3076 5143 3096 5177 ι
3120 5124 3262 5178 haud
3301 5133 3482 5182 tamen

1909 5217 2170 5284 propheta
2205 5225 2344 5271 erat.
2390 5217 2545 5283 Quod
2590 5215 2636 5269 si
2683 5215 2846 5270 etiam
2886 5215 3100 5270 Balaam
3137 5216 3484 5286 prOphetavit

1903 5324 2024 5379 qua:
2042 5311 2094 5364 in
2119 5309 2480 5365 Numerorum
2507 5309 2644 5364 libro
2665 5320 2789 5364 sunt
2811 5311 3038 5381 scripta,
3067 5310 3283 5365 dicens:
3304 5328 3322 5363 ι
3349 5309 3482 5368 Ver-

1901 5403 2028 5458 hum
2061 5402 2225 5474 385
2268 5405 2411 5474 quod
2453 5402 2739 5458 immiserit
2783 5403 2926 5460 Deus
2961 5404 3090 5460 inos
3138 5417 3341 5472 meum,
3377 5403 3482 5464 hoc

293 5591 313 5624 ³
336 5589 791 5658 Psal.xxxu,10.
867 5591 888 5621 ³
918 5587 1075 5642 Rom.
1108 5602 1185 5655 τι,
1217 5586 1300 5641 ll.
1379 5584 1400 5617 ³
1423 5585 1440 5639 Ι
1465 5585 1612 5644 Petr.
1635 5601 1696 5651 ιι,
1727 5585 1794 5641 10

1900 5584 1912 5616 ⁸
1940 5583 2114 5640 Galat.
2144 5599 2197 5649 ν,
2224 5583 2310 5638 Π.
2378 5583 2398 5616 ⁸
2421 5582 2578 5640 Joan.
2607 5601 2683 5650 II,
2705 5583 2774 5642 49
2798 5602 2916 5659 seq.

293 5727 405 5800 (98)
433 5727 616 5800 Qodex
641 5726 867 5800 Ife-gius,
895 5724 1122 5800 citae-rip;
1145 5723 1204 5791 ἐξ
1229 5721 1452 5778 ἐκείνων
1477 5720 1788 5793 ἐπιόουλῆς.

296 5794 408 5872 (99)
439 5798 619 5857 Codex
655 5794 879 5870 Ite—gius,
906 5794 1173 5865 βούλεται.

1977 5719 2050 5863 ξι)
2081 5717 2224 5776 Idem
2249 5718 2415 5774 codex
2446 5719 2663 5792 Regius.
2689 5723 3015 5795 ἐμποδίζειν.

2001 5791 2056 5863 ‘2)
2087 5791 2269 5849 Codex
2297 5789 2518 5862 Regius,
2553 5792 2906 5863 βουλομένων.

2001 5791 2056 5863 ‘2)
2087 5791 2269 5849 Codex
2297 5789 2906 5868 ιῖθείιιε,“βου).ομένων.
