3924 6196
157 288 287 346 709

1156 262 1534 343 “connexi.
1571 287 1632 340 h‘i
1674 284 1869 341 10m.
1908 281 2153 341 renus
2194 284 2432 345 xxvnt.

3356 296 3462 356 710

156 417 185 453 o
221 399 302 454 οι
334 399 400 457 εδ
430 402 709 477 ἀρχιερεῖς
740 403 833 459 καὶ
872 405 932 459 τό
973 406 1251 479 συνέδριον
1282 409 1359 480 (8)
1392 410 1617 480 ἐζήτουν
1646 409 1750 478 ψευ

1883 407 2212 477 prehensum
2238 406 2424 463 Jrsum
2467 408 2812 468 abduxerunt
2836 415 2901 470 ad
2917 416 3214 488 Caiapham
3248 422 3459 490 princi-

146 488 558 570 δομαρτυρίαν
606 500 745 553 κατά
777 500 869 554 τοῦ
916 501 1092 574 Ἰησοῦ
1117 545 1134 570 ,
1184 504 1333 568 ὅπως
1373 505 1770 562 θανατώσουσιν

150 585 348 642 αὐτόν
373 605 389 620 ·
421 590 517 643 καὶ
548 592 645 663 οὐχ
668 585 849 665 εῦρον,
876 595 1093 649 πολλῶν
1120 598 1533 668 προσελθόντων
1576 599 1770 669 ψευδο-

159 680 508 753 μαρτύρων
550 682 777 755 ὕστερον
819 686 877 739 δὲ
925 689 1313 760 προσελθόντες
1344 690 1439 745 δύο
1463 691 1773 764 ψευδομάρ-

153 789 347 843 τυρες
404 770 557 828 εἷπον
578 792 591 806 °
638 772 807 841 Οῦτος
850 778 991 852 ἔφη·
1036 781 1279 854 Δύναμαι
1329 784 1628 839 καταλῦσαι
1677 786 1771 840 τὸν

155 866 307 920 ναὸν
354 868 448 922 τοῦ
486 869 643 935 Θεοῦ,
679 872 776 925 καὶ
806 872 893 926 διὰ
931 874 1097 945 τριῶν
1134 876 1360 950 ἡμερῶν
1391 878 1765 950 οἰκοδομῆσαι.

156 960 287 1015 Kal.
326 962 568 1027 ἀναστὰς
602 966 630 1017 6
662 965 954 1039 ἀρχιερεὺς
1001 962 1157 1020 εἶπεν
1204 968 1378 1040 αύτῷ-
1415 969 1581 1024 Ούδὲν
1633 972 1770 1025 ἀπο-

157 1053 375 1124 κρίνῃ;
412 1055 477 1107 Τί
508 1048 653 1109 οῦτοι
688 1075 780 1110 σου
814 1060 1358 1132 καταμαρτυροῦσινς
1395 1063 1452 1115 ’0
1472 1063 1529 1116 δὲ
1558 1062 1768 1135 Ἰησοῦς

158 1142 414 1197 ἐσιώπα.
445 1146 553 1199 Καὶ
584 1149 611 1200 6
641 1149 933 1219 ἀρχιερεὺς
974 1146 1127 1205 εἶπεν
1165 1152 1338 1223 αύτῷ·
1381 1154 1676 1227 Ἐξορκίζω
1706 1172 1767 1208 σε

155 1236 324 1289 κατὰ
354 1237 446 1291 τοῦ
476 1239 609 1292 Θεοῦ
645 1238 847 1306 ζῶντος
867 1282 881 1306 ,
908 1241 997 1296 ἵνα
1018 1245 1151 1315 ἡμῖν
1179 1244 1341 1319 εἴπῃς
1366 1249 1415 1300 ει
1437 1246 1501 1299 σὺ
1520 1245 1611 1302 εϊό
1633 1250 1769 1320 Χρι-

160 1328 305 1391 στὸς
353 1330 382 1381 6
427 1330 556 1394 Υίδς
595 1332 691 1385 τοῦ
738 1332 894 1388 Θεοῦ.
936 1335 1101 1405 Λέγει
1148 1337 1297 1408 αύτῷ
1333 1340 1362 1392 6
1399 1328 1640 1410 Ἰησοῦς
1691 1342 1765 1396 Σὺ

160 1414 364 1483 εἶπας.
412 1422 557 1493 Πλὴν
581 1422 721 1492 λέγω
744 1425 893 1498 ὑμῖν,
928 1426 1134 1498 ἀπάρτι
1159 1429 1354 1497 ὗψεσθε
1392 1431 1481 1485 τὸν
1510 1431 1640 1485 Υίδν
1667 1433 1764 1487 τοῦ

156 1511 465 1585 ἀνθρώπου
501 1514 805 1586 καθήμενον
837 1518 903 1571 ὲκ
939 1517 1130 1584 δεξιῶν
1173 1520 1275 1590 τῆς
1324 1521 1625 1594 δυνάμεως,
1669 1527 1767 1580 καὶ⁵

153 1603 469 1675 ἐρχόμενον
495 1607 587 1660 ἐπὶ
623 1607 731 1662 τῶν
762 1611 1005 1679 νεφελῶν
1038 1610 1133 1665 τοῦ
1170 1613 1422 1685 ούρανοῦ.
1450 1617 1585 1670 Τότε
1614 1618 1642 1671 6
1666 1620 1766 1691 ἀρ-

150 1700 392 1771 χιερεὺς
431 1702 682 1774 διέρῤηξε
714 1704 787 1757 τὰ
834 1706 1028 1775 ἱμάτια
1076 1707 1266 1774 αῦτοῦ,
1317 1708 1526 1779 λέγων·
1567 1713 1761 1768 Ἐϐλα-

1873 511 1996 566 pem
2030 500 2400 563 sacerdotum,
2442 500 2536 554 ubi
2571 501 2781 559 Scriba:
2806 515 2861 559 et
2887 507 3132 564 senioms
3182 526 3458 567 convene-

1874 599 2043 655 rant;
2077 607 2097 640 ι
2134 600 2259 659 post
2293 606 2465 661 pauca
2487 595 2653 649 etiam
2692 595 2860 652 infert
2880 598 2927 630 ³⁸
2955 617 2969 652 :
3005 618 3026 651 ι
3061 599 3341 671 Principes
3362 620 3459 658 au-

1874 686 1984 734 tem
2015 682 2361 737 sacerdotum
2384 694 2443 739 et
2470 686 2766 742 concilium
2801 691 3123 759 querebant
3151 691 3345 747 falsum
3376 705 3459 749 te-

1872 771 2191 826 stimonium
2224 783 2417 829 contra
2447 774 2654 846 Jesum,
2687 789 2749 833 ut
2785 782 2949 835 morti
2974 797 3100 836 eum
3130 784 3455 852 traderent,

1872 871 2058 919 etnon
2090 864 2465 936 inveniebant,
2489 870 2654 926 etiam
2680 887 2803 927 cum
2830 875 2983 928 multi
3013 874 3132 930 falsi
3171 885 3335 932 testes
3362 892 3455 931 ac-

1871 955 2214 1012 cessissent:
2272 966 2553 1029 postremo
2582 974 2764 1018 autem
2813 963 3154 1022 advenerunt
3193 968 3302 1023 duo
3332 967 3457 1025 l'alsi

1872 1054 2059 1113 testes,
2100 1060 2157 1104 et
2198 1051 2502 1108 dixerunt:
2539 1052 2637 1109 [lie
2678 1056 2854 1112 dixit:
2892 1056 3120 1114 Possum
3168 1061 3459 1117 destruere

1872 1137 2131 1207 templum
2162 1139 2278 1205 Dei,
2308 1142 2449 1198 etin
2475 1143 2665 1199 triduo
2699 1147 2975 1203 aedificare
3012 1149 3166 1203 illud.
3218 1150 3284 1203 Et
3336 1167 3458 1206 sur-

1870 1244 2004 1301 gens
2024 1231 2278 1303 princeps
2296 1236 2647 1290 sacerdotum
2680 1237 2759 1291 ait
2788 1238 2865 1292 illi
2897 1256 2910 1292 :
2941 1238 3091 1293 Nihil
3118 1244 3458 1311 reSpondes?

1871 1320 1982 1376 Cur
2002 1323 2088 1378 isti
2114 1326 2401 1380 adversum
2439 1335 2491 1381 te
2513 1329 2923 1384 testiﬁcantur?
2948 1330 3112 1385 Jesus
3163 1343 3340 1387 autem
3373 1343 3457 1387 ta-

1870 1414 2049 1472 cebat.
2081 1414 2148 1469 Et
2180 1416 2437 1488 princeps
2466 1421 2810 1474 sacerdotum
2848 1420 2987 1475 dixit
3017 1423 3088 1476 illi
3121 1440 3133 1476 :
3174 1424 3379 1493 Adjuro
3400 1437 3456 1482 te

1866 1517 1965 1573 per
1994 1505 2164 1559 Deum
2185 1506 2392 1574 virum,
2428 1516 2489 1561 ut
2524 1510 2672 1564 dicas
2711 1510 2867 1565 nobis
2895 1528 2962 1565 an
2992 1522 3050 1566 tu
3099 1514 3176 1567 sis
3201 1515 3455 1573 Christus

1868 1595 2044 1654 Filius
2065 1598 2181 1653 Dei.
2215 1599 2358 1654 Dicit
2383 1599 2672 1656 illiJesus:
2706 1601 2784 1655 Tu
2823 1604 3033 1660 dixisti.
3061 1604 3449 1665 Verumtamen

1866 1691 1989 1746 dico
2025 1692 2220 1748 vobis:
2253 1692 2370 1762 jam
2406 1693 2533 1748 hinc
2568 1693 2823 1751 videbitis
2850 1696 3046 1751 Filium
3090 1699 3332 1755 hominis
3356 1717 3447 1757 se-

153 1762 276 1863 ἐξφῆ
288 1762 453 1864 μησε·
486 1762 653 1848 τί
678 1762 871 1865 χρείαν
902 1797 1101 1869 ἔχομεν
1130 1762 1480 1871 μαρτύρωινς
1499 1762 1750 1861 Ἰδοῦὴνῦν

1865 1783 2083 1839 dentem
2105 1798 2135 1837 a
2160 1784 2369 1839 dextris
2397 1786 2679 1854 potentiae,
2706 1799 2763 1841 et
2789 1790 3095 1845 seuientem
3120 1792 3179 1845 iu
3214 1795 3454 1850 nubibus

149 1882 451 1953 ἠκούσατε
493 1887 593 1951 τὴν
647 1886 997 1959 βλασφημίαν
1048 1890 1252 1944 αὐτοῦ·
1307 1893 1360 1946 τί
1408 1894 1537 1965 ύμῖν
1571 1897 1753 1965 δοκεῖ;

146 1974 222 2027 Oi
261 1975 322 2029 δὲ
358 1976 755 2048 ἀποκριθέντες
785 1976 958 2033 εἴπονο
998 1982 1221 2055 Ἔνοχος
1246 1984 1477 2041 θανάτου
1516 1988 1684 2045 ἐστίν.
1730 2010 1749 2045 ι

143 2061 300 2118 Εἶτα
333 2066 497 2119 πάλιν
527 2068 644 2138 μεθ’
677 2069 869 2141 ἓτερα’
905 2089 923 2121 ι
965 2071 1075 2124 Kal.
1103 2074 1160 2126 ὲν
1202 2074 1282 2146 τῷ
1332 2081 1755 2151 κατηγορεῖσθαι

142 2156 335 2211 αὐτὸν
375 2158 481 2210 ὑπὸ
513 2159 621 2212 τῶν
663 2161 964 2233 ἀρχιερέων
1015 2163 1109 2219 καὶ
1161 2167 1551 2241 πρεσϐυτέρων
1602 2173 1755 2227 οὐδὲν

143 2247 517 2320 ἀπεκρίνετο.
558 2269 575 2302 ι
624 2251 735 2305 Καὶ
765 2253 928 2308 πάλιν
962 2256 1079 2326 μετ’
1108 2257 1285 2328 ὀλίγα·
1324 2278 1342 2313 ι
1376 2263 1438 2315 Di
1466 2261 1522 2315 δὲ
1563 2264 1754 2336 ἀρχιε-

153 2341 281 2411 ρεῖς
326 2342 420 2394 και)⁴
450 2343 499 2395 οὶ
526 2343 883 2417 πρεσϐύτεροι
922 2347 1147 2403 ἔπεισαν
1173 2352 1299 2417 τοὺς
1330 2353 1520 2424 ὄχλους
1555 2355 1641 2409 ἵνα
1670 2357 1756 2411 ai-

146 2434 437 2503 τήσωνται
466 2434 555 2487 τὸν
596 2436 888 2506 Βαραϐϐᾶν
914 2480 929 2505 ,
966 2440 1059 2495 τὸν
1105 2443 1163 2497 δὲ
1212 2443 1419 2516 Ἰησοῦν
1468 2446 1751 2501 ἀπολέσω-

148 2539 267 2577 σιν.
311 2544 331 2575 ι
388 2522 520 2579 Εἶτα
567 2528 704 2597 μετά
748 2530 845 2601 τὴν
902 2532 1198 2590 ἀνάστασιν
1241 2536 1334 2589 τοῦ
1371 2539 1623 2610 Σωτῆρος
1655 2557 1753 2593 πο-

152 2617 476 2685 ρευομένων
506 2620 724 2690 Μαρίας
770 2623 868 2693 τῆς
902 2625 1289 2699 Ἀίαγδαληνῆς,
1322 2629 1416 2683 καὶ
1449 2629 1549 2700 τῆς
1582 2630 1751 2703 ἄλλης

149 2709 400 2781 Μαρίας,
433 2731 450 2762 ι
486 2712 596 2766 ἰδού
617 2731 761 2781 τινες
781 2715 883 2786 τῆς
913 2719 1244 2784 κουστωδίας
1273 2719 1517 2786 ἐλθόντες
1545 2724 1623 2787 είς
1652 2723 1751 2795 τὴν

154 2798 317 2852 πόλιν
343 2800 686 2871 ἀπήγγειλαν
723 2805 837 2868 τοῖς
871 2805 1189 2877 ἀρχιερεῦσι
1244 2809 1421 2863 πάντα
1470 2812 1541 2865 τὰ
1593 2812 1747 2880 γενό-

157 2903 300 2952 μενα
324 2906 337 2919 ·
393 2890 488 2942 καὶ
542 2893 903 2963 συναχθέντες
964 2897 1104 2967 μετά
1148 2898 1257 2953 τῶν
1316 2901 1706 2975 πρεσϐυτέρων
1730 2944 1745 2968 ,

156 2979 487 3051 συμϐούλιόν
516 3000 577 3035 τε
614 2983 870 3050 λαϐόντες
889 3025 904 3052 ,
936 2988 1177 3061 ἀργύρια
1206 2990 1371 3045 ἱκανά
1399 2992 1605 3047 ἔδωκαν
1636 2997 1749 3060 τοῖς

1863 1874 2009 1929 etuti.
2032 1873 2184 1930 Tunc
2207 1874 2464 1945 princeps
2494 1880 2841 1932 sacerdotum
2864 1878 3100 1950 disrupit
3124 1883 3448 1939 vestimenta

1862 1981 1958 2023 sua
1991 1968 2220 2024 dicens:
2248 1968 2573 2025 Prolocutus
2607 1979 2693 2025 cst
2738 1971 3170 2042 blasphemiam;
3218 1976 3349 2045 quid
3376 1977 3451 2031 in-

1863 2072 2028 2127 super
2048 2072 2269 2128 egemus
2298 2059 2577 2114 testibus?
2606 2058 2748 2116 Ecce
2778 2077 2922 2117 nunc
2943 2065 3175 2119 audistis
3199 2065 3450 2135 blasphe-

1864 2151 2032 2204 miam
2057 2150 2179 2220 ejus
2207 2169 2222 2219 ;
2257 2152 2390 2222 quid
2418 2150 2576 2207 vobis
2604 2152 2822 2209 videtur
2841 2154 2868 2208 ?
2893 2155 2963 2209 At
3005 2155 3078 2210 illi
3112 2160 3447 2227 responden-

1862 2250 1944 2299 tes
1969 2243 2266 2298 dixerunt:
2306 2244 2454 2300 Reus
2478 2254 2567 2302 est
2614 2248 2835 2304 mortis.
2890 2265 2910 2300 ι
2965 2248 3176 2305 Deinde
3224 2256 3455 2307 rursum

1861 2345 1984 2405 post
2005 2335 2110 2392 alia
2141 2338 2189 2370 ³⁸
2222 2356 2235 2392 :
2276 2355 2297 2390 ι
2340 2338 2407 2393 Et
2459 2355 2583 2396 cum
2636 2352 2994 2397 accusaretur
3019 2356 3050 2397 a
3098 2344 3447 2415 principibus

1862 2428 2208 2483 sacerdotum
2237 2438 2293 2484 et
2319 2431 2652 2496 senioribus,
2706 2431 2849 2488 nihil
2899 2434 3201 2502 respondit.
3235 2451 3259 2487 ο
3299 2435 3461 2490 [iur-'-

1858 2534 2089 2591 sumque
2134 2533 2258 2592 post
2314 2538 2488 2594 pauca
2517 2526 2566 2558 ¹⁶
2590 2543 2609 2579 :
2644 2542 2666 2575 ι
2708 2525 2990 2596 Principes
3027 2536 3209 2582 autem
3257 2542 3437 2584 sacer-

1857 2612 2044 2671 dotum
2083 2624 2139 2670 et
2164 2616 2411 2671 seniores
2444 2626 2845 2685 persuaserunt
2865 2617 3238 2686 multitudini,
3266 2629 3326 2674 ut
3347 2636 3444 2690 pe-

1860 2714 2036 2763 terent
2072 2706 2394 2776 Barabbam,
2429 2706 2614 2764 Iesum
2662 2722 2795 2764 vero
2820 2710 3135 2779 perderent.
3167 2729 3189 2764 ι
3244 2712 3440 2768 Postea

1854 2807 1979 2867 post
1998 2799 2460 2856 resurrectionem
2501 2800 2844 2867 Senatoris,
2879 2803 3216 2858 abeuntibus
3270 2802 3440 2860 Maria

1856 2890 2171 2964 Magdalena
2199 2904 2253 2948 et
2290 2892 2462 2949 altera
2490 2892 2686 2960 Maria,
2715 2913 2735 2947 ι
2782 2908 2914 2949 ecce
2945 2895 3166 2964 quidam
3216 2911 3284 2951 ex
3342 2898 3441 2951 c'u-

1855 2984 2028 3039 3todia
2065 2994 2330 3040 venerunt
2358 2985 2411 3040 in
2440 2985 2745 3050 civitatem,
2778 3001 2842 3041 ac
2876 2988 3199 3041 nuntiarunt
3227 2988 3435 3057 princi-

163 3072 541 3142 στρατιώταις,
575 3075 857 3146 λέγοντεςο
908 3078 1147 3148 Εἴπατε,
1176 3084 1256 3137 ὅτι
1299 3085 1348 3137 οἱ
1382 3085 1618 3157 μαθηταὶ
1650 3088 1749 3141 αύ-

163 3158 253 3180 ___"f
309 3160 425 3180 {\AI
720 3165 732 3180 ι
860 3167 882 3180 ιο
922 3168 938 3180 ι
998 3169 1010 3180 ι
1185 3171 1197 3180 ι
1244 3170 1257 3180 ι
1367 3174 1379 3180 -
1448 3174 1472 3180 ..

1856 3073 2013 3142 pibus
2061 3079 2404 3132 sacerdotum
2455 3078 2639 3132 omnia
2670 3092 2796 3147 qua:
2844 3078 3157 3133 acciderant
3186 3087 3285 3132 :et
3309 3094 3441 3133 con-

156 3158 277 3223 τοῦ,
306 3160 550 3226 ἐλθόντες
583 3165 805 3229 νυκτὸς,
857 3167 1090 3239 ἔκλεψαν
1137 3170 1320 3237 αὑτὸν,
1356 3174 1513 3245 ἡμῶν
1540 3192 1749 3249 κοιμω-

162 3249 343 3319 μένων
364 3267 378 3281 -
414 3253 519 3305 κᾶν
545 3253 785 3327 ἀκουσθῇ
814 3257 973 3311 τοῦτο
1007 3259 1100 3312 ἐπὶ
1127 3260 1221 3313 τοῦ
1254 3263 1542 3334 ἡγεμόνος,
1582 3268 1748 3339 ἡμεῖς

158 3342 426 3412 πείσομεν
468 3345 628 3399 αὐτὸν
678 3346 752 3419 (9)
780 3387 794 3410 ,
831 3350 925 3402 καὶ
959 3350 1106 3421 ὑμᾶς
1142 3353 1483 3426 ἀμερίμνους
1524 3360 1746 3431 ποιήσο-

164 3445 318 3498 μεν.»
352 3432 566 3497 Λουκᾶς
586 3434 642 3487 δὲ
670 3435 980 3509 ἀνέγραψεν
999 3480 1013 3502 ,
1045 3440 1149 3503 ὅτι,
1184 3460 1205 3491 ι
1236 3442 1466 3513 Εἱσῆλθε
1497 3445 1746 3513 Σατανᾶς

162 3521 245 3583 εἰς
288 3522 482 3577 Ἰούδαν
514 3526 940 3599 ἐπικαλούμενον
985 3531 1355 3605 Ἰσκαριώτην,
1381 3535 1510 3589 ὄντα
1543 3540 1608 3591 ἐκ
1649 3539 1743 3593 τοῦ

162 3612 396 3685 ἀριθμοῦ
438 3617 548 3670 τῶν
575 3618 805 3685 δώδεκα,
844 3624 939 3676 καὶ
973 3624 1225 3679 ἀπελθὼν
1271 3629 1601 3702 συνελάλησε
1631 3634 1746 3696 τοῖς

162 3703 476 3778 ἀρχιερεῦσι
524 3711 617 3763 καὶ
671 3718 999 3784 στρατηγοῖς
1031 3756 1046 3779 ,
1105 3717 1255 3782 ὅπως
1299 3719 1462 3775 αὐτὸν
1515 3723 1745 3795 παραδῷ

164 3802 366 3865 αὐτοῖς.
396 3820 415 3851 ι
452 3800 581 3855 Εἶτα
605 3806 724 3875 μετ’
752 3805 927 3875 ὀλίγα·
958 3826 977 3859 ι
1002 3805 1167 3875 Elite,
1225 3811 1410 3884 φησιν,
1448 3814 1477 3867 ό
1538 3813 1746 3885 Ἰησοῦς

168 3893 303 3962 πρὸς
331 3893 455 3958 τοὺς
494 3897 972 3969 παραγενομένους
1017 3900 1105 3952 ἐπ’
1132 3901 1294 3956 αὐτὸν
1326 3903 1602 3976 ἀρχιερεῖς
1648 3906 1745 3964 καὶ.

171 3985 504 4053 στρατηγοὺς
553 3983 648 4038 τοῦ
705 3986 850 4058 ἱεροῦ
874 4026 888 4051 ,
928 3988 1024 4041 καὶ
1056 3990 1480 4065 πρεσϐυτέρους·
1526 3994 1614 4059 Ὠς
1648 3996 1743 4050 ἐπὶ

169 4071 365 4144 λῃστὴν
396 4074 647 4147 ἐξήλθετε
678 4078 819 4147 μετὰ
876 4080 1158 4152 μαχαιρῶν
1211 4084 1306 4137 καὶ
1363 4083 1553 4149 ξύλων
1590 4106 1610 4139 ι
1649 4088 1743 4142 καὶ

175 4165 288 4236 μετ’
316 4166 467 4236 ὀλίγα
492 4186 505 4199 ο
542 4187 560 4220 ι
592 4169 961 4235 Συλλαϐόντες
1006 4174 1172 4229 αὐτὸν
1207 4171 1344 4247 ἦγον
1366 4218 1381 4242 ,
1434 4180 1532 4233 κα),
1590 4180 1742 4252 εισή-

172 4274 332 4327 γαγον
356 4262 436 4323 είς
461 4261 560 4334 τὴν
594 4262 772 4317 οἰκίαν
811 4262 907 4317 τοῦ
948 4265 1272 4339 ἀρχιερέως
1300 4285 1321 4319 ι
1348 4270 1445 4323 καὶ
1494 4269 1574 4324 ἔτι
1619 4272 1738 4343 μετ’

173 4349 333 4418 όλίγα·
360 4370 379 4403 ι
413 4351 774 4425 Εἱστήκεισαν
804 4356 852 4409 οἱ
876 4356 1156 4429 ἀρχιερεῖς
1185 4358 1278 4412 καὶ
1310 4361 1357 4413 οἱ
1386 4367 1737 4433 γραμματεῖς

1850 3167 2058 3237 gregali
2109 3182 2234 3223 cum
2284 3169 2628 3234 senioribus,
2663 3170 2894 3225 consilio
2930 3179 3114 3239 capto,
3148 3170 3434 3240 pecuniam

1849 3272 2196 3313 numerosam
2231 3258 2498 3314 dederunt
2547 3259 2821 3315 militibus
2874 3262 3120 3315 dicentes
3152 3278 3166 3314 :
3211 3260 3431 3316 Dicite:

1848 3349 2104 3420 Discipuli
2144 3351 2261 3421 eius
2289 3362 2448 3408 nocte
2471 3362 2763 3418 venerunt,
2808 3362 2863 3409 et
2896 3354 3064 3407 furati
3096 3362 3226 3407 sunt
3261 3368 3386 3408 eum
3414 3394 3431 3418 ,

1848 3443 2004 3497 nobis
2040 3443 2480 3509 dormientibus;
2521 3455 2576 3501 et
2625 3445 2672 3500 si
2709 3447 2813 3501 hoc
2838 3445 3087 3501 auditum
3112 3446 3275 3501 fuerit
3327 3447 3431 3503 sub

1846 3530 2094 3601 praeside,
2122 3548 2221 3587 nos
2249 3536 2699 3603 persuadebimus
2736 3536 2812 3601 ei,
2845 3544 2902 3589 et
2934 3550 3164 3591 securos
3202 3551 3302 3592 vos
3351 3537 3434 3593 fa-

1846 3622 2054 3677 ciemus
2082 3624 2146 3679 ".
2188 3642 2208 3676 ι
2252 3626 2317 3679 At
2348 3626 2525 3682 Lucas
2551 3628 2598 3662 ⁸³
2626 3627 2848 3698 scripsit
2868 3628 3014 3698 quod
3044 3646 3063 3681 ι
3090 3628 3372 3699 ingressus
3404 3648 3425 3682 ι

1846 3711 2013 3768 fuerit
2044 3731 2065 3766 ι
2104 3712 2341 3771 Satanas
2372 3718 2426 3772 in
2453 3717 2670 3781 ludam,
2696 3719 2783 3774 cui
2811 3733 3111 3791 cognomen
3141 3728 3261 3775 erat
3290 3720 3432 3775 lscao

1845 3805 2035 3873 riotes,
2058 3808 2153 3876 qui
2180 3818 2301 3864 erat
2339 3827 2403 3866 ex
2448 3826 2677 3868 numero
2696 3812 3005 3877 duodecim,
3035 3812 3317 3882 abiitque.
3372 3824 3431 3867 et

1843 3894 2058 3953 locutus
2073 3907 2158 3954 est
2178 3915 2300 3956 cum
2320 3901 2666 3973 principibus
2688 3903 3052 3968 sacerdotum,
3068 3918 3133 3957 se
3151 3903 3430 3973 magistra-

1846 3989 2015 4055 tibus,
2041 3993 2321 4060 quomodo,
2349 4008 2475 4049 eum
2526 3995 2765 4051 traderet
2819 3992 2941 4050 illis.
2982 4014 3005 4047 ι
3046 3995 3251 4050 Deinde
3303 4008 3428 4065 post

1841 4096 2010 4152 pauca
2042 4084 2087 4117 ¹⁹
2117 4100 2133 4138 :
2169 4102 2188 4136 ι
2234 4085 2405 4153 Dixit,
2458 4084 2840 4157 inquitﬂesus
2892 4086 2959 4140 iis
3008 4085 3107 4155 qui
3156 4096 3427 4141 venerant

1840 4172 2006 4247 387
2034 4178 2106 4232 ad
2138 4192 2219 4244 se,
2239 4170 2577 4249 principibus
2594 4178 2964 4243 sacerdotum,
2991 4193 3062 4233 ac
3094 4179 3427 4248 magistrati-

1841 4268 1943 4323 bus
1971 4267 2175 4338 templi,
2196 4276 2253 4324 et
2271 4269 2615 4324 senioribus:
2641 4266 2809 4335 Quasi
2837 4271 2903 4323 ad
2930 4269 3203 4323 latronem
3226 4268 3426 4322 existis

1840 4371 1960 4411 cum
1988 4356 2185 4427 gladiis
2233 4367 2289 4414 et
2326 4358 2579 4415 fustibus.
2611 4378 2633 4411 ι
2657 4359 2720 4413 Et
2744 4368 2864 4429 post
2887 4374 3059 4429 pauca
3077 4357 3123 4389 ¹⁶
3159 4375 3172 4409 :
3202 4375 3224 4406 ι
3259 4355 3427 4409 ϐοητ-

175 4442 389 4507 εύτόνως
422 4446 854 4519 κατηγοροῦντες
884 4449 1071 4503 αὐτοῦ’
1111 4470 1129 4504 ι
1164 4452 1257 4507 καὶ
1290 4454 1451 4508 πάλιν
1486 4456 1603 4527 μετ’
1622 4456 1734 4510 όλί-

1856 4450 2167 4505 πειιειιειιιη
2192 4459 2379 4506 autem
2411 4467 2536 4507 etim
2568 4450 2870 4514 duxerunt,
2895 4458 2955 4503 et
2986 4448 3320 4501 induxerunt
3368 4445 3424 4499 ia

176 4548 261 4602 γα’
301 4553 316 4585 ι
354 4535 440 4599 Ὠς
471 4538 655 4608 ἡμέρα
682 4539 791 4610 (10)
819 4540 1035 4610 ἐγένετο
1059 4583 1075 4606 ,
1108 4543 1349 4617 συνήχθη
1393 4545 1457 4599 τὸ
1499 4547 1739 4619 πρεσϐυ-

175 4626 343 4696 τέριον
390 4626 483 4680 τοῦ
533 4627 686 4693 λαοῦ,
723 4629 998 4702 ἀρχιερεῖς
1022 4650 1085 4685 τε
1113 4634 1208 4688 καὶ
1235 4639 1605 4707 γραμματεῖς,
1640 4637 1737 4691 καὶ

176 4718 445 4788 ἀπήγαγον
486 4721 650 4776 αὑτὸν
698 4724 778 4786 είς
827 4724 890 4777 τὸ
943 4726 1219 4795 συνέδριον
1266 4727 1467 4783 αὐτῶν.
1500 4747 1522 4781 ι
1570 4730 1627 4783 '0
1677 4729 1735 4783 δὲ

178 4812 383 4884 Μάρκος
415 4813 579 4883 φησιν
606 4855 620 4878 ,
677 4814 760 4868 ὅτι
816 4833 834 4867 ι
870 4814 1072 4880 Ἰούδας
1108 4817 1481 4889 Ἰσκαριώτης,
1512 4812 1593 4885 εἷς
1625 4820 1735 4873 τῶν

179 4902 386 4968 δώδεκα,
424 4905 695 4977 προσῆλθε
730 4906 866 4978 πρὸς
887 4908 1014 4971 τοὺς
1051 4908 1360 4981 ἀρχιερεῖς,
1390 4906 1476 4965 ἵνα
1507 4909 1737 4981 παραδῷ

181 4994 344 5048 αὐτόν·
364 4998 417 5049 oi
450 4996 507 5050 δὲ
546 4997 879 5061 ἀκούσαντες
906 4998 1207 5071 ἐχάρησαν,
1240 5001 1335 5069 καὶ
1367 5001 1737 5073 ἐπηγγείλαν-

182 5085 519 5158 το(1ι)αύτῷ
535 5087 795 5159 ἀργύριον
815 5088 1017 5142 δοῦναι·
1048 5109 1067 5140 ο
1096 5091 1189 5144 καὶ
1215 5092 1332 5161 μετ’
1360 5092 1539 5160 όλίγω
1578 5093 1734 5145 «Ἔτι

186 5176 266 5231 τοῦ
295 5178 458 5247 Ἰησοῦ
482 5178 789 5244 λαλοῦντος,
818 5181 1176 5253 παραγίνεται
1215 5181 1417 5245 Ἰούδας
1449 5180 1734 5256 Ἰσκαριώ-

248 5268 494 5341 ξξΜοιιιι.
521 5287 672 5334 xxvr,
698 5272 767 5326 59
812 5288 928 5341 seq.
1008 5275 1050 5305 ”
1078 5272 1275 5329 Matth.
1311 5289 1482 5338 χχιιι,
1504 5274 1594 5327 12.

248 5433 314 5503 (8)
344 5437 408 5487 οι
429 5433 498 5487 δὲ
522 5435 816 5504 ἀρχιερεῖς
838 5436 938 5491 καὶ
962 5438 1026 5492 τὸ
1062 5439 1407 5505 συνέδριον.
1436 5436 1530 5493 Sic
1569 5438 1734 5492 habet

187 5508 329 5557 milex
363 5506 714 5569 Bodleiauus;
757 5508 959 5579 Regius
991 5524 1138 5576 vero,
1169 5511 1197 5561 6
1226 5509 1284 5561 δὲ
1326 5509 1617 5583 ἀρχιερεὺς
1638 5509 1734 5562 καὶ

184 5574 238 5629 τὸ
262 5575 545 5646 συνέδριον.
599 5644 623 5646 _
1259 5644 1267 5646 _

250 5646 313 5718 (ἓ)
339 5644 553 5718 Αὐτόν.
596 5644 759 5706 Deest
802 5648 857 5706 in
893 5647 1081 5705 codice
1134 5644 1329 5717 Regio,
1378 5648 1471 5704 sed
1537 5647 1735 5718 legitur

187 5717 234 5771 iu
264 5713 568 5771 Bodleiano.

1695 5272 1737 5304 "
1762 5272 1895 5326 ibid.
1926 5271 2019 5344 Ξθ.
2092 5273 2128 5304 ’⁷
2159 5272 2349 5332 Matth.
2379 5288 2571 5337 xxvttt,
2605 5272 2664 5328 li
2691 5288 2807 5344 seq.

191 5338 228 5371 η
251 5339 365 5395 ibid.
397 5340 486 5394 δε.
562 5338 906 5397 unum“;
959 5344 1001 5375 ιι
1039 5343 1174 5398 Luc.
1209 5343 1486 5405 xxutJO.
1562 5346 1607 5377 η
1639 5343 1750 5400 Luc

1856 5342 2046 5407 xn,66.

1846 4542 2064 4596 domum
2123 4542 2385 4611 principis
2434 4543 2783 4596 sacerdotum
2825 4556 2840 4605 ;
2896 4555 2919 4590 ι
2968 4546 3031 4593 et
3081 4535 3259 4591 adhuc
3305 4546 3425 4605 post

1844 4647 2011 4703 pauca
2032 4633 2078 4667 “
2112 4650 2127 4686 :
2167 4652 2186 4684 ι
2228 4632 2460 4687 Stabant
2490 4641 2679 4686 autem
2702 4628 2981 4699 principes
2996 4627 3344 4682 sacerdotum
3368 4637 3427 4681 et

1844 4724 2040 4779 scriba:
2066 4723 2271 4777 acriter
2320 4730 2641 4775 ccusantes
2670 4733 2835 4785 eum;
2882 4735 2901 4769 ι
2948 4731 3277 4788 rursumque
3304 4727 3425 4787 post

1843 4830 2015 4887 pauca
2046 4818 2093 4849 “
2123 4833 2140 4872 :
2176 4832 2195 4867 ι
2233 4815 2305 4870 Ut
2359 4814 2564 4877 illuxit,
2599 4818 2970 4867 convenerunt
3026 4809 3277 4866 seniores
3323 4824 3422 4879 po-

1844 4908 1974 4979 puli,
2014 4906 2398 4977 principesque
2434 4902 2803 4967 sacerdotum,
2855 4912 2911 4958 et
2957 4903 3151 4960 scribae
3184 4942 3200 4967 ,
3252 4903 3422 4957 duxe-

1846 5008 2078 5069 ruutque
2109 4995 2258 5051 illum
2298 4996 2351 5050 in
2393 4992 2688 5050 concilium
2721 5009 2905 5051 suum.
2936 5013 2956 5047 ι
2990 4992 3162 5050 Porro
3199 4992 3417 5048 Murcus

1843 5091 2020 5159 inquit
2052 5089 2097 5121 "
2132 5107 2145 5145 :
2183 5106 2201 5140 ι
2236 5086 2399 5145 ludus
2427 5087 2734 5154 lscariotes,
2768 5102 2906 5144 unus
2933 5103 3000 5144 ex
3027 5100 3257 5142 numero
3284 5088 3421 5140 duo-

1841 5180 2044 5247 decim,
2078 5181 2307 5236 accessit
2338 5182 2401 5237 ad
2428 5195 2668 5237 summos
2694 5182 3025 5242 sacerdotes.
3057 5187 3116 5233 ut
3165 5176 3419 5248 proderet

2884 5273 2929 5307 ι’
2960 5270 3091 5327 Luc.
3114 5284 3252 5334 xxtt,
3278 5270 3332 5335 5,
3359 5269 3416 5328 ι.

2124 5344 2169 5376 ’³
2211 5344 2380 5400 Marc.
2417 5360 2529 5408 xtv,
2560 5344 2649 5397 10.

1909 5436 2170 5519 (10)](αὶ
2198 5438 2383 5519 mich
2400 5436 2529 5519 μετ’
2810 5433 2905 5501 Ὠς
2932 5435 3278 5519 ἡμέραιεῑε.
3301 5432 3412 5519 luto

1841 5505 2113 5562 loc‘usille
2142 5505 2547 5574 prtecedeuteut
2571 5505 2730 5558 debet
2768 5511 3104 5574 praecedere,
3144 5508 3234 5561 hic
3263 5510 3410 5565 enim

1840 5579 2069 5632 habetur
2117 5574 2251 5632 Luc.
2306 5591 2443 5641 xxn,
2485 5572 2577 5642 66,
2620 5574 2714 5628 ille
2746 5572 2883 5632 Luc.
2930 5572 3098 5647 mu,
3131 5577 3218 5635 10.
3261 5576 3412 5639 H08-

1843 5661 2021 5788 mzlsl)
2052 5716 2234 5775 Codex
2276 5714 2499 5787 Regius,
2524 5714 2687 5787 male,
2718 5716 3103 5789 ἐπηγγείλατο.
