3866 6200
504 236 607 296 ἰη
1995 227 2320 288 ΟΠΙΟΕΝΙΒ
2778 219 2808 246 ⁶
3651 245 3737 302 τη

504 373 632 412 eum
660 355 764 412 illis
797 373 811 411 :
845 356 948 411 hoc
1001 364 1182 410 autem
1237 352 1313 408 illi
1349 353 1532 407 audito
1571 350 1739 422 gavisi
1798 361 1925 406 sunt
1954 393 1970 416 ,

2203 372 2308 426 της,
2328 347 2408 416 εἷς
2430 352 2538 408 τῶν
2566 353 2796 420 δώδεκα,
2823 354 2917 411 καὶ⁸
2941 357 3062 428 μετ’
3094 355 3260 412 αὐτοῦ
3285 358 3441 430 όχλος
3461 361 3612 427 πώλει
3627 369 3730 434 μετά

509 449 732 521 polliciti
773 457 903 502 sunt
938 446 988 500 ci
1035 446 1320 516 pecuniam
1348 460 1408 499 se
1437 445 1659 498 daturos
1687 444 1773 506 “;
1811 463 1829 493 ι
1866 453 1923 498 et
1969 459 2036 512 po

2200 446 2482 518 μαχαιρῶν
2515 448 2609 502 καὶ
2638 447 2836 516 ξύλων,
2855 450 3008 522 παρὰ
3025 450 3136 505 τῶν
3162 452 3464 528 ἀρχιερέων
3477 454 3569 507 καὶ
3590 471 3727 529 γραμ-

507 556 677 611 pauca
711 557 723 592 :
771 557 791 590 ι
821 537 1016 591 Adhuc
1042 535 1297 606 loquente
1330 533 1478 598 Jesu,
1516 534 1730 588 accedit
1752 531 1921 588 Judas
1946 534 2034 590 lsc

2200 539 2414 608 ματέων
2441 540 2534 592 καὶ
2567 539 2676 594 τῶν
2702 539 3168 614 Φαρισαίῳνγπκαὶ
3185 523 3638 616 ’πρεσϐυτέρων-ι
3661 523 3727 604 διαὶ

508 635 695 695 riotes,
727 629 818 700 qui
851 637 970 683 erat
994 643 1134 683 unus
1165 642 1196 682 e
1227 627 1538 690 duodecim,
1569 634 1771 680 etcum
1799 625 1895 681 illo
1931 627 2035 682 tur!

2201 632 2316 700 μετ’
2342 630 2500 700 ὀλίγα
2516 649 2529 660 ·
2573 649 2593 682 ι
2638 633 2956 706 ’Δλςήγαγον
2995 635 3086 688 τὸν
3131 635 3341 707 Ἰησοῦν
3361 637 3496 708 πρὸς
3524 640 3728 710 Καϊάααν

507 725 677 778 multa
716 736 840 776 cum
872 720 1090 792 gladiis,
1120 729 1178 776 et
1208 717 1482 783 fustibus,
1509 733 1538 772 a
1573 719 1802 774 summis
1829 719 2034 774 sacerdt

2201 716 2606 789 τὸνάρχιερέα,
2643 722 2739 774 καὶ
2775 723 3131 794 συνέρχονται
3161 725 3366 790 πάντες
3406 728 3456 780 οἱ
3505 728 3728 802 ἀρχιερεῇ

505 817 670 880 tibus,
705 822 761 868 et
797 813 1016 877 scribis,
1053 821 1109 868 et
1144 811 1492 877 senioribus;
1523 829 1544 863 ι
1579 821 1636 866 et
1664 820 1784 882 post
1808 827 1979 882 pauca
2004 813 2032 842 ἐ

2199 808 2288 861 καὶ
2321 813 2674 880 γραμματεῖς
2729 812 2824 866 καὶ
2857 813 3243 888 πρεσϐύτεροι·
3267 834 3287 869 ι
3328 814 3448 871 εἶτα
3474 820 3618 874 πάλιν
3645 827 3726 892 μετ

508 924 526 957 ι
553 905 909 962 Abduxerunt
939 902 1122 960 Jesuin
1153 904 1220 959 ad
1249 917 1521 958 summum
1559 903 1899 958 sacerdotem
1927 903 2035 959 Cui:

2197 899 2345 969 ὀλίγα
2365 917 2379 930 ·
2419 920 2438 953 ι
2489 903 2752 970 Ἀναστὰς
2781 907 2810 959 6
2837 905 3132 979 ἀρχιερεὺς
3181 908 3508 982 ἐπηρώτησε
3540 913 3618 966 16v
3652 916 3724 985 '11;-

501 997 688 1065 pham.
723 1005 777 1049 et
817 1003 1192 1050 convenerunt
1224 994 1292 1049 ad
1348 993 1498 1049 illum
1529 1008 1721 1052 omnes
1757 992 1954 1048 summi
1999 1006 2026 1046 s

2197 990 2339 1054 σοῦν,
2369 992 2565 1062 λέγων·
2595 996 2708 1050 Οὐκ
2737 997 3012 1072 ἀποκρίνῃ
3031 999 3219 1066 οὑδέν;
3245 1003 3297 1054 τί
3327 995 3474 1057 οὗτοί
3495 1021 3580 1058 σου
3601 1024 3724 1059 καῖεν

499 1089 775 1152 cerdotes,
807 1098 862 1142 et
905 1087 1122 1154 scribae,
1156 1097 1210 1142 et
1241 1088 1528 1151 seniores;
1564 1106 1584 1139 ι
1621 1086 1816 1142 deinde
1871 1099 2026 1138 rursu

2192 1084 2561 1156 μαρτυροῦσιν
2585 1105 2600 1154 ;
2649 1088 2708 1142 '0
2735 1087 2796 1142 δὲ
2829 1088 3061 1156 ἐσιώπα,
3088 1092 3182 1146 καὶ
3209 1093 3366 1147 οὐδὲν
3417 1095 3719 1165 ἀπεκρίνατ’).

501 1189 622 1251 post
648 1195 820 1250 pauca
850 1180 896 1212 "
930 1198 944 1235 :
984 1197 1003 1232 ι
1044 1177 1113 1233 Et
1162 1193 1393 1246 surgens
1425 1192 1673 1234 summus
1719 1169 1980 1232 sacerdos
2011 1175 2026 1228 i

2195 1175 2360 1230 Πάλιν
2401 1179 2431 1232 6
2464 1179 2759 1250 ἀρχιερεὺς
2796 1181 3155 1255 ἐπηρώτησεν
3189 1183 3354 1238 αὐτὸν
3387 1183 3454 1236 ὲκ
3486 1182 3722 1256 δευτέρου,

500 1271 794 1342 terrogavit
814 1270 1022 1338 Jesuiu,
1045 1271 1270 1326 dicens:
1296 1268 1412 1324 Non
1438 1267 1734 1337 respondes
1755 1267 2027 1338 quidquau

2198 1266 2396 1336 λέγων·
2445 1272 2518 1326 Σὺ
2561 1270 2614 1326 εἷ
2647 1275 2676 1327 6
2720 1272 2957 1343 Χριστὸς
2981 1275 3010 1327 6
3043 1273 3172 1338 Υίδς
3195 1273 3292 1327 τοῦ
3326 1272 3645 1345 Εὐλογητοῦς
3680 1274 3725 1330 ’0

497 1365 627 1434 quid
657 1365 743 1419 isti
773 1365 1063 1421 adversum
1097 1374 1146 1418 te
1183 1361 1585 1418 testificantur?
1629 1360 1700 1414 At
1731 1360 1820 1414 ille
1849 1358 2024 1414 tacebt

2201 1360 2410 1432 Ἰησοῦς
2450 1362 2775 1434 ἀποκριθεὶς
2809 1365 2960 1433 λέγει
2997 1365 3168 1436 αὐτῷ’
3217 1367 3290 1420 Σὺ
3325 1361 3515 1434 εἴπας,
3544 1368 3616 1420 ὅτι
3643 1365 3727 1435 ἐγὼ

497 1474 672 1526 neque
695 1457 990 1526 quidquam
1029 1456 1412 1527 respondebat.
1462 1453 1697 1510 Rursum
1727 1467 1970 1510 summus
1997 1467 2024 1506 s

2202 1456 2302 1525 εἰμι
2328 1471 2342 1485 ·
2387 1456 2481 1508 καὶ
2519 1449 2718 1526 ὄψεσθε
2736 1458 2828 1512 τὸν
2861 1458 2989 1512 Υίὸν
3016 1458 3112 1512 τοῦ
3151 1457 3443 1530 ἀνθρώπου
3474 1459 3729 1529 καθήμενον

497 1552 688 1605 cenios
724 1549 1094 1618 interregabat
1141 1562 1266 1602 eum
1293 1548 1531 1603 secundo
1555 1547 1742 1602 dicens
1778 1546 1887 1602 :Es
1913 1555 1968 1599 tu
1999 1543 2024 1598 il

2201 1547 2254 1598 ὲκ
2287 1544 2478 1610 δεξιῶν
2530 1545 2630 1618 τῆς
2683 1546 2988 1619 δυνάμεως,
3030 1548 3126 1601 καὶ
3179 1548 3472 1618 ἐρχόμενον
3503 1549 3624 1618 μετὰ
3648 1548 3728 1602 τῶν

495 1642 746 1699 Christus
770 1639 941 1695 Filius
972 1640 1116 1695 illius
1137 1638 1452 1695 Benedicti?
1479 1639 1546 1692 At
1564 1637 1724 1693 Jesus
1755 1637 2018 1707 responde

2202 1637 2426 1706 νεφελῶν
2469 1638 2564 1692 τοῦ
2617 1639 2879 1711 ούρανοῦ.
2921 1640 2979 1694 '0
3030 1640 3088 1694 δὲ
3141 1639 3438 1710 ἀρχιερεὺς
3482 1639 3729 1711 διαρρήξας

494 1734 627 1788 dicit
661 1732 733 1787 illi
763 1746 780 1787 :
812 1732 891 1786 'l'u
922 1731 1147 1798 dixisti;
1193 1744 1293 1800 ego
1318 1746 1474 1786 sum:
1504 1741 1561 1786 et
1586 1730 1844 1786 videbitis
1869 1729 2011 1784 Filiu

2198 1727 2387 1792 εὐθέως
2431 1729 2558 1792 τοὺς
2585 1729 2820 1799 χιτῶνας
2847 1727 3016 1784 αὐτοῦ
3049 1729 3229 1800 (12)...
3263 1749 3282 1781 ι
3311 1725 3430 1782 εἶτα
3460 1732 3566 1800 μετ’
3587 1730 3725 1796 ὀλίγα·

497 1823 731 1880 bominis
755 1823 1042 1880 sedentem
1093 1839 1123 1878 a
1169 1824 1363 1878 dextra
1393 1823 1671 1894 potentiae,
1694 1831 1749 1878 et
1775 1821 2024 1876 veniente

2203 1817 2390 1890 ιΠρωῒ
2433 1817 2756 1890 συμϐούλιον
2799 1817 3062 1888 ἐποίησαν
3092 1817 3141 1870 οἱ
3173 1817 3453 1888 ἀρχιερεῖς
3501 1817 3624 1887 μετά
3647 1815 3730 1868 τῶν

493 1931 615 1971 cum
649 1915 882 1971 nubibus
923 1915 1069 1971 cwli.
1105 1915 1175 1970 At
1207 1929 1455 1970 summus
1485 1913 1742 1970 sacerdos
1769 1912 2020 1967 dilacerat

2202 1909 2577 1983 πρεσϐυτέρων
2622 1910 2716 1964 καὶ
2767 1909 2878 1964 τῶν
2933 1910 3346 1982 γραμματέων,
3406 1911 3500 1963 καὶ
3549 1909 3650 1962 ὅλον
3683 1905 3729 1960 16

493 2007 677 2062 statim
709 2007 950 2062 vestibus
972 2009 1088 2062 suis
1116 2004 1272 2077 [dicit
1305 2023 1318 2059 :
1361 2004 1504 2072 Quid
1533 2011 1796 2073 praeterea
1825 2017 1961 2073 opus
1979 2002 2020 2056 b;

2202 2004 2492 2076 ξυνέδριον,
2528 2004 2624 2057 καὶ
2649 2003 2913 2075 δήσαντες
2945 2002 3056 2075 (15)
3102 2003 3194 2056 16v
3238 2001 3448 2073 Ἰησοῦν
3488 2002 3729 2073 ἀπήγαγον

493 2100 685 2156 bemus
741 2099 1008 2155 testibus?
1057 2097 1303 2154 Audistis
1333 2085 1776 2165 blasphemiam]
1815 2111 1834 2144 ι
1881 2092 2020 2147 Βεὶηι

2198 2097 2266 2158 είς
2299 2095 2396 2167 τὴν
2429 2094 2618 2168 αὐλὴν,
2653 2095 2748 2149 καὶ
2793 2095 3126 2167 παρέδωκαν
3163 2094 3435 2165 Πιλάτῳ.»
3473 2089 3596 2146 Εἶτα
3638 2093 3725 2162 μετ’

491 2198 615 2261 post
647 2205 818 2260 pauca
844 2191 888 2222 "
921 2208 934 2243 :
975 2208 994 2244 ι
1031 2188 1110 2243 Et
1142 2185 1380 2242 diluculo
1421 2185 1650 2240 consilio
1696 2183 1832 2238 inito
1881 2198 2018 2238 sum:

2199 2187 2368 2255 Βλίγα·
2408 2206 2426 2238 ι
2463 2187 2822 2260 Κατηγόρουν
2857 2187 3024 2240 αὑτοῦ
3053 2189 3102 2240 οἱ
3128 2188 3403 2259 ἀρχιερεῖς
3436 2185 3597 2239 πολλὰ
3618 2226 3631 2249 ,
3654 2185 3726 2236 αὐ-

489 2284 802 2338 sacerdotes
831 2298 953 2338 cum
983 2281 1296 2338 senioribus
1319 2319 1334 2343 ,
1361 2287 1419 2332 et
1448 2278 1669 2344 scribis,
1701 2292 1767 2332 ac
1799 2284 1912 2332 toto
1947 2290 2012 2331 co

2199 2275 2272 2340 πὸς
2323 2275 2382 2330 δὲ
2434 2276 2587 2331 οὐδὲν
2627 2277 2984 2348 ἀπεκρίνατο.
3023 2297 3042 2328 ι
3090 2278 3148 2331 Ὀ
3183 2277 3241 2330 δὲ
3282 2275 3532 2346 Ἰωάννης
3577 2276 3726 2344 φησιν,

489 2390 670 2440 sessu,
695 2374 940 2430 vinctum
961 2373 1150 2430 Jesum
1178 2374 1530 2429 abduxerunt
1557 2371 1612 2426 in
1641 2369 1847 2435 aulam,
1909 2370 2016 2423 trat

2202 2373 2270 2425 ὅτι
2309 2389 2328 2422 ι
2357 2372 2586 2441 Ἀγουσι
2631 2371 2726 2426 τὸν
2781 2372 2991 2442 Ἰησοῦν
3035 2371 3145 2426 ἀπὸ
3193 2369 3288 2424 τοῦ
3337 2368 3558 2436 Καῖάςεα
3589 2369 3658 2431 είς
3685 2367 3729 2418 τὸ

491 2468 800 2536 deruutque
831 2465 1024 2521 Pilato.
1065 2485 1084 2518 ι
1124 2465 1330 2520 Deinde
1351 2473 1474 2534 post
1504 2477 1677 2532 pauca
1706 2462 1790 2517 ἐς
1835 2479 1855 2514 ι
1891 2463 2018 2516 Acci

2202 2463 2536 2537 τραίτώριον.
2576 2485 2595 2517 ι
2635 2464 2823 2519 Ταῦτα
2872 2465 2930 2517 δὲ
2971 2465 3064 2518 ἐπὶ
3109 2464 3292 2517 πλεῖον
3339 2462 3448 2533 (14)
3479 2459 3729 2530 ἐξεθέμεθι

489 2557 685 2610 sabaut
708 2571 834 2610 eum
859 2557 1058 2611 summi
1099 2553 1414 2610 sacerdotes
1443 2551 1510 2607 de
1539 2550 1752 2616 multis,
1805 2551 1925 2620 ipse
1944 2563 2016 2604 vel

2201 2557 2321 2628 νπὲρ
2368 2557 2461 2610 τοῦ
2517 2557 2607 2611 διὰ
2655 2555 2866 2610 πολλῶν
2917 2555 3175 2610 ἁπάντων
3208 2554 3319 2608 τῶν
3368 2549 3728 2623 εὐαγγελιστών

490 2647 626 2702 nihil
657 2644 958 2715 respondit.
995 2663 1012 2695 ι
1044 2645 1286 2700 Joannes
1318 2659 1450 2700 vero
1493 2643 1673 2713 inquit
1695 2644 1739 2674 ’³
1771 2658 1784 2694 :
1826 2659 1845 2691 ι
1886 2639 2017 2695 Addi

2201 2650 2524 2720 παραστῆναι
2546 2649 2648 2720 τὴν
2693 2648 2848 2720 χύσιν
2880 2648 2992 2720 (15)
3016 2648 3116 2720 τῆς
3144 2647 3240 2702 τοῦ
3284 2646 3514 2715 Καῖάφα
3547 2643 3728 2706 κακίας.

489 2749 622 2792 cunt
646 2735 834 2792 Iesum
866 2753 894 2791 a
922 2737 1164 2806 Caiapha
1200 2738 1252 2793 iu
1287 2736 1632 2806 praetorium.
1663 2753 1682 2786 ι
1713 2733 1840 2789 llaec
1886 2743 2012 2787 ante

2202 2743 2276 2796 ιαὶ
2307 2743 2390 2796 ὅτι
2446 2742 2594 2796 κατά
2636 2743 2732 2796 τοῦ
2774 2740 2953 2813 Ἰησοῦ
3003 2741 3406 2811 ἀγωνιζόμενος
3432 2738 3578 2792 οὐδὲν
3600 2730 3729 2808 ἦττον

489 2830 696 2886 diutius
721 2829 1100 2898 exposuimus,
1129 2839 1187 2884 ut
1217 2829 1404 2886 multis
1435 2829 1678 2884 onmium
1711 2823 2016 2895 evangelist:

2200 2833 2617 2903 τροεφήτευσενο
2663 2833 2746 2886 ὅτι
2801 2833 2900 2903 μὲν
2945 2827 3038 2886 οἷν
3101 2831 3505 2904 προεφήτευσε,
3580 2824 3727 2895 σαφῶς

491 2935 610 2975 rum
644 2921 972 2976 testimoniis
993 2921 1416 2977 ostenderemus
1449 2917 1769 2976 eﬂusionem
1802 2914 2018 2972 vitiosit:

1449 2917 1769 2976 eﬂusionem
1802 2914 2076 2972 vitiosita-
2181 2921 2417 2988 ἐδίδαξεν
2451 2925 2600 2995 ἡμᾶς
2623 2925 2653 2976 ὁ
2685 2924 2962 2996 Ἰωάννης.

490 3014 564 3069 tis
579 3012 834 3083 Caiaphze
861 3031 878 3080 ;
908 3022 963 3068 et
1006 3015 1149 3084 quod
1179 3013 1472 3070 adversum
1498 3009 1682 3066 Jesum
1723 3009 2058 3065 contendens
2086 3010 2441 3072 nihilominus
2464 3016 2824 3086 prophetarit.
2854 3017 3031 3086 Atque
3068 3017 3213 3088 quod
3261 3015 3612 3086 prephetarit,
3634 3028 3730 3068 ma-

488 3107 684 3161 nileste
717 3104 900 3160 docuit
924 3118 1021 3158 nos
1056 3101 1300 3158 Joannes
1325 3101 1394 3156 ³⁸.

556 3199 728 3270 388
754 3199 835 3252 l5.
865 3197 971 3252 Sed
999 3212 1211 3267 quaeres
1231 3213 1299 3251 an
1324 3196 1417 3268 qui
1439 3195 1754 3267 prophetat,
1773 3194 1820 3250 is
1847 3194 2075 3250 omnino

2253 3201 2343 3256 15.
2379 3199 2645 3270 Ζητήσεις
2678 3197 2736 3250 δὲ
2765 3199 2813 3250 εἰ
2848 3197 3089 3260 πάντως,
3120 3196 3176 3248 εί
3199 3213 3284 3260 τις
3319 3193 3654 3267 προφητεύει,
3682 3192 3732 3244 ἐκ

487 3305 519 3344 e
549 3291 754 3360 Spiritu
794 3295 986 3343 sancto
1034 3287 1356 3358 prophetet,
1393 3286 1611 3341 etiamsi
1665 3284 1936 3355 aliquibus
1964 3301 2014 3340 ιιι

2205 3293 2495 3364 ῐνεύματος
2519 3291 2674 3360 ἀγίου
2714 3287 3070 3362 προφητεύει,
3102 3288 3203 3342 κάν
3235 3305 3345 3341 τισι
3376 3288 3621 3358 φαίνηται
3642 3281 3732 3353 (16)

488 3381 734 3437 videatur
761 3380 867 3436 hoc
909 3379 1115 3434 dictmu
1147 3380 1504 3450 quaestionem
1535 3377 1835 3450 postulare.
1872 3377 2014 3433 Veru

2204 3384 2451 3456 ιηδεμιᾶς
2486 3383 2768 3454 ζητήσεως
2814 3379 3033 3451 ἔχεσθαι
3081 3378 3144 3431 τὸ
3193 3377 3509 3450 λεγόμενον.
3553 3375 3664 3437 Πῶς
3688 3373 3731 3424 δὲ

465 3474 764 3544 quomodo
797 3489 905 3530 non
950 3481 1036 3529 est
1081 3473 1186 3530 hoc
1234 3472 1465 3545 quaesitu
1503 3471 1724 3542 dignum
1755 3513 1772 3539 ,
1823 3471 1868 3527 si
1904 3471 1992 3524 Dat

2207 3475 2236 3528 ὑ
2287 3473 2569 3546 ζητήσεως
2601 3472 2750 3537 ἄξιόν
2792 3471 2903 3543 (17)
2933 3472 3101 3534 ἐστιν,
3134 3468 3273 3538 εἴγε
3310 3469 3477 3524 Δαυῖδ
3508 3468 3635 3540 μετὰ
3659 3464 3730 3533 τὴν

483 3578 610 3640 ,μου
647 3579 930 3642 peccatum
962 3567 1018 3623 in
1047 3565 1236 3623 Uriam
1269 3565 1652 3630 commissum,
1690 3564 1888 3618 timens
1917 3577 2010 3618 ne:

2207 3567 2271 3619 πὶ
2297 3565 2390 3620 τοῦ
2421 3566 2619 3636 Οὐρίου
2643 3563 2940 3636 ἁμαρτίαν,
2974 3560 3373 3632 εὐλαϐούμενος
3407 3559 3729 3632 ἀφαιρεθῆναι

487 3677 550 3718 se
579 3659 892 3718 auferretur
935 3658 1174 3730 Spiritus
1207 3665 1456 3722 sanctus,
1490 3653 1710 3726 inquit:
1749 3672 1768 3705 ι
1807 3651 2012 3721 Spiritu

2203 3657 2272 3710 ιπ’
2302 3656 2471 3710 αὑτοῦ
2521 3656 2582 3710 16
2613 3656 2767 3725 ἅγιον
2793 3654 3046 3726 Πνεῦμα,
3083 3652 3252 3723 φησί·
3291 3671 3309 3703 ι
3339 3654 3412 3704 T6
3444 3651 3653 3720 Πνεῦμα
3685 3646 3730 3698 τδ

486 3765 737 3810 sanctum
781 3761 934 3808 tuum
975 3765 1043 3806 ne
1073 3749 1296 3806 auferas
1345 3765 1375 3804 a
1404 3763 1492 3804 me
1517 3747 1604 3803 "‘2
1639 3766 1660 3801 ι
1690 3746 1844 3815 Quod
1869 3745 1916 3802 si
1949 3761 2013 3815 qu

2205 3748 2333 3818 ιγιόν
2364 3765 2457 3802 σου
2493 3748 2568 3820 μὴ
2597 3747 2892 3820 ἀντανὲλῃς
2916 3747 3010 3800 ἀπ’
3042 3743 3216 3816 ὲμοῦ;
3254 3763 3272 3796 ι
3305 3745 3370 3796 Εἰ
3398 3743 3457 3797 δέ
3480 3761 3563 3807 τις
3590 3756 3732 3811 xpos-

485 3845 658 3900 etiam
678 3843 933 3899 admittat
956 3841 1085 3897 illud
1119 3861 1132 3896 :
1182 3859 1202 3893 ι
1233 3841 1478 3912 Spiritus
1507 3847 1730 3895 sanctus
1767 3836 2012 3908 disciplin

2203 3859 2314 3894 εται
2368 3840 2464 3894 καὶ
2512 3839 2604 3892 τόο
2659 3858 2677 3890 ι
2714 3839 2904 3908 ’Ἀγιον
2940 3836 3166 3908 Πνεῦμα
3229 3836 3479 3900 παιδείας
3511 3835 3730 3905 φεύξεται

490 3933 716 4002 elfugiet
749 3933 1021 3998 dolosum,
1050 3941 1106 3988 et
1134 3934 1353 3988 recedet
1377 3947 1406 3986 a
1432 3931 1616 4002 pravis
1641 3929 1888 3985 consiliis
1913 3927 1960 3961 ³³
1991 3969 2008 3995 ,

2204 3934 2268 3988 ιαὶ
2295 3933 2468 3996 δόλον,
2501 3933 2597 3987 καὶ
2626 3932 3075 4004 ἀπαναστήσεται
3117 3929 3226 3984 ἀπὸ
3269 3929 3546 4001 λογισμῶν
3571 3925 3731 3982 ἀσυνέ-

487 4032 676 4095 aperte
707 4023 985 4078 videbitur
1005 4026 1293 4078 ostendere
1333 4020 1601 4094 Spiritum
1647 4028 1902 4076 sanctum
1948 4034 2014 4074 an

2203 4043 2338 4090 ’ων,›
2368 4025 2556 4094 σαφῶς
2581 4023 2723 4089 δόξει
2753 4022 3143 4096 παρίστασθαι,
3180 4023 3263 4076 ὃτι
3295 4021 3486 4092 φεύγει
3529 4021 3626 4076 ἀπὸ
3650 4018 3730 4086 τῆς

488 4132 631 4174 mam
653 4115 899 4172 dolosam
929 4115 1118 4186 fugere
1137 4155 1154 4181 ,
1181 4116 1396 4170 etiamsi
1425 4117 1478 4170 in
1512 4131 1576 4172 ea
1607 4123 1736 4169 ante
1777 4115 1963 4170 dolum

2204 4118 2582 4190 εδολιευμένης
2635 4116 2748 4190 (18)
2777 4116 2980 4188 ψυχῆς,
3021 4115 3123 4169 κᾶν
3168 4115 3436 4187 πρότερον
3473 4114 3606 4188 τύχη
3644 4109 3731 4180 πρὸ

485 4219 768 4283 peccatum
799 4207 1154 4264 habitaverit.
1211 4206 1302 4262 Sic
1357 4217 1540 4262 autem
1571 4207 1805 4276 quaesitu
1851 4205 2012 4276 dignu

2202 4210 2324 4265 όλου
2355 4210 2450 4264 καὶ
2481 4209 2760 4281 ἁμαρτίας
2799 4209 3092 4280 γενόμενον
3125 4209 3243 4261 ἐκεῖ
3260 4207 3321 4261 16
3345 4209 3500 4277 ἅγιον
3518 4204 3729 4274 Πνεῦμα.

485 4311 570 4358 est
602 4301 732 4356 illud
761 4301 828 4356 de
855 4298 1064 4369 Spiritu
1088 4307 1299 4362 sancto,
1336 4312 1404 4352 an
1442 4297 1495 4351 in
1518 4297 1826 4367 peccatrice
1851 4312 2012 4367 qquI

2203 4301 2334 4356 »ῦτω
2380 4301 2438 4355 δὲ
2484 4300 2768 4374 ζητήσεως
2819 4299 2968 4366 ἄξιόν
3021 4302 3141 4354 ἐστι
3203 4301 3265 4354 τὸ
3309 4303 3436 4373 περὶ
3477 4301 3567 4355 τοῦ
3600 4297 3730 4367 ἁγίου

484 4393 668 4449 anima
693 4406 816 4447 esse
848 4391 1039 4462 possit,
1086 4398 1147 4444 ut
1181 4389 1377 4459 aliquis
1430 4388 1680 4444 dicturus
1731 4390 1803 4444 sit
1852 4392 1906 4446 in
1941 4392 2011 4461 ips

2200 4395 2493 4465 Ινεύματος
2514 4433 2530 4458 ,
2558 4395 2606 4447 εἰ
2636 4391 2856 4447 δύναται
2881 4388 3019 4447 εἶναι
3047 4394 3141 4447 καὶ
3166 4393 3225 4445 ὲν
3248 4391 3556 4464 ἁμαρτωλῷ
3585 4390 3727 4460 ψυχῇ.

484 4499 700 4556 quoque
725 4483 1106 4554 peccatoribus
1132 4495 1254 4536 esse
1285 4479 1552 4550 Spiritum
1595 4488 1870 4546 sanctum,
1901 4497 2005 4552 qua

2200 4485 2304 4538 ὑπ’
2329 4487 2395 4540 ἄν
2426 4503 2550 4538 τινα
2579 4486 2754 4538 εἰπεῖν
2795 4486 2912 4549 ὅτι,
2945 4484 3105 4556 εἴπερ
3151 4503 3172 4536 ι
3203 4484 3386 4548 οὐδεὶς
3431 4485 3638 4538 δύναται
3667 4481 3727 4531 εἰ·

484 4575 776 4645 doquldem
803 4593 822 4626 ι
853 4573 1071 4629 nemine
1097 4572 1313 4628 valente
1338 4571 1525 4627 dicere
1547 4571 1833 4626 Dominum
1855 4571 2011 4629 Jesuu

2195 4581 2292 4632 τείν
2317 4619 2332 4643 ,
2367 4577 2572 4649 Κύριος
2597 4577 2844 4648 Ἰησοῦς,
2892 4578 2941 4631 εἰ
2998 4578 3073 4650 μὴ
3107 4578 3166 4631 ὲν
3215 4577 3494 4649 Πνεύματι
3519 4575 3679 4646 ἁγίῳ,
3707 4589 3722 4622 ι

486 4668 590 4722 nisi
628 4667 681 4722 iu
717 4665 923 4736 Spiritu
970 4675 1162 4721 sancto
1187 4666 1257 4732 ³³,
1294 4683 1314 4718 ι
1349 4663 1507 4720 multi
1541 4673 1718 4720 tamen
1752 4674 2013 4737 peccator

2200 4671 2363 4725 τολλοὶ
2392 4670 2448 4724 δὲ
2497 4671 2592 4724 καὶ
2637 4670 2746 4724 τῶν
2777 4669 3114 4742 ἁμαρτωλῶν
3146 4669 3444 4724 διάκεινται
3485 4668 3612 4740 πρὸς
3651 4664 3727 4718 τὸν

485 4755 662 4811 affecti
694 4756 1038 4811 inveniantur
1072 4770 1202 4826 erga
1241 4755 1450 4821 .lcsum,
1507 4765 1769 4827 tanquam
1801 4772 1929 4828 erga
1966 4756 2012 4810 Di

2200 4761 2408 4832 Ιησοῦν,
2441 4763 2517 4826 ὡς
2547 4762 2687 4834 πρὸς
2715 4761 2919 4834 Κύριον
2947 4802 2962 4828 ,
3001 4762 3096 4815 καὶ
3131 4763 3189 4816 ὲν
3221 4763 3409 4825 αὐτοῖς
3454 4761 3518 4815 ἂν
3559 4759 3638 4828 εἴη
3678 4754 3727 4806 τὸ

486 4851 712 4904 mitium.
739 4849 818 4903 Ac
851 4846 1304 4917 forte,-quoniam
1337 4849 1431 4918 qui
1472 4855 1740 4919 peccant,
1775 4858 2010 4918 postqua

2202 4854 2336 4926 ὶγιον
2374 4851 2622 4926 Πνεῦμα.
2653 4854 2764 4908 Καὶ
2787 4855 2930 4926 τάχα
2969 4855 3092 4908 ἐπεὶ
3125 4856 3176 4907 οἱ
3213 4853 3352 4926 μετά
3377 4853 3438 4907 τὺ
3461 4854 3630 4922 τυχεῖν
3649 4847 3729 4901 αὑ-

557 4987 605 5021 "
635 4987 802 5042 Marc.
855 5003 972 5054 xuv,
1006 4986 1097 5041 43.
1208 4988 1255 5021 ’⁸
1279 4987 1412 5041 ibid.
1453 4988 1542 5042 53.
1641 4987 1686 5019 “
1714 4987 1848 5041 ibid.
1871 4986 1941 5040 60
1971 5001 2084 5054 seq.

2196 4987 2228 5017 ’⁷
2253 4983 2420 5038 Marc.
2471 5001 2563 5052 xv,
2591 4985 2644 5040 1.
2725 4985 2798 5018 ·²⁸
2823 4985 2954 5042 ibid.
2989 4987 3044 5053 5,
3069 4984 3124 5042 5.
3230 4987 3277 5017 ”
3297 4983 3455 5041 Joau.
3476 4999 3623 5046 xviu,
3645 4978 3723 5034 28.

487 5061 533 5094 ³ο
565 5059 720 5114 Joan.
754 5073 831 5126 ιι,
854 5059 944 5113 51.
1019 5059 1063 5090 ³⁸
1087 5058 1232 5113 Psal.
1264 5058 1424 5121 1.,15.
1501 5059 1546 5090 ³¹
1577 5057 1707 5128 Sap.
1750 5073 1791 5122 I,
1823 5058 1878 5111 5.
1957 5058 2003 5090 ⁸³

896 5059 944 5112 ι.
1019 5059 1063 5090 ³⁸
1087 5058 1232 5113 Psal.
1264 5058 1424 5121 1.,15.
1501 5059 1546 5090 ³¹
1577 5057 1707 5128 Sap.
1750 5073 1791 5122 I,
1823 5058 1878 5111 5.
1957 5058 2003 5090 ⁸³
2043 5057 2212 5114 lCor.
2239 5071 2342 5120 xtl,
2369 5057 2423 5110 5.

555 5173 667 5247 (12)
703 5173 964 5242 Χιτῶνας
987 5173 1372 5247 ᾳὺτοῦ.ᾉῐξοςι
1400 5175 1520 5247 lucc
1539 5175 1704 5247 verba
1735 5173 1952 5230 videtur
1988 5175 2066 5247 le-

2198 5185 2399 5230 uceutus
2427 5183 2530 5247 est,
2559 5188 2720 5247 quam
2755 5174 2935 5247 reddit
2983 5189 3081 5247 per
3112 5173 3524 5247 dissolutionem.
3574 5167 3725 5247 Χὺςις

489 5239 630 5315 gisse
650 5239 968 5318 'I‘Verfarius,
996 5245 1144 5318 λέγει
1164 5262 1177 5275 ο
1209 5243 1273 5318 Τί
1296 5243 1376 5298 ἔτι
1402 5244 2016 5318 χρείαν-ἔχομενμμαρτι

2196 5255 2258 5318 2st
2286 5246 2551 5309 cumulus,
2577 5239 2669 5298 'vel
2693 5245 2858 5318 etiam
2891 5239 3085 5318 exponi
3116 5255 3296 5316 potest
3318 5247 3420 5300 hoc
3449 5244 3590 5318 loco,
3606 5239 3723 5305 επη-

493 5311 601 5388 ρων
624 5335 647 5388 7;
674 5311 1532 5388 at_Perionius,’7’ﬂxozica1s"17};
1557 5311 1954 5388 βλασφημίας-ξ
1988 5387 1992 5388 7

2192 5317 2281 5388 sio,
2313 5330 2383 5369 ex
2416 5331 2577 5388 sensu
2608 5328 2719 5388 quo
2743 5311 2980 5388 aliquem
3007 5315 3060 5368 in
3090 5311 3251 5388 omne
3278 5318 3460 5388 vitium
3513 5311 3719 5388 ςΙῙιιιξυι

563 5373 677 5456 (I3)
703 5385 884 5457 Codex
918 5373 1264 5457 Bodleinnns,
1309 5373 1810 5457 ιθειο,”δήσαντες”·
1866 5373 2070 5457 ιίεείυε
2175 5373 2431 5457 dicimus.
2467 5385 2581 5440 Vox
2613 5373 3097 5454 Origeni'aliisquc
3134 5381 3341 5442 Graecis
3391 5373 3624 5440 Panibus
3655 5373 3724 5430 fa.

490 5454 774 5528 peifperzun
797 5454 974 5528 habet
1001 5455 1356 5528 λαλήσαντες.
1407 5527 1410 5528 7
1563 5454 1572 5457 ⁷
1951 5454 1972 5457 ⁷

906 5464 974 5528 ιρι
1001 5455 1356 5528 λαλήσαντες.
1407 5527 1410 5528 7
1563 5454 1572 5457 ⁷
1951 5454 1972 5457 ⁷
2176 5455 2433 5528 miliaris.

591 5525 673 5592 14)
697 5525 878 5595 Codex
915 5523 1261 5595 Bodleianus,
1290 5525 1562 5582 πλεῖστον.
1925 5592 1938 5595 _

1925 5592 1938 5595 _
2245 5523 2358 5595 (16)
2392 5524 2576 5580 Codex
2604 5523 2831 5595 Regius.
2859 5525 3133 5595 φαίνεται.

593 5593 882 5666 15)(ξοιιεκ
915 5594 1264 5666 Bodleiunus,
1307 5595 1488 5666 χύσιν,
1529 5605 1584 5650 el.
1627 5597 1697 5650 ita
1747 5592 2064 5666 legendum,

1873 5592 2064 5666 udum,
2243 5592 2356 5666 (17)
2391 5595 2538 5666 idem
2563 5592 2736 5666 code'x
2770 5592 2999 5666 lict—gius,
3021 5594 3196 5666 male.
3227 5594 3393 5660 ἄξιος.

495 5662 600 5726 uou
636 5662 693 5721 ut
715 5664 1005 5719 Ferrarius
1026 5665 1122 5734 qui
1151 5662 1356 5722 codicis
1395 5667 1546 5738 llegii
1593 5662 1880 5722 lectionem
1908 5662 2022 5721 λύει

1908 5662 2061 5721 λύσιν
2241 5662 2354 5738 (18)
2391 5663 2536 5723 Idem
2567 5665 2738 5724 codex
2767 5662 2989 5737 Regius,
3014 5663 3412 5737 δεδολισμένης.
