3924 6196
150 353 262 412 713

1142 360 1496 420 COMMEN’I‘.
1535 365 1602 420 IN
1639 362 1833 423 JOAN.
1878 368 2113 424 TOMUS
2152 368 2390 426 XXVIII.

3301 378 3407 430 7H

145 475 247 529 τοῦ
294 476 719 548 ἁμαρτάνοντες,
754 478 853 532 οὐκ
897 478 962 533 ἂν
993 480 1310 551 τυγχάνοιεν
1341 481 1611 551 ἀφέσεως,
1645 481 1726 537 διὰ

1841 491 2016 560 ipsum
2048 487 2380 557 acceperint,
2406 500 2510 540 non
2533 487 2836 542 assecuturi
2861 497 2983 541 sunt
3010 488 3409 554 remissionem.

143 568 314 622 τοῦτο
348 569 566 638 λέγεται
607 572 734 644 περὶ
771 571 877 624 τῶν
926 573 1032 645 πρὸ
1073 573 1166 628 τοῦ
1219 575 1373 642 ἁγίου
1420 576 1732 647 Πνεύματὸς

143 678 257 716 τινι
299 661 703 734 ἡμαρτημένων
740 665 826 717 τό·
861 684 879 715 ι
910 666 1068 718 Πᾶσα
1093 666 1335 738 ἁμαρτία
1363 667 1456 722 καὶ
1490 667 1734 739 βλασφη-

147 752 254 822 μία
302 753 637 826 ἀφεθήσεται
679 758 792 819 τοῖς
838 758 976 822 υἱοῖς
1024 757 1132 813 τῶν
1169 760 1492 834 ἀνθρώπων·
1530 783 1548 815 ι
1605 766 1735 836 περὶ

140 845 205 898 δὲ
237 845 350 898 τῶν
380 846 518 917 μετὰ
543 846 606 900 τὸ
633 852 818 920 τυχεῖν
851 851 1012 920 ἁγίου
1048 853 1366 924 Πνεύματος
1393 857 1732 912 ἐπταικότων

141 940 242 991 τό·
288 957 306 992 ι
347 939 408 992 ὐ
431 939 487 994 δὲ
521 941 601 1003 εἰς
631 941 693 994 τδ
717 942 828 1012 (i9)
859 943 1013 1014 ἅγιον
1043 945 1277 1018 ’Πνεῦμα
1311 947 1730 1020 βλασφημήσας,

139 1033 251 1086 οὐκ
283 1031 396 1104 ἔχει
428 1033 642 1102 ἄφεσιν,
681 1035 806 1090 οὔτε
847 1039 904 1090 ἐν
937 1037 1110 1111 τούτῳ
1159 1040 1239 1112 τῷ
1285 1041 1462 1107 αἰῶνι,
1499 1041 1622 1096 οὔτε
1675 1046 1734 1098 ὲν

142 1123 230 1196 τῷ
293 1125 558 1196 μέλλοντι·
590 1147 608 1180 ι
671 1129 982 1203 βλασφημεῖ
1032 1134 1139 1206 γὰρ
1191 1133 1376 1206 ἔργοις
1420 1136 1516 1190 καὶ
1549 1136 1731 1207 λόγοις

144 1218 430 1289 ἁμαρτίας
461 1221 542 1284 είς
563 1219 624 1273 τὸ
647 1221 822 1293 παρὸν
850 1222 1072 1294 Πνεῦμα
1106 1225 1168 1278 τὸ
1205 1225 1358 1296 ἆγιον
1398 1226 1508 1299 (20)
1532 1268 1547 1292 ,
1578 1229 1607 1282 6
1641 1229 1736 1282 καὶ

145 1309 421 1382 παρόντος
450 1311 615 1366 αὐτοῦ
643 1315 699 1368 ἐν
724 1316 788 1385 τῇ
820 1315 962 1387 ψυχῇ
993 1317 1344 1388 ἁμαρτάνων.
1387 1319 1544 1372 Οὕτω
1569 1319 1627 1374 δέ
1651 1338 1734 1385 τις

145 1401 320 1472 φήσει
351 1401 602 1475 εἰρῆσθαι
634 1404 728 1458 καὶ
761 1405 822 1458 τὸ
848 1407 906 1459 ὲν
937 1409 1004 1479 τῇ
1036 1408 1174 1478 πρὸς
1214 1407 1502 1481 Ἐϐραίους
1544 1409 1733 1464 τοῦτον

143 1493 644 1568 ἀναγεγραμμένον
677 1497 768 1551 τὸν
808 1498 1029 1571 τρόπον·
1069 1519 1088 1552 ‹
1119 1499 1409 1555 Ἀδύνατον
1463 1501 1571 1573 γὰρ
1608 1503 1734 1566 τοὺς

1839 578 1982 633 hanc
2013 577 2081 630 ob
2107 591 2329 629 causam
2380 575 2584 630 dicitur
2607 575 2824 631 cuidam
2858 578 2926 632 de
2964 578 3050 632 his
3084 581 3175 648 qui
3211 596 3412 650 pecca-

1840 675 2036 722 verunt
2065 675 2194 722 ante
2230 675 2512 736 acceptum
2552 666 2813 737 Spiritum
2843 678 3089 724 sanctum
3124 691 3136 725 :
3179 691 3198 724 ι
3239 673 3413 728 Omna

1838 771 2120 830 peccatum
2177 769 2229 814 et
2275 759 2611 827 blasphemia
2686 761 2994 816 remittetur
3055 761 3179 818 filiis
3239 766 3418 819 homi-

1838 868 1964 906 num
1993 851 2070 919 al';
2111 869 2130 903 ι
2165 861 2220 905 at
2249 865 2378 905 vero
2409 849 2474 904 de
2499 850 2604 916 his,
2635 851 2728 920 qui
2764 861 2886 922 post
2931 863 3217 923 acceptum
3247 855 3416 925 Spiri-

1839 955 1950 999 tum
1977 953 2227 1000 sanctum
2254 947 2623 1014 peccaverint,
2653 945 2814 1001 illud:
2853 963 2871 997 ι
2908 944 3012 1014 Qui
3053 963 3183 1003 vero
3211 950 3264 1004 in
3291 949 3416 1021 Spi-

1837 1037 2000 1090 ritum
2031 1047 2276 1093 sanctum
2313 1037 2704 1107 blasphemiam
2735 1040 2972 1105 dixerit,
3001 1056 3105 1095 non
3132 1043 3295 1098 habet
3322 1059 3413 1099 re-

1837 1129 2150 1184 missionem
2175 1145 2351 1199 neque
2368 1130 2424 1185 in
2448 1130 2554 1185 huc
2572 1131 2792 1193 saeculo.
2808 1147 2983 1202 neque
3008 1134 3061 1186 in
3089 1131 3270 1188 futuro
3293 1135 3358 1189 ⁸⁸.
3389 1155 3407 1186 ι

1836 1220 2356 1290 Blasphemateuim
2391 1223 2648 1293 operibus
2701 1233 2754 1278 et
2805 1225 3154 1280 sermonibus
3201 1231 3409 1297 peccati

1837 1313 1891 1366 in
1926 1326 2164 1380 prmsens
2221 1313 2278 1368 in
2310 1313 2570 1382 Spiritum
2593 1323 2872 1380 sanctum,
2932 1316 3022 1385 qui
3071 1327 3262 1386 peccat
3295 1317 3416 1388 Spi-

1843 1405 1949 1460 ritu
1983 1417 2173 1461 sancto
2203 1418 2468 1474 praesente
2501 1409 2553 1461 in
2581 1406 2698 1476 ejus
2728 1407 2930 1460 anima.
2965 1407 3057 1463 Sic
3107 1417 3285 1464 autem
3331 1410 3412 1464 di—

1840 1507 1926 1553 cet
1957 1496 2154 1568 aliquis
2179 1499 2377 1554 dictum
2411 1499 2576 1554 etiam
2611 1499 2742 1553 illud
2796 1497 2986 1564 fuisse,
3015 1503 3159 1569 quod
3202 1503 3256 1554 in
3293 1501 3414 1570 Epi-

144 1588 302 1655 ἅπαξ
342 1589 710 1656 φωτισθέντας
729 1631 743 1655 ,
776 1592 1149 1662 γευσαμένους
1179 1611 1238 1646 τε
1264 1593 1365 1664 τῆς
1394 1594 1598 1664 δωρεᾶς
1631 1594 1726 1665 τῆς

1837 1587 1974 1643 stola
2004 1589 2072 1643 ad
2100 1588 2357 1644 Hebre-os
2384 1589 2529 1644 hunc
2562 1588 2616 1644 in
2653 1590 2869 1643 modum
2922 1590 3184 1658 scriptum
3213 1601 3298 1647 est
3323 1593 3405 1641 ηε

140 1681 476 1754 ἐπουρανίου
505 1724 520 1747 ,
574 1685 668 1738 καὶ
721 1685 982 1756 μετόχους
1039 1685 1365 1758 γενηθέντας
1415 1686 1726 1758 Πνεύματος

1840 1699 1859 1730 ι
1897 1678 2234 1749 lmpossibile
2263 1680 2406 1734 enim
2435 1690 2565 1748 est,
2623 1695 2717 1735 eos
2767 1681 2858 1750 qui
2916 1681 3084 1736 semel
3118 1681 3402 1739 illuminati

137 1773 329 1843 ἁγίου,
365 1774 530 1829 καλὸν
571 1777 944 1847 γευσαμένους
977 1776 1111 1831 Θεοῦ
1155 1779 1329 1850 ῥῆμα,
1363 1778 1622 1848 δυνάμεις
1669 1798 1726 1835 τε

1832 1767 2055 1834 fuerint,
2085 1769 2529 1839 gustaverintque
2552 1768 2755 1824 donum
2788 1770 3194 1840 supercmleste,
3237 1775 3410 1844 parti-

139 1863 441 1936 μέλλοντος
471 1868 686 1933 αἰῶνος,
719 1870 814 1924 καὶ
835 1873 1272 1944 παραπεσόντας,
1299 1875 1458 1930 πὰλιν
1492 1878 1724 1932 ἀνακαι-

1832 1863 2086 1932 cipesque
2112 1860 2240 1917 facti
2268 1860 2471 1918 fuerint
2495 1861 2734 1932 Spiritus
2765 1863 2965 1928 sancti,
2995 1871 3050 1919 et
3077 1865 3277 1921 bonum
3308 1865 3405 1923 Dei

130 1955 315 2019 νίζειν
363 1957 447 2020 είς
496 1957 782 2028 μετάνοιαν
809 1999 825 2024 ,
865 1962 1335 2036 ἀνασταυροῦντας
1386 1966 1596 2032 ἑαυτοῖς
1633 1965 1724 2019 τὸν

1832 1955 2056 2010 verbum
2107 1955 2448 2024 degustarint
2499 1955 2876 2026 potentiasque
2948 1954 3115 2013 futuri
3173 1959 3354 2014 saeculi
3386 2002 3402 2026 ,

133 2045 276 2098 Υίδν
305 2045 402 2100 τοῦ
434 2045 590 2112 Θεοῦ,
634 2049 726 2102 καὶ
776 2051 1388 2123 παραδειγματίζοντας.
1425 2073 1444 2107 ι
1480 2055 1726 2128 Πρόσχες

1833 2048 2180 2120 prolapsique
2200 2048 2423 2113 fuerint,
2454 2050 2524 2104 ab
2559 2050 2770 2120 integro
2823 2050 3074 2104 renovari
3123 2051 3188 2105 ad
3231 2053 3408 2122 poeni—

131 2139 254 2210 γὰρ
323 2139 383 2191 ὲν
439 2137 648 2204 τούτοις
701 2141 790 2194 τό·
829 2160 849 2193 t
881 2143 1158 2214 Μετόχους
1191 2147 1515 2217 γενομένους
1556 2147 1726 2203 Πνεύ-

139 2249 321 2301 ματος
350 2231 527 2300 ἁγίου.
561 2253 579 2285 ι
611 2234 702 2297 Ei;
747 2234 803 2288 δὲ
832 2235 892 2287 τὸ
919 2236 1180 2304 ἐναντίον,
1210 2237 1314 2304 ὡς,
1351 2240 1400 2292 εί
1451 2239 1546 2293 καὶ
1591 2257 1724 2312 προ-

137 2327 452 2398 εφήτευσεν
477 2327 505 2378 6
529 2327 804 2396 Καϊάφας,
847 2328 998 2384 οὐδὲν
1037 2325 1201 2402 ἦττον
1239 2331 1340 2385 οὐκ
1390 2327 1460 2404 ἦν
1502 2333 1726 2404 Πνεῦμα

140 2418 308 2486 ἆγιον
341 2419 398 2470 ὲν
427 2415 608 2488 αὐτῷ,
637 2417 854 2489 λεχθείη
883 2418 949 2473 ἂν
985 2419 1046 2474 τό
1091 2421 1224 2491 (2i)-
1263 2439 1281 2471 ι
1309 2419 1476 2475 Οὔπω
1506 2422 1615 2494 γὰρ
1658 2419 1726 2494 ἦν

135 2507 397 2576 Πνεῦμα,
423 2510 506 2562 ὅτι
525 2508 735 2580 Ἰησοῦς
756 2507 908 2563 οῦπω
940 2510 1217 2584 ἐδοξάσθηο
1253 2531 1272 2563 ι
1313 2512 1405 2565 καὶ
1435 2511 1593 2584 εἴπερ
1613 2511 1723 2583 (9.2)

129 2597 244 2650 οὐκ
267 2592 338 2668 ἦν
361 2597 585 2668 Πνεῦμα
607 2597 756 2652 οὐδὲν
785 2601 842 2653 ὲν
873 2603 986 2664 τοῖς
1012 2601 1326 2666 ἀποστόλοις
1351 2602 1456 2675 πρὸ
1480 2602 1576 2656 τοῦ
1622 2603 1726 2675 Ἰη-

135 2687 240 2742 σοῦ
281 2687 627 2760 δοξασθῆναι,
663 2691 814 2761 πόσῳ
842 2691 1003 2745 πλέον
1035 2693 1133 2746 ούκ
1156 2689 1224 2764 ἦν
1256 2694 1314 2746 ἓν
1355 2694 1434 2765 τῷ
1463 2693 1722 2767 Καϊάφας

132 2779 414 2843 Ἀναστὰς
459 2780 517 2833 δὲ
567 2782 596 2833 6
646 2782 838 2853 Σωτὴρ
889 2782 1190 2856 ἐνεφύσησε
1246 2787 1358 2850 τοῖς
1410 2784 1678 2858 μαθηταῖς
1705 2825 1723 2854 ,

142 2887 161 2917 ε
204 2869 302 2922 καὶ
328 2865 472 2936 λέγει
504 2868 686 2930 αὐτοῖς
711 2885 726 2900 ο
794 2874 1004 2928 Λάΰετε
1045 2875 1272 2946 Πνεῦμα
1319 2877 1476 2944 ἆγιον
1502 2917 1516 2942 ,
1562 2896 1580 2930 ι
1632 2875 1728 2931 καὶ

135 2963 212 3016 τὰ
242 2963 392 3032 ἑξῆς.
420 2961 722 3034 Τολμηρῶς
751 2963 848 3033 μὲν
883 2959 976 3018 οῦν
1001 2982 1086 3030 τις
1119 2965 1494 3038 παραϐήσεται
1529 2965 1600 3021 τὰ
1636 2966 1726 3021 λε-

135 3055 459 3126 χθησόμενα
487 3055 624 3128 πρὸς
651 3055 710 3108 τὸ
733 3055 806 3126 μὴ
843 3055 951 3108 ἀπὸ
978 3055 1136 3123 ἁγίου
1169 3056 1487 3128 Πνεύματος
1515 3073 1724 3130 προπε-

135 3147 478 3219 φητευκέναι
516 3147 607 3200 τὸν
653 3147 942 3216 Καϊάφαν,
1004 3148 1153 3217 ὅμως
1197 3147 1244 3200 δ’
1285 3143 1378 3202 οὖν
1418 3147 1531 3219 (25)
1587 3150 1722 3220 ἐρεῖ,
1753 3190 1796 3248 c

131 3240 227 3295 ὅτι
255 3240 476 3294 δύναται
509 3241 604 3294 καὶ
637 3239 848 3311 πονηρὰ
882 3238 1169 3310 πνεύματα
1199 3243 1496 3313 μαρτυρεῖν
1524 3239 1601 3312 τῷ
1622 3242 1722 3314 ’1η-

139 3327 269 3395 σοῦ,
297 3329 393 3384 καὶ
437 3329 796 3405 προφητεύειν
829 3327 958 3400 περὶ
987 3327 1172 3395 αὐτοῦ,
1227 3329 1260 3400 ἢ
1301 3333 1598 3402 μαρτυρεῖν
1623 3331 1724 3384 αύ-

136 3425 225 3497 τῷ
258 3423 394 3494 (24).
435 3422 624 3494 ὥσπερ
672 3423 733 3476 τὸ
775 3421 958 3491 λέγον·
1000 3441 1019 3473 ι
1075 3421 1308 3494 Οἴὸαμέν
1355 3440 1415 3476 σε
1465 3423 1552 3487 τίς
1587 3413 1657 3488 εἴ,
1697 3425 1726 3478 6

144 3518 342 3586 ’Ἄγιος
365 3515 457 3570 τοῦ
482 3514 618 3568 Θεοῦ
643 3531 658 3545 ⁸
686 3534 704 3567 ι
739 3516 831 3568 καὶ
870 3515 938 3570 τὰ
972 3513 1392 3587 παρακαλοῦντα
1423 3515 1606 3582 αὐτὸν,
1636 3517 1726 3570 ἵνα

149 3609 228 3681 μὴ
257 3589 488 3682 ἐπιτάξῃ
512 3608 696 3672 αὐτοῖς
725 3609 805 3670 είς
825 3606 924 3678 τὴν
953 3605 1184 3661 ἄϐυσσον
1211 3607 1485 3673 ἀπελθεῖν,
1516 3610 1609 3663 καὶ
1635 3608 1726 3662 λέ-

143 3719 347 3771 γοντα-
387 3698 618 3765 ι’Ἧλθες
653 3699 913 3755 ἀπολέσαι
953 3701 1100 3770 ἡμᾶς
1128 3699 1278 3770 (25);
1310 3721 1328 3754 ι
1368 3703 1479 3756 Καὶ
1513 3703 1571 3755 ὲν
1608 3705 1727 3766 ταῖς

148 3793 389 3867 Πράξεσι
415 3795 472 3849 δὲ
496 3793 603 3848 τῶν
634 3794 945 3850 ἀποστόλων
967 3793 1276 3866 γέγραπται
1301 3792 1475 3847 ταῦτα
1494 3809 1508 3823 ·
1543 3813 1561 3845 ‹
1585 3793 1727 3862 Ἐγέο

150 3904 292 3952 vero,
309 3886 685 3960 πορευομένων
701 3885 857 3958 ἡμῶν
872 3887 952 3950 είς
964 3886 1063 3958 τὴν
1085 3886 1413 3957 προσευχὴν,
1437 3885 1726 3957 παιδίσκην

151 3981 275 4036 τινὰ
307 3979 532 4050 ἔχουσαν
577 3979 796 4050 πνεῦμα
823 3978 1053 4034 Πύθωνα
1097 3979 1398 4049 ὑπαντῆσαι
1426 3980 1581 4050 ἡμῖν,
1605 3979 1726 4048 ἧτις

149 4073 411 4146 ἐργασίαν
433 4071 631 4142 πολλὴν
658 4074 884 4143 παρεῖχε
909 4073 1022 4134 τοῖς
1039 4071 1248 4142 κυρίοις
1280 4071 1451 4140 αὐτῆς
1473 4086 1728 4140 μαντευο-

159 4163 320 4236 μένηο
372 4161 510 4232 αῦτη
571 4160 1087 4232 κατακολουθήσασα
1158 4160 1354 4232 Παύλῳ
1421 4161 1516 4215 καὶ
1570 4161 1724 4232 ἡμῖν,

154 4256 349 4327 ἔκραξε
360 4254 723 4324 λέγουσα,ὄτι⁶
745 4244 902 4307 Οὗτοι
919 4254 968 4306 οί
983 4253 1081 4308 ἄνθ
1090 4270 1259 4326 ρωποι
1282 4251 1456 4306 δοῦλοι
1473 4251 1565 4305 τοῦ
1591 4249 1724 4306 Θεοῦ

156 4345 248 4399 τοῦ
278 4345 504 4415 ὑψίστου
543 4346 698 4408 είσὶν,
733 4344 925 4408 οἵτινες
955 4344 1410 4414 καταγγέλλουσιν
1443 4345 1576 4415 ἡμῖν
1609 4343 1726 4396 ὁδὸν

159 4438 486 4509 σωτηρίας.)
527 4437 692 4508 Φὴσει
738 4431 832 4490 οὖν
879 4439 908 4491 6
943 4435 1152 4500 τούτοις
1189 4433 1596 4508 συγχρώμενος,
1640 4435 1722 4487 ὃτι

1833 2139 2080 2203 tentiam,
2113 2138 2498 2208 cruciﬁgentes
2549 2138 2902 2208 sibimetipsis
2949 2139 3146 2194 Filium
3205 2142 3295 2197 Dei
3349 2153 3407 2197 et

1832 2230 2179 2286 infamantes.
2211 2250 2230 2284 ι
2263 2231 2495 2287 Attende
2521 2232 2663 2286 enim
2693 2233 2782 2287 his
2807 2233 2986 2286 verbis
3007 2275 3022 2297 ,
3061 2252 3079 2284 ι
3115 2236 3407 2304 participes

1829 2321 1957 2377 facti
1987 2321 2221 2393 Spiritus
2253 2323 2456 2378 sancti.
2480 2341 2498 2374 ι
2521 2322 2600 2377 Ex
2624 2321 2852 2378 adverso
2872 2332 3050 2378 autem
3077 2324 3220 2395 quod
3251 2325 3408 2380 Caia-

1831 2417 1988 2484 phas,
2027 2415 2240 2470 etiamsi
2287 2416 2661 2486 prophetarit,
2729 2415 3080 2471 nihilominus
3145 2433 3250 2472 non
3315 2417 3407 2473 ha-

1832 2507 2012 2561 buerit
2045 2507 2098 2562 in
2131 2522 2190 2562 se
2220 2505 2483 2578 Spiritum
2541 2517 2786 2564 sanctum
2807 2547 2824 2573 ,
2860 2508 2965 2562 dici
3017 2518 3194 2578 potest
3226 2509 3354 2564 illud
3389 2531 3400 2565 :

1837 2615 1857 2648 ι
1889 2594 2136 2653 Nondum
2165 2598 2308 2652 enim
2339 2606 2459 2653 erat
2482 2597 2720 2668 Spiritus
2740 2638 2756 2663 ,
2789 2599 2932 2668 quod
2981 2602 3221 2654 nondum
3257 2612 3405 2656 esset

1831 2686 1988 2745 Jesus
2013 2687 2343 2758 gloriﬁcatus
2367 2689 2434 2741 ⁸⁷.
2469 2709 2488 2742 ι
2523 2689 2674 2756 Quod
2700 2689 2745 2744 si
2785 2703 2854 2745 ne
2900 2689 2953 2744 iu
2987 2689 3247 2758 apostolis
3281 2694 3404 2762 qui-

1833 2783 1952 2837 dem
1982 2791 2102 2838 erat
2121 2783 2378 2853 Spiritus,
2410 2793 2700 2854 antequam
2748 2782 3146 2852 gloriﬁcaretur
3197 2781 3358 2840 Iesus
3381 2824 3399 2848 ,

1832 2882 2033 2944 quanto
2096 2875 2267 2946 magis
2333 2891 2440 2930 non
2490 2883 2606 2930 erat
2663 2875 2719 2929 in
2791 2873 3036 2944 Caiapha
3073 2874 3100 2928 ἲ
3168 2875 3402 2932 Proinde

1831 2981 1954 3020 cum
1995 2966 2323 3022 surrexisset
2393 2967 2685 3029 Servator,
2735 2964 3026 3020 insumavit
3077 2966 3392 3037 discipulis.

1837 3073 1858 3108 ι
1891 3065 1947 3111 et
1976 3056 2106 3112 dicit
2131 3058 2233 3112 illis
2260 3076 2272 3110 :
2327 3058 2572 3128 Accipite
2627 3056 2890 3128 Spiritum
2943 3067 3189 3114 sanctum
3209 3060 3272 3122 ⁸⁸,
3299 3079 3315 3112 ι
3345 3070 3400 3115 et

1829 3139 1996 3218 389
2024 3163 2144 3217 quae
2177 3158 2497 3218 sequuntur.
2540 3150 2715 3218 Atque
2769 3150 3029 3206 audacter
3052 3151 3272 3220 quidem
3303 3153 3401 3205 ad-

1829 3237 1922 3291 det
1962 3235 2158 3306 aliquis
2204 3238 2272 3292 ad
2317 3237 2471 3304 illud,
2506 3238 2649 3307 quod
2694 3254 2762 3294 ex
2812 3239 3018 3310 Spiritu
3069 3251 3259 3297 sancto
3289 3259 3398 3297 non

1828 3329 2233 3398 prophetaverit
2250 3329 2540 3401 Caiaphas,
2557 3346 2677 3402 qua:
2711 3332 2938 3388 dicenda
2961 3343 3110 3388 sunt.
3131 3333 3400 3391 Similiter

1831 3419 1996 3490 igitur
2017 3419 2161 3476 dicet
2189 3421 2292 3477 iste
2322 3422 2493 3478 malos
2517 3424 2685 3478 etiam
2724 3423 2948 3493 spiritus
2975 3439 3134 3493 posse
3157 3426 3401 3482 testimo-

1831 3509 1979 3564 nium
2013 3512 2260 3580 pratbere
2288 3509 2440 3578 Jesu,
2473 3522 2526 3568 et
2553 3513 2816 3583 propheta
2828 3529 2885 3568 re
2912 3515 2979 3568 de
3012 3530 3078 3569 eo
3109 3529 3214 3570 non
3243 3531 3402 3571 secus

1829 3609 1994 3670 atque
2013 3601 2105 3655 ille
2133 3601 2226 3671 qui
2258 3603 2395 3657 dixit
2422 3618 2437 3655 :
2479 3621 2498 3655 ι
2528 3603 2789 3658 Novimus
2825 3613 2878 3659 te
2903 3605 3025 3673 quis
3057 3605 3174 3669 sis;
3208 3620 3402 3674 nempe

1832 3692 1920 3748 ille
1948 3692 2184 3747 Sanctus
2227 3693 2317 3748 Dei
2337 3694 2416 3759 ";
2447 3712 2467 3746 ι
2504 3702 2562 3748 et
2593 3704 2648 3747 ut
2693 3694 2767 3747 illi
2801 3696 2892 3762 qui
2940 3696 3207 3766 rogabant
3239 3712 3398 3761 eum,

1831 3799 1898 3836 ne
1924 3783 2246 3852 praeciperet
2271 3783 2380 3838 illis
2429 3782 2483 3838 in
2509 3783 2768 3854 abyssum
2801 3785 2977 3848 abire,
3017 3794 3074 3839 et
3102 3785 3354 3841 dicebant
3382 3807 3396 3842 :

1835 3893 1853 3928 ι
1881 3875 2096 3931 Venisti
2142 3873 2210 3928 ad
2257 3873 2588 3942 perdendum
2623 3889 2723 3929 nos
2740 3874 2786 3906 ⁸ο
2810 3875 2834 3929 ?
2859 3894 2878 3926 ι
2905 3874 3045 3942 Quin
3080 3875 3133 3930 in
3175 3886 3401 3948 aposto-

1829 3967 2006 4022 lorum
2036 3980 2254 4036 quoque
2281 3965 2433 4021 Actis
2469 3966 2582 4022 haec
2615 3967 2815 4036 scripta
2845 3977 2972 4023 sunt
2994 3967 3038 4000 “
3069 3984 3084 4022 :
3120 3987 3140 4022 ι
3161 3969 3401 4040 Contigit

1829 4069 1889 4113 ut
1925 4059 2194 4123 euntibus
2237 4057 2392 4113 nobis
2429 4059 2497 4112 ad
2537 4059 3122 4130 precationem,puella
3153 4063 3396 4133 quaedam

1828 4150 2076 4221 spiritum
2126 4150 2390 4220 Pythonis
2435 4150 2644 4205 habens
2686 4152 2846 4206 nobis
2885 4164 3236 4218 occurreret,
3278 4171 3399 4225 quae

1829 4253 2092 4312 quaestum
2136 4257 2388 4313 magnum
2419 4243 2714 4311 praestabat
2747 4244 2986 4298 dominis
3012 4251 3126 4299 suis
3147 4245 3387 4298 divinan-

1828 4339 1937 4391 do:
1967 4337 2080 4391 hazc
2123 4336 2405 4390 subsecuta
2448 4335 2672 4390 Paulum
2697 4375 2714 4401 ,
2753 4345 2812 4390 et
2854 4350 2977 4402 nos,
3011 4335 3287 4389 clamabat
3312 4335 3368 4388 di
3382 4363 3399 4378 ο

1828 4445 1957 4485 cens
1984 4443 2000 4484 :
2027 4427 2118 4484 Isti
2157 4429 2404 4485 homines
2437 4429 2580 4483 servi
2615 4427 2706 4482 Dei
2739 4426 3096 4482 excelsissimi
3127 4436 3272 4491 sunt,
3303 4427 3396 4495 qui

155 4529 303 4583 οὐδὲν
334 4531 524 4584 ἀποδεῖ
549 4528 881 4601 προφητείας
907 4528 936 4580 6
960 4529 1053 4582 τοῦ
1078 4527 1331 4590 Πύθωνος
1363 4527 1541 4596 λόγος,
1574 4544 1718 4599 μαρ-

1832 4523 2151 4576 annuntiant
2191 4522 2347 4578 nobis
2403 4524 2548 4575 viam
2603 4519 2814 4572 salutis.
2847 4536 2866 4568 ι
2903 4517 3141 4571 Proinde
3171 4517 3262 4586 qui
3313 4517 3396 4572 his

157 4621 327 4693 τυρῶν
344 4625 457 4685 τοῖς
473 4619 807 4685 ἀποστόλοις,
821 4618 915 4674 καὶ
930 4618 1253 4691 προτρέπων
1269 4619 1346 4682 ὡς
1362 4618 1456 4672 ἐπὶ
1479 4617 1597 4675 όδδν
1617 4634 1722 4670 σω-

159 4715 342 4786 τηρίας
363 4713 872 4786 καταγγελλομένην
900 4711 1174 4768 πιστεύειν
1199 4712 1326 4775 τοὺς
1353 4709 1712 4772 ἀκούσαντας.

171 4806 316 4862 Ἐπεὶ
341 4807 400 4862 δὲ
421 4806 517 4860 καὶ
540 4806 608 4861 τὰ
631 4805 725 4860 τοῦ
749 4803 978 4876 Βαλαὰμ
1001 4801 1364 4876 περιεθέμεθα
1387 4801 1546 4872 (25‘),
1566 4800 1728 4874 πρόσ-

163 4915 249 4969 χες
268 4899 315 4950 εί
337 4897 558 4952 δύναται
584 4897 677 4951 καὶ
703 4895 832 4968 περὶ⁹
849 4893 1015 4950 αὐτοῦ
1047 4891 1320 4962 λέγεσθαι,
1343 4891 1426 4944 ὃτι
1455 4889 1517 4943 ού
1542 4888 1725 4942 θεόθεν

163 4990 408 5062 ἐλάλησεν
469 4989 586 5043 ἀλλ’
617 4989 725 5043 ἀπὸ
759 4985 992 5058 ἀγγέλου
1014 5003 1027 5016 ο
1062 5005 1080 5036 ι
1105 4985 1275 5054 Ἕστη
1323 5002 1341 5032 δ
1379 4982 1507 5054 γὰρ,
1538 4980 1723 5052 φησὶν,

261 5133 304 5164 ³⁸
330 5131 520 5185 Matth.
567 5145 638 5184 ιιι
667 5168 682 5193 ,
712 5129 800 5192 5|,
872 5126 917 5160 ³³
945 5125 1072 5180 ibid.
1104 5125 1194 5180 52.
1271 5125 1316 5156 ³⁸
1355 5122 1514 5176 llehr.
1543 5137 1618 5179 rt.
1639 5118 1726 5172 4-6

261 5218 351 5243 .mx
389 5217 500 5243 In".
536 5200 631 5243 SI:
669 5197 827 5243 Mam
866 5213 903 5243 ι-
933 5196 1031 5243 Ξιξ
1067 5194 1194 5243 Luc.
1228 5210 1299 5243 tv.
1331 5193 1420 5243 31.
1521 5193 1563 5223 “
1604 5190 1725 5243 Act.

1832 5118 1873 5148 ³⁷
1899 5118 2094 5170 Joan.‘

1832 5203 1867 5243 I.
1907 5187 1996 5243 I6.
2027 5184 2094 5237 I7

168 5203 206 5235 ⁸⁸
228 5202 353 5257 Luc.
389 5217 504 5265 rm,
536 5200 633 5266 5i;
666 5197 830 5278 Marc.
866 5213 903 5260 t.
933 5196 1033 5261 ΞΗ
1067 5194 1194 5249 Luc.
1228 5210 1300 5256 tv,
1331 5193 1420 5247 51.

232 5316 334 5389 (I9)
368 5315 510 5370 Idem
567 5315 736 5369 codex
787 5313 1008 5382 Regius,
1056 5309 1432 5364 ἐπταικότων
1475 5307 1591 5361 τόδε
1642 5307 1722 5367 είς

166 5386 240 5450 τὸ,
270 5386 372 5440 etc.
394 5443 398 5448 ,

231 5447 237 5450 ’
366 5447 546 5510 Codex
571 5453 792 5521 Regius.
821 5453 901 5516 εἰς
915 5451 977 5506 rb
1001 5468 1079 5505 πα
1113 5451 1172 5505 ὃν
1195 5447 1420 5520 Πνεῦμα

231 5456 338 5586 g?)
371 5526 514 5579 idem
534 5526 703 5579 codex
731 5523 952 5586 Regius.
975 5469 1190 5586 λειὶείη
1219 5519 1298 5574 τό.

255 5519 338 5593 ει)
371 5526 514 5579 idem
534 5519 703 5579 codex
731 5523 952 5593 Regius.
975 5519 1190 5593 λεχθείη
1219 5519 1298 5574 τό.

228 5588 333 5666 (Si)
363 5597 504 5666 idem
536 5595 701 5666 codex
728 5588 945 5666 Regius,
979 5588 1368 5666 obfmpgmale.

366 5664 654 5744 Eii-rarius
687 5654 897 5744 legebat
925 5654 1129 5744 ὁμοίως
1152 5661 1195 5738 δς
1218 5654 1338 5744 ρῦν.

228 5724 342 5810 (ει)
378 5737 449 5790 Ἦ
469 5724 794 5803 [λαρτυρεῖν
814 5724 992 5796 αὐτῷ.
1008 5729 1128 5784 Ilaec
1149 5729 1392 5784 videntur
1409 5724 1721 5796 παρέλκειν.

554 5827 829 5888 Ριτιιοι.
877 5823 970 5884 Gtt
1045 5823 1210 5885 XIV.

1450 5447 1626 5516 ἅγιον.

1826 4614 2152 4670 testimoniis
2203 4613 2398 4678 utitur,
2429 4613 2576 4667 dicet
2626 4609 2760 4663 nihil
2805 4610 3008 4664 distare
3047 4622 3077 4660 a
3110 4609 3396 4678 prophetia

1827 4707 2126 4760 orationem
2179 4703 2403 4774 spiritus
2447 4699 2790 4762 divinatoris,
2842 4699 3213 4753 testimonium
3258 4714 3396 4768 pne.

1829 4797 2004 4851 bentis
2051 4792 2336 4864 apostolis,
2365 4799 2421 4846 et
2452 4789 2794 4846 admonentis
2847 4789 3132 4844 audientes
3163 4798 3222 4844 ut
3252 4791 3397 4845 viam

1827 4887 2037 4950 salutis,
2083 4899 2204 4953 qua:
2259 4881 2720 4943 annuntiabatur,
2767 4881 3078 4938 crederent.
3127 4879 3396 4946 Quoniam

1829 4988 2008 5032 autem
2057 4979 2110 5030 in
2162 4974 2396 5030 medium
2447 4973 2768 5029 adduximus
2812 4988 2933 5042 qua:
2977 4972 3116 5028 dixit
3154 4970 3393 5034 Balaam,

1831 5117 1873 5148 ³⁷
1899 5113 2058 5170 Joan.
2085 5127 2186 5179 vn,
2215 5110 2304 5166 39.
2379 5109 2426 5142 ³⁸
2447 5107 2608 5166 Joan.
2653 5127 2744 5175 xx,
2773 5108 2864 5166 9.9..
2961 5110 3004 5140 "
3031 5106 3192 5160 Marc.
3225 5120 3263 5166 l,
3306 5102 3394 5156 ει.

1889 5300 2002 5372 (Ξὸ)
2039 5299 2170 5372 Καὶ
2238 5299 2525 5372 ﬁrmo:
2589 5293 2805 5372 ῖΗτιθες
2859 5289 3160 5372 ἀπολέσαι
3217 5289 3400 5358 ἡμᾶς,

1824 5363 1998 5427 verba
2038 5371 2152 5441 hate
2187 5383 2292 5422 non
2318 5363 2559 5441 hominis
2580 5367 2748 5441 hujus
2777 5370 2926 5425 sunt,
2964 5363 3018 5415 in
3047 5373 3393 5441 Jmon_umen-

1823 5444 1892 5496 tis
1915 5440 2204 5501 versantis,
2238 5447 2295 5492 et
2321 5438 2534 5508 legione
2561 5437 2871 5508 dseruonum
2901 5433 3080 5508 vexati
3109 5445 3124 5493 ;
3175 5433 3243 5483 de
3289 5443 3396 5508 quo

1819 5513 1954 5569 Luc.
1981 5500 2200 5580 tum}?
2229 5517 2285 5562 et
2305 5500 2446 5580 seq"
2475 5515 2535 5560 ut
2562 5506 2652 5580 hic
2688 5503 2883 5580 scribit
2904 5571 2916 5580 .
2936 5500 3234 5580 Origenes;
3276 5500 3395 5580 .sed

1823 5581 2055 5635 hominis
2075 5569 2244 5640 illius,
2267 5577 2358 5645 qui
2385 5569 2674 5645 immundo
2705 5571 3075 5645 Spiritui_era_t_
3089 5569 3393 5636 obnoxius;

1823 5653 1888 5707 de
1915 5665 2022 5716 quo
2055 5647 2220 5702 Marc.
2250 5640 2300 5716 ιζ
2321 5645 2414 5708 95,
2442 5657 2507 5716 et
2521 5644 2651 5700 Luc.
2684 5640 2756 5704 ιν,
2791 5641 2882 5716 5}»,
2915 5640 3005 5716 δέ.
3035 5640 3300 5716 Ιι-ρετιοε.

1895 5709 2440 5792 (Ξ5⁶)Περιεθέμεθα.
2473 5715 2634 5772 Forte
2670 5710 3040 5785 παρεθέμεθα.
3071 5709 3232 5770 Eutr.

2998 5803 3080 5865 23
