3866 6200
604 302 718 359 315

2068 367 2074 373 ,
2092 305 2414 364 ORIGENIS

3712 337 3786 392 τιθ

609 422 808 480 adhibe
855 432 1089 477 mentem
1123 434 1190 474 an
1223 418 1291 472 de
1318 417 1409 473 illo
1441 434 1658 491 quoque
1689 420 1793 476 dici
1824 419 2021 491 poss’t,
2044 420 2133 476 div

2243 440 2260 482 ι
2294 441 2313 473 ι
2390 423 2620 519 ἄγγελος
2666 428 2761 483 τοῦ
2794 430 2929 487 Θεοῦ
2958 434 3015 488 ὲν
3048 436 3114 507 τῇ
3143 435 3246 507 ὁδῷ
3273 436 3612 496 ἐνδιαδὰλλειν
3648 450 3781 519 αὐτὸν,

588 517 757 571 initus
803 529 926 567 eum
990 527 1097 567 non
1158 509 1324 567 fuisse
1376 511 1637 579 locutum,
1673 516 1768 570 sed
1821 516 1890 570 ab
1946 512 2178 585 angelo:

2287 516 2381 570 καὶ
2406 516 2567 584 αὐτὸς
2599 518 2916 597 ἐπιὸεὸήκει
2940 527 3033 580 ἐπὶ
3068 528 3168 600 τῆς
3188 528 3308 584 ὸνου
3338 533 3516 599 αὐτοῦ,
3541 537 3624 591 καὶ
3654 543 3694 595 oi
3716 516 3780 599 δύο

598 627 637 659 τι
668 606 836 661 Stetit
876 604 1043 668 enim,
1085 602 1353 671 inquit“,
1389 606 1615 677 angelus
1666 607 1756 661 Dei
1807 608 1859 661 in
1913 608 2020 673 via,
2053 609 2137 662 dm

2283 608 2471 702 παῐδες
2497 606 2665 665 αὑτοῦ
2697 614 2817 684 μετ’
2849 614 3039 672 αὐτοῦ.
3078 618 3189 672 Kal
3226 620 3409 675 ἰδοῦσα
3441 623 3602 694 ήόνος
3618 627 3691 683 τὸν
3710 634 3779 702 ἀγ.

607 696 866 754 transiret
918 696 1055 766 ipse,
1103 698 1455 768 ascenditque
1497 698 1716 753 Balaam
1769 714 1936 770 super
1966 700 2137 756 asina:

2279 701 2436 770 γελον
2461 703 2556 758 τοῦ
2578 704 2714 759 Θεοῦ
2751 706 3126 781 ἀνθεστηκότα
3150 711 3208 764 ἐν
3232 715 3300 785 τῇ
3328 712 3450 785 ὁδῷ,
3484 714 3570 769 καὶ
3587 717 3668 790 τὴν
3688 696 3782 792 (ημ-

596 805 780 856 suam,
825 798 881 845 et
913 790 1023 845 duo
1067 790 1151 846 sui
1196 790 1349 861 pueri
1399 806 1607 846 secum.
1656 792 1963 862 Videusque
2021 793 2137 847 asin

2278 794 2444 864 cpaiav
2471 794 2638 851 αὐτοῦ
2674 799 3027 871 ἐσπασμένην
3053 802 3112 856 ἐν
3143 805 3209 874 τῇ
3237 804 3381 875 χειρὶ
3406 804 3580 873 αὑτοῦ,
3617 790 3697 865 sal
3720 790 3780 881 ἐξ·

600 884 850 956 angelum
884 884 976 941 Dei
1007 893 1242 941 stantem
1283 901 1315 942 e
1350 888 1570 959 regione
1600 889 1654 943 in
1687 889 1793 953 via,
1824 890 2136 962 gladiumqu

2276 885 2531 961 ἐκλινενή
2553 889 2674 953 ὄνος
2696 892 2760 945 ἐκ
2777 890 2878 962 τῆς
2900 890 3044 960 ὁδοῦ,
3072 893 3363 966 ἐπορεύετο
3380 896 3436 951 δὲ
3460 900 3535 962 εἰς
3553 900 3607 954 τὸ
3633 904 3773 966 πεδίοιο,

597 977 912 1035 districtum
964 979 1017 1035 in
1065 995 1226 1035 manu
1266 981 1402 1050 ejus.
1433 981 1730 1040 declinavit
1770 983 1925 1039 asina
1964 983 2031 1038 de
2063 984 2169 1048 via,

595 1081 648 1127 et
680 1071 781 1127 ivit
812 1071 865 1127 in
906 1087 1182 1143 campum.
1226 1072 1295 1126 At
1340 1070 1558 1127 Balaam
1604 1075 1913 1130 verberavit
1959 1075 2168 1130 asinam

574 1165 768 1235 'virga,
801 1172 861 1217 nt
899 1164 1102 1219 rediret
1137 1163 1189 1218 in
1220 1164 1360 1218 viam
1392 1182 1407 1218 :
1438 1164 1588 1219 stetit
1611 1175 1790 1220 autem
1822 1165 2050 1237 angelus
2075 1165 2168 1221 Dei

592 1258 646 1313 in
688 1264 920 1328 angusta
959 1254 1155 1311 semita
1201 1255 1508 1322 vinearum,
1545 1267 1772 1327 eratque
1810 1273 1877 1313 ex
1924 1269 2161 1331 utraque

589 1359 747 1420 parte
802 1347 1061 1404 maceria.
1086 1366 1105 1400 ι
1160 1347 1364 1403 Deinde
1417 1357 1541 1418 post
1591 1364 1763 1419 pauca
1785 1348 1833 1382 "
1863 1367 1877 1404 :
1914 1368 1933 1402 ι
1964 1351 2166 1408 Videns

582 1442 744 1498 asina
774 1440 1025 1512 angelum
1069 1438 1188 1504 Dei,
1221 1441 1509 1497 succubuit
1538 1440 1638 1497 sub
1669 1440 1911 1499 Balaam.
1938 1460 1960 1497 ι
1998 1443 2164 1498 Dein-

578 1549 694 1603 que
743 1542 864 1605 post.
915 1546 1085 1603 pauca
1106 1532 1193 1588 διε
1230 1550 1250 1585 ι
1285 1533 1430 1588 Dixit
1468 1532 1694 1604 angelus
1748 1533 1843 1590 Dei
1899 1534 2019 1591 illi:
2056 1534 2165 1590 Cur

578 1629 692 1691 jam
749 1636 832 1679 ter
876 1624 1176 1681 verberasti
1220 1626 1432 1680 asinam
1465 1624 1747 1680 tuam‘lEn
1778 1640 1880 1698 ego
1908 1641 2163 1697 egressus

582 1728 704 1770 sum
745 1723 805 1771 ut
833 1723 886 1770 te
918 1714 1277 1784 impedirem;
1307 1714 1531 1771 aberrat
1557 1716 1702 1771 enim
1735 1717 1820 1772 via
1855 1728 1941 1772 tua
1973 1734 2158 1775 coram

2272 978 2386 1034 Kal
2427 980 2667 1049 ἐπάταξε
2712 983 2941 1057 Βαλαὰμ
2978 986 3080 1057 τὴν
3100 987 3219 1042 ὄνον
3249 989 3309 1043 ἐν
3330 991 3396 1062 τῇ
3432 990 3599 1065 ῥάϐδῳ
3617 996 3688 1050 τοῦ
3713 1000 3773 1054 εὗ-

2273 1068 2428 1125 θῦναι
2448 1072 2615 1145 αὐτήν
2642 1075 2702 1129 ἐν
2739 1077 2806 1148 τῇ
2839 1074 2950 1148 ὀδῷ
2967 1090 2983 1107 ⁸
3012 1078 3108 1132 καὶ
3133 1078 3262 1151 ἔστη
3289 1081 3319 1134 6
3344 1081 3561 1152 ἄγγελος
3582 1087 3658 1142 τοῦ
3679 1090 3768 1145 Θεοῦ

2271 1161 2330 1214 ἐν
2365 1165 2488 1226 ταῖς
2508 1163 2702 1230 αῦλαξι
2724 1165 2835 1220 τῶν
2860 1167 3143 1240 ἀμπέλων,
3177 1174 3428 1245 φραγμὸς
3457 1177 3685 1246 ἐντεῦθεν,
3706 1186 3767 1238 nl

2269 1254 2520 1325 φραγμὸς
2541 1256 2808 1314 ἐντεῦθεν.
2838 1278 2856 1311 t
2888 1256 3020 1314 Εἶτα
3045 1265 3163 1333 μετ’
3185 1263 3343 1332 ὀλίγα
3364 1280 3380 1293 ·
3411 1285 3430 1319 t
3452 1267 3632 1323 ’ἰδοῦσα
3647 1272 3673 1343 ή
3689 1273 3767 1337 ὄνος

2263 1345 2357 1401 τὸν
2382 1346 2610 1416 ἄγγελον
2628 1348 2723 1403 τοῦ
2745 1350 2881 1405 Θεοῦ
2905 1353 3256 1409 συνεκάθισεν
3288 1357 3535 1414 ὑποκάτω
3550 1361 3761 1436 Βαλαάμ.»

2264 1436 2376 1491 Kal
2425 1438 2586 1494 πάλιν
2618 1441 2736 1512 μετ’
2762 1443 2949 1513 ὀλίγα·
3007 1464 3027 1496 t
3048 1443 3216 1501 Εἶπεν
3250 1449 3399 1521 αὑτῷ
3423 1451 3450 1503 ὁ
3490 1452 3680 1523 ἄγγελος
3705 1457 3766 1509 τοῦ

2261 1528 2394 1619 Θεοῦ
2415 1546 2430 1561 ο
2463 1530 2562 1585 Διά
2588 1533 2644 1587 τί
2666 1533 2942 1600 ἐπάταξας
2978 1537 3077 1608 τὴν
3123 1538 3245 1593 ὗνον
3300 1558 3393 1595 σου
3433 1542 3575 1598 τοῦτο
3613 1547 3764 1619 τρίτοις

2273 1618 2405 1674 Ἰδοὺ
2435 1620 2545 1691 ἐγὼ
2572 1622 2796 1694 ἐξῆλθον
2819 1627 2899 1689 εἰς
2931 1625 3186 1700 διαϐολήν
3216 1646 3337 1697 σου,
3366 1633 3447 1685 ὅτι
3474 1633 3563 1687 οὐκ
3585 1618 3763 1707 εὐθείαή

2259 1711 2377 1775 ὁδός
2404 1729 2497 1766 σου
2527 1714 2769 1770 ἐναντίον
2800 1734 2921 1788 μου.
2968 1718 3079 1773 Kal
3128 1719 3316 1776 ἰδοῦσά
3341 1740 3407 1793 με
3435 1724 3467 1794 ή
3490 1722 3595 1788 ὸνος
3614 1725 3763 1790 ὲξέχλιυ

580 1820 671 1864 me
697 1825 712 1863 :
739 1815 796 1863 et
825 1806 1017 1864 videns
1043 1821 1132 1864 me
1163 1808 1314 1863 asina
1341 1807 1637 1863 declinavit
1657 1808 1770 1876 jam
1809 1817 1925 1877 ter;
1960 1826 2081 1880 qua:
2111 1827 2136 1865 s

2261 1819 2351 1856 νεν
2375 1803 2471 1855 ἀπ’
2500 1803 2636 1875 ἐμοῦ
2683 1804 2841 1860 τοῦτο
2870 1808 3054 1879 τρίτον
3075 1826 3090 1839 ο
3122 1810 3221 1864 καὶ
3270 1811 3319 1864 εἰ
3354 1811 3429 1884 μὴ
3456 1812 3680 1880 ἐξέκλινεν
3695 1816 3762 1868 ἀπ’

581 1911 688 1954 non
750 1897 1077 1955 declinasset
1137 1913 1323 1954 coram
1383 1913 1493 1964 me,
1553 1915 1698 1954 nunc
1761 1911 1815 1956 te
1869 1900 2160 1958 interfecto

576 1991 753 2063 ipsam
796 1989 1129 2047 incolumem
1173 2005 1502 2046 servassem.
1535 1992 1602 2047 Et
1641 1993 1781 2048 dixit
1812 1992 2031 2049 Balaam
2062 2012 2160 2050 an-

568 2078 700 2152 gelo
723 2080 1019 2149 :-Domine,
1050 2082 1292 2151 peccavi,
1322 2083 1578 2152 quoniam
1630 2099 1738 2140 non
1768 2085 1892 2141 novi
1925 2087 2068 2155 quod
2100 2096 2155 2142 tu

569 2171 865 2227 adversum
907 2186 993 2227 me
1039 2170 1094 2227 in
1147 2171 1232 2226 via
1267 2182 1479 2239 stares;
1512 2183 1567 2229 et
1600 2189 1747 2229 nunc
1772 2175 1816 2230 si
1851 2175 1948 2231 tibi
1971 2176 2156 2246 displi-

574 2270 683 2331 eet,
708 2272 980 2320 revertar.
1006 2262 1203 2333 Aitque
1232 2263 1457 2334 angelus
1490 2263 1584 2320 Dei
1617 2265 1685 2320 ad
1718 2263 1933 2321 Balaam
1953 2284 1969 2322 :
1989 2266 2156 2338 39o

573 2353 731 2411 Vade
776 2369 900 2411 cum
952 2353 1086 2410 viris
1134 2353 1272 2419 illis;
1322 2354 1417 2411 sed
1483 2357 1863 2413 tantummodo
1922 2360 2150 2414 verbum

552 2447 934 2518 quodcunque
977 2443 1198 2502 locutus
1234 2443 1389 2502 fuero
1435 2446 1504 2502 ad
1560 2456 1630 2511 te,
1682 2448 1785 2505 ltoc
1832 2451 2152 2508 observabis

562 2540 744 2612 loqui.
773 2558 793 2594 ι
824 2539 1067 2597 Observa
1105 2538 1251 2594 enim
1279 2540 1425 2611 quod
1451 2541 1675 2613 angelus
1703 2542 1800 2611 sit,
1839 2544 1932 2614 qui
1968 2544 2102 2599 dicit
2130 2561 2146 2601 :

502 2668 513 2675 -
573 2649 596 2685 ¢
623 2629 857 2688 Verbum
884 2630 1252 2703 quodcunque
1286 2631 1499 2688 loeutus
1530 2630 1688 2688 fuero
1724 2632 1792 2688 ad
1817 2641 1890 2700 te,
1918 2632 2024 2690 hoc
2051 2634 2150 2690 ob-

570 2723 817 2782 servabis
854 2722 1073 2794 loqui.)
1121 2720 1319 2780 Verum
1391 2724 1541 2781 dices
1588 2724 1751 2795 paulo
1797 2734 1921 2795 post
1977 2725 2145 2780 Deum

570 2819 673 2888 ipsi
704 2816 923 2873 Balaam
970 2816 1312 2889 apparuisse,
1347 2815 1661 2886 dixisseque
1699 2815 1772 2872 illi
1816 2815 2032 2871 Balaam
2046 2815 2093 2849 “
2126 2832 2141 2871 :

570 2927 592 2961 ς
630 2909 848 2979 Septem
885 2923 1011 2965 aras
1051 2907 1264 2978 paravi,
1315 2915 1373 2962 et
1428 2907 1659 2979 imposui
1717 2908 1770 2963 iu
1820 2922 2145 2979 unaquaque

567 3000 799 3057 vitulum
827 3010 885 3058 et
916 3001 1169 3058 arietem.
1199 3000 1267 3055 Et
1306 3001 1448 3056 Deus
1477 3015 1785 3057 sermonem
1826 3001 2023 3056 indidit
2050 3000 2134 3057 ori

564 3093 809 3158 Balaam.
839 3102 896 3150 et
923 3092 1066 3150 dixit
1096 3111 1110 3149 :
1138 3091 1410 3148 Reversus
1441 3093 1508 3148 ad
1540 3091 1702 3149 Balac
1724 3092 1805 3148 sic
1838 3093 2134 3164 loqueris.»

565 3193 636 3244 At
669 3204 800 3245 vere
842 3197 897 3243 tu
924 3189 1147 3243 attende
1179 3186 1452 3258 quomodo
1482 3195 1711 3256 utraque
1742 3201 1868 3241 vera
1899 3195 2048 3251 sunt,
2083 3196 2138 3241 et

561 3281 706 3353 quod
757 3280 827 3337 ab
878 3280 1074 3352 angelo
1142 3280 1368 3345 dicitur,
1438 3292 1673 3349 nempe:
1715 3277 2138 3349 «Quodcunque

560 3373 774 3455 loqutus
821 3372 976 3428 luero
1003 3370 1069 3426 ad
1115 3380 1187 3437 te,
1219 3370 1323 3426 hoc
1364 3367 1686 3426 observabis
1732 3368 1880 3438 loqui
1898 3368 1987 3436 ft;
2024 3387 2044 3420 ι
2081 3377 2137 3425 et

556 3465 701 3536 quod
752 3463 1035 3533 Scriptura
1063 3462 1388 3533 pronuntiat
1420 3479 1433 3515 :
1466 3479 1486 3515 ι
1520 3460 1719 3516 lndidit
1757 3461 1896 3515 Dens
1923 3473 2133 3515 sermo-

550 3570 682 3613 nem
714 3570 797 3613 οη
827 3553 1071 3620 Balaam,
1095 3563 1150 3611 et
1180 3551 1407 3611 dixit".
1437 3570 1457 3606 ι
1488 3551 1755 3609 Cancrum
1784 3564 1914 3605 veru
1952 3559 2132 3605 trans-

552 3651 780 3707 tiximus
827 3649 942 3706 inec
990 3648 1197 3705 verba:
1242 3665 1261 3701 t
1291 3647 1492 3705 Factus
1539 3654 1627 3702 est
1670 3644 1895 3716 spiritus
1938 3645 2029 3700 Dei
2077 3644 2130 3700 in

553 3743 698 3814 ipso,
732 3762 753 3797 ι
794 3743 938 3814 quod
983 3756 1162 3812 neque
1206 3741 1292 3797 bis
1322 3739 1505 3797 simile
1553 3737 1849 3810 quidquam
1881 3738 1936 3794 in
1965 3749 2131 3794 cane-

544 3849 739 3891 rorum
787 3834 1115 3889 editionibns
1160 3833 1551 3889 invenerimus.
1602 3832 1947 3901 Rursumque
1989 3830 2131 3885 edi-

548 3934 714 3975 verso
728 3927 862 3989 post
886 3932 1054 3987 pauca
1088 3936 1105 3974 :
1138 3937 1159 3971 ι
1181 3918 1451 3981 Occurrit,
1482 3919 1678 3989 inquit,
1714 3919 1859 3974 Deus
1886 3918 2128 3986 Balaam,

550 4019 609 4066 et
647 4010 842 4065 indidit
893 4023 1207 4066 sermonem
1237 4011 1289 4066 in
1319 4025 1419 4066 ore
1443 4010 1586 4078 eius,
1616 4021 1672 4066 et
1705 4011 1882 4066 dixit:
1921 4009 2127 4066 Rever-

540 4112 669 4158 tere
696 4102 763 4157 ad
795 4099 979 4166 Balac,
1020 4110 1078 4156 et
1114 4102 1232 4157 luec
1265 4101 1513 4172 loqueris
1528 4102 1596 4158 δ’.
1633 4122 1652 4155 ι
1691 4101 1746 4157 In
1783 4103 1897 4157 luce
1944 4110 2124 4156 autem

545 4194 728 4250 omnia
759 4192 968 4249 audens
1000 4191 1221 4262 aliquis,
1248 4191 1392 4247 dicet
1422 4193 1487 4248 de
1526 4191 1693 4246 Saule
1725 4192 1890 4248 etiam
1917 4192 2122 4247 dictum

543 4288 716 4345 fuisse
743 4302 759 4341 :
788 4303 808 4338 ι
839 4284 1078 4357 Spiritus
1129 4283 1223 4341 Dei
1277 4283 1451 4340 malus
1504 4281 1806 4339 sull‘ocabat
1856 4299 1978 4339 eum
1995 4284 2064 4338 ⁸ο.
2097 4303 2116 4337 ι

534 4377 686 4447 Quin
718 4377 885 4434 etiam
912 4391 1037 4433 cum
1059 4377 1264 4435 exisset
1292 4375 1519 4446 spiritus
1565 4372 1800 4429 mendax
1830 4374 2007 4431 factus
2037 4386 2122 4431 est

2261 1895 2395 1966 ἐμοῦ
2427 1895 2561 1967 (26),
2607 1896 2702 1951 νῦν
2752 1916 2811 1953 σε
2853 1900 2951 1970 μὲν
2992 1901 3060 1956 ἂν
3105 1903 3425 1969 ἀπέκτεινα,
3460 1905 3691 1978 ἐκείνηνῖ
3714 1907 3760 1961 Ξιν

2260 1990 2754 2062 περιεποιησάμην.
2784 1992 2897 2046 Kal
2922 1990 3045 2048 εἷπε
3082 1994 3320 2068 Βαλαὰμ
3344 1997 3420 2069 τῷ
3451 1998 3636 2069 ἀγγέλῳ
3657 1997 3754 2067 (ΤῘΓ

2258 2076 2452 2148 Κύριε,
2477 2081 2810 2154 ἡμάρτηκα·
2861 2082 2920 2138 οὖ
2965 2084 3074 2158 γάρ
3099 2087 3443 2159 ἠπιστάμην,
3473 2088 3548 2141 ότι
3574 2088 3627 2140 σὺ
3648 2086 3753 2141 ἀνθέ-

2258 2186 2465 2242 στηκας
2490 2173 2570 2237 εἰς
2596 2174 2918 2248 συνάντησιν
2944 2194 3034 2248 μοι
3062 2179 3120 2231 ἐν
3150 2181 3219 2252 τῇ
3254 2179 3358 2252 6δῷ
3379 2197 3393 2211 ο
3418 2180 3506 2235 καὶ
3527 2180 3609 2233 νῦν
3643 2182 3680 2233 εἰ
3699 2183 3748 2250 μή

2256 2277 2338 2315 σοι
2367 2262 2614 2334 ἀρέσκει.
2648 2264 3163 2340 ἀποστραφήσομαι.
3212 2271 3324 2326 Kal
3363 2270 3506 2328 εἶπεν
3536 2275 3562 2327 6
3588 2271 3752 2342 ἄγγελος

2251 2351 2345 2406 τοῦ
2371 2352 2507 2408 Θεοῦ
2535 2355 2670 2427 πρὸς
2702 2356 2934 2430 Βαλαάμ
2956 2376 2969 2390 ·
3008 2362 3426 2437 Συμπορεύθητι
3452 2372 3573 2439 μετά
3592 2368 3675 2421 τῶν
3692 2368 3751 2420 ἂν·

2252 2442 2486 2516 θρὼπων
2508 2461 2522 2477 ο
2582 2447 2722 2521 πλὴν
2769 2449 2832 2503 τὸ
2870 2451 3025 2523 ῥῆμα
3057 2452 3086 2507 ὸ
3111 2453 3179 2508 ἂν
3217 2453 3358 2510 εἴπω
3402 2458 3527 2530 πρὸς
3548 2459 3614 2525 σὲ,
3638 2457 3748 2511 τοῦτο

2250 2534 2461 2611 φυλάξῃ
2487 2536 2738 2611 λαλῆσαι.
2763 2559 2783 2594 t
2815 2541 3131 2617 Παρατήρει
3160 2546 3296 2619 γὰρ,
3319 2549 3400 2602 ὅτι
3428 2549 3625 2619 ἄγγελός
3642 2552 3745 2603 ἐστιν

2246 2627 2277 2681 6
2308 2626 2481 2697 λέγων
2501 2644 2517 2661 ·
2549 2647 2568 2682 ι
2592 2629 2667 2684 Τὸ
2697 2630 2847 2703 ῥῆμα
2873 2632 2903 2686 6
2926 2633 3021 2687 ἐάν
3054 2636 3196 2690 εἴπω
3226 2639 3362 2711 πρὸς
3383 2640 3461 2702 σὲ,
3482 2639 3616 2694 τοῦτο
3630 2639 3748 2709 φυλά-

2246 2714 2315 2790 ξῃ
2346 2714 2598 2788 λαλῆσαι.
2626 2739 2646 2772 ι
2696 2719 2857 2775 Ἀλλά
2901 2723 3114 2795 φήσεις,
3156 2726 3243 2780 ὅτι
3275 2727 3392 2798 μετ’
3417 2728 3557 2797 ὀλίγα
3583 2728 3746 2798 ἐφάνήό

2244 2804 2379 2869 Θεὸς
2444 2805 2524 2878 τῷ
2566 2808 2814 2883 Βαλαὰμ,
2864 2813 2958 2867 καὶ
3007 2808 3130 2868 εἷπε
3185 2816 3324 2888 πρὸς
3369 2816 3522 2872 αὑτὸν
3557 2816 3741 2886 Βαλαάμο

2249 2915 2270 2949 ι
2288 2897 2429 2962 Τοὺς
2458 2898 2595 2954 ἑπτὰ
2623 2899 2839 2974 βωμοὺς
2867 2904 3163 2976 ήτοίμασα,
3192 2908 3289 2962 καὶ
3310 2908 3583 2964 ἀνεϐίϐασα
3601 2908 3744 2980 μόσχον

2245 2988 2340 3044 καὶ
2371 2990 2535 3064 κριὸν
2554 2993 2649 3046 ἐπὶ
2675 2992 2769 3049 τὸν
2799 2992 3004 3067 βωμόν.
3034 2996 3145 3051 Kal
3170 2999 3423 3055 ἐνέϐαλεν
3445 3002 3473 3055 6
3499 2999 3613 3062 Θεὸς
3635 3000 3743 3071 ῥῆμα

2242 3080 2324 3145 εἰς
2354 3080 2415 3135 τὸ
2442 3082 2618 3156 στόμα
2646 3084 2896 3158 Βαλαὰμ,
2926 3087 3018 3141 καὶ
3041 3083 3195 3144 εἶπεν
3213 3107 3229 3122 ο
3273 3089 3622 3165 Ἐπιστραφεὶς
3644 3090 3741 3162 πρὸς
3834 3084 3835 3099 ³

2240 3173 2423 3230 Βαλὰκ
2444 3176 2578 3250 (28),
2604 3177 2747 3233 οῦτω
2772 3179 3047 3252 λαλήσεις.
3069 3200 3089 3230 ι
3123 3183 3240 3239 Kal
3269 3184 3334 3238 ab
3357 3184 3410 3239 δὲ
3438 3184 3640 3258 πρόσχες
3655 3182 3741 3245 πῶς
3832 3182 3833 3187 “

2236 3265 2523 3341 ἀμφότερα
2556 3269 2730 3342 ἀληθῆ
2757 3271 2893 3335 ἐστι,
2924 3272 3019 3326 καὶ
3047 3272 3110 3326 τὸ
3137 3274 3249 3329 ὑπὸ
3273 3274 3366 3330 τοῦ
3398 3274 3600 3344 ἀγγέλου
3625 3272 3737 3341 λεγό-
3830 3270 3831 3275 “

2240 3375 2399 3430 μενον
2432 3360 2490 3413 ἐν
2510 3359 2622 3433 τῷ,
2658 3381 2676 3414 t
2706 3363 2773 3416 Ὃ
2804 3361 2900 3417 ἐάν
2932 3363 3072 3418 εῐπω
3122 3366 3266 3438 πρὸς
3294 3366 3375 3432 σὲ,
3420 3364 3561 3421 τοῦτο
3582 3362 3736 3434 φυλάξῃ

2235 3452 2485 3526 λαλῆσαι,
2525 3473 2544 3506 ι
2575 3454 2670 3509 καὶ
2706 3454 2768 3509 τὸ
2805 3455 2911 3510 ὑπὸ
2941 3456 3043 3526 τῆς
3067 3456 3295 3531 Γραφῆς
3323 3454 3732 3528 ἀπαγγελλόμενον,
3824 3484 3825 3541 γ

2233 3542 2337 3597 ὅτιο
2389 3563 2409 3596 t
2447 3543 2730 3599 Ἐνέσαλεν
2755 3545 2786 3599 6
2805 3545 2937 3611 Θεὸς
2962 3546 3113 3620 ῥῆμα
3146 3551 3232 3613 εἰς
3275 3549 3334 3604 τὸ
3363 3549 3520 3621 στόμα
3543 3544 3730 3614 Βαλαὰμ.
3820 3574 3823 3629 γ

2234 3636 2329 3690 καὶ
2358 3632 2504 3691 εἷπε*
2534 3657 2554 3690 ι
2586 3637 2648 3692 τὸ
2686 3638 2769 3704 δὲ,
2806 3657 2825 3690 ι
2849 3638 3112 3712 Ἐγενήθη
3164 3639 3380 3713 πνεῦμα
3423 3638 3543 3694 Θεοῦ
3581 3635 3730 3692 ὲπάὐο

2231 3728 2330 3801 τῷ,
2351 3749 2371 3783 ι
2409 3730 2750 3803 ὠϐελὶσαμεν
2779 3730 2911 3803 (29),
2971 3735 3108 3804 μήτε
3152 3734 3307 3800 αὐτὸ,
3345 3735 3471 3807 μήτε
3513 3728 3727 3803 παραπλῆ

2233 3822 2348 3877 σιόν
2371 3840 2425 3878 τι
2450 3822 2599 3894 αὑτῷ
2641 3822 2893 3893 εὑρόντες
2938 3825 2998 3878 ἐν
3023 3827 3144 3888 ταῖς
3174 3824 3387 3891 λοιπαῖς
3411 3823 3634 3879 ἐκδόσεσι.
3656 3817 3729 3873 Πά-

2228 3914 2313 3969 λιν
2352 3932 2412 3968 τε
2445 3911 2512 3970 αὖ
2549 3916 2665 3988 μετ’
2690 3915 2864 3985 ὀλίγα,
2903 3930 2922 3964 t
2946 3916 3290 3990 Συνήντησε,
3357 3915 3538 3989 φησὶν,
3589 3913 3614 3965 ό
3634 3908 3726 3969 Θεὶς

2228 4008 2307 4081 τῷ
2354 4007 2602 4077 Βαλαὰμ,
2639 4007 2735 4061 καλ⁵
2763 4005 2981 4062 ἐνέϐαλε
3014 4007 3166 4079 ῥῆμα
3198 4010 3279 4073 εις
3310 4007 3370 4062 τὸ
3397 4006 3552 4078 στόμα
3586 3997 3723 4061 αὑτοῦ,

2229 4102 2323 4157 καὶ
2349 4097 2465 4155 εἷπε
2486 4117 2500 4132 °
2564 4099 2969 4174 ’Δποστράφηθι
2998 4099 3136 4173 πρὸς
3183 4101 3368 4156 Βαλὰκ
3399 4100 3519 4175 (50),
3539 4098 3615 4153 καὶ
3631 4093 3721 4149 aias

2226 4194 2496 4267 λαλήσεις.
2527 4212 2545 4245 ι
2588 4194 2684 4257 Εἰς
2709 4192 2881 4249 ταῦτα
2922 4193 2979 4249 δὲ
3008 4193 3187 4248 πάντα
3216 4197 3245 4249 6
3273 4192 3564 4265 ἀποτολμῶν
3585 4190 3717 4261 φήσειν

2225 4286 2305 4340 ὅτι
2333 4286 2426 4340 καὶ
2461 4284 2551 4339 ἐπὶ
2579 4282 2674 4338 τοῦ
2698 4284 2871 4339 Σαοὺλ
2901 4284 3114 4357 εἴρηται
3131 4302 3146 4316 ·
3191 4306 3209 4338 t
3232 4286 3447 4358 Πνεῦμα
3464 4282 3578 4339 Θεοῦ
3599 4295 3718 4345 πονη-

2228 4376 2319 4450 ρὸν
2350 4377 2569 4445 ἔπνιγεν
2600 4376 2781 4430 αὐτόν.
2811 4395 2829 4426 ι
2875 4375 3033 4429 Ἀλλά
3064 4376 3160 4430 καὶ
3189 4376 3401 4449 πνεῦμα
3431 4372 3597 4446 ψευδὲς
3613 4366 3717 4435 ἐξελ·

538 4475 598 4528 in
624 4486 722 4530 ore
749 4469 990 4527 omnium
1022 4469 1413 4542 prophetarum
1436 4466 1646 4532 Achab,
1681 4465 1900 4522 dicente
1932 4467 2114 4522 Domi.

2243 4469 2312 4523 ἱὸν
2356 4468 2578 4538 γέγονεν
2609 4469 2667 4521 ἐν
2714 4468 2940 4540 στόματι
2968 4467 3186 4524 πάντων
3227 4468 3335 4524 τῶν
3381 4464 3629 4540 προφητῶν
3648 4457 3713 4513 ττιῦ

541 4577 613 4618 no
642 4579 658 4618 :
690 4580 710 4616 t
736 4562 873 4632 Quis
923 4560 1160 4634 decipiet
1203 4557 1436 4615 Achab?
1461 4577 1481 4610 ι
1526 4566 1581 4613 et
1631 4566 1865 4613 exeunte
1916 4557 2111 4626 spiritu

534 4651 817 4719 mendaci,
847 4660 905 4708 et
924 4651 1139 4708 dicente
1170 4667 1189 4705 :
1223 4665 1244 4700 ι
1264 4647 1381 4720 Ego
1407 4646 1674 4719 decipiam
1709 4659 1831 4700 eum
1853 4644 1920 4699 ⁸ο.
1954 4663 1973 4697 ι
2006 4644 2106 4698 At-

2234 4559 2436 4633 Ἀχαάϐ
2470 4559 2603 4632 (51),
2653 4560 2895 4624 εἰπόντος
2922 4560 3128 4632 Κυρίου
3148 4575 3165 4592 ο
3219 4580 3240 4614 t
3268 4560 3361 4625 Τίς
3402 4559 3628 4629 ἀπατήσει
3650 4552 3712 4604 τὸν

2229 4651 2462 4723 Ἀχαά6;
2492 4671 2510 4703 ι
2566 4651 2662 4705 καὶ
2691 4649 2997 4716 ἐξελθόντος
3049 4651 3356 4723 πνεύματος
3395 4646 3606 4722 ψευδοῦς,
3644 4641 3711 4696 καὶ

532 4758 646 4814 quo
689 4743 806 4801 hec
840 4743 1067 4814 quidem
1091 4742 1181 4800 bis
1212 4740 1267 4798 iu
1294 4739 1431 4797 locis
1468 4739 1780 4795 examinata
1812 4746 1963 4803 sunt,
1989 4754 2111 4791 cum

2248 4739 2459 4806 ἱπόντος
2479 4755 2492 4770 ·
2532 4758 2550 4791 t
2575 4738 2715 4809 Ἐγὼ
2748 4739 3032 4810 ἀπατήσω.
3062 4760 3080 4792 ι
3118 4740 3303 4795 Ταῦτα
3327 4741 3420 4813 μὲν
3440 4734 3522 4792 οὖν
3540 4737 3604 4799 εἰς
3621 4733 3709 4791 τοὺς

532 4834 778 4908 alioquin
824 4834 1008 4892 valeat
1054 4834 1438 4905 unusquisque
1491 4846 1523 4886 a
1576 4831 2114 4901 semetipso.conse-

534 4936 770 4999 quenter
809 4927 896 4983 bis
943 4926 1267 4984 testimoniis
1308 4939 1429 4996 qua:
1471 4927 1525 4978 In
1580 4922 1818 4978 medium
1885 4922 2112 4993 protuli-

535 5036 680 5087 mus,
705 5018 1055 5077 considerare
1084 5015 1364 5090 quomodo
1380 5016 1787 5088 proph'etaverit
1813 5013 2105 5085 Caiapbas.

606 5159 654 5194 δ’
686 5158 846 5216 Num.
875 5174 1012 5223 xxtt,
1038 5158 1109 5213 22
1140 5157 1233 5212 24.
1309 5155 1519 5227 “ibid.
1545 5155 1640 5209 Ἦ.
1714 5155 1759 5227 ’δέ
1780 5155 1923 5227 ibid.
1954 5155 2023 5227 1’32
2056 5173 2173 5227 seq.

886 5230 933 5262 ⁸⁸
957 5221 1088 5286 ibitl.
1125 5228 1211 5284 16.
1288 5227 1334 5261 ⁸⁸
1362 5225 1381 5279 l
1431 5227 1561 5296 lleg.
1586 5241 1697 5290 va,
1730 5226 1819 5279 M.
1894 5225 1942 5257 ”
1970 5225 2033 5280 ill
2070 5221 2199 5299 Reg.
2230 5241 2366 5291 xxtt,
2395 5221 2585 5279 20-22.

522 5246 693 5310 astu,
727 5232 784 5287 ὅ.

605 5349 720 5424 (26)
758 5348 821 5424 In
858 5349 1044 5424 eodiee
1081 5348 1656 5424 Regio‘desideraturj
1694 5347 1855 5424 τοῦτο
1888 5351 2102 5424 τρίτον,

535 5418 715 5503 ξαὶηεζ
757 5420 833 5494 μὴ
870 5420 1140 5486 ἐξέκλινεν
1169 5418 1284 5475 ’ἀπ’
1329 5418 1464 5491 ἐμοῦ
1484 5458 1500 5485 ,
1548 5419 1644 5475 sed
1692 5418 1994 5477 restituitur
2038 5436 2104 5477 ex

528 5486 845 5546 Bodleiano.
1364 5486 1377 5491 ⁷

529 5566 538 5579 '
758 5559 939 5643 godex
973 5559 1210 5643 Regius._
1237 5576 1545 5643 perperam,
1581 5559 1659 5631 τῷ
1695 5560 2032 5643 mansum;

532 5628 720 5752 λαὲξὲ)
759 5627 985 5684 Βαλὰκ.
1019 5627 1086 5743 lu
1112 5627 1437 5747 cod-Regio
1465 5627 1744 5702 perperam
1772 5627 1966 5703 legitur
1984 5627 2108 5686 ’Βα-

610 5767 721 5840 (29)
768 5768 838 5827 Τὸ
860 5767 961 5820 ιὸέ.
1007 5786 1026 5818 ι
1086 5768 1372 5837 Ἐγενήθη
1410 5770 1643 5841 πνεῦμα
1682 5770 1832 5825 Θεοῦ
1879 5768 1972 5825 ἐπ’
2004 5771 2106 5825 αὑ-

2211 5492 2266 5546 in
2296 5492 2683 5574 Gomplntensi.
2715 5498 2856 5574 ut__in
2896 5498 3160 5574 llebraico
3184 5498 3478 5574 archetypo,

2210 5577 2331 5635 que»
2346 5567 2881 5635 interpretationibus
2906 5568 3062 5634 plane
3086 5567 3343 5627 omnibus.

2209 5617 2394 5773 (ago)
2413 5617 3363 5711 *satas;salsaeaazgia'aag
3408 5628 3573 5701 legitur
3606 5617 3686 5671 Ba-

2211 4832 2411 4896 τόπους
2459 4830 2761 4905 ἐζητήσθω,
2808 4830 3108 4902 δυναμένου
3156 4833 3300 4895 τινὸς
3342 4831 3429 4902 ἀφ’
3474 4823 3631 4918 ἑαυτοῦ

2213 4922 2481 4979 ἀκόλουθα
2508 4924 2621 4987 τοῖς
2661 4920 2927 4977 ἐκτεθεϊσι
2978 4925 3163 4995 ῥητοῖς
3217 4924 3470 4995 σκοπῆσαι
3499 4916 3704 4989 περὶτοῦ.

2213 5015 2330 5082 πῶς
2362 5016 2764 5087 προεφήτευσεν
2796 5016 2825 5068 6
2854 5015 3127 5085 Καϊάφας.
3158 5016 3379 5087 Μήποτε
3404 5012 3455 5067 δέ
3479 5002 3696 5065 καὶταῦτα

2275 5156 2322 5189 ⁸⁸
2351 5152 2510 5209 Num.
2534 5165 2695 5217 xxm,
2720 5151 2781 5218 4,
2801 5149 2856 5208 5.
2962 5150 3009 5182 ⁵⁸
3036 5146 3195 5205 Num.
3216 5165 3350 5216 χιιι,
3375 5145 3455 5204 35.
3518 5142 3556 5176 δ’
3579 5139 3695 5195 Num.

2208 5352 2310 5419 τῷ,
2333 5373 2362 5428 ⁸ι
2385 5356 2782 5428 Δὠϐιςλίοίπμείν.
2813 5356 2989 5428 Yerba
3028 5358 3144 5414 haec
3177 5347 3570 5428 reperiuntur)"
3599 5337 3693 5428 {If

2210 5423 2474 5480 xandrino
2508 5419 2699 5483 codice
2731 5437 2787 5483 et
2831 5426 3038 5484 Sixtiua
3074 5419 3304 5485 editione
3340 5443 3353 5478 :
3388 5419 3690 5485 desideri'm."

3499 5478 3690 5552 reliquis.

2431 5751 2624 5829 Codex"
2651 5775 2865 5847 Regius,
2906 5776 3136 5852 ’Axaip.
