3924 6196
155 320 278 378 ’117
1164 319 1523 378 ΟΟΜΜΕΝΤ.
1563 320 1627 374 IN
1667 317 1856 374 JOAN.
1896 314 2136 374 TOMUS
2175 315 2410 372 XXVIII.
3324 312 3422 366 7lS

155 445 251 506 είς
276 441 380 514 τὴν
407 442 741 514 προφητείαν
770 441 933 495 αὐτοῦ
961 441 1196 507 λεκτέον,
1228 444 1331 506 ὅτι,
1357 439 1478 496 ἐπεὶ
1513 443 1585 513 μὴ
1609 443 1758 512 ἅγιος

1885 439 1998 495 v’ide
2023 455 2154 496 vero
2183 456 2250 493 an
2291 439 2432 492 forte
2477 439 2590 492 haec
2621 435 2782 490 etiam
2813 433 3036 489 dicenda
3066 436 3172 490 sint
3201 436 3266 491 de
3296 452 3424 505 prn-

156 528 262 603 ἧν,
303 534 355 585 εί
391 533 486 585 καὶ
525 533 948 604 προεφήτευσεν,
980 533 1092 586 ἀλλ’
1132 535 1231 587 οὐκ
1264 534 1372 587 ἀπὸ
1405 533 1754 606 ἐμπνεύσεως

1885 532 2040 587 ιιιοιίο
2064 531 2204 601 ejus,
2236 531 2494 598 quoniam
2523 544 2628 582 non
2658 537 2877 583 sanctus
2899 536 3035 591 erat,
3061 527 3269 584 etiamsi
3300 544 3426 599 pro-

157 623 497 696 Πνεύματος
537 625 694 694 ἁγίου
725 628 1128 698 προεφήτευσεν
1157 627 1290 698 (52).
1338 627 1546 696 Ὥσπερ
1572 627 1628 679 δὲ
1663 625 1759 696 ζη-

1885 622 2119 687 ιιιοιειτίῐ,
2155 633 2477 676 non,tamen
2513 637 2578 675 ex
2606 620 2784 674 aIIlatu
2827 619 3061 690 Spiritus
3096 622 3265 675 sancti
3298 638 3427 693 pro-

154 720 391 788 τήσεως
422 715 572 782 ἄξιόν
603 720 740 780 ἐστι,
770 718 888 782 πῶς
915 721 1288 792 προεφήτευσε
1312 719 1585 788 Καϊάφας,
1615 718 1758 771 οὕτω

1885 711 2112 766 ιὴθιειεεθ
2146 712 2467 780 Caiapbam.
2493 708 2563 764 Ut
2596 720 2774 764 autem
2805 710 3036 778 QIKBSIIU
3065 710 3284 780 dignum
3320 724 3426 776 est,

155 810 268 863 καὶ
297 811 357 862 ἐν
395 811 462 878 τῇ
506 808 698 880 πρώτῃ
727 808 835 861 τῶν
866 809 1162 863 Βασιλειῶν
1195 810 1470 881 ζητήσεις,
1499 807 1616 871 πῶς
1645 808 1756 878 (55)

1885 803 2135 871 |uomodo
2173 801 2584 871 prophetaverit
2611 800 2902 870 Caiaphas,
2933 801 3011 856 sic
3044 802 3207 855 etiam
3240 803 3291 855 in
3320 805 3430 872 pri-

155 901 594 972 προεφήτευσαν
636 901 686 953 οί
727 900 947 968 ἄγγελοι
987 901 1081 954 τοῦ
1129 901 1301 954 Σαοὺλ
1347 900 1625 962 σταλέντες
1666 899 1759 952 ἐπὶ

1885 908 1950 947 no
1997 893 2204 964 Regum
2257 908 2490 964 quaeres,
2536 893 2808 962 quomodo
2846 893 3224 962 prophetarint
3257 896 3431 949 nuntii

151 991 267 1045 τὸν
298 991 484 1055 Δαϐὶδ,
512 992 607 1044 καί
641 993 756 1062 μετ’
782 992 976 1056 αὐτοὺς
1009 994 1037 1046 ό
1061 992 1248 1047 Σαούλ.
1279 992 1593 1065 Γέγραπται
1619 991 1755 1061 γάρ’

161 1100 185 1132 ε
213 1081 334 1134 Καὶ
359 1081 644 1151 ἀπηγγέλη
671 1080 747 1152 τῷ
769 1082 961 1145 Σαοὺλ,
987 1082 1234 1151 λέγοντες
1255 1099 1267 1110 ·
1306 1081 1436 1135 Ἰδοὺ
1456 1079 1622 1133 Δαυῖδ
1647 1079 1758 1151 (54)

155 1173 251 1233 είς
286 1169 446 1223 Αύὼθ
492 1173 550 1224 ἐν
596 1171 792 1243 Ῥαμᾷ.
830 1173 938 1226 Καὶ
969 1161 1255 1226 ἀπέστειλε
1297 1171 1470 1226 Σαοὺλ
1497 1171 1762 1239 ἀγγέλους

156 1257 366 1312 λαϐεῖν
391 1259 483 1311 τὸν
504 1259 686 1317 Δαυῖδ.
709 1261 804 1314 καὶ
825 1259 1035 1316 εῖδοσαν
1058 1262 1156 1333 τὴν
1182 1261 1473 1332 ἐκκλησίαν
1498 1259 1607 1313 τῶν
1637 1277 1764 1330 προ-

159 1350 390 1421 φητῶν,
413 1350 508 1403 καὶ
533 1350 784 1422 Σαμουὴλ
803 1353 1040 1424 εἱστήκει
1068 1351 1422 1424 καθεστηκὼς
1445 1353 1531 1405 ἐπ’
1555 1351 1759 1405 αὐτῶν·

1885 1361 1992 1406 'nnt
2033 1367 2262 1407 cuneum
2305 1351 2712 1422 prophetarum,
2751 1360 2807 1406 et
2857 1352 3163 1407 Samuelem
3203 1359 3434 1408 Stantem

162 1444 279 1498 καὶ
307 1442 538 1514 ἐγενήθη
587 1443 681 1498 ἐπὶ
717 1446 842 1509 τοὺς
886 1445 1150 1514 ἀγγέλους
1188 1445 1360 1499 Σαοὺλ
1409 1444 1627 1514 πνεῦμα
1653 1446 1765 1498 Κυ-

1885 1443 2174 1498 mtistitem
2207 1459 2498 1518 supereos
2527 1459 2542 1508 ;
2576 1441 2861 1512 factusque
2893 1451 2976 1497 est
3005 1443 3230 1512 spiritus
3257 1444 3440 1498 Domi-

163 1534 329 1607 ρίου,
360 1533 456 1587 καὶ
488 1535 894 1605 προεφήτευσαν
921 1535 1015 1587 καὶ
1042 1534 1217 1586 αὐτοί.
1247 1533 1358 1587 Καὶ
1387 1533 1670 1603 ἀπηγγέλη
1689 1532 1766 1604 τῷ

1889 1537 1922 1590 ii
1977 1550 2142 1607 super
2187 1539 2407 1590 nuntios
2447 1535 2642 1598 Saulis,
2695 1542 2751 1587 ut
2793 1545 2848 1589 et
2891 1535 2992 1605 ipsi
3033 1537 3434 1604 prOpbetareut.

165 1622 378 1687 Σαοὺλ,
405 1624 498 1678 καὶ
531 1623 850 1677 ἀπέστειλεν
897 1623 1164 1692 ἀγγέλους
1213 1623 1454 1695 ἐτέρους,
1498 1627 1590 1678 καὶ
1629 1642 1766 1697 προ-

1885 1626 2414 1694 Nuntiatumque.est
2457 1625 2627 1688 Sauli,
2661 1623 2818 1694 391
2865 1633 2920 1678 et
2951 1625 3100 1680 misit
3135 1626 3270 1681 alios
3303 1645 3440 1683 nun-

163 1715 491 1785 εφήτευσαν
517 1716 610 1770 καὶ
640 1716 814 1772 αὐτοί.
843 1716 956 1769 Καὶ
986 1714 1240 1787 ἐθυμώθη
1269 1716 1403 1788 ὀργῇ
1432 1717 1626 1781 Σαοὺλ,
1670 1718 1764 1772 καὶ

1885 1717 1995 1780 .ios,
2030 1715 2119 1784 qui
2150 1715 2311 1768 etiam
2353 1713 2451 1782 ipsi
2485 1715 2900 1783 prophetarunt.
2934 1713 2999 1768 Et
3029 1714 3324 1769 excanduit
3359 1715 3437 1769 ira

161 1782 452 1876 ἐπορεύθη
481 1806 560 1869 είς
593 1803 928 1876 ’Δρμαθαῖμ,
965 1803 1058 1856 καὶ
1089 1782 1312 1874 ἔρχεται,
1468 1802 1563 1856 τοῦ
1594 1803 1758 1875 φρέα-

1885 1807 2017 1871 iaul,
2055 1806 2442 1874 concessitque
2489 1805 2652 1859 etiam
2697 1817 2811 1872 Ipse
2859 1804 2912 1858 in
2967 1805 3355 1871 Armatbzcam,
3386 1819 3441 1862 et

161 1911 270 1959 τος
301 1894 397 1948 τοῦ
421 1895 678 1966 μεγάλου,
701 1896 793 1949 καὶ
815 1897 872 1948 ἐν
891 1899 957 1968 τῇ
983 1895 1088 1968 ὁδῷ
1128 1897 1208 1959 είς
1245 1897 1483 1964 Σωφεῐμο
1521 1896 1616 1948 καὶ
1667 1897 1764 1947 ὲπο

1885 1901 2013 1954 :enit
2051 1914 2223 1968 usque
2273 1896 2340 1952 ad
2383 1907 2600 1966 puteum
2650 1911 2927 1966 magnum,
2953 1905 3008 1950 et
3053 1897 3117 1949 ad
3149 1896 3288 1950 viam
3318 1913 3440 1966 qua:

159 1987 458 2061 ηρώτησε,
487 1989 580 2042 καὶ
611 1985 752 2041 εἷπε·
779 1988 887 2042 Ποῦ
921 1989 1188 2060 Σαμουὴλ,
1216 1989 1309 2042 καὶ
1331 1988 1524 2054 Δαϐίδ;
1554 1988 1664 2040 Καὶ
1689 1983 1764 2040 εῖ-

1885 2001 1952 2047 :st
2009 1992 2063 2045 in
2114 1989 2386 2055 Sophem;
2438 1997 2492 2043 et
2535 1988 2878 2058 interrogans
2923 1989 2996 2042 ait
3034 2007 3048 2043 :
3083 1987 3183 2044 Ubi
3220 2001 3302 2043 est
3339 1991 3439 2044 Sa-

162 2097 284 2134 πον
315 2079 466 2150 (55)·
531 2079 660 2134 Ἰδοὺ
703 2082 783 2144 είς
826 2079 979 2134 Δύὼθ
1015 2083 1072 2134 ἐν
1120 2082 1317 2154 Ῥαμᾷ.
1357 2083 1468 2136 Καὶ
1497 2081 1763 2153 ἐπορεύθη

1885 2085 2037 2149 nuel,
2090 2093 2145 2138 et
2187 2081 2390 2137 David?
2430 2080 2498 2134 Et
2549 2081 2848 2135 dixerunt:
2881 2080 3018 2135 Ecce
3063 2082 3116 2134 in
3166 2081 3340 2136 Avoth
3387 2082 3438 2135 in

167 2170 398 2224 ἐκεῖθεν
424 2173 505 2235 είς
525 2171 680 2225 Δύὼθ
708 2174 765 2226 ἐν
797 2173 972 2244 Ῥαμᾷ
993 2173 1135 2244 (56)°
1173 2175 1268 2226 καὶ
1300 2173 1529 2244 ἐγενήθη
1558 2175 1642 2226 ἐπ’
1671 2173 1768 2226 αὐ-

1885 2176 2062 2229 Rama.
2096 2174 2160 2228 Et
2184 2173 2431 2228 concedit
2455 2172 2602 2226 illine
2631 2172 2682 2225 in
2702 2171 2876 2226 Avoth
2907 2171 2961 2226 in
2995 2171 3164 2226 Rama
3195 2189 3207 2224 :
3233 2171 3433 2227 lactus-

166 2265 278 2319 τὸν
327 2263 541 2335 πνεῦμα
568 2264 724 2330 Θεοῦ,
771 2267 864 2318 καὶ
903 2265 1196 2337 ἐπορεύετο
1243 2265 1622 2336 πορευόμενος,
1675 2266 1770 2319 καὶ

1885 2281 1977 2338 lue
2016 2275 2100 2321 est
2132 2265 2358 2335 spiritus
2396 2263 2605 2319 Domini
2641 2276 2805 2330 super
2834 2276 2980 2326 eum,
3011 2272 3066 2318 et
3100 2263 3279 2318 eundo
3309 2265 3440 2328 ibat,

174 2355 571 2427 προφητεύων,
602 2356 706 2420 ἕως
726 2356 898 2410 ἐλθὼν
920 2360 1001 2422 είς
1023 2358 1180 2412 Αύὼο
1207 2360 1266 2413 ἐν
1303 2361 1482 2431 Ῥαμᾷ
1499 2376 1512 2390 ·
1549 2361 1643 2414 καὶ⁸
1684 2357 1770 2424 ἐξ·

1885 2369 2036 2427 ttque
2083 2356 2465 2426 prophetabat,
2505 2355 2678 2410 donec
2727 2367 2850 2408 cum
2901 2354 3141 2408 venisset
3186 2355 3240 2409 in
3266 2356 3441 2410 Avotb

175 2443 421 2499 εδύσατο
452 2445 521 2499 τὰ
551 2447 742 2517 ἱμάτια
768 2447 956 2515 αὐτοῦ,
988 2449 1082 2502 καὶ⁵
1109 2451 1513 2521 προεφήτευσεν
1541 2450 1769 2504 ἐνώπιον

1885 2470 1925 2505 ιιι
1961 2451 2150 2515 Rama,
2179 2448 2360 2504 exutis
2381 2447 2722 2503 vestimentis
2754 2446 2867 2501 suis
2890 2445 3232 2516 prapbetavit
3260 2463 3442 2501 coram

173 2536 479 2608 Σαμουηλο
515 2538 610 2592 καὶ
640 2538 803 2593 ἔπεσε
853 2541 1059 2612 γυμνὸς
1101 2541 1229 2613 ὃλην
1263 2543 1363 2614 τὴν
1389 2542 1600 2614 ἡμέραν
1630 2542 1772 2596 ὲκεί-

1885 2541 2162 2609 Samuele;
2210 2550 2267 2596 et
2318 2539 2553 2610 procidit
2591 2537 2771 2592 nudus
2808 2544 2919 2591 tota
2967 2536 3056 2590 illa
3091 2537 3202 2602 die,
3243 2547 3298 2592 et
3335 2547 3443 2593 tota

175 2643 313 2698 νην,
341 2628 437 2680 καὶ
481 2628 611 2700 ὅλην
647 2631 746 2702 τὴν
789 2630 978 2687 νύκτα.
1020 2633 1120 2686 Διά
1151 2634 1309 2688 τοῦτο
1341 2633 1521 2702 ἔλεγον
1544 2651 1558 2664 ·
1587 2634 1648 2686 Εἰ
1678 2635 1772 2686 καὶ

1885 2643 2055 2690 nocte.
2106 2625 2244 2689 Hinc
2278 2633 2478 2687 dicitur
2509 2649 2523 2686 :
2555 2628 2694 2684 Num
2742 2639 2798 2684 et
2845 2628 2978 2683 Sani
3027 2629 3165 2683 inter
3215 2631 3446 2700 prophe-

177 2717 366 2771 Σαοὺλ
397 2718 457 2771 ἐν
488 2723 834 2792 προφήταιςς
866 2742 885 2775 ι
949 2724 1280 2793 ’Δναγκαίως
1331 2725 1388 2778 δὲ
1435 2724 1639 2796 νομίζω
1679 2726 1774 2778 καὶ

179 2805 369 2862 ταῦτα
401 2811 829 2881 παρατεθεῖσθαι
862 2813 1000 2886 ὑπὲρ
1031 2815 1124 2868 τοῦ
1155 2817 1389 2887 φανῆναι
1437 2816 1556 2878 πῶς
1599 2817 1775 2888 ἀμαρ-

1885 2820 2111 2874 clareret
2157 2824 2476 2887 peccatores
2508 2827 2725 2884 quoque
2768 2811 3132 2882 prophetare;
3175 2821 3228 2866 et
3264 2822 3442 2864 utrum

179 2899 354 2954 τωλοὶ
373 2903 800 2974 προφητεύουσι,
822 2907 916 2959 καὶ
935 2905 1161 2978 πότερον
1183 2908 1242 2970 ἐξ
1262 2907 1418 2974 άγίου
1439 2907 1774 2978 Πνεύματος,

1885 2919 1944 2960 ex
1997 2903 2204 2974 Spiritu
2251 2911 2458 2967 sancto,
2505 2916 2574 2955 an
2622 2916 2687 2955 ex
2736 2900 2843 2954 alia
2883 2900 3122 2970 potentia
3157 2915 3262 2954 non
3295 2913 3446 2952 men-

184 2990 223 3062 ἢ
262 2991 368 3049 ἀπὸ
394 2992 560 3064 άλλης
585 2994 885 3066 δυνάμεως,
914 2997 1038 3050 ὅσον
1061 3011 1123 3066 γε
1155 2998 1247 3050 ἐπὶ
1274 2997 1352 3068 τῷ
1384 3001 1679 3070 μαρτυρεῖν
1706 3002 1773 3070 τῇ

1885 2995 2068 3061 liente,
2099 3003 2363 3064 quantum
2417 2993 2483 3047 ad
2524 2991 2919 3047 testiﬁcandum
2963 2991 3176 3044 veritati
3227 2991 3444 3052 attinet,

182 3081 442 3154 ἀληθείᾳ,
494 3085 568 3157 μὴ
602 3085 955 3158 ψευδομένης.
1013 3089 1182 3142 Πάλιν
1210 3106 1269 3142 τε
1297 3085 1364 3142 αὖ
1400 3092 1458 3142 ἐν
1487 3091 1552 3160 τῇ
1585 3088 1775 3160 πρώτῃ

1885 3085 1934 3140 bi
1963 3085 2309 3154 prophetent.
2335 3083 2676 3150 Rursumque
2703 3081 2754 3134 in
2787 3080 2963 3149 primo
2989 3078 3192 3148 Regum
3213 3076 3259 3109 ⁸⁸
3293 3079 3445 3130 inve—

185 3171 306 3226 τῶν
347 3174 641 3230 Βασιλειιῖιν
698 3179 1040 3250 εὑρίσκονται
1080 3183 1130 3234 οἱ
1179 3179 1287 3235 τῶν
1333 3180 1566 3234 εἰδώλων
1633 3181 1772 3251 μάνο

1885 3177 2103 3231 niuntur
2157 3174 2424 3230 idolorum
2473 3182 2646 3236 vates,
2696 3171 3048 3227 ostendentes
3078 3169 3145 3224 de
3173 3183 3322 3234 area,
3355 3168 3448 3221 de-

189 3282 312 3330 τεις
361 3267 771 3334 ὑποδεικνύντες
813 3273 882 3325 τά
918 3273 1047 3345 περὶ
1091 3273 1192 3343 τῆς
1240 3271 1496 3337 κιϐωτοῦ,
1532 3273 1625 3326 καὶ
1669 3273 1772 3337 ὅτι,

1885 3266 2296 3335 nuntiantesqne
2322 3263 2670 3328 Pbilisthzeis,
2705 3261 2847 3331 quod
2878 3261 2924 3316 si
2956 3258 3162 3315 bucula:
3189 3259 3450 3315 lactentes

1863 986 2044 1040 Saulis
2073 985 2222 1041 missi
2258 987 2324 1039 ad
2357 985 2636 1050 Davidem,
2664 994 2718 1040 et
2747 995 2869 1056 post
2910 990 3060 1056 ipsos
3093 985 3247 1041 Saul.
3281 987 3435 1042 Seri-

1862 1089 2011 1149 ptum
2057 1087 2143 1133 est
2177 1079 2320 1132 enim
2347 1078 2390 1110 ⁸¹
2425 1097 2437 1132 :
2473 1096 2491 1128 ι
2518 1079 2580 1132 Ει
2618 1079 2924 1132 nuntiatum
2975 1089 3058 1134 est
3089 1078 3238 1134 Sauli
3282 1079 3434 1134 hisce

1865 1169 2045 1223 verbis
2075 1185 2090 1222 :
2123 1167 2263 1222 Ecce
2295 1168 2463 1222 David
2495 1178 2577 1222 est
2612 1169 2664 1222 in
2692 1169 2888 1234 Avmh,
2923 1169 2978 1222 in
3010 1169 3204 1223 Rama.
3233 1167 3299 1224 Et
3330 1169 3435 1223 mi-

1863 1260 1935 1312 sit
1966 1258 2098 1314 Saul
2137 1260 2353 1315 nuntios
2383 1261 2474 1328 qui
2510 1261 2841 1314 adducerent
2892 1259 3170 1326 Davidem,
3204 1268 3257 1314 et
3285 1258 3434 1313 vide-

1877 2727 2004 2783 tas?
2030 2745 2049 2780 ι
2081 2727 2205 2781 Haec
2235 2739 2367 2781 vero
2393 2723 2703 2780 necessario
2738 2722 2982 2793 apposita
3019 2721 3187 2777 fuisse
3219 2738 3362 2782 reor,
3389 2731 3447 2775 ut

191 3357 341 3412 ἐπὰν
372 3358 492 3430 βόες
523 3363 962 3432 πρωτοτοκοῦσαι
1008 3364 1143 3434 (57),
1170 3365 1270 3436 τὴν
1319 3364 1438 3418 ὁδὸν
1478 3363 1652 3436 Ἰησοῦ
1678 3362 1774 3416 τοῦ

199 3448 614 3520 Βεθσαμυσαίου
645 3453 971 3524 πορευθῶσι,
1006 3453 1360 3526 σημαίνουσιν
1390 3455 1497 3509 ἀπὸ
1521 3455 1655 3509 Θεοῦ
1683 3473 1778 3525 γε-

201 3541 416 3608 γονέναι
449 3543 546 3614 τὴν
589 3544 803 3616 πληγὴν
839 3548 952 3609 τοῖς
982 3546 1355 3610 Φυλιστιαίοις.
1393 3547 1526 3601 Οὐδὲ
1552 3547 1622 3600 τά
1649 3547 1778 3620 περὶ

203 3633 304 3705 τὴν
334 3635 767 3707 ἐγγαστρίμυθον
811 3636 905 3690 καὶ
943 3637 1034 3691 τὸν
1079 3638 1328 3710 Σαμουὴλ
1373 3642 1430 3692 ἐν
1458 3642 1569 3701 τοῖς
1594 3639 1779 3703 τόποις

205 3725 411 3790 τούτοις
440 3729 910 3800 παρασιωπητέον,
947 3729 1040 3798 ἀφ’
1079 3723 1154 3784 ὧν
1186 3729 1386 3800 ἔμαθεν
1415 3732 1444 3782 ὁ
1479 3729 1670 3793 Σαοὺλ,
1696 3731 1778 3782 ὅτι

208 3820 275 3887 τῇ
314 3817 436 3889 ἑξῆς
464 3819 684 3889 ἔμελλεν
710 3820 824 3890 ἅμα
854 3823 968 3884 τοῖς
991 3822 1127 3885 υἱοῖς
1164 3820 1615 3892 ἀναιρεθήσεσθαι
1645 3821 1780 3891 ἠμέ-

215 3926 306 3982 ρᾳ.
349 3911 418 3964 Τὸ
447 3911 502 3964 δέ
526 3913 747 3985 ἀκριϐὲς
776 3917 833 3968 ἐν
861 3918 975 3978 τοῖς
1002 3913 1187 3976 τόποις
1219 3913 1408 3983 δψεται
1431 3915 1459 3966 ὁ
1485 3913 1780 3984 δυνάμενος

213 3998 479 4053 διαλαϐεῖν
532 4002 658 4074 περὶ
703 3997 974 4074 διαφόρων
1027 4002 1328 4072 δυνάμεων,
1381 4001 1636 4072 χειρόνων
1688 4002 1782 4054 καὶ

219 4091 552 4160 κρειττόνων,
575 4095 623 4146 εί
654 4093 710 4146 δὲ
731 4093 826 4148 καὶ
847 4090 956 4146 εἶέν
981 4110 1124 4157 τινες
1142 4092 1372 4163 μεταξὺ,
1402 4093 1495 4145 καὶ
1515 4110 1582 4144 πε
1591 4092 1642 4162 pl.
1661 4091 1784 4144 τού-

223 4197 340 4235 των.
373 4183 541 4236 Πάλιν
584 4201 641 4236 τε
672 4181 740 4238 αὖ
769 4187 797 4237 ό
828 4184 1147 4255 βουλόμενος
1175 4184 1284 4237 ἀπὸ
1332 4185 1571 4255 χείρονος
1617 4183 1781 4236 δυνά-

228 4288 360 4342 μεως
396 4276 902 4346 προπεφητευκέναι
928 4275 1018 4328 τὸν
1054 4275 1326 4344 Καϊάφαν,
1364 4275 1526 4346 φησὶν
1554 4276 1654 4338 ὅτι,
1689 4275 1780 4327 ούο

221 4362 304 4415 ὁὲν
321 4364 610 4435 παράδοξόν
635 4366 748 4418 ἐστι
771 4366 1009 4438 πονηρὰν
1030 4365 1257 4436 δύναμιν
1282 4365 1453 4418 ταῦτα
1479 4365 1778 4437 εἰρηκέναι,

227 4453 344 4504 ὅπου
371 4469 433 4522 γε
465 4456 527 4507 οὐ
555 4456 730 4527 πάντη
763 4457 974 4525 ἀγνοῶν
1006 4458 1098 4512 καὶ
1130 4459 1158 4510 ό
1185 4457 1427 4522 διάϐολος
1464 4459 1777 4528 εὑρίσκεται
1811 4441 1855 4496 D

230 4543 310 4596 τὸν
337 4544 456 4598 Υίὸν
500 4545 628 4599 ὄντα
657 4547 814 4612 Θεοῦ,
849 4549 907 4603 ἐν
937 4552 1049 4613 τοῖς
1088 4549 1479 4622 ἀναγραφεῖσιν
1517 4550 1622 4603 ὑπὸ
1667 4551 1777 4605 τῶν

229 4632 606 4702 εὐαγγέλια-τῶν
639 4637 890 4708 είρῆσθαι
933 4640 1023 4692 ὑπ’
1051 4639 1217 4694 αὐτοῦ
1247 4641 1383 4710 πρὸς
1419 4641 1510 4693 τὸν
1548 4640 1772 4711 Κύριον.

230 4723 375 4793 ⁴Ιιήσει
394 4725 468 4788 δὲ,
485 4727 568 4780 ὅτι
581 4728 674 4781 καὶ
692 4729 923 4800 πονηρία
937 4747 1020 4793 τις
1033 4728 1274 4783 ἔκκειται
1291 4730 1424 4799 (57‘)
1441 4733 1506 4801 τῇ
1527 4731 1778 4802 ἐνεργού-

238 4829 298 4886 σῃ
331 4814 547 4887 δυνάμει
583 4818 757 4872 ταῦτα
776 4819 1211 4891 προφητεύεσθαι
1236 4820 1476 4890 περὶτοῦ
1500 4821 1771 4892 Σωτῆρος·

239 4905 412 4970 σκοπὸς
439 4907 548 4978 γὰρ
573 4905 640 4980 ἦν
667 4911 803 4981 αὐτῇ
834 4911 895 4964 ού
921 4913 982 4964 τὸ
1015 4911 1397 4981 πιστοποιῆσαι
1428 4913 1551 4974 τοὺς
1578 4913 1782 4983 ἀκροω-

243 4997 424 5069 μένους,
458 5000 573 5056 ἀλλ’
599 5003 839 5074 ἐρεθίσαι
865 5003 991 5067 τοὺς
1021 5005 1078 5057 ἐν
1114 5003 1194 5074 τῷ
1222 5003 1480 5076 συνεδρίῳ
1510 5005 1781 5075 ἀρχιερεῖς

299 5139 375 5194 "I
401 5141 535 5213 Reg.
568 5159 682 5210 χιιι,
715 5143 781 5199 19
814 5159 926 5214 seq.

309 5233 399 5302 (32)
412 5233 566 5314 ’μιν
586 5235 696 5288 οὑκ
711 5232 832 5314 gae
852 5233 1228 5314 ἐμπνεέσεαλς
1249 5233 1592 5314 Ιζνεύματος
1607 5233 1779 5314 ἁγίου

249 5301 680 5371 προεφήτευσεν.
711 5303 836 5357 Haec
871 5303 926 5356 in
957 5303 1140 5356 codice
1166 5301 1352 5372 Regio,
1385 5317 1448 5356 ac
1474 5303 1698 5370 proinde
1724 5302 1778 5356 in

249 5373 353 5426 edit.
378 5373 573 5428 Huetii.
601 5373 995 5428 desiderantur.
1021 5371 1116 5425 sed
1141 5381 1356 5426 exstant
1382 5371 1435 5425 in
1467 5371 1775 5426 Bodleiano.

248 5387 353 5426 eun.
378 5387 573 5436 ﬂuet",
601 5387 995 5435 uesmerantttr,
1021 5387 1116 5425 seu
1141 5387 1356 5426 exstant
1382 5387 1435 5425 tn
1467 5387 1775 5426 maletano.

287 5443 396 5522 J55)
429 5443 560 5522 ῌῶς
601 5442 1011 5522 προεεξ-ήτευρνε
1024 5440 1339 5522 αΚαζιάειςᾳς,
1381 5442 1538 5520 οὕτω
1575 5442 1780 5522 καί-ἐν

249 5510 310 5579 τῇ
351 5513 540 5582 πρώτῃ
595 5511 715 5566 τῶν
751 5510 1097 5582 βασιλειῶν
1139 5510 1412 5579 ζητήσεις
1455 5510 1600 5582 πῶς.
1655 5511 1780 5566 Ilaec

249 5596 436 5664 quoque
467 5583 520 5664 in
555 5583 743 5638 codice
777 5581 945 5652 Regio
982 5581 1391 5644 desiderantur,
1431 5581 1526 5635 sed
1565 5589 1781 5636 exstant

248 5649 695 5845 ln(§2;lll?:;|2;et’
721 5721 944 5786 αὐτοὺς
971 5724 1004 5774 ό
1032 5722 1250 5776 Σαούλ.
1290 5717 1621 5789 Γέγραπται
1648 5719 1779 5786 γάρ.

248 5791 335 5844 Kal
360 5791 550 5845 tian
580 5796 658 5845 λη
687 5791 767 5845 τῶ
798 5791 1016 5845 Σαοὺλ.
1053 5790 1346 5845 λέγον-τείν
1391 5789 1542 5845 Ἰδοὺ
1579 5789 1774 5841 Amris,

247 5791 335 5844 Kal
360 5789 658 5862 ἀπηγγέλη
687 5791 767 5858 τῷ
798 5791 1016 5858 Σαοὺλ,
1053 5790 1346 5860 λέγοντεςν
1391 5789 1542 5845 Ἰδοὺ
1579 5789 1774 5841 Attum.

1877 3352 1930 3407 in
1961 3353 2104 3407 viam
2139 3352 2544 3407 ambulaverint
2565 3350 2692 3406 Jesu
2719 3350 3111 3416 Bethsamusaa,
3147 3349 3323 3404 sciant
3345 3348 3449 3404 sibi

1878 3460 1910 3499 a
1953 3445 2063 3500 Deo
2115 3443 2314 3498 factam
2361 3442 2528 3498 fuisse
2563 3441 2796 3512 plagam.
2827 3440 2908 3494 Ac
2952 3454 3019 3494 ne
3070 3441 3197 3494 illud
3231 3441 3449 3511 quidem

1877 3537 1946 3592 de
1978 3536 2205 3592 muliere
2250 3537 2482 3590 habente
2521 3533 2770 3602 spiritum
2818 3531 3104 3602 Pythonis,
3131 3531 3304 3600 deque
3352 3529 3454 3584 Sa-

1880 3629 2056 3684 muele
2089 3630 2141 3683 in
2167 3627 2252 3681 bis
2283 3627 2416 3680 locis
2449 3624 2784 3678 reticendum
2826 3632 2912 3675 est
2939 3639 2952 3674 :
2976 3637 3041 3676 ex
3074 3622 3275 3689 quibus
3301 3620 3448 3676 didi—

1881 3722 1956 3776 cit
1987 3719 2114 3774 Saul
2162 3718 2422 3778 luturum,
2461 3725 2518 3768 ut
2544 3725 2766 3784 postero
2798 3712 2883 3766 die
2918 3726 3038 3767 cuin
3086 3712 3209 3768 Iiliis
3246 3712 3453 3768 interli-

1882 3820 2099 3866 eeretur
2123 3809 2169 3841 ⁵³
2195 3825 2210 3861 :
2237 3823 2466 3877 quorum
2498 3805 2742 3858 locorum
2788 3814 3106 3858 accuratam
3147 3805 3452 3874 intelligen-

1883 3908 2012 3959 tiam
2039 3905 2084 3958 is
2112 3901 2326 3955 visurus
2348 3911 2450 3966 ρει,
2484 3901 2574 3968 qui
2609 3899 2880 3953 disserere
2909 3905 3086 3964 potest
3133 3899 3197 3952 de
3223 3898 3452 3954 diversis

1883 3992 2162 4064 potentiis,
2199 3998 2313 4044 tum
2343 3989 2502 4044 bonis
2537 3997 2649 4041 tum
2680 3987 2854 4048 malis,
2893 3995 3055 4054 atque
3078 3988 3144 4042 de
3172 3987 3254 4041 his
3283 3988 3448 4044 etiam

1883 4101 2003 4155 quae
2034 4085 2179 4138 inter
2209 4083 2306 4136 has
2335 4080 2523 4136 mediae
2551 4089 2698 4144 sunt,
2725 4079 2768 4133 si
2795 4093 2915 4146 qtue
2943 4089 3091 4132 sunt.
3127 4077 3336 4135 Rursus
3357 4082 3448 4147 qui

1885 4175 2013 4230 velit
2088 4173 2382 4242 Caiapham
2437 4171 2790 4240 prophetasse
2846 4167 2894 4220 vi
2960 4169 3211 4234 potentiae
3261 4170 3448 4235 make,

1884 4267 2126 4322 dicturus
2159 4274 2242 4319 est
2295 4262 2368 4316 nil
2415 4264 2610 4317 mirum
2638 4276 2780 4325 esse,
2807 4261 2850 4313 si
2889 4259 3030 4312 mala
3058 4259 3298 4328 potentia
3338 4259 3453 4314 lucc

1885 4360 2105 4424 dixerit,
2133 4356 2571 4427 quandoquidem
2601 4354 2906 4408 inveniatur
2928 4351 3177 4406 diabolus
3198 4365 3300 4403 non
3331 4365 3453 4404 om-

1883 4453 2012 4508 nino
2043 4451 2295 4521 ignorare
2336 4447 2522 4503 Jesum
2561 4446 2766 4500 dictum
2812 4442 2980 4497 fuisse
3015 4443 3066 4495 in
3118 4441 3203 4494 his
3236 4454 3357 4508 qua
3385 4442 3454 4494 ab

1882 4542 2231 4611 evangelistis
2253 4547 2380 4594 sunt
2415 4538 2639 4607 scripta,
2665 4535 2862 4590 Filium
2896 4531 2990 4587 Dei
3019 4547 3158 4596 esse,
3189 4546 3310 4586 eum
3343 4531 3454 4601 ipse

1881 4635 2198 4704 loqueretur
2246 4631 2314 4684 ad
2370 4628 2681 4682 Dominum.
2739 4623 2894 4678 Dicet
2956 4631 3136 4676 autem
3191 4620 3452 4677 malitiam

1882 4725 2045 4780 etiam
2080 4720 2370 4791 quamdam
2397 4718 2575 4770 inesse
2603 4715 2659 4767 in
2693 4712 2933 4782 potentia
2959 4722 3219 4780 operante
3254 4723 3312 4768 ut
3337 4713 3456 4768 haec

1883 4820 1948 4872 de
2002 4816 2297 4870 Servatore
2328 4806 3051 4879 prophetarenturzquippe
3099 4807 3186 4862 cui
3257 4821 3454 4877 scopus

1885 4917 2032 4964 esset
2061 4922 2170 4968 non
2197 4901 2386 4956 ﬁdeles
2411 4898 2592 4954 facere
2621 4897 2924 4963 auditores,
2950 4898 3045 4952 sed
3094 4913 3340 4954 summos
3361 4914 3452 4954 sa-

1886 5001 2137 5056 cerdotes
2176 4995 2606 5064 Pbarisaosque,
2645 4993 2737 5064 qui
2775 5001 3143 5048 convenerant
3183 4993 3236 5046 in
3273 4995 3454 5047 conci-

1034 5144 1081 5176 "
1117 5143 1287 5212 lReg.
1321 5159 1398 5210 νι,
1433 5143 1486 5199 9.
1562 5142 1610 5174 ⁸³
1639 5143 1655 5196 l
1686 5143 1820 5210 Reg.
1859 5152 2054 5202 xsvnt,
2083 5136 2170 5192 I9.

1888 5233 2203 5357 ῌεερῖξᾶἶοιη
2235 5234 2291 5288 in
2320 5235 2504 5292 codice
2533 5233 2701 5305 Regio
2726 5235 2924 5290 omissa
2947 5245 3094 5303 sunt,
3125 5235 3222 5291 sed
3246 5245 3458 5293 exstant

1888 5319 1942 5356 in
2115 5320 2288 5357 eiano.

1887 5319 1942 5356 In
1982 5319 2288 5358 muletano.

1961 5372 2071 5444 (55)
2107 5373 2286 5429 Codex
2325 5375 2540 5444 Regius,
2582 5373 2751 5427 εἶπεν.

1959 5443 2072 5515 (56)
2109 5444 2220 5515 Καὶ
2251 5442 2542 5515 ἐπορὲύθη
2581 5442 3120 5515 ἐκεῖθενς-είςᾼῠὼθ
3146 5444 3216 5498 ἐν
3258 5443 3454 5514 Ῥαμᾷ.

1887 5511 2012 5567 Haec
2038 5511 2418 5572 desiderantur
2446 5513 2499 5565 in
2533 5513 2768 5566 editione
2796 5513 2994 5566 Huetii.

1958 5582 2070 5653 (37)
2114 5582 2620 5653 Πρωτοτοκορσαι.
2662 5582 2751 5637 Sic
2798 5598 2897 5637 nos
2935 5599 3058 5638 eum
3098 5583 3327 5650 Huetio;
3367 5586 3456 5642 alii

1886 5651 2409 5723 πρωτοτοκεύουσαι.
2445 5651 2595 5723 E_ot1'.

1889 5719 2091 5844 Ε’(δτν)
2128 5723 2443 5776 "Exultat.
2471 5719 2780 5793 Legendum
2805 5722 3015 5779 videtur
3040 5740 3160 5780 esse
3190 5725 3464 5794 ἔγκειται-

1907 5807 1917 5826 ⁴
1934 5809 2038 5844 DIT.

1907 5807 2038 5846 ΣΝΤ.
