3924 6196
200 460 298 511 721

1189 462 1540 520 (ΞΟΜΜἘΝΤ.
1581 463 1649 518 IN
1689 463 1881 524 JOAN.
1925 464 2159 518 T0.\ll.IS
2195 462 2430 519 X.\'\'lll.

3339 464 3468 519 72?..-

196 572 363 629 τοῦτο
404 575 450 628 δ’
499 570 652 647 οἶμαι
703 577 799 629 καὶ
848 577 936 630 τὸν
991 575 1201 633 Παῦλον
1256 581 1536 652 εἰρηκέναι
1577 581 1769 645 οὕτωςί

1885 592 2068 637 calum
2121 600 2226 635 non
2279 583 2447 646 Iccit,
2501 596 2675 650 neque
2750 580 2994 633 iuventus
3055 589 3136 633 est
3221 581 3273 634 in
3359 598 3454 633 ore

199 683 224 716 ι
275 667 383 719 Τὸν
439 666 513 738 μὴ
563 667 762 736 γνόντα
792 668 1064 740 ἁμαρτίαν
1109 670 1250 742 ὑπὲρ
1297 671 1452 742 ἡμῶν
1505 673 1782 744 ἁμαρτίαν

191 757 480 828 ἐποίησεν,
519 757 606 810 ἵνα
643 759 804 828 ἡμεῖς
851 758 1137 831 γενώμεθα
1183 761 1500 832 δικαιοσύνη
1545 763 1679 816 Θεοῦ
1723 766 1782 816 ὲν

189 848 378 918 αὐτῷ’
440 867 461 900 ι
523 849 798 921 ἁμαρτίαν
847 857 955 922 γὰρ
1006 851 1170 905 αὑτὸν
1210 853 1490 922 ἐποίησεν,
1518 851 1662 918 εἷπε,
1706 855 1784 926 μὴ

191 938 400 1008 γνόντα
422 937 535 1010 (ιο)
565 940 864 1012 ἁμαρτίαν,
899 941 977 1013 τῷ
1019 943 1187 1014 μηδὲν
1219 947 1384 1001 αὐτὸν
1423 947 1785 1018 ἡμαρτηκότα

193 1031 301 1093 τάς
326 1032 546 1087 πάντων
567 1033 842 1104 ἁμαρτίας
869 1035 1240 1107 ἀνειληφέναι,
1274 1039 1370 1092 καὶ
1394 1041 1443 1092 εί
1476 1039 1558 1092 δεῖ
1582 1040 1786 1112 τολμή⁴

193 1139 377 1177 σαντα
409 1125 604 1187 εἰπεῖν,
654 1125 830 1197 πολλῷ
872 1127 1072 1198 μᾶλλον
1115 1129 1222 1182 τῶν
1260 1129 1572 1184 ἀποστόλων
1615 1131 1780 1184 αὑτοῦ

192 1215 594 1288 περικαθαρμα
619 1218 782 1272 αὐτὸν
813 1219 907 1274 τοῦ
943 1221 1146 1292 κόσμου
1179 1223 1486 1292 γεγονέναι,
1525 1225 1620 1278 καὶ
1648 1225 1781 1278 πάν-

187 1331 308 1368 των
336 1315 621 1386 περίψημα
645 1314 754 1367 τῶν
791 1313 1081 1369 εἰπόντων·
1125 1335 1144 1366 ι
1191 1314 1278 1379 Ὦς
1325 1317 1783 1388 περικαθάρματα

188 1407 300 1460 τοῦ
357 1407 562 1477 κόσμου
611 1407 980 1479 ἐγενήθημεν,
1047 1408 1268 1462 πάντων
1341 1408 1629 1480 περίψημα
1678 1407 1784 1470 ἕως

190 1499 349 1568 ἄρτι.
392 1515 414 1550 ν
449 1497 582 1567 Περὶ
620 1497 677 1551 δὲ
718 1497 813 1552 τοῦ
844 1498 1124 1562 πολλάκις,
1156 1498 1592 1570 ἐπικρατούντων
1622 1497 1782 1551 τινῶν

187 1588 451 1658 χαλεπῶν
467 1590 524 1642 ὲν
538 1589 618 1660 τῷ
629 1589 740 1642 τῶν
754 1588 1054 1661 ἀνθρώπων
1069 1589 1236 1657 γένει,
1248 1584 1358 1642 οἷον
1374 1588 1598 1660 λοιμῶν,
1615 1590 1649 1660 ἢ
1664 1590 1756 1641 ἐπι
1766 1618 1783 1628 -

184 1681 413 1737 δλαῦὦν
446 1681 740 1754 ηνεμιῶν,
767 1681 801 1754 η
829 1681 1024 1752 λιμῶν,
1055 1680 1275 1735 λύεσθαι
1290 1681 1606 1746 τὰτοιαῦτα,
1620 1682 1780 1736 οίονεὶ

183 1774 641 1846 καταργουμένου
668 1772 764 1826 τοῦ
794 1772 1141 1844 ἐνεργοῦντος
1172 1773 1312 1828 αύτά
1353 1773 1588 1844 πονηροῦ
1614 1773 1776 1827 πνεύο

183 1881 390 1934 ματος,
418 1865 510 1919 διὰ
539 1864 600 1918 τό
631 1865 820 1918 ἑαυτόν
850 1883 971 1919 τινα
1016 1865 1156 1934 ὑπὲρ
1193 1865 1286 1919 τοῦ
1323 1865 1503 1919 κοινοῦ
1550 1865 1778 1935 διδόναι,

1885 675 2005 742 ejus
2061 675 2354 739 dulus“’,i
2410 687 2586 742 neque
2637 671 2861 742 agnovit
2937 681 3242 740 peccatum.
3305 671 3453 726 llaue

1885 768 2051 823 etiam
2073 766 2145 822 ob
2170 781 2389 821 causam
2413 766 2608 834 opiztor
2644 764 2865 820 Paulum
2903 764 2986 819 sic
3013 765 3216 820 dixisse
3253 765 3476 838 :393.

1890 877 1910 911 ι
1957 859 2120 922 Eum,
2167 859 2257 928 qui
2315 873 2422 911 non
2474 858 2624 911 novit
2680 867 2988 924 peccatum,
3015 871 3116 924 pro
3139 857 3451 925 nobispec-

1885 960 2066 1006 catqu
2113 948 2268 1013 fecit,
2308 968 2326 1002 ι
2370 949 2548 1013 Deus;
2584 965 2612 999 t.
2639 955 2697 1000 ut
2738 961 2838 1000 nos
2868 944 3206 1001 elliceremur
3238 945 3456 1014 justitia

1885 1042 1982 1098 Dei
2011 1041 2066 1097 in
2103 1042 2222 1112 ipso
2243 1043 2331 1096 “:
2365 1059 2384 1094 ι
2418 1050 2704 1112 peccatum
2743 1039 2912 1106 enim,
2957 1040 3116 1104 dixit,
3164 1040 3339 1110 ipsum
3379 1040 3457 1094 le-

1885 1134 1981 1200 cit,
2013 1133 2106 1204 qui
2154 1144 2429 1202 peccatum
2479 1147 2586 1190 nou
2631 1131 2801 1194 novit,
2835 1131 2962 1201 quia
3002 1146 3124 1185 cum
3163 1132 3278 1203 ipse
3317 1132 3452 1186 nihil

1885 1223 2088 1294 peccati
2113 1223 2498 1287 commisisset,
2537 1223 2778 1277 omnium
2807 1221 2858 1276 in
2887 1237 2947 1277 se
2981 1231 3208 1290 peccata
3235 1236 3472 1292 recepeo.

1887 1317 1992 1380 rit;
2014 1323 2070 1370 et
2095 1315 2143 1370 si
2178 1315 2444 1370 audacius
2478 1313 2624 1384 loqui
2665 1313 2972 1368 audendum
3011 1325 3116 1381 est,
3149 1313 3315 1368 multo
3342 1329 3458 1368 ma-

1886 1407 1966 1478 gis
1989 1423 2150 1476 quam
2181 1409 2364 1462 caeteri
2396 1406 2482 1463 sui
2514 1406 2771 1476 apostoli,
2812 1415 3224 1477 purgamentum
3268 1405 3463 1461 mundi.

1884 1498 2064 1554 factus
2099 1498 2264 1552 fuerit
2303 1497 2802 1566 rejectamentaque
2836 1499 3078 1550 omnimu
3112 1500 3450 1552 dicentium:

1887 1607 1906 1640 ι
1937 1589 2102 1657 Quasi
2144 1597 2497 1659 purgamenta
2535 1588 2723 1641 mundi
2769 1587 2902 1641 facti
2935 1603 3157 1655 sumus;
3205 1590 3450 1644 omnium

1883 1680 2263 1747 rejectamenta
2299 1693 2471 1748 usque
2498 1679 2719 1733 nunc".
2743 1698 2762 1731 ι
2793 1678 2948 1745 Quod
2986 1693 3166 1738 autem
3200 1681 3452 1748 frequen-

1881 1777 1964 1823 ter
1994 1767 2453 1822 iuvalesceutibus
2476 1767 2635 1822 rebus
2664 1768 2990 1838 quibusdam
3023 1770 3253 1839 asperis,
3283 1771 3451 1825 veluti

1877 1869 2053 1930 peste,
2076 1856 2160 1913 vel
2185 1857 2350 1922 fatue,
2379 1857 2463 1912 vel
2503 1857 2692 1913 uocuis
2724 1870 3008 1914 ventorum
3039 1861 3452 1931 agitationibus,

181 1954 391 2008 πολλαὶ
423 1954 678 2026 φέρονται
729 1955 1012 2026 Ἑλλήνων,
1055 1955 1149 2009 καὶ
1187 1955 1480 2027 βαρδάρων
1519 1958 1769 2028 ἱστορίαι,

1877 1950 1930 2004 in
1976 1949 2258 2005 hominum
2297 1964 2517 2020 genere,
2553 1949 2836 2004 solvantur
2865 1951 3001 2019 lucc,
3033 1953 3258 2019 abolito,
3299 1955 3448 2010 verbi

182 2046 294 2117 τὴν
337 2047 468 2118 περὶ
515 2045 610 2100 τοῦ
655 2045 894 2100 τοιούτου
945 2046 1152 2100 ἔννοιαν
1201 2047 1302 2100 οὐκ
1349 2049 1772 2116 ἀποπτυόντων,

181 2137 316 2191 οῦδὲ
346 2137 882 2208 ἀποδοκιμαζόντων·
917 2137 1148 2210 πότερον
1190 2139 1287 2210 μὲν
1315 2135 1411 2195 οῦν
1453 2140 1628 2212 ἀληθῆ
1657 2143 1774 2196 ἐστι

180 2229 259 2283 τά
281 2229 582 2302 τοιαῦτα,ἢ
614 2229 707 2301 μὴ,
737 2231 798 2284 οὐ
825 2231 920 2285 τοῦ
958 2231 1226 2304 παρόντος
1261 2231 1379 2286 ἐστὶ
1408 2231 1604 2305 καιροῦ
1653 2233 1773 2304 μετ’

183 2321 494 2386 ἐξετάσεως
533 2322 823 2377 διαλαϐεῖν.
875 2323 1020 2393 Πλὴν
1062 2325 1091 2378 ό
1125 2323 1426 2394 δυνάμενος
1468 2324 1610 2395 ὑπὲρ
1650 2324 1774 2380 ὅλου

186 2412 426 2483 κόσμου,
458 2413 545 2466 ἵνα
573 2415 681 2478 πᾶς
708 2415 738 2466 ό
764 2414 967 2485 κόσμος
992 2415 1264 2487 καθαρθῇ,
1295 2415 1656 2481 ἀναδέξασθαι
1681 2418 1774 2472 ἐπὶ

183 2503 478 2575 καθαρσίῳ
502 2504 694 2569 αὐτοῦ,
731 2504 1063 2576 ἀπολομένου
1091 2505 1180 2568 ἂν,
1209 2509 1257 2560 εἰ
1298 2505 1374 2579 μὴ
1400 2507 1683 2575 ἀνεδέξατο
1709 2506 1771 2562 τό

181 2595 336 2666 ὑπὲρ
363 2595 530 2649 αὑτοῦ
562 2595 872 2662 ἀποθανεῖν,
906 2595 1029 2650 οὔτε
1063 2595 1342 2672 ἱστόρηται
1373 2595 1612 2663 πώποτε,
1643 2595 1769 2652 οὔτε

182 2685 548 2757 ἱστορηθῆναι
585 2687 832 2751 δύναται,
879 2688 1044 2759 μόνου
1105 2687 1281 2760 Ἰησοῦ
1326 2685 1389 2742 τὸ
1419 2689 1636 2742 πάντων
1671 2689 1773 2754 τῆς

180 2777 466 2847 ἁμαρτίας
511 2779 731 2850 φορτίον
773 2781 832 2832 ὲν
881 2779 960 2850 τῷ
1011 2779 1152 2852 ὑπὲρ
1203 2779 1312 2834 τῶν
1350 2781 1488 2835 ὅλων
1535 2799 1554 2831 ι
1606 2781 1776 2853 χωρὶς

179 2866 329 2921 Θεοῦ
359 2887 378 2920 ι
418 2868 638 2941 σταυρῷ
675 2869 964 2924 ἀναλαϐεῖν
1009 2873 1094 2934 είς
1133 2870 1346 2935 ἑαυτὸν,
1381 2872 1476 2926 καὶ
1509 2872 1774 2943 βαστάσαι

181 2962 258 3031 τῇ
291 2962 500 3034 μεγάλῃ
535 2963 704 3017 αὐτοῦ
741 2962 886 3033 ίσχύῖ
912 2963 1294 3035 δεδυνημένου.
1329 2964 1441 3018 Καὶ
1478 2965 1590 3037 γάρ
1620 2960 1776 3030 οὗτος

185 3051 356 3121 μόνος
388 3055 706 3127 ἐπιστήμων
735 3050 802 3126 ἧν
827 3054 922 3108 τοῦ
953 3055 1142 3126 φέρειν
1169 3055 1464 3126 μαλακίαν,
1499 3054 1576 3119 ὥς
1607 3073 1773 3128 φησιν

180 3143 215 3193 ὁ
245 3144 534 3214 προφήτης
579 3145 823 3212 Ἡσαΐας,
854 3146 1043 3216 λέγων·
1079 3165 1100 3198 t
1140 3146 1458 3218 Ἀνθρωπος
1496 3149 1554 3201 ὲν
1585 3146 1766 3220 πληγῇ

179 3230 290 3298 ὣν,
311 3233 404 3287 καὶ
425 3234 581 3299 είδὼς
609 3235 795 3307 φέρειν
831 3237 1123 3308 μαλακίαν.
1177 3257 1196 3289 ι
1241 3237 1352 3290 Καὶ
1388 3231 1542 3302 οὗτός
1570 3255 1636 3306 γε
1669 3238 1766 3303 τὰς

181 3322 464 3394 ἁμαρτίας
509 3305 897 3395 ἡμῶννὲλα6ε,
953 3329 1050 3381 καὶ
1093 3327 1497 3398 μεμαλάκισται
1537 3305 1629 3383 διά
1667 3328 1768 3392 τάς
1792 3305 1838 3364 c

180 3413 417 3484 ἀνομίας
442 3417 476 3484 ἡ
485 3416 619 3487 μῶν,
645 3417 740 3471 καὶ
773 3419 806 3488 ἡ
830 3417 1150 3490 ὀφειλομένη
1181 3421 1312 3490 ἡμῖν
1335 3420 1418 3482 είς
1450 3419 1513 3472 τὸ
1539 3419 1766 3474 παιδευ-

184 3505 349 3575 θῆναι
381 3506 474 3560 καὶ
495 3508 718 3580 εἰρήνην
741 3508 1026 3562 ἀναλαϐεῖν
1047 3510 1269 3573 κόλασις
1293 3510 1384 3564 ἐπὶ
1416 3510 1580 3566 αὐτὸν
1611 3510 1768 3581 γεγέ-

182 3614 365 3667 νηται.
393 3597 552 3654 Ούτω
579 3598 690 3671 γὰρ
732 3600 914 3655 ἀκούω
954 3601 1159 3654 τούτων
1179 3619 1194 3632 ο
1227 3621 1246 3654 ι
1280 3601 1506 3656 Παιδεία
1543 3603 1768 3674 εἰρήνης

185 3688 346 3759 ἡμῶν
371 3688 458 3742 ἐπ’
503 3689 685 3744 αὐτόν.
725 3710 745 3743 ι
781 3691 936 3762 Τάχα
972 3691 1031 3745 δὲ
1070 3693 1186 3756 καὶ,
1220 3692 1344 3746 ἐπὶ
1369 3711 1388 3744 ι
1420 3692 1500 3762 τῷ
1540 3691 1766 3764 μώλωπι

184 3778 355 3833 αὑτοῦ
382 3782 546 3851 ἡμεῖς
579 3780 829 3853 ίάθημεν,
871 3801 890 3834 ι
929 3783 1182 3853 εἴποιμεν
1211 3782 1278 3838 ἂν
1315 3785 1365 3836 οί
1403 3782 1664 3848 ίαθέντες,
1701 3786 1767 3840 ὲκ

189 3867 286 3922 τοῦ
312 3868 543 3941 σταυροῦ
567 3868 813 3934 ἐλθόντος
835 3869 984 3940 αὐτῷ
1013 3869 1106 3923 τοῦ
1134 3868 1418 3941 μώλωπος,
1446 3869 1524 3922 τόο
1559 3887 1578 3921 ι
1615 3870 1768 3941 Ἐμοῖ⁴

193 3961 254 4014 δὲ
278 3960 350 4031 μὴ
369 3960 576 4029 γένοιτο
595 3959 920 4031 καυχᾶσθαι,
940 3962 989 4012 εί
1021 3960 1096 4032 μὴ
1121 3961 1179 4012 ὲν
1199 3959 1277 4030 τῷ
1305 3958 1520 4032 σταυρῷ
1541 3960 1634 4014 τοῦ
1660 3963 1766 4014 Κυ-

200 4049 315 4121 ρίου
339 4048 496 4120 ημῶν
518 4048 694 4120 Ἰησοῦ
729 4046 990 4121 Χριστοῦ,
1015 4050 1082 4103 δι’
1113 4043 1176 4104 οὗ
1204 4049 1328 4120 ἐμοὶ
1349 4049 1550 4120 κόσμος
1574 4050 1765 4104 ἐσταύ-

201 4157 395 4210 ρωται,
422 4140 578 4208 κάγὼ
608 4139 684 4210 τῷ
722 4140 930 4210 κόσμῳ.
978 4157 998 4192 ι
1030 4140 1230 4195 Τοῦτον
1259 4141 1348 4193 τὸν
1376 4139 1585 4210 Ἰησοῦν
1620 4159 1762 4209 παρ-

191 4234 385 4287 έδωκεν
413 4236 441 4288 ό
472 4234 665 4307 Πατὴρ
695 4237 817 4298 ταῖς
853 4235 1150 4306 ἁμαρτίαις
1179 4234 1356 4307 ἡμῶν,
1381 4236 1476 4290 καὶ
1507 4235 1575 4290 δι’
1597 4236 1768 4301 αύτάς

191 4322 265 4386 ὡς
288 4323 554 4394 πρόϐατον
587 4345 606 4378 ι
647 4326 740 4380 ἐπὶ
773 4326 988 4398 σφαγὴν
1015 4325 1178 4398 ἢχθη,
1207 4328 1299 4381 καὶ
1327 4327 1403 4392 ὡς
1434 4327 1607 4399 ἀμνὸς
1629 4327 1765 4382 ἑνώ-

195 4432 310 4469 πιον
330 4416 424 4470 τοῦ
448 4417 732 4488 κείραντος
763 4418 995 4488 ἄφωνος.
1033 4438 1052 4471 ι
1086 4419 1290 4473 Τούτου
1320 4423 1376 4474 ἐν
1409 4423 1477 4492 τῇ
1503 4419 1764 4475 ταπεινώ-

197 4522 294 4568 σει,
338 4507 400 4576 liv
447 4527 467 4560 ι
517 4509 882 4563 ἐταπείνωσεν
921 4509 1135 4575 ἑαυτόν,
1188 4513 1483 4583 γενόμενος
1523 4513 1763 4585 ὑπήκοος

1875 2041 2078 2110 gratia,
2121 2041 2315 2111 spiritu
2362 2040 2452 2095 illo
2499 2041 2640 2095 malo
2681 2043 2775 2111 qui
2813 2042 2928 2097 haec
2977 2046 3330 2113 operabatur,
3383 2062 3450 2101 eo

1874 2133 2019 2202 quod
2061 2132 2262 2203 aliquis
2289 2133 2531 2202 seipsum
2566 2148 2663 2202 pro
2695 2135 2968 2188 communi
2996 2136 3171 2191 salute
3216 2137 3449 2203 dederit,

1877 2223 2169 2278 multorum
2202 2233 2491 2279 auctorum
2525 2234 2754 2278 narrant
2787 2224 3051 2292 historiae,
3096 2237 3207 2281 tttttt
3233 2228 3453 2283 Graeco-

1875 2330 2020 2380 rum,
2053 2325 2165 2369 tttm
2193 2316 2574 2379 barbarorum,
2608 2317 2751 2370 lianc
2777 2319 3449 2387 nostramintelligentiam

1871 2421 2049 2476 neque
2076 2410 2470 2477 respueutium,
2493 2423 2670 2478 neque
2697 2411 3105 2478 reprobautium
3125 2428 3138 2463 :
3160 2425 3280 2480 qua:
3309 2426 3452 2466 verae

1870 2499 2001 2566 sint,
2037 2516 2230 2568 necne,
2279 2516 2384 2556 non
2425 2511 2509 2557 est
2543 2502 2830 2569 prmsentis
2880 2503 3143 2572 temporis
3194 2519 3451 2562 accurate

1870 2592 2183 2661 exquirere.
2217 2591 2604 2648 Verumtamen
2638 2593 2828 2647 uullibi
2875 2595 3146 2661 gentium,
3178 2595 3338 2650 nullis
3363 2597 3447 2650 bi-

1871 2683 2059 2738 8toriis
2104 2683 2396 2752 aliquando
2443 2685 2759 2738 mandatum
2817 2695 2932 2750 est,
2977 2702 3042 2739 ae
3087 2701 3156 2739 ne
3201 2688 3446 2742 mandari

1872 2774 2091 2846 quidem
2123 2783 2325 2844 potest,
2355 2772 2524 2830 fuisse
2555 2775 2788 2845 aliquem
2818 2777 2908 2844 qui
2941 2791 3001 2831 se
3034 2777 3302 2845 reciperet
3349 2793 3448 2847 pro

1874 2880 1991 2927 toto
2008 2873 2209 2925 mundo
2235 2883 2465 2926 mortem
2479 2873 2775 2938 obiturum,
2801 2883 2860 2927 ut
2889 2882 3032 2928 totus
3061 2873 3296 2929 mundus
3313 2889 3445 2944 pur-

1871 2974 2092 3032 garetnr
2125 2963 2270 3018 illius
2292 2965 2616 3028 sanctitate;
2639 2964 2878 3032 alioquin
2911 2967 3238 3032 perdendus,
3259 2965 3314 3021 ni
3341 2982 3447 3036 pro

1871 3071 1938 3111 eo
1963 3057 2232 3111 servando
2269 3065 2495 3110 mortem
2519 3065 2839 3125 oppeteret:
2873 3057 3072 3128 quippe
3093 3061 3236 3128 quod
3276 3059 3445 3114 solius

1869 3147 1944 3202 sit
1969 3143 2099 3201 Iesu
2129 3160 2292 3216 posse
2319 3147 2564 3200 omnium
2604 3149 2814 3216 peccati
2841 3163 2980 3201 onus
3019 3148 3071 3202 iu
3099 3161 3161 3203 se
3198 3149 3443 3220 recipere

1868 3253 1962 3309 per
1981 3252 2199 3294 crucem
2238 3253 2337 3308 pro
2377 3237 2630 3293 omnibus
2657 3256 2680 3289 ι
2707 3240 2826 3296 sine
2860 3241 2969 3295 Deo
2997 3240 3063 3308 “,
3097 3260 3116 3293 ι
3149 3250 3315 3311 atque
3352 3241 3442 3295 in-

1869 3332 2122 3399 gentibus
2148 3331 2263 3386 suis
2295 3332 2499 3386 viribus
2531 3331 2663 3388 illud
2689 3342 2928 3403 portare.
2959 3333 3161 3388 Calluit
3185 3334 3330 3388 enim
3355 3333 3446 3390 hic

1868 3421 2018 3476 solus
2063 3422 2208 3478 ferre
2250 3424 2592 3494 languorem,
2629 3433 2690 3480 ut
2737 3425 2917 3494 inquit
2956 3425 3124 3482 Isaias
3158 3427 3441 3495 propheta,

1867 3510 2058 3566 dicens
2093 3527 2110 3564 :
2146 3528 2168 3563 ι
2203 3510 2378 3568 Homo
2406 3514 2462 3568 in
2497 3513 2655 3584 plaga
2683 3515 2978 3582 exsisteus,
3007 3525 3064 3569 et
3084 3516 3264 3570 sciens
3300 3513 3444 3570 ferre

1870 3601 2187 3672 languorem
2209 3605 2276 3660 ⁸⁷.
2307 3624 2327 3658 ι
2355 3605 2535 3674 Atque
2562 3604 2652 3660 hic
2685 3622 2822 3662 sane
2854 3615 3079 3675 peccata
3127 3615 3314 3660 nostra
3347 3620 3442 3659 ac-

1867 3697 2032 3766 cepit,
2063 3707 2122 3752 et
2151 3711 2294 3766 aegre
2329 3695 2556 3752 allectus
2595 3706 2682 3751 est
2727 3705 2950 3767 propter
2999 3697 3311 3766 iniquitates
3340 3712 3442 3751 ιιυ-

1866 3797 2010 3844 stras
2041 3787 2112 3853 ⁸⁸,
2152 3787 2206 3842 in
2235 3802 2404 3857 seque
2435 3789 2574 3844 facta
2595 3799 2679 3843 est
2700 3789 3068 3859 punitio,qua:
3090 3790 3248 3846 nobis
3277 3790 3442 3845 debe-

1869 3878 2050 3945 batur,
2092 3887 2152 3934 ιιι
2185 3895 2374 3950 pacem
2411 3881 2771 3951 recipiamus,
2805 3881 2932 3935 dum
2965 3882 3250 3938 erudimur
3280 3885 3447 3939 casu-

1865 3969 1999 4038 gati.
2049 3969 2158 4025 lsto
2190 3985 2425 4041 namque
2470 3971 2630 4026 modo
2658 3971 2762 4028 hoc
2820 3970 3064 4043 intelligo
3093 3988 3106 4022 :
3137 3988 3158 4026 ι
3188 3972 3437 4028 Eruditio

1865 4062 2022 4132 pacis
2058 4071 2262 4118 nostra:
2289 4079 2453 4134 super
2479 4080 2604 4119 eum
2634 4065 2698 4120 "’.
2739 4085 2760 4119 ι
2798 4064 3052 4122 Fortasse
3090 4077 3269 4123 autem
3305 4082 3440 4134 nos,

1864 4153 1991 4221 quia
2027 4172 2048 4206 ι
2084 4153 2261 4210 livore
2292 4152 2409 4223 ejus
2435 4157 2612 4212 sanati
2654 4171 2866 4222 sumus,
2909 4176 2929 4209 ι
2959 4158 3128 4214 livore
3176 4175 3243 4216 ex
3278 4174 3440 4216 cruce

1864 4243 1940 4299 illi
1971 4245 2302 4302 obveniente
2340 4248 2518 4302 sanati
2547 4248 2833 4304 dicemus:
2871 4267 2892 4302 ι
2925 4249 3052 4304 Ηίιιί
3082 4261 3264 4305 autem
3297 4252 3441 4306 absit

1863 4334 2112 4406 gloriari,
2139 4336 2240 4393 nisi
2261 4338 2313 4390 in
2333 4352 2500 4393 cruce
2515 4339 2725 4396 Domini
2755 4339 3068 4395 uostriJesu
3087 4340 3314 4404 Christi,
3342 4355 3440 4410 per

1875 4443 2040 4498 quem
2065 4429 2194 4483 mihi
2231 4429 2463 4486 mundus
2480 4431 2774 4486 cruciﬁxus
2787 4440 2962 4496 est,et
2989 4446 3090 4500 ego
3115 4431 3433 4485 mundo".i

1863 4519 2123 4576 Traditus
2164 4529 2250 4576 est
2287 4535 2318 4575 a
2373 4520 2536 4577 Patre
2569 4532 2790 4592 propter
2843 4530 3066 4592 peccata
3105 4532 3292 4576 nostra
3346 4521 3433 4578 hic

196 4599 350 4670 μέχρι
392 4600 649 4666 θανάτου,
707 4602 940 4656 θανάτου
987 4603 1046 4656 δὲ
1089 4603 1362 4676 σταυροῦ,
1419 4623 1437 4656 ι
1490 4607 1524 4677 ἡ
1579 4605 1760 4678 κρίσις

1873 4609 2060 4680 Iesus;
2091 4612 2183 4682 qui
2216 4612 2381 4667 etiam
2415 4623 2704 4682 propterea
2737 4631 2756 4664 ι
2796 4613 2862 4666 ad
2881 4613 3213 4667 occisionem
3241 4614 3438 4668 ductus

194 4690 324 4761 ἤρθη
345 4709 358 4722 ο
385 4691 528 4746 οὕτω
556 4693 666 4766 γὰρ
697 4694 882 4750 ἀκούω
913 4694 1039 4749 τοῦ·
1081 4713 1100 4744 ι
1151 4695 1240 4749 Ἐν
1270 4698 1336 4767 τῇ
1365 4696 1690 4750 ταπεινώσει
1725 4698 1758 4768 ἡ

195 4780 362 4849 κρίσις
389 4782 552 4836 αὑτοῦ
590 4783 732 4856 ήρθη
752 4801 766 4814 ·
805 4803 824 4836 I
857 4785 933 4848 ὡς
960 4781 1098 4838 εἶναι
1137 4784 1206 4838 τὰ
1233 4784 1360 4855 ἑξῆς
1386 4801 1396 4808 ·
1443 4786 1532 4839 Ἐν
1568 4789 1634 4858 τῇ
1665 4803 1762 4839 τα·

195 4869 440 4925 πεινὼσει
487 4873 712 4946 αὑτοῦὴ
749 4874 930 4946 κρίσις
971 4875 1146 4946 ῆρθηο
1185 4875 1358 4939 οὕτως
1400 4875 1512 4945 (41)
1553 4877 1610 4931 δὲ
1649 4877 1758 4931 ἀπό

194 4961 292 5015 τῶν
321 4963 558 5034 ἀνομιῶν
586 4964 678 5020 τοῦ
719 4965 848 5021 λαοῦ
880 4965 974 5021 τοῦ
1023 4966 1158 5021 Θεοῦ
1193 4965 1332 5040 ἤχθη
1375 4969 1456 5032 είς
1502 4967 1754 5026 θάνατον.

195 5053 391 5107 υύιοοῦν
421 5055 688 5110 ἀπέθανεν
713 5060 743 5112 ό
773 5057 1058 5130 ἄνθρωπος
1095 5051 1252 5122 οὗτος
1287 5059 1428 5131 ὑπὲρ
1458 5060 1551 5114 τοῦ
1597 5059 1751 5124 λαοῦ,

196 5143 278 5194 καὶ
307 5142 394 5196 διὰ
417 5143 603 5198 τοῦτον
633 5145 754 5216 οὐχὶ
781 5146 899 5200 δλον
922 5146 984 5200 τό
1014 5147 1165 5212 ἔθνος
1193 5147 1458 5202 ἀπώλετο.
1497 5149 1608 5202 Καὶ
1637 5149 1756 5202 ἐπί-

196 5249 399 5302 στησον,
452 5237 501 5288 εί
561 5235 804 5302 δύνασαι,
849 5237 910 5291 τό
957 5239 1056 5309 μὲν
1107 5238 1277 5310 ὄνομα
1333 5240 1427 5294 τοῦ
1470 5240 1601 5296 λαοῦ
1660 5241 1756 5295 λα-

192 5323 296 5376 ϐεῖν
340 5326 421 5388 είς
467 5328 592 5391 τοὺς
633 5329 697 5380 ὲκ
733 5330 1053 5400 περιτομῆς,
1091 5331 1153 5384 τό
1182 5331 1238 5384 δὲ
1291 5332 1384 5386 τοῦ
1433 5333 1618 5398 ἔθνους
1670 5336 1752 5398 είς

191 5416 307 5479 τοὺς
347 5415 600 5484 λοιπούς·
643 5420 882 5475 ἀπέθανε
931 5423 1042 5495 γὰρ
1088 5416 1245 5487 οὗτος
1279 5425 1308 5476 ό
1349 5424 1637 5498 ἄνθρωπος
1688 5429 1751 5481 ού

289 5555 334 5588 ⁸⁸
365 5556 383 5610 Ι
415 5555 560 5616 Petr.
599 5573 658 5619 II.
695 5559 786 5613 2‘2.
929 5561 975 5594 “
1010 5557 1052 5615 ll
1081 5559 1206 5616 Cor.
1247 5577 1294 5624 ν,
1330 5563 1420 5618 21.

189 5623 232 5655 ⁸’
260 5625 386 5679 ibid.
418 5626 471 5683 5.
549 5630 595 5661 ⁷⁸
627 5629 805 5687 Galat.
841 5645 915 5698 vt,
945 5632 1034 5687 l4.

188 5745 363 5882 W330)
395 5748 572 5802 Codex
615 5749 957 5816 Bodleianus,
990 5753 1266 5825 ἐποίησεν,
1317 5749 1461 5818 εἷπε,
1519 5757 1611 5810 τὸν
1669 5761 1742 5831 μὴ

307 5832 395 5879 τα.
425 5828 480 5872 et
527 5820 606 5872 sic
669 5820 863 5882 legisse
913 5823 1127 5878 videtur
1168 5821 1485 5882 Ferrarius:
1554 5829 1742 5882 liccius

307 5832 395 5879 τα.
425 5820 619 5898 critic.
669 5820 863 5889 lcgissc
913 5820 1485 5891 videtur'lt‘crrarius;
1554 5820 1752 5898 licgiu's

189 5899 312 5940 vero
333 5888 536 5946 omittit
569 5885 708 5945 εἷπε.

1131 5632 1174 5662 τ’
1199 5629 1322 5687 lsai.
1357 5649 1473 5702 LIII,
1497 5636 1550 5689 7.

1515 5567 1561 5598 “
1593 5565 1610 5620 l
1638 5565 1762 5622 Cor.
1801 5586 1875 5634 Iv,
1906 5572 1992 5626 l3.

1658 5639 1706 5669 "
1735 5640 1928 5710 l’ltilip.
1960 5658 2016 5707 ll,
2057 5644 2110 5702 8.

1865 4711 1973 4768 est,
1999 4713 2060 4757 ut
2085 4717 2263 4771 agnus
2287 4717 2473 4758 coram
2516 4705 2776 4758 tondente
2807 4713 2990 4760 mutus
3015 4704 3083 4761 ⁷⁸.
3117 4722 3138 4756 ι
3176 4704 3348 4775 Hujus
3381 4707 3434 4760 in

1865 4794 2188 4861 humilitate,
2224 4809 2330 4864 qua
2361 4813 2382 4846 ι
2413 4795 2671 4852 humilem
2701 4798 2932 4866 przebuit
2966 4797 3226 4870 seipsum,
3261 4799 3438 4855 lactus

1859 4898 2124 4953 obedienc
2167 4913 2338 4969 usque
2378 4900 2445 4954 atl
2501 4909 2756 4967 mortem,
2799 4911 3030 4958 mortem
3074 4912 3255 4959 autem
3304 4919 3434 4959 cru-

1863 5007 2026 5074 cis",
2062 5026 2082 5061 ι
2105 5005 2381 5078 judicium
2421 5011 2692 5066 sublatum
2729 5025 2813 5068 est
2855 5031 2870 5068 :
2913 5016 2993 5070 sic
3039 5014 3183 5070 enim
3215 5014 3320 5070 hoc
3353 5015 3433 5069 iu-

1864 5115 2094 5186 telligo:
2141 5134 2160 5170 t
2195 5117 2250 5174 lu
2309 5115 2615 5174 humilitate
2666 5119 2931 5190 judicium
2989 5119 3108 5190 ejus
3157 5121 3430 5177 sublatum

1859 5229 1944 5275 est
1969 5220 2058 5286 ης
2088 5241 2106 5276 ι
2143 5224 2366 5291 perinde
2393 5241 2457 5280 ac
2495 5226 2698 5281 diceret
2735 5245 2748 5280 :
2789 5227 2846 5282 lu
2871 5225 3180 5284 humilitate
3206 5227 3322 5297 ejus
3345 5229 3434 5298 ju-

1861 5328 2058 5384 dicium
2103 5332 2378 5386 sublatum
2421 5343 2505 5388 est
2545 5349 2559 5386 :
2597 5333 2763 5406 395
2815 5345 2871 5390 et
2926 5336 3030 5390 fuit
3081 5337 3181 5401 sic,
3211 5345 3434 5406 promer

1865 5432 2176 5504 iniquitates
2207 5436 2388 5506 populi
2423 5437 2542 5503 Dei,
2577 5440 2773 5495 ductus
2802 5442 2868 5496 ad
2899 5453 3154 5498 mortem.
3187 5442 3432 5498 Mortuus

2107 5575 2152 5606 ⁸⁸
2184 5574 2349 5630 llclir.
2375 5593 2436 5642 ll,
2463 5579 2516 5633 9.
2629 5577 2672 5607 θ’
2699 5577 2822 5634 Ιδιιί.
2858 5598 2977 5642 LIII.
3001 5585 3055 5640 3.
3131 5585 3176 5617 ⁸⁸
3203 5585 3335 5641 ibid.
3372 5587 3427 5641 6.

2629 5577 2672 5607 θ’
2699 5577 2822 5634 lsai.
2858 5598 2977 5649 LIII,
3001 5585 3055 5640 3.

2207 5647 2252 5677 ⁷³
2281 5647 2402 5702 lsai.
2436 5663 2552 5711 LIII,
2592 5650 2644 5703 8.

1929 5764 2294 5844 (4_l)01"'ttuc.
2323 5770 2412 5825 Sic
2445 5772 2614 5827 codex
2680 5773 2900 5844 llegius,
2959 5777 3245 5835 Ferrarius
3302 5789 3428 5833 vero

1862 5834 2070 5907 legebat
2091 5834 2268 5905 οὗτος,
2302 5844 2463 5898 vertit
2495 5845 2660 5912 enim,
2702 5863 2722 5898 ο
2753 5834 2806 5901 ut
2839 5834 2938 5902 fuit
2969 5850 3076 5904 ltic.
3121 5867 3142 5901 ι
