3924 6196
183 395 320 452 79:5
1207 403 1567 459 cumnam.
1612 401 1680 458 IN
1718 400 1910 458 JO.\N.
1949 398 2186 456 TOMUS
2223 393 2459 451 xxvnt.
3377 385 3482 438 126

176 518 356 593 παρᾶ
390 523 453 578 τὸ
485 524 580 579 τοῦ
609 524 720 602 (47)
766 525 1088 580 Ἀποστόλου
1139 525 1387 598 βούλημα
1421 529 1622 580 ἐννοεῖν
1665 527 1771 579 tabi

1897 526 2000 579 hoc
2032 519 2356 576 vocabulum
2399 513 2714 585 spirituales
2748 518 2942 579 praeter
2973 506 3304 562 voluntatem
3331 506 3482 574 Apo-

173 620 636 688 πνευματικοὺς,
690 617 1064 683 διδάσκοντος,
1120 620 1202 673 ὅτι
1241 640 1259 670 ι
1309 621 1368 672 '0
1421 619 1771 690 πνευματικὰ

1895 614 2020 672 stoli
2062 609 2406 668 dicentis":
2448 628 2466 660 ι
2503 603 2817 677 Spiritualis
2866 600 3050 655 omnia
3086 598 3380 666 diiudicat,
3419 606 3476 653 et

165 709 487 782 ἀνακρίνει
537 710 733 774 πάντα,
779 710 873 763 καὶ
925 711 1016 763 ὑπ’
1071 711 1283 776 οὐδενὸς
1327 689 1711 783 ἀνακρίνεται-
1768 733 1771 763 :

1897 708 2010 778 ipse
2048 721 2078 760 a
2115 705 2262 760 nullo
2299 701 2664 772 dijudicatur;
2699 715 2717 748 ι
2751 695 2951 766 quibus
2983 692 3164 748 verbis
3205 689 3476 752 edicitur,

162 804 382 872 τούτῳ
411 801 467 856 δὲ
495 800 795 865 ἀκολουθεῖ,
843 803 933 856 τὸν
987 802 1060 874 μὴ
1106 803 1467 874 ἀνακρίνοντα
1505 803 1680 856 πάντα
1715 802 1771 873 μί

1895 809 1953 853 ιιι
1979 798 2070 868 qui
2103 797 2284 851 omnia
2329 810 2438 850 non
2477 791 2756 863 dijudicet,
2791 787 2876 842 vel
2907 801 3014 842 non
3037 785 3112 841 sit
3149 783 3475 855 spiritualis,

167 892 340 950 εἶναι
399 896 800 967 πνευματικὸν,
847 895 882 965 ἦ
945 895 1169 967 μηδέπω
1216 891 1356 950 εἶναι
1402 895 1766 967 πνευματικόν

1893 890 1980 945 vel
2013 891 2250 954 nondum
2281 888 2358 942 sit
2389 883 2717 957 spiritualis.
2748 879 2892 949 Quin
2929 878 2975 936 si
2997 877 3122 950 quis
3147 875 3478 967 diiudicatur

182 986 376 1041 Ἀλλὰ
400 988 494 1042 καὶ
527 966 579 1042 εί
606 1006 689 1052 τις
712 989 817 1042 ὑπό
839 1006 984 1052 τινος
1009 966 1389 1060 ἀνακρίνεται,
1419 966 1550 1040 ὲπεὶν
1569 989 1598 1039 ὁ
1631 1004 1771 1041 πνευ·

1892 983 1960 1036 ah
1981 981 2182 1048 aliquo,
2220 979 2482 1050 quoniam
2512 971 2820 1046 spiritualis
2844 985 2876 1026 a
2929 969 3078 1026 nullo
3118 966 3475 1060 diiudicatur,

174 1079 436 1149 ματικδς
477 1080 568 1133 ὑπ’
598 1081 811 1144 οὐδενὸς
846 1081 1214 1152 ἀνακρίνεται,
1249 1081 1348 1134 οὐκ
1391 1079 1503 1133 ἔστι
1542 1096 1771 1150 πνευμα-

1895 1075 1981 1128 vel
2013 1089 2115 1128 non
2142 1081 2230 1126 est
2261 1069 2581 1139 spiritualis,
2619 1066 2702 1119 vel
2725 1063 2964 1120 nondum
2980 1061 3304 1132 spiritualis.
3342 1057 3478 1114 Vide

169 1169 373 1233 τικὸς,
400 1169 433 1240 ἢ
459 1171 559 1224 οὐκ
586 1170 703 1224 ἐστι
755 1189 842 1225 πω
875 1151 1258 1244 πνευματικός.
1294 1171 1512 1243 Μήποτ“
1551 1167 1645 1226 οὖν
1670 1171 1771 1243 βέλ-

1893 1181 2022 1221 vero
2074 1181 2142 1220 an
2193 1178 2298 1218 non
2347 1161 2543 1216 melius
2583 1158 2872 1212 dicendum
2929 1155 3001 1210 sit
3054 1152 3192 1208 ellicl
3239 1151 3473 1221 aliquem

169 1277 311 1314 τιον
334 1261 538 1330 λέγειν,
567 1262 647 1316 ὅτι
669 1263 876 1331 γίνεταί
897 1281 981 1327 τις
1009 1264 1397 1334 πνευματικὸς,
1429 1263 1492 1316 ού
1527 1263 1771 1334 πρότεροι

1893 1257 2255 1328 spiritualem,
2296 1256 2386 1326 qui
2427 1262 2588 1308 antea
2621 1267 2727 1305 nou
2773 1256 2940 1314 esset,
2976 1245 3070 1316 qui
3108 1243 3326 1314 proprie
3360 1241 3472 1310 iam

169 1351 293 1416 ὢν,
327 1353 478 1416 ὅστις
507 1354 606 1427 ήδη
643 1355 738 1408 καὶ
770 1355 975 1428 κυρίως
1015 1357 1163 1410 ἐστὶν
1195 1357 1310 1419 υίὸς
1345 1354 1505 1409 Θεοῦ.
1542 1355 1676 1408 Τίνα
1697 1351 1771 1409 οῦκ

1895 1353 2038 1405 lilius
2086 1351 2249 1405 etiam
2284 1347 2377 1401 Dei
2415 1354 2518 1400 est.
2557 1343 2792 1410 Quinam
2844 1341 3011 1410 igitur
3050 1338 3159 1392 sint
3203 1338 3295 1405 qui
3331 1350 3476 1388 nunc

173 1445 315 1496 ἐστι
355 1444 426 1498 τά
453 1426 719 1516 λεγόμενα
756 1426 855 1500 νῦν
898 1447 1064 1501 τέκνα
1106 1446 1268 1514 Θεοῦ,
1317 1449 1365 1500 εἰ
1403 1449 1475 1519 μή
1512 1448 1618 1500 εἰσι
1649 1446 1771 1500 κατε

1893 1443 2148 1496 dicuntur
2175 1440 2270 1494 lilii
2303 1438 2419 1502 Dei,
2455 1436 2500 1491 si
2527 1451 2634 1490 nou
2660 1443 2787 1488 sunt
2808 1431 2863 1485 bi
2890 1431 2982 1500 qui
3015 1426 3329 1498 spirituales
3345 1434 3474 1480 sunt

172 1536 328 1600 τοὺς
361 1537 679 1606 εἰσάγοντας
719 1537 820 1603 τὰς
865 1539 1056 1608 φύσεις
1102 1541 1480 1612 πνευματικοὶ,
1516 1539 1634 1612 ὥρα
1675 1557 1792 1593 σκο-

174 1630 358 1680 πεῖνο
399 1630 490 1682 καὶ
525 1630 626 1702 ὅρα
653 1632 701 1683 εἰ
732 1631 902 1684 τέκνα
947 1631 1082 1684 Θεοῦ
1127 1631 1590 1704 διεσκορπισμένα
1627 1633 1791 1705 ἕτερα

173 1720 354 1792 παρὰ
393 1720 454 1774 τὸ
494 1721 644 1786 ἔθνος
681 1721 908 1775 δύνασαι
944 1726 1085 1776 νοεῖν
1134 1726 1260 1788 τοὺς
1305 1725 1425 1796 ήδη,
1475 1725 1563 1777 ὅτε
1613 1725 1786 1778 ταῦτα

172 1813 436 1882 ἐλέγετο,
497 1813 741 1878 δικαίους
785 1817 842 1868 ὲν
891 1814 1032 1886 Θεῷ,
1082 1816 1191 1870 εἴτε
1243 1818 1784 1888 προκεκοιμημένους

1885 1531 2092 1601 judicio
2121 1548 2308 1587 eorum
2333 1530 2423 1600 qui
2467 1537 2691 1581 naturas
2729 1526 3106 1585 introducunt,
3148 1531 3360 1589 tempus
3390 1524 3475 1571 est

1889 1625 2248 1680 considerare
2276 1641 2289 1676 :
2325 1632 2382 1675 et
2415 1620 2538 1672 vide
2567 1635 2633 1670 an
2685 1615 2828 1670 ﬁlios
2887 1614 2976 1668 Dei
3003 1614 3305 1680 dispersos,
3337 1609 3474 1663 alios

1889 1732 1918 1770 a
1948 1717 2218 1787 gentibus,
2244 1711 2550 1779 intelligere
2579 1706 2760 1775 possis
2797 1720 2891 1759 eos
2913 1719 3034 1759 esse
3071 1702 3162 1771 qui
3192 1701 3304 1771 jam
3333 1699 3466 1770 justi

1887 1816 2041 1863 erant
2083 1807 2136 1860 in
2187 1803 2320 1870 Deo,
2364 1818 2486 1856 cum
2522 1803 2640 1856 bare
2681 1807 2892 1854 tantum
2943 1796 3292 1858 dicerentur;
3354 1792 3472 1848 sive

172 1876 564 1978 πατριάρχας,
626 1905 660 1977 ἢ
722 1876 1037 1980 προφήτας,
1096 1908 1128 1979 ἧ
1178 1876 1329 1971 τινας
1385 1876 1600 1972 ἀλλούέ’
1627 1876 1771 1962 ὲιιιλεἐ

1888 1899 2234 1971 patriarchas
2269 1897 2360 1966 qui
2391 1895 2502 1964 jam
2531 1905 2694 1948 antea
2751 1908 2782 1946 e
2828 1891 2937 1944 vita
2973 1894 3345 1950 excesserant,
3383 1886 3468 1938 vel

171 1998 363 2060 κτοὺς
399 1997 492 2050 τοῦ
535 1996 693 2063 Θεοῦ,
748 1998 858 2051 εἴτε
916 2000 1013 2053 καὶ
1073 2001 1197 2063 τοὺς
1247 2000 1347 2071 ήδη
1403 1999 1521 2053 τότε
1569 1999 1779 2072 ἰσχύον-

169 2104 289 2152 τας
310 2105 325 2118 ·
378 2088 455 2152 ὼς
508 2088 617 2158 γὰρ
673 2090 1026 2162 ὑπαρχόντων
1101 2091 1210 2146 τῶν
1268 2092 1558 2162 ἰσχυόντων
1583 2133 1597 2157 ,
1685 2093 1782 2145 καί⁹

179 2182 336 2252 μηδὲ
389 2181 707 2247 νοσούντων,
757 2183 956 2255 φησίν·
1016 2203 1036 2236 ι
1104 2185 1179 2239 Ού
1226 2185 1418 2256 χρείαν
1474 2184 1685 2256 ἔχουσιν
1732 2187 1781 2239 οἱ

180 2272 475 2344 ἰσχύοντες
520 2275 728 2346 ἰατροῦ,
767 2275 882 2329 ἀλλ’
919 2277 968 2329 οἰ
1013 2277 1200 2340 κακῶς
1235 2277 1480 2348 ἔχοντες·
1520 2296 1538 2330 ι
1575 2279 1667 2331 καὶ
1700 2277 1777 2341 ὡς

177 2365 365 2419 ὄντων
417 2367 641 2420 δικαίων
686 2367 866 2436 λέγει·
922 2385 941 2419 ι
991 2368 1106 2422 Οὐκ
1154 2369 1390 2440 ἐλήλυθα
1438 2369 1666 2423 καλέσαι
1707 2370 1783 2423 δι-

180 2456 403 2521 καίους,
429 2457 566 2511 ἀλλά
595 2459 956 2530 ἁμαρτωλοὺς
991 2462 1071 2524 εἰς
1110 2461 1416 2531 μετάνοιαν.
1458 2482 1477 2514 ι
1515 2462 1780 2534 Ἐμελλεν

175 2543 282 2602 οῦν
332 2549 540 2620 Ἰησοῦς
579 2549 945 2622 ἀποθνήσκειν
986 2552 1128 2624 ὑπὲρ
1170 2553 1270 2623 μὲν
1312 2552 1408 2607 τοῦ
1436 2553 1642 2618 ἔθνους,
1691 2556 1778 2609 ἵνα

181 2637 263 2710 μὴ
301 2639 572 2711 ἀπόληται
592 2659 606 2672 ·
637 2643 779 2716 ὑπὲρ
815 2643 872 2698 δὲ
905 2644 1012 2698 τῶν
1039 2646 1243 2700 τέκνων
1277 2646 1372 2700 τοῦ
1426 2647 1561 2700 Θεοῦ
1607 2647 1778 2701 ὄντων

179 2729 244 2782 ὲν
277 2729 720 2805 διαπορπισμῷ,
755 2735 842 2790 ἵνα
873 2737 1211 2808 ωναχθῶσιν
1244 2741 1324 2803 είς
1360 2739 1456 2794 ἕνα
1483 2740 1659 2809 λόγον,
1684 2743 1780 2796 καὶ

179 2823 528 2895 γενήσωνται
564 2823 674 2898 (48)
708 2827 808 2897 μία
839 2828 1066 2900 ποίμνη,
1095 2826 1178 2894 εἷς
1209 2833 1414 2904 ποιμήν
1437 2849 1450 2862 ·
1493 2833 1582 2887 ὅτε
1627 2829 1776 2905 οἶμαι

183 2914 538 2985 πληροῦσθαι
562 2916 659 2988 τὴν
680 2917 776 2972 τοῦ
801 2920 1056 2992 Σωτῆρος
1084 2922 1272 2993 εὐχὴν,
1299 2922 1567 2994 λέγοντοςο
1605 2943 1624 2976 ι
1659 2927 1775 2979 Ἵνα

183 3004 302 3073 ἐγὼ
331 3008 424 3060 καὶ
449 3008 514 3061 σὺ
541 3007 652 3079 (49)
687 3008 744 3061 ἓν
779 3009 968 3080 ἐσμεν,
1005 3011 1092 3062 ἵνα
1125 3012 1220 3065 καὶ
1260 3014 1416 3067 αὐτοὶ
1445 3015 1502 3069 ὲν
1547 3016 1678 3086 ἡμῖν
1717 3016 1776 3070 ἓν

183 3088 343 3151 ὦσιν.
388 3117 406 3149 ι
435 3099 499 3151 Εἰ
519 3098 576 3150 δέ
603 3116 653 3152 τι
693 3100 786 3153 καὶ
821 3099 1118 3173 βαθύτερόν
1146 3105 1261 3156 ἐστι
1287 3105 1418 3174 περὶ
1459 3105 1672 3178 Ἰσραὴλ
1710 3107 1772 3161 οὐ

187 3187 426 3258 φύσεως,
476 3189 613 3244 ἀλλά
665 3191 856 3260 γένους
902 3194 1094 3256 εἰπεῖν,
1150 3193 1278 3266 περ)⁵
1326 3189 1388 3248 οῦ
1427 3196 1769 3270 γέγραπται,
1798 3187 1858 3274 ρ’

193 3299 214 3330 ‹
250 3279 379 3343 Υἱὸς
409 3279 750 3352 πρωτότοκός
786 3298 889 3353 μου
927 3283 1145 3355 Ἰσραήλ
1177 3285 1315 3349 ἐστι,
1347 3305 1366 3338 ι
1394 3289 1686 3359 γενομένου
1712 3293 1770 3345 ἐν

187 3370 628 3444 διασκορπισμῷ,
661 3374 754 3427 καὶ
785 3373 944 3438 αὐτὸς
990 3375 1324 3446 ἐπιστήσεις,
1355 3376 1430 3442 ὡς
1464 3374 1602 3434 εἶναι
1651 3382 1771 3436 τού-

188 3481 322 3530 τους
355 3465 423 3519 τά
460 3467 626 3520 τέκνα
658 3466 752 3521 τοῦ
807 3467 944 3522 Θεοῦ
990 3467 1058 3522 τά
1101 3468 1583 3542 διεσκορπισμένα,
1630 3473 1772 3547 ὑπὲρ

191 3547 270 3607 ὧν
300 3554 521 3624 ἔμελλεν
549 3559 912 3631 ἀποθνήσκειν
949 3561 1176 3633 Ἰησοῦς,
1205 3563 1292 3616 ἵνα
1319 3563 1458 3618 αὐτὰ
1487 3565 1769 3639 συναγάγῃ

192 3649 274 3710 εἰς
304 3647 378 3701 ἓν.

268 3736 351 3797 17.
391 3760 409 3792 ι
462 3739 583 3794 Ἀπ’
619 3743 833 3815 ἐκείνης
865 3740 957 3799 οὖν
1009 3747 1109 3817 τῆς
1158 3748 1369 3820 ἡμέρας
1420 3751 1770 3806 συνεϐουλεύ-

195 3847 372 3898 σαντο,
407 3832 493 3886 ἵνα
521 3834 912 3889 ἀποκτείνωσιν
967 3838 1150 3892 αὐτόν.
1194 3859 1212 3890 ι
1263 3843 1324 3895 Ui
1357 3841 1635 3913 ἀρχιερεῖς
1676 3845 1770 3898 καὶ

196 3924 246 3975 οἱ
277 3925 572 3994 Φαρισαῖοι,
627 3929 1024 3997 συναγαγόντες
1075 3930 1369 4003 συνέδριον,
1426 3935 1523 3986 καὶ
1568 3936 1771 4006 σκεψά-

201 4032 342 4086 μενοι
389 4018 514 4088 περὶ
557 4018 650 4072 τοῦ
706 4020 954 4091 Σωτῆρος
994 4021 1150 4093 ἡμῶν
1195 4023 1250 4075 τί
1299 4025 1450 4096 αὐτῷ
1492 4030 1766 4100 ποιητέον,

199 4106 370 4170 αὐτοῖς
415 4107 636 4177 Καῖάφα
693 4109 787 4162 τοῦ
839 4109 1141 4181 ἀρχιερέως
1187 4109 1256 4164 τὰ
1308 4115 1770 4188 προεκτεθειμὲνα

200 4195 450 4260 εἶπόντοςν
498 4198 592 4250 καὶ
627 4197 737 4268 (50)
789 4199 892 4252 ὑπὸ
935 4198 1044 4251 τῶν
1086 4198 1258 4268 λόγων
1296 4201 1462 4254 αὑτοῦ
1510 4203 1770 4275 παροξυν-

204 4285 408 4350 θέντες,
466 4287 951 4343 συνεϐουλεύσαντο
994 4290 1083 4343 ἵνα
1123 4290 1487 4346 ἀποκτείνωσι
1531 4293 1622 4347 τὸν
1662 4294 1768 4348 Κύ-

209 4395 326 4450 ριον.
357 4379 554 4452 Διόπερ
583 4378 840 4451 ζητήσεις
872 4381 980 4434 ἀπὸ
1006 4382 1158 4435 ποίου
1194 4383 1504 4454 πνεύματος
1531 4388 1767 4460 προεφή-

205 4485 396 4534 τευσεν,
434 4471 514 4524 ὅτι
547 4470 769 4542 ἔμελλεν
829 4473 1038 4544 Ἰησοῦς
1094 4473 1458 4546 ἀποθνήσκειν
1495 4477 1635 4550 ὑπὲρ
1667 4481 1760 4534 τοῦ

1885 1989 2297 2064 prophetas,vel
2328 1991 2594 2059 quosdam
2619 1987 2756 2040 alios
2785 1985 2876 2040 Dei
2906 1983 3130 2048 electos,
3158 1980 3274 2036 sive
3299 1979 3465 2035 etiam

1882 2101 1976 2140 eos
2022 2083 2112 2154 qui
2155 2098 2252 2154 per
2299 2083 2350 2136 id
2401 2081 2664 2152 temporis
2708 2078 2827 2134 sani
2871 2086 3066 2141 erant;
3113 2073 3269 2142 quasi
3320 2072 3464 2127 enim

1883 2177 2047 2246 aliqui
2072 2176 2187 2230 sani
2221 2184 2424 2239 essent,
2458 2183 2514 2229 ct
2546 2188 2652 2228 non
2675 2181 3024 2238 aegretautes,
3057 2166 3270 2236 inquit:
3302 2185 3320 2218 ι
3345 2165 3462 2220 Non

1882 2285 2018 2339 opus
2051 2267 2270 2329 habent,
2297 2265 2389 2336 qui
2426 2265 2546 2319 sani
2576 2273 2725 2330 sunt,
2756 2260 2986 2326 medico,
3020 2259 3114 2314 sed
3154 2273 3298 2328 aegre
3327 2255 3464 2310 alle-

1881 2365 1955 2420 cti
1983 2353 2116 2428 3°,»
2150 2371 2206 2416 et
2249 2360 2403 2430 quasi
2439 2367 2625 2414 essent
2671 2357 2836 2412 etiam
2883 2353 3048 2424 aliqui
3091 2352 3249 2424 justi,
3278 2351 3412 2406 dicit
3445 2366 3461 2402 :

1885 2474 1905 2508 ε
1926 2455 2044 2509 Non
2075 2454 2196 2510 veni
2231 2467 2426 2507 vocare
2447 2451 2648 2519 justos,
2693 2449 2786 2504 sed
2821 2456 3139 2518 peccatores
3176 2443 3242 2499 ad
3280 2442 3460 2514 pteui-

1881 2546 2188 2602 tentiam".
2233 2563 2251 2596 ι
2279 2544 2575 2599 Morituros
2603 2543 2788 2612 itaque
2811 2539 2972 2594 Jesus
2999 2545 3120 2594 erat
3149 2551 3244 2607 pro
3275 2543 3461 2606 gente,

1881 2649 1938 2694 ut
1968 2654 2074 2692 non
2108 2637 2342 2707 periret;
2390 2649 2489 2706 pro
2531 2635 2657 2689 ﬁliis
2703 2647 2838 2688 vero
2871 2631 2988 2698 Dei,
3032 2631 3125 2700 qui
3160 2630 3214 2683 in
3245 2630 3461 2698 disper-

1879 2732 2035 2786 sione
2053 2739 2231 2792 erant,
2256 2736 2317 2782 ut
2347 2735 2822 2798 congregarentur
2844 2725 2898 2778 in
2933 2739 3099 2777 unum
3125 2735 3460 2780 sermonem.

1880 2821 2177 2891 ﬁerentque
2224 2834 2364 2874 unus
2400 2834 2568 2889 grex,
2618 2831 2758 2872 unus
2797 2823 3025 2886 pastor:
3055 2815 3294 2884 quando,
3338 2826 3461 2868 mea

1878 2914 2174 2974 sententia,
2201 2911 2514 2966 Servatoris
2541 2909 2784 2979 precatio
2812 2907 3126 2978 implebitur
3167 2903 3403 2960 dicentis
3441 2922 3456 2960 τ

1882 3025 1901 3058 ι
1934 3005 2120 3077 Utcgo
2139 3015 2194 3061 et
2216 3017 2268 3060 tu
2302 3020 2467 3058 unum
2496 3017 2704 3066 sumus,
2730 3011 2789 3055 ut
2821 3009 2876 3054 et
2905 2999 3005 3069 ipsi
3041 3013 3205 3052 unum
3230 2997 3454 3053 sint“.r

1877 3095 1973 3150 Sin
2014 3113 2144 3152 vero
2174 3097 2240 3153 de
2277 3095 2495 3151 lsraelis
2528 3109 2636 3150 non
2677 3103 2893 3160 natura,
2925 3095 3020 3148 sed
3058 3106 3260 3164 genere
3293 3091 3459 3146 altius

1876 3187 2076 3258 aliquid
2105 3189 2395 3242 dicendum
2438 3188 2542 3252 sit;
2588 3187 2654 3242 de
2682 3200 2792 3256 quo
2839 3200 2961 3238 cum
3009 3184 3063 3238 iu
3117 3184 3458 3252 dispersione

1876 3290 2036 3342 esset,
2097 3282 2359 3348 scriptum
2399 3291 2482 3335 est
2521 3297 2532 3331 :
2579 3297 2598 3330 ι
2645 3278 3048 3348 Primogenitus
3101 3293 3256 3332 meus
3309 3277 3455 3331 ﬁlius

1874 3372 2039 3428 Israel
2065 3372 2256 3434 est”,i
2276 3372 2375 3426 hoc
2391 3374 2550 3426 etiam
2570 3372 2933 3441 ipsonotabis,
2960 3371 3114 3440 quasi
3140 3370 3194 3424 hi
3225 3369 3333 3424 sint
3360 3370 3453 3425 lilii

1876 3464 1968 3520 Dei
2005 3465 2260 3536 dispersi,
2288 3483 2386 3536 pro
2414 3467 2613 3535 quibus
2645 3465 2945 3520 moriturus
2977 3465 3050 3518 sit
3076 3461 3259 3530 Jesus,
3283 3473 3340 3518 ut
3359 3477 3454 3520 eos

1876 3557 1928 3610 in
1957 3573 2124 3611 unum
2161 3565 2539 3628 congregaret.

1944 3739 2220 3812 39617.
2259 3759 2278 3792 ι
2321 3740 2402 3794 Ab
2431 3739 2520 3794 illo
2555 3752 2686 3808 ergo
2722 3736 2808 3791 die
2831 3735 3208 3792 consultarunt
3231 3748 3361 3798 una,
3396 3742 3454 3787 ut

1875 3833 2241 3888 interﬁcerent
2263 3846 2384 3884 eum
2402 3829 2468 3883 “.
2485 3848 2504 3880 ι
2529 3828 2816 3884 Pontiﬁces
2835 3843 2886 3883 ct
2903 3826 3189 3891 Phariswi,
3207 3826 3297 3896 qui
3316 3841 3452 3880 con-

1874 3926 2058 3980 cilium
2087 3923 2441 3992 collegcraut,
2491 3931 2546 3977 et
2599 3923 3078 3978 consideraverant
3111 3919 3240 3989 quid
3271 3918 3453 3975 facere

1872 4016 2133 4071 deberent
2171 4014 2450 4069 Servatori
2495 4025 2683 4070 nostro
2715 4015 2861 4084 (cum
2900 4013 3174 4084 Caiaphas
3206 4009 3450 4084 pontifex

1874 4124 1994 4179 qute
2028 4109 2277 4179 superius
2303 4109 2654 4178 exposuimus
2685 4107 2934 4172 dixisset,
2965 4117 3020 4162 et
3049 4106 3208 4177 hujus
3238 4118 3450 4160 sermo-

1873 4204 2033 4258 nibus
2061 4203 2286 4258 fuissent
2311 4201 2562 4268 iucitati),
2595 4201 2978 4257 consultarunt
3011 4215 3119 4254 una
3147 4209 3206 4252 ut
3235 4198 3445 4252 interli-

1869 4306 2059 4350 cerent
2087 4295 2394 4349 Dominum.
2421 4294 2688 4362 Quocirca
2726 4308 2939 4364 quaeres
2971 4307 3078 4362 quo
3107 4291 3301 4360 spiritu
3328 4303 3448 4356 pro-

1868 4387 2110 4458 phetarit
2153 4385 2340 4443 Jesum
2398 4389 2716 4441 moriturum
2765 4401 2863 4456 pro
2907 4394 3107 4452 gente;
3161 4391 3216 4436 et
3261 4388 3444 4432 utrum

1871 4485 2088 4532 sanctus
2104 4476 2334 4548 Spiritus
2355 4477 2491 4531 hanc
2512 4477 2673 4530 etiam
2690 4476 2741 4528 in
2767 4489 2824 4527 re
2845 4479 3099 4541 operatus
3121 4470 3210 4530 sit,
3227 4477 3438 4521 auctor-

206 4559 369 4626 ἔθνους
388 4579 401 4592 ο
441 4563 534 4616 καὶ
558 4565 784 4637 πότερον
809 4564 870 4617 τὸ
899 4564 1054 4634 ἅγιον
1081 4566 1305 4638 Πνεῦμα
1334 4569 1426 4621 καὶ
1450 4569 1512 4621 ἐν’
1533 4571 1757 4643 τοιούτῳ

1881 4584 1976 4639 que
1997 4567 2160 4624 fuerit
2173 4567 2381 4624 consilii
2397 4567 2656 4622 adversus
2675 4565 2883 4626 Jesum;
2905 4577 2973 4616 an
2990 4561 3076 4614 ille
3097 4558 3312 4628 quidem
3338 4572 3446 4610 non

206 4654 476 4727 ἐνήργησε,
509 4657 603 4709 καὶ
625 4656 796 4709 αίτιον
828 4657 1117 4729 γεγένηται
1149 4659 1247 4729 τῆς
1271 4661 1411 4716 κατά
1441 4662 1535 4716 τοῦ
1585 4665 1761 4734 Ἰησοῦ

209 4744 514 4816 συμϐουλῆς,
537 4746 570 4817 ἢ
594 4747 693 4799 οὐκ
713 4748 887 4800 ἐκεῖνο
911 4747 1008 4818 μὲν
1026 4743 1139 4812 οὖν,
1158 4749 1284 4802 ἄλλο
1304 4749 1381 4814 δὲ,
1399 4750 1459 4804 τό
1483 4753 1764 4824 (51)δυνά-

210 4854 348 4907 μενον
376 4836 470 4890 καὶ⁹
502 4839 559 4890 ὲν
593 4837 671 4908 τῷ
701 4838 886 4892 ἀσεϐεῖ
933 4837 1180 4909 λαλῆσαι,
1229 4842 1321 4894 καὶ
1371 4844 1498 4906 τοὺς
1539 4847 1760 4916 ὁμοίους

208 4929 376 5000 ἐκείνῳ
410 4931 550 4984 κατὰ
600 4931 692 4985 τοῦ
747 4930 921 5002 Ἰησοῦ
967 4932 1225 5002 κινῆσαι,
1266 4933 1421 4986 οὐδὲν
1462 4930 1622 5006 ἧττον
1669 4941 1760 4992 καὶ

206 5019 331 5091 ἑώρα
372 5022 485 5094 (52)
536 5040 588 5075 τι
629 5024 709 5086 εἰς
753 5022 843 5076 τὸν
901 5024 1140 5093 Ἰησοῦν,
1193 5023 1269 5087 ὡς
1324 5025 1468 5079 κατά
1531 5027 1758 5099 δύναμιν

265 5111 303 5179 ’γ’
331 5110 344 5163 I
377 5110 499 5165 Cor.
531 5128 587 5166 ιι.
626 5128 714 5166 xv.
788 5114 834 5144 ⁸⁸
861 5113 1048 5168 Matth.
1079 5131 1158 5179 Ix,
1189 5115 1276 5170 1‘2.

205 5181 244 5213 “
265 5178 408 5234 Joan.
445 5197 522 5244 xl,
549 5182 636 5236 55.

269 5273 370 5349 (47)
393 5275 568 5349 Editio
621 5275 797 5349 lluetii
825 5317 840 5339 ,
861 5277 996 5349 τοὺς
1042 5276 1231 5349 φύσεις
1276 5275 1414 5333 εἶναι
1469 5277 1755 5349 οἰομένοις,

209 5343 442 5398 καὶκατὰ
469 5346 530 5399 τὸ
558 5345 675 5410 τοῦ,
706 5355 811 5400 etc.
853 5347 958 5400 Sed
987 5351 1154 5401 codex
1192 5348 1517 5404 Bodleianus
1555 5343 1758 5402 lectio-

211 5429 310 5488 nem
341 5431 501 5488 qua_m
518 5418 811 5488 sequimur
855 5416 1097 5488 exhibet,
1134 5434 1233 5488 nec
1275 5419 1433 5474 aliter
1461 5420 1589 5488 legit
1624 5417 1757 5488 Fer-

210 5485 384 5557 rarius.
420 5483 836 5557 Codexiliegius
865 5487 1027 5541 aliter
1057 5486 1239 5557 habet,
1262 5489 1341 5557 sic
1369 5483 1580 5557 nenipe,
1605 5485 1762 5540 τοῦτο

208 5551 299 5630 γὰρ
340 5553 650 5630 ἀκολρυλθ-εῖν
683 5551 861 5630 λέγειν
882 5559 994 5630 τοῖς
1030 5556 1236 5630 φύσεις
1277 5554 1417 5610 εἶναι
1471 5551 1756 5630 οἰομένοις,

208 5623 287 5675 καὶ
315 5623 486 5697 τδμτοῦ
518 5623 853 5697 λ’ᾼποστόλου
879 5623 1124 5697 βούλημά
1160 5638 1207 5680 τ’
1223 5629 1420 5680 ἐννοεῖν
1444 5623 1570 5691 τοὺς
1600 5645 1761 5682 πνευ-

213 5694 433 5766 ματικῶς
459 5694 821 5766 διδάσκοντος,
855 5694 975 5764 qua:
1011 5694 1293 5751 timnil‘este
1322 5708 1574 5766 corrupta
1612 5706 1757 5750 sntit.
1808 5745 1812 5748 ι

270 5761 503 5832 (δδηωὶ
560 5761 947 5836 γενήσωντὰι.
985 5768 1167 5825 Codex
1217 5768 1436 5838 Regius,
1473 5761 1630 5832 male,
1682 5766 1759 5834 τῷ

269 5834 526 5904 νήσονται.

215 5848 526 5889 νενησονται.

1388 5115 1430 5146 ’⁸
1461 5116 1627 5173 Marc.
1656 5136 1714 5185 ιι,
1752 5120 1852 5185 l7;

1871 4651 2055 4725 fuerit,
2075 4660 2169 4716 sed
2191 4659 2329 4714 alius
2347 4659 2595 4728 spiritus,
2614 4657 2800 4712 valens
2818 4657 2871 4709 in
2896 4653 3059 4722 impio
3082 4653 3250 4706 etiam
3269 4650 3442 4718 loqui,

1870 4752 2082 4820 sibique
2114 4748 2323 4803 similes
2365 4751 2651 4802 adversum
2677 4743 2862 4799 Jesum
2898 4757 3137 4806 movere,
3169 4737 3444 4802 nihilomi-

1870 4859 1969 4897 nus
1989 4843 2152 4897 etiam
2181 4840 2388 4894 videret
2420 4838 2623 4907 aliquid
2652 4851 2775 4903 erga
2794 4834 2998 4896 Jesum.
3024 4845 3082 4888 ut
3119 4847 3218 4902 pro
3242 4829 3446 4884 viribus

1867 4936 2118 5007 superius
2165 4933 2580 5003 exquisivimns.
2613 4931 2790 4999 Atque
2839 4930 3062 4982 omnino
3089 4926 3180 4996 qui
3217 4939 3444 4996 respon-

1867 5033 1996 5084 dere
2043 5027 2276 5082 voluerit
2322 5025 2585 5096 Spiritum
2636 5031 2884 5076 sanctum
2933 5028 3216 5074 auctorem
3273 5018 3440 5072 videri

1890 5120 2081 5176 Matth.
2114 5136 2192 5186 Ix,
2222 5118 2309 5172 15.
2386 5118 2431 5149 θ’
2453 5115 2612 5170 Joan.
2649 5131 2780 5178 xvn,
2809 5114 2902 5168 21.
2977 5112 3028 5144 ”
3054 5111 3226 5166 Exod.
3252 5103 3325 5175 Iv,
3349 5110 3440 5166 22‘.

1937 5276 2051 5346 (49)
2085 5277 2207 5332 Ἵνα
2233 5275 2348 5346 ἐγὼ
2371 5275 2593 5341 καὶσὺ,
2627 5283 2733 5332 etc.
2767 5273 2940 5346 Lego,
2963 5277 3070 5343 ἵνα,
3100 5273 3282 5338 καθὼς
3332 5273 3444 5343 ἐγὼ

1865 5343 1958 5400 καί
1983 5343 2048 5400 aii
2084 5349 2143 5402 ’ἑν
2168 5343 2354 5418 ἐσμεν,
2382 5347 2536 5400 αὐτοὶ
2567 5347 2625 5418 εν
2655 5347 2788 5416 ἡμῖν
2819 5343 2876 5398 ἓν
2908 5343 3063 5402 ὦσιν.

1871 5450 1879 5458 -
1938 5419 2048 5488 (50)
2085 5415 2399 5483 Εἰπόᾶοτος,
2429 5418 2548 5472 καί.
2573 5417 2665 5469 lla:
2688 5422 2806 5488 dua:
2839 5432 2998 5471 voces
3028 5418 3080 5470 in
3113 5415 3304 5488 codice
3340 5415 3443 5488 Rc-

1866 5485 1956 5558 gio
1985 5485 2146 5555 atque
2173 5493 2312 5558 adeo
2346 5487 2677 5558 inﬂeditiouc
2698 5485 2873 5540 lluetii
2901 5489 3118 5553 desunt,
3143 5487 3238 5542 sed
3275 5487 3442 5542 resti-

1868 5568 2094 5611 tuuntur
2117 5572 2147 5612 c
2177 5557 2363 5612 codice
2392 5557 2706 5609 Bodleiano.

1937 5626 2049 5698 (ξεί)
2073 5626 2254 5698 ροιίθχ
2280 5623 2702 5698 ίῆεεὶιιθάλλέό
2730 5625 2787 5678 δὲ
2823 5624 2901 5684 τὸ.
2934 5635 3044 5682 etc.

1941 5695 2050 5766 (52)
2075 5695 2606 5767 Ferrariuslegebat
2642 5697 2766 5767 ὅρα,
2793 5698 2950 5751 vertit
2984 5698 3150 5764 enim,
3187 5713 3208 5750 ‹
3232 5698 3440 5764 ιιὶἰιῆη-

1865 5764 2045 5822 minus
2077 5767 2216 5842 vide.
2261 5764 2627 5842 [ﬁliolo-cus
2658 5764 2845 5842 aperte
2889 5779 3181 5842 corruptus
3243 5780 3322 5824 est
3362 5768 3440 5842 "in

1868 5849 2035 5900 textu,
2053 5839 2152 5894 nisi
2171 5835 2491 5908 praeferatur
2516 5836 2749 5892 Ferrarii
2781 5839 2964 5894 lectio.
3006 5835 3188 5904 esu.)
