3866 6200
511 357 640 410 .727
1995 353 2038 408 ο

2167 353 2315 408 ENIS
3623 359 3694 413 728

539 469 725 531 fuisse,
759 475 816 520 ttt
855 463 1136 534 pontiﬁces
1171 474 1224 518 et
1271 464 1532 520 Pharismi
1567 463 1699 520 moti
1730 479 1797 520 ex
1833 469 2066 522 sermoni

2167 467 2673 539 ιπροεξινιτάσαμεν.
2721 467 2780 520 '0
2815 467 2997 538 μέντοι
3043 465 3355 537 βουλόμενος
3394 466 3694 537 ἀπωλογεῐσθαι

541 563 640 616 bus
672 559 922 628 Caiapha:
971 571 1080 612 una
1119 556 1496 612 consultat-ent
1540 557 1852 613 interﬁcere
1895 557 2068 616 Jesum

2209 560 2338 632 περὶ
2364 558 2456 613 τοῦ
2490 559 2648 627 ἁγίου
2679 557 3020 628 Ηνεύματος,
3045 557 3328 620 δοκοῦντος
3355 558 3510 612 αἰτίου
3532 564 3693 629 γεγονὲ-

541 653 687 708 dicet
717 664 822 706 non
853 648 1088 704 alienum
1119 662 1241 704 esse
1271 648 1378 704 tale
1405 663 1540 718 opus
1565 663 1596 703 a
1624 650 1936 716 sanctitate,
1971 666 2068 720 qua

2206 667 2316 716 ναι,
2345 651 2432 704 ἵνα
2459 649 2965 722 συμϐουλεύσωνται
2987 650 3302 703 ἀποκτεῖναι
3331 649 3416 703 τὸν
3452 649 3696 722 ’1ησοῦν,ὲκ

540 743 682 797 niam
716 756 786 797 ne
817 739 977 798 Jesus
1001 742 1220 811 quidem
1259 756 1372 796 rem
1401 755 1461 796 se
1500 742 1778 812 indignam
1805 741 2014 807 fecerit,
2047 743 2064 798 i

2205 742 2314 795 τῶν
2338 742 2509 812 λόγων
2535 741 2849 814 κινηθέντες
2878 741 2973 794 τοῦ
2997 741 3222 810 Καῖάφα
3250 743 3300 796 οἱ
3311 743 3562 816 ἀρχιερεῖς
3579 747 3649 800 καὶ
3664 751 3696 802 οἱ

541 835 756 889 ruinam
787 843 843 889 et
874 835 1330 889 resurrectionem
1367 833 1656 887 multarum
1691 833 1934 903 gentium
1984 850 2068 904 qu:

2205 841 2504 910 Φαρισαῖοι,
2537 841 2721 910 φησὶν,
2767 840 2852 892 ὅτι
2881 838 2982 891 οὐκ
3023 838 3298 910 ἀλλότριόν
3327 841 3436 892 ἐστι
3465 839 3519 893 rb
3546 841 3727 895 τοιοῦτοτ

535 936 695 981 erant
725 927 776 981 in
801 925 970 982 Israel
995 928 1062 990 ³⁸,
1087 927 1312 982 veniens
1336 935 1392 980 et
1413 925 1598 980 dicens
1629 943 1644 980 :
1681 943 1702 978 ι
1738 925 1850 996 Ego
1874 925 1929 980 in
1956 925 2062 996 judi

2206 931 2364 1004 ἔργον
2387 932 2488 1002 τῆς
2521 930 2826 1002 ἁγιότητος,
2852 930 2974 984 ἐπεὶ
3009 930 3143 1001 μηδὲ
3188 930 3390 1001 Ἰησοῦς
3416 930 3600 998 ἀνάξιον
3617 923 3724 985 ιαμὲ

536 1019 682 1074 cium
723 1019 777 1074 in
810 1020 956 1075 hunc
1001 1020 1258 1074 mundum
1305 1019 1467 1083 veni,
1512 1028 1574 1072 ιιι
1607 1033 1710 1072 ιιοη
1751 1019 1996 1075 videntes
2027 1035 2063 1074 vi

2205 1024 2300 1078 τοῦ
2342 1023 2661 1094 πεποίηκεν,
2710 1023 2791 1086 είς
2841 1021 3049 1075 πτῶσιν
3089 1021 3184 1074 καὶ
3223 1021 3502 1077 ἀνάστασιν
3548 1022 3693 1076 πολλῶν

536 1111 717 1175 deant,
772 1120 827 1166 et
881 1112 1126 1166 videntes
1171 1111 1297 1166 caeci
1353 1109 1579 1166 ﬁant".
1613 1128 1634 1162 ι
1677 1109 1750 1166 Ut
1781 1111 1924 1164 enim
1968 1125 2063 1181 opu

2205 1113 2376 1167 ἐθνῶν
2405 1111 2512 1165 τῶν
2546 1113 2605 1166 ὲν
2627 1111 2705 1183 τῷ
2741 1110 2956 1183 Ἰσραὴλ
2985 1110 3173 1176 ἐλθὼν,
3221 1112 3315 1165 καὶ
3343 1111 3572 1180 φάσκων
3597 1131 3611 1163 ι
3633 1115 3692 1175 Ei;

537 1204 800 1259 habemus
826 1219 1082 1262 sermone
1112 1205 1414 1272 sapientiae,
1447 1218 1555 1272 quo
1585 1203 1948 1258 defendamus
1978 1219 2064 1273 qut

2205 1201 2380 1275 κρίμα
2416 1202 2526 1272 ἐγὼ
2566 1205 2645 1266 είς
2673 1203 2765 1256 τὸν
2792 1202 2997 1273 κόσμον
3038 1201 3227 1256 τοῦτον
3271 1198 3444 1274 ἦλθον,
3476 1204 3553 1257 ἵνα
3587 1206 3624 1257 οἱ
3646 1207 3693 1274 μὴ

539 1293 701 1350 modo
725 1309 843 1351 rem
871 1312 933 1351 se
966 1296 1246 1366 indignam
1276 1294 1371 1350 ille
1396 1310 1506 1350 non
1535 1295 1747 1361 fecerit,
1778 1296 1868 1364 qui
1893 1309 1956 1350 se
1982 1295 2066 1350 hui

2208 1295 2493 1366 βλέποντες
2526 1295 2785 1366 βλέπωσι,
2831 1295 2925 1348 καὶ
2957 1295 3005 1347 οἱ
3039 1294 3321 1365 βλέποντες
3357 1295 3529 1364 τυφλοὶ
3555 1295 3692 1364 γένων-

536 1387 732 1442 nmndo
759 1387 1057 1443 accessisse
1085 1387 1138 1441 in
1163 1387 1432 1456 judicium
1461 1386 1700 1452 fatetur;
1743 1387 1826 1441 sic
1850 1387 2016 1440 etiam
2052 1388 2063 1440 i

2204 1405 2295 1441 ται
2318 1405 2331 1418 ·
2371 1407 2390 1439 ι
2422 1389 2497 1452 ὡς
2525 1387 2634 1460 γὰρ
2660 1387 2892 1460 δεόμεθα
2921 1387 3081 1458 λόγου
3110 1388 3301 1457 σοφίας
3322 1388 3398 1450 είς
3423 1387 3478 1440 τὸ
3495 1387 3694 1457 ἀπολογή-

535 1478 656 1542 hoc,
713 1487 772 1532 nt
822 1480 1178 1534 ostendamus
1230 1477 1515 1548 pontiﬁces
1564 1486 1620 1532 et
1668 1476 1980 1532 Pharis-stos
2037 1493 2062 1531 e

2209 1476 2404 1530 σασθαι
2441 1477 2574 1548 (55),
2605 1477 2724 1542 πῶς
2757 1480 2786 1532 ό
2823 1477 3099 1549 ὁμολογῶν
3151 1479 3232 1541 είς
3280 1475 3444 1548 κρίμα
3471 1476 3538 1548 τῷ
3563 1477 3697 1549 κόσμῳ

534 1569 788 1638 Caiapha
839 1569 1019 1627 verbis
1071 1585 1174 1623 una
1226 1569 1569 1626 consultasse
1627 1578 1687 1623 ut
1732 1569 2061 1623 interﬁceret

2205 1568 2377 1639 τούτῳ
2409 1569 2882 1641 ἐπιδεδημηκέναι,
2907 1571 3009 1625 οὐκ
3050 1569 3272 1634 ἀνάξιον
3307 1570 3485 1624 ἑαυτοῦ
3532 1571 3697 1640 πεποίη-

533 1659 741 1714 Jesum.
769 1659 944 1726 Atque
981 1660 1048 1714 de
1087 1673 1152 1712 eo
1197 1658 1416 1727 quidem
1461 1658 1604 1728 quod
1645 1666 1774 1712 est:
1818 1674 1837 1708 ι
1874 1655 1930 1710 in
1956 1657 2060 1726 judi

2208 1678 2304 1714 κεν
2327 1701 2342 1725 ,
2373 1659 2547 1726 οὓτως
2576 1664 2668 1716 καὶ
2702 1664 2782 1725 είς
2819 1662 2878 1715 τὸ
2905 1663 2971 1716 ὲκ
3005 1661 3114 1716 τῶν
3158 1662 3250 1716 διὰ
3287 1663 3377 1716 τοῦ
3415 1662 3605 1730 liuidus
3635 1662 3696 1714 λό-

535 1750 678 1804 cium
705 1763 806 1817 ego
834 1751 886 1803 in
921 1749 1065 1803 hunc
1087 1749 1347 1804 mundum
1387 1750 1530 1811 veni,
1567 1767 1586 1800 ι
1623 1749 1676 1802 in
1703 1748 2062 1817 explanation]

2166 1814 2178 1825 _
2209 1768 2323 1820 γων
2351 1752 2463 1824 (54)
2504 1752 3001 1824 συμϐεϐουλεῦσθαι
3047 1755 3178 1818 τοὺς
3218 1754 3480 1825 ἀρχιερεῖς
3510 1754 3586 1805 καὶ
3607 1754 3693 1815 τοὺς

533 1840 632 1895 bus
662 1839 806 1895 illius
826 1839 928 1896 loci
957 1855 1056 1909 pro
1091 1841 1297 1896 viribus
1324 1839 1685 1896 disseruimus
1715 1856 1729 1893 :
1765 1855 1908 1895 nunc
1955 1855 2060 1894 νοις

2168 1814 2180 1864 ⁵
2207 1812 2552 1914 ιίυαρισαίους,
2575 1812 2672 1898 ’ἵνα
2706 1844 3066 1899 ἀποκτείνωσι
3102 1812 3198 1896 τδν
3247 1812 3476 1915 ’λησόῦνί
3497 1844 3604 1913 Περὶ
3627 1812 3695 1913 μὲν

535 1933 679 2002 quod
711 1932 908 1987 attinet
936 1933 1004 1986 ad
1058 1933 1112 1987 id
1156 1947 1265 2002 quo
1310 1932 1378 1987 de
1429 1931 1638 2002 agitur,
1670 1931 1784 1987 haec
1813 1932 2062 1986 dicentur

2206 1930 2303 1988 οὖν
2327 1933 2444 2000 τοῦ,
2490 1953 2510 1986 ι
2547 1936 2640 2000 Εἰς
2665 1937 2840 2008 κρίμα
2863 1937 2944 2000 είς
2975 1935 3068 1989 τὸν
3098 1934 3306 2006 κόσμον
3331 1934 3501 1988 τοῦτον
3521 1931 3690 2004 idiom

535 2036 728 2090 nempe
771 2023 920 2091 quod
948 2023 1406 2092 quemadmodum
1441 2038 1656 2079 sacram
1696 2024 2062 2093 Scripturarut

2204 2026 2305 2078 ὅσα
2346 2025 2679 2098 δεδυνήμεθα
2725 2028 2783 2080 ὲν
2825 2029 2938 2089 τοῖς
2979 2027 3058 2090 είς
3100 2027 3198 2080 τὸν
3243 2023 3400 2078 τόπον
3430 2024 3695 2094 ἐξηγητικοξ

531 2113 974 2182 intelligentiam,
1011 2115 1081 2170 ob
1119 2129 1309 2169 eorum
1347 2113 1636 2168 utilitatem
1668 2115 1869 2170 dictam
1907 2115 1998 2183 qui
2037 2131 2058 2170 ε

2205 2117 2504 2190 εἰρήκαμεν
2523 2135 2536 2148 ·
2572 2117 2699 2190 περὶ
2725 2118 2782 2171 δὲ
2811 2117 2904 2172 τοῦ
2927 2117 3023 2170 νῦν
3063 2117 3421 2189 προκειμένου
3449 2114 3631 2169 τοιαῦτα
3651 2115 3694 2166 ἂν

530 2218 594 2258 ea
621 2203 806 2272 luvari
835 2212 1102 2274 quaerunt,
1138 2202 1543 2258 calumniantur
1575 2202 1630 2257 hi
1655 2201 1747 2272 qui
1776 2217 1894 2256 eam
1926 2202 1978 2256 in
2011 2201 2057 2255 dt

2204 2193 2433 2278 λέγοιτο,
2459 2208 2561 2274 ὅτι,
2593 2209 2780 2281 ὥσπερ
2818 2210 2908 2263 τὸν
2940 2208 3083 2279 ἱερὸν
3111 2207 3242 2262 νοῦν
3265 2207 3366 2261 τῶν
3398 2206 3610 2279 Γραφῶν,
3634 2204 3697 2257 ἐπὶ

529 2295 788 2352 teriorem
830 2304 1042 2366 partem
1095 2294 1442 2367 intelligunt,
1496 2309 1606 2366 quo
1658 2309 1846 2349 ansam
1903 2293 2056 2349 habet

2202 2298 2438 2372 ὠφελείᾳ
2487 2299 2776 2372 λεγόμενον
2813 2301 2924 2356 τῶν
2965 2301 3276 2373 ζητούντων
3309 2301 3397 2354 ἀπ’
3435 2297 3574 2354 αὐτοῦ
3599 2297 3697 2364 ὠφε-

527 2386 818 2443 videantur
841 2387 1061 2458 impiam
1085 2389 1442 2442 conﬁrmandi
1461 2386 1765 2443 doctrinam
1795 2401 1980 2441 eorum
2009 2401 2054 2454 qt

2201 2389 2451 2462 ληθῆναι,
2480 2393 2531 2444 oi
2563 2393 2656 2445 ἐπὶ
2685 2394 2746 2446 rb
2780 2396 2960 2466 χεῖρον
2999 2393 3467 2465 παρεκδεχόμενοι,
3498 2389 3610 2442 ὥστε
3633 2387 3698 2440 καὶ

530 2474 901 2546 loquunturin
941 2476 1284 2531 altitudinem
1314 2475 1743 2544 iniustitiam";
1790 2477 1871 2531 sic
1913 2477 2057 2545 ponti

2203 2482 2454 2554 ἀφορμὴν
2490 2482 2599 2554 (55)
2625 2483 2770 2555 ἔχειν
2791 2485 2964 2540 δοκεῖν
2993 2485 3130 2558 πρὸς
3165 2484 3491 2555 κατασκευὴν
3526 2479 3696 2542 ἀσεϐοῦς

527 2565 659 2625 lices
708 2569 871 2624 etiam
925 2578 981 2624 et
1030 2568 1312 2635 Pharismi,
1369 2584 1475 2624 non
1531 2578 1678 2624 recte
1731 2568 2054 2638 intelligente

2200 2573 2544 2638 διδασκαλίας
2589 2574 2698 2629 τῶν
2757 2574 2966 2630 ἀδικίαν
3023 2578 3102 2640 είς
3157 2576 3219 2629 rb
3267 2575 3391 2645 ὕψος
3438 2571 3695 2633 λαλούντων,

530 2660 734 2714 factam
760 2673 790 2714 a
818 2658 1061 2730 Caiapha
1096 2660 1164 2714 de
1196 2657 1495 2715 Servatore
1539 2668 1728 2714 nostro
1754 2675 1938 2714 veram
1971 2675 2057 2728 prc

2203 2664 2652 2733 συκοφαντοῦσινο
2709 2665 2880 2729 οὕτως
2930 2667 3030 2734 τήν
3079 2683 3144 2720 τε
3194 2666 3290 2720 τοῦ
3335 2666 3555 2735 Σωτῆρος
3585 2659 3697 2732 ἡμῶν

528 2751 790 2817 phetiam,
823 2764 1016 2820 nempe
1045 2752 1188 2818 quod
1213 2751 1491 2821 expediret
1509 2751 1742 2806 nobisnt
1769 2767 1907 2806 unus
1935 2751 2055 2806 hom

2201 2758 2306 2812 ὑπὸ
2333 2756 2422 2812 τοῦ
2449 2758 2670 2827 Καϊάφα
2696 2757 2993 2830 γενομένην
3032 2757 3368 2830 προφητείαν
3406 2754 3696 2828 ἀληθεύουσιν

529 2851 834 2896 moreretur
883 2855 980 2912 pro
1027 2841 1224 2912 populo
1260 2851 1316 2898 et
1365 2851 1474 2897 tota
1523 2857 1657 2914 gens
1717 2858 1822 2898 non
1876 2844 2051 2913 perire

2199 2850 2258 2902 ὲν
2301 2847 2379 2920 τῷ
2423 2848 2724 2919 συμφέρειν
2773 2850 2924 2921 ἡμῖν,
2960 2849 3046 2902 ἵνα
3090 2844 3176 2913 εἷς
3219 2849 3485 2921 ἄνθρωπος
3511 2846 3697 2915 ἀποθάνῃ

522 2932 686 3004 397
721 2933 814 2987 sed
861 2933 1020 2987 aliam
1059 2934 1472 3002 intelligentiam
1509 2949 1634 2990 esse
1680 2935 1783 2990 rati
1825 2935 1878 2990 in
1910 2936 2049 2990 volnt

2200 2942 2342 3014 ὑπὲρ
2383 2940 2476 2995 τοῦ
2528 2940 2680 3007 λαοῦ,
2732 2941 2826 2995 καὶ
2878 2940 2952 3012 μὴ
3007 2941 3128 2995 ὅλον
3183 2941 3245 2995 τὸ
3287 2942 3428 3006 ἔθνος
3475 2939 3695 3006 ἀπόληται,

528 3033 638 3078 tate
671 3023 882 3078 consilii
907 3023 1181 3094 Caiapha),
1221 3023 1289 3078 ab
1325 3023 1416 3077 illo
1449 3025 1538 3078 die
1567 3041 1670 3079 una
1697 3026 2055 3080 consultarun‘

2197 3034 2296 3106 οὐχ
2324 3032 2491 3102 ὑγιῶς
2525 3033 2851 3098 ἀκούσαντες
2875 3036 2925 3088 οἱ
2947 3036 3234 3107 Φαρισαῖοι
3264 3035 3354 3088 καὶ
3385 3035 3434 3086 οἱ
3457 3032 3696 3104 ἀρχιερεῖς,

523 3123 582 3167 ιιι
619 3111 804 3168 Jcsum
854 3115 1247 3170 interﬁcerent.
1298 3113 1423 3168 llaec
1463 3125 1642 3169 autem
1693 3115 1818 3171 dico
1864 3131 2048 3186 seque:

2201 3124 2337 3179 ἀλλά
2373 3123 2531 3179 ἄλλον
2555 3123 2680 3179 νοῦν
2716 3125 3038 3203 νομίσαντες
3084 3119 3230 3179 εἶναι
3254 3124 3388 3178 κατὰ
3415 3123 3471 3176 rb
3508 3121 3694 3191 βούλημα

521 3207 665 3262 hanc
701 3205 1146 3275 intelligentiam,
1208 3215 1268 3260 ut
1317 3205 1558 3276 Spiritus
1615 3217 1838 3263 sanctus
1891 3209 1962 3262 sit
2006 3208 2042 3262 il

2199 3215 2298 3286 τῆς
2321 3213 2416 3267 τοῦ
2443 3213 2669 3284 Καῖάφα
2695 3200 3006 3284 συμϐουλῆς
3055 3214 3195 3286 (56),
3239 3216 3329 3268 ἀπ’
3383 3213 3566 3281 ἐκείνης
3609 3225 3696 3260 σνν-

523 3299 618 3369 qui
652 3298 995 3368 prophetarit
1043 3299 1096 3353 in
1137 3297 1372 3369 Caiapha
1410 3316 1424 3352 :
1456 3315 1562 3352 non
1616 3300 1843 3354 omnino
1891 3303 2050 3357 conﬁt

2200 3305 2584 3358 εὸουλεύσαντο
2627 3307 2725 3376 τῆς
2762 3305 2995 3377 ἡμέρας,
3041 3307 3126 3359 ἵνα
3164 3306 3502 3360 ἀποκτείνωσι
3525 3301 3598 3355 τὸν
3621 3300 3696 3366 Ἰη-

526 3403 684 3442 mans
708 3388 812 3444 hoc
844 3389 917 3444 ita
966 3403 1026 3445 se
1071 3382 1296 3454 habere,
1351 3391 1446 3444 sed
1493 3389 1784 3446 lectoribus
1827 3391 2053 3460 judicim

2199 3395 2344 3450 σοῦν.
2383 3394 2567 3449 Ταῦτα
2597 3395 2654 3448 δέ
2681 3413 2822 3466 φημι
2851 3395 2992 3450 κατὰ
3019 3396 3081 3450 τὸ
3105 3396 3392 3451 ἀκόλουθον
3417 3397 3478 3466 τῇ
3504 3404 3607 3463 περι
3629 3385 3695 3440 τοῦ

523 3478 842 3550 relinquens
867 3490 1050 3535 utrum
1074 3481 1287 3535 admitti
1325 3489 1578 3550 oporteat
1599 3481 1666 3537 dc
1694 3481 1930 3552 Caiapha
1951 3497 2050 3552 quo

2199 3482 2352 3551 ἅγιον
2378 3478 2517 3536 εἶναι
2548 3483 2770 3555 Πνεῦμα
2797 3484 2858 3536 rb
2884 3484 2971 3537 διὰ
3005 3484 3098 3538 τοῦ
3135 3487 3360 3555 Καῖἀφα
3388 3479 3695 3556 προφητεῦσαν

518 3570 676 3640 quasi
709 3578 928 3640 repente
967 3571 1168 3641 Spiritu
1198 3581 1392 3626 sancto
1413 3571 1486 3626 sit
1515 3581 1713 3627 motus.

2203 3573 2414 3645 ὲκδοχῇ,
2441 3574 2500 3626 ού
2534 3574 2750 3638 πάντως
2780 3574 3041 3629 συνιστῶν
3075 3577 3191 3649 (57)
3219 3578 3360 3631 τοῦθ’
3387 3576 3540 3639 οὕτως
3575 3572 3694 3643 ἔχεινι

519 3665 656 3720 ἀλλά
703 3666 1047 3720 καταλείπων
1076 3667 1171 3720 κα)⁸
1194 3669 1306 3730 τοῖς
1352 3667 1735 3736 ἐντυγχάνουσι
1783 3666 2012 3739 κρίνειν,
2063 3668 2320 3741 ὁπότερον
2346 3667 2452 3740 χρὴ
2509 3668 2916 3740 παραδέξασθαι
2965 3671 3092 3741 περὶ
3129 3672 3230 3725 τοῦ
3279 3671 3502 3739 Καῖάφα,
3539 3665 3614 3720 καὶ
3643 3662 3695 3724 ὡς

518 3761 626 3816 ὑπὸ
668 3761 832 3826 πόδας
861 3759 954 3816 τοῦ
989 3762 1307 3833 Πνεύματος
1331 3763 1712 3834 κεκινημένου.

591 3851 701 3907 18.‹
722 3854 878 3910 Jesus
900 3871 1026 3924 ergo
1043 3855 1155 3923 jam
1182 3872 1285 3910 non
1315 3859 1588 3927 propalam
1611 3856 1924 3912 ambulabat
1954 3859 2095 3912 inter

2275 3855 2360 3910 18.
2401 3874 2420 3906 ι
2466 3855 2522 3909 Ὀ
2553 3849 2647 3910 οὖν
2687 3853 2893 3928 Ἰησοῦς
2915 3857 3099 3911 οὐκέτι
3136 3857 3415 3930 παρρησίᾳ
3445 3849 3695 3926 περιεπάτει

517 3939 760 4005 Judzeos,
806 3946 900 3996 sed
947 3945 1080 3998 abiit
1119 3945 1270 4000 illinc
1305 3947 1358 4000 in
1393 3946 1666 4017 regionem
1699 3947 1918 4003 deserto
1957 3947 2042 4003 vic

2198 3948 2257 4002 ὲν
2305 3951 2418 4010 τοῖς
2463 3947 2736 4012 Ἰουδαίοις
2762 3988 2778 4014 ,
2828 3947 2963 4002 ἀλλά
3010 3949 3254 4022 ἀπῆλθεν
3299 3953 3374 4013 εἰς
3424 3948 3513 4018 τὴν
3560 3941 3693 4015 χώραν

522 4046 672 4098 nam,
731 4032 784 4085 in
846 4033 1121 4088 civitatem
1154 4051 1275 4105 quae
1325 4039 1524 4094 dicitur
1576 4039 1853 4110 Ephraim,
1905 4041 2049 4112 ibiqu

2195 4041 2362 4110 ἐγγὺς
2386 4037 2486 4109 τῆς
2509 4039 2740 4111 ἐρήμου,
2767 4042 2844 4104 είς
2880 4041 3118 4114 Ἐφραῒμ
3150 4042 3434 4113 λεγομένην
3460 4038 3603 4100 πόλιν,
3627 4031 3692 4086 καὶ

519 4125 846 4181 versabatur
873 4144 998 4184 cum
1050 4129 1334 4202 discipulis
1369 4135 1483 4190 suis
1523 4134 1592 4190 ⁸⁸.
1624 4153 1643 4187 ι
1703 4136 1828 4191 Haec
1885 4146 1942 4192 et
2003 4137 2046 4191 hi

2193 4131 2308 4186 ἐκεῖ
2359 4131 2540 4202 ἔμεινε
2588 4131 2726 4203 μετά
2770 4130 2878 4184 τῶν
2932 4131 3208 4202 μαθητῶν.
3267 4152 3285 4184 ι
3315 4131 3482 4184 Ταῦτα
3526 4127 3600 4181 καὶ
3643 4136 3692 4173 τα

516 4216 716 4273 similia
778 4219 978 4291 scripta
1040 4221 1210 4276 fuisse
1248 4237 1481 4288 censeo,
1537 4225 1753 4282 volente
1803 4227 1929 4283 Jesu
1991 4243 2043 4283 ιι(

2192 4222 2402 4287 τούτοις
2430 4222 2786 4294 παραπλήσια
2817 4224 3232 4296 ἀναγεγράφθαι
3255 4225 3466 4295 νομίζω,
3491 4213 3690 4289 βουλομέα

517 4309 824 4377 advertere,
853 4325 920 4367 ne
942 4311 1260 4368 iracundius
1287 4327 1351 4368 ac
1383 4314 1842 4373 inconsideratius
1877 4319 2044 4374 insilia

2191 4333 2285 4367 νου
2317 4315 2411 4368 τοῦ
2438 4316 2611 4384 Λόγου
2633 4315 2978 4386 ἐπιστρέφειν
3002 4319 3148 4388 ἡμᾶς
3170 4317 3278 4371 ἀπὸ
3306 4319 3394 4369 τοῦ
3431 4310 3688 4384 θερμότερον

519 4415 642 4457 mus
668 4403 723 4458 in
751 4413 1029 4459 certamen
1058 4404 1252 4460 mortis
1275 4446 1290 4472 ,
1321 4422 1419 4477 pro
1451 4409 1680 4470 veritate
1713 4411 2046 4467 testintonim

2192 4407 2286 4459 καὶ
2315 4405 2624 4473 ἀλογιστότε
2635 4423 2724 4477 ρον
2756 4407 3025 4479 ὲπιπηδᾷν
3057 4409 3136 4480 τῷ
3154 4409 3258 4473 ἕως
3287 4407 3376 4461 τοῦ
3400 4395 3688 4467 θανάτουφδ)

516 4490 819 4560 praebituri.
853 4495 1068 4550 Etenim
1099 4495 1386 4553 honestum
1416 4501 1634 4569 quidem
1663 4511 1764 4566 est,
1796 4502 1841 4556 si
1870 4501 2043 4559 incide

2158 4515 2161 4544 ι
2189 4496 2552 4566 ἀγωνίζεσθαι
2583 4497 2712 4569 περὶ
2737 4498 2838 4569 τῆς
2867 4499 3146 4570 ἀληθείας,
3181 4501 3272 4554 καὶ
3301 4497 3588 4570 μαρτυρεῖνυ
3612 4504 3685 4542 κου

515 4581 588 4634 rit
615 4591 891 4638 certamen
923 4599 1022 4655 pro
1057 4587 1363 4644 conﬁtendo
1411 4588 1594 4644 Jesmn
1616 4627 1634 4655 ,
1681 4590 2042 4648 confessione:

2183 4589 2273 4642 λδν
2319 4589 2415 4660 μὲν
2445 4589 2574 4662 γὰρ,
2610 4591 2921 4662 ἐμπεσόντα
2957 4591 3048 4644 τὸν
3079 4594 3208 4664 περὶ
3239 4591 3329 4646 τοῦ
3358 4585 3601 4660 ὁμολογεῖν
3619 4578 3687 4631 τὸν

515 4687 622 4728 non
657 4672 894 4741 diﬁerre,
933 4693 1108 4748 neque
1147 4681 1362 4736 tardare
1415 4690 1646 4736 mortem
1702 4697 1799 4752 pro
1851 4684 2042 4739 verital

2196 4681 2400 4754 Ἰησοῦν
2428 4685 2634 4752 ἀγῶνα,
2688 4684 2764 4757 μὴ
2791 4683 3113 4740 ἀναδύεσθαι
3155 4669 3252 4758 τὴν
3291 4681 3551 4756 ὁμολογίαν
3581 4673 3685 4745 (59)ν

513 4771 770 4832 oppetere
807 4782 822 4819 :
858 4774 915 4820 at
964 4782 1070 4822 nun
1121 4770 1300 4825 minus
1325 4786 1488 4840 quant
1533 4773 1633 4829 hoc
1683 4773 1969 4828 honestum
2001 4789 2040 4830 et

2185 4774 2319 4844 μηδὲ
2351 4773 2565 4846 μέλλειν
2597 4776 2724 4848 περὶ
2755 4777 2817 4829 τὸ
2842 4777 3275 4848 ύπεραποθανεῖν
3318 4777 3411 4845 τῆς
3449 4766 3680 4841 ἀληθείας·

515 4850 606 4904 tali
635 4858 908 4924 tantaeque
935 4858 1218 4914 tentationi
1246 4862 1596 4918 occasionem
1638 4879 1745 4919 non
1790 4863 1942 4929 dare,
1986 4880 2042 4921 se

2180 4869 2279 4920 οὐκ
2329 4866 2548 4922 ἔλαττον
2605 4867 2662 4921 δὲ
2710 4868 2901 4922 τούτου
2949 4869 3134 4933 καλὸν,
3188 4867 3278 4922 καὶ
3325 4867 3383 4920 τὸ
3428 4863 3493 4935 μὴ
3531 4857 3682 4912 διδόναι

509 4939 826 4998 omnimodo
859 4945 1036 5001 vitare
1071 4963 1210 5014 eam,
1237 4965 1342 5006 non
1395 4953 1568 5008 solum
1609 4956 1734 5024 quia
1787 4964 1950 5010 tanta
1999 4971 2036 5010 rt

2187 4960 2440 5032 ἀφορμὴν
2468 4959 2547 5032 τῷ
2579 4959 2880 5033 τηλικούτῳ
2896 4962 3209 5035 πειρασμῷ,
3232 4960 3362 5015 ἀλλά
3383 4956 3522 5012 παντὶ
3539 4949 3679 5022 τρόπῳ

509 5034 692 5091 exitus
715 5036 954 5095 incertus
977 5040 1051 5096 sit
1074 5042 1246 5108 nobis,
1281 5059 1469 5100 verum
1501 5046 1664 5100 etiam
1693 5062 1759 5102 ne
1791 5063 1888 5104 nos
1916 5063 2036 5104 occa

2188 5051 2570 5124 περιΐστασθαι
2613 5053 2796 5118 αὑτὸν,
2843 5055 2904 5107 οὐ
2947 5034 3107 5126 μόνον
3155 5053 3242 5109 διὰ
3286 5053 3343 5107 τὸ
3386 5045 3604 5118 περὶτῆς
3637 5039 3679 5089 έν

584 5167 629 5198 ⁸⁸
647 5177 776 5234 Luc.
813 5195 875 5246 ιι,
907 5182 1000 5236 54.
1105 5183 1152 5215 ⁸⁵
1175 5182 1329 5238 Jonn.
1367 5201 1436 5249 Ix,
1471 5186 1560 5242 39.
1635 5188 1678 5218 ³⁷
1705 5188 1844 5244 Psal.
1880 5207 2050 5258 uxu,
2084 5193 2111 5246 8

1175 5182 1329 5238 Ιοειιι.
1367 5201 1436 5249 Ix,
1471 5186 1560 5242 '59.
1635 5188 1678 5218 ³⁷
1705 5188 1844 5244 Psal.
1880 5207 2050 5258 lxx",
2084 5193 2138 5248 8.
2215 5193 2260 5226 ⁸⁸
2286 5192 2445 5249 Joan.
2475 5210 2552 5258 XI,
2592 5194 2681 5250 δι.

716 5315 894 5402 (ἔρδοις
923 5316 1146 5402 Regius,
1183 5319 1642 5402 ἀπολογίσασθαι..
1700 5395 1711 5402 _
1824 5394 1871 5402 _
1950 5394 1961 5402 _

2187 5327 2574 5402 ἐϐουλεύσαντο
2596 5329 2792 5399 legisse
2816 5331 3041 5402 lidetur
3085 5330 3356 5402 Ferrarius
3396 5316 3669 5402 ωνεόονλεῇῧ·

576 5383 688 5467 (58)
730 5386 914 5442 Codex
967 5383 1190 5456 Regius.
1246 5383 1418 5458 λόγων
1465 5392 1562 5444 τοῦ
1619 5394 1774 5462 ἁγίου
1824 5394 2030 5467 Πνεύμι

503 5468 614 5524 τος,
646 5469 831 5524 sicque
866 5457 1034 5512 editio
1067 5458 1240 5514 I‘lnetii
1269 5462 1463 5524 habet;
1498 5463 1590 5519 sed
1627 5465 1679 5518 in
1711 5464 1904 5519 codice
1933 5466 2030 5520 But

2185 5415 2365 5475 σαντο.
2397 5383 2786 5524 (Βὲιροδιςῧιιιιέ
2813 5383 3056 5457 [δέτι-ξιιί
3085 5383 3377 5456 lectionem
3421 5400 3577 5464 utpote
3604 5400 3672 5440 sa-

2175 5481 2411 5522 niorem.
2498 5485 2611 5524 our.
3616 5521 3621 5524 λ

506 5469 614 5532 τος,
646 5469 831 5524 sicque
866 5469 1034 5539 ettt_tio
1067 5469 1240 5514 letnetii
1269 5469 1463 5524 habet;
1498 5469 1590 5519 sed
1627 5469 1679 5518 in
1711 5469 1904 5519 codice
1933 5469 2075 5520 Bod-
2175 5469 2411 5522 niui-em.
2451 5469 2638 5536 Eutr.)

506 5521 682 5608 [ιιιαιιο
701 5526 853 5608 deest
877 5544 971 5608 του
1003 5527 1158 5596 ἁγίου
1179 5530 1515 5601 Πνεύματος,
1557 5534 1700 5603 quod
1730 5535 1890 5589 etiam
1922 5537 2071 5592 \‘ide-
2250 5537 2364 5608 (57)
2395 5539 2576 5594 Codex
2598 5539 2939 5604 Bodleianus,
2973 5540 3264 5594 συνιστῶψ
3295 5535 3474 5608 llegius
3493 5571 3506 5596 ,
3531 5521 3670 5608 ἱστός.

508 5537 680 5575 tetano
701 5537 853 5579 ueest
877 5537 971 5581 του
1003 5537 1158 5596 αγῐου
1179 5537 1515 5601 Πνεῦματος,
1557 5537 1700 5603 quod
1730 5537 1890 5589 etiam
1922 5537 2034 5592 vide

507 5595 1008 5684 ⁸¹³τιέῗδὲἳί¹1⁴3¹¹ξῑ¹ο
1237 5683 1244 5684 ,
1321 5670 1332 5684 .
1510 5671 1522 5684 .

2250 5537 2337 5606 (57
2395 5539 2576 5594 Codex
2598 5539 2939 5604 Bodleianus,
2973 5540 3264 5594 συνιστῶν⁶
3295 5537 3506 5608 llegius,
3531 5537 3670 5584 ιστας.

2248 5537 2364 5678 (58)
2389 5609 2570 5664 Codex
2602 5609 2826 5680 Regius,
2870 5611 3040 5674 male,
3085 5610 3160 5681 τῷ
3184 5611 3242 5663 ἐν
3285 5608 3356 5674 τῷ
3404 5605 3495 5666 ἕως
3542 5595 3671 5651 θανά-

715 5662 894 5742 ςξοιίθιι
929 5665 1294 5742 liodlcianns,_
1309 5670 1578 5742 ἀφορμάς,
2007 5741 2029 5742 ἡ
2175 5659 2292 5733 τούξ

593 5731 684 5804 56)
715 5732 896 5795 Codex
929 5734 1149 5806 llegius,
1185 5731 1611 5808 βουλῆς.’ἰ³οιιιο
1654 5753 1776 5814 post
1829 5760 1926 5816 pro
1970 5741 2066 5800 οὖν

1970 5741 2066 5800 οὖν
2196 5731 2199 5732 ν
2245 5731 2362 5820 (59)
2387 5746 2534 5807 idem
2555 5751 2724 5808 codex
2754 5749 2975 5822 Regius,
2998 5752 3166 5823 αὐτὴν
3189 5744 3467 5816 ὁμολογίαν-
