3866 6200
257 297 353 352 729

1228 299 1586 358 COMMENT.
1633 303 1698 358 IN
1739 303 1931 360 IOAN.
1973 305 2210 364 TOMUS
2247 310 2487 368 XXVIII.

3393 319 3498 379 750

247 409 391 481 αὐτῷ
412 405 686 475 ἐκϐάσεως
714 409 910 483 ἄδηλον
942 414 1098 485 ἡμῖν,
1144 415 1282 470 ἀλλά
1331 419 1425 472 καὶ
1466 420 1554 474 ἵνα
1595 421 1668 492 μὴ
1699 422 1794 494 (6οξ

1916 425 1998 480 sio
2026 426 2198 482 simus
2227 437 2283 483 ut
2311 429 2489 501 magis
2513 438 2834 501 peccatores
2873 433 3158 504 magisque
3183 435 3332 506 impii
3362 453 3496 492 eva-

237 504 397 575 ήμεῐς
423 501 692 574 πρόφασις
721 502 1012 576 γενώμεθα
1037 506 1133 561 τοῦ
1163 509 1638 583 ἀμαρτωλοτέροις
1662 514 1815 584 γενέ-

247 597 364 650 σθαι
396 597 486 650 καὶ
523 595 905 670 ἀσεϐεστέροις
934 603 1047 665 τοῖς
1075 602 1174 655 οὐκ
1200 602 1268 656 ἂν
1305 604 1406 675 μὲν
1438 605 1516 676 τῷ
1551 605 1697 678 ἔργῳ
1718 607 1812 662 τοῦ

240 692 392 760 ἡμων
411 688 736 760 ὲκκεχῦσθαι
766 691 829 744 τὸ
860 687 1000 763 αἷμα
1020 694 1336 766 γενομένοις
1368 697 1598 768 ἐνόχοις,
1652 701 1702 752 εί
1742 699 1814 752 τὰ

237 781 364 850 παρ’
399 781 618 844 ἑαυτοὺς
648 780 934 848 ποιοῦντες
957 783 1275 858 ἑκκλίνομεν
1302 787 1431 852 τοὺς
1462 789 1624 861 μέχρι
1657 789 1814 844 θανά-

237 888 334 924 του
357 874 482 943 ἡμῖν
497 872 968 940 ἐπιϐουλεύοντας,
998 877 1282 947 ἐσομένοις
1309 879 1366 932 δὲ
1394 881 1454 933 ὲν
1471 881 1697 946 πλείονι,
1718 884 1812 936 καὶ

243 962 504 1035 βαρυτέρᾳ
548 965 768 1020 κολάσει
810 969 943 1038 παρ’
989 970 1156 1039 ἡμᾶς,
1206 971 1256 1022 εἰ
1298 971 1683 1040 φιλαυτοῦντες
1715 975 1810 1028 καὶ

243 1052 319 1123 μὴ
343 1052 472 1105 κατά
503 1053 730 1107 ἐκείνων
754 1055 1084 1121 σκοποῦντες
1115 1058 1369 1131 ὲπιδιδῲη
1379 1079 1477 1132 μεν
1508 1063 1711 1128 αὐτοὺς
1729 1065 1811 1136 τῷ

237 1140 586 1212 ἀναιρεῖσθαι,
622 1143 685 1196 οὐ
717 1143 820 1215 τῆς
874 1146 1121 1219 ἀνάγκης
1163 1150 1246 1212 είς
1284 1150 1442 1204 τοῦτο
1471 1152 1808 1208 καταλαϐού-

237 1249 352 1304 σης.
377 1233 541 1306 Εἴπερ
571 1234 684 1306 γὰρ
706 1236 801 1290 καὶ
821 1239 850 1291 ό
873 1238 1145 1310 πρόφασίς
1175 1258 1283 1294 τινι
1301 1243 1595 1314 γενόμενος
1625 1247 1808 1319 ἀμαρ-

235 1325 366 1389 τίας,
387 1325 462 1395 τῷ
484 1327 648 1391 αὐτὸς
667 1329 761 1382 ἐπὶ
785 1330 987 1402 ταύτην
1017 1335 1365 1405 κεκινηκέναι
1387 1337 1480 1391 τὸν
1499 1339 1809 1410 ἁμαρτάνο-

234 1433 345 1481 ντα,
364 1417 495 1471 τίσει
510 1418 668 1484 δίκας
686 1421 780 1474 ἐπὶ
792 1425 904 1485 τοῖς
922 1421 988 1475 δι’
1007 1425 1169 1478 αὑτὸν
1188 1426 1492 1498 ἀνθρώπων
1506 1429 1613 1482 τινὶ
1631 1432 1808 1501 ἡμαρ-

231 1510 490 1582 τημένοις,
514 1511 632 1576 πῶς
654 1513 774 1584 οὐχὶ
803 1516 896 1568 καὶ
920 1515 950 1566 ὁ
973 1515 1162 1590 παρὼν
1205 1518 1271 1590 [Ῑ.
1304 1520 1500 1593 παρὸν]
1538 1522 1802 1586 ἐκκλῖναι,

231 1602 314 1654 ῖνα
338 1601 409 1674 μή
423 1605 451 1657 ό
469 1603 619 1658 δεῖνα
648 1606 918 1679 προδότης
939 1609 1266 1681 Χριστιανοῦ
1292 1613 1538 1685 γένηται,
1555 1646 1558 1648 ~
1573 1617 1668 1668 καὶ
1687 1616 1807 1669 ὲπί-

231 1693 408 1759 ϐουλος
432 1696 531 1766 τῆς
559 1698 704 1752 κατά
732 1700 826 1753 τὸν
878 1701 1084 1773 Ἰησοῦν
1114 1702 1422 1770 θεοσεϐείας
1449 1708 1523 1779 μὴ
1553 1709 1804 1774 ὲκκλίνας

233 1786 347 1857 μὲν,
382 1790 474 1842 καὶ
501 1793 954 1863 προσπαροξύνας
983 1795 1062 1858 δὲ,
1105 1797 1225 1868 οὐχὶ
1252 1798 1344 1851 καὶ
1369 1777 1620 1872 περὶτῆς
1653 1802 1800 1855 ἐκεῖ-
1833 1777 1876 1832 Β

229 1898 312 1934 νου
334 1883 604 1954 ἁμαρτίας
631 1884 792 1939 δώσει
819 1885 998 1956 λόγον,
1039 1889 1163 1954 κάν,
1193 1889 1254 1943 τὸ
1277 1888 1404 1946 ὅσον
1422 1893 1516 1946 ἐπὶ
1536 1896 1603 1965 τῇ
1629 1895 1710 1958 είς
1739 1895 1801 1949 τὸ

231 1979 516 2046 μαρτυρεῖν
540 1977 819 2050 προθυμία
849 1979 943 2033 καὶ
965 1983 1030 2052 τῇ
1067 1984 1146 2045 εις
1176 1982 1334 2037 τοῦτο
1362 1982 1602 2056 ἀνδρείᾳ,
1637 1987 1802 2058 τιμῆς

227 2067 312 2120 καὶ
347 2069 620 2142 ἀποδοχῆς
649 2070 797 2137 ἄξιος
931 2074 1078 2144 παρὰ
1112 2073 1192 2144 τῷ
1239 2075 1619 2147 εὐσεϐουμένῳ
1659 2076 1797 2147 Θεῷ,

224 2161 309 2212 καὶ
325 2160 745 2234 όμολογουμένῳ
767 2163 857 2217 ὑπ’
890 2165 1055 2218 αὑτοῦ
1090 2167 1342 2238 Σωτῆρις
1377 2168 1500 2221 Ὅτι
1543 2168 1599 2220 δὲ
1638 2169 1800 2238 ἡμῶν

224 2252 400 2305 ἕνεκεν
417 2253 486 2308 τά
519 2253 746 2308 τοιαῦτα
769 2256 1102 2327 γέγραπται,
1133 2257 1198 2309 ἵν’
1237 2260 1422 2328 ἡμεῖς,
1448 2259 1799 2331 παράδειγμα

228 2340 430 2410 ἔχοντες
452 2342 542 2396 τὸν
574 2343 804 2414 Ἰησοῦν,
843 2346 939 2397 καὶ
978 2347 1036 2397 ἐν
1062 2349 1176 2410 τοῖς
1198 2347 1460 2412 τοιούτοις
1503 2349 1668 2402 αὐτοῦ
1706 2367 1800 2420 μι-

231 2434 381 2503 μηταὶ
432 2433 743 2506 γενώμεθα,
807 2439 1150 2510 παραστήσει
1199 2444 1231 2510 ή
1284 2438 1518 2509 λέγουσα
1568 2443 1608 2494 Γ
1615 2444 1795 2515 ραφή’

233 2541 250 2572 r
283 2523 532 2597 Ἐζήτουν
563 2522 659 2581 οὖν
698 2529 862 2582 αὐτὸν
912 2531 1127 2594 πιάσαι,
1186 2533 1284 2585 καὶ
1323 2532 1501 2596 οὐδεὶς
1535 2533 1799 2588 ἐπέϐαλεν

177 2661 185 2672 .
229 2616 302 2668 ἐπ’
325 2617 488 2672 αὐτὸν
520 2619 622 2690 τὴν
668 2624 850 2692 χεῖρα,
891 2623 974 2675 ὃτι
1008 2622 1163 2676 οὔπω
1215 2623 1461 2694 ἐληλύθει
1493 2627 1526 2696 ὴ
1556 2625 1675 2698 ὥρα
1704 2628 1801 2680 αύ-

227 2706 324 2759 τοῦ.
354 2727 372 2759 ι
414 2710 504 2773 Ὠς
524 2711 655 2783 γὰρ,
683 2711 828 2766 κατά
845 2713 904 2766 τὸ
923 2713 1083 2785 ῥητόν
1106 2713 1286 2777 τοῦτο,
1312 2713 1400 2768 διὰ
1417 2716 1594 2780 τοῦτο,
1624 2717 1798 2781 οὐδεὶς

225 2797 476 2854 ἐπέϐαλεν
498 2803 584 2856 ἐπ’
613 2803 777 2858 αὐτὸν
805 2805 904 2876 τὴν
942 2807 1118 2878 χεῖρα,
1152 2805 1394 2878 παρόντα
1419 2808 1514 2860 καὶ
1550 2807 1626 2878 μὴ
1665 2807 1798 2877 φεύ-

225 2906 389 2958 γοντα,
431 2893 552 2947 ἐπεὶ
585 2895 752 2965 μήπω
786 2895 1037 2966 ἐληλύθει
1067 2900 1101 2968 ἡ
1129 2895 1250 2968 ὥρα
1277 2896 1466 2963 αὐτοῦ,
1510 2897 1683 2962 οὕτως
1705 2900 1798 2952 καὶ

225 2987 372 3056 χωρὶς
406 2985 502 3039 τοῦ
529 2988 836 3060 ἀναχωρεῖν
868 2990 929 3042 ὲν
962 2988 1042 3060 τῷ
1087 2989 1266 3062 καιρῷ
1298 2989 1394 3044 τοῦ
1432 2990 1658 3061 μηδέπω
1699 2993 1798 3045 αὺ-

1917 519 2045 573 dant
2073 519 2174 586 illi,
2224 523 2317 591 qui
2367 523 2602 577 nondum
2634 523 2951 594 sanguinem
2998 535 3240 582 nostrum
3273 529 3492 598 quidem

1915 612 2092 681 reipsa
2121 612 2380 670 effudisse
2423 617 2498 671 rei
2548 627 2676 671 sunt
2699 616 2863 682 facti;
2890 617 2935 672 si
2960 633 3081 687 qua:
3103 619 3154 673 in
3181 620 3336 676 nobis
3365 633 3493 676 sunt

1911 701 2211 770 facientes,
2262 706 2720 764 decliuaverimus
2763 724 2859 764 eos
2911 710 3006 779 qui
3058 710 3284 766 insidias
3333 713 3490 769 nobis

1911 795 1998 850 vel
2058 797 2130 852 ad
2177 808 2406 852 mortem
2460 814 2631 868 usque
2681 800 3020 866 moliuntur;
3049 855 3051 858 ι
3084 803 3178 857 sed
3233 803 3490 873 puniendi

1911 886 2152 956 alioquin
2186 887 2379 956 majori
2410 893 2760 960 graviorique
2798 907 2960 962 paena
3005 893 3174 947 nostri
3216 909 3406 962 causa,
3443 899 3489 951 si

1911 984 2083 1039 nostri
2113 995 2382 1046 amantes.
2413 986 2576 1041 rebus
2600 985 2816 1042 illorum
2845 986 3191 1056 posthabitis,
3219 1003 3490 1060 exposue-

1911 1071 2085 1126 rimus
2119 1087 2219 1126 nos
2250 1073 2398 1141 ipsos
2424 1073 2825 1138 interficiendo,
2856 1075 3000 1130 nulla
3031 1091 3130 1131 nos
3163 1079 3492 1135 necessitate

1911 1168 2158 1228 urgente.
2215 1159 2345 1214 Nam
2379 1162 2426 1216 si
2460 1163 2625 1216 etiam
2657 1165 2749 1232 qui
2795 1164 2957 1219 alicui
3010 1167 3228 1222 occasio
3275 1171 3488 1239 peccati

1908 1248 2086 1305 factus
2114 1250 2300 1318 fuerit,
2356 1252 2403 1306 is
2437 1268 2627 1321 poenas
2675 1255 2826 1310 dabit
2863 1257 2935 1312 ob
2970 1273 3032 1313 ea
3059 1273 3179 1328 quae
3206 1260 3289 1314 sui
3321 1275 3487 1316 causa

1910 1344 2255 1411 peccaverint
2309 1344 2477 1414 aliqui
2529 1347 2819 1414 homines;
2873 1352 3146 1419 quomodo
3178 1368 3284 1407 non
3322 1355 3484 1410 etiam

1908 1445 2100 1500 ptenas
2133 1433 2364 1488 daturus
2385 1444 2492 1499 est,
2545 1435 2636 1503 qui
2671 1451 2794 1488 cum
2837 1437 3141 1491 declinandi
3175 1438 3484 1494 facultatem

1911 1521 2132 1586 habeat,
2166 1537 2235 1577 ne
2260 1525 2506 1592 proditor
2538 1525 2629 1580 ille
2659 1525 2956 1581 Christiani
3003 1528 3072 1581 sit
3116 1528 3384 1596 hominis,
3431 1539 3489 1585 et

1908 1611 2200 1665 insidiator
2228 1613 2413 1668 cultus
2443 1615 2612 1668 divini
2639 1629 2768 1684 erga
2802 1613 3009 1680 Iesum,
3043 1632 3150 1670 non
3180 1617 3484 1674 declinave-

1909 1704 2014 1766 rit;
2087 1703 2195 1758 imo
2227 1705 2433 1774 potius
2502 1707 2902 1772 concitaverit,
2952 1707 3164 1762 etiamsi
3218 1710 3362 1777 quod
3417 1709 3487 1764 ad

1905 1798 2392 1866 promptitudinem
2429 1799 2628 1854 attinet
2655 1798 3168 1870 fortitudinentque,
3206 1803 3388 1858 hacin
3425 1817 3488 1858 re

1904 1889 2111 1944 honore
2138 1903 2202 1943 ac
2225 1889 2385 1944 laude
2411 1891 2480 1944 sit
2523 1891 2720 1961 dignus
2761 1892 2904 1962 apud
2950 1893 3145 1958 Deum,
3191 1909 3352 1964 quem
3401 1897 3487 1964 pie

1903 1981 2052 2045 colit,
2079 1984 2330 2051 apudque
2358 1982 2734 2050 Servatorem,
2773 1999 2934 2054 quem
2964 1984 3251 2040 confessus
3282 1987 3489 2042 fuerit?

1903 2069 2076 2126 Porro
2107 2072 2250 2142 quod
2280 2073 2452 2128 nostri
2499 2089 2666 2128 causa
2713 2076 2828 2129 haec
2875 2076 3079 2145 scripta
3113 2077 3339 2142 fuerint,
3374 2093 3489 2148 quo

1901 2158 2087 2214 Iesum
2118 2161 2446 2216 haberemus
2471 2165 2771 2232 exemplar,
2809 2164 2979 2235 398
3023 2167 3180 2237 cujus
3211 2168 3264 2222 in
3297 2168 3489 2238 hujus.-

1901 2250 2114 2306 cemodi
2148 2249 2320 2305 rebus
2350 2250 2656 2307 imitatores
2681 2268 2950 2319 essemus,
2993 2257 3149 2310 docet
3198 2256 3482 2326 Scriptura

1903 2341 2132 2396 dicens:
2163 2341 2531 2410 tQuazrebant
2553 2344 2724 2414 igitur
2747 2361 2872 2400 eum
2909 2348 3394 2416 comprehendere,
3427 2360 3484 2404 et

1902 2435 2086 2488 nullus
2133 2434 2185 2489 in
2245 2450 2370 2489 eum
2424 2437 2658 2504 conjecit
2705 2453 2984 2504 manum,
3038 2440 3185 2508 quod
3241 2441 3483 2495 nondum

1900 2527 2142 2580 venisset
2169 2529 2306 2581 hora
2333 2527 2450 2598 ejus
2476 2527 2576 2580 ⁸⁸.»
2609 2528 2678 2584 Ut
2706 2529 2876 2595 enim,
2899 2531 3056 2598 juxta
3082 2531 3225 2584 hunc
3251 2540 3480 2595 textum,

1901 2618 2082 2672 nullus
2112 2617 2166 2671 in
2189 2632 2314 2673 eum
2343 2619 2579 2687 coniecit
2603 2636 2844 2685 manum,
2877 2632 3202 2690 praesentem
3229 2661 3246 2686 ,
3276 2631 3332 2677 et
3369 2636 3479 2676 non

1899 2707 2228 2780 fugientem,
2269 2710 2399 2780 quia
2439 2712 2674 2766 nondum
2728 2713 2966 2767 venisset
3006 2711 3138 2767 hora
3195 2714 3340 2780 ejus;
3397 2714 3480 2768 sic

1898 2801 2064 2856 etiam
2117 2802 2160 2856 si
2212 2818 2322 2858 non
2372 2803 2696 2859 secessisset
2728 2804 2781 2858 in
2811 2819 2877 2859 eo
2911 2815 3176 2874 tempore,
3205 2820 3312 2874 quo
3344 2819 3479 2860 non-

1898 2893 2026 2946 dum
2053 2892 2295 2949 instabat
2324 2895 2457 2949 hora
2490 2895 2630 2966 ejus,
2659 2910 2784 2951 eum
2828 2897 3248 2967 haudquaquam
3280 2896 3477 2952 deten-

1902 2984 2005 3038 turi
2058 2984 2312 3054 fuissent,
2361 2997 2416 3042 et
2453 2987 2710 3043 similiter
2755 2990 2937 3044 nullus
2975 2991 3029 3045 in
3075 3006 3198 3044 eum
3247 2990 3479 3060 conjecit

221 3073 300 3128 τοῦ
343 3077 705 3149 ἐφεστηκέναι
749 3079 851 3152 τήν
898 3079 1068 3153 ὥραν,
1104 3083 1164 3135 ού
1209 3082 1514 3154 κατέσχητο
1561 3083 1661 3155 μὲν
1705 3085 1791 3148 ἂν,

1901 3091 2148 3135 manum.
2202 3077 2472 3145 Quocirca
2520 3079 2933 3151 intelligendum
2977 3091 3058 3136 est
3105 3098 3212 3136 non
3264 3092 3477 3138 tantum

223 3169 347 3240 ὅμως
376 3171 442 3225 δὲ
467 3172 566 3226 οὐκ
598 3171 864 3227 ἐπέϐαλεν
892 3173 1042 3244 αὐτῷ
1065 3174 1241 3239 οὐδεὶς
1267 3176 1366 3247 τὴν
1397 3179 1575 3248 χεῖρα.
1595 3177 1792 3248 Διόπερ

222 3259 316 3329 (6f)
343 3262 648 3316 ἀκουστέον
667 3263 729 3316 οὗ
763 3263 924 3334 μόνον
952 3264 1071 3329 τοῦ,
1123 3285 1142 3317 ι
1191 3266 1318 3319 Ἐὰν
1344 3266 1614 3323 διώκωσιν
1647 3270 1790 3339 ὑμᾶς

221 3351 268 3404 ὲν
287 3357 345 3426 τῇ
375 3351 537 3408 πόλει
570 3354 766 3427 ταύτῃ,
793 3356 1026 3425 φεύγετε
1061 3359 1142 3420 είς
1164 3357 1263 3429 τὴν
1288 3359 1506 3432 ἑτέραν,
1528 3381 1546 3412 ι
1565 3360 1790 3413 καὶτῶν

225 3446 350 3517 ἑξῆς,
382 3445 526 3500 ἀλλὰ
551 3447 648 3501 καὶ
673 3449 754 3501 ὅτι
783 3447 949 3520 ήνίκα
983 3448 1492 3518 συνεϐουλεύσαντο,
1533 3454 1622 3508 ἵνα
1652 3455 1790 3507 ἀπο-

224 3537 454 3591 κτείνωσι
491 3537 585 3591 τὸν
627 3537 841 3609 Ἰησοῦν
882 3540 931 3592 οί
970 3540 1250 3612 ἀρχιερεῖς
1279 3543 1374 3596 καὶ
1401 3545 1451 3596 οἱ
1480 3545 1786 3615 Φαρισαῖοι,

223 3629 273 3682 τὸ
296 3629 606 3700 εὐλόγιστον
645 3628 850 3702 τηρῶν,
905 3631 1091 3684 ούκέτι
1142 3633 1427 3704 παρρησία
1465 3635 1788 3706 περιεπάτει

225 3714 274 3766 ὲν
308 3718 412 3781 τοῖς
485 3717 780 3782 Ἰουδαίοις·
846 3717 963 3771 ἀλλ’
1001 3718 1122 3772 οὐδὲ
1163 3722 1244 3782 είς
1272 3720 1439 3792 ἄλλην
1493 3723 1648 3777 πόλιν
1690 3726 1788 3792 ἀντ

225 3805 483 3879 εχὼρησεν
511 3808 688 3878 ὄχλων
710 3809 1176 3883 πεπληρωμένην,
1199 3811 1336 3868 ἀλλά
1358 3785 1478 3868 τινα
1504 3785 1805 3889 ἀνακεχω9

228 3901 468 3968 ρηκυῖαψ
517 3899 831 3973 γέγραπται
872 3902 1016 3974 γάρ’
1049 3922 1068 3955 ι
1116 3904 1173 3956 ὐ
1215 3900 1309 3958 οὖν
1352 3906 1559 3976 Ἰησοῦς
1604 3907 1786 3963 οὐκέτι

228 3993 492 4063 παρρησίᾳ
516 3995 838 4064 περιεπάτει
865 3996 922 4046 ὲν
951 3999 1064 4058 τοῖς
1110 3995 1404 4063 Ἰουδαίοις,
1450 3998 1586 4053 ἀλλά
1612 4001 1787 4072 ἀπῆλ-

225 4079 302 4135 θεν
330 4083 540 4138 ἐκεῖθεν
576 4086 658 4149 είς
688 4083 790 4157 τὴν
838 4085 1023 4158 χώραν
1073 4088 1242 4158 ἐγγὺς
1287 4090 1386 4162 τῆς
1429 4092 1662 4162 ἐρήμου,
1705 4097 1786 4158 εἰς

237 4177 450 4252 Ἐφρατμ
486 4179 787 4252 λεγομένην
828 4181 1001 4236 πόλιν.
1047 4202 1065 4234 ι
1112 4183 1224 4238 Καὶ
1262 4185 1324 4239 οὐ
1371 4186 1530 4257 μόνος
1560 4204 1622 4257 γε
1670 4190 1788 4243 ἐκεῖ

227 4266 564 4342 ἀπελήλυθεν,
597 4271 731 4324 ἀλλά
763 4272 1033 4344 μηδεμίαν
1055 4275 1310 4347 ἀφορμὴν
1341 4277 1519 4341 διδοὺς
1545 4281 1663 4344 τοῖς
1687 4279 1784 4351 ζη-

227 4357 385 4413 τοῦσιν
401 4361 588 4425 αὐτὸν,
624 4361 720 4415 καὶ
762 4363 888 4426 τοὺς
925 4363 1174 4435 μαθητὰς
1208 4365 1327 4436 μεθ’
1361 4368 1556 4422 ἑαυτοῦ
1592 4371 1783 4442 παρεί-

1897 3167 2028 3221 illud
2059 3169 2148 3223 ὀς
2185 3185 2208 3220 ι
2237 3167 2292 3223 Si
2334 3171 2609 3239 persecuti
2641 3185 2738 3225 vos
2775 3171 2976 3226 fuerint
3017 3173 3068 3225 in
3101 3187 3204 3226 una
3233 3172 3477 3240 civitate,

1893 3257 2062 3330 fugite
2097 3261 2166 3314 ad
2197 3260 2383 3325 aliam,
2399 3281 2428 3329 ,ι
2464 3271 2522 3318 et
2546 3277 2610 3317 ea
2643 3278 2766 3332 qua:
2797 3273 3128 3333 sequuntur;
3167 3263 3261 3318 sed
3306 3265 3474 3319 etiam

1895 3351 2018 3416 hoc,
2043 3353 2189 3421 quod
2219 3355 2438 3422 quando
2485 3369 2588 3408 una
2627 3355 3075 3410 consultaveruut
3103 3356 3390 3424 pontifices
3420 3367 3477 3410 et

1895 3441 2158 3498 Pharisaei
2199 3455 2258 3498 ut
2299 3442 2488 3498 Iesum
2522 3445 2896 3499 interficerent
2923 3483 2940 3509 ,
2992 3445 3044 3498 id
3089 3446 3232 3514 quod
3279 3445 3472 3501 rationi

1889 3543 2014 3604 erat
2047 3535 2283 3589 maxime
2312 3545 2741 3603 consentaneum
2774 3550 3001 3589 servans
3023 3575 3038 3600 ,
3073 3536 3338 3590 Servator
3363 3551 3471 3590 non

1891 3625 2130 3695 amplius
2157 3626 2460 3696 propalam
2491 3624 2814 3679 ambulabat
2872 3627 3016 3679 inter
3070 3623 3325 3690 Iudzeos;
3374 3628 3470 3681 sed

1893 3732 2070 3786 neque
2122 3719 2176 3772 in
2208 3719 2369 3772 aliam
2405 3717 2596 3772 urbem
2635 3719 2862 3772 secessit
2896 3718 3069 3772 turbis
3106 3717 3338 3788 plenam,
3376 3720 3472 3774 sed

1891 3807 1943 3861 in
1982 3809 2270 3878 quamdam
2332 3807 2520 3861 urbem
2575 3821 2824 3861 seorsum
2867 3809 3126 3878 positam.
3179 3808 3465 3878 Scriptura

1889 3913 1971 3957 est
2000 3902 2144 3956 enim
2180 3919 2194 3956 :
2231 3919 2250 3953 ι
2279 3901 2439 3956 Iesus
2482 3901 2647 3970 igitur
2676 3901 2788 3968 jam
2832 3918 2936 3955 non
2966 3903 3246 3970 propalam
3279 3905 3471 3958 ambu-

1891 3990 2035 4045 labat
2072 3991 2213 4044 inter
2257 3991 2502 4054 Iudaeos;
2547 3995 2641 4048 scd
2694 3995 2826 4050 abiit
2866 3997 3010 4052 illinc
3049 3999 3102 4052 in
3155 4001 3333 4055 locum
3372 4000 3468 4055 de-

1888 4091 2036 4137 serto
2082 4082 2424 4152 proximum;
2470 4099 2667 4155 nempe
2709 4085 2765 4139 in
2811 4087 3082 4144 civitatem
3124 4104 3246 4160 quae
3269 4092 3470 4147 dicitur

1887 4173 2170 4244 Ephraim.
2199 4191 2220 4226 ι
2255 4171 2366 4228 Nec
2393 4188 2527 4229 sane
2556 4174 2707 4230 solus
2743 4189 2808 4230 eo
2835 4177 3128 4242 concessit,
3159 4193 3348 4233 verum
3401 4196 3470 4238 ne

1886 4265 2048 4318 ullam
2086 4264 2432 4320 occasionem
2462 4279 2521 4319 se
2559 4268 2933 4336 quaerentibus
2956 4268 3132 4333 daret,
3168 4268 3468 4338 discipulos

1885 4357 2047 4411 etiam
2085 4371 2273 4411 secum
2303 4357 2598 4425 assumpsit
2625 4397 2645 4422 ,
2684 4374 2702 4408 ι
2735 4357 2958 4430 illicque
2987 4358 3309 4412 versabatur
3337 4374 3461 4414 cum

228 4444 364 4518 ληφε,
399 4471 417 4503 ι
449 4450 546 4506 καὶ
569 4454 686 4504 ἐκεῖ
721 4450 901 4521 ἔμεινε
934 4452 1072 4522 μετά
1101 4452 1210 4505 τῶν
1234 4454 1510 4526 μαθητῶν.
1552 4475 1572 4507 ι
1599 4457 1776 4510 Τοιοῦ-

1897 4449 2190 4520 discipulis.
2224 4467 2243 4500 ι
2275 4446 2405 4501 Tale
2439 4449 2698 4517 quiddam
2723 4459 2806 4504 est
2828 4449 2992 4503 etiam
3021 4447 3166 4518 quod
3195 4448 3247 4502 in
3287 4448 3464 4503 Evan~

232 4534 306 4588 τόν
333 4541 439 4594 ἐστι
477 4541 576 4594 καὶ
597 4541 660 4594 τὺ
685 4543 746 4595 ὲν
772 4539 852 4611 τῷ
875 4543 1017 4611 κατὰ
1056 4543 1334 4598 Ματθαῖον
1365 4547 1775 4620 γεγραμμένον*

231 4623 322 4691 ὅτε,
359 4650 376 4682 ι
403 4633 664 4698 ἀκούσας,
689 4633 772 4687 ὅτι
804 4634 1058 4704 Ἰωάννης
1097 4634 1386 4706 παρεδόθη,
1427 4637 1776 4710 ἀνεχώρησεν

232 4719 298 4782 εἰς
319 4722 408 4794 τὴν
435 4725 750 4790 Γαλιλαίαν,
780 4727 873 4779 καὶ
903 4725 1216 4780 καταλιπὼν
1242 4728 1345 4798 τὴν
1382 4728 1658 4801 Ναζαρὲθ,
1689 4729 1779 4784 ελ-

231 4806 321 4862 θὼν
351 4817 663 4888 κατῴκησεν
682 4819 763 4882 είς
777 4818 1158 4890 Καφαρναοὺμ
1184 4819 1282 4892 τήν
1307 4821 1777 4892 παραθαλασσίαν,

233 4900 280 4951 ἒν
303 4905 455 4974 ὁρίοις
477 4907 764 4962 Ζαϐουλὼν
807 4909 904 4962 καί
956 4909 1310 4982 Νεφθαλείμ·
1355 4931 1376 4963 ι
1424 4914 1521 4964 καὶ
1558 4913 1652 4966 ἐπὶ
1685 4912 1776 4968 τὸν

233 4995 394 5064 καιρδν
423 4999 478 5052 δὲ
504 5000 720 5070 φθάσας
745 5000 842 5054 τοῦ
867 4999 1257 5072 συλληφθῆναι,
1292 5003 1586 5074 ἐτήρησεν,
1635 5003 1776 5076 ὑπὲρ

234 5079 312 5168 ξτοῦ
336 5087 402 5157 μὴ
430 5095 554 5162 παρ’
579 5092 775 5146 ἑαυτὸν
813 5093 974 5146 τοῦτο
1005 5092 1218 5158 παθεῖν,
1264 5095 1401 5167 μήτε
1448 5098 1509 5150 ὲν
1551 5097 1778 5168 Ἱεροσο-

235 5165 397 5241 λύμοις
443 5183 753 5254 εὑρεθῆναι,
785 5185 923 5255 μήτε
953 5187 1014 5238 ὲν
1054 5185 1132 5257 τῷ
1157 5165 1478 5257 ἱερῷ,ἠένοα
1529 5165 1778 5242 ἐδίδασκε

237 5265 484 5338 πολλάκις,
534 5281 671 5349 μήτε
710 5277 772 5331 ὲν
808 5278 954 5351 ἄλλῳ
987 5280 1216 5352 τοιούτῳ
1256 5281 1410 5352 τόπῳ
1433 5297 1447 5312 ·
1487 5301 1506 5332 ι
1556 5280 1776 5353 Ἐξῆλθε

1887 4543 2029 4613 gelio
2066 4558 2096 4595 a
2137 4541 2392 4596 Matthaao
2434 4541 2632 4594 tradito
2687 4541 2951 4610 scriptum
3007 4549 3092 4594 est
3117 4541 3200 4606 ﬂ;
3243 4541 3464 4610 quando

1893 4652 1912 4685 ι
1937 4632 2164 4688 audiens
2187 4631 2450 4686 Joannem
2479 4631 2736 4684 traditum
2773 4645 2918 4694 esse,
2954 4631 3180 4686 secessit
3223 4633 3274 4685 in
3314 4631 3462 4686 Gali-

1887 4728 2087 4794 laeam,
2145 4725 2443 4794 relictaque
2505 4726 2797 4787 Nazareth.
2869 4725 3144 4795 profectus
3199 4726 3462 4782 habitavit

1887 4820 2268 4889 Capharnaum
2293 4818 2573 4873 civitatem
2614 4818 2968 4882 maritimam,
3023 4818 3076 4872 in
3122 4819 3320 4873 finibus
3352 4817 3461 4873 Zao

1885 4910 2048 4965 bulon
2072 4948 2088 4974 ,
2121 4918 2177 4964 et
2206 4907 2620 4978 Nephthalimp
2655 4920 2710 4965 et
2746 4925 2872 4964 cum
2922 4920 3132 4980 tempus
3183 4917 3462 4980 appeteret

1887 5011 1948 5056 ut
2010 5001 2592 5071 comprehenderetur,
2645 5002 2962 5055 observavit
3015 5019 3082 5056 ne
3133 5001 3277 5056 ultro
3329 5001 3460 5055 illud

1885 5103 2186 5164 pateretur,
2216 5107 2392 5162 neque
2423 5093 2479 5147 in
2511 5090 2903 5163 Hierosolymis
2922 5092 3274 5158 inveniretur,
3299 5091 3382 5147 vel
3408 5094 3460 5148 in

1888 5188 2113 5255 templo,
2152 5187 2242 5242 ubi
2279 5189 2591 5256 frequenter
2631 5187 2847 5248 docuit,
2900 5201 3076 5255 neque
3117 5187 3172 5241 in
3210 5185 3318 5240 ullo
3350 5183 3462 5240 alio

1884 5279 2051 5334 simili
2107 5281 2224 5338 loco
2258 5300 2272 5337 :
2304 5301 2322 5334 ι
2357 5280 2539 5335 Exivit
2613 5281 2757 5334 enim
2824 5294 2948 5333 cum
3009 5277 3292 5349 discipulis
3342 5276 3462 5333 suis

292 5404 332 5436 "
363 5407 514 5471 Ioan.
549 5432 645 5482 ut,
687 5419 775 5475 50.
847 5421 894 5452 ⁹⁰
929 5421 1119 5477 Matth.
1156 5423 1333 5508 ηπ).
1411 5424 1454 5456 ’ί
1500 5423 1691 5478 Matth.
1743 5439 1825 5490 tv,
1879 5423 1964 5490 Η,
2023 5424 2110 5478 I5.

300 5520 534 5610 Μή.
563 5537 718 5592 Deest
774 5539 826 5592 in
871 5537 1061 5595 codice
1093 5539 1282 5610 Regio,
1340 5539 1436 5596 scd
1479 5548 1662 5594 exstat
1719 5539 1772 5594 in

241 5581 520 5657 Bodleiano:

250 5724 281 5774 ε
304 5659 402 5733 (Μ)
546 5676 882 5754 κατέσχητο
909 5677 1031 5766 μὲν
1065 5679 1164 5760 af,
1190 5679 1348 5749 ὅμως
1371 5678 1441 5732 δὲ
1472 5681 1586 5734 οὐκ
1631 5678 1770 5765 ἐπέ-

277 5733 404 5782 alar
427 5756 574 5782 ηηη..
625 5747 825 5782 musa)”
864 5766 976 5782 σω,
1021 5766 1219 5782 .....,.,..
1274 5748 1480 5782 me...“
1532 5759 1617 5782 ηερ.
1689 5753 1770 5782 μη

343 5749 404 5786 εν
427 5747 574 5811 αὐτῷ
625 5747 825 5814 οὐδεὶς
864 5747 976 5818 τὴν
1017 5749 1185 5819 χεῖρα
1205 5747 1234 5780 ·’
1273 5748 1500 5819 διόπερ,
1532 5759 1641 5812 etc.
1689 5751 1782 5806 Sic

1885 5541 2029 5595 hunc
2069 5539 2245 5610 locum
2279 5540 2482 5610 optime
2510 5541 2752 5597 restituit
2807 5541 2976 5596 codex
3025 5539 3366 5595 Bodleiauus.
3399 5540 3457 5595 lu

1883 5609 2274 5685 codiceﬁegio
2319 5609 2528 5670 ’vitiose
2578 5612 2796 5684 legitur,
2851 5612 3158 5682 κατέσχητο
3211 5610 3311 5685 μὲν
3367 5611 3455 5676 ἂν,

1882 5681 2043 5744 ἡμεῖς
2078 5679 2290 5749 διόπερ.
