3866 6200
482 353 586 411 751
1965 358 2008 412 0

2150 355 2286 409 ΞΝιὸ
3594 367 3677 421 732

483 487 635 531 trans
663 486 958 534 torrentem
993 480 1231 545 Cedron,
1277 481 1366 537 ubi
1406 493 1528 538 erat
1563 482 1773 547 hortus,
1806 484 1858 538 in
1897 498 2010 554 qnct

2163 477 2271 549 γάρ
2304 477 2400 530 σὺν
2450 481 2563 540 τοῖς
2598 478 2865 550 μαθηταῖς
2897 477 3065 532 αὐτοῦ
3099 478 3272 551 πέραν
3303 479 3394 534 τοῦ
3432 485 3678 556 χειμάρρου

483 570 709 626 intravit
731 572 866 640 ipse,
895 582 951 626 et
971 573 1220 644 discipuli
1247 574 1363 644 ejus
1386 575 1484 630 ⁸⁸.»
1512 575 1604 630 Sic
1627 586 1809 632 autem
1832 593 2010 632 seccss

2161 573 2267 626 τῶν
2297 570 2540 642 Κέδρων,
2571 571 2704 624 ὄπου
2736 568 2804 642 ἦν
2843 571 3041 642 κῆπος,
3071 574 3150 635 είς
3175 572 3237 625 ὃν
3277 571 3513 642 είσῆλθεν
3538 576 3675 641 αὐτὸς,

481 676 579 730 per
611 662 662 716 id
691 663 971 732 temporis,
1009 673 1062 718 et
1107 665 1160 720 in
1199 668 1416 737 publico
1459 684 1568 724 non
1621 668 1957 733 ambulabat,
2000 687 2008 722 ι

2159 666 2253 719 καὶ
2305 665 2354 717 oi
2411 663 2650 734 μαθηταὶ
2703 663 2890 716 αὐτοῦ.
2925 681 2944 716 ι
2989 664 3147 717 Οὕτω
3196 664 3254 716 δὲ
3298 664 3548 737 ἀνεχώρει
3590 671 3676 722 κατ’

479 751 766 818 pontiﬁces
807 761 861 808 et
901 752 1163 812 Pharisari
1197 759 1440 815 volentes
1489 759 1640 814 illum
1693 764 2003 830 comprehet

2157 757 2336 809 έκεῖνο
2383 753 2600 825 καιροῦ,
2634 755 2728 807 καὶ
2755 754 2856 808 οὐκ
2887 753 3258 826 ἐδημοσίευεν,
3284 755 3361 820 ὼς
3378 756 3566 810 δεῖσθαι
3586 760 3677 824 τοὺς

479 843 629 906 dere,
646 855 872 912 egerent
901 843 1059 912 Juda,
1090 857 1374 919 propterea
1399 851 1543 920 quod
1569 851 1867 921 discipulus
1889 853 2006 921 ipsi:

2155 847 2432 918 ἀρχιερεῖς
2471 846 2564 898 καὶ
2607 847 2734 909 τοὺς
2767 846 3116 918 Φαρισαίους,
3169 846 3520 918 βουλομένους
3557 849 3676 904 αὑτὸν

473 947 603 988 cunt
637 946 802 1003 esset,
841 937 1010 1008 probe
1045 940 1218 995 sciret
1263 941 1378 996 loca
1411 957 1661 998 secessus
1694 944 1857 1000 illius.
1906 944 2000 1010 QIH

2157 937 2460 1002 συλλαϐεῖν,
2488 937 2582 990 τοῦ
2622 938 2813 1005 Ἰούδα,
2847 938 2937 992 διά
2985 939 3044 994 τὸ
3098 939 3536 1012 μεμαθητεῦσθαι
3568 945 3677 1014 αὐτῷ

476 1024 622 1078 circa
661 1035 788 1082 tunc
827 1048 845 1079 ‹
869 1027 1036 1084 ludas
1060 1046 1182 1086 cum
1206 1033 1513 1104 accepisset
1534 1033 1851 1100 cohortem,
1895 1047 1948 1089 et
1986 1051 2003 1089 ε

2156 1029 2658 1101 περιεργαζομένου
2692 1030 2787 1083 καὶ
2825 1032 2952 1094 τοὺς
2975 1031 3174 1095 τόπους
3203 1033 3304 1103 τῆς
3333 1033 3675 1107 ἀναχωρήσεως

476 1117 813 1187 principibus
867 1123 1236 1189 sacerdotum,
1292 1140 1354 1178 ac
1398 1126 1691 1182 Pharisaais
1751 1127 1999 1182 ministro

2153 1122 2315 1174 αὐτοῦ
2335 1139 2348 1150 ·
2378 1121 2458 1174 διὸ
2484 1122 2604 1175 τότε
2637 1140 2655 1172 ι
2685 1122 2714 1174 ὁ
2755 1121 2979 1186 Ἰούδας,
3015 1121 3194 1176 λαϐὼν
3217 1123 3317 1194 τὴν
3355 1127 3588 1195 σπεῖραν,
3611 1128 3673 1180 καὶ

481 1209 607 1265 illuc
635 1212 782 1266 venit
815 1227 936 1266 cum
981 1213 1227 1278 laternis,
1267 1224 1318 1270 cl
1351 1216 1558 1273 facibus
1579 1258 1595 1281 ,
1626 1227 1681 1272 et
1717 1218 1885 1272 armis
1921 1219 1988 1276 ”.

2153 1215 2218 1266 ὲκ
2248 1213 2356 1266 τῶν
2383 1211 2686 1284 ἀρχιερέων
2719 1217 2815 1266 καὶ
2844 1213 3151 1284 Φαρισαίων
3181 1213 3477 1284 ὑπηρέτας.
3508 1217 3675 1285 ἔρχεται

473 1301 744 1357 Cteterum
777 1303 882 1359 hoc
917 1304 1038 1360 loco
1060 1305 1339 1377 Evangelii
1370 1308 1680 1362 declaratur
1702 1310 1846 1379 quod
1878 1310 1995 1378 siqu

2153 1305 2271 1356 ἐκεῖ
2299 1305 2437 1374 μετά
2466 1305 2672 1374 φανῶν,
2705 1306 2796 1357 καὶ
2816 1304 3136 1375 λαμπάδων,
3170 1305 3264 1356 καὶ
3287 1305 3482 1359 ὃπλων.
3515 1326 3531 1357 ι
3559 1308 3675 1360 Κατὰ

471 1395 593 1448 dem
627 1395 892 1452 noluisset
915 1399 1057 1466 capi,
1097 1399 1514 1470 haudquaquam
1547 1403 1797 1457 detentus
1826 1402 1994 1457 fuisse

2150 1395 2340 1449 τοῦτον
2371 1397 2428 1449 δὲ
2456 1396 2548 1450 τὸν
2569 1397 2731 1450 τόπον
2761 1395 2854 1450 τοῦ
2881 1396 3213 1466 Εὐαγγελίου
3241 1397 3510 1468 δηλοῦται,
3535 1399 3620 1461 ὃτι,
3644 1403 3677 1452 εί

468 1486 725 1543 detentus
750 1499 928 1543 autem
955 1491 1074 1550 fuit,
1101 1507 1222 1545 cum
1247 1493 1502 1546 humilem
1537 1495 1995 1565 praebuitseipsun

2155 1487 2252 1556 μὲν
2283 1486 2536 1540 ἐϐούλετο
2571 1487 2646 1558 μὴ
2671 1487 2898 1550 ἁλῶναι,
2957 1489 3056 1541 οὐκ
3087 1488 3153 1541 ἂν
3203 1488 3533 1560 κατεσχέθη·
3575 1507 3677 1544 κατ-

468 1590 528 1633 et
565 1579 740 1634 factus
763 1580 1022 1636 obediens
1042 1581 1206 1652 399
1232 1584 1600 1639 detinentibus
1635 1585 1719 1639 vel
1761 1602 1932 1656 usque
1980 1604 1995 1642 ι

2152 1577 2345 1648 εσχέθη
2380 1577 2438 1630 δὲ
2470 1577 2740 1632 ταπεινῶν
2763 1578 2873 1648 (62)
2899 1577 3111 1641 ἑαυτὸν,
3161 1578 3258 1631 καὶ
3305 1578 3573 1648 γινόμενος
3602 1580 3679 1631 ὑπ-

467 1685 684 1725 crncem
709 1670 776 1723 “.
803 1670 1031 1736 Quando
1061 1672 1229 1739 igitur
1256 1673 1444 1738 exivit,
1469 1683 1523 1728 et
1551 1673 1685 1730 dicit
1729 1677 1814 1730 his
1842 1677 1932 1746 qui
1979 1695 1994 1730 ε

2152 1667 2312 1738 ήκοος
2336 1672 2450 1734 τοῖς
2473 1669 2782 1740 κατέχουσι,
2814 1669 2909 1722 καὶ
2940 1668 3100 1741 μέχρι
3129 1669 3224 1722 τοῦ
3252 1670 3502 1744 σταυροῦ.
3537 1671 3679 1724 ’οπότ’

469 1759 686 1814 hortum
711 1769 973 1814 venerant
1008 1779 1022 1816 :
1061 1781 1080 1814 ‹
1110 1763 1278 1829 Quem
1315 1763 1598 1834 queritis?
1620 1787 1638 1814 ι
1669 1775 1726 1820 et
1751 1769 1996 1837 respondi

2148 1755 2240 1814 οὖν
2272 1759 2486 1832 ἐξῆλθε,
2510 1763 2606 1816 καὶ
2626 1761 2773 1830 λέγει
2809 1763 2921 1824 τοῖς
2966 1760 3212 1814 ἐλθοῦσιν
3244 1763 3328 1826 είς
3375 1762 3464 1815 τὸν
3498 1761 3643 1832 κῆπον
3663 1778 3675 1792 ·

465 1859 593 1905 runt
615 1849 716 1920 ipsi
739 1850 972 1906 :cJesum
998 1827 1149 1908 illum
1173 1827 1566 1922 Nazarenump
1593 1869 1715 1912 cum
1742 1827 1856 1912 illis
1873 1858 1992 1912 dixi:

2150 1873 2168 1905 ι
2208 1827 2621 1925 Τίνανζητεῖτες
2663 1827 3088 1926 »ἀπεκρίθησαν
3122 1855 3290 1926 αὐτῷ·
3327 1873 3346 1906 t
3396 1827 3580 1926 Ἰησοῦν
3605 1854 3677 1906 τὸν

461 1951 545 1994 set
576 1956 591 1994 :
626 1942 772 2014 «Ego
803 1958 942 2006 sum,
972 1963 991 1997 ι
1030 1946 1235 2002 virtute
1270 1961 1365 2002 sua
1402 1947 1584 2002 divina
1619 1951 1843 2006 «abiere
1871 1961 1988 2006 retrl

2143 1945 2486 2017 Ναζωραῖον·
2525 1965 2544 1998 ι
2570 1947 2662 2000 καὶ
2687 1947 2716 2000 ό
2747 1938 2848 2017 μὲν
2873 1942 3026 1999 εἶπεν
3059 1947 3262 2009 αὐτοῖς,
3299 1965 3317 1998 ι
3370 1944 3506 2014 Ἐγώ
3523 1949 3634 2016 ειμι,
3655 1965 3670 1995 ι

461 2029 720 2100 humique
765 2035 1081 2090 ceciderunt
1133 2036 1200 2092 ’⁵.
1234 2055 1253 2090 ι
1321 2037 1524 2094 Deinde
1566 2049 1687 2110 post
1752 2043 1854 2097 hoc
1915 2059 1980 2098 cu

2150 2039 2235 2090 καὶ
2263 2037 2371 2091 ἀπὸ
2401 2038 2504 2108 τῆς
2536 2038 2688 2102 θείας
2738 2038 2903 2092 αὑτοῦ
2945 2038 3061 2113 (65)
3093 2039 3381 2110 δυνάμεως
3418 2059 3436 2090 ι
3475 2039 3677 2108 ἀπῆλθον

458 2121 726 2177 voluisset
774 2124 1017 2194 recipere
1056 2127 1549 2197 dispensationem,
1609 2141 1772 2202 atque
1817 2149 1985 2189 mcom

2152 2130 2220 2192 εἰς
2244 2128 2312 2182 τά
2340 2129 2537 2193 ὀπίσω,
2571 2131 2663 2184 καὶ
2691 2129 2885 2184 ἔπεσον
2919 2131 3112 2201 χαμαί.
3150 2149 3169 2182 ι
3198 2126 3336 2184 Εἶτα
3371 2129 3504 2200 μετά
3531 2130 3679 2192 τοῦτο,

459 2213 624 2267 mium
672 2228 772 2284 per
802 2217 1144 2286 passionem,
1197 2237 1217 2271 ι
1245 2236 1460 2276 rursum
1508 2223 1861 2297 interrogavit
1891 2243 1986 2283 eos

2150 2219 2307 2293 Ξτιῌ.
2331 2221 2444 2294 ὅτε]
2466 2221 2731 2294 ἐϐουλήθη
2753 2222 3114 2289 ἀναδέξασθαι
3140 2223 3239 2294 τὴν
3261 2225 3320 2277 ὲν
3346 2223 3421 2294 τῷ
3447 2222 3593 2278 πάθει
3613 2224 3677 2275 ol-

455 2303 628 2371 Qnem
675 2307 962 2375 quaeritis?
1004 2321 1061 2364 at
1107 2310 1184 2365 illi
1235 2313 1489 2368 dixerunt
1522 2333 1534 2370 :
1567 2313 1750 2372 Iesum
1801 2318 1982 2374 Nazart

2152 2312 2415 2384 τονομίαν,
2449 2332 2468 2364 ι
2499 2313 2660 2368 πάλιν
2681 2313 2964 2386 ἠρώτησεν
2987 2314 3201 2377 αὐτούς·
3230 2315 3366 2368 Τίνα
3395 2313 3614 2387 ζητεῖτες
3637 2315 3679 2368 οι

456 2413 612 2452 ttum.
642 2415 662 2449 ι
704 2397 768 2452 Et
801 2409 920 2469 post
947 2415 1116 2470 pauca
1147 2405 1216 2468 ",
1251 2423 1269 2456 ι
1296 2405 1517 2473 cohors,
1541 2416 1596 2463 ct
1625 2409 1874 2467 tribunus
1901 2413 1983 2466 mil

2148 2403 2192 2456 δὲ
2221 2399 2394 2468 εἷπον,
2439 2403 2646 2476 Ἰησοῦν
2679 2405 2768 2458 τὸν
2800 2402 3118 2475 Ναζωραῖον
3137 2421 3151 2435 ·
3194 2423 3212 2456 ι
3243 2406 3342 2458 καὶ
3378 2407 3488 2476 μετ’
3517 2405 3675 2474 ὀλίγα·

455 2498 594 2552 tum,
639 2498 694 2544 et
744 2492 982 2547 ministri
1023 2492 1335 2561 Judaeorum
1375 2499 1901 2568 comprehenderunt
1939 2503 1982 2558 ,ιε

2153 2510 2158 2543 ι
2196 2493 2262 2545 Ἠ
2288 2495 2509 2564 σπεῖρα,
2555 2494 2650 2548 καὶ
2681 2496 2710 2547 ὀ
2737 2493 3033 2566 χιλίαρχος,
3068 2495 3162 2548 καὶ
3204 2497 3252 2548 0i
3293 2494 3552 2566 ὑπηρέται
3589 2493 3680 2546 τῶν

452 2594 572 2632 sum
601 2597 620 2632 ι
664 2579 955 2650 volentem,
992 2602 1012 2634 ι
1047 2597 1096 2639 et
1117 2583 1421 2654 ligaverunt
1451 2588 1658 2656 ipsum:
1700 2605 1760 2646 se
1783 2593 1979 2661 praebet

2152 2584 2416 2639 Ἰουδαίων
2461 2584 2754 2640 συνέλαϐον
2807 2587 2896 2640 τὸν
2954 2587 3162 2656 Ἰησοῦν
3215 2607 3234 2639 ι
3287 2588 3496 2650 ἑκόντα,
3541 2605 3556 2638 ι
3600 2585 3679 2640 καὶ

453 2677 560 2722 tem
605 2668 857 2726 vinculis.
904 2672 1038 2726 Nam
1080 2673 1126 2728 si
1181 2675 1293 2744 pati
1329 2676 1615 2743 noluisset,
1651 2695 1776 2734 num
1815 2697 1971 2738 rursu

2150 2673 2329 2745 ίδησαν
2361 2673 2545 2737 αὑτὸν.
2592 2695 2611 2726 ι
2655 2676 2964 2746 παρέχοντα
2991 2676 3181 2730 ἑαυτὸν
3215 2677 3329 2738 τοῖς
3369 2675 3602 2746 δεσμοῖς·
3637 2675 3677 2726 εἰ

451 2759 696 2824 dixisset,
732 2779 750 2812 ι
791 2762 904 2832 Ego
946 2779 1088 2829 sum,
1144 2785 1163 2818 ι
1203 2775 1258 2821 et
1319 2769 1585 2826 abiissent
1651 2771 1736 2837 hi,
1777 2781 1852 2828 tot
1900 2789 1978 2844 qui

2152 2765 2239 2837 γὰρ
2275 2765 2350 2838 μὴ
2401 2765 2651 2820 ἐϐούλετο
2692 2766 2905 2832 παθεῖν,
2940 2763 3092 2820 εἶπεν
3145 2766 3212 2820 ἂν
3265 2766 3460 2828 πάλιν,
3501 2784 3519 2815 ι
3557 2763 3679 2828 Ἐγώ

448 2863 652 2917 essent,
713 2863 883 2919 retro,
939 2871 1234 2930 omnesque
1281 2861 1426 2916 humi
1460 2865 1715 2930 prOStrati
1762 2865 1967 2922 fuissen

2152 2859 2277 2929 ιίμι;
2316 2877 2334 2910 ι
2363 2859 2458 2912 καὶ
2479 2859 2721 2930 ἀπῆλθον
2752 2859 2818 2914 ἂν
2840 2860 2889 2914 οἱ
2917 2858 3160 2912 τοσοῦτοι
3189 2861 3269 2923 εἰς
3291 2858 3362 2912 τὰ
3381 2857 3572 2922 ὀπίσω;
3599 2856 3679 2910 καὶ

451 2941 522 2999 Ut
549 2952 729 2998 autem
777 2947 972 3003 talibus
1007 2953 1171 3006 rebus
1201 2954 1357 3009 docet
1399 2971 1498 3010 nus
1529 2959 1785 3014 secedere
1816 2959 1868 3014 in
1899 2975 1978 3030 pel

2155 2951 2332 3014 ιάντες
2359 2950 2552 3004 ἔπεσον
2583 2949 2648 3007 ἂν
2680 2951 2852 3022 χαμαί
2871 2967 2886 3017 ;
2907 2953 3115 3022 Ὥσπερ
3135 2950 3192 3004 δὲ
3209 2949 3300 3003 διά
3325 2948 3431 3004 τῶν
3451 2949 3682 3002 τοιούτων

443 3033 817 3091 sccutionibus
889 3047 943 3092 et
997 3040 1050 3094 in
1109 3041 1320 3099 insidiis
1385 3061 1511 3116 qua:
1558 3049 1848 3105 adversum
1921 3065 1970 3104 nt

2154 3041 2373 3096 ῐιδάσκει
2406 3045 2553 3114 ἡμᾶς
2578 3044 2636 3096 ὲν
2657 3043 2937 3113 διωγμοῖς,
2976 3041 3071 3095 καὶ
3100 3044 3218 3105 ταῖς
3245 3039 3369 3094 καθ’
3409 3040 3551 3112 ἡμῶν
3571 3041 3681 3094 ἑπι-

449 3133 772 3191 struuntur;
813 3127 894 3181 sic
943 3128 1108 3184 etiam
1153 3131 1283 3188 alibi
1329 3137 1568 3204 reperias
1615 3154 1736 3193 eum
1772 3142 1976 3196 secedet

449 3217 511 3239 ..1-
553 3216 634 3239 LE-
669 3231 781 3239 ---μ
813 3219 944 3239 μμ---
983 3236 1102 3239 μμμ-
1133 3222 1206 3239 1,,
1279 3225 1291 3239 ι
1371 3224 1405 3239 ο-
1528 3237 1534 3239 .
1696 3229 1710 3239 ι
1914 3233 1926 3239 -

2154 3133 2352 3198 ἱουλαῖς
2380 3136 2705 3207 ἀναχωρεῖν,
2757 3133 2929 3198 οὕτως
2956 3136 3013 3188 ὲν
3047 3132 3226 3198 ἀλλοις
3270 3132 3450 3206 εὕροις
3494 3133 3554 3187 ἂν
3598 3133 3681 3186 καὶ

444 3217 516 3270 ab
552 3216 635 3272 his
665 3231 784 3288 quae
809 3219 950 3274 bona
982 3222 1217 3278 mundus
1260 3224 1433 3291 ducit,
1480 3237 1538 3280 ut
1571 3243 1668 3298 per
1696 3229 1812 3285 hac
1855 3233 1971 3286 etia,

2151 3225 2238 3279 ιπδ
2256 3225 2365 3279 τῶν
2387 3226 2758 3298 νομιζομένων
2783 3221 2926 3280 εἶναι
2959 3228 3017 3279 ὲν
3044 3227 3236 3297 κόσμῳ
3267 3225 3446 3279 καλῶν
3485 3225 3678 3295 ἀναχω-

445 3308 640 3364 doceat
663 3325 761 3366 nos
789 3313 974 3366 mundi
1006 3311 1300 3383 dignitates
1325 3315 1511 3387 fugere
1543 3320 1972 3394 excellentiasqt

2150 3318 2342 3380 ιοῦντα,
2383 3318 2468 3372 ἵνα
2496 3318 2590 3372 καὶ
2611 3318 2700 3372 διὰ
2725 3317 2929 3372 τούτων
2954 3315 3140 3390 διδάξῃ
3179 3315 3400 3387 φεύγειν
3429 3317 3496 3371 τά
3518 3319 3570 3370 ὲν
3596 3314 3677 3368 κό-

443 3399 498 3454 ἰη
549 3400 668 3470 ipso
714 3403 1064 3461 exsistentes.
1104 3404 1310 3463 «Jesus
1350 3410 1493 3464 enim
1550 3427 1674 3466 cum
1731 3414 1970 3485 aliquant

2150 3423 2250 3478 ῖμῳ
2269 3405 2554 3478 ἀξιώματα
2574 3407 2668 3461 καὶ
2699 3406 2800 3472 τὰς
2827 3409 2886 3462 ὲν
2915 3407 3064 3479 αὐτῷ
3093 3407 3388 3479 ὑπεροχάς.
3429 3425 3449 3459 ι
3495 3403 3677 3475 Ἰησοῦς

441 3492 790 3562 cognovisset
814 3493 1060 3549 futurum
1101 3506 1160 3552 ut
1189 3500 1468 3567 venirent,
1493 3511 1548 3556 et
1583 3514 1838 3574 raperent
1871 3522 1968 3561 eun

2149 3498 2232 3569 ’ἀρ
2258 3514 2392 3552 ποτε
2417 3499 2598 3566 γνοὺς,
2629 3500 2711 3552 ὅτι
2761 3498 3044 3570 μέλλουσιν
3085 3497 3368 3570 ἔρχεσθαι,
3398 3497 3493 3551 καὶ
3516 3497 3676 3569 ἀρπά-

440 3595 498 3636 ut
521 3583 671 3638 illum
705 3601 886 3652 regem
914 3586 1179 3658 facerent,
1207 3595 1435 3650 secessit
1462 3595 1514 3650 in
1547 3607 1784 3654 montem
1806 3638 1822 3664 ,
1854 3617 1873 3651 ι
1925 3615 1967 3654 St

2151 3590 2234 3642 ἐιν
2266 3588 2448 3652 αὑτὸν,
2493 3589 2580 3642 ἵνα
2628 3590 2898 3660 ποιήσωσι
2927 3589 3174 3660 βασιλέα,
3227 3587 3568 3661 ἀνεχώρησεν
3609 3588 3678 3650 εἰς

441 3689 546 3728 non
573 3690 696 3730 cum
723 3675 1021 3748 discipulis,
1053 3681 1149 3736 sed
1185 3701 1206 3736 ι
1233 3684 1384 3740 solus
1407 3686 1476 3752 ⁸⁷,
1519 3705 1539 3739 ι
1564 3703 1632 3744 ne
1656 3689 1739 3743 his
1765 3692 1968 3745 occasit

2144 3681 2180 3734 τὸ
2202 3679 2347 3752 ὅρος,
2381 3699 2399 3732 ι
2429 3680 2545 3733 ἀλλ’
2566 3680 2628 3733 οὐ
2669 3681 2806 3752 μετά
2833 3680 2939 3734 τῶν
2965 3679 3246 3751 μαθητῶν,
3272 3679 3408 3733 ἀλλά
3429 3698 3448 3731 ι
3479 3679 3671 3750 μόνος,ι

439 3781 565 3820 nem
595 3768 812 3836 quidem
838 3771 1108 3840 praebens,
1154 3782 1408 3846 tanquam
1463 3778 1635 3848 ipsum
1687 3784 1963 3838 antantibu

2150 3776 2198 3848 ιὴ
2231 3775 2485 3847 παρέχων
2516 3776 2650 3847 μηδὲ
2677 3775 2887 3840 τούτοις
2915 3774 3189 3847 ἀφορμὴν,
3223 3775 3301 3839 ὡς
3338 3773 3577 3840 φιλοῦσιν
3602 3772 3677 3826 αὑ·

435 3865 490 3908 et
519 3856 612 3926 qui
641 3857 937 3915 voluissent
966 3879 1087 3918 cum
1115 3867 1330 3921 caeteris
1365 3868 1538 3931 ipsum
1571 3868 1753 3925 facere
1807 3887 1962 3944 regen

2144 3865 2230 3930 τὸν,
2253 3867 2347 3919 καὶ
2379 3864 2720 3937 βουληθεῖσιν
2744 3864 2810 3919 ἂν
2837 3865 2977 3936 μετά
3016 3864 3125 3918 τῶν
3171 3863 3436 3918 θελόντων
3468 3863 3671 3936 ποιῆσαι

431 3943 546 4014 jam
574 3949 844 4003 mundane
873 3951 1114 4018 ipsorum
1136 3957 1302 4012 etiam
1338 3974 1432 4012 rex
1459 3969 1625 4014 esset.
1878 3943 1887 3944 ί

2144 3957 2279 4010 ιῦτὸν
2309 3957 2554 4027 βασιλέα,
2581 3958 2650 4011 ἵν’
2677 3957 2778 4030 ήδη
2803 3957 3028 4028 γένηται
3068 3957 3163 4011 καὶ
3195 3955 3477 4028 κοσμικῶς
3513 3954 3671 4010 αὐτῶν

2151 4043 2389 4097 ασιλεύς.

505 4125 593 4180 19.
642 4124 770 4182 "me
817 4129 1031 4198 quidem
1074 4133 1128 4187 in
1192 4145 1423 4203 textum,
1473 4150 1529 4196 et
1587 4143 1639 4196 in
1685 4144 2010 4212 doctrinam,

2141 4044 2185 4094 ια
2228 4061 2243 4095 ι
2278 4043 2389 4097 ε’*.

2189 4043 2275 4189 :9):
2307 4063 2490 4188 Γῑῗίιῦτα
2512 4135 2608 4207 μὲν
2635 4137 2714 4200 εἰς
2738 4136 2798 4189 τὸ
2820 4135 3001 4209 ῥητὸν,
3025 4135 3117 4191 καὶ
3140 4136 3240 4208 τὴν
3260 4136 3369 4190 ἀπὸ
3393 4136 3486 4190 τοῦ
3515 4136 3668 4203 Εὐαγ-

431 4233 555 4289 qute
591 4229 674 4274 cst
698 4235 764 4275 ex
795 4224 1107 4294 evangelica
1141 4225 1346 4294 littera,
1390 4230 1457 4285 de
1497 4247 1739 4290 secessu.
1778 4238 1848 4293 At
1881 4255 1958 4294 vel

2139 4223 2327 4279 ἐλικοῦ
2359 4229 2684 4299 γράμματος
2718 4230 2846 4300 περὶ
2891 4229 3288 4301 ἀναχωρήσεως
3318 4227 3666 4284 διδασκαλίαν.

431 4307 486 4363 in
522 4324 800 4382 anagogen
836 4313 963 4368 talia
1006 4316 1267 4374 dicuntur
1296 4339 1309 4374 :
1334 4320 1518 4379 Jesum
1559 4327 1690 4383 olim
1727 4333 1958 4402 propala‘

2150 4320 2204 4381 .i;
2225 4318 2282 4372 δὲ
2311 4319 2408 4392 τὴν
2437 4321 2727 4394 ἀναγωγὴν
2749 4321 2964 4393 λεχθείη
2994 4322 3060 4376 ἂν
3087 4323 3330 4377 τοιαῦτα·
3362 4324 3446 4377 ὅτι
3484 4319 3677 4393 Ἰησοῦς

430 4401 576 4457 inter
615 4400 829 4459 Iudaeos
877 4407 1276 4480 obambulasse,
1318 4418 1537 4486 quando
1570 4433 1752 4476 sermo
1783 4400 1875 4480 Dei
1913 4442 1957 4496 pl

2138 4413 2278 4468 τάλαι
2313 4414 2410 4485 μὲν
2443 4415 2724 4488 παρρησίᾳ
2761 4419 2875 4482 τοῖς
2913 4417 3185 4482 Ἰουδαίοις
3223 4419 3561 4489 περιεπάτει,
3590 4418 3665 4470 ὅτε

428 4495 723 4562 prophetas
778 4497 925 4552 inter
986 4514 1082 4556 eos
1137 4506 1656 4568 versabatnrzlesu
1704 4515 1853 4570 enim
1887 4533 1955 4574 cr:

2136 4531 2139 4549 ι
2183 4505 2338 4574 λόγος
2361 4505 2456 4558 τοῦ
2487 4507 2620 4560 Θεοῦ
2654 4507 2743 4561 διὰ
2777 4510 3071 4580 προφητῶν
3098 4509 3281 4572 αὐτοῖς
3317 4508 3663 4564 ὲνεπολιτεύε-

427 4585 704 4656 prOpalam
738 4604 844 4644 vox
875 4588 964 4645 illa
993 4609 1009 4646 :
1049 4609 1068 4644 ι
1095 4593 1220 4650 llaec
1246 4597 1376 4653 dicit
1398 4599 1710 4670 Dominus»
1735 4607 1828 4661 sed
1857 4623 1954 4663 nnr

2135 4611 2194 4648 ο·
2247 4595 2424 4666 Ἰησοῦ
2450 4597 2559 4670 γὰρ
2591 4595 2659 4670 ἦν
2698 4601 3003 4672 παρρησία,
3031 4602 3097 4672 ἡ·
3134 4619 3152 4653 ι
3188 4601 3326 4656 Τάδε
3371 4601 3518 4671 λέγει
3564 4600 3661 4654 Κύ-

425 4691 533 4730 non
565 4680 798 4747 amplius
826 4679 984 4739 Jesus
1009 4685 1150 4741 inter
1174 4686 1392 4746 Judzeos
1416 4693 1694 4765 propalam
1733 4699 1948 4756 obatnbt

2132 4703 2250 4751 νιος·
2293 4707 2312 4742 ι
2350 4688 2484 4742 ἀλλά
2517 4689 2613 4743 νῦν
2649 4692 2832 4745 οὐκέτι
2861 4694 3144 4765 παρρησίᾳ
3180 4696 3238 4746 ὲν
3268 4697 3381 4758 τοῖς
3415 4693 3659 4754 Ἰουδαίοις

422 4764 520 4830 lat,
551 4769 645 4822 sed
677 4769 802 4824 inde
835 4771 988 4837 abiit,
1019 4791 1120 4830 nec
1144 4787 1228 4832 est
1251 4777 1345 4835 Dei
1379 4764 1561 4839 sermo
1588 4784 1730 4840 inter
1757 4786 1949 4844 Judteo:

2129 4779 2319 4849 ιησοῦς
2357 4785 2668 4853 περιπατεῖ,
2704 4783 2841 4836 ἀλλά
2889 4764 3131 4855 ἀπῆλθεν
3169 4785 3399 4850 ἐκεῖθεν,
3459 4785 3548 4840 καὶ
3576 4783 3656 4836 οὐκ

423 4857 662 4928 indeque
697 4862 998 4933 digressus,
1031 4883 1274 4939 nempea
1298 4871 1520 4938 Judteis,
1558 4877 1706 4932 venit
1738 4879 1790 4932 in
1820 4879 1950 4935 loctn

2130 4889 2211 4926 στι
2237 4873 2370 4926 Θεοῦ
2414 4875 2568 4944 λόγος
2598 4877 2657 4928 ὲν
2701 4876 2990 4942 Ἰουδαίοις·
3027 4878 3122 4932 καὶ
3157 4877 3405 4932 ἀπελθὼν
3452 4874 3657 4934 ἐκεῖθεν.

420 4947 639 5004 deserto
687 4951 948 5018 vicinum,
1007 4956 1074 5010 de
1114 4972 1222 5026 quo
1271 4960 1469 5015 dicitur
1512 4962 1558 4995 ⁸⁸
1593 4981 1608 5015 :
1646 4964 1836 5019 «Multi
1899 4968 1947 5019 lil

2133 4963 2243 5033 έγω
2266 4965 2322 5019 δὲ
2351 4967 2458 5020 ἀπὸ
2483 4967 2594 5021 τῶν
2633 4969 2923 5035 Ἰουδαίων,
2966 4971 3047 5034 είς
3079 4969 3178 5040 τὴν
3208 4969 3376 5038 ἐγγὺς
3415 4969 3517 5039 τῆς
3546 4965 3660 5036 ὲρή⁶

419 5037 673 5106 desertae,
703 5042 872 5113 magis
893 5058 1053 5112 quam
1079 5046 1196 5114 ejus
1223 5062 1340 5118 quae
1379 5050 1553 5104 virum
1583 5051 1808 5118 habent
1851 5065 1906 5108 et
1929 5074 1946 5108 ι]

2126 5072 2203 5108 ιου
2227 5053 2359 5128 ἦλθε
2389 5058 2592 5132 χώραν,
2625 5061 2752 5131 περὶ
2777 5057 2846 5133 ἦς
2873 5061 3090 5129 λέγεται
3108 5037 3169 5114 ’ἰ
3208 5037 3386 5115 Πολλά
3414 5037 3485 5114 τά
3511 5058 3653 5112 τέκνα

418 5139 582 5200 quam
614 5131 814 5188 dicitur
842 5151 856 5188 :
889 5151 908 5185 ι
938 5133 1166 5200 Lmtare,
1209 5140 1408 5196 sterilis
1429 5178 1447 5205 ,
1503 5157 1624 5210 quae
1654 5159 1758 5198 non
1805 5147 1945 5214 paris

2122 5145 2195 5215 "71¢
2218 5147 2446 5219 ἐρήμου,
2485 5149 2683 5220 μᾶλλον
2707 5152 2740 5223 ἢ
2774 5131 2875 5222 τῆς
2896 5151 3127 5224 ἐχούσης
3153 5152 3245 5205 τὸν
3278 5151 3448 5222 ἄνδρα
3469 5167 3482 5180 ·
3519 5167 3536 5199 ι
3569 5146 3649 5201 καὶ

417 5234 660 5292 erumpe,
691 5233 744 5279 et
763 5225 957 5293 clama,
993 5243 1112 5298 qua:
1133 5243 1239 5284 non
1278 5232 1516 5300 parturis
1543 5233 1607 5286 ”.
1651 5252 1669 5286 ι
1701 5235 1944 5292 Εειουιει

2119 5237 2234 5309 πρὸς
2262 5239 2329 5310 ἢν
2359 5241 2602 5314 εῐρηται·
2640 5264 2657 5296 ι
2698 5244 3048 5317 Εὐφράνθητι
3081 5246 3273 5317 στείρα
3297 5247 3331 5316 ἠ
3361 5246 3421 5298 οὐ
3453 5244 3646 5297 τίκτουο

416 5313 634 5370 deserto
695 5317 872 5372 vicina
925 5319 1116 5376 civitas
1193 5321 1465 5394 Ephraim,
1508 5324 1576 5378 ad
1632 5339 1796 5396 quant
1849 5345 1943 5384 ven

2117 5347 2198 5383 πα·
2223 5333 2404 5404 ῥῆξον,
2429 5337 2524 5389 καὶ
2558 5336 2751 5410 βόησον
2777 5313 2940 5411 ηνοὺκ
2970 5313 3254 5393 ὧδίνουσα.
3292 5313 3331 5390 ι⁷
3349 5338 3498 5392 Ἔστι
3524 5335 3578 5388 δὲ
3619 5329 3644 5397 ii

415 5478 928 5577 “znjffmznxml.
979 5486 1030 5577 ξε
1066 5487 1306 5577 “’S'jbid.
1339 5491 1393 5547 5.
1467 5493 1515 5526 ’⁸
1540 5490 1738 5564 Philip.
1767 5511 1830 5565 tt,
1858 5496 1912 5554 8.
1988 5498 2034 5531 "
2076 5497 2232 5556 Joan.
2267 5517 2423 5568 ιιι-ιιι,
2448 5503 2674 5574 iseqq.
2749 5503 2798 5534 "
2839 5503 2969 5558 ibid.
3023 5502 3109 5556 i2.
3186 5503 3230 5534 ³⁷
3287 5499 3436 5555 Joan.
3467 5511 3542 5561 vt,
3569 5491 3644 5549 l5.

489 5546 666 5603 Galat.
703 5568 780 5618 tv,
820 5546 925 5609 27.
985 5557 1030 5590 "
1063 5557 1194 5615 ibid.

488 5667 601 5741 (ϐξ)
635 5669 812 5724 Codex
841 5672 1184 5738 Bodleianus,
1213 5675 1572 5741 ταπεινώσας.

489 5739 600 5800 (63)
632 5741 742 5795 Kal
773 5741 892 5797 ἀπὸ
923 5741 1033 5802 uir
1064 5745 1226 5805 θείας
1252 5749 1456 5802 αὐτοῦ.
1525 5739 1648 5803 llaec
1684 5749 1876 5806 desunt
1905 5750 1956 5806 in
1987 5767 2016 5808 e

1950 5769 1956 5806 l
1987 5749 2228 5808 editione
2269 5746 2473 5813 lluetii,
2500 5750 2592 5805 sed
2628 5759 2847 5805 exstant
2871 5749 2923 5804 in
2955 5749 3142 5804 codice
3174 5747 3477 5805 Bodleiano.
