3924 6196
197 359 359 418 753

1246 358 1608 416 COMMENT.
1653 358 1718 413 IN
1758 358 1953 416 JOAN.
1991 358 2231 415 TOMUS
2265 357 2504 416 XXVIII.

3399 360 3510 418 754

189 473 425 543 ἔγγὺς
450 474 550 546 τῆς
591 475 799 547 ἐρήμου
849 474 999 540 πόλις
1036 473 1291 547 Ἐφραίμ,
1317 477 1396 540 είς
1434 476 1500 547 ῆν
1533 473 1694 548 ἦλθεν
1735 477 1808 546 Ἰη

1939 474 2116 542 .lesus,
2179 491 2286 528 non
2348 475 2582 543 amplius
2636 471 2914 544 prOpalam
2973 471 3316 527 obambulans
3364 471 3508 528 inter

199 566 405 630 σοῦς,
440 566 628 620 οὐκέτι
659 568 940 639 παρρησίᾳ
958 568 1276 640 περιπατῶν
1300 570 1358 622 ἐν
1383 572 1496 632 τοῖς
1537 568 1831 632 Ἰουδαίοις.

217 656 663 729 Ἐρμηνεύεται
697 657 753 710 δέ
787 658 1028 731 Ἐφραῒμ
1058 659 1576 730 (64)καρποςρορία,
1607 659 1832 728 ἀδελφὸς

197 745 320 801 ὢν
360 748 626 819 Μανασσῆ
658 748 1030 822 πρεσϐυτέρου
1070 749 1162 804 τοῦ
1194 751 1302 804 ἀπὸ
1328 751 1500 822 λήθης
1521 750 1652 804 λαοῦ
1685 750 1828 819 (65)·

205 837 394 906 μετὰ
417 837 526 910 γὰρ
546 837 637 891 τὸν
667 838 774 892 άπὸ
799 837 969 909 λήθης
983 839 1110 892 λαὸν
1133 839 1580 909 καταλειφθέντα,
1603 839 1834 910 γεγένη-

201 943 337 982 ται
374 931 408 1000 ή
447 929 506 996 ἐξ
550 929 719 983 ἐθνῶν
771 931 1135 1002 καρποφορία,
1182 933 1270 986 ὅτε
1305 951 1326 984 «
1357 935 1638 1004 ποταμοὺς
1673 953 1692 985 ι
1733 932 1832 1004 μὲν

201 1023 376 1086 τοὺς
423 1025 480 1076 ἐν
513 1021 590 1093 τῷ
641 1023 857 1094 Ἰσραὴλ
890 1042 908 1074 ι
952 1023 1104 1077 ἔθετο
1139 1043 1157 1076 ι
1185 1027 1214 1078 6
1258 1024 1394 1088 Θεὸς
1425 1046 1443 1076 «
1483 1027 1564 1090 εἰς
1605 1026 1828 1097 ἔρημον,

205 1111 342 1163 καὶ
389 1110 658 1175 διεξόδους
717 1111 829 1166 τῶν
865 1131 883 1163 ι
918 1115 1035 1167 ἐκεῖ
1084 1132 1103 1165 «
1149 1114 1357 1168 ὑδάτων
1401 1117 1480 1179 είς
1505 1114 1686 1184 δίψαν,
1737 1117 1833 1169 καὶ

203 1200 353 1270 γῆν
397 1220 416 1252 ι
447 1201 626 1255 αὐτῶν
661 1222 678 1254 «
721 1204 1068 1275 καρποφόρον
1115 1207 1196 1268 εἰς
1233 1205 1433 1278 ἅλμην,
1489 1207 1598 1260 ἀπὸ
1633 1206 1832 1270 κακίας

205 1292 357 1344 τῶν
421 1293 818 1346 κατοικούντων
864 1295 922 1347 ὲν
971 1296 1142 1367 αὑτῇο
1177 1315 1196 1348 ι
1255 1297 1364 1350 ἀπὸ
1409 1297 1468 1350 δὲ
1507 1296 1616 1351 τῶν
1661 1296 1830 1351 ἐθνῶν

219 1400 248 1433 ι
304 1383 517 1455 ἔρημον
549 1384 698 1438 ἔθετο
725 1388 805 1449 είς
825 1385 1020 1457 λίμνας
1049 1387 1278 1454 ὑδάτων,
1309 1389 1404 1442 καὶ
1427 1389 1532 1460 γῆν
1559 1390 1782 1460 ἄνυδρον
1806 1409 1824 1442 ι

207 1473 430 1527 αὐτῶν
453 1475 562 1544 (66)
597 1477 700 1548 γῆν
757 1483 780 1528 ι’
841 1479 920 1541 είς
961 1477 1228 1543 διεξόδους
1275 1480 1483 1534 ὑδάτων
1506 1497 1520 1510 ·
1575 1482 1670 1535 καὶ
1701 1498 1832 1535 κατ-

209 1562 447 1634 ῴκισεν
469 1568 585 1620 ἐκεῖ
607 1569 923 1633 πεινῶντας,
942 1570 1036 1622 καὶ
1059 1573 1454 1642 συνεστήσαντο
1469 1572 1620 1627 πόλιν
1649 1591 1834 1627 κατοι-

215 1654 462 1720 κεσίας,
499 1675 518 1706 ι
547 1656 645 1727 τὴν
681 1657 1040 1728 Ἐκκλησίανο
1071 1657 1200 1713 ἔνθα
1240 1677 1258 1710 ι
1293 1659 1544 1733 ἔσπειρεν
1575 1663 1776 1731 ἀγροὺς
1803 1681 1824 1714 ι

219 1746 390 1800 κατὰ
420 1748 512 1800 τὸν
538 1747 774 1801 πεσόντα
808 1749 1009 1819 σπόρον
1041 1752 1132 1804 ἐπὶ
1165 1751 1263 1822 τὴν
1290 1752 1458 1824 καλὴν
1486 1755 1578 1808 καὶ
1611 1753 1822 1826 ἀγαθήν

1931 565 2168 620 .ludzeos.
2201 563 2372 618 Sonat
2396 573 2576 617 autem
2607 562 2890 630 Ephraim,
2921 559 3083 631 400
3112 560 3154 614 si
3185 562 3508 630 interprete-

1933 665 2033 726 ris,
2101 659 2638 731 fertilitasduitque
2697 658 2954 728 Ephraim
3015 660 3183 710 frater
3241 654 3504 723 Manasse,

1935 753 2039 806 hoc
2083 762 2164 805 est
2197 751 2380 820 populi
2417 761 2546 803 natu
2603 747 2929 817 grandioris,
2985 745 3326 813 maximeque
3372 743 3508 799 obli-

1935 843 2082 896 vioni
2112 842 2322 896 traditi.
2365 840 2538 894 Simul
2586 850 2750 908 atque
2783 839 2927 892 enim
2963 837 3256 892 derelictus
3287 844 3370 891 est
3406 851 3510 906 po-

1932 933 2090 1002 pulus
2115 931 2376 986 oblivioni
2423 931 2672 994 traditus,
2706 939 2829 985 orta
2853 939 2936 984 est
2974 944 3038 983 ex
3067 926 3316 998 gentibus
3354 926 3508 978 ferti-

1932 1025 2056 1079 litas
2092 1043 2107 1079 :
2141 1038 2333 1092 nempe
2357 1039 2478 1078 cum
2507 1041 2526 1073 «
2562 1020 2780 1076 ﬂiuuina
2819 1039 2840 1073 ι
2870 1019 3122 1088 quidem,
3148 1033 3266 1088 quae
3293 1025 3420 1070 sunt
3452 1016 3507 1069 in

1931 1114 2148 1178 lsraele,
2207 1131 2227 1164 «
2269 1114 2433 1168 vertit
2468 1132 2490 1165 ι
2545 1111 2687 1167 Deus
2733 1128 2751 1162 «
2783 1110 2835 1164 in
2883 1111 3202 1174 desertum;
3253 1116 3305 1160 et
3343 1120 3508 1161 venas

1933 1221 2200 1276 aquarum
2235 1224 2252 1256 ι
2295 1205 2408 1260 illic
2443 1204 2843 1270 exsistentium,
2889 1221 2906 1252 «
2936 1202 2988 1256 in
3021 1200 3137 1255 loca
3190 1198 3504 1266 siticulosa;

1933 1305 1985 1351 et
2020 1305 2222 1351 terram
2250 1315 2268 1348 ι
2325 1310 2514 1350 eorum
2554 1295 2898 1365 «frugiferam
2925 1332 2942 1358 ,
2975 1293 3026 1346 in
3073 1292 3258 1346 sterile
3305 1289 3504 1356 solum,

1931 1367 2160 1456 propter.
2223 1384 2524 1440 incolarum
2585 1383 2981 1447 vitiositatem;
3019 1399 3038 1433 ι
3075 1380 3319 1452 gentium
3375 1392 3506 1436 vero

1937 1497 1956 1528 «
1984 1479 2256 1532 desertum
2286 1477 2452 1530 vertit
2500 1476 2550 1530 in
2597 1485 2788 1546 stagna
2823 1487 3106 1543 aquarum,
3144 1482 3450 1540 terramque
3479 1487 3500 1521 ι

1929 1584 2118 1624 eorum
2175 1567 2578 1632 «siticulosam,
2627 1568 2681 1622 in
2715 1581 2882 1622 venas
2931 1579 3195 1633 aquarum
3253 1581 3271 1619 :
3324 1562 3505 1638 ibique

1929 1658 2215 1714 collocavit
2243 1657 2549 1722 famelicos,
2600 1666 2655 1710 et
2705 1663 3098 1711 exstruxerunt
3133 1653 3322 1708 urbem
3363 1655 3504 1708 cele-

1931 1748 2082 1803 brem
2114 1749 2151 1813 ¹,
2189 1768 2210 1801 ι
2239 1763 2434 1818 nempe
2452 1748 2776 1813 Ecclesiam,
2813 1748 2902 1803 ubi
2932 1765 2950 1800 «
2976 1746 3263 1802 seminavit
3282 1760 3458 1813 agros,
3477 1764 3495 1796 ι

215 1838 372 1908 γῆν,
400 1838 496 1892 καὶ
525 1838 783 1892 ποιοῦσαν
821 1841 1348 1897 ἑκατονταπλασίονα
1368 1861 1384 1876 ο
1416 1845 1514 1899 καὶ
1543 1863 1562 1894 «
1589 1845 1810 1916 ἐφύτευ-

1920 1837 2071 1908 juxta
2109 1855 2329 1904 semen,
2380 1839 2528 1908 quod
2583 1839 2781 1894 cecidit
2815 1838 2868 1892 in
2907 1837 3500 1906 terramprzcclaram,

224 1945 336 1981 σεν
363 1929 719 1998 ἀμπελῶναςο
757 1949 774 1981 ι
810 1930 1057 2002 κλήματα
1078 1933 1187 2006 γάρ
1215 1937 1353 1988 είσιν
1394 1937 1442 1989 oi
1471 1937 1676 2009 Κυρίου
1719 1956 1822 2010 μα-

223 2019 428 2090 Θηταὶ,
477 2021 672 2084 οἵτινες
722 2022 814 2075 καὶ
862 2041 880 2074 ι
922 2025 1185 2095 ἐποίησαν
1219 2026 1428 2096 καρπὸν
1464 2029 1820 2100 γεννήματος,

225 2109 340 2160 καὶ
367 2109 657 2181 εὐλόγησεν
694 2112 910 2177 αὐτοὺς,
948 2115 1041 2168 καὶ
1071 2115 1482 2188 ἐπληθύνθησαν
1520 2118 1744 2190 σφόδρα.
1796 2138 1815 2172 ι

247 2199 395 2252 Ἀλλ’
425 2201 546 2253 οὐδὲ
569 2201 692 2265 τοὺς
713 2203 770 2256 ἐν
796 2203 1002 2268 τούτοις
1025 2205 1384 2278 άλογωτέροις
1421 2209 1648 2280 μικροὺς
1681 2203 1820 2264 εἶναι

235 2289 526 2360 ἐλογίσατο
551 2293 649 2347 ὀδέ
675 2293 806 2365 (66‘)
827 2295 1143 2367 ἀνθρώπους
1171 2300 1264 2352 καὶ
1291 2300 1461 2371 κτήνη
1487 2299 1672 2364 σώζων
1704 2301 1819 2354 Κύ-

238 2397 381 2452 ριοςο
409 2383 714 2455 γέγραπται
748 2387 880 2456 γάρ·
921 2405 939 2438 ι
977 2390 1085 2442 Καὶ
1109 2389 1179 2442 τὰ
1206 2391 1378 2462 κτήνη
1405 2390 1580 2444 αὐτῶν
1606 2392 1706 2446 οὑκ
1731 2393 1819 2445 ἐσ-

238 2472 498 2543 μίκρυνε.
546 2493 565 2524 ι
597 2477 709 2528 Καὶ
738 2478 784 2529 οἱ
818 2477 916 2547 μὲν
951 2478 1192 2532 Ἰουδαῖοι
1229 2499 1248 2531 «
1301 2480 1675 2552 ώλιγώθησαν,
1725 2483 1818 2536 καὶ

227 2559 601 2632 ἐκακώθησαν
641 2563 749 2616 ἀπὸ
806 2564 1036 2634 θλίψεως
1077 2567 1282 2630 κακῶν,
1337 2569 1429 2621 καὶ
1461 2568 1650 2640 ὀδύνης
1673 2587 1688 2600 ·
1723 2570 1816 2623 καὶ

228 2645 469 2718 ἐξεχύθη
523 2648 870 2716 ἐξουδένωσις
909 2655 1002 2707 ἐπὶ
1052 2657 1179 2719 τοὺς
1229 2675 1248 2708 ι
1297 2655 1388 2710 διὰ
1436 2657 1528 2710 τὸν
1565 2658 1818 2730 Ἀϐραὰμ

233 2756 257 2789 ε
297 2741 597 2812 ἄρχοντας’
635 2744 730 2798 καὶ
779 2745 1082 2818 ἐπλάνησεν
1120 2749 1317 2813 αὑτοὺς
1362 2751 1420 2803 ἐν
1472 2750 1676 2822 ἀϐάτῳ,
1722 2753 1818 2806 καὶ

223 2828 360 2897 οὐχ).
387 2830 445 2880 ἐν
476 2829 608 2900 όδῷο
656 2851 674 2881 ι
711 2835 829 2902 μετ’
859 2835 1101 2900 ἐκείνους
1133 2837 1188 2890 δὲ
1218 2841 1246 2890 6
1274 2837 1406 2902 Θεὸς
1437 2858 1456 2890 ι
1490 2840 1755 2912 ἐϐοήθησε
1791 2862 1810 2894 ι

224 2919 316 2990 τῷ
338 2921 445 2974 ἀπὸ
466 2921 575 2977 τῶν
599 2924 768 2976 ἐθνῶν
795 2943 813 2976 ι
853 2927 1045 2996 πένητι
1094 2946 1113 2979 ι
1148 2927 1261 2999 λαῷ
1292 2934 1356 2984 ἐκ
1387 2935 1680 3005 πτωχείας,
1721 2937 1816 2989 καὶ

225 3011 390 3065 ἔθετο
417 3032 435 3064 ι
477 3014 553 3078 ὡς
583 3015 830 3086 πρόϐατα
887 3017 1143 3089 πατριὰν,
1189 3019 1282 3084 οὓς
1319 3021 1540 3092 ὄψονται
1589 3044 1608 3076 ›
1650 3026 1813 3092 εὐθὺς

228 3101 353 3170 (67)
380 3102 620 3172 ἄγγελοι,
656 3124 672 3156 ι
711 3107 805 3158 καὶ
845 3107 1325 3178 εὐφρανθήσονται,
1357 3113 1451 3165 καὶ
1495 3117 1645 3169 πᾶσα
1689 3117 1813 3171 ἀνο-

231 3191 340 3260 μία
372 3193 637 3276 ἐμφράξει
664 3194 723 3246 τὸ
764 3194 937 3264 στόμα
983 3195 1179 3266 αὐτῆς.
1218 3216 1236 3249 ι
1275 3198 1496 3266 Τούτοις
1524 3202 1581 3256 δὲ
1618 3223 1810 3274 μυστι-

227 3281 352 3344 κῶς
375 3285 869 3355 προφητευομένοις
901 3287 957 3340 ἐν
982 3287 1258 3360 ἑκατοστῷ
1281 3289 1424 3362 ἕκτῳ
1452 3292 1650 3365 ψαλμῷ
1689 3298 1810 3351 ἐπι-

229 3373 495 3444 φέρεταιο
531 3391 550 3426 ι
589 3375 683 3439 Τίς
715 3377 894 3446 σοφὸς,
927 3379 1018 3432 καὶ
1050 3380 1275 3448 φυλάξει
1317 3383 1512 3450 ταῦτα,
1554 3388 1647 3439 καὶ
1689 3405 1811 3442 συν-

234 3461 430 3527 ήσουσι
449 3464 518 3519 τὰ
537 3466 660 3537 ἐλέη
689 3468 782 3521 τοῦ
813 3469 1047 3541 Κυρίου;
1086 3490 1104 3522 ι
1134 3472 1435 3538 Ἐλεοῦντος
1448 3475 1556 3547 γὰρ
1582 3477 1676 3530 τοῦ
1701 3481 1812 3533 Κυ-

245 3553 357 3624 ρίου
382 3557 508 3620 τοὺς
531 3557 638 3611 ἀπὸ
653 3558 762 3628 τῶν
786 3558 974 3625 ἐθνῶν,
991 3563 1020 3614 6
1043 3563 1205 3631 σοφὸς
1230 3565 1402 3619 ταῦτα
1421 3567 1667 3636 φυλάξει,
1687 3587 1812 3628 συν-

245 3647 341 3711 ιεὶς
380 3649 445 3704 τά
474 3649 595 3721 ἐλέη
639 3651 733 3704 τοῦ
771 3653 996 3724 Κυρίου.
1044 3655 1252 3710 Ούκοῦν
1288 3677 1306 3709 ι
1350 3658 1559 3729 Ἰησοῦς
1590 3661 1689 3715 οὐκ
1733 3663 1808 3716 ἔτι

243 3739 518 3812 παρρησίᾳ
548 3746 838 3814 περιπατεῖ
857 3745 914 3798 ἐν
939 3749 1052 3810 τοῖς
1090 3747 1381 3814 Ἰουδαίοις,
1407 3749 1542 3805 ἀλλὰ
1567 3753 1807 3823 ἀπῆλθεν

241 3830 441 3884 ἐκεῖθεν
475 3835 554 3896 είς
581 3833 678 3905 τὴν
705 3835 888 3906 χώραν
924 3855 942 3885 ι
979 3836 1074 3890 τοῦ
1119 3837 1240 3890 ὅλου
1289 3841 1513 3910 κόσμου,
1573 3863 1592 3894 «
1641 3845 1807 3914 ἐγγὺς

237 3923 336 3993 τῆς
363 3925 566 3995 ἐρήμου
607 3945 625 3976 ι
667 3927 1018 3999 Ἐκκλησίας,
1053 3949 1072 3981 «
1104 3933 1184 3995 είς
1227 3932 1464 4003 Ἐφραῒμ
1501 3954 1518 3986 ι
1545 3935 1644 4007 τὴν
1669 3953 1805 4009 καρ-

237 4015 574 4085 ποφοροῦσαν
619 4017 919 4091 λεγομένην
963 4021 1137 4085 πόλιν,
1184 4041 1202 4074 ι
1249 4025 1410 4076 κάκεῖ
1456 4025 1634 4096 ἔμεινε
1671 4028 1806 4098 μετὰ

235 4104 342 4158 τῶν
367 4105 648 4178 μαθητῶνο
686 4128 705 4159 ι
740 4111 834 4165 καὶ
863 4111 977 4165 ἐστι
1009 4113 1169 4186 μέχρι
1193 4113 1288 4168 τοῦ
1319 4115 1478 4188 δεῦρο
1519 4118 1657 4189 μετὰ
1697 4119 1805 4174 τῶν

242 4197 493 4268 μαθητῶν
552 4201 720 4254 αὑτοῦ
772 4203 979 4274 Ἰησοῦς
1035 4207 1202 4274 ἐγγὺς
1269 4209 1368 4279 τῆς
1431 4211 1664 4282 ἐρήμου,
1725 4216 1806 4278 είς

253 4288 480 4360 Ἐφραῒμ
506 4289 805 4363 λεγομένην
828 4293 1007 4346 πόλιν·
1039 4295 1267 4366 πάρεστι
1305 4297 1412 4370 γὰρ
1439 4301 1503 4370 τῇ
1527 4318 1805 4372 καρποφο-

246 4380 346 4452 ρίᾳ,
389 4382 481 4434 καὶ
515 4383 606 4435 ἐπὶ
628 4387 692 4454 τῇ
719 4383 931 4452 γενέσει
959 4403 1021 4454 γε
1049 4386 1144 4440 τοῦ
1176 4387 1416 4460 Ἐφραῒμ
1445 4391 1636 4445 τούτου
1658 4393 1801 4448 εἴποι

1922 1943 1976 1989 et
2001 1933 2197 1988 bonam
2225 1973 2242 1999 ,
2277 1941 2333 1986 ct
2362 1931 2653 1986 facientem
2691 1932 2924 1986 fructum
2957 1930 3315 1985 centesimqu
3350 1928 3406 1995 ²;
3443 1941 3500 1982 ct

1928 2043 1946 2077 «
1975 2024 2240 2094 plantavit
2271 2025 2482 2086 vineas.
2517 2043 2537 2076 ι
2583 2023 2737 2094 cujus
2770 2024 3018 2094 palmites
3066 2033 3224 2078 erant
3253 2021 3498 2093 discipuli

1921 2114 2160 2179 Domini,
2187 2115 2277 2183 qui
2313 2114 2475 2168 etiam
2515 2112 2797 2167 «fecerunt
2832 2113 3067 2170 fructum
3113 2113 3416 2182 copiosum,
3444 2125 3498 2166 et

1919 2205 2196 2260 benedixit
2229 2205 2310 2259 eis
2336 2246 2352 2272 ,
2386 2214 2440 2260 et
2463 2204 2808 2274 multiplicati
2840 2217 2968 2259 sunt
3011 2205 3165 2259 valde
3197 2205 3238 2257 ³.
3269 2222 3288 2255 ι
3323 2203 3498 2270 Quiu-

1919 2297 2083 2352 etiam
2141 2311 2209 2351 ne
2263 2297 2362 2351 hos
2414 2295 2658 2366 quidem,
2715 2296 2806 2364 qui
2860 2311 2889 2348 a
2948 2297 3156 2350 ratione
3209 2295 3497 2350 alieniores

1919 2397 2096 2452 erant,
2131 2404 2330 2458 parvos
2374 2403 2495 2443 esse
2525 2389 2785 2458 cogitavit
2825 2387 2914 2442 ille
2939 2427 2956 2452 ,
3009 2390 3099 2456 qui
3141 2387 3388 2442 homines
3441 2397 3497 2440 et

1912 2478 2164 2550 jumenta
2189 2490 2368 2534 serVat
2398 2483 2420 2511 ⁵
2441 2496 2456 2546 ;
2475 2480 2736 2549 scriptum
2767 2488 2851 2533 est
2877 2479 3023 2532 enim
3052 2478 3110 2532 ἐ
3139 2478 3232 2532 «Et
3255 2477 3495 2548 jumenta

1918 2585 2101 2624 eorum
2133 2585 2237 2623 non
2278 2570 2494 2624 minuit.
2521 2589 2540 2622 ι
2584 2572 2660 2624 Ac
2688 2567 2859 2623 Judaei
2898 2568 3116 2638 quidem
3171 2586 3189 2619 «
3226 2568 3494 2622 imminuti

1917 2669 2066 2726 sunt,
2105 2670 2161 2716 et
2188 2658 2371 2714 aﬂlicti
2423 2661 2574 2715 fuere
2627 2677 2654 2714 a
2703 2660 3054 2714 tribulatione
3086 2659 3388 2722 malorum,
3440 2667 3496 2712 et

1917 2753 2140 2819 dolore;
2182 2753 2480 2824 eﬂuditque
2512 2751 2726 2823 (Deus)
2763 2761 3131 2820 contemptum
3187 2752 3238 2804 in
3283 2751 3492 2820 princi-

1915 2858 2044 2914 pes»
2077 2855 2301 2914 propter
2325 2844 2623 2906 Abraham;
2659 2851 2742 2896 «et
2768 2856 2954 2897 errare
2979 2841 3108 2895 fecit
3129 2842 3296 2898 eosiu
3323 2842 3490 2905 invio.

1915 2947 1968 2992 et
2004 2952 2110 2990 non
2145 2937 2197 2989 iu
2228 2939 2337 2989 via.
2375 2954 2394 2986 ι
2440 2935 2580 2988 Deus
2609 2934 2775 3003 igitur
2811 2940 2930 3002 post
2960 2931 3200 2996 Judaros,
3231 2935 3487 3002 populum

1913 3027 2173 3099 gentilem
2216 3042 2539 3096 «pauperem
2569 3026 2852 3080 exemitex
2888 3024 3258 3093 mendicitate,
3290 3034 3491 3080 tracta-

1915 3119 2100 3188 vitque
2149 3117 2382 3172 familias
2423 3117 2568 3172 velut
2620 3131 2769 3181 oves,
2822 3131 2960 3186 quos
3005 3115 3262 3171 videbunt
3291 3135 3311 3170 ι
3364 3133 3491 3172 mox

1913 3211 2110 3282 angeli,
2140 3229 2159 3263 «
2181 3219 2235 3266 et
2263 3209 2610 3270 ltetabuutur,
2644 3218 2699 3262 et
2719 3209 2902 3263 etnnis
2929 3207 3193 3277 iniquitas
3219 3207 3491 3263 obturabit

1909 3315 1972 3356 os
2002 3315 2184 3355 suum.
2219 3319 2239 3352 ι
2301 3299 2396 3354 llis
2433 3300 2485 3353 iu
2511 3298 2719 3368 psalmo
2747 3307 2904 3353 sexto
2926 3313 3090 3368 supra
3130 3299 3486 3354 centesimum

1913 3392 2146 3464 mystice
2177 3391 2522 3462 prephetatis
2553 3390 2904 3460 subiungitur
2935 3407 2951 3443 :
2987 3390 3149 3456 «Quis
3173 3391 3408 3459 sapiens,
3434 3400 3489 3444 ct

1910 3483 2178 3539 custodiet
2215 3483 2350 3548 haec,
2380 3493 2434 3538 ct
2466 3483 2732 3552 intelliget
2755 3480 3160 3536 misericordias
3185 3480 3434 3536 Domini?
3460 3499 3480 3532 ι

1909 3573 2152 3630 beneﬁce
2174 3574 2317 3628 enim
2344 3574 2644 3628 exsistente
2671 3573 2896 3627 Domino
2925 3571 2978 3624 in
3005 3571 3256 3638 gentiles,
3273 3573 3489 3638 sapiens

1909 3663 2026 3718 haec
2053 3664 2341 3726 custodiet,
2377 3661 2686 3732 intelligens
2718 3660 2983 3714 beneﬁcia
3021 3659 3258 3714 Domini.
3293 3657 3482 3714 «Iesus

1909 3752 2078 3822 igitur
2125 3765 2231 3805 non
2282 3749 2516 3820 amplius
2554 3749 2608 3803 in
2649 3747 2865 3818 publico
2919 3746 3306 3804 obambulabat
3346 3748 3490 3803 inter

1906 3841 2154 3906 Iudaeos,
2184 3843 2278 3897 sed
2307 3841 2430 3894 inde
2459 3841 2592 3895 abiit
2631 3840 2682 3894 in
2717 3839 2938 3894 locum)
2973 3837 3136 3894 totius
3159 3839 3341 3903 orbis.
3385 3839 3489 3895 Ec-

1909 3933 2088 3988 clesiae
2151 3951 2169 3984 «
2211 3933 2429 3986 deserto
2487 3931 2794 3997 νίιςίιιιιιιις»
2868 3945 3060 4002 nempe
3119 3933 3222 3987 «in
3297 3933 3485 3989 urbem

1908 4025 2188 4094 prraim,
2216 4044 2234 4076 ι
2269 4039 2387 4094 qua:
2417 4024 2616 4079 dicitur
2654 4022 2910 4095 frugifera
2948 4023 3174 4092 civitas;
3217 4045 3236 4076 «
3269 4025 3485 4096 illicqne

1906 4117 2226 4172 versabatur
2255 4132 2378 4172 cum
2401 4116 2722 4188 discipulis:
2758 4135 2778 4169 ι
2813 4127 3009 4188 estque
3032 4119 3098 4172 ad
3135 4117 3279 4172 hunc
3313 4132 3485 4188 usque

1905 4208 2046 4262 diem
2094 4206 2252 4263 Jesus
2306 4223 2428 4262 cum
2485 4206 2764 4277 discipulis
2815 4208 2929 4262 suis
2986 4208 3038 4262 in
3097 4208 3268 4272 urbe,
3317 4222 3482 4276 quam

1906 4306 2099 4351 vocant
2170 4297 2474 4366 Ephraim,
2544 4298 2762 4351 deserto
2821 4298 3102 4351 vicinam:
3139 4311 3264 4350 nam
3326 4297 3484 4351 adest

1905 4387 2175 4444 l'crtilitati
2210 4410 2222 4444 :
2254 4399 2309 4443 et
2363 4390 2417 4444 in
2465 4398 2589 4443 ortu
2644 4403 2777 4444 sane
2833 4387 2992 4457 hujus
3039 4386 3298 4457 Ephraim
3337 4388 3483 4442 dicet

241 4470 303 4524 ἂν
321 4473 346 4525 6
365 4475 626 4544 γεννήσας
642 4475 800 4528 αὑτὸν
819 4476 1142 4548 σιτομέτρης
1163 4479 1316 4548 ήμῶν
1333 4479 1554 4551 Κύριος,
1569 4485 1596 4536 ό
1612 4501 1800 4538 ταπει-

1921 4481 2065 4535 illius
2101 4483 2314 4551 genitor
2359 4481 2616 4537 Dominus
2667 4489 2851 4536 noster
2903 4481 3160 4534 irumenti
3203 4491 3479 4550 erogator,

233 4561 402 4626 tubae;
427 4565 636 4630 ἑαυτὸν,
670 4566 764 4619 καὶ
791 4567 1080 4637 γενόμενος
1110 4569 1346 4640 ὑπήκοος
1368 4571 1528 4643 μέχρι
1547 4573 1795 4641 θανάτου,

245 4652 457 4706 θανάτου
488 4653 544 4706 δὲ
603 4653 837 4725 σταυροῦ
856 4671 870 4684 ·
909 4675 927 4706 ι
982 4655 1198 4727 Ηῠξησέ
1227 4676 1292 4729 με
1329 4661 1357 4712 ὁ
1385 4660 1517 4726 Θεὸς
1545 4666 1600 4716 ὲν
1628 4667 1693 4735 τῇ
1727 4669 1796 4736 γῇ

245 4743 330 4814 τῆς
355 4743 729 4808 ταπεινώσεώς
759 4762 878 4816 μου.
917 4765 935 4798 ›

304 4833 382 4888 20.
423 4853 442 4886 «
469 4830 577 4888 Ἧν
613 4835 668 4889 δὲ
697 4838 861 4906 ἐγγὺς
888 4837 949 4890 τὺ
984 4839 1172 4908 Πάσχα
1225 4840 1335 4894 τῶν
1363 4825 1374 4833 ’
1393 4843 1675 4910 Ἰουδαίων,
1704 4847 1799 4899 καὶ

245 4924 495 4999 ἀνέϐησαν
541 4929 727 4982 πολλοὶ
752 4928 859 4983 τῶν
894 4930 1162 4984 Ἰουδαίων
1215 4934 1294 4997 είς
1356 4935 1698 5004 Ἰεροσόλυμα
1734 4938 1797 4990 ἐκ

243 5017 329 5086 τῆς
355 5017 537 5090 χώρας
571 5019 676 5091 πρὸ
712 5019 806 5073 τοῦ
841 5020 1050 5092 Πάσχα,
1104 5023 1192 5078 ἵνα
1225 5025 1518 5093 ἁγνίσωσιν
1547 5027 1793 5090 ἑαυτούς.

1907 4575 1999 4643 qui
2028 4573 2260 4641 seipsmn
2291 4573 2550 4626 humilem
2571 4574 2798 4641 praebuit
2821 4571 2996 4626 factus
3021 4570 3282 4626 obedieus
3311 4587 3482 4641 usque

1907 4664 1974 4717 ad
2007 4675 2257 4726 mortem,
2318 4673 2548 4716 mortem
2600 4671 2777 4716 autem
2824 4661 3006 4715 crucis
3046 4661 3106 4715 ἰ
3140 4660 3348 4715 «Auxit
3395 4677 3480 4716 me

1906 4754 2047 4809 Deus
2079 4755 2130 4806 in
2160 4764 2307 4807 terra
2339 4753 2642 4808 alllicliouis
2676 4768 2808 4808 mea:
2836 4754 2878 4808 ".
2906 4771 2925 4804 ι

1971 4843 2132 4915 40],
2173 4844 2263 4898 20.
2321 4861 2340 4895 «
2381 4843 2621 4899 Instabat
2673 4854 2849 4898 autem
2891 4843 3095 4899 Pascha
3145 4841 3478 4907 Judtnorum,

1905 4947 1961 4992 et
1981 4937 2338 4992 ascenderunt
2367 4935 2517 4990 multi
2549 4933 3264 5007 JudteorumJerosolymam
3290 4949 3358 4989 ex
3389 4951 3477 4990 re-

1901 5029 2060 5100 gione
2090 5040 2215 5084 ante
2265 5027 2494 5094 Pascha,
2544 5038 2602 5082 ut
2635 5029 2982 5100 puriﬁcarent
3012 5041 3091 5082 se.
3144 5025 3473 5092 Qumrebant

255 5109 488 5176 Ἐζήτουν
522 5107 614 5164 οὖν
646 5111 736 5165 τὸν
773 5112 979 5184 Ἰησοῦν
1001 5155 1015 5180 ,
1052 5115 1146 5167 καὶ
1176 5115 1360 5184 ἔλεγον
1395 5118 1513 5188 μετ’
1547 5119 1794 5188 ἀλλήλων

1920 5136 2026 5191 :rgo
2050 5118 2257 5186 Jesum,
2301 5129 2357 5176 et
2403 5120 2856 5191 colloquebautur
2891 5120 3036 5173 inter
3081 5131 3138 5171 se
3184 5117 3236 5170 in
3273 5115 3473 5184 templo

305 5200 336 5272 ξ,
365 5201 503 5272 Psal.
541 5219 649 5266 cu,
683 5203 752 5258 55
795 5218 912 5272 seq.
1003 5207 1023 5235 ²
1078 5205 1207 5261 Luc.
1245 5225 1358 5269 vui.
1402 5209 1451 5264 8.

246 5276 266 5307 ⁸
290 5269 474 5340 Philip.
499 5288 559 5336 ιι,
595 5273 648 5328 8.
725 5275 745 5305 ⁷
775 5269 911 5328 Gen.
948 5290 1058 5340 xu,
1093 5276 1177 5328 5'2.

305 5358 404 5432 (64)
465 5363 872 5438 Ἑρμηνεύεται
898 5364 1016 5438 ⁸-δὲ
1095 5368 1332 5437 Ἐςεραῒμ
1391 5369 1794 5438 Καρποφορία.

247 5429 584 5512 Hieronymus
611 5429 685 5512 De
715 5433 1078 5512 nom._Hebi.,
1111 5429 1445 5512 «fugai-ann,
1475 5429 1506 5490 ἰ
1543 5429 1793 5512 [νῖιθῖίςμ

248 5504 340 5554 sive
353 5518 597 5556 crescens.
619 5505 657 5556 Λ
677 5511 796 5563 m5
817 5522 834 5554 «
868 5504 1102 5557 fructum
1121 5507 1285 5558 dedit.
1311 5527 1325 5556 ι
1346 5504 1790 5568 ϐθιιοεζιιιζίθθ.

307 5570 402 5639 (65)
446 5571 556 5625 Τοῦ
575 5573 693 5626 ἀπὸ
717 5573 908 5641 λήθης
926 5573 1100 5627 λαοῦ.
1130 5575 1370 5629 Manasse
1418 5580 1561 5630 enim
1616 5578 1791 5632 dictus

247 5648 315 5693 cst
346 5656 370 5691 a
398 5649 511 5698 nm
555 5643 812 5712 «_oblitus
843 5645 962 5708 fuit,
1003 5662 1021 5694 ι
1057 5643 1252 5698 chi-s.
1301 5660 1412 5712 xu,
1443 5647 1532 5700 51.
1565 5647 1639 5698 Ita
1670 5647 1787 5700 Ma-

249 5725 379 5762 nasse
411 5711 548 5774 regis
575 5710 711 5764 Juda
746 5727 939 5766 nomen
967 5729 995 5765 a
1029 5713 1120 5766 Dei
1151 5710 1421 5769 oblivione
1443 5716 1644 5768 dictum
1689 5729 1784 5768 vo-

252 5777 344 5832 lunt
389 5777 757 5837 Thalmudici.
815 5781 1174 5838 Hicronvmus
1236 5785 1310 5838 De
1377 5801 1515 5838 noua.
1573 5781 1734 5838 Hebr.
1761 5799 1780 5838 :

474 5797 757 5837 tllanGICl.
815 5797 1174 5854 IIICI’OllyllHIS
1236 5797 1310 5840 Ue
1377 5801 1515 5839 nona.
1573 5797 1780 5838 11ευν.;

1561 5209 1583 5240 ⁸
1625 5210 1772 5265 Psal.
1833 5227 1941 5278 ενι,
1993 5212 2084 5280 51,
2140 5212 2230 5268 58.

1889 5645 2178 5772 gnatas.“
2202 5657 2285 5701 est
2312 5646 2394 5699 vel
2423 5647 2538 5714 ὅγε,
2567 5648 2710 5716 (ιιιοά
2743 5658 2798 5702 et
2848 5649 3059 5717 melius,
3110 5667 3172 5709 ve

1949 5734 1976 5770 ε
2040 5762 2049 5772 .
2124 5734 2236 5772 ιιιτ.

1949 5734 1976 5770 ε
2003 5734 2049 5772 ο.
2080 5734 2236 5772 ILDIT.

2335 5212 2358 5244 ι
2384 5211 2526 5270 Psal.
2578 5227 2742 5281 xxxv,
2785 5212 2838 5266 7.
2943 5211 2966 5244 '
2995 5207 3251 5273 Psal.cu,
3276 5207 3468 5262 58-ιό-

1907 5387 1926 5422 «
1963 5368 2231 5434 Manasse,
2275 5387 2294 5420 ι
2330 5367 2542 5429 oblitus,
2578 5367 2688 5421 sive
2712 5369 3011 5424 necessitas.

1971 5439 2082 5509 (66)
2109 5439 2414 5514 Secundum
2465 5438 2608 5492 istud
2665 5437 2772 5508 γῆν
2819 5439 3035 5496 videtur
3070 5441 3365 5514 παρέλκειν
3411 5455 3469 5501 ct

1902 5511 2280 5562 resecandum.
3150 5511 3162 5514 '

1902 5645 1907 5648 μ
1973 5576 2109 5648 (66⁴)
2157 5577 2211 5628 '0
2244 5573 2331 5629 δέ.
2371 5573 2497 5648 ﬂare
2537 5576 2700 5630 verba
2735 5585 2881 5632 stare
2921 5578 3000 5634 sic
3037 5596 3143 5636 non
3185 5596 3411 5648 possunt
3447 5605 3463 5642 :

3248 5655 3334 5708 ὅδε
3371 5667 3467 5710 aut

1957 5788 2068 5858 (67)
2094 5791 2270 5843 Codex
2296 5786 2640 5856 Bodleianus,
2662 5787 2839 5855 εὐθύςο
2861 5789 3026 5846 editio
3047 5791 3249 5858 Huctii,
3269 5788 3462 5854 εὑθιτς.
