3866 6200
186 245 285 296 ΤΠ
1139 241 1492 298 (ΣΟΜΜΕΝΤ.
1539 241 1602 297 ιΝ
1638 241 1733 297 «1υὲ

1869 241 2108 297 τοιιυε
2142 241 2376 300 XXVIII.
3327 255 3430 312 738

186 368 353 434 Ὅπερ
384 363 442 418 δὶ
489 361 631 432 πρὸς
676 363 802 427 τοὺς
849 361 1095 434 μαθητὰς
1137 359 1257 417 εἶπε
1309 365 1668 436 προφητεύων
1721 363 1733 412 t‘

1855 359 2120 415 Czeterum
2149 360 2295 430 quod
2324 359 2605 430 discipulis
2632 361 2895 419 Servatur
2939 366 3153 423 dixerat
3191 379 3438 439 propue-

183 457 363 527 Σωτήρ
389 494 403 518 .
461 456 559 509 καὶ
613 453 808 524 λέγων,
855 473 875 506 ‹
913 456 1166 526 Ἔρχεται
1223 455 1342 528 ῶρα
1367 495 1383 520 ,
1429 457 1518 510 ὅτε
1564 458 1672 521 πᾶς
1723 475 1733 508 ‹

1857 460 1996 515 tuus,
2025 465 2089 504 ac
2113 450 2303 506 dicens
2329 466 2343 503 :
2371 468 2394 502 ι
2432 451 2591 508 Venit
2622 452 2778 520 hora,
2806 469 2929 510 eum
2953 457 3201 526 quisquis
3226 473 3326 516 vos
3349 461 3436 516 in-

181 547 498 612 ἀποκτείνας
549 548 698 619 ὑμᾶς
749 546 890 612 δόξει
959 547 1215 620 λατρείαν
1281 549 1616 621 προσφέρειν
1672 551 1733 620 τιξ

1857 536 2148 604 terlecerit,
2177 539 2426 595 videatur
2469 542 2676 598 cultum
2727 555 2990 612 praestare
3015 545 3122 602 Deo
3152 547 3221 612 ",
3264 568 3284 604 ι
3331 551 3434 608 hoc

180 641 325 711 Θεῷ,
365 657 384 689 ι
431 639 592 692 τοῦτο
628 639 724 692 ἀπ’
769 637 935 692 αὐτοῦ
985 639 1293 710 ἀρξάμενον
1348 639 1747 712 πεπλήρωται’

179 733 226 784 οξ
255 731 352 801 γὰρ
377 729 708 797 ἀξιώσαντες
729 730 892 784 αὑτὸν
919 731 1229 795 ἀποθανεῖν,
1257 731 1476 785 ἐδόκουν
1497 732 1751 803 λατρείαν

180 823 498 896 προσφέρειν
525 823 603 894 τῷ
628 822 765 894 Θεῷ,
801 825 895 878 καὶ
932 825 1365 896 ἀναὸεὸήκεισαν
1409 825 1488 888 είς
1527 825 1752 896 Ἱεροσό-

181 915 316 985 λυμα
345 913 450 985 πρὸ
497 913 593 966 τοῦ
629 913 823 984 Πάσχα
842 954 856 978 ,
908 915 994 968 ἵνα
1039 914 1330 985 ἁγνίσωσιν
1360 914 1604 980 ἑαυτούς·
1636 918 1665 970 ὁ
1693 918 1750 970 δέ

182 1003 372 1076 ἀληθής
412 1004 678 1074 ἀγνισμδς
711 1006 774 1058 ού
819 1006 926 1077 πρὸ
973 1005 1067 1060 τοῦ
1113 1007 1338 1077 Πάσχα,
1387 1007 1502 1061 ἀλλ’
1559 1010 1618 1062 ἐν
1671 1007 1750 1079 τῷ

182 1096 394 1168 Πάσχα,
434 1098 525 1150 ὅτε
574 1096 785 1168 Ἰησοῦς
832 1097 1102 1152 ἀπέθανεν
1132 1100 1271 1170 ὑπὲρ
1305 1099 1412 1154 τῶν
1456 1099 1748 1171 ἁγνιζομὲ-

182 1209 297 1254 νων,
319 1193 389 1254 ὡς
413 1189 604 1260 ’Λμνδς
635 1189 797 1257 Θεοῦ,
830 1191 923 1244 καὶ
952 1186 1054 1262 ἦρε
1080 1191 1172 1244 τοῦ
1205 1193 1408 1263 κόσμου
1439 1193 1538 1264 τήν
1563 1193 1747 1265 ἀμαρ-

180 1282 308 1334 τίαν.
351 1282 463 1333 Καὶ
506 1280 734 1352 ἐζήτουν
767 1298 830 1349 γε
875 1275 1022 1334 οὗτοι
1087 1283 1328 1336 Ἰουδαῖοι
1383 1283 1476 1336 τὸν
1519 1283 1744 1355 Ἰησοῦν,

181 1374 272 1443 οὐχ
309 1373 391 1425 ἵνα
439 1370 834 1443 ὠφεληθῶσιν,
884 1372 998 1424 ἀλλ’
1037 1373 1120 1426 ἵνα
1154 1371 1315 1426 αὐτὸν
1361 1375 1743 1428 ἀποκτείνωσι·

185 1465 305 1536 πρὸς
329 1463 418 1527 οὓς
444 1459 602 1518 εἶπεν
637 1465 702 1518 ἄν
723 1481 736 1494 ·
761 1483 792 1516 xc
822 1464 935 1517 Νῦν
957 1465 1013 1518 δέ
1044 1463 1258 1536 ζητεῖτέ
1291 1484 1359 1537 με
1398 1469 1742 1530 ἀποκτεῖναι,

183 1555 238 1616 ὃς
265 1555 350 1624 τὴν
377 1553 638 1623 ἀλήθειαν
670 1553 798 1623 ὑμῖν
829 1552 1131 1622 λελάληκα,
1169 1554 1236 1624 ἣν
1274 1555 1481 1625 ἤκουσα
1509 1553 1620 1608 ἀπὸ
1651 1553 1744 1608 τοῦ

183 1643 320 1697 Θεοῦ.
348 1663 367 1696 ι
405 1645 514 1696 Καὶ
544 1646 604 1696 ἐν
637 1643 786 1714 αὐτῷ
832 1660 895 1712 γε
945 1642 1022 1713 τῷ
1074 1643 1204 1716 ἱερῷ
1236 1643 1526 1713 ἑστηκότες
1559 1643 1744 1712 ἔλεγον

1853 627 1906 682 in
1939 627 2119 698 seipso
2146 644 2268 684 cum
2312 629 2624 701 incepisset,
2671 632 2950 704 impletum
2977 645 3084 692 est.
3135 637 3237 704 Qui
3274 655 3442 695 namo.

1851 735 1956 787 que
1983 721 2204 791 dignum
2227 736 2348 778 esse
2377 733 2708 779 censuerunt
2735 736 2794 779 ut
2819 739 3144 793 moreretur,
3170 730 3436 786 videban-

1856 818 1942 863 tur
1975 810 2177 865 cultum
2210 821 2473 881 prmstare
2503 814 2640 880 Deo,
2687 824 2742 870 et
2774 820 3134 873 ascenderant
3157 819 3432 891 .Ierosoly-

1852 915 1994 956 niam
2025 910 2152 956 ante
2178 901 2408 965 Pascha,
2438 915 2495 958 ut
2517 919 2577 958 se
2603 905 2977 975 puriﬁcarent.
3013 912 3084 964 At
3117 925 3248 964 vero
3279 912 3430 982 puri.

1851 988 2030 1044 licatio
2062 1007 2188 1046 vera
2231 1008 2338 1046 non
2369 1003 2494 1048 ante
2529 993 2759 1061 Pascha,
2804 998 2900 1052 sed
2930 1000 2985 1052 in
3017 999 3136 1068 ipso
3159 1000 3428 1056 Paschate

1849 1089 2002 1145 erat;
2042 1091 2149 1134 tum
2201 1083 2434 1147 scilicet,
2471 1087 2688 1154 quando
2723 1085 2882 1141 Jesns
2927 1100 3174 1144 mortuus
3212 1101 3294 1146 est
3333 1108 3432 1161 pro

1851 1171 1933 1225 his
1965 1173 2056 1240 qni
2092 1172 2540 1241 puriﬁcabantur,
2569 1175 2709 1229 velut
2737 1178 2920 1246 Agnus
2962 1179 3051 1234 ille
3090 1181 3201 1246 Dei,
3236 1192 3289 1234 et
3312 1184 3432 1237 tulit

1848 1274 2128 1329 peccatum
2164 1267 2346 1319 mundi
2384 1266 2450 1318 ".
2491 1267 2569 1321 Ac
2607 1267 2852 1336 profecto
2878 1269 3063 1326 .Icsnnt
3115 1274 3431 1341 querebant

1848 1353 1900 1405 bi
1931 1351 2124 1418 Judaei,
2161 1371 2266 1410 non
2291 1365 2348 1409 ut
2371 1356 2782 1426 adiuvarentur,
2808 1363 2901 1414 sed
2927 1372 2982 1415 ut
3008 1377 3129 1416 eum
3157 1365 3431 1418 interﬁce-

1849 1452 1968 1496 rent
2001 1459 2016 1496 :
2045 1444 2241 1514 quibus
2269 1445 2499 1500 dixisset
2526 1464 2540 1500 :
2579 1463 2598 1497 ι
2638 1445 2792 1502 Nune
2817 1465 2948 1503 vero
2980 1453 3221 1522 qua-ritis
3243 1468 3328 1507 me
3356 1455 3432 1507 in-

1848 1537 2118 1595 terticcre.
2153 1536 2448 1602 hominem,
2475 1539 2568 1605 qui
2603 1539 2888 1592 veritatem
2923 1540 3134 1596 locutus
3167 1559 3286 1596 sum
3327 1559 3427 1597 vo-

1845 1625 1956 1688 bis,
2011 1641 2175 1693 quam
2233 1627 2414 1679 audivi
2476 1646 2503 1678 ιι
2558 1629 2664 1682 Deo
2695 1630 2761 1681 “.
2808 1649 2826 1680 ι
2860 1630 2926 1683 Et
2976 1647 3107 1686 sane
3143 1634 3193 1686 iu
3232 1635 3429 1704 templo

186 1737 303 1808 πρὸς
331 1736 591 1806 ἀλλήλους
624 1736 753 1807 περὶ
780 1735 874 1788 τοῦ
921 1734 1093 1807 Ἰησοῦ
1113 1714 1137 1766 ’ἡ
1165 1753 1184 1785 ι
1219 1736 1282 1788 Τί
1313 1735 1461 1789 δοκεῖ
1482 1736 1632 1806 ὑμῖν,
1662 1733 1733 1788 ὅτε

1848 1714 1964 1782 ipso
2015 1726 2226 1772 stantes
2275 1717 2728 1787 colloqnebautur
2788 1721 2931 1793 inter
2991 1738 3050 1777 se
3097 1724 3164 1779 de
3233 1725 3359 1780 Jesu
3408 1746 3425 1784 :

182 1829 239 1881 οὐ
274 1827 340 1899 μὴ
376 1828 506 1901 ἔλθῃ
535 1829 617 1892 εἰς
647 1828 747 1898 τὴν
779 1828 1007 1899 ἐορτήν;
1048 1846 1066 1877 ι
1113 1825 1252 1878 Ἀλλ’
1283 1826 1382 1896 ούχ
1417 1826 1550 1879 ὅπου
1594 1819 1741 1880 οὗτοι

184 1915 523 1986 είστήιιεισαν,
542 1917 810 1987 ἑώρταζεν
829 1917 1056 1988 Ἰησοῦς,
1088 1917 1202 1971 ἀλλ’
1228 1919 1308 1981 είς
1332 1917 1391 1971 τὸ
1426 1917 1570 1988 μέγα
1597 1917 1740 1972 ἀνώ-

184 2009 425 2080 γεων(69)
459 2009 522 2062 τὸ
565 2010 949 2082 σεσαρωμένον
979 2010 1076 2063 καὶ
1108 2008 1552 2079 κεκοσμημένον,
1605 2009 1738 2062 ὅπου

184 2097 425 2170 ἐπιθυμίᾳ
475 2098 790 2170 ἐπεθύμησε
841 2100 900 2154 τὸ
929 2100 1123 2169 Πάσχα
1174 2098 1310 2170 μετά
1345 2100 1454 2151 τῶν
1485 2097 1742 2169 μαθητῶν

185 2193 376 2259 φαγεῖν,
417 2189 522 2260 πρὸ
556 2189 650 2242 τοῦ
677 2190 891 2246 παθεῖν.
926 2190 1116 2253 Εἴποις
1161 2189 1206 2242 δ’
1251 2189 1351 2250 ἂν,
1396 2189 1478 2242 ὅτι
1519 2188 1614 2242 καὶ
1646 2187 1740 2242 νῦν

187 2277 451 2347 ἑστήκασιν
502 2277 560 2328 ἐν
606 2279 684 2348 τῷ
731 2277 862 2350 ίερῷ
907 2278 1195 2350 ζητοῦντες
1233 2278 1324 2332 τὸν
1369 2276 1598 2350 Ἰησοῦν,
1643 2279 1742 2331 ἐπ-

181 2369 486 2440 ερειδόμενοι
517 2369 616 2440 μὲν
646 2370 722 2434 ὡς
750 2373 923 2442 ἱεραῖς
969 2374 1091 2434 ταῖς
1141 2370 1405 2442 Γραφαῖς,
1463 2368 1553 2423 διὰ
1583 2370 1640 2423 δὲ
1679 2370 1739 2425 τὸ

181 2459 372 2527 ἀγνοεῖν
414 2461 504 2513 τὺν
547 2461 863 2531 ἐληλυθότα,
931 2461 1220 2534 ζητοῦντες
1273 2461 1459 2516 τοῦτον
1513 2461 1612 2533 μέν
1641 2481 1740 2517 κα·-

183 2549 424 2617 κολογεῖν,
464 2551 548 2604 ἐτε
561 2567 651 2622 ρον
693 2551 750 2605 δὲ
781 2551 970 2606 τούτου
1001 2554 1237 2626 Χριστὸν
1267 2553 1568 2624 ὁμολογεῖν.
1596 2555 1737 2627 Πρός

183 2657 294 2711 σχες
343 2642 397 2695 δὲ
445 2644 494 2696 εί
541 2643 768 2698 δύνασαι
823 2645 916 2698 καὶ
967 2645 1160 2708 ἄλλους
1203 2646 1488 2710 Ἰουδαίους
1531 2647 1734 2716 λέγειν,

179 2729 542 2794 ἀναϐαίνοντας
586 2733 668 2796 εἰς
713 2733 1080 2804 Ἰεροσόλυμα,
1137 2735 1232 2788 καὶ
1285 2736 1612 2806 ἐρχομένους
1658 2740 1736 2802 εἰς

177 2819 262 2891 τήν
301 2821 446 2875 πόλιν
473 2822 566 2876 τοῦ
593 2822 750 2888 Θεοῦ,
796 2825 904 2877 ἀπὸ
936 2825 1036 2896 τῆς
1070 2825 1175 2890 ἔξω
1217 2825 1604 2902 Ἱεροσολύμων
1631 2829 1737 2900 χώ-

179 2927 283 2979 ρας,
326 2913 416 2965 καὶ
458 2915 792 2986 ἐρχομένους
839 2917 923 2969 ἵνα
970 2918 1290 2986 ἁγνίσαντες
1318 2921 1543 2985 ἑαυτοὺς
1572 2921 1735 2993 δυνη-

177 3003 344 3070 θῶσιν,
373 3006 536 3078 ήνίκα
579 3007 645 3062 ἂν
675 3008 738 3062 τὸ
764 3009 956 3080 Πάσχα
1004 3009 1136 3082 τυθῇ
1167 3011 1419 3083 Χριστὸς,
1456 3013 1733 3086 ἑορτάζειν

1851 1823 1870 1857 ι
1900 1806 2039 1872 Quid
2095 1808 2306 1862 videtur
2336 1812 2512 1874 vobis,
2567 1813 2711 1880 quod
2741 1830 2847 1867 non
2901 1815 3120 1870 venerit
3164 1821 3230 1870 ad
3283 1819 3426 1872 diem

1844 1897 2040 1954 Iestnm
2067 1901 2156 1956 “1
2197 1919 2216 1951 ι
2247 1901 2317 1956 At
2357 1918 2463 1957 non
2507 1903 2596 1958 ubi
2644 1905 2695 1959 hi
2747 1906 2988 1970 stabant,
3044 1909 3185 1962 dient
3232 1908 3426 1965 festum

1844 1990 2242 2060 agebatlesus,
2298 1994 2393 2047 sed
2430 1997 2483 2049 in
2533 1998 2816 2053 caenaculo
2857 2014 3052 2070 magno
3082 2002 3261 2070 scapis
3294 2015 3428 2070 pur-

1842 2093 1970 2151 gato
1999 2091 2054 2134 et
2079 2085 2355 2149 Inundato,
2382 2087 2470 2139 ubi
2501 2088 2767 2144 desiderio
2790 2091 3190 2146 desideraverat
3214 2091 3333 2147 Pass
3358 2095 3426 2148 ba

1843 2176 2171 2230 manducare
2200 2192 2322 2230 cum
2355 2178 2664 2247 discipulis,
2695 2191 2989 2250 antequam
3037 2194 3320 2252 pateretur
3352 2187 3423 2240 ³³.

1845 2262 2062 2317 Diceres
2086 2263 2248 2332 igitur
2267 2280 2361 2319 eos
2385 2266 2677 2320 etiamnum
2703 2268 2755 2323 in
2782 2271 2980 2340 templo
3001 2285 3148 2328 stare
3171 2289 3420 2342 quaeren-

1844 2363 1922 2406 tes
1947 2351 2154 2418 Jesnni,
2211 2355 2431 2410 innixos
2492 2358 2658 2413 veluti
2715 2362 2893 2416 sacris
2938 2362 3270 2433 Scripturis;
3329 2372 3422 2422 sed

1840 2445 1967 2514 quia
2002 2456 2308 2516 qmerentes
2336 2449 2587 2518 ignorent
2634 2466 2758 2505 eum
2809 2453 2902 2522 qui
2945 2456 3112 2523 venit,
3145 2456 3268 2511 huic
3302 2460 3422 2526 qni-

1839 2539 1960 2591 dem
2014 2538 2362 2604 maledicere,
2417 2541 2692 2597 diversum
2745 2559 2873 2600 vero
2928 2548 2997 2600 ab
3029 2548 3133 2602 hoc
3169 2552 3421 2606 contiteri

1841 2630 2134 2684 Christum.
2179 2632 2389 2686 Adhibe
2439 2649 2570 2688 vero
2621 2645 2884 2702 tnetttem,
2914 2655 2982 2694 an
3027 2642 3212 2696 dicere
3247 2645 3424 2712 possis

1841 2722 1976 2774 alios
2003 2735 2222 2790 quoque
2264 2720 2484 2778 Iudaeos
2516 2739 2638 2780 esse
2687 2727 2778 2796 qui
2809 2731 3108 2785 ascendant
3141 2732 3420 2807 Jcrosoly-

1840 2827 2006 2876 lnam,
2041 2813 2368 2881 veniamque
2392 2817 2458 2868 ad
2491 2819 2678 2872 urbem
2716 2820 2806 2873 Dei
2843 2835 2908 2875 ex
2947 2823 3169 2892 regione
3194 2841 3313 2893 qua:
3337 2840 3422 2881 est

1837 2913 1992 2956 extra
2019 2902 2440 2974 Jerosolymam,
2494 2910 2824 2980 veniantqne
2871 2923 2929 2966 ut
2978 2915 3246 2984 punitic..ti
3277 2921 3419 2974 diem

1841 2994 2038 3048 festum
2073 3009 2182 3050 tum
2217 3012 2378 3066 agere
2411 3000 2642 3068 possint,
2675 3018 2797 3056 cum
2847 3003 3056 3060 Pascha
3111 3010 3422 3065 iuintoiatne

177 3095 242 3166 μὴ
278 3095 414 3169 ζύμῃ
456 3098 681 3170 παλαιᾷ,
722 3099 796 3171 μή
827 3100 976 3174 ζύμῃ
1030 3081 1232 3165 κακίας
1278 3102 1372 3154 καὶ
1431 3081 1729 3176 πονηρίας,

1842 3086 1999 3142 fuerit
2026 3089 2278 3146 Christus
2302 3092 2369 3158 “,
2401 3109 2506 3147 non
2542 3095 2812 3150 fcrtuento
2866 3100 3059 3163 veteri,
3109 3115 3284 3171 neque
3313 3104 3422 3158 ler-

167 3181 275 3234 ἀλλ*
307 3189 362 3239 ἐν
399 3187 628 3260 ἀζύμοις
664 3190 1013 3262 εῖλικρινείας
1056 3191 1149 3245 καὶ
1198 3191 1474 3263 ἀληθείας.
1527 3195 1640 3248 Καὶ
1681 3197 1729 3249 οι

171 3278 381 3332 τοιοῦτοί
419 3296 482 3348 γε
519 3279 743 3350 ζητοῦσι
775 3282 868 3336 τὸν
896 3281 1107 3355 Ἰησοῦν
1139 3284 1195 3336 ἐν
1233 3281 1310 3353 τῷ
1345 3282 1474 3355 ἱερῷ
1505 3285 1732 3356 ἑστηκό-

173 3381 254 3428 τες
286 3367 386 3420 τῶν
417 3369 670 3440 Γραφῶν,
707 3371 802 3424 καὶ⁸
831 3373 1168 3443 ἐπαποροῦοτ
1202 3373 1338 3445 πρὸς
1366 3373 1649 3446 ἀλλήλους,
1681 3378 1728 3429 εί

175 3457 428 3516 ἐλεύσεται
453 3465 532 3526 είς
565 3463 663 3535 τήν
695 3463 884 3538 ἑορτήν
925 3463 1148 3535 Ἰησοῦς.

232 3641 317 3696 21.
349 3663 364 3695 ι
396 3644 732 3698 Δεδώκεισαν
762 3644 819 3699 δέ
843 3647 890 3699 οἱ
924 3646 1200 3720 ἀρχιερεῖς
1231 3647 1324 3700 καὶ
1351 3648 1400 3701 oi
1443 3648 1727 3719 Φαρισαῖοι

171 3732 390 3798 ἐντολὰς,
419 3737 525 3801 ἵνα,
566 3737 664 3790 ἐάν
701 3754 787 3803 τις
826 3737 938 3808 γνῷ
976 3738 1138 3792 αὐτὸν
1168 3739 1278 3811 (70)
1309 3738 1412 3792 ποῦ
1439 3739 1554 3794 ἔστι
1577 3781 1592 3805 ,
1625 3759 1729 3812 μη-

172 3822 324 3896 νύσῃ,
352 3829 495 3892 ὅπως
533 3829 799 3883 πιάσωσιν
832 3830 1014 3884 αὐτόν.
1045 3851 1064 3883 ι
1105 3832 1248 3903 Ὅρα
1288 3831 1404 3896 πῶς
1445 3833 1728 3905 μεμαρτύ-ο

171 3934 318 3990 ρηται
351 3921 831 3994 ἀνακεχωρηκέναι
853 3963 867 3986 ,
923 3924 1010 3977 ἵνα
1040 3925 1134 3978 καλ⁵
1179 3926 1343 3996 ἡμεῖς
1371 3923 1729 3997 γινώσκωμεν

167 4010 219 4060 ἐν
251 4011 415 4084 καιρῷ
443 4014 503 4067 τὸ
531 4015 740 4068 τοιοῦτο
778 4019 970 4072 ποιεῖν.
997 4018 1106 4070 Καὶ
1136 4016 1374 4088 πρόσχες
1407 4033 1493 4086 γε,
1520 4018 1602 4071 ὃτι
1629 4018 1730 4072 οὐκ

165 4102 370 4173 ᾔδεισαν
401 4108 532 4160 ὅπου
577 4107 724 4161 ἐστὶν
773 4108 897 4162 οὔτε
945 4110 993 4162 οἱ
1029 4110 1326 4182 ἀρχιερεῖς,
1356 4108 1480 4162 οὕτε
1517 4110 1566 4163 οἱ
1612 4111 1725 4162 Φα-

165 4199 369 4263 ρισαῖοι·
419 4199 512 4252 καὶ
545 4199 620 4271 μὴ
650 4199 854 4264 ειδότες
883 4200 1116 4256 διδόασιν
1147 4200 1386 4266 ἐντολάς,
1421 4201 1506 4254 ἵνα
1527 4201 1623 4255 ἐάν
1643 4219 1728 4267 τις

165 4282 270 4353 γνῷ
295 4283 391 4338 ποῦ
425 4284 562 4350 ἐστι,
597 4285 814 4358 μηνύσῃ
839 4286 1054 4350 αὐτοῖς,
1103 4287 1198 4340 καὶ
1249 4284 1586 4341 συλλάϐωσιν
1631 4287 1728 4340 αύ-

166 4374 266 4428 τόν.
296 4377 400 4430 Καὶ
431 4377 606 4442 ἄλλως
645 4377 702 4431 δέ
759 4379 986 4449 φήσεις,
1044 4379 1128 4432 ὃτι
1165 4378 1606 4446 ἐπιϐουλεύοντες
1648 4381 1728 4453 τῷ

179 4465 336 4537 Ἰησοῦ
355 4471 456 4524 οὐκ
475 4470 648 4530 οἴδασι
685 4470 787 4524 ποῦ
821 4470 957 4524 ἐστι’
992 4470 1074 4524 διδ
1093 4471 1326 4526 διδόασιν
1357 4473 1550 4545 ἐτέρας
1579 4475 1730 4545 παρά

1841 3191 2021 3234 mento
2051 3182 2270 3238 malitia:
2293 3195 2346 3239 et
2373 3189 2644 3252 versutia,
2679 3188 2773 3242 sed
2800 3188 2852 3242 ir.
2889 3191 3119 3258 panibus
3151 3195 3423 3252 fermento

1839 3271 2172 3339 carentibus,
2209 3275 2312 3329 hoe
2355 3287 2440 3332 est
2489 3279 2806 3334 sinceritate
2833 3292 2889 3336 et
2920 3284 3172 3339 veritate.
3219 3285 3422 3358 liuius-

1840 3364 2093 3433 tnodiqne
2120 3381 2250 3421 sane
2280 3381 2523 3438 quaerent
2555 3369 2742 3426 Jesum
2778 3374 2830 3426 in
2867 3377 3070 3444 templo
3101 3377 3419 3448 Scriptura-

1837 3469 1954 3510 rum
2009 3468 2234 3526 stantes,
2261 3473 2314 3516 et
2341 3462 2483 3517 inter
2506 3480 2564 3518 se
2595 3465 2903 3520 dubitantes
2953 3483 3023 3522 an
3063 3480 3326 3527 venturus
3348 3475 3421 3528 sit

1833 3547 1996 3604 Jesns
2017 3554 2083 3605 ad
2110 3553 2252 3608 diem
2281 3554 2502 3610 festum.

1903 3645 2066 3718 ‘03
2096 3648 2184 3704 2|.
2215 3667 2234 3700 ι
2263 3649 2533 3704 Dederant
2565 3659 2744 3705 autem
2774 3650 3030 3708 Pharisaei
3055 3663 3109 3708 et
3134 3655 3421 3725 pontiﬁces

1836 3743 2172 3806 mandatum,
2207 3751 2262 3794 nt
2289 3743 2334 3795 si
2357 3744 2480 3812 quis
2509 3745 2853 3814 cognovisset
2889 3743 2981 3797 ubi
3013 3755 3177 3811 esset,
3211 3747 3419 3803 indica-

1838 3837 1938 3894 ret,
1981 3837 2040 3880 ιιι
2077 3831 2603 3898 comprehenderent
2648 3845 2770 3884 eum
2804 3835 2871 3884 ".
2912 3849 2930 3881 ι
2969 3829 3098 3885 Vide
3147 3841 3204 3884 nt
3239 3834 3418 3889 dictus

1835 3924 1922 3970 est
1956 3917 2273 3983 secessisse,
2323 3934 2432 3990 quo
2488 3933 2586 3974 nos
2632 3920 2798 3973 etiam
2850 3920 3125 3975 discamus
3175 3921 3228 3974 in
3276 3931 3418 3976 tem-

1834 4023 1964 4078 pore
2000 4008 2137 4064 idem
2169 4009 2372 4066 facere.
2399 4013 2476 4065 Ae
2509 4011 2758 4082 profecto
2788 4012 3009 4066 attende
3035 4028 3210 4084 neque
3236 4015 3420 4084 ponti-

1837 4101 1989 4164 ﬁces,
2022 4089 2197 4172 n'eqne
2229 4101 2536 4159 Pltarisazos
2566 4119 2726 4160 nosse
2757 4103 2844 4158 ubi
2877 4105 2950 4160 sit
2984 4104 3163 4174 Jesus,
3193 4117 3244 4162 et
3273 4108 3419 4176 quod

1836 4194 2140 4249 nescientes
2163 4195 2288 4250 dent
2329 4199 2648 4252 mandatum
2680 4206 2741 4253 ut
2785 4198 2829 4252 si
2857 4199 2980 4268 quis
3005 4202 3288 4268 agnoverit
3322 4202 3415 4256 ubi

1833 4285 1927 4350 sit,
1978 4286 2185 4341 indicet
2237 4288 2342 4343 illis
2400 4297 2458 4343 ut
2512 4290 2979 4360 comprehendant
3029 4305 3177 4348 οιιιη.
3237 4291 3418 4360 Atque

1835 4376 1997 4431 etiam
2041 4378 2200 4434 aliter
2242 4381 2408 4447 dices,
2441 4383 2582 4450 quod
2612 4382 2703 4452 qni
2749 4381 2874 4436 Jesu
2920 4382 3147 4436 insidias
3178 4381 3412 4436 motiun-

1839 4477 1944 4534 Iur,
1979 4473 2229 4526 nesciunt
2261 4473 2350 4526 ubi
2399 4472 2501 4536 sit;
2553 4488 2714 4541 quam
2759 4473 2832 4527 ob
2873 4487 3097 4526 causam
3141 4472 3244 4525 alia
3280 4474 3416 4527 dant

163 4557 254 4623 τὰς
309 4561 400 4615 τοῦ
454 4561 591 4616 Θεοῦ
641 4562 880 4628 ἐντολάς,
936 4562 1282 4627 διδάσκοντες
1337 4562 1685 4626 διδασκαλίας
1711 4599 1729 4626 ,

1842 4561 2088 4618 mandata
2128 4579 2158 4616 a
2206 4563 2475 4618 mandatis
2525 4563 2642 4627 Dei,
2695 4565 2958 4617 docentes
2999 4561 3281 4615 doctrinas
3315 4561 3416 4614 ho-

165 4653 458 4726 ἐντάλματα
516 4655 840 4727 ἀνθρώπων·
881 4656 971 4711 καί
1003 4658 1143 4710 εἰσιν
1177 4655 1356 4711 αὐτῶν
1404 4657 1460 4710 αί
1520 4655 1730 4710 ἐντολαὶ

165 4747 223 4806 ἃς
254 4744 449 4800 διδόασι
484 4747 765 4818 Φαρισαῖοι
801 4746 894 4801 καὶ
927 4748 1203 4820 ἀρχιερεῖς
1243 4747 1352 4799 τῶν
1399 4745 1729 4817 σωματικῶν

162 4837 503 4906 τυγχάνοντες
558 4839 830 4892 Ἰουδαίων
891 4839 1030 4893 κατᾶ
1062 4836 1158 4890 τοῦ
1192 4837 1392 4908 Ἰησοῦ·
1450 4837 1728 4908 βούλονται

168 4925 263 4998 γάρ
301 4945 450 4993 τινας
485 4929 721 5004 μηνῦσαι
768 4930 951 4994 αὐτοῖς
1008 4930 1100 4983 τὸν
1130 4928 1372 5002 Ἰησοῦν,
1429 4929 1516 4981 ἴνα
1566 4929 1727 4982 αὑτὸν

170 5016 455 5092 ὑποχείριον
508 5021 760 5086 λαθόντες
816 5020 1077 5094 προδῶσι.
1138 5022 1250 5076 Καὶ
1314 5020 1511 5092 φήσεις
1549 5019 1725 5073 πάντα

163 5109 243 5164 τὸν
266 5111 762 5184 περιεργαζόμενον
797 5112 865 5168 τὰ
927 5113 1056 5186 περὶ
1109 5113 1198 5166 τὸν
1254 5111 1724 5184 Χριστιανισμδν,

161 5200 243 5254 ἐπὶ
275 5201 353 5274 τῷ
387 5202 549 5256 αὐτὸν
603 5201 929 5274 ἀνατρέπειν
949 5243 966 5269 ,
1001 5203 1095 5257 καὶ
1125 5204 1453 5276 κατηγορεῖν
1481 5241 1496 5266 ,
1553 5202 1725 5272 bapt-

225 5367 267 5438 ξ’
288 5365 443 5424 Joan.
478 5383 590 5433 xvi,
620 5367 676 5422 2.
753 5369 799 5438 f'
823 5367 977 5424 Joan.
1006 5384 1050 5434 ι,
1078 5366 1166 5424 29.
1238 5370 1285 5438 ff
1317 5366 1474 5424 Joan.
1505 5383 1619 5438 \‘Itt,
1656 5366 1733 5424 ιο.

1842 5366 2040 5423 "Joan.
2064 5370 2240 5438 xz,56.
2315 5370 2360 5400 ⁸³
2383 5369 2515 5424 an.
2552 5385 2684 5437 χιιι,
2709 5369 2887 5426 ιε-ιδ.

162 5435 371 5492 "Joau.
397 5453 473 5504 ιι,
507 5439 597 5494 57.
675 5437 720 5471 ²⁶
752 5437 941 5494 Matth.
989 5453 1079 5506 xv,
1118 5438 1186 5506 9;
1235 5437 1405 5494 Marc.
1446 5453 1540 5504 vn,
1565 5437 1616 5492 7.

1839 4653 2154 4724 minumque
2196 4656 2449 4709 mandata
2485 4657 2551 4710 “.
2589 4655 2649 4710 Et
2705 4662 2832 4709 sunt
2871 4655 3109 4722 ipsorum
3159 4653 3410 4707 mandata

1837 4761 1956 4814 qum
1988 4745 2247 4799 Pharismi
2301 4748 2565 4816 prs-bent,
2611 4757 2662 4802 et
2706 4746 2994 4814 pontiﬁces
3039 4745 3403 4816 corporalium

1834 4834 2163 4902 Judaeorum,
2189 4839 2452 4894 adversus
2475 4838 2662 4895 Jesnm
2699 4856 2713 4895 :
2745 4840 2932 4894 volunt
2960 4842 3106 4895 enim
3139 4841 3404 4910 quosdam

1836 4927 2078 4982 indicare
2105 4929 2206 4982 sibi
2235 4926 2443 4994 Jesum,
2481 4938 2539 4984 nt
2572 4930 2720 4985 illum
2752 4932 3080 5002 mancipium
3127 4943 3409 5000 acceptum

1833 5019 2084 5088 prodant.
2106 5018 2264 5076 Dices
2293 5021 2458 5074 etiam
2485 5036 2701 5076 omnem
2729 5023 2946 5078 curiose
2973 5034 3408 5092 perscrutantem

1832 5112 2330 5182 Christianismum,
2383 5131 2492 5185 quo
2541 5115 2821 5170 subvertet
2880 5116 3008 5172 illud
3061 5123 3117 5170 et
3165 5125 3410 5181 accuset,

1833 5201 2164 5258 Pharisaeum
2193 5206 2483 5276 quemdam
2528 5220 2670 5270 esse,
2717 5217 2773 5261 et
2812 5221 2917 5260 non
2950 5206 3148 5261 bonum
3198 5203 3410 5276 pontiﬁ-

2991 5370 3036 5403 “
3066 5370 3082 5425 Ι
3107 5368 3238 5425 Cor.
3268 5385 3324 5436 ν,
3350 5368 3408 5429 8.

225 5596 333 5672 (θέλ)
351 5596 532 5672 godex
566 5597 888 5672 [indicimus
917 5605 1064 5672 recte
1097 5595 1287 5672 habet,
1312 5597 1586 5672 ὰνῴγεων·
1612 5597 1733 5672 Regi

1842 5613 1967 5653 vero
2004 5597 2145 5654 male
2173 5597 2489 5667 ἀναγκαῖον.

225 5667 330 5739 (7D)
351 5666 535 5726 Codex
564 5665 907 5734 Bodleianus,
935 5668 1094 5722 αὐτόν
1113 5685 1126 5699 ο
1160 5667 1378 5738 Regius,
1407 5665 1622 5724 ἐσυτόν.
