3866 6200
163 262 245 317 7.3
257 258 283 311 Ι

1132 250 1489 308 COMMENT.
1536 251 1600 305 IN
1648 251 1838 306 JOAN.
1877 247 2117 308 TOMUS
2167 249 2380 304 XXXII.

3346 261 3446 314 τ’ίῖ

241 371 303 424 9...
340 388 357 418 ι
397 368 507 422 Καὶ
524 366 744 421 δείπνου
765 365 1058 439 γενομένου
1082 368 1240 441 (75⁸),
1266 370 1360 424 τοῦ
1388 370 1634 424 διαϐόλου
1655 369 1748 441 ἠδη

1933 369 1992 425 2.
2033 390 2052 424 ι
2088 369 2156 423 Et
2190 381 2348 425 cana
2375 368 2537 436 facta,
2583 387 2706 426 cum
2753 371 3002 426 diabolus
3038 371 3152 444 jam
3179 372 3442 431 immisis-

162 461 506 541 βεϐληκότος
564 461 645 524 είς
698 459 794 532 τὴν
852 462 1080 534 καρδίαν
1158 460 1328 516 Ἰούδα
1373 463 1617 534 Σίμωνος
1663 462 1758 515 τοῦ

171 551 535 626 Ἰσκαριώτου
591 555 680 608 ἵνα
735 553 967 626 παραδῷ
1019 555 1181 609 αὑτὸν
1204 596 1218 620 ,
1272 555 1465 622 εἰδὼς,
1510 557 1594 610 ὃτι.
1647 555 1761 628 (76)

162 650 355 706 πάντα
410 645 644 699 δέδωκεν
708 645 858 717 αύτῷ
901 649 930 700 6
985 647 1177 720 Πατὴρ
1229 650 1310 712 είς
1375 649 1478 712 τὰς
1532 651 1758 722 χεῖρας,

162 741 275 799 καὶ
328 739 409 792 ﬁt
471 738 581 792 ἀπὸ
656 737 793 792 Θεοῦ
847 739 1035 810 ἐξῆλθε
1062 781 1076 805 ,
1126 741 1224 794 καὶ
1284 741 1424 814 πρὸς
1480 741 1572 796 τὸν
1628 742 1760 796 Θεὸν

164 831 419 900 ὑπάγει,
481 829 755 901 ἐγείρεται
828 833 893 884 ἐκ
947 831 1044 885 τοῦ
1089 832 1347 898 δείπνου,
1413 837 1507 890 καὶ
1576 837 1760 908 τίθησι

164 928 248 982 τὰ
321 923 550 995 ἱμάτια,
613 924 708 977 καὶ
779 922 970 978 λαϐὼν
1021 924 1230 981 λέντιον
1299 927 1554 993 διέζωσεν
1628 932 1757 984 ἑαυ-

167 1019 305 1074 τόνο
368 1013 482 1069 εἷτα
539 1014 726 1085 βάλλει
802 1015 946 1092 ὕδωρ
1003 1021 1083 1083 εἰς
1153 1019 1245 1072 τὸν
1317 1021 1599 1094 νιπτῆρα,
1665 1024 1759 1077 καὶ

169 1109 382 1182 ἧρξατο
442 1107 654 1162 νίπτειν
703 1111 832 1175 τοὺς
901 1111 1068 1176 πόδας
1126 1111 1236 1164 τῶν
1291 1113 1552 1184 μαθητῶν
1579 1157 1594 1181 ,
1664 1117 1758 1170 καὶ

175 1202 473 1274 ἰκμάσσειν
517 1201 594 1271 τῷ
641 1203 834 1274 λεντίῳ
900 1196 945 1271 ᾧ
1007 1200 1075 1274 ἦν
1148 1203 1529 1277 διεζωσμένος.
1578 1226 1597 1258 ι
1671 1209 1758 1262 Ἐν

180 1298 302 1360 ταῖς
369 1297 448 1358 είς
511 1296 571 1348 τὸ
630 1295 772 1350 κατὰ
845 1295 1061 1349 Λουκᾶν
1128 1296 1369 1366 ὁμιλίαις
1444 1300 1760 1370 συνεκρίνα-

189 1407 286 1462 μεν
326 1388 579 1460 ἀλλήλαις
633 1389 744 1459 (77)
788 1387 886 1452 τὰς
937 1389 1291 1460 παραϐολὰς,
1341 1390 1434 1444 καὶ
1489 1391 1758 1463 ἐζητήσα-

195 1499 304 1553 μεν,
335 1482 384 1534 τί
409 1483 504 1552 μὲν
558 1481 814 1552 σημαίνει
874 1479 933 1534 τὸ
986 1480 1128 1534 κατὰ
1186 1481 1286 1546 τὰς
1335 1483 1486 1548 Θείας
1535 1484 1758 1556 Γραφὰς

192 1577 430 1646 ἄριστον,
477 1574 529 1628 τί
575 1574 632 1627 δὲ
678 1574 975 1646 παρίστησι
1019 1573 1081 1626 τὸ
1126 1577 1250 1628 κατ’
1301 1575 1471 1640 αὑτὰς
1523 1577 1755 1637 δεῖπνον.

194 1667 292 1721 Καὶ
310 1666 398 1720 νῦν
417 1666 594 1738 τοίνυν
620 1666 878 1737 λελέχθω,
908 1667 991 1720 ὅτι
1019 1667 1241 1739 ἄριστον
1268 1668 1367 1736 μὲν
1385 1667 1529 1721 ἔστιν
1547 1671 1581 1740 ἡ
1607 1671 1758 1742 πρὼ-

197 1777 254 1827 τη
282 1761 368 1813 καὶ
400 1759 502 1832 πρὸ
527 1760 626 1830 τῆς
651 1760 957 1822 συντελείας
988 1759 1089 1829 τῆς
1105 1761 1162 1812 ὲν
1191 1759 1269 1830 τῷ
1299 1759 1398 1830 βίῳ
1424 1761 1595 1832 τούτῳ
1625 1764 1760 1833 ἡμέ-

202 1869 283 1922 ρας
315 1851 681 1921 πνευματικῆς
701 1853 811 1914 τοῖς
831 1851 1202 1923 εἰσαγομένοις
1229 1851 1541 1922 ἁρμόζουσα
1557 1856 1752 1926 τροφήο

198 1943 382 1996 δεῖπνον
407 1942 480 2006 δὲ,
508 1944 541 2012 ἡ
575 1941 862 1996 τελευταία
892 1945 987 1997 καὶ
1017 1946 1130 2007 τοῖς
1155 1943 1256 2014 ῆδη
1298 1943 1408 2014 (78)
1444 1945 1536 1998 ἐπὶ
1575 1945 1756 2000 πλεῖον

200 2035 534 2108 προκεκοφόσι
571 2034 980 2107 παρατιθεμένη
1024 2035 1164 2089 κατὰ
1213 2035 1389 2105 λόγον.
1433 2037 1543 2090 Καὶ
1580 2036 1756 2102 ἄλλως

199 2126 243 2179 δὲ
263 2128 392 2180 είποι
431 2128 495 2182 ἄν
524 2143 627 2191 τις,
653 2125 872 2199 ἄριστον
906 2126 1006 2198 μὲν
1038 2123 1177 2180 εἶναι
1214 2129 1306 2181 τὸν
1341 2127 1464 2182 νοῦν
1495 2128 1603 2182 τῶν
1653 2146 1755 2183 πα-

199 2218 340 2272 λαιῶν
377 2218 743 2292 Γραμμάτων,
773 2219 986 2274 δεῖπνον
1022 2219 1079 2273 δὲ
1119 2219 1188 2274 τὰ
1225 2221 1752 2294 ὲναποκεκρυμμένα

197 2314 250 2382 τῇ
276 2315 422 2383 καινῇ
447 2313 690 2385 Διαθήκη
729 2313 1021 2385 μυστήρια.
1061 2311 1246 2367 Ταῦτα
1273 2313 1331 2366 δὲ
1361 2314 1454 2367 καὶ
1477 2315 1532 2366 ὲν
1569 2331 1754 2385 προοιο

201 2401 290 2472 μίῳ
313 2401 548 2456 λέλεκται
573 2402 901 2469 ὲξετάζοντι,
921 2402 1038 2467 πῶς
1057 2403 1350 2475 γενομένου
1373 2403 1586 2456 δείπνου
1608 2403 1750 2471 ἐγεί-

199 2509 330 2561 ρεται
355 2495 382 2546 ὀ
429 2492 637 2566 Ἰησοῦς
665 2495 729 2546 ὲκ
756 2491 850 2546 τοῦ
895 2493 1134 2558 δείπνου,
1171 2494 1265 2548 καὶ
1293 2492 1470 2564 βαλὼν
1503 2493 1646 2566 ὕδωρ
1673 2496 1751 2558 είς

196 2585 271 2638 τὸν
299 2585 525 2658 νιπτῆρα
558 2586 786 2658 ἄρχεται
825 2587 954 2651 τοὺς
985 2585 1096 2640 τῶν
1129 2585 1388 2659 μαθητῶν
1412 2585 1622 2638 νίπτειν
1656 2585 1754 2639 πό-

195 2675 292 2740 δας·
321 2672 465 2748 οἶμαι
501 2679 628 2751 γὰρ,
669 2679 750 2732 ὅτι
779 2680 826 2732 oi
861 2678 1001 2749 μετὰ
1039 2677 1134 2731 τοῦ
1172 2677 1347 2750 Ἰησοῦ
1381 2676 1748 2743 δειπνοῦντες,

196 2767 275 2820 καὶ
307 2770 358 2821 ὲν
386 2771 450 2840 τῇ
468 2770 560 2822 ἐπὶ
592 2769 733 2822 τέλει
759 2768 852 2823 τοῦ
888 2769 1003 2839 βίου
1031 2767 1221 2822 τούτου
1258 2769 1439 2841 ἡμέρᾳ
1475 2769 1753 2840 μεταλαμ-

193 2859 417 2924 ϐάνοντες
455 2861 552 2914 σὺν
600 2861 749 2932 αὑτῷ
791 2861 1016 2934 τροφῆς,
1055 2859 1263 2914 δέονται
1307 2860 1404 2930 μὲν
1449 2859 1750 2932 καθαρσίου

191 2953 334 3017 τινὸς,
365 2954 422 3006 οὑ
475 2953 580 3024 μὴν
632 2954 759 3024 περί
783 2971 835 3006 τι
872 2953 983 3007 τῶν
1027 2951 1258 3024 πρώτων
1285 2951 1378 3005 τοῦ
1408 2951 1509 3023 τῆς
1549 2951 1748 3025 ψυχῆς,

1861 473 1948 516 set
1993 463 2048 516 in
2099 477 2200 517 eor
2223 461 2376 518 Judie
2437 463 2678 520 Simonis
2725 466 3023 530 lscariotze,
3079 475 3137 519 ut
3192 468 3446 535 proderet

1861 569 2004 620 eum,
2068 557 2250 612 sciens
2295 555 2454 612 Iesus
2495 559 2676 612 omnia
2725 559 2938 613 dedisse
2969 559 3070 614 sibi
3125 558 3340 614 Patrem
3387 558 3444 612 in

1863 661 2073 712 manus,
2099 663 2266 719 seque
2302 666 2330 703 a
2369 651 2476 704 Deo
2507 650 2701 710 exisse,
2734 660 2788 705 et
2821 651 2886 704 ad
2917 651 3084 704 Deum
3121 652 3292 716 abire,
3325 667 3445 707 sur-

1859 736 1934 804 git
1963 753 1990 789 a
2017 753 2194 802 cmna,
2232 751 2285 793 et
2316 741 2465 809 ponit
2493 741 2850 803 vestimenta;
2882 755 3116 810 cumque
3141 742 3447 810 αοενρίεεοι

1863 827 2107 890 linteum,
2138 831 2427 898 praecinxit
2475 847 2572 886 se:
2605 832 2799 886 deinde
2829 832 2980 886 misit
3023 849 3218 902 aquam
3255 833 3308 886 in
3339 835 3449 903 pel-

1863 922 1990 983 \im.
2024 935 2078 977 et
2107 925 2272 995 coepit
2298 930 2483 980 lavare
2513 925 2680 994 pedes
2703 925 3120 993 discipulorum,
3163 937 3217 979 ct
3266 937 3447 980 exter-

1859 1029 1986 1084 gere
2024 1014 2192 1070 linteo
2240 1031 2346 1086 quo
2385 1017 2708 1086 praecinctus
2739 1027 2858 1071 erat
2883 1018 2948 1072 ".
3018 1036 3036 1069 ι
3099 1017 3154 1071 In
3208 1017 3448 1072 homiliis

1860 1121 1994 1176 quas
2022 1105 2074 1160 in
2108 1106 2309 1162 Lucam
2334 1108 2624 1171 edidimus,
2653 1109 2928 1178 parabolis
2953 1110 3094 1164 inter
3117 1124 3174 1164 se
3209 1109 3444 1173 collatis,

1861 1198 2244 1270 inquisivimus
2269 1201 2397 1269 quid
2430 1201 2481 1254 in
2529 1202 2731 1258 divinis
2763 1201 3065 1271 Scripturis
3113 1203 3447 1273 siguilicaret

1861 1294 2172 1361 prandium,
2203 1294 2441 1364 quidque
2475 1311 2664 1350 rursus
2689 1297 2740 1350 in
2780 1298 2867 1352 his
2907 1296 3239 1367 signiﬁcarct
3265 1313 3442 1354 curua.

1857 1380 2019 1453 405
2061 1382 2280 1438 Dicatur
2303 1400 2433 1449 ergo
2479 1387 2641 1440 etiam
2674 1402 2816 1440 nunc
2865 1389 3008 1456 quod
3041 1389 3326 1458 prandium
3370 1389 3446 1443 sit

1862 1473 1948 1527 ille
1978 1473 2186 1544 primus
2232 1477 2385 1531 cibus
2429 1478 2520 1547 qui
2573 1479 2641 1532 iis
2671 1481 2759 1548 qui
2791 1479 3216 1535 introducuntnr
3247 1497 3445 1535 conve-

1862 1564 1959 1624 nit,
1991 1574 2154 1634 atque
2183 1570 2346 1621 etiam
2385 1581 2677 1639 antequam
2723 1572 2946 1626 ﬁniatur
2982 1574 3099 1627 dies
3144 1574 3444 1643 spiritualis

1860 1655 1950 1724 qui
1997 1657 2102 1710 hac
2151 1659 2259 1711 vita
2307 1659 2577 1729 obtingit;
2615 1675 2826 1716 ccenam
2871 1679 3000 1718 vero
3032 1680 3153 1720 esse
3194 1665 3441 1721 ultimum

1866 1744 2012 1798 illunt
2067 1747 2248 1800 cibum
2297 1751 2389 1818 qui
2449 1751 2849 1807 rationabiliter
2900 1757 3192 1824 apponitur
3229 1758 3312 1811 his
3348 1760 3441 1826 qui

1861 1833 1982 1904 plus
2036 1835 2409 1905 profecerunt.
2464 1840 2576 1894 Nisi
2632 1843 2774 1896 dicat
2819 1845 2986 1898 etiam
3048 1845 3244 1916 aliquis
3277 1864 3442 1917 pran-

1860 1925 2000 1978 dium
2019 1942 2138 1981 esse
2158 1927 2568 1998 intelligentiam
2591 1942 2831 1985 veterum
2861 1931 3289 2001 Scripturarum.
3325 1950 3441 1990 crn-

1860 2032 1984 2069 nam
2036 2033 2163 2072 vero
2201 2020 2458 2089 mysteria
2493 2036 2611 2090 qua:
2641 2021 2694 2074 in
2733 2021 2880 2076 Novo
2910 2021 3262 2079 Testamento
3315 2036 3442 2079 Sunt

1860 2107 2160 2162 recondita.
2191 2109 2315 2163 ΙΙωο
2341 2120 2526 2164 autem
2557 2111 2608 2163 in
2641 2112 2909 2180 prooemio
2937 2114 3080 2168 dicta
3122 2117 3252 2169 mihi
3288 2115 3442 2171 fuere

1857 2197 2164 2265 exquirenti
2216 2199 2492 2267 quomodo
2545 2199 2689 2254 facta
2737 2217 2891 2256 caena
2941 2206 3112 2271 surgit
3157 2203 3334 2269 Jeszzs,
3387 2216 3442 2257 ιιι

1858 2289 2024 2341 missa
2056 2303 2198 2359 aqua
2244 2289 2294 2343 iu
2343 2290 2539 2360 pelvim
2587 2291 2754 2362 coepit
2787 2292 2972 2346 lavare
3002 2294 3166 2362 pedes
3195 2293 3439 2362 discipu-

1857 2381 2057 2436 lorum.
2115 2382 2373 2439 Arbitror
2421 2383 2569 2439 enim
2623 2399 2724 2455 ego
2761 2400 2855 2440 eos
2885 2385 2978 2456 qui
3015 2402 3138 2440 cum
3169 2383 3297 2441 .lesu
3327 2401 3438 2443 cm-

1857 2486 2010 2540 nant,
2043 2476 2224 2532 cibum
2253 2493 2376 2532 cum
2419 2478 2534 2547 ipso
2580 2479 2946 2548 percipientes
2985 2480 3035 2534 in
3069 2479 3258 2533 ultimo
3283 2481 3441 2549 hujus

1854 2567 1980 2624 vitae
2017 2569 2103 2623 die
2129 2611 2145 2636 ,
2187 2569 2566 2640 puriﬁcatione
2599 2571 2819 2641 quidem
2858 2571 3038 2641 aliqua
3083 2588 3219 2643 opus
3271 2575 3441 2629 habe-

1857 2675 1952 2727 re;
1991 2676 2113 2716 cum
2147 2673 2322 2715 tamen
2362 2678 2467 2715 non
2501 2677 2638 2732 opus
2685 2663 2920 2717 habeant
2984 2675 3042 2719 ut
3079 2667 3265 2735 prima:
3309 2683 3437 2738 par-

1860 2762 1939 2806 tes
1974 2754 2220 2823 corporis
2269 2755 2484 2817 animze,
2537 2763 2595 2808 ut
2625 2755 2699 2809 ita
2753 2755 2965 2826 loquar.
3002 2757 3215 2814 illorum
3248 2760 3437 2815 laven-

1859 2853 1987 2908 tur;
2034 2844 2148 2908 sed,
2198 2855 2257 2899 ut
2313 2846 2510 2914 aliquis
2537 2847 2766 2914 diceret,
2819 2849 2908 2901 illa
2941 2849 3047 2914 illis
3084 2859 3294 2903 tantum
3357 2851 3437 2904 la-

1858 2937 2034 2988 vanda
2062 2935 2175 2989 sint
2215 2953 2336 3006 qum
2368 2947 2491 2991 sunt
2527 2937 2712 2991 ultima
2746 2949 2799 2992 et
2827 2951 3098 3004 extrema,
3133 2951 3187 2994 et
3223 2956 3343 3010 qua:
3381 2941 3436 2996 in

193 3043 249 3096 ἶν’
271 3043 427 3108 οὕτως
457 3044 729 3114 ὀνομάσω,
762 3043 1030 3114 σώματος,
1067 3043 1202 3106 ἀλλ’,
1245 3041 1321 3104 ὡς
1355 3041 1421 3095 ἂν
1452 3044 1594 3096 εἴποι
1642 3061 1748 3108 τις,

1861 3033 2002 3080 terra
2034 3027 2344 3082 necessario
2364 3037 2688 3093 venantur;
2724 3028 2969 3099 hancque
3000 3031 3434 3100 puriﬁcationem

188 3135 453 3206 χρῄζουσιν
477 3135 892 3190 ἀποπλύνασθαι
912 3135 980 3188 τὰ
1001 3133 1308 3196 τελευταῖα,
1334 3134 1505 3188 καὶτὰ
1522 3133 1746 3205 ἔσχατα,

188 3231 272 3282 καὶ
292 3232 351 3301 τῇ
378 3233 444 3301 γῇ
470 3229 783 3298 ἀναγκαίως
808 3228 1116 3300 ὁμιλοῦνταο
1147 3228 1241 3282 καὶ
1269 3227 1426 3281 τοῦτο
1452 3228 1514 3281 τὸ
1546 3228 1752 3302 καθάρ-

187 3337 288 3374 σιον
313 3322 516 3393 πρῶτον
540 3323 637 3392 μὲν
667 3322 759 3375 ὑπ’
781 3320 994 3384 οὐδενὸς
1018 3319 1050 3391 ἢ
1079 3319 1175 3372 τοῦ
1207 3317 1379 3390 Ἰησοῦ
1410 3319 1570 3390 μόνου
1597 3319 1750 3388 γενέ-

187 3413 298 3468 σθαι
317 3413 550 3476 δύναται,
569 3412 820 3484 δεύτερον
849 3412 906 3465 δὲ
921 3413 1014 3466 καὶ
1030 3411 1091 3464 τὸ
1105 3410 1239 3481 (78‘)
1256 3411 1360 3464 ὑπὸ
1371 3411 1478 3466 τῶν
1491 3410 1747 3483 μαθητῶν

184 3503 351 3568 αὑτοῦ,
377 3506 509 3577 πρὸς
533 3503 628 3568 οὓς
651 3501 792 3557 εἴπεο
829 3523 847 3554 ι
877 3503 988 3556 Καὶ
1022 3503 1180 3574 ὑμεῖς
1219 3502 1464 3573 ὀφείλετε
1493 3505 1620 3568 τοὺς
1653 3504 1750 3557 πό-

181 3589 269 3654 δας
283 3591 515 3664 ἁλλήλων
532 3591 758 3645 νίπτειν·
791 3590 1095 3660 ὑπόδειγμα
1119 3591 1226 3661 γὰρ
1246 3589 1424 3644 ἔδωκα
1451 3591 1601 3662 ὑμῖν,
1637 3592 1743 3656 ἴνα,

181 3679 346 3746 καθὼς
366 3682 474 3752 ἐγὼ
510 3683 743 3753 ἐποίησα
771 3683 919 3752 ὑμῖν,
956 3682 1051 3735 καὶ
1091 3683 1248 3752 ὑμεῖς
1287 3681 1498 3751 ποιῆτε.
1532 3701 1550 3734 ι
1595 3682 1746 3737 Καὶό

181 3765 562 3841 Εὐαγγελιστής
577 3787 641 3839 γε
659 3772 717 3823 ὲν
742 3769 952 3832 τούτοις
980 3786 1070 3840 μοι
1090 3769 1258 3835 δοκεῖ,
1287 3771 1573 3843 διεγείρων
1588 3773 1621 3842 ἡ
1630 3772 1746 3842 μῶν

180 3857 262 3912 τὸν
281 3861 396 3915 νοῦν
417 3862 508 3915 ἐπὶ
522 3862 584 3916 τὸ
612 3862 801 3932 νοητὸν
824 3862 935 3934 (79)
955 3862 1064 3916 τῶν
1079 3862 1225 3916 κατὰ
1245 3861 1336 3916 τὸν
1357 3862 1418 3914 τό
1427 3879 1543 3924 πον,
1568 3861 1642 3934 μὴ
1659 3881 1746 3917 τε-

179 3955 451 4025 τηρηκέναι
473 3956 574 4028 μὲν
601 3956 918 4028 σωματικὴν
951 3955 1194 4030 περὶτοῦ
1215 3954 1472 4026 νίψασθαι
1496 3955 1594 4028 τὴν
1619 3958 1746 4011 ἀκο-

181 4043 394 4113 λουθίαν,
427 4049 517 4102 ὅτε
544 4047 656 4120 (80)
687 4049 794 4120 πρὸ
811 4047 904 4102 τοῦ
927 4048 1144 4102 δείπνου
1169 4047 1264 4101 καὶ
1296 4047 1398 4118 τῆς
1423 4048 1514 4100 ἐπὶ
1547 4047 1608 4101 τὸ
1638 4048 1747 4102 δει-

181 4142 316 4193 πνεῖν
339 4141 667 4205 ἁνακλίσεως
691 4141 740 4194 οἱ
767 4140 1010 4212 δεόμενοι
1031 4139 1125 4196 τοῦ
1142 4140 1398 4211 νίψασθαι
1425 4141 1550 4204 τοὺς
1578 4139 1744 4206 πόδας

182 4231 452 4288 νίπτονταν
503 4232 749 4306 ὑπερϐὰς
787 4234 844 4288 δὲ
881 4234 972 4288 τὸν
1004 4234 1195 4308 καιρὸν
1227 4237 1432 4289 ἐκεῖνον
1475 4234 1552 4306 τῷ
1575 4235 1738 4306 λόγῳ,

183 4323 268 4395 ἠδη
291 4326 640 4381 ἀηκλιθέντα
669 4328 762 4382 τὸν
804 4327 1010 4400 Ἰησοῦν
1032 4329 1126 4383 ἐπὶ
1149 4328 1211 4382 τὸ
1240 4329 1477 4383 δειπνεῖν
1505 4330 1741 4401 ἐγηγερ-

185 4414 314 4469 κέναι
354 4418 417 4473 ἐκ
463 4419 558 4473 τοῦ
586 4419 827 4483 δείπνου,
854 4419 940 4474 ἵνα
973 4419 1378 4491 δειπνησάντων
1414 4420 1646 4493 ἄρξηται
1667 4421 1746 4475 νί-

1857 3117 2091 3186 primum
2129 3119 2348 3186 quidem
2387 3135 2415 3172 a
2465 3119 2612 3172 nullo
2663 3131 3028 3192 przcterquam
3083 3140 3111 3177 a
3145 3125 3261 3179 solo
3304 3122 3433 3181 Jcsu

1857 3208 1971 3262 ﬁeri
2023 3224 2224 3280 posse;
2284 3211 2480 3264 deinde
2533 3227 2662 3266 vero
2695 3213 2862 3267 etiam
2905 3231 2931 3266 a
2983 3215 3267 3284 discipulis
3297 3218 3430 3284 suis,

1853 3298 2050 3370 quibus
2080 3301 2215 3354 dixit
2249 3318 2262 3354 :
2306 3319 2324 3352 ι
2361 3300 2579 3357 chetis
2603 3314 2653 3358 et
2692 3319 2787 3357 vos
2822 3314 3006 3358 nmtuo
3032 3305 3214 3359 lavare
3233 3308 3430 3375 pedes:

1850 3392 2160 3462 exemplum
2197 3393 2341 3448 enim
2381 3394 2503 3447 dedi
2534 3395 2710 3460 vobis,
2755 3404 2814 3448 ut
2843 3398 3307 3466 quemadmodum
3332 3413 3434 3469 ego

1852 3481 1954 3537 t‘eci
1981 3484 2155 3549 vobis,
2186 3485 2262 3539 sic
2288 3496 2343 3539 et
2377 3500 2470 3538 vos
2504 3483 2718 3540 faciatis
2747 3486 2815 3538 ".
2873 3505 2892 3537 ι
2928 3486 3067 3552 Quin
3097 3487 3431 3557 evangelista

1850 3577 2012 3630 etiam
2066 3578 2284 3630 videtur
2321 3577 2479 3642 mihi,
2529 3577 2776 3631 excitans
2806 3588 3040 3631 mentem
3069 3588 3310 3631 nostram
3365 3580 3432 3633 ad

1853 3667 2267 3738 intelligentiam
2310 3668 2644 3737 spiritualem
2681 3669 3214 3738 prmseutislocinon
3242 3670 3432 3724 obser-

1850 3774 2006 3812 vasse
2059 3760 2160 3812 hoc
2194 3759 2246 3811 in
2283 3758 2400 3813 loco
2449 3759 2796 3826 corporalem
2835 3761 3048 3814 lavandi
3088 3776 3428 3831 consequen-

1850 3842 1988 3900 tiani
2013 3857 2066 3902 et
2097 3846 2343 3901 ordinem
2373 3863 2388 3910 ;
2442 3848 2883 3918 quandoquidem
2912 3848 3003 3918 qui
3054 3864 3191 3918 opus
3223 3852 3430 3905 habent

1845 3937 2047 4004 lavari,
2103 3950 2229 3992 ante
2261 3955 2494 4003 comam,
2527 3948 2764 4010 anteque
2791 3954 2960 3995 emno:
2991 3944 3296 3996 accubitum
3333 3958 3428 4014 pc-

1847 4031 1943 4085 des
1973 4031 2195 4097 lavent;
2225 4032 2318 4086 sed
2350 4031 2400 4084 id
2447 4032 2708 4100 temporis
2732 4048 2854 4087 curn
2891 4047 3146 4089 sermone
3174 4051 3431 4090 consum-

1844 4125 2068 4196 psisset,
2108 4124 2397 4194 scripsisse
2425 4122 2633 4188 Jcsum,
2670 4127 2760 4194 qui
2809 4126 2920 4197 jam
2952 4129 3284 4184 occubuerat
3314 4143 3430 4186 cte-

1848 4216 2014 4272 naudi
2043 4231 2234 4282 causa,
2263 4231 2293 4270 a
2325 4232 2482 4273 creua
2525 4219 2857 4286 surrexisse,
2907 4228 2964 4274 ut
3014 4222 3425 4290 discipulorum,

1845 4310 1937 4380 qui
1969 4307 2082 4376 jam
2115 4318 2424 4375 cceuarant,
2469 4308 2727 4380 Magister
2783 4318 2836 4364 et
2873 4310 3133 4366 Dominus
3161 4312 3429 4382 inciperet

1854 4403 2017 4474 pedes
2046 4402 2267 4467 lavare;
2325 4419 2562 4474 namque
2609 4415 2735 4459 ante
2778 4419 2993 4459 caenam
3030 4403 3124 4458 loti
3157 4413 3334 4467 erant,
3371 4414 3428 4458 et

185 4519 317 4561 πτειν
344 4509 466 4573 τοὺς
510 4508 678 4573 πόδας
710 4508 818 4561 τῶν
866 4507 1123 4579 μαθητῶν
1156 4490 1187 4560 ό
1213 4490 1550 4571 Διδάσκαλος.
1573 4508 1667 4561 καὶ
1710 4509 1739 4560 ό

1856 4498 1974 4554 facti
2021 4501 2206 4556 mundi
2236 4498 2354 4563 toti,
2387 4506 2608 4566 propter
2635 4497 2761 4549 illud
2795 4513 2809 4549 :
2853 4513 2870 4546 ι
2903 4494 3208 4560 Lavamini,
3236 4496 3424 4550 mundi

186 4595 361 4670 Κύριος
382 4600 513 4672 (81)’
555 4601 663 4672 πρὸ
693 4601 790 4672 μὲν
808 4600 918 4672 γὰρ
944 4598 1037 4653 τοῦ
1065 4599 1280 4652 δείπνου
1308 4594 1448 4670 ἦσαν
1481 4598 1738 4669 λελουμέ-

184 4703 268 4752 νοι,
291 4693 374 4745 καὶ
393 4693 674 4765 γενόμενοι
694 4692 806 4746 ὅλοι
838 4691 1088 4765 καθαροὶ,
1119 4691 1260 4744 κατὰ
1281 4691 1361 4744 τό·
1399 4709 1416 4742 ι
1437 4690 1738 4757 Δούσασθε,

184 4781 385 4854 καθαροὶ
420 4785 661 4852 γένεσθε,
689 4784 918 4853 ἀφέλετε
951 4783 1050 4846 τὰς
1083 4782 1344 4854 πονηρίας
1377 4783 1484 4836 ἀπὸ
1510 4783 1620 4835 τῶν
1642 4783 1744 4853 ψυ-

180 4871 273 4941 χῶν
301 4873 450 4945 ὑμῶν
484 4873 772 4927 κατέναντι
809 4872 918 4926 τῶν
947 4871 1243 4944 ὀφθαλμῶν
1269 4870 1442 4942 ὑμῶν,
1483 4889 1502 4922 ι
1537 4871 1632 4925 καὶ
1674 4868 1743 4923 τὰ

176 4967 307 5038 ἑξῆς
329 5039 332 5041 Α
353 4970 490 5042 μετὰ
531 4969 589 5024 δὲ
611 4968 672 5024 τὸ
696 4968 917 5040 λουτρὸν
942 4968 1118 5021 ἐκεῖνο
1167 4963 1464 5031 ἐδεήθησαν
1488 4962 1741 5033 δευτέρου

265 5125 314 5156 ⁷⁵⁸
339 5124 495 5179 Joau.
528 5141 649 5188 xtll,
683 5091 862 5194 éseq.
1003 5123 1046 5154 ²⁹
1079 5120 1236 5175 101m-
1273 5135 1392 5182 ΧΙΙΙ.
1427 5118 1515 5182 Ην
1549 5119 1632 5173 '5-

221 5241 365 5310 (75⁸)
425 5239 786 5309 Γενομένου.
841 5239 916 5293 Ita
964 5239 1304 5310 correximus
1345 5237 1433 5291 hic
1483 5246 1539 5290 et
1588 5234 1727 5290 infra

162 5311 604 5383 quodiegebatur
635 5311 939 5382 γινομένου.
971 5309 1130 5383 Eutr.

222 5380 340 5452 (76)
363 5376 543 5436 Codex
571 5376 791 5448 Regius,
832 5385 911 5444 είς
941 5380 1038 5451 τὴν
1079 5378 1456 5452 καρδίανηζνα
1492 5376 1734 5452 παραδῷ

155 5449 327 5522 αὑτὸν
356 5451 559 5514 Ἰούδας
595 5452 835 5522 Σίμωνος
879 5449 1252 5522 Ἰσκαριώτης,
1287 5449 1461 5522 είδῲς,
1487 5449 1598 5514 ὅτι,
1623 5459 1728 5502 etc.

246 5521 336 5592 η)
363 5523 510 5592 Idem
536 5520 706 5576 codex
747 5521 970 5592 lii-gius,
998 5520 1255 5592 ᾁλλῆλας,
1286 5520 1446 5592 male.

241 5589 336 5660 78)
375 5591 437 5645 Ἠ
468 5592 784 5646 τελευταιά
813 5589 909 5644 καὶ
939 5590 1065 5658 τοῖς
1097 5590 1236 5660 ἤδη,
1271 5600 1374 5645 etc.
1403 5590 1492 5644 Sic
1524 5589 1729 5644 hiatum

149 5660 240 5734 qui
283 5660 338 5714 in
376 5665 567 5719 codice
601 5662 766 5732 liegio
794 5662 1073 5729 comparet
1127 5662 1297 5732 replet
1352 5663 1519 5716 codex
1587 5660 1725 5716 Bod-

152 5736 383 5790 leianus.

1845 4601 2043 4657 estote,
2083 4589 2294 4645 auferte
2339 4588 2470 4641 vitia
2528 4585 2596 4639 ab
2628 4585 2919 4638 animabus
2966 4584 3186 4648 vestris,
3232 4599 3422 4638 coram

1841 4683 2014 4739 oculis
2061 4682 2259 4736 vestris
2291 4680 2358 4743 ⁸⁸,
2399 4699 2417 4732 ι
2449 4687 2504 4732 et
2546 4692 2665 4746 quae
2699 4682 3044 4744 sequuntur;
3097 4684 3218 4744 post
3276 4676 3422 4744 quod

1842 4775 2116 4829 lavacrum
2153 4773 2385 4827 secunda
2403 4771 2565 4824 etiam
2605 4783 2743 4837 aqua
2789 4767 3026 4835 egebant
3057 4766 3122 4820 ad
3154 4767 3296 4822 solos
3328 4783 3425 4836 pe-

1847 4870 1966 4930 des,
1993 4867 2095 4922 hoc
2131 4875 2215 4920 cst
2261 4861 2327 4917 ad
2353 4878 2444 4917 eas
2475 4861 2622 4916 solas
2655 4859 2900 4928 corporis
2937 4869 3120 4929 partes
3152 4875 3270 4928 quze
3296 4859 3418 4912 inﬂ-

1844 4976 1945 5015 ma:
1979 4969 2126 5014 sunt.
2157 4957 2293 5013 Nam
2343 4955 2460 5011 ﬁeri
2491 4969 2595 5010 non
2651 4966 2812 5023 posse
2846 4952 3106 5012 arbitror,
3149 4961 3210 5006 ut
3239 4951 3418 5006 anima

1739 5122 1784 5154 ³⁰
1810 5122 1914 5178 lsa.
1950 5133 1992 5180 ι,
2035 5115 2117 5170 16.

1911 5236 2047 5304 (78')
2084 5231 2566 5304 Forte_legcudum
2597 5231 2668 5284 sit
2696 5229 2814 5304 sine
2845 5223 3224 5304 hocarticulo.
3257 5224 3414 5280 Eutr.

1909 5297 2020 5376 (79)
2051 5306 2229 5360 Codex
2246 5297 2605 5376 ARe'gius,_sbv
2631 5300 2838 5376 νοητόν,
2869 5297 3027 5376 male.

1911 5371 2023 5446 (80)
2063 5378 2209 5446 Ὅτε.
2241 5373 2599 5446 scribendum
2631 5371 2970 5446 νιιιιειιιιχὸτι.

1905 5435 2016 5518 (81)
2057 5445 2267 5518 Codex
2298 5443 2513 5509 Regius,
2557 5441 2718 5502 male,
2771 5439 2864 5492 καὶ
2906 5438 2966 5518 δν
3003 5435 3230 5518 μύριος.
3268 5435 3418 5505 (Hac

1833 5509 1968 5586 Reg.
1997 5509 2120 5571 cod.
2165 5515 2434 5586 scriptura
2483 5519 2674 5586 potest
2714 5524 2860 5586 esse,
2915 5509 3186 5586 levissima
3233 5522 3418 5586 corro-

1831 5576 2014 5642 ctione
2045 5601 2109 5640 ac
2142 5576 2617 5649 mutatione,‘pro,
2653 5580 2681 5631 6
2712 5578 3034 5642 διδάσκαλος
3066 5576 3142 5631 ὢν
3180 5581 3276 5633 καὶ
3303 5579 3418 5632 Κύ-

1831 5675 1967 5730 ριος,
2001 5665 2053 5713 ct
2081 5655 2203 5710 ideo
2233 5652 2410 5708 minus
2439 5652 2856 5707 contemnenda.
2883 5649 3065 5719 lion)
