3866 6200
446 267 553 324 74⁸5
1899 253 1973 310 0F

2117 254 2219 310 N'S
3562 275 3644 333 τιι

436 386 573 444 nihil
619 382 861 441 serdimn
915 384 1230 444 contrahat.
1265 395 1333 434 ne
1383 380 1437 434 in
1485 377 1746 433 extremis
1797 376 1962 446 quide

2123 376 2312 439 ὓδατος
2337 379 2419 440 είς
2449 377 2646 450 μόνους
2668 378 2794 442 τοὺς
2821 378 3006 444 πόδας,
3028 382 3278 436 τουτέστι
3306 382 3371 438 τὰ
3396 391 3647 446 κατωτάτιοι

433 480 706 551 partibus,
738 487 788 532 et
830 491 948 548 qua:
977 475 1177 528 inlitum
1204 482 1354 538 sunt,
1389 471 1602 531 etiamsi
1626 472 1806 541 quoad
1837 471 1960 526 hom

2123 467 2208 520 τοῦ
2259 467 2525 540 σώματος·
2570 469 2828 524 ἀδύνατον
2866 471 2976 544 γὰρ
3003 468 3156 544 οἶμαι
3189 475 3353 546 μηδέν
3380 478 3650 551 eumnam

436 585 532 624 nes
567 569 835 639 perfectus
872 567 995 634 quis
1021 578 1142 619 esse
1179 563 1445 618 videnlur.
1481 563 1660 633 Atque
1695 561 1847 617 mulli
1883 562 1963 631 qu'

2121 556 2213 626 τῆς
2243 555 2441 628 ψυχῆς,
2461 557 2598 629 μηδέ
2623 558 2692 612 τά
2718 557 3025 622 τελευταῖα,
3059 560 3153 613 καὶ
3181 560 3250 613 τὰ
3279 563 3550 618 κατωτάτω
3569 568 3648 620 αύ-

436 662 556 715 dem
587 661 748 713 etiam
773 666 896 727 post
921 656 1254 724 baptismum
1285 665 1636 725 peccatorum
1664 654 1887 724 pulvere
1916 671 1963 710 cz

2122 648 2231 719 τῆς,
2268 648 2373 702 κᾶν
2400 649 2477 713 ὼς
2503 651 2560 702 ἐν
2592 649 2902 721 ἀνθρώποις
2941 651 3146 716 τέλειός
3175 669 3262 716 τις
3293 648 3422 706 εἶναι
3449 655 3581 727 δοκῇ.
3599 657 3649 713 οξ

433 759 532 822 put
563 749 795 820 replent,
818 752 901 803 vel
938 766 1000 804 ea
1046 765 1165 818 quae
1203 749 1369 821 ωε
1395 750 1496 803 hoc
1533 757 1656 801 sunt
1687 749 1845 818 paulo
1875 749 1960 802 iuli

2124 741 2216 810 μὲν
2251 737 2344 794 οῦν
2386 741 2572 796 πολλοὶ
2622 744 2716 796 καὶ
2773 743 2910 814 μετά
2942 744 3002 797 τὸ
3027 743 3248 816 λουτρὸν
3281 747 3538 816 κονιορτοῦ
3564 750 3651 803 τῶν

435 845 622 902 riora;
663 843 752 913 qui
787 857 915 896 vero
965 857 1223 909 germane
1248 842 1417 912 ipsius
1448 839 1574 895 Jesu
1609 841 1860 912 discipuli
1894 841 1962 896 fut

2123 834 2228 903 ἅμα
2235 851 2333 906 ρτη
2341 835 2524 904 μάτων
2539 834 2870 906 πληροῦνται
2895 837 2986 889 καὶ
3005 836 3104 908 τὴν
3125 837 3432 909 κεφαλὴν,ἢ
3453 837 3513 890 τὰ
3527 838 3650 908 ὀλίγα

436 936 566 998 rint,
617 935 753 990 adeo
784 943 843 988 ut
871 949 936 988 eo
971 934 1297 1002 perveniant
1331 942 1390 989 ut
1435 933 1601 986 etiam
1633 948 1756 987 cum
1803 947 1869 986 eo
1897 933 1963 1000 ip:

2124 923 2198 992 [8i
2212 924 2251 992 ⁵)
2268 923 2473 996 ταύτης
2486 926 2798 996 κατωτέρον
2817 926 2865 978 οί
2882 925 2940 979 δὲ
2958 927 3195 994 γνησίως
3214 926 3292 997 τῷ
3327 925 3489 997 Ἰησοῦ
3516 927 3651 998 μαθη-

433 1037 672 1090 cmuent,
697 1025 842 1080 solos
874 1026 1042 1096 pedes
1079 1025 1300 1088 habent,
1338 1025 1430 1093 qui
1481 1033 1674 1094 egeant
1706 1023 1872 1078 lavari
1899 1023 1960 1076 ἀτ

2121 1014 2382 1083 τεύοντες,
2433 1016 2510 1080 ὼς
2558 1017 2762 1087 φθάσαι
2807 1018 2904 1071 καὶ
2934 1017 3026 1070 ἐπὶ
3061 1017 3123 1070 τὸ
3160 1018 3486 1072 συνδειπνεῖν
3514 1020 3648 1090 αύτῷ,

433 1119 526 1174 τοῦ
557 1118 729 1186 Λόγου
782 1115 910 1189 [Ιιοο
942 1126 1024 1171 est
1059 1132 1088 1170 a
1120 1115 1252 1170 Filio
1284 1116 1375 1170 Dei
1407 1125 1460 1168 et
1489 1114 1747 1186 ratione].
1773 1113 1840 1167 Et
1865 1131 1957 1170 cer

2122 1111 2311 1182 μόνους
2328 1111 2453 1174 τοὺς
2485 1111 2650 1174 πόδας
2675 1111 2959 1180 δεομένους
2983 1111 3164 1182 ἔχουσι
3207 1112 3308 1182 τῆς
3339 1111 3444 1164 ἀπὸ
3463 1111 3548 1164 τοῦ
3572 1113 3649 1167 Δό-

435 1209 524 1276 qui
556 1208 704 1262 videt
730 1207 1076 1261 diversitates
1123 1215 1498 1274 peccatorum.
1546 1205 1753 1276 quique
1788 1220 1962 1275 pecca‘

2125 1219 2212 1271 γου
2242 1201 2458 1270 νίψεως.
2495 1201 2730 1274 Ἐνορῶν
2756 1203 2812 1256 δὲ
2837 1203 3119 1275 διαφοραῖς
3147 1204 3368 1274 άμαρτη
3379 1203 3652 1274 μάτωααὶ

434 1299 747 1356 considerat
796 1307 1057 1366 quantum
1096 1298 1162 1351 ad
1212 1307 1525 1352 accuratam
1577 1304 1632 1350 et
1673 1307 1958 1352 constante

2124 1293 2393 1370 κατανοῶν
2421 1290 2509 1354 τὰ,
2535 1291 2611 1355 ὡς
2647 1293 2743 1363 μὲν
2788 1291 2925 1363 πρὸς
2955 1293 3016 1346 τὸ
3041 1293 3268 1364 ἀκριϐὲς
3311 1294 3406 1347 καὶ
3439 1295 3495 1347 τὸ
3514 1295 3651 1366 ἐρρω-

435 1390 700 1445 rationem
738 1393 880 1461 (qua:
914 1401 1012 1442 nec
1044 1396 1264 1458 peccata
1303 1387 1694 1440 existimantur
1717 1402 1838 1441 esse
1867 1403 1962 1457 apu

2125 1387 2276 1457 μένον
2305 1385 2399 1439 τοῦ
2433 1385 2613 1454 λόγου,
2647 1386 3037 1457 ἁμαρτήματα,
3066 1386 3206 1458 πρὸς
3228 1385 3286 1438 δὲ
3315 1387 3440 1448 τοὺς
3467 1386 3652 1449 πολλοὺς

435 1478 681 1552 multos),
724 1481 769 1534 is
801 1480 1019 1534 visurus
1043 1490 1126 1533 est
1148 1495 1396 1548 quanam
1418 1479 1628 1533 sintilla
1654 1480 1722 1536 ob
1739 1495 1859 1550 qua:
1879 1496 1962 1550 ορι

2126 1479 2234 1532 οὐδὲ
2265 1477 2595 1549 νομιζόμενα
2647 1477 2758 1548 (82)
2786 1473 2924 1530 εἶναι
2970 1479 3368 1549 ἁμαρτήματα,
3423 1477 3530 1546 δψει
3560 1477 3653 1530 τίνα

434 1573 672 1628 habeant
687 1571 850 1641 pedes
871 1571 1034 1624 lavari
1053 1585 1082 1624 a
1099 1569 1248 1626 Jcsu.
1270 1571 1365 1625 Sin
1385 1586 1513 1625 vero
1531 1571 1657 1624 talia
1677 1582 1799 1626 sunt
1818 1573 1952 1640 pedu

2127 1573 2283 1635 ἐστὶν,
2317 1573 2402 1640 ἐφ’
2433 1565 2514 1635 οἷς
2549 1570 2758 1624 δέονται
2781 1572 2831 1624 οί
2873 1570 3030 1632 πόδες
3061 1569 3157 1624 τοῦ
3187 1568 3441 1640 νίψασθαι
3460 1569 3556 1622 ἀπὸ
3579 1568 3654 1622 τοῦ

433 1665 862 1733 inquinamenta,
892 1663 1018 1733 quid
1047 1663 1240 1718 facturi
1269 1678 1462 1718 sumus
1490 1678 1586 1717 nos
1607 1664 1698 1732 qui
1731 1680 1951 1736 nunqua

2130 1663 2323 1736 Ἰησοῦ.
2358 1664 2468 1716 Καὶ
2497 1663 2658 1734 εἴπερ
2684 1662 2908 1717 τοιαῦτά
2934 1664 3050 1716 ἐστι
3092 1661 3160 1716 τά
3188 1663 3332 1717 κατά
3357 1663 3478 1725 τοὺς
3518 1661 3655 1723 πτὲας

433 1755 499 1808 ad
536 1755 862 1810 cmnandum
893 1769 1016 1807 cum
1049 1753 1178 1807 Jesu
1231 1754 1596 1823 pervenimus,
1652 1754 1854 1822 quique
1906 1770 1960 1810 nt

2130 1753 2460 1825 μολύσματα,
2511 1752 2565 1805 τί
2594 1753 2891 1824 ποιήσομεν
2921 1753 2970 1804 oi
3007 1751 3273 1822 μηδέποτε
3324 1751 3418 1803 ἐπὶ
3443 1749 3502 1802 τδ
3545 1750 3657 1819 μετὰ

432 1843 838 1912 pedestantum
893 1841 1154 1896 habemus
1204 1841 1564 1909 inquinatos?
1618 1843 1837 1898 dicente
1881 1841 1959 1898 Jes

2130 1844 2208 1898 τοῦ
2245 1844 2418 1915 Ἰησοῦ
2459 1845 2674 1898 δεῖπνον
2713 1842 3031 1913 ἐφθακότες,
3070 1841 3203 1913 μηδὲ
3241 1843 3370 1904 τοὺς
3398 1841 3548 1904 πόδας
3581 1838 3657 1910 μό-

432 1931 595 1988 Petro
619 1942 730 1988 tum
765 1933 1054 1999 nescienti,
1073 1932 1167 1987 sed
1191 1934 1445 2003 agnituro
1470 1944 1656 2004 postea
1692 1936 1953 2006 mysteriu

2130 1951 2238 1998 θους
2292 1933 2719 2006 μεμολυσμένοι,
2759 1933 3010 2002 λέγοντος
3071 1929 3244 2001 Ἰησοῦ
3287 1929 3369 2000 τῷ
3417 1931 3487 2000 μὴ
3525 1927 3657 1982 είδότι

434 2024 723 2079 lavationis
748 2024 943 2093 pedum
975 2024 1068 2094 qui
1101 2040 1130 2077 a
1162 2022 1288 2079 Jcsu
1322 2026 1657 2080 mundantur
1691 2045 1748 2082 τι
1779 2025 1894 2080 Nisi
1928 2026 1960 2078 l:

2129 2027 2234 2080 τότε
2257 2026 2469 2097 Πέτρῳ,
2501 2025 2636 2079 ἀλλά
2659 2024 2986 2095 γνωσομένῳ
3021 2023 3161 2094 μετά
3185 2022 3364 2076 ταῦτα
3392 2023 3448 2074 τὸ
3483 2021 3656 2091 μυστή-

433 2131 563 2172 vero
589 2126 660 2180 te,
681 2131 785 2170 uon
821 2115 1045 2170 habebis
1071 2123 1278 2184 partem
1305 2128 1513 2170 mecum
1536 2117 1614 2177 ἰς
1644 2135 1662 2168 ι
1687 2117 1828 2187 quod
1851 2133 1954 2186 quo

2130 2136 2230 2172 οιον
2259 2119 2359 2188 τῆς
2376 2117 2573 2188 νίψεως
2591 2117 2699 2170 τῶν
2719 2117 2824 2170 ὑπὸ
2859 2115 3034 2187 Ἰησοῦ
3049 2115 3494 2187 καθαριζομένων
3515 2113 3657 2166 ποδῶν

432 2221 651 2263 sensum
699 2205 898 2261 habeat
930 2206 1212 2276 inquires;
1260 2214 1518 2261 utrumne
1551 2207 1698 2262 hunc
1732 2226 1746 2263 :
1781 2207 1896 2262 Nisi
1930 2208 1959 2262 l:

2127 2209 2193 2275 τὸ,
2231 2228 2250 2262 ι
2293 2209 2418 2264 Ἐάν
2447 2211 2521 2282 μὴ
2550 2209 2689 2280 νίψω
2711 2226 2792 2273 σε,
2819 2209 2920 2262 οὐκ
2945 2209 3090 2279 ἔχεις
3117 2207 3282 2279 μέρος
3317 2209 3431 2277 μετ’
3461 2203 3611 2276 ἐμούς
3641 2225 3654 2255 ι

431 2313 562 2355 vero
594 2309 646 2354 te
669 2339 684 2366 ,
741 2298 940 2353 nullam
980 2299 1208 2353 omnino
1245 2298 1440 2352 bonam
1471 2309 1684 2368 partem
1719 2300 1958 2356 habituri

2133 2306 2250 2376 imp
2276 2301 2533 2376 ζητήσεις
2555 2303 2610 2356 τί
2631 2303 2798 2368 δηλοῖ·
2839 2302 3086 2372 πότερον,
3126 2303 3230 2365 ὅτι,
3248 2302 3513 2362 Οὐδ’δλως
3541 2298 3660 2368 ἔχεις

431 2408 529 2459 es;
579 2407 646 2446 an
696 2391 845 2446 illum
879 2408 894 2445 :
925 2389 1005 2444 Ne
1035 2405 1246 2446 mecum
1277 2391 1498 2461 quidem
1553 2402 1888 2462 praeceptore
1947 2408 1958 2446 :

2135 2397 2301 2470 ιέρος,
2335 2396 2430 2449 ἐὰν
2458 2397 2532 2468 μὴ
2563 2395 2701 2465 νίψω
2731 2412 2812 2461 σε,
2849 2395 3072 2464 ἀγαθὸν,
3092 2395 3149 2465 ήο
3177 2393 3254 2448 Οὐ
3284 2391 3402 2464 μετ’
3425 2389 3551 2462 ἐμοῦ
3584 2389 3662 2460 μὲν

431 2484 664 2541 Domino
716 2485 1002 2540 habiturus
1053 2498 1111 2538 es
1157 2493 1392 2551 partem,
1444 2484 1545 2538 nisi
1581 2493 1633 2538 te
1663 2484 1871 2550 lavero.
1915 2501 1958 2541 St

2135 2488 2204 2543 τοῦ
2237 2487 2553 2542 διδασκάλου
2589 2488 2682 2541 καὶ
2719 2488 2947 2559 Κυρίου,
2988 2486 3126 2558 μετά
3163 2484 3275 2538 τῶν
3321 2480 3662 2536 ἐλαττόνωνδέ

429 2571 556 2634 cum
589 2575 1084 2638 meinl'erioribus,
1118 2575 1262 2628 inter
1299 2589 1437 2644 quos
1484 2584 1612 2629 sunt
1659 2576 1695 2630 ii
1748 2577 1840 2646 qui
1891 2592 1956 2644 po

2137 2596 2240 2642 ιου,
2269 2581 2325 2632 ἐν
2353 2575 2435 2643 οἷς
2467 2580 2604 2632 εἰσιν
2629 2580 2678 2632 οξ
2731 2579 2866 2650 μετά
2897 2578 2957 2632 τὸ
2995 2575 3290 2630 λούσασθαι
3315 2575 3451 2647 μήτε
3479 2571 3664 2640 8am},-

431 2667 760 2739 baptismum
799 2683 898 2722 nec
948 2673 1242 2719 etenarunt
1286 2681 1519 2733 mecum,
1562 2682 1665 2722 nec
1717 2671 1879 2738 pedes
1913 2670 1958 2724 Il:

2136 2687 2306 2735 παντες
2327 2670 2388 2724 τὸ
2415 2673 2530 2743 μετ’
2562 2669 2697 2741 ἐμοῦ
2725 2670 2956 2734 δεῖπνον,
2982 2669 3120 2740 μήτε
3137 2667 3422 2738 νιψάμενοι
3441 2665 3526 2718 ὑπ’
3553 2661 3663 2734 ἐμοῦ

433 2762 667 2815 buerunt
690 2775 719 2813 a
755 2774 840 2812 me
869 2757 1046 2825 lotos;
1087 2757 1170 2813 vel
1201 2757 1247 2812 si
1292 2769 1602 2822 cmnarunt,
1635 2775 1664 2813 a
1700 2775 1787 2814 me
1828 2770 1960 2816 tame

2136 2761 2237 2825 τοὺς
2285 2760 2472 2825 πόδας,
2518 2759 2971 2830 ἢδειπνήσαντες
3019 2757 3136 2828 μὲν.
3186 2756 3249 2810 οὒ
3296 2755 3568 2826 νιψάμενοι
3600 2751 3663 2806 δέ.

435 2850 529 2906 loti
588 2867 692 2904 non
733 2849 973 2908 fuerunt.
1023 2847 1157 2903 lllud
1211 2859 1395 2905 autem
1447 2859 1577 2904 noto
1622 2862 1844 2921 prepter
1895 2852 1962 2905 ha

2140 2851 2270 2922 Ἐγὼ
2311 2852 2571 2923 ἐφίστημι
2604 2850 2693 2905 διά
2722 2851 2802 2903 τό·
2857 2869 2875 2901 ι
2916 2850 3047 2903 Ἰδοὺ
3075 2847 3186 2918 ἐγὼ
3231 2848 3438 2920 ἐπηκα
3464 2846 3549 2900 ἐπὶ
3586 2845 3667 2914 τὴν

432 2943 639 2997 verba:
676 2959 695 2991 ι
737 2941 877 2996 Ecce
921 2958 1022 3014 ego
1051 2954 1136 2998 sto
1167 2945 1233 3000 ad
1264 2945 1462 2998 ostium
1504 2953 1558 2998 et
1585 2943 1777 3014 pulso:
1812 2945 1856 2999 si
1889 2961 1957 3013 qu

2141 2943 2307 3017 νύραν,
2337 2943 2429 2997 καὶ
2458 2942 2658 3016 κρούω·
2688 2943 2783 2996 ἐάν
2810 2959 2893 3006 τις
2913 2941 3100 3014 ἀνοίξῃ
3132 2957 3220 3012 μοι
3246 2940 3345 3012 τὴν
3374 2937 3553 3010 Θύραν,
3573 2937 3668 2989 εἱσ-

434 3035 564 3091 mihi
597 3034 872 3105 aperuerit
893 3037 1115 3096 ostium.
1150 3037 1428 3106 ingrediar
1461 3037 1526 3090 ad
1560 3051 1706 3103 etim,
1737 3047 1792 3091 et
1819 3050 1961 3090 creo:

2142 3036 2402 3106 λεύσομαι
2444 3035 2578 3104 πρὸς
2607 3033 2791 3095 αὑτὸν,
2817 3034 2910 3086 καὶ
2937 3032 3214 3103 δειπνήσω
3251 3029 3366 3101 μετ’
3390 3025 3566 3089 αὑτοῦ,
3593 3023 3669 3077 καὶ

434 3130 502 3184 bo
523 3144 644 3182 cum
675 3144 760 3194 eo,
794 3137 848 3183 et
880 3127 997 3198 ipse
1019 3143 1230 3184 mecum
1265 3129 1309 3162 ³²
1336 3145 1352 3193 ;
1392 3148 1411 3180 ι
1439 3145 1506 3184 ne
1541 3129 1680 3184 forte
1703 3127 1859 3184 Jesus
1889 3145 1953 3184 cu

2142 3130 2280 3194 ιύτδς
2301 3131 2414 3201 μετ’
2442 3127 2598 3200 ἐμοῦο
2635 3147 2652 3179 ι
2701 3130 2908 3199 μήποτε
2940 3127 2970 3179 ὁ
3008 3126 3213 3194 Ἰησοῦς
3233 3121 3357 3176 οὕτε
3388 3121 3573 3192 ἀριστᾷ
3594 3133 3669 3188 με·

436 3222 544 3277 ullo
575 3237 683 3276 non
713 3222 976 3292 prandeat
1003 3240 1016 3284 ;
1049 3237 1226 3292 neque
1252 3223 1396 3276 enim
1425 3234 1546 3293 eget
1583 3223 1963 3278 introductiom

2143 3223 2185 3277 τά
2210 3239 2354 3286 τινος
2387 3221 2467 3291 (οὐ
2494 3220 2602 3292 γὰρ
2624 3219 2795 3272 δεῖται
2819 3217 3128 3287 εἰσαγωγῆς
3155 3215 3250 3268 καὶ
3279 3212 3503 3285 πρώτων
3523 3210 3670 3279 μαθη-

433 3324 488 3370 et
525 3315 715 3384 primis
745 3314 1068 3385 disciplinis,
1094 3329 1269 3385 neque
1299 3317 1528 3383 prandet
1558 3315 1756 3388 aliquis
1781 3333 1902 3373 cum
1927 3333 1955 3372 c

2143 3317 2352 3388 ιάτων),
2387 3315 2512 3368 οὔτε
2543 3313 2739 3385 ἀριστᾷ
2762 3330 2847 3376 τις
2881 3310 3000 3382 μετ’
3031 3308 3218 3373 αὑτοῦ,
3246 3308 3362 3361 ἀλλ’
3391 3307 3420 3359 ό
3453 3305 3560 3377 μετ’
3591 3303 3670 3357 αὑ-

434 3407 528 3461 sed
576 3407 668 3476 qui
723 3422 843 3460 cum
898 3406 988 3461 illo
1038 3407 1274 3461 comedit
1312 3414 1522 3460 tantum
1556 3417 1791 3463 cmnat:
1832 3428 1852 3461 ι
1885 3409 1961 3464 Plu

2139 3409 2210 3463 ποῦ
2235 3408 2430 3461 ἐσθίων
2446 3407 2652 3459 δειπνεῖ
2667 3403 2845 3474 μόνον·
2872 3421 2892 3455 ι
2911 3402 3100 3456 Πλεϊον
3119 3420 3138 3452 ι
3161 3399 3291 3470 γὰρ,
3313 3399 3465 3470 φησὶ,
3488 3416 3506 3448 ι
3527 3395 3666 3448 Σολο-

435 3514 598 3570 quam
631 3517 650 3550 ι
691 3499 832 3554 enim
871 3518 890 3552 ι
921 3497 1211 3563 Salomon,
1253 3517 1274 3552 ι
1311 3498 1486 3568 inquit
1516 3499 1582 3567 ³³,
1630 3519 1649 3552 ι
1688 3501 1791 3555 boc
1835 3502 1886 3555 in
1933 3501 1962 3555 Ιι

2144 3502 2328 3564 ιιῖ›ντος
2371 3493 2494 3561 ὧδε,
2529 3517 2550 3550 ι
2585 3493 2709 3570 περὶ
2736 3489 2797 3552 οὖ
2837 3495 3164 3566 γέγραπται·
3206 3512 3224 3544 ι
3261 3492 3374 3547 Καὶ
3393 3486 3461 3563 ἦν
3484 3488 3538 3542 τὸ
3567 3489 3671 3559 ipt-

436 3606 528 3658 co,
579 3609 600 3644 ι
649 3592 715 3646 de
743 3607 852 3662 quo
903 3592 1166 3662 scriptum
1215 3601 1346 3646 est:
1383 3610 1402 3644 ι
1441 3591 1508 3648 Et
1555 3602 1678 3648 erat
1728 3595 1956 3664 prandiu

2144 3610 2244 3647 ιτον
2269 3590 2521 3662 Σολομῶν
2553 3609 2571 3641 ι
2605 3589 2746 3651 τόδε,
2777 3589 2804 3642 δ
2838 3587 3268 3641 κατείλεκταιέν
3294 3586 3361 3655 τῇ
3385 3582 3537 3655 τρίτῃ
3580 3578 3671 3634 τῶν

437 3682 746 3738 Salomonis
787 3703 804 3734 ι
842 3684 967 3749 hoc,
998 3683 1140 3753 quod
1172 3683 1224 3736 in
1255 3682 1461 3751 Regum
1492 3685 1655 3742 tertio
1685 3685 1956 3740 recensitu

2144 3683 2432 3739 ιασιλειῶν.
2473 3683 2585 3736 Καὶ
2616 3681 2776 3734 τοῦτο
2806 3680 2864 3734 δέ
2907 3679 3186 3750 τολμήσας
3239 3676 3444 3747 εἴποιμ’
3489 3674 3571 3737 ἂν,
3611 3673 3671 3735 ὡς

434 3786 519 3830 est
546 3773 612 3829 “.
637 3776 822 3832 Ausim
845 3777 1012 3831 etiam
1047 3777 1149 3831 hoc
1182 3775 1364 3831 dicere
1395 3786 1653 3848 tanquam
1678 3791 1961 3848 consequet

2144 3776 2410 3832 ικόλουθον
2443 3774 2542 3847 τῷ,
2586 3793 2606 3826 ‹
2650 3773 2776 3827 Ἐὰν
2817 3772 2892 3844 μή
2926 3771 3066 3842 νίψω
3090 3787 3171 3834 σε,
3211 3769 3316 3824 οὔκ
3348 3769 3488 3840 ἔχεις
3528 3765 3671 3838 μέρος

437 3864 564 3919 huic
591 3866 738 3920 dicto
775 3884 788 3919 :
829 3883 846 3916 ι
889 3864 1002 3920 Nisi
1047 3865 1235 3921 lavero
1269 3877 1319 3922 te
1348 3907 1364 3930 ,
1399 3883 1503 3922 non
1538 3867 1768 3922 habebis
1799 3879 1960 3938 parte

2142 3873 2237 3925 ιετ⁹
2267 3868 2423 3941 ἐμοῦ,
2453 3888 2472 3920 ι
2509 3870 2590 3922 ὅτι
2615 3867 2715 3920 οὑκ
2741 3864 2890 3934 ἐνιψε
2909 3865 3036 3929 τοὺς
3055 3863 3220 3927 πόδας
3239 3861 3336 3916 τοῦ
3377 3860 3559 3921 Ἰούδα,
3587 3856 3669 3928 ήδη

438 3969 649 4008 mecum
680 3994 696 4019 ,
744 3973 763 4007 ι
812 3954 996 4012 .lcsum
1040 3955 1176 4010 Juda
1223 3959 1391 4026 pedes
1448 3975 1554 4014 non
1607 3959 1806 4014 lavisse
1852 3977 1866 4013 :
1928 3975 1958 4012 n

2152 3967 2198 4028 ίς
2231 3963 2329 4035 τὴν
2354 3961 2582 4032 καρδίαν
2599 3957 2849 4030 βεϐλήκει
2874 3956 2904 4008 δ
2929 3955 3172 4017 διάϐολος
3212 3954 3301 4008 ἵνα
3328 3954 3422 4007 τὸν
3455 3950 3673 4004 artam

439 4046 636 4098 mirum
659 4046 802 4114 quod
829 4045 900 4098 illi
938 4046 1049 4116 jam
1082 4049 1333 4104 diabolus
1374 4050 1694 4106 immisisset
1730 4052 1784 4105 in
1816 4066 1932 4114 cor,
1961 4069 1966 4101 ι

2143 4073 2208 4108 ,ον
2251 4054 2345 4108 καὶ
2367 4052 2571 4125 Κύριον
2606 4048 2851 4122 παραδῷ,
2883 4046 3057 4120 εὑρὼν
3091 4047 3252 4100 αὑτὸν
3283 4045 3384 4100 οὐκ
3417 4039 3670 4110 ἐνδεδυμέ-

437 4136 620 4192 Iesum
649 4135 887 4189 traderet
911 4147 1298 4206 praeceptorem
1331 4149 1386 4194 et
1422 4140 1742 4205 Dominum,
1777 4157 1899 4196 cum
1933 4143 1964 4196 ἱι

2144 4166 2205 4201 ὀν
2225 4148 2324 4218 τὴν
2350 4144 2648 4200 πανοπλίαν
2669 4141 2764 4196 τοῦ
2819 4141 2977 4205 Θεοῦ,
3003 4139 3098 4194 καὶ
3125 4139 3226 4193 οὐκ
3249 4137 3442 4210 ἔχοντα
3479 4135 3562 4188 τὸν
3589 4133 3671 4201 τῆς

439 4226 821 4281 venissetcum
847 4242 950 4281 non
988 4227 1234 4283 iudutunt
1277 4245 1492 4284 omnem
1533 4233 1629 4286 Dei
1657 4243 1966 4288 armaturau

2142 4240 2354 4301 πίστεως
2394 4235 2608 4308 θυρεὸν,
2659 4225 2704 4301 ᾧ
2735 4231 2957 4286 δύναταί
2998 4247 3082 4292 τις
3125 4229 3303 4284 πάντα
3335 4227 3406 4280 τά
3435 4225 3553 4296 βέλη
3592 4220 3669 4276 τοῦ

441 4334 540 4374 nec
561 4320 845 4373 habentem
865 4317 985 4373 lidci
1006 4327 1242 4383 scutum,
1259 4319 1658 4390 quovaletquis
1678 4337 1870 4378 omnes
1887 4338 1968 4377 ma

2144 4328 2356 4401 πονηροῦ
2385 4327 2453 4381 τά
2501 4325 2876 4398 πεπυρωμένα
2909 4322 3114 4376 σϐέσαι·
3163 4319 3541 4392 γεγραμμένου
3579 4315 3671 4386 γὰρ

441 4409 586 4466 illius
634 4411 860 4480 sagittas
911 4412 1112 4483 ignitas
1159 4412 1508 4482 exstinguere
1565 4412 1691 4453 ³⁸-⁸⁶
1724 4430 1737 4468 :
1773 4414 1968 4485 intellig

2144 4392 2292 4482 ςοῡ,”‹
2335 4417 2443 4471 Τοῦ
2503 4392 2750 4472 διαϐόλου
2791 4415 2893 4486 ήδη
2943 4413 3286 4484 βεϐληκότος,
3325 4430 3346 4464 ι
3379 4409 3573 4475 ἀκούω,
3610 4407 3671 4468 ὡς

439 4501 587 4555 enim
617 4501 718 4555 hoc
749 4502 890 4570 quod
923 4502 1184 4571 scriptum
1214 4511 1297 4555 est
1325 4518 1340 4554 :
1379 4519 1397 4553 ι
1427 4501 1565 4556 Cum
1608 4500 1720 4571 jam
1770 4502 1966 4559 diaboli

2142 4512 2214 4566 ta‘t
2251 4511 2308 4564 ἐν
2339 4509 2550 4580 ἑϐδόμῳ
2577 4507 2775 4580 ψαλμῷ
2807 4507 2902 4578 τῆς
2941 4504 3163 4578 Γραφῆς
3189 4504 3320 4573 περὶ
3342 4501 3529 4557 τούτου
3552 4499 3669 4553 διῶ-

443 4592 760 4648 immisisset
795 4594 866 4660 ³⁷,
905 4612 925 4648 ι
963 4594 1107 4650 sicut
1143 4593 1308 4648 etiam
1339 4592 1621 4662 Scriptura
1653 4595 1755 4649 hac
1787 4593 1854 4649 de
1885 4595 1970 4648 rei

2143 4602 2380 4674 πκοὺσης,
2413 4601 2489 4664 ὡς
2516 4600 2755 4666 τοξότου,
2783 4599 2876 4652 καὶ
2916 4597 3043 4670 βέλη
3077 4595 3450 4669 πεπυρωμένα
3472 4592 3670 4662 ἐξεργα-

441 4685 674 4756 scptimo
705 4684 916 4754 psalmo
967 4685 1146 4749 docet,
1188 4686 1446 4740 nimirum
1493 4685 1722 4742 feriente
1768 4687 1968 4742 diabolt

2144 4698 2184 4760 ζο
2191 4694 2348 4768 μένου
2365 4693 2478 4757 τοῖς
2499 4691 2572 4765 μὴ
2595 4693 2744 4766 πάσῃ
2758 4691 2971 4762 φυλακῇ
2993 4688 3219 4761 τηροῦσι
3234 4687 3334 4760 τὴν
3349 4686 3551 4741 ἐαυτῶν
3564 4697 3671 4750 καρ-

441 4778 532 4847 qui
587 4778 750 4833 veluti
801 4778 1118 4848 sagittarius
1161 4780 1397 4849 sagittas
1448 4779 1647 4848 ignitas
1683 4780 1965 4835 confeciti

2142 4788 2260 4841 ῑίαν.
2289 4787 2441 4858 Ἔχει
2474 4786 2532 4839 δέ
2557 4783 2730 4848 οὕτως
2752 4785 2786 4855 ή
2819 4781 2912 4837 τοῦ
2941 4779 3158 4852 ψαλμοῦ
3196 4779 3360 4846 λέξιςο
3404 4796 3423 4830 ι
3473 4775 3589 4830 Ἐάν
3611 4771 3669 4844 μὴ

443 4869 535 4938 qui
582 4871 728 4924 omni
763 4871 1006 4926 custodia
1042 4886 1138 4925 cor
1162 4887 1317 4927 suum
1349 4887 1456 4926 non
1493 4882 1737 4927 servant.
1769 4873 1868 4928 Est
1914 4889 1970 4927 ac

2142 4878 2520 4949 ιπιστραφῆτε,
2550 4875 2648 4947 τὴν
2676 4874 2948 4947 ῥομφαίαν
2964 4871 3128 4926 αὐτοῦ
3154 4870 3459 4933 στιλϐὠσει,
3477 4865 3669 4931 τὸτόξον

444 4971 552 5015 teut
585 4962 776 5031 psalmi
804 4973 1091 5019 contextus
1123 4963 1242 5018 talis
1279 4963 1325 4995 ⁸⁸
1360 4981 1373 5017 :
1416 4981 1437 5016 ι
1473 4962 1584 5018 Nisi
1613 4966 1860 5020 conversi
1897 4964 1971 5020 fut

2146 4969 2284 5024 εὐτοῦ
2310 4970 2560 5031 ἐνέτεινε,
2581 4968 2683 5023 ,καὶ
2707 4966 3002 5038 ἡτοίμασεν
3026 4963 3176 5027 αὐτὸ,
3202 4963 3296 5017 καὶ
3311 4962 3369 5017 ἐν
3390 4959 3531 5030 αὐτῷ
3554 4955 3673 5028 ήτοί·

445 5052 584 5116 ritis,
615 5052 850 5122 gladium
889 5069 1044 5108 suum
1077 5052 1330 5116 vibrabit,
1365 5069 1550 5108 arcum
1579 5071 1734 5108 suum
1769 5057 1968 5110 tetendi

2139 5078 2262 5114 ιασε
2297 5060 2465 5131 σκεύη
2511 5059 2764 5123 Θανάτου,
2791 5057 2860 5111 τά
2894 5057 3026 5128 βέλη
3063 5053 3229 5109 αὐτοῦ
3256 5057 3368 5116 τοῖς
3395 5048 3666 5120 καιομένθιίι

441 5153 498 5198 et
529 5145 737 5214 paravit
767 5144 931 5218 407
966 5146 1140 5209 illum,
1178 5155 1234 5200 ct
1271 5145 1324 5200 in
1353 5160 1420 5201 eo
1454 5147 1664 5216 paravit
1695 5161 1820 5199 vasa
1867 5163 1968 5202 mal

2152 5152 2496 5224 ξειργάσατο.
2534 5151 2665 5205 Ἰδοὺ
2688 5149 2950 5221 ὠδίνησεν
2967 5146 3200 5210 ἀδικίαν,
3235 5143 3487 5198 συνέλαϐε
3515 5138 3675 5224 m3.

447 5237 540 5302 tis,
578 5238 808 5307 sagittas
841 5253 972 5294 suas
1018 5237 1334 5293 ardentibus
1361 5236 1562 5291 effecit.
1601 5237 1737 5292 Ecce
1763 5240 1968 5307 parturi

2139 5219 2441 5298 ta't'Evexev
2487 5242 2736 5313 ἀνομίαν.
2781 5260 2799 5292 ι
2842 5219 2961 5304 ⁷Πᾶς
2995 5240 3092 5311 μὲν
3119 5233 3212 5292 οὖν
3248 5233 3560 5306 ὁμολογήσει
3601 5219 3666 5278 τό·

517 5400 557 5433 ³⁸
590 5402 876 5475 ξοαηδιη,
907 5404 960 5458 8.
1051 5404 1095 5437 ⁸³
1118 5403 1284 5474 Apoc.
1325 5403 1528 5475 Iit,_20.
1609 5402 1652 5434 ³³
1687 5402 1877 5475 Matth.
1905 5423 2004 5475 xit,
2039 5440 2044 5454 .

2138 5426 2144 5473 ι
2183 5406 2317 5462 Luc.
2346 5421 2420 5470 ιι,
2449 5403 2540 5460 ⁸51.
2615 5401 2660 5433 ³³
2688 5399 2756 5456 lli
2789 5401 2922 5472 Reg.
2947 5413 3022 5466 tv,
3074 5397 3169 5454 92.
3247 5396 3372 5438 ³⁸-³⁶
3395 5393 3576 5464 Ephes.
3609 5398 3665 5439 vt.

448 5469 538 5534 Η,
591 5473 678 5526 16.
775 5474 818 5506 ⁸⁷
847 5472 1002 5529 Joan.
1029 5469 1239 5540 xut,'2.
1335 5473 1378 5505 ³⁸
1404 5473 1546 5528 Psal.
1589 5473 1780 5540 vrt,l3,
1811 5476 1900 5530 15.

521 5612 657 5680 (81⁸)
697 5614 912 5682 Ὀλιτα.
944 5613 1106 5668 Forte
1132 5613 1416 5681 legendum
1448 5612 1630 5682 όλίγῳ.
1799 5680 1823 5682 Η

2138 5608 2202 5662 [ta
2245 5609 2390 5682 hunc
2436 5608 2739 5682 locum_in_
2767 5608 2951 5682 codice
3000 5606 3157 5678 Regio
3196 5603 3438 5660 mutilum
3477 5595 3665 5656 sanitati

523 5678 931 5753 (89.)“Πρ.“ς’,δὲ
971 5682 1113 5747 τοὺς
1154 5678 1422 5747 πολλοὺς
1461 5678 1603 5735 οὐδὲ
1650 5680 2017 5751 νομιζόμει-ἀ.

1461 5678 1603 5735 οὐδὲ
1650 5680 2017 5751 νομιζόμενα.
2133 5679 2366 5734 restituit
2407 5679 2572 5733 codex
2614 5678 2957 5734 Bodleianus.
