3924 6196
190 324 299 382 749

1175 322 1532 380 COMMENT.
1575 321 1641 379 IN
1674 320 1869 380 JOAN.
1907 319 2145 378 TOMUS
2179 319 2397 378 XXXII.
3321 323 3430 378 750

171 443 402 522 adurunt
433 440 463 496 δ
509 441 675 496 ἔδωκε
705 440 783 513 τῷ
826 439 939 512 Υίῷ
967 443 997 496 ὁ
1029 433 1226 515 Πατὴρ
1264 445 1345 508 εἰς
1390 443 1490 506 τὰς
1529 445 1715 514 χεῖρας

1854 450 1908 498 et
1934 439 2559 509 rationem,illud'qnod
2599 437 2884 495 dicendum
2918 445 3001 494 est
3046 437 3273 508 singulis
3322 439 3430 494 illis

169 534 396 606 ἑκάστῳ
421 533 519 604 μὲν
552 532 659 605 γάρ
688 533 794 586 τῶν
824 532 1036 588 πάντων
1063 533 1382 605 λεχθήσεται
1406 534 1468 586 τό
1487 550 1500 564 ·
1539 551 1558 585 ι
1599 533 1756 590 Ἀκο-

164 624 462 697 λουθήσεις
504 624 561 677 δέ
591 641 679 694 μοι
707 623 957 696 ὕστερον·
984 644 1002 678 ι
1037 623 1152 678 ἀλλ’
1181 626 1229 678 εί
1259 625 1332 696 μὴ
1370 624 1487 694 ἅμα
1529 623 1754 677 ἀκολου-

166 714 458 787 Θήσουσιν,
485 715 584 768 οὐκ
615 715 708 769 ἐπὶ
760 715 852 770 τὸν
889 715 1049 770 αὐτὸν
1095 716 1426 787 ἀναφέρεται
1459 715 1650 788 καιρὸν
1692 714 1753 767 τὸ

165 807 392 878 ἑκάστῳ
447 807 555 860 τῶν
616 807 1094 878 ἀκολουθησάντων
1141 807 1322 863 αὐτῶν
1377 807 1616 881 ἁρμόζον
1689 804 1751 858 τὸ

163 900 432 967 ὕστερον
482 899 542 952 ὲν
575 897 708 970 τῷοι
733 898 1143 974 Ἀκολουθήσεις
1159 900 1216 953 δέ
1233 918 1318 972 μο.
1341 899 1534 970 ὕστερο
1566 917 1615 952 ,ι
1653 898 1750 953 καὶ

159 989 330 1044 τοῦτό
357 1007 446 1060 μοι
479 989 586 1044 νόει
608 990 703 1044 καὶ
735 990 864 1061 περὶ
889 989 1103 1044 πάντων
1131 989 1238 1044 τῶν
1267 987 1746 1061 καταργουμένων,

157 1081 284 1136 εἴτε
317 1083 442 1136 ὅταν
475 1082 800 1156 καταργήσῃ
833 1083 1009 1138 πᾶσαν
1032 1083 1228 1154 ἀρχὴν,
1256 1083 1366 1135 εἴτε
1395 1083 1574 1135 πᾶσαν
1599 1081 1750 1146 ἐξου-

159 1175 316 1240 σίαν,
344 1176 454 1229 εἴτε
494 1175 678 1229 πᾶσαν
713 1174 958 1246 δύναμιν,
998 1175 1094 1230 καὶ
1125 1173 1463 1240 ἁπαξαπλῶς
1494 1174 1653 1246 ἄχρις
1687 1168 1748 1230 οὗ

156 1266 236 1338 θῇ
298 1266 508 1330 πάντας
570 1267 696 1330 τοὺς
749 1265 974 1338 ἐχθροὺς
1031 1266 1198 1320 αὐτοῦ
1253 1264 1358 1318 ὑπὸ
1406 1266 1534 1328 τοὺς
1580 1265 1748 1330 πόδας

154 1357 363 1423 αὑτοῦ,
395 1358 622 1429 ἔσχατος
656 1357 847 1429 ἐχθρὸς
877 1361 1235 1430 καταργεῖται
1261 1360 1292 1412 ὁ
1320 1358 1566 1423 θάνατος.
1614 1373 1633 1408 ι
1656 1357 1748 1410 Εί-

153 1447 277 1511 δὼς
300 1467 317 1499 ι
354 1443 447 1501 οὖν
481 1466 498 1500 ι
525 1449 553 1501 ὁ
591 1446 817 1518 Ἰησοῦς,
857 1447 937 1501 ὅτι
966 1447 1142 1505 πάντα
1171 1447 1371 1502 ἔδωκεν
1402 1445 1551 1518 αὐτῷ
1579 1447 1608 1499 ὁ
1636 1447 1749 1500 Πα-

150 1537 272 1610 τὴρ
303 1541 384 1601 είς
413 1538 510 1602 τὰς
549 1541 766 1611 χεῖρας,
805 1539 900 1592 καὶ
933 1539 1016 1592 ὅτι
1068 1538 1176 1592 ἀπὸ
1209 1537 1342 1592 Θεοῦ
1394 1537 1604 1608 ἐξῆλθε,
1652 1536 1750 1592 καὶ

147 1627 306 1700 πρὸς
331 1628 422 1682 τὸν
449 1629 581 1683 Θεὸν
607 1628 831 1698 ὑπάγει,
857 1647 875 1680 ι
925 1627 1021 1682 καὶ
1066 1627 1220 1691 εἰδὼς
1262 1629 1386 1681 ὅσον
1432 1629 1517 1696 ἐφ’
1541 1621 1623 1691 οἷς
1656 1645 1747 1682 κε-

1852 534 2106 588 omuibus
2151 547 2274 603 qua:
2318 531 2478 588 Pater
2521 530 2659 585 Filio
2707 529 2854 584 dedit
2906 531 2958 585 in
3005 529 3176 597 ipsius
3230 546 3427 597 manus

1851 623 2105 694 (singulis
2157 623 2302 679 enim
2346 621 2597 678 omnibus
2641 619 2851 674 dicetur
2891 619 3057 674 illud:
3113 639 3132 671 ι
3169 619 3427 690 Sequeris

1851 721 2036 768 autem
2063 728 2148 766 me
2173 722 2358 783 postea
2388 729 2406 764 ι
2433 711 2453 782 )
2511 711 2863 766 considerare
2889 719 2941 766 te
2967 721 3214 778 oportet:
3243 726 3426 767 verum

1853 799 1898 856 si
1927 801 2088 856 simul
2134 818 2238 857 nou
2285 809 2617 871 sequantur,
2660 816 2784 856 cum
2829 800 3064 868 dicitur,
3112 820 3130 856 ι
3169 802 3427 873 Sequeris

1850 905 2030 949 autem
2077 909 2160 948 me
2198 904 2383 962 postea
2404 931 2420 956 ,
2453 910 2470 942 ι
2503 907 2604 945 vox
2649 902 2851 959 postea,
2878 893 3104 962 singulis
3127 894 3219 962 qui
3258 896 3428 951 secuti

1850 984 2438 1048 fuerintconveniens,
2488 1000 2592 1038 non
2621 983 2687 1038 ad
2733 985 2874 1040 idem
2904 995 3118 1056 tempus
3150 986 3422 1051 refertur;

1850 1078 1901 1136 id
1929 1094 2034 1148 quo
2059 1081 2070 1130 Ι
2098 1077 2264 1132 etiam
2291 1075 2422 1132 mihi
2453 1076 2741 1132 considera
2772 1077 2838 1132 de
2863 1077 2950 1131 bis
2975 1091 3095 1146 quae
3127 1078 3423 1135 destruun-

1848 1177 1957 1234 tur,
1986 1169 2100 1226 sive
2131 1184 2256 1226 cum
2284 1170 2623 1226 destruxerit
2647 1183 2862 1224 onmem
2893 1168 3280 1237 principatum.
3310 1170 3424 1225 sire

1848 1275 2062 1317 omnem
2088 1270 2412 1329 potestatem
2432 1301 2448 1326 ,
2473 1262 2587 1318 sive
2610 1275 2827 1315 omnem
2857 1260 3113 1314 virtutem
3138 1299 3153 1324 ,
3179 1271 3233 1314 et
3262 1274 3425 1330 gene-

1849 1349 2011 1406 ratim
2047 1335 2220 1407 donec
2245 1352 2485 1420 posuerit
2516 1366 2708 1406 omnes
2736 1351 2984 1406 inimicos
3023 1367 3150 1406 suos
3191 1353 3292 1406 sub
3331 1369 3423 1420 pe-

1848 1441 1943 1498 des
1964 1456 2125 1507 suos,
2157 1451 2321 1513 atque
2352 1443 2575 1500 ultimus
2617 1443 2788 1498 hostis
2817 1441 3122 1498 abolebitur
3171 1458 3317 1502 more
3345 1444 3417 1498 ⁸⁸.

1852 1551 1872 1588 ι
1900 1532 2123 1590 Sciens»
2158 1535 2322 1604 igitur
2344 1535 2527 1590 «Jesus
2549 1535 2728 1588 omnia
2760 1534 2976 1590 dedisse
2992 1535 3092 1589 sibi
3122 1533 3336 1590 Patrem
3367 1539 3418 1594 in

1847 1643 2066 1695 manus,
2097 1641 2262 1698 seque
2289 1643 2318 1682 ιι
2351 1627 2460 1683 Deo
2489 1628 2704 1691 exisse,
2736 1635 2790 1682 et
2815 1628 2881 1681 ad
2925 1628 3090 1682 Deum
3121 1629 3272 1684 abire
3295 1631 3362 1694 δ’,
3394 1650 3414 1683 ›

146 1718 459 1789 κινήμεθα,
483 1719 560 1782 ὡς
588 1717 968 1790 διηγησάμεθα
996 1718 1355 1790 παριστάντες
1385 1717 1495 1788 (90)
1534 1717 1595 1770 τὸ
1639 1735 1732 1786 φα-

1843 1728 1899 1774 et
1924 1718 2108 1774 sciens
2137 1728 2405 1790 quantum
2437 1719 2489 1773 in
2520 1717 2638 1772 bzee
2669 1718 2799 1773 moti
2828 1733 3039 1782 sumus,
3066 1729 3124 1774 ut
3150 1736 3420 1790 exposue-

145 1811 254 1864 νὲν
284 1812 413 1882 ἡμῖν
440 1813 519 1874 είς
558 1811 618 1864 τὸ
641 1850 654 1874 ,
695 1830 713 1864 ι
758 1810 891 1865 ’Λπδ
917 1810 1012 1864 τοῦ
1051 1809 1186 1865 Θεοῦ
1222 1807 1433 1878 ἐξῆλθε,
1461 1826 1479 1859 ι
1517 1808 1613 1862 καὶ
1659 1810 1732 1872 είς

1842 1810 2014 1866 rimus
2043 1811 2095 1866 iu
2125 1809 2362 1866 medium
2388 1811 2714 1870 adducentes
2743 1811 3052 1882 opinionem
3091 1823 3329 1870 nostram
3361 1815 3414 1868 in

146 1895 224 1950 τὸ
243 1937 258 1961 ,
307 1915 325 1948 ι
356 1897 499 1969 Πρὸς
518 1896 609 1951 τὸν
641 1898 770 1952 Θεὸν
807 1899 1021 1968 ὑπάγει·
1058 1896 1325 1970 ἐγείρεται
1344 1915 1392 1960 ,ι
1430 1897 1616 1968 φησὶν,
1645 1897 1739 1950 ιὲκ

148 1983 256 2038 τοῦ
301 1985 539 2050 δείπνου,
566 2006 584 2040 ι
620 1989 756 2060 ὅπερ
787 1989 927 2043 κατὰ
957 1988 1112 2043 τοῦτο
1153 1988 1556 2060 κατανοήσομεν
1599 1987 1738 2059 μετὰ

147 2077 274 2130 τῶν
305 2077 448 2148 ἑξῆς.
491 2078 600 2132 Καὶ
639 2079 738 2150 ὅρα
778 2079 826 2131 εἰ
855 2078 1076 2134 δύνασαι
1105 2079 1163 2132 ὲν
1195 2078 1402 2141 τούτοις
1429 2077 1628 2147 λέγειν,
1657 2079 1738 2132 δτι

149 2167 542 2239 ἀπεριστάτως
581 2167 678 2239 μὲν
707 2168 866 2222 αὐτὸν
900 2167 1134 2239 εὔφραινε
1162 2168 1222 2220 τὸ
1255 2165 1393 2238 μετὰ
1418 2166 1528 2222 τῶν
1561 2166 1740 2239 μαθηο

153 2259 275 2312 τῶν
312 2255 568 2310 δειιινεῖνο
605 2258 1006 2330 περιστατικῶς
1053 2257 1109 2311 δὲ
1154 2257 1247 2311 καὶ
1289 2257 1600 2326 ἀναγκαίως
1651 2256 1740 2310 διὰ

154 2351 290 2413 τοὺς
328 2347 571 2420 μαθητὰς
615 2349 723 2403 άπὸ
765 2347 858 2402 τοῦ
909 2347 1122 2402 δείπνου
1179 2346 1472 2418 ἐγείρεται,
1522 2348 1615 2402 καὶ
1646 2348 1738 2402 ἐπὶ

157 2441 336 2495 ’ποσὸν
384 2441 475 2495 τοῦ
509 2441 743 2495 δειπνεῖν
779 2441 1066 2506 παύσεται,
1095 2440 1198 2501 ἓως
1244 2435 1368 2500 τοὺς
1407 2438 1516 2493 τῶν
1563 2438 1738 2512 μαθη-

145 2528 270 2582 τῶν
302 2529 568 2601 καθαρίσῃ
601 2531 786 2594 πόδας,
813 2531 871 2583 οὺ
905 2529 1214 2601 δυναμένων
1242 2530 1387 2602 ἔχειν
1421 2529 1582 2602 μέρος
1619 2531 1734 2600 μετ’

149 2619 350 2682 αὐτοῦ,
380 2621 473 2673 ἐὰν
507 2621 580 2692 μὴ
617 2623 778 2686 αὐτὸς
807 2621 956 2693 νίψῃ.

223 2712 282 2766 4.
326 2713 392 2765 Τί
428 2709 520 2766 οὖν
558 2714 778 2782 λέγεται
829 2713 964 2784 μετὰ
1001 2715 1091 2780 τὸ,
1137 2732 1155 2766 ι
1195 2715 1496 2788 Ἐγείρεται
1546 2716 1610 2768 ἐκ
1638 2713 1734 2767 τοῦ

141 2806 393 2874 δείπνου,
419 2827 438 2858 ι
494 2809 938 2878 κατανοήσωμεν.
1011 2829 1028 2861 ι
1058 2809 1284 2879 Τίθησι,
1327 2827 1346 2862 ι
1394 2809 1559 2882 φησὶ,
1619 2827 1638 2859 ι
1667 2807 1736 2863 τὰ

152 2899 372 2970 ἱμάτια,
404 2900 496 2953 καὶ
531 2898 716 2952 λαϐὼν
742 2898 949 2952 λέντιον
980 2899 1291 2964 διεζώσατο.
1321 2918 1340 2952 ι
1381 2900 1490 2953 Καὶ
1523 2900 1582 2952 ὲν
1608 2897 1734 2952 τού-

141 3007 270 3053 τοις
309 2991 364 3044 δὲ
414 2991 660 3061 εἴποιμεν
701 2990 767 3044 ἂν
797 2993 911 3052 τοῖς
948 2989 1023 3060 μὴ
1079 2989 1418 3060 βουλομένοις
1469 2989 1576 3044 ἀπὸ
1626 2989 1732 3043 τῶν

141 3081 338 3154 ῥητῶν
382 3082 712 3149 ἀναϐαίνειν,
748 3084 840 3136 καὶ
893 3080 1099 3154 νοητῶς
1143 3084 1280 3136 νοεῖν
1325 3081 1394 3135 τὰ
1439 3081 1732 3152 παρατιθέ-

142 3193 300 3246 μενα
345 3176 400 3228 ὲν
433 3173 642 3236 τούτοις
674 3174 774 3244 τῆς
803 3173 982 3245 ψυχῆς
1028 3171 1321 3244 βρώματα·
1359 3173 1423 3226 Τί
1455 3172 1566 3242 γὰρ
1607 3171 1730 3224 ἐλύ-

137 3283 246 3320 πει
290 3263 629 3334 ἐνδεδυμένον
656 3263 812 3318 αὑτὸν
832 3263 980 3334 νῖψαι
1025 3263 1151 3328 τοὺς
1197 3263 1359 3328 πόδας
1399 3262 1506 3316 τῶν
1553 3262 1730 3333 μαθη-

135 3359 296 3425 τῶνς
341 3355 498 3409 ’Δλλὰ
523 3354 596 3426 μή
615 3372 753 3418 πως,
791 3355 886 3410 ἐὰν
925 3355 1125 3428 ἴδωμεν
1157 3355 1266 3427 (91)
1307 3355 1471 3420 ἀξίως
1498 3353 1593 3407 τοῦ
1635 3354 1732 3426 ’1η-

140 3449 251 3504 σοῦ
283 3448 354 3501 τά
395 3445 666 3517 ἐνδύματα
707 3445 872 3500 αὑτοῦ
917 3447 953 3501 ἃ
984 3447 1289 3520 περιέκειτο
1334 3446 1584 3512 δειπνῶν,
1633 3445 1730 3499 καὶ

137 3539 576 3614 εὐφραινόμενος
621 3539 760 3610 μετὰ
783 3539 892 3593 τῶν
912 3529 1196 3611 μαθητῶν,
1236 3539 1577 3610 ἐννοήσωμεν
1610 3536 1729 3590 τίνα

139 3633 356 3703 κόσμον
388 3632 695 3703 περίκειται
710 3633 738 3684 ὁ
757 3630 1044 3702 γενόμενος
1063 3629 1199 3702 σάρξ
1229 3631 1417 3698 Λόγος.
1452 3627 1653 3682 Τοῦτον
1671 3627 1729 3682 δὲ

138 3724 195 3778 ἓν
221 3741 334 3778 τινι
364 3721 854 3795 ὑφάσματι).ἐξεων
873 3722 1007 3793 πρὸς
1039 3720 1232 3788 λέξεις,
1253 3722 1345 3775 καὶ
1366 3721 1559 3791 φωνῶν
1593 3719 1730 3792 πρὸς

141 3816 337 3886 φωνάς
411 3816 777 3886 συνεστηκότα
831 3812 1180 3878 ἀποτίθεται,
1239 3813 1341 3866 κᾶν
1400 3811 1730 3882 γυμνότερος

141 3907 296 3978 μετὰ
339 3905 580 3960 δουλικοῦ
629 3908 926 3978 σχήματος,
972 3905 1109 3977 ὅπερ
1156 3904 1410 3976 δηλοῦται
1463 3903 1551 3956 διὰ
1600 3902 1727 3970 τοῦ,

147 4019 165 4052 ι
193 3997 400 4053 Λαϐὼν
441 3999 665 4062 λέντιον,
714 3997 1025 4063 διεζώσατο,
1049 4016 1066 4048 ι
1117 3997 1348 4066 γίνεται,
1400 3996 1486 4051 ἵνα
1518 3997 1614 4049 καὶ⁹
1652 3995 1726 4068 μὴ

144 4092 330 4162 πάντη
374 4090 606 4161 γυμνὸς,
643 4089 736 4142 καὶ
779 4087 916 4158 μετὰ
957 4089 1016 4142 τὸ
1050 4087 1206 4159 νῖψαι
1239 4087 1548 4158 οἱκειοτέρῳ
1593 4087 1729 4157 ὑφά-

148 4201 320 4255 σματι
349 4182 605 4253 άπομάξῃ
634 4184 758 4246 τοὺς
785 4179 892 4234 τῶν
921 4179 1172 4252 μαθητῶν
1203 4181 1382 4243 πόδας.
1409 4179 1520 4234 Καὶ
1542 4180 1642 4248 ὅρα
1671 4181 1727 4232 ὲν

146 4276 361 4339 τούτοις
409 4274 526 4338 πῶς
557 4274 746 4328 ἑαυτὸν
783 4271 1069 4343 σμικρύνει
1109 4271 1219 4342 (92)
1258 4273 1286 4324 ὁ
1321 4271 1489 4342 μέγας
1517 4271 1619 4338 καὶ,
1643 4271 1727 4324 δε-

146 4365 472 4438 δοξασμένος
519 4367 689 4434 Λόγος
741 4366 1029 4435 γενόμενος
1077 4362 1240 4434 σὰρξ,
1288 4363 1375 4415 ἵνα
1423 4362 1550 4434 vid/'9
1594 4362 1723 4427 τοὺς

1841 1903 1944 1959 hoc
1970 1903 2172 1958 dictum
2192 1940 2208 1967 ,
2239 1920 2258 1955 ι
2287 1903 2333 1958 Α
2375 1903 2484 1959 Deo
2517 1905 2744 1971 exivit,»
2767 1914 2818 1960 et
2846 1905 2899 1960 in
2930 1904 3056 1972 hoc,
3087 1923 3107 1957 ι
3132 1905 3210 1962 Ad
3244 1907 3413 1963 Deum

1839 1987 2018 2054 vadit;
2061 1987 2271 2058 surgit,
2305 2005 2326 2042 ι
2367 1990 2571 2060 inquit,
2619 2009 2638 2045 ι
2665 2007 2693 2046 a
2745 2005 2932 2059 cmna,
2976 2010 2995 2044 ι
3037 1995 3179 2062 quod
3213 1995 3418 2064 pariter

1839 2078 2304 2136 considerabimus
2326 2095 2446 2136 cum
2487 2082 2860 2152 sequentibus.
2895 2082 2960 2137 Et
2984 2084 3105 2137 vide
3131 2098 3198 2138 an
3240 2087 3418 2155 possis

1839 2170 1894 2227 in
1929 2172 2013 2228 bis
2035 2173 2240 2237 dicere,
2279 2188 2628 2243 summopere
2657 2175 2876 2244 quidem
2907 2175 3056 2230 illum
3082 2177 3411 2252 oblectaunn

1838 2261 2009 2319 fuisse
2045 2265 2313 2320 ccenando
2347 2280 2468 2319 eum
2499 2264 2779 2334 discipulis
2806 2265 2958 2331 suis;
3000 2265 3235 2322 alilictim
3263 2283 3414 2330 vero,

1835 2362 1888 2411 et
1912 2355 2260 2422 necessario,
2290 2366 2514 2426 propter
2543 2356 2845 2428 discipulos
2871 2395 2886 2422 ,
2916 2372 2944 2411 a
2973 2371 3132 2413 cinna
3163 2373 3412 2429 surgere,

1829 2451 2169 2518 ,eatenusque
2198 2460 2228 2498 a
2259 2446 2523 2501 ctenando
2558 2461 2679 2502 eum
2717 2461 2963 2510 cessare,
2999 2460 3269 2517 quatenus
3317 2466 3409 2518 μου

1838 2535 1935 2589 des
1985 2533 2203 2590 mundet
2259 2533 2645 2604 discipulorum
2703 2552 2810 2590 non
2867 2537 3159 2594 valentium
3212 2541 3414 2597 habere

1835 2634 2045 2693 partem
2069 2639 2276 2692 secum,
2313 2626 2416 2680 nisi
2455 2627 2570 2695 ipse
2601 2628 2812 2684 illorum
2844 2631 3006 2697 pedes
3041 2629 3256 2686 laverit.

1905 2714 2069 2787 410
2121 2715 2175 2770 4.
2220 2716 2326 2771 Sed
2374 2717 2670 2788 diligenter
2705 2721 2834 2790 quid
2880 2723 3094 2776 dicatur
3136 2734 3256 2794 post
3297 2725 3412 2782 Ιιιιιε

1835 2809 2026 2876 verba,
2062 2827 2078 2860 ι
2110 2809 2296 2882 Surgit
2328 2827 2356 2866 a
2381 2827 2562 2876 coena,
2613 2831 2631 2865 ι
2667 2813 3092 2872 consideremus.
3129 2835 3149 2869 ι
3191 2816 3403 2880 Ponit,-

1838 2899 2052 2970 inquit,
2084 2919 2102 2952 ι
2135 2902 2488 2968 vestimenta,
2539 2919 2770 2975 cumque
2813 2908 3106 2980 accepisset
3157 2908 3407 2978 linteum,

1835 2990 2118 3059 praecinxit
2145 3007 2204 3046 se
2233 2992 2298 3046 ⁶⁰.
2334 3013 2352 3044 ι
2388 2994 2640 3051 Dicamus
2683 2996 2845 3051 etiam
2895 2999 2946 3051 in
2984 2999 3098 3054 tltoc
3151 3009 3406 3056 contextu

1831 3081 1898 3136 ad
1922 3095 2015 3135 eos
2041 3083 2132 3150 qui
2167 3083 2356 3138 nolunt
2382 3100 2414 3140 ιι
2449 3088 2628 3143 verbis
2653 3089 2964 3158 ascendere,
2996 3101 3047 3145 et
3072 3101 3252 3148 mente
3275 3109 3410 3148 con-

1836 3171 2079 3228 siderare
2125 3174 2327 3229 anima:
2369 3176 2519 3232 cibos
2553 3178 2605 3232 in
2644 3179 2727 3234 his
2774 3181 2951 3237 verbis
2995 3185 3238 3250 positos:
3268 3183 3406 3252 Quid

1834 3262 2086 3320 obstabat
2120 3267 2412 3334 quominus
2463 3269 2683 3324 indutus
2727 3271 2842 3340 ipse
2879 3273 3264 3344 discipulorum
3302 3292 3401 3346 pe-

1833 3355 1928 3410 des
1951 3354 2191 3411 lavarct?
2219 3358 2290 3411 At
2320 3373 2447 3414 vero
2471 3359 2572 3416 nisi
2598 3362 2778 3433 alique
2805 3364 2964 3418 modo
2994 3366 3315 3433 viderimus,
3349 3379 3407 3424 ut

1833 3446 2051 3516 dignum
2095 3458 2180 3501 est
2222 3447 2389 3518 ipsius
2409 3447 2562 3517 Iesu,
2600 3453 2922 3507 vestimenta
2958 3455 3153 3525 quibus
3176 3455 3407 3511 circum-

1832 3538 2062 3592 dabatur
2105 3553 2332 3594 cmnans
2371 3557 2492 3594 cum
2541 3540 2854 3610 discipulis,
2897 3553 2950 3596 et
2983 3561 3043 3600 se
3069 3546 3402 3606 cxbilarans,

1831 3629 2302 3686 considerabimus
2337 3635 2479 3702 quod
2509 3645 2892 3688 ornamentum
2939 3636 3085 3689 circa
3138 3651 3196 3691 se
3237 3637 3402 3690 babe-

1830 3719 1924 3773 bat
1972 3735 2104 3776 caro
2150 3721 2326 3778 factus
2359 3724 2529 3780 Filius
2554 3727 2646 3779 Dei
2672 3726 2883 3780 Sermo.
2922 3726 3035 3780 Hoc
3079 3737 3260 3780 autem
3291 3727 3406 3780 fur-

1830 3818 2033 3864 matum
2089 3811 2144 3866 in
2189 3815 2423 3883 quadam
2476 3825 2689 3870 textura
2736 3825 2794 3872 et-
2843 3817 2944 3869 tcla
2991 3817 3286 3872 dictionum
3335 3821 3402 3873 ad

1829 3900 2114 3967 dictiones,
2139 3913 2193 3958 et
2209 3919 2401 3960 vocum
2436 3909 2501 3961 ad
2529 3923 2690 3962 voces
2726 3909 2976 3977 deponit,
3009 3910 3174 3978 [itque
3207 3912 3405 3964 nudior

1829 4005 1952 4044 cum
1987 3991 2156 4060 ﬁgura
2182 3995 2386 4060 servili,
2414 3997 2556 4065 quod
2586 3998 2892 4052 declaratur
2916 4014 3013 4068 per
3043 3999 3189 4066 illud,
3213 4020 3231 4052 ι
3261 4001 3396 4056 Cum

1827 4086 2393 4161 accepissctlintcuxn,
2417 4089 2700 4158 praecinxit
2734 4106 2816 4154 se,
2847 4109 2865 4140 ι
2895 4102 2945 4145 ιιι
2971 4101 3023 4144 et
3046 4109 3149 4147 non
3172 4095 3400 4150 omnino

1827 4177 2000 4232 nudus
2025 4188 2191 4244 esset,
2224 4190 2278 4234 et
2303 4194 2424 4234 cum
2452 4179 2692 4247 lavisset,
2723 4181 2821 4236 tela
2851 4182 2916 4238 ad
2937 4184 2986 4238 id
3016 4187 3400 4241 accommoda-

1829 4269 1967 4324 tiore
2018 4269 2406 4340 discipulorum
2461 4270 2794 4340 abstergeret
2843 4273 3022 4340 pedes.
3061 4274 3126 4328 Et
3171 4274 3291 4328 vide
3343 4276 3398 4330 in

1827 4359 1932 4428 bis,
1960 4362 2231 4431 quomodo
2281 4378 2506 4433 magnus
2549 4374 2603 4418 et
2637 4364 2974 4435 glorificatus
3005 4365 3196 4420 Sermo
3223 4367 3398 4422 factus

148 4461 318 4523 πόδας
351 4458 460 4512 τῶν
494 4457 773 4530 μαθητῶνο
816 4478 834 4508 ι
865 4454 1054 4509 Βάλλει
1079 4474 1097 4506 ι
1131 4454 1258 4525 γὰρ,
1303 4454 1486 4525 φησὶν,
1529 4474 1545 4504 ι
1578 4455 1721 4527 ὕδωρ

1840 4469 1953 4510 :aro
1985 4455 2219 4523 seipsum
2249 4455 2486 4519 minuat,
2524 4464 2582 4510 ut
2607 4456 2749 4510 lavet
2779 4456 2944 4526 pedes
2970 4455 3394 4526 discipulorum;

147 4553 223 4616 είς
269 4549 360 4604 τὸν
398 4549 655 4620 νιπτῆρα.
685 4568 702 4601 ι
753 4546 1006 4618 Ἀϐραὰμ
1057 4544 1153 4616 μὲν
1180 4542 1294 4609 οὖν,
1335 4544 1545 4616 «ἡνίκα
1589 4546 1720 4600 ἀνα-

147 4641 351 4710 ϐλέψας
398 4644 509 4705 τοῖς
554 4640 849 4711 ὀφθαλμοῖς
895 4637 1062 4692 αὑτοῦ
1104 4632 1242 4690 εἷδε’
1284 4637 1378 4690 καὶ
1431 4638 1538 4691 ἰδοὺ
1570 4639 1719 4709 τρεῖς

149 4732 338 4804 ἄνδρες
389 4731 496 4801 (95)
523 4732 874 4804 εἱστήκεισαν
935 4728 1120 4782 ὲπάνω
1185 4727 1347 4780 αὑτοῦ
1373 4744 1386 4756 ·
1447 4728 1541 4781 καὶ
1569 4796 1572 4799 _
1597 4728 1719 4782 ἰδὼν

214 4910 263 4942 ⁸³
291 4907 314 4965 Ι
349 4909 475 4968 Cor.
511 4927 601 4979 xv,
623 4909 816 4966 24-26.
889 4912 934 4944 "
962 4907 1118 4966 Joan.
1145 4925 1264 4977 xm,
1293 4910 1346 4963 ’5.

219 5061 330 5133 (90)
367 5061 952 5133 ίιίεηιοοιῐετκίἶρείιις,
983 5061 1146 5133 male,
1184 5061 1561 5133 περιστάντες.

217 5130 328 5201 (91)
369 5132 541 5187 Ἀλλὰ
560 5139 645 5201 ιιη
663 5130 944 5198 πῶς,’ἐὰν
981 5130 1219 5200 ἴδωμεν,
1242 5130 1348 5188 etc.
1391 5132 1593 5186 Vitiosa
1623 5131 1716 5186 hic

153 5211 264 5254 erat
292 5201 612 5256 Ferrariana
648 5203 1052 5271 interpretatio,
1109 5217 1272 5271 quam
1329 5203 1708 5268 correximus;

155 5272 348 5326 rectior
380 5287 510 5326 vero
535 5271 878 5335 Perioniana,
913 5285 1220 5340 quanquam
1244 5271 1428 5340 aliqua
1456 5271 1621 5325 etiam
1655 5272 1709 5325 in

155 5353 209 5392 ea
240 5341 507 5396 desidero.
533 5339 682 5396 Talis
735 5351 910 5396 autem
934 5339 1032 5395 illa
1069 5339 1194 5396 est:
1234 5359 1254 5392 ι
1299 5339 1404 5396 sed
1448 5340 1494 5395 si
1534 5341 1713 5396 minus

155 5411 243 5477 p'ro
265 5409 387 5465 Jcsu
412 5411 677 5481 dignitate
705 5420 882 5466 vestes
920 5411 1179 5475 vidimus,
1227 5412 1436 5481 quibus
1477 5410 1713 5465 amictus

156 5492 265 5532 cum
285 5479 570 5550 discipulis
604 5481 758 5537 latus
792 5481 1030 5537 coenavit
1053 5496 1068 5546 ;
1095 5479 1472 5535 certe’animis
1505 5483 1712 5550 nostris

155 5549 437 5620 cernamus
467 5567 573 5620 quo
613 5560 807 5606 ornatu
848 5551 1083 5606 Verbum
1151 5550 1292 5620 quod
1331 5563 1459 5603 caro
1507 5549 1710 5620 factum

154 5627 252 5678 est,
288 5619 534 5676 intlutuin
557 5629 695 5676 erat.
729 5621 906 5684 Hunc,
959 5620 1050 5688 qui
1083 5619 1179 5675 ex’
1205 5628 1421 5673 textura
1477 5619 1711 5687 quadam

157 5689 436 5745 verborum
467 5706 588 5747 cum
624 5691 827 5756 verbis,
859 5701 914 5747 et
940 5704 1134 5746 vocum
1163 5704 1288 5747 cum
1329 5688 1552 5745 vocibus
1583 5702 1715 5741 cou-

1831 4560 1851 4595 ι
1904 4543 2103 4598 Mittit)
2143 4547 2284 4600 enim
2309 4585 2324 4612 ,
2389 4544 2602 4617 inquit,
2641 4563 2660 4596 ι
2696 4560 2888 4616 aquam
2921 4547 2971 4600 in
3020 4547 3220 4618 pelvim
3249 4548 3314 4602 °‘.
3370 4566 3391 4598 ι

1825 4637 2007 4706 Atque
2027 4637 2297 4692 Abraham
2325 4639 2576 4707 equidem
2616 4656 2635 4688 ι
2683 4654 2805 4694 cum
2851 4642 3180 4708 respexisset
3223 4641 3395 4698 oculis

1828 4725 1942 4779 suis
1994 4724 2128 4778 vidit
2167 4740 2181 4776 :
2216 4736 2270 4779 et
2310 4739 2437 4780 ecce
2479 4736 2588 4782 tres
2625 4728 2724 4782 viri
2763 4738 3034 4783 steterunt
3051 4729 3205 4801 juxta
3233 4744 3393 4799 eum,

1424 4907 1470 4940 ⁶⁰
1500 4907 1656 4965 Joan.
1685 4923 1804 4974 xm,
1839 4907 1890 4959 4.
1971 4907 2012 4938 ⁶¹
2051 4905 2182 4960 ibid.
2210 4906 2265 4959 5.

1824 5066 2020 5131 stabat,
2053 5067 2306 5132 detrahit,
2346 5068 2648 5138 nudiorque
2692 5069 2753 5123 lit
2788 5083 2908 5124 cum
2952 5069 3132 5124 servili
3165 5069 3384 5135 habitu;

1824 5139 2274 5208 quemadmodum
2307 5153 2374 5194 ex
2425 5138 2516 5192 illo
2545 5139 2893 5208 perspicitur,
2933 5156 2952 5189 ι
2978 5150 3091 5208 etc.
3125 5139 3388 5208 Videntur

1825 5206 2017 5275 legisse
2052 5207 2353 5278 Ferrarius,
2371 5216 2425 5262 et
2466 5206 2768 5273 Perionius,
2803 5209 2898 5261 καὶ
2924 5207 3256 5278 γυμνότερος
3301 5206 3387 5274 γί-

1823 5292 1972 5347 νεται
2007 5277 2279 5347 paranete.
2314 5277 2536 5334 Habitus
2565 5286 2744 5332 autem
2773 5276 3070 5342 ille,verbis
3102 5276 3381 5341 constans,

1817 5345 2018 5416 littera
2041 5346 2335 5416 Scriptum
2365 5357 2482 5412 est;
2515 5347 2650 5400 alter
2681 5355 2883 5416 autem,
2925 5359 3189 5416 anagoge.

1888 5415 2002 5486 (9‘2)
2032 5413 2212 5486 Codex
2243 5417 2582 5486 Bodleianus,
2604 5413 2892 5486 σμικρύνει
2916 5430 2929 5442 ·
2968 5413 3166 5482 Regius
3191 5429 3383 5485 perpe-

1817 5498 1938 5556 ram
1953 5485 2136 5556 *habet
2154 5485 2361 5556 κρύνει.

1890 5553 2004 5673 (ξδ)
2031 5552 2211 5612 Codex
2268 5553 2507 5626 Regius,
2558 5552 2666 5606 ἰδοὺ
2726 5554 2937 5624 ἄνδρες,
2993 5553 3192 5610 omissa
3251 5569 3382 5610 voce

1890 5638 1907 5672 Ξ
1933 5640 1979 5673 ς.

1814 5636 1979 5691 τρεις.
