  <div class='ocr_page' id='page_1' title='image "/cluster/home/n/w/nwhite01/storage/ocr_20150623/14/hvd.32044073501363/381.png"; bbox 0 0 3866 6200; ppageno 0'>
   <div class='ocr_carea' id='block_1_1' title="bbox 514 339 611 394">
    <p class='ocr_par' dir='ltr' id='par_1_1' title="bbox 514 339 611 394">
     <span class='ocr_line' id='line_1_1' title="bbox 514 339 611 394; baseline -0.021 0"><span class='ocrx_word' id='word_1_1' title='bbox 514 339 611 394; x_wconf 74' lang='grc'><strong>751</strong></span> 
     </span>
    </p>
   </div>
   <div class='ocr_carea' id='block_1_2' title="bbox 1978 339 2095 404">
    <p class='ocr_par' dir='ltr' id='par_1_2' title="bbox 1978 339 2094 397">
     <span class='ocr_line' id='line_1_2' title="bbox 1978 339 2094 397; baseline -0.017 0"><span class='ocrx_word' id='word_1_2' title='bbox 1978 339 2094 397; x_wconf 82' lang='lat' dir='ltr'><strong>0R]</strong></span> 
     </span>
    </p>
   </div>
   <div class='ocr_carea' id='block_1_3' title="bbox 2201 339 3725 404">
    <p class='ocr_par' dir='ltr' id='par_1_3' title="bbox 2201 340 3725 404">
     <span class='ocr_line' id='line_1_3' title="bbox 2201 340 3725 404; baseline 0.005 -8"><span class='ocrx_word' id='word_1_3' title='bbox 2201 340 2304 398; x_wconf 79' lang='lat' dir='ltr'><strong>NlS</strong></span> <span class='ocrx_word' id='word_1_4' title='bbox 2393 363 2398 368; x_wconf 73' lang='lat'>&#39;</span> <span class='ocrx_word' id='word_1_5' title='bbox 3639 349 3725 404; x_wconf 74' lang='lat'><strong>759.</strong></span> 
     </span>
    </p>
   </div>
   <div class='ocr_carea' id='block_1_4' title="bbox 517 457 2095 541">
    <p class='ocr_par' dir='ltr' id='par_1_4' title="bbox 517 459 2090 536">
     <span class='ocr_line' id='line_1_4' title="bbox 517 459 2090 536; baseline 0.001 -18"><span class='ocrx_word' id='word_1_6' title='bbox 517 478 657 536; x_wconf 89' lang='lat' dir='ltr'><strong>quos</strong></span> <span class='ocrx_word' id='word_1_7' title='bbox 683 478 805 518; x_wconf 87' lang='lat' dir='ltr'><strong>eum</strong></span> <span class='ocrx_word' id='word_1_8' title='bbox 836 462 1060 517; x_wconf 76' lang='lat' dir='ltr'><strong>vidisset</strong></span> <span class='ocrx_word' id='word_1_9' title='bbox 1089 459 1331 517; x_wconf 86' lang='lat' dir='ltr'><strong>occurrit</strong></span> <span class='ocrx_word' id='word_1_10' title='bbox 1367 461 1449 518; x_wconf 92' lang='lat' dir='ltr'><strong>eis</strong></span> <span class='ocrx_word' id='word_1_11' title='bbox 1478 462 1544 518; x_wconf 91' lang='lat' dir='ltr'><strong>de</strong></span> <span class='ocrx_word' id='word_1_12' title='bbox 1571 461 1710 519; x_wconf 86' lang='lat' dir='ltr'><strong>ostio</strong></span> <span class='ocrx_word' id='word_1_13' title='bbox 1735 464 2090 530; x_wconf 79' lang='lat' dir='ltr'><strong>tabernaculi,</strong></span> 
     </span>
    </p>
   </div>
   <div class='ocr_carea' id='block_1_5' title="bbox 2201 457 3724 541">
    <p class='ocr_par' dir='ltr' id='par_1_5' title="bbox 2201 457 3724 541">
     <span class='ocr_line' id='line_1_5' title="bbox 2201 457 3724 541; baseline 0.007 -23"><span class='ocrx_word' id='word_1_14' title='bbox 2201 457 2571 538; x_wconf 68' lang='grc' dir='ltr'><strong>προσέδραμεν</strong></span> <span class='ocrx_word' id='word_1_15' title='bbox 2621 467 2702 532; x_wconf 84' lang='grc' dir='ltr'><strong>είς</strong></span> <span class='ocrx_word' id='word_1_16' title='bbox 2755 466 3079 539; x_wconf 83' lang='grc' dir='ltr'><strong>συνάντησιν</strong></span> <span class='ocrx_word' id='word_1_17' title='bbox 3133 467 3318 532; x_wconf 80' lang='grc' dir='ltr'>αὐτοῖς</span> <span class='ocrx_word' id='word_1_18' title='bbox 3361 468 3464 523; x_wconf 77' lang='grc' dir='ltr'><strong>ἀπὺ</strong></span> <span class='ocrx_word' id='word_1_19' title='bbox 3517 469 3604 541; x_wconf 82' lang='grc' dir='ltr'>τῆς</span> <span class='ocrx_word' id='word_1_20' title='bbox 3649 474 3724 528; x_wconf 80' lang='grc' dir='ltr'>θύ-</span> 
     </span>
    </p>
   </div>
   <div class='ocr_carea' id='block_1_6' title="bbox 514 555 2086 623">
    <p class='ocr_par' dir='ltr' id='par_1_6' title="bbox 514 555 2086 623">
     <span class='ocr_line' id='line_1_6' title="bbox 514 555 2086 623; baseline 0.003 -14"><span class='ocrx_word' id='word_1_21' title='bbox 514 555 898 623; x_wconf 68' lang='lat' dir='ltr'><strong>etincurvavit</strong></span> <span class='ocrx_word' id='word_1_22' title='bbox 949 569 1008 609; x_wconf 89' lang='lat' dir='ltr'><strong>se</strong></span> <span class='ocrx_word' id='word_1_23' title='bbox 1049 569 1237 609; x_wconf 86' lang='lat' dir='ltr'><strong>versus</strong></span> <span class='ocrx_word' id='word_1_24' title='bbox 1269 564 1509 620; x_wconf 86' lang='lat' dir='ltr'><strong>terram,</strong></span> <span class='ocrx_word' id='word_1_25' title='bbox 1555 567 1608 612; x_wconf 91' lang='lat' dir='ltr'><strong>et</strong></span> <span class='ocrx_word' id='word_1_26' title='bbox 1638 558 1806 612; x_wconf 85' lang='lat' dir='ltr'><strong>dixit:</strong></span> <span class='ocrx_word' id='word_1_27' title='bbox 1855 557 2086 623; x_wconf 81' lang='lat' dir='ltr'><strong>Amabo,</strong></span> 
     </span>
    </p>
   </div>
   <div class='ocr_carea' id='block_1_7' title="bbox 510 648 2088 720">
    <p class='ocr_par' dir='ltr' id='par_1_7' title="bbox 510 648 2088 720">
     <span class='ocr_line' id='line_1_7' title="bbox 510 648 2088 720; baseline 0.001 -18"><span class='ocrx_word' id='word_1_28' title='bbox 510 649 766 711; x_wconf 88' lang='lat' dir='ltr'><strong>Domine,</strong></span> <span class='ocrx_word' id='word_1_29' title='bbox 798 648 843 702; x_wconf 86' lang='lat' dir='ltr'><strong>si</strong></span> <span class='ocrx_word' id='word_1_30' title='bbox 881 649 1022 702; x_wconf 87' lang='lat' dir='ltr'><strong>hanc</strong></span> <span class='ocrx_word' id='word_1_31' title='bbox 1065 649 1298 719; x_wconf 73' lang='lat' dir='ltr'><strong>gratiam</strong></span> <span class='ocrx_word' id='word_1_32' title='bbox 1343 665 1372 702; x_wconf 91' lang='lat' dir='ltr'><strong>a</strong></span> <span class='ocrx_word' id='word_1_33' title='bbox 1406 658 1457 703; x_wconf 90' lang='lat' dir='ltr'><strong>te</strong></span> <span class='ocrx_word' id='word_1_34' title='bbox 1510 649 1804 720; x_wconf 76' lang='lat' dir='ltr'><strong>impetrare</strong></span> <span class='ocrx_word' id='word_1_35' title='bbox 1845 665 2088 720; x_wconf 87' lang='lat' dir='ltr'><strong>possum,</strong></span> 
     </span>
    </p>
   </div>
   <div class='ocr_carea' id='block_1_8' title="bbox 508 739 2089 812">
    <p class='ocr_par' dir='ltr' id='par_1_8' title="bbox 508 739 2089 812">
     <span class='ocr_line' id='line_1_8' title="bbox 508 739 2089 812; baseline 0.001 -16"><span class='ocrx_word' id='word_1_36' title='bbox 508 755 598 805; x_wconf 87' lang='lat' dir='ltr'><strong>ne,</strong></span> <span class='ocrx_word' id='word_1_37' title='bbox 632 754 834 810; x_wconf 65' lang='lat' dir='ltr'><strong>quaeso.</strong></span> <span class='ocrx_word' id='word_1_38' title='bbox 879 749 1172 809; x_wconf 62' lang='lat' dir='ltr'><strong>praetereas</strong></span> <span class='ocrx_word' id='word_1_39' title='bbox 1216 756 1434 797; x_wconf 86' lang='lat' dir='ltr'><strong>servum</strong></span> <span class='ocrx_word' id='word_1_40' title='bbox 1463 750 1612 795; x_wconf 92' lang='lat' dir='ltr'><strong>tuum</strong></span> <span class='ocrx_word' id='word_1_41' title='bbox 1647 742 1716 794; x_wconf 80' lang='lat'><strong>“.</strong></span> <span class='ocrx_word' id='word_1_42' title='bbox 1752 760 1771 793; x_wconf 77' lang='grc' dir='ltr'><strong>ι</strong></span> <span class='ocrx_word' id='word_1_43' title='bbox 1812 739 1927 796; x_wconf 83' lang='grc' dir='ltr'>Νυη</span> <span class='ocrx_word' id='word_1_44' title='bbox 1975 741 2089 812; x_wconf 88' lang='lat' dir='ltr'><strong>ipse</strong></span> 
     </span>
    </p>
   </div>
   <div class='ocr_carea' id='block_1_9' title="bbox 507 834 2088 904">
    <p class='ocr_par' dir='ltr' id='par_1_9' title="bbox 507 834 2088 904">
     <span class='ocr_line' id='line_1_9' title="bbox 507 834 2088 904; baseline 0.002 -17"><span class='ocrx_word' id='word_1_45' title='bbox 507 836 709 904; x_wconf 88' lang='lat' dir='ltr'><strong>accipit</strong></span> <span class='ocrx_word' id='word_1_46' title='bbox 746 849 972 904; x_wconf 88' lang='lat' dir='ltr'><strong>aquam,</strong></span> <span class='ocrx_word' id='word_1_47' title='bbox 1005 849 1110 888; x_wconf 90' lang='lat' dir='ltr'><strong>non</strong></span> <span class='ocrx_word' id='word_1_48' title='bbox 1137 835 1406 903; x_wconf 73' lang='lat' dir='ltr'><strong>promittit</strong></span> <span class='ocrx_word' id='word_1_49' title='bbox 1449 849 1509 889; x_wconf 90' lang='lat' dir='ltr'><strong>se</strong></span> <span class='ocrx_word' id='word_1_50' title='bbox 1537 834 1700 904; x_wconf 85' lang='lat' dir='ltr'><strong>pedes</strong></span> <span class='ocrx_word' id='word_1_51' title='bbox 1746 848 1966 898; x_wconf 90' lang='lat' dir='ltr'><strong>eorum,</strong></span> <span class='ocrx_word' id='word_1_52' title='bbox 1996 836 2088 904; x_wconf 92' lang='lat' dir='ltr'><strong>qui</strong></span> 
     </span>
    </p>
   </div>
   <div class='ocr_carea' id='block_1_10' title="bbox 508 925 2087 995">
    <p class='ocr_par' dir='ltr' id='par_1_10' title="bbox 508 925 2087 995">
     <span class='ocr_line' id='line_1_10' title="bbox 508 925 2087 995; baseline 0.003 -19"><span class='ocrx_word' id='word_1_53' title='bbox 508 925 673 982; x_wconf 87' lang='lat' dir='ltr'><strong>veluti</strong></span> <span class='ocrx_word' id='word_1_54' title='bbox 724 925 966 995; x_wconf 76' lang='lat' dir='ltr'><strong>hospites</strong></span> <span class='ocrx_word' id='word_1_55' title='bbox 1021 925 1393 989; x_wconf 81' lang='lat' dir='ltr'><strong>advenerant,</strong></span> <span class='ocrx_word' id='word_1_56' title='bbox 1439 925 1664 989; x_wconf 84' lang='lat' dir='ltr'><strong>lavare,</strong></span> <span class='ocrx_word' id='word_1_57' title='bbox 1712 925 1806 979; x_wconf 89' lang='lat' dir='ltr'><strong>sed</strong></span> <span class='ocrx_word' id='word_1_58' title='bbox 1869 925 2087 994; x_wconf 84' lang='lat' dir='ltr'><strong>inquit:</strong></span> 
     </span>
    </p>
   </div>
   <div class='ocr_carea' id='block_1_11' title="bbox 512 1015 2083 1087">
    <p class='ocr_par' dir='ltr' id='par_1_11' title="bbox 512 1015 2083 1087">
     <span class='ocr_line' id='line_1_11' title="bbox 512 1015 2083 1087; baseline 0.001 -18"><span class='ocrx_word' id='word_1_59' title='bbox 512 1038 533 1069; x_wconf 74' lang='grc' dir='ltr'><strong>ι</strong></span> <span class='ocrx_word' id='word_1_60' title='bbox 561 1018 840 1080; x_wconf 84' lang='lat' dir='ltr'><strong>Sumatur,</strong></span> <span class='ocrx_word' id='word_1_61' title='bbox 865 1032 1068 1087; x_wconf 73' lang='lat' dir='ltr'><strong>quazso,</strong></span> <span class='ocrx_word' id='word_1_62' title='bbox 1088 1031 1250 1087; x_wconf 86' lang='lat' dir='ltr'><strong>aqua,</strong></span> <span class='ocrx_word' id='word_1_63' title='bbox 1271 1025 1325 1071; x_wconf 93' lang='lat' dir='ltr'><strong>ct</strong></span> <span class='ocrx_word' id='word_1_64' title='bbox 1348 1015 1602 1070; x_wconf 82' lang='lat' dir='ltr'><strong>laventur</strong></span> <span class='ocrx_word' id='word_1_65' title='bbox 1618 1016 1780 1085; x_wconf 84' lang='lat' dir='ltr'><strong>pedes</strong></span> <span class='ocrx_word' id='word_1_66' title='bbox 1794 1018 1957 1071; x_wconf 86' lang='lat' dir='ltr'><strong>vestri</strong></span> <span class='ocrx_word' id='word_1_67' title='bbox 1977 1015 2042 1070; x_wconf 80' lang='lat'><strong>“.</strong></span> <span class='ocrx_word' id='word_1_68' title='bbox 2065 1035 2083 1070; x_wconf 75' lang='grc' dir='ltr'><strong>ι</strong></span> 
     </span>
    </p>
   </div>
   <div class='ocr_carea' id='block_1_12' title="bbox 514 1107 2092 1179">
    <p class='ocr_par' dir='ltr' id='par_1_12' title="bbox 514 1107 2092 1179">
     <span class='ocr_line' id='line_1_12' title="bbox 514 1107 2092 1179; baseline -0.002 -14"><span class='ocrx_word' id='word_1_69' title='bbox 514 1109 620 1165; x_wconf 89' lang='lat' dir='ltr'><strong>Sed</strong></span> <span class='ocrx_word' id='word_1_70' title='bbox 650 1125 715 1164; x_wconf 91' lang='lat' dir='ltr'><strong>nc</strong></span> <span class='ocrx_word' id='word_1_71' title='bbox 744 1109 940 1177; x_wconf 85' lang='lat' dir='ltr'><strong>Joseph</strong></span> <span class='ocrx_word' id='word_1_72' title='bbox 969 1110 1186 1179; x_wconf 83' lang='lat' dir='ltr'><strong>quidem</strong></span> <span class='ocrx_word' id='word_1_73' title='bbox 1226 1123 1423 1178; x_wconf 89' lang='lat' dir='ltr'><strong>aquam</strong></span> <span class='ocrx_word' id='word_1_74' title='bbox 1451 1108 1632 1163; x_wconf 89' lang='lat' dir='ltr'><strong>attulit</strong></span> <span class='ocrx_word' id='word_1_75' title='bbox 1662 1117 1719 1162; x_wconf 90' lang='lat' dir='ltr'><strong>ut</strong></span> <span class='ocrx_word' id='word_1_76' title='bbox 1748 1107 1956 1162; x_wconf 90' lang='lat' dir='ltr'><strong>lavaret</strong></span> <span class='ocrx_word' id='word_1_77' title='bbox 1991 1123 2092 1162; x_wconf 85' lang='lat' dir='ltr'><strong>un-</strong></span> 
     </span>
    </p>
   </div>
   <div class='ocr_carea' id='block_1_13' title="bbox 511 1198 2089 1270">
    <p class='ocr_par' dir='ltr' id='par_1_13' title="bbox 511 1198 2089 1270">
     <span class='ocr_line' id='line_1_13' title="bbox 511 1198 2089 1270; baseline -0.003 -12"><span class='ocrx_word' id='word_1_78' title='bbox 511 1203 684 1258; x_wconf 88' lang='lat' dir='ltr'><strong>decim</strong></span> <span class='ocrx_word' id='word_1_79' title='bbox 725 1201 953 1256; x_wconf 80' lang='lat' dir='ltr'><strong>fratrum</strong></span> <span class='ocrx_word' id='word_1_80' title='bbox 1003 1201 1200 1270; x_wconf 88' lang='lat' dir='ltr'><strong>pedes,</strong></span> <span class='ocrx_word' id='word_1_81' title='bbox 1251 1201 1344 1255; x_wconf 91' lang='lat' dir='ltr'><strong>sed</strong></span> <span class='ocrx_word' id='word_1_82' title='bbox 1381 1201 1545 1254; x_wconf 85' lang='lat' dir='ltr'><strong>homo</strong></span> <span class='ocrx_word' id='word_1_83' title='bbox 1598 1201 1664 1254; x_wconf 88' lang='lat' dir='ltr'><strong>de</strong></span> <span class='ocrx_word' id='word_1_84' title='bbox 1700 1200 1859 1255; x_wconf 91' lang='lat' dir='ltr'><strong>domo</strong></span> <span class='ocrx_word' id='word_1_85' title='bbox 1889 1198 2089 1270; x_wconf 79' lang='lat' dir='ltr'><strong>Joseph</strong></span> 
     </span>
    </p>
   </div>
   <div class='ocr_carea' id='block_1_14' title="bbox 516 1291 2094 1362">
    <p class='ocr_par' dir='ltr' id='par_1_14' title="bbox 516 1291 2094 1362">
     <span class='ocr_line' id='line_1_14' title="bbox 516 1291 2094 1362; baseline 0 -14"><span class='ocrx_word' id='word_1_86' title='bbox 516 1315 536 1348; x_wconf 74' lang='grc' dir='ltr'><strong>ι</strong></span> <span class='ocrx_word' id='word_1_87' title='bbox 571 1295 757 1350; x_wconf 78' lang='lat' dir='ltr'><strong>eduxit</strong></span> <span class='ocrx_word' id='word_1_88' title='bbox 783 1294 850 1348; x_wconf 90' lang='lat' dir='ltr'><strong>ad</strong></span> <span class='ocrx_word' id='word_1_89' title='bbox 879 1307 973 1348; x_wconf 90' lang='lat' dir='ltr'><strong>eos</strong></span> <span class='ocrx_word' id='word_1_90' title='bbox 999 1292 1220 1347; x_wconf 86' lang='lat' dir='ltr'><strong>Simeon</strong></span> <span class='ocrx_word' id='word_1_91' title='bbox 1241 1332 1256 1354; x_wconf 92' lang='lat'><strong>,</strong></span> <span class='ocrx_word' id='word_1_92' title='bbox 1293 1304 1347 1345; x_wconf 91' lang='lat' dir='ltr'><strong>ct</strong></span> <span class='ocrx_word' id='word_1_93' title='bbox 1375 1291 1498 1346; x_wconf 90' lang='lat' dir='ltr'><strong>tulit</strong></span> <span class='ocrx_word' id='word_1_94' title='bbox 1531 1307 1728 1362; x_wconf 91' lang='lat' dir='ltr'><strong>aquam</strong></span> <span class='ocrx_word' id='word_1_95' title='bbox 1759 1301 1817 1346; x_wconf 91' lang='lat' dir='ltr'><strong>ut</strong></span> <span class='ocrx_word' id='word_1_96' title='bbox 1846 1293 2094 1348; x_wconf 79' lang='lat' dir='ltr'><strong>levarent</strong></span> 
     </span>
    </p>
   </div>
   <div class='ocr_carea' id='block_1_15' title="bbox 510 1381 2089 1458">
    <p class='ocr_par' dir='ltr' id='par_1_15' title="bbox 510 1381 2089 1458">
     <span class='ocr_line' id='line_1_15' title="bbox 510 1381 2089 1458; baseline -0.003 -16"><span class='ocrx_word' id='word_1_97' title='bbox 510 1388 678 1458; x_wconf 87' lang='lat' dir='ltr'><strong>pedes</strong></span> <span class='ocrx_word' id='word_1_98' title='bbox 712 1401 839 1441; x_wconf 88' lang='lat' dir='ltr'><strong>suos</strong></span> <span class='ocrx_word' id='word_1_99' title='bbox 875 1385 942 1438; x_wconf 72' lang='lat'><strong>“.</strong></span> <span class='ocrx_word' id='word_1_100' title='bbox 981 1403 999 1438; x_wconf 75' lang='grc' dir='ltr'><strong>ι</strong></span> <span class='ocrx_word' id='word_1_101' title='bbox 1034 1384 1103 1438; x_wconf 84' lang='lat' dir='ltr'><strong>At</strong></span> <span class='ocrx_word' id='word_1_102' title='bbox 1127 1398 1256 1438; x_wconf 91' lang='lat' dir='ltr'><strong>vero</strong></span> <span class='ocrx_word' id='word_1_103' title='bbox 1285 1381 1374 1438; x_wconf 87' lang='lat' dir='ltr'><strong>ille</strong></span> <span class='ocrx_word' id='word_1_104' title='bbox 1407 1383 1495 1454; x_wconf 90' lang='lat' dir='ltr'><strong>qui</strong></span> <span class='ocrx_word' id='word_1_105' title='bbox 1531 1383 1704 1449; x_wconf 82' lang='lat' dir='ltr'><strong>dixit,</strong></span> <span class='ocrx_word' id='word_1_106' title='bbox 1742 1401 1762 1435; x_wconf 79' lang='grc' dir='ltr'><strong>ι</strong></span> <span class='ocrx_word' id='word_1_107' title='bbox 1806 1384 1919 1453; x_wconf 74' lang='grc' dir='ltr'><strong>Εκο</strong></span> <span class='ocrx_word' id='word_1_108' title='bbox 1946 1383 2089 1450; x_wconf 89' lang='lat' dir='ltr'><strong>veni,</strong></span> 
     </span>
    </p>
   </div>
   <div class='ocr_carea' id='block_1_16' title="bbox 513 1472 2094 1546">
    <p class='ocr_par' dir='ltr' id='par_1_16' title="bbox 513 1472 2094 1546">
     <span class='ocr_line' id='line_1_16' title="bbox 513 1472 2094 1546; baseline -0.003 -13"><span class='ocrx_word' id='word_1_109' title='bbox 513 1493 618 1533; x_wconf 93' lang='lat' dir='ltr'><strong>non</strong></span> <span class='ocrx_word' id='word_1_110' title='bbox 653 1489 909 1546; x_wconf 80' lang='lat' dir='ltr'><strong>tanquam</strong></span> <span class='ocrx_word' id='word_1_111' title='bbox 942 1475 1033 1544; x_wconf 90' lang='lat' dir='ltr'><strong>qui</strong></span> <span class='ocrx_word' id='word_1_112' title='bbox 1081 1472 1392 1540; x_wconf 87' lang='lat' dir='ltr'><strong>recumbit,</strong></span> <span class='ocrx_word' id='word_1_113' title='bbox 1425 1473 1521 1527; x_wconf 90' lang='lat' dir='ltr'><strong>sed</strong></span> <span class='ocrx_word' id='word_1_114' title='bbox 1572 1480 1826 1544; x_wconf 89' lang='lat' dir='ltr'><strong>tanquam</strong></span> <span class='ocrx_word' id='word_1_115' title='bbox 1859 1473 1950 1543; x_wconf 90' lang='lat' dir='ltr'><strong>qui</strong></span> <span class='ocrx_word' id='word_1_116' title='bbox 1992 1474 2094 1529; x_wconf 86' lang='lat' dir='ltr'><strong>ml-</strong></span> 
     </span>
    </p>
   </div>
   <div class='ocr_carea' id='block_1_17' title="bbox 513 1566 2094 1638">
    <p class='ocr_par' dir='ltr' id='par_1_17' title="bbox 513 1566 2094 1638">
     <span class='ocr_line' id='line_1_17' title="bbox 513 1566 2094 1638; baseline -0.002 -12"><span class='ocrx_word' id='word_1_117' title='bbox 513 1572 712 1626; x_wconf 88' lang='lat' dir='ltr'><strong>nistrat</strong></span> <span class='ocrx_word' id='word_1_118' title='bbox 743 1569 814 1634; x_wconf 84' lang='grc'><strong>⁶³,</strong></span> <span class='ocrx_word' id='word_1_119' title='bbox 849 1587 868 1620; x_wconf 85' lang='grc'><strong>›</strong></span> <span class='ocrx_word' id='word_1_120' title='bbox 925 1569 1130 1638; x_wconf 88' lang='lat' dir='ltr'><strong>quique</strong></span> <span class='ocrx_word' id='word_1_121' title='bbox 1182 1566 1602 1636; x_wconf 85' lang='lat' dir='ltr'><strong>dicebatjuste,</strong></span> <span class='ocrx_word' id='word_1_122' title='bbox 1644 1584 1664 1618; x_wconf 76' lang='grc' dir='ltr'><strong>ι</strong></span> <span class='ocrx_word' id='word_1_123' title='bbox 1708 1566 1910 1623; x_wconf 89' lang='lat' dir='ltr'><strong>Discite</strong></span> <span class='ocrx_word' id='word_1_124' title='bbox 1943 1583 1972 1622; x_wconf 91' lang='lat' dir='ltr'><strong>a</strong></span> <span class='ocrx_word' id='word_1_125' title='bbox 2008 1583 2094 1624; x_wconf 92' lang='lat' dir='ltr'><strong>me</strong></span> 
     </span>
    </p>
   </div>
   <div class='ocr_carea' id='block_1_18' title="bbox 512 1659 2094 1732">
    <p class='ocr_par' dir='ltr' id='par_1_18' title="bbox 512 1659 2094 1732">
     <span class='ocr_line' id='line_1_18' title="bbox 512 1659 2094 1732; baseline -0.002 -15"><span class='ocrx_word' id='word_1_126' title='bbox 512 1663 639 1732; x_wconf 83' lang='lat' dir='ltr'><strong>quia</strong></span> <span class='ocrx_word' id='word_1_127' title='bbox 681 1660 830 1716; x_wconf 89' lang='lat' dir='ltr'><strong>mitis</strong></span> <span class='ocrx_word' id='word_1_128' title='bbox 872 1675 1016 1724; x_wconf 89' lang='lat' dir='ltr'><strong>sum,</strong></span> <span class='ocrx_word' id='word_1_129' title='bbox 1049 1667 1103 1716; x_wconf 91' lang='lat' dir='ltr'><strong>et</strong></span> <span class='ocrx_word' id='word_1_130' title='bbox 1133 1659 1353 1714; x_wconf 90' lang='lat' dir='ltr'><strong>humilis</strong></span> <span class='ocrx_word' id='word_1_131' title='bbox 1390 1659 1554 1714; x_wconf 90' lang='lat' dir='ltr'><strong>corde</strong></span> <span class='ocrx_word' id='word_1_132' title='bbox 1576 1659 1642 1725; x_wconf 81' lang='lat'><strong>“,</strong></span> <span class='ocrx_word' id='word_1_133' title='bbox 1688 1677 1708 1712; x_wconf 74' lang='grc' dir='ltr'><strong>ι</strong></span> <span class='ocrx_word' id='word_1_134' title='bbox 1756 1659 1874 1729; x_wconf 91' lang='lat' dir='ltr'><strong>ipse</strong></span> <span class='ocrx_word' id='word_1_135' title='bbox 1925 1661 2094 1716; x_wconf 87' lang='lat' dir='ltr'><strong>mittit</strong></span> 
     </span>
    </p>
   </div>
   <div class='ocr_carea' id='block_1_19' title="bbox 515 1751 2095 1826">
    <p class='ocr_par' dir='ltr' id='par_1_19' title="bbox 515 1751 2095 1826">
     <span class='ocr_line' id='line_1_19' title="bbox 515 1751 2095 1826; baseline -0.003 -17"><span class='ocrx_word' id='word_1_136' title='bbox 515 1771 712 1826; x_wconf 88' lang='lat' dir='ltr'><strong>aquam</strong></span> <span class='ocrx_word' id='word_1_137' title='bbox 738 1754 791 1808; x_wconf 91' lang='lat' dir='ltr'><strong>in</strong></span> <span class='ocrx_word' id='word_1_138' title='bbox 823 1751 1017 1824; x_wconf 91' lang='lat' dir='ltr'><strong>pelvim</strong></span> <span class='ocrx_word' id='word_1_139' title='bbox 1039 1769 1054 1818; x_wconf 92' lang='lat'><strong>;</strong></span> <span class='ocrx_word' id='word_1_140' title='bbox 1080 1751 1399 1806; x_wconf 81' lang='lat' dir='ltr'><strong>noratenim</strong></span> <span class='ocrx_word' id='word_1_141' title='bbox 1437 1751 1708 1807; x_wconf 89' lang='lat' dir='ltr'><strong>nemiuem</strong></span> <span class='ocrx_word' id='word_1_142' title='bbox 1737 1753 1816 1808; x_wconf 88' lang='lat' dir='ltr'><strong>sic</strong></span> <span class='ocrx_word' id='word_1_143' title='bbox 1839 1767 1996 1822; x_wconf 91' lang='lat' dir='ltr'><strong>posse</strong></span> <span class='ocrx_word' id='word_1_144' title='bbox 2021 1753 2095 1807; x_wconf 87' lang='lat' dir='ltr'><strong>la-</strong></span> 
     </span>
    </p>
   </div>
   <div class='ocr_carea' id='block_1_20' title="bbox 512 1841 2088 1918">
    <p class='ocr_par' dir='ltr' id='par_1_20' title="bbox 512 1841 2088 1918">
     <span class='ocr_line' id='line_1_20' title="bbox 512 1841 2088 1918; baseline -0.001 -18"><span class='ocrx_word' id='word_1_145' title='bbox 512 1863 645 1903; x_wconf 86' lang='lat' dir='ltr'><strong>vare</strong></span> <span class='ocrx_word' id='word_1_146' title='bbox 669 1848 831 1918; x_wconf 89' lang='lat' dir='ltr'><strong>pedes</strong></span> <span class='ocrx_word' id='word_1_147' title='bbox 855 1843 1244 1916; x_wconf 86' lang='lat' dir='ltr'><strong>discipulorum</strong></span> <span class='ocrx_word' id='word_1_148' title='bbox 1305 1841 1444 1915; x_wconf 79' lang='lat'><strong>[(95)</strong></span> <span class='ocrx_word' id='word_1_149' title='bbox 1462 1853 1520 1898; x_wconf 90' lang='lat' dir='ltr'><strong>ut</strong></span> <span class='ocrx_word' id='word_1_150' title='bbox 1548 1845 1690 1913; x_wconf 92' lang='lat' dir='ltr'><strong>quod</strong></span> <span class='ocrx_word' id='word_1_151' title='bbox 1719 1844 2088 1911; x_wconf 80' lang='lat' dir='ltr'><strong>abluet-eatur,</strong></span> 
     </span>
    </p>
   </div>
   <div class='ocr_carea' id='block_1_21' title="bbox 513 1935 2093 2009">
    <p class='ocr_par' dir='ltr' id='par_1_21' title="bbox 513 1935 2093 2009">
     <span class='ocr_line' id='line_1_21' title="bbox 513 1935 2093 2009; baseline -0.002 -14"><span class='ocrx_word' id='word_1_152' title='bbox 513 1939 616 2009; x_wconf 84' lang='lat' dir='ltr'><strong>ipsi</strong></span> <span class='ocrx_word' id='word_1_153' title='bbox 646 1954 766 1994; x_wconf 91' lang='lat' dir='ltr'><strong>cum</strong></span> <span class='ocrx_word' id='word_1_154' title='bbox 803 1953 869 1993; x_wconf 93' lang='lat' dir='ltr'><strong>eo</strong></span> <span class='ocrx_word' id='word_1_155' title='bbox 911 1946 1127 2007; x_wconf 89' lang='lat' dir='ltr'><strong>partem</strong></span> <span class='ocrx_word' id='word_1_156' title='bbox 1170 1935 1462 2003; x_wconf 84' lang='lat' dir='ltr'><strong>haberent,</strong></span> <span class='ocrx_word' id='word_1_157' title='bbox 1489 1936 1946 2007; x_wconf 79' lang='lat' dir='ltr'><strong>quemadmodum</strong></span> <span class='ocrx_word' id='word_1_158' title='bbox 1978 1937 2093 2006; x_wconf 90' lang='lat' dir='ltr'><strong>ipse</strong></span> 
     </span>
    </p>
   </div>
   <div class='ocr_carea' id='block_1_22' title="bbox 513 2027 2090 2102">
    <p class='ocr_par' dir='ltr' id='par_1_22' title="bbox 513 2027 2090 2102">
     <span class='ocr_line' id='line_1_22' title="bbox 513 2027 2090 2102; baseline -0.003 -16"><span class='ocrx_word' id='word_1_159' title='bbox 513 2041 718 2102; x_wconf 89' lang='lat' dir='ltr'><strong>posset.</strong></span> <span class='ocrx_word' id='word_1_160' title='bbox 742 2031 895 2100; x_wconf 86' lang='lat' dir='ltr'><strong>Aqua</strong></span> <span class='ocrx_word' id='word_1_161' title='bbox 913 2037 1118 2093; x_wconf 90' lang='lat' dir='ltr'><strong>autem,</strong></span> <span class='ocrx_word' id='word_1_162' title='bbox 1139 2041 1253 2081; x_wconf 89' lang='lat' dir='ltr'><strong>mea</strong></span> <span class='ocrx_word' id='word_1_163' title='bbox 1280 2027 1498 2096; x_wconf 91' lang='lat' dir='ltr'><strong>quidem</strong></span> <span class='ocrx_word' id='word_1_164' title='bbox 1522 2029 1814 2095; x_wconf 85' lang='lat' dir='ltr'><strong>sententia,</strong></span> <span class='ocrx_word' id='word_1_165' title='bbox 1839 2027 1944 2084; x_wconf 86' lang='lat' dir='ltr'><strong>tale</strong></span> <span class='ocrx_word' id='word_1_166' title='bbox 1967 2043 2090 2083; x_wconf 84' lang='lat' dir='ltr'><strong>ver-</strong></span> 
     </span>
    </p>
   </div>
   <div class='ocr_carea' id='block_1_23' title="bbox 515 2118 2094 2192">
    <p class='ocr_par' dir='ltr' id='par_1_23' title="bbox 515 2118 2094 2192">
     <span class='ocr_line' id='line_1_23' title="bbox 515 2118 2094 2192; baseline -0.003 -12"><span class='ocrx_word' id='word_1_167' title='bbox 515 2125 640 2180; x_wconf 85' lang='lat' dir='ltr'><strong>bum</strong></span> <span class='ocrx_word' id='word_1_168' title='bbox 674 2132 827 2190; x_wconf 90' lang='lat' dir='ltr'><strong>erat,</strong></span> <span class='ocrx_word' id='word_1_169' title='bbox 865 2122 1092 2178; x_wconf 90' lang='lat' dir='ltr'><strong>abluens</strong></span> <span class='ocrx_word' id='word_1_170' title='bbox 1133 2118 1524 2187; x_wconf 80' lang='lat' dir='ltr'><strong>discipulorum</strong></span> <span class='ocrx_word' id='word_1_171' title='bbox 1566 2119 1891 2192; x_wconf 84' lang='lat' dir='ltr'><strong>pedes],qui</strong></span> <span class='ocrx_word' id='word_1_172' title='bbox 1931 2136 2094 2176; x_wconf 81' lang='lat' dir='ltr'><strong>vene-</strong></span> 
     </span>
    </p>
   </div>
   <div class='ocr_carea' id='block_1_24' title="bbox 514 2212 2094 2288">
    <p class='ocr_par' dir='ltr' id='par_1_24' title="bbox 514 2212 2094 2288">
     <span class='ocr_line' id='line_1_24' title="bbox 514 2212 2094 2288; baseline -0.001 -18"><span class='ocrx_word' id='word_1_173' title='bbox 514 2227 641 2270; x_wconf 88' lang='lat' dir='ltr'><strong>rant</strong></span> <span class='ocrx_word' id='word_1_174' title='bbox 671 2215 832 2288; x_wconf 67' lang='lat'><strong>411</strong></span> <span class='ocrx_word' id='word_1_175' title='bbox 867 2215 934 2269; x_wconf 91' lang='lat' dir='ltr'><strong>ad</strong></span> <span class='ocrx_word' id='word_1_176' title='bbox 961 2212 1158 2284; x_wconf 87' lang='lat' dir='ltr'><strong>pelvim</strong></span> <span class='ocrx_word' id='word_1_177' title='bbox 1183 2214 1483 2282; x_wconf 89' lang='lat' dir='ltr'><strong>appositam</strong></span> <span class='ocrx_word' id='word_1_178' title='bbox 1521 2213 1623 2268; x_wconf 92' lang='lat' dir='ltr'><strong>sibi</strong></span> <span class='ocrx_word' id='word_1_179' title='bbox 1650 2231 1679 2268; x_wconf 90' lang='lat' dir='ltr'><strong>a</strong></span> <span class='ocrx_word' id='word_1_180' title='bbox 1706 2213 1856 2270; x_wconf 83' lang='lat' dir='ltr'><strong>Jesu.</strong></span> <span class='ocrx_word' id='word_1_181' title='bbox 1891 2213 2094 2269; x_wconf 91' lang='lat' dir='ltr'><strong>Deinde</strong></span> 
     </span>
    </p>
   </div>
   <div class='ocr_carea' id='block_1_25' title="bbox 516 2305 2094 2379">
    <p class='ocr_par' dir='ltr' id='par_1_25' title="bbox 516 2305 2094 2379">
     <span class='ocr_line' id='line_1_25' title="bbox 516 2305 2094 2379; baseline -0.001 -17"><span class='ocrx_word' id='word_1_182' title='bbox 516 2325 702 2379; x_wconf 65' lang='lat' dir='ltr'><strong>quaero</strong></span> <span class='ocrx_word' id='word_1_183' title='bbox 746 2323 847 2363; x_wconf 87' lang='lat' dir='ltr'><strong>cur</strong></span> <span class='ocrx_word' id='word_1_184' title='bbox 894 2307 1111 2361; x_wconf 85' lang='lat' dir='ltr'><strong>tandem</strong></span> <span class='ocrx_word' id='word_1_185' title='bbox 1147 2320 1252 2361; x_wconf 89' lang='lat' dir='ltr'><strong>non</strong></span> <span class='ocrx_word' id='word_1_186' title='bbox 1283 2307 1549 2376; x_wconf 88' lang='lat' dir='ltr'><strong>scriptum</strong></span> <span class='ocrx_word' id='word_1_187' title='bbox 1584 2307 1694 2362; x_wconf 88' lang='lat' dir='ltr'><strong>sit:</strong></span> <span class='ocrx_word' id='word_1_188' title='bbox 1723 2305 1883 2360; x_wconf 83' lang='lat' dir='ltr'><strong>Lavit</strong></span> <span class='ocrx_word' id='word_1_189' title='bbox 1925 2305 2094 2376; x_wconf 86' lang='lat' dir='ltr'><strong>pedes</strong></span> 
     </span>
    </p>
   </div>
   <div class='ocr_carea' id='block_1_26' title="bbox 515 2397 2095 2471">
    <p class='ocr_par' dir='ltr' id='par_1_26' title="bbox 515 2397 2095 2471">
     <span class='ocr_line' id='line_1_26' title="bbox 515 2397 2095 2471; baseline -0.002 -16"><span class='ocrx_word' id='word_1_190' title='bbox 515 2397 938 2471; x_wconf 86' lang='lat' dir='ltr'><strong>discipulorum;</strong></span> <span class='ocrx_word' id='word_1_191' title='bbox 968 2399 1063 2454; x_wconf 89' lang='lat' dir='ltr'><strong>scd</strong></span> <span class='ocrx_word' id='word_1_192' title='bbox 1096 2399 1299 2454; x_wconf 81' lang='lat' dir='ltr'><strong>dictum</strong></span> <span class='ocrx_word' id='word_1_193' title='bbox 1327 2399 1491 2453; x_wconf 84' lang='lat' dir='ltr'><strong>fuerit</strong></span> <span class='ocrx_word' id='word_1_194' title='bbox 1523 2417 1538 2452; x_wconf 90' lang='lat'><strong>:</strong></span> <span class='ocrx_word' id='word_1_195' title='bbox 1578 2416 1596 2450; x_wconf 80' lang='grc' dir='ltr'><strong>ι</strong></span> <span class='ocrx_word' id='word_1_196' title='bbox 1634 2398 1699 2452; x_wconf 84' lang='grc' dir='ltr'>Ει</span> <span class='ocrx_word' id='word_1_197' title='bbox 1720 2398 1882 2467; x_wconf 79' lang='lat' dir='ltr'><strong>cmpit</strong></span> <span class='ocrx_word' id='word_1_198' title='bbox 1907 2398 2095 2454; x_wconf 90' lang='lat' dir='ltr'><strong>lavare</strong></span> 
     </span>
    </p>
   </div>
   <div class='ocr_carea' id='block_1_27' title="bbox 515 2488 2094 2562">
    <p class='ocr_par' dir='ltr' id='par_1_27' title="bbox 515 2488 2094 2562">
     <span class='ocr_line' id='line_1_27' title="bbox 515 2488 2094 2562; baseline -0.001 -15"><span class='ocrx_word' id='word_1_199' title='bbox 515 2491 688 2562; x_wconf 90' lang='lat' dir='ltr'><strong>pedes</strong></span> <span class='ocrx_word' id='word_1_200' title='bbox 721 2491 1112 2561; x_wconf 87' lang='lat' dir='ltr'><strong>discipulormn</strong></span> <span class='ocrx_word' id='word_1_201' title='bbox 1145 2489 1211 2544; x_wconf 81' lang='grc'><strong>⁸⁷.</strong></span> <span class='ocrx_word' id='word_1_202' title='bbox 1252 2507 1270 2540; x_wconf 74' lang='grc' dir='ltr'><strong>ι</strong></span> <span class='ocrx_word' id='word_1_203' title='bbox 1307 2488 1502 2546; x_wconf 87' lang='lat' dir='ltr'><strong>Utrum</strong></span> <span class='ocrx_word' id='word_1_204' title='bbox 1553 2491 1698 2545; x_wconf 89' lang='lat' dir='ltr'><strong>enim</strong></span> <span class='ocrx_word' id='word_1_205' title='bbox 1753 2491 2094 2546; x_wconf 86' lang='lat' dir='ltr'><strong>consuetudo</strong></span> 
     </span>
    </p>
   </div>
   <div class='ocr_carea' id='block_1_28' title="bbox 517 2582 2098 2654">
    <p class='ocr_par' dir='ltr' id='par_1_28' title="bbox 517 2582 2098 2654">
     <span class='ocr_line' id='line_1_28' title="bbox 517 2582 2098 2654; baseline -0.002 -15"><span class='ocrx_word' id='word_1_206' title='bbox 517 2584 642 2640; x_wconf 90' lang='lat' dir='ltr'><strong>talis</strong></span> <span class='ocrx_word' id='word_1_207' title='bbox 667 2593 748 2640; x_wconf 90' lang='lat' dir='ltr'><strong>est</strong></span> <span class='ocrx_word' id='word_1_208' title='bbox 773 2583 1203 2654; x_wconf 80' lang='lat' dir='ltr'><strong>Scripturarum,</strong></span> <span class='ocrx_word' id='word_1_209' title='bbox 1232 2583 1388 2654; x_wconf 82' lang='lat' dir='ltr'><strong>juxta</strong></span> <span class='ocrx_word' id='word_1_210' title='bbox 1419 2599 1581 2653; x_wconf 90' lang='lat' dir='ltr'><strong>quam</strong></span> <span class='ocrx_word' id='word_1_211' title='bbox 1623 2597 1730 2638; x_wconf 92' lang='lat' dir='ltr'><strong>non</strong></span> <span class='ocrx_word' id='word_1_212' title='bbox 1764 2582 1908 2652; x_wconf 82' lang='lat' dir='ltr'><strong>jure,</strong></span> <span class='ocrx_word' id='word_1_213' title='bbox 1941 2597 2098 2637; x_wconf 89' lang='lat' dir='ltr'><strong>com-</strong></span> 
     </span>
    </p>
   </div>
   <div class='ocr_carea' id='block_1_29' title="bbox 515 2675 2098 2752">
    <p class='ocr_par' dir='ltr' id='par_1_29' title="bbox 515 2675 2098 2752">
     <span class='ocr_line' id='line_1_29' title="bbox 515 2675 2098 2752; baseline -0.004 -17"><span class='ocrx_word' id='word_1_214' title='bbox 515 2681 802 2752; x_wconf 85' lang='lat' dir='ltr'><strong>paratione</strong></span> <span class='ocrx_word' id='word_1_215' title='bbox 826 2676 1238 2734; x_wconf 86' lang='lat' dir='ltr'><strong>eonsuctudinis</strong></span> <span class='ocrx_word' id='word_1_216' title='bbox 1272 2675 1586 2743; x_wconf 90' lang='lat' dir='ltr'><strong>multorum,</strong></span> <span class='ocrx_word' id='word_1_217' title='bbox 1615 2676 1855 2747; x_wconf 71' lang='lat' dir='ltr'><strong>praeponi</strong></span> <span class='ocrx_word' id='word_1_218' title='bbox 1884 2676 2098 2730; x_wconf 89' lang='lat' dir='ltr'><strong>videtur</strong></span> 
     </span>
    </p>
   </div>
   <div class='ocr_carea' id='block_1_30' title="bbox 516 2765 2096 2840">
    <p class='ocr_par' dir='ltr' id='par_1_30' title="bbox 516 2765 2096 2840">
     <span class='ocr_line' id='line_1_30' title="bbox 516 2765 2096 2840; baseline -0.004 -13"><span class='ocrx_word' id='word_1_219' title='bbox 516 2772 674 2838; x_wconf 82' lang='lat' dir='ltr'><strong>illud,</strong></span> <span class='ocrx_word' id='word_1_220' title='bbox 725 2771 920 2840; x_wconf 75' lang='lat' dir='ltr'><strong>coepit?</strong></span> <span class='ocrx_word' id='word_1_221' title='bbox 969 2784 1036 2823; x_wconf 91' lang='lat' dir='ltr'><strong>an</strong></span> <span class='ocrx_word' id='word_1_222' title='bbox 1074 2769 1238 2840; x_wconf 74' lang='lat' dir='ltr'><strong>cmpit</strong></span> <span class='ocrx_word' id='word_1_223' title='bbox 1271 2768 1491 2838; x_wconf 89' lang='lat' dir='ltr'><strong>quidem</strong></span> <span class='ocrx_word' id='word_1_224' title='bbox 1522 2766 1680 2823; x_wconf 83' lang='lat' dir='ltr'><strong>Jcsus</strong></span> <span class='ocrx_word' id='word_1_225' title='bbox 1707 2766 1894 2820; x_wconf 89' lang='lat' dir='ltr'><strong>lavare</strong></span> <span class='ocrx_word' id='word_1_226' title='bbox 1929 2765 2096 2835; x_wconf 83' lang='lat' dir='ltr'><strong>pedes</strong></span> 
     </span>
    </p>
   </div>
   <div class='ocr_carea' id='block_1_31' title="bbox 516 2855 2093 2934">
    <p class='ocr_par' dir='ltr' id='par_1_31' title="bbox 516 2855 2093 2934">
     <span class='ocr_line' id='line_1_31' title="bbox 516 2855 2093 2934; baseline -0.008 -13"><span class='ocrx_word' id='word_1_227' title='bbox 516 2863 931 2934; x_wconf 87' lang='lat' dir='ltr'><strong>discipulorum,</strong></span> <span class='ocrx_word' id='word_1_228' title='bbox 966 2862 1110 2918; x_wconf 89' lang='lat' dir='ltr'><strong>haud</strong></span> <span class='ocrx_word' id='word_1_229' title='bbox 1170 2871 1352 2916; x_wconf 90' lang='lat' dir='ltr'><strong>tamen</strong></span> <span class='ocrx_word' id='word_1_230' title='bbox 1417 2868 1529 2914; x_wconf 92' lang='lat' dir='ltr'><strong>tum</strong></span> <span class='ocrx_word' id='word_1_231' title='bbox 1577 2858 1818 2914; x_wconf 80' lang='lat' dir='ltr'><strong>cessavit</strong></span> <span class='ocrx_word' id='word_1_232' title='bbox 1875 2855 2093 2911; x_wconf 91' lang='lat' dir='ltr'><strong>illorum</strong></span> 
     </span>
    </p>
   </div>
   <div class='ocr_carea' id='block_1_32' title="bbox 517 2945 2090 3028">
    <p class='ocr_par' dir='ltr' id='par_1_32' title="bbox 517 2945 2090 3028">
     <span class='ocr_line' id='line_1_32' title="bbox 517 2945 2090 3028; baseline -0.01 -15"><span class='ocrx_word' id='word_1_233' title='bbox 517 2960 686 3028; x_wconf 89' lang='lat' dir='ltr'><strong>pedes</strong></span> <span class='ocrx_word' id='word_1_234' title='bbox 749 2955 982 3010; x_wconf 80' lang='lat' dir='ltr'><strong>lavare?</strong></span> <span class='ocrx_word' id='word_1_235' title='bbox 1035 2953 1166 3008; x_wconf 88' lang='lat' dir='ltr'><strong>lavit</strong></span> <span class='ocrx_word' id='word_1_236' title='bbox 1211 2953 1360 3008; x_wconf 91' lang='lat' dir='ltr'><strong>enim</strong></span> <span class='ocrx_word' id='word_1_237' title='bbox 1416 2959 1638 3021; x_wconf 88' lang='lat' dir='ltr'><strong>postea,</strong></span> <span class='ocrx_word' id='word_1_238' title='bbox 1689 2957 1852 3017; x_wconf 90' lang='lat' dir='ltr'><strong>atque</strong></span> <span class='ocrx_word' id='word_1_239' title='bbox 1911 2945 2090 3015; x_wconf 88' lang='lat' dir='ltr'><strong>ipsum</strong></span> 
     </span>
    </p>
   </div>
   <div class='ocr_carea' id='block_1_33' title="bbox 519 3035 2094 3116">
    <p class='ocr_par' dir='ltr' id='par_1_33' title="bbox 519 3035 2094 3116">
     <span class='ocr_line' id='line_1_33' title="bbox 519 3035 2094 3116; baseline -0.01 -12"><span class='ocrx_word' id='word_1_240' title='bbox 519 3051 706 3104; x_wconf 89' lang='lat' dir='ltr'><strong>lavare</strong></span> <span class='ocrx_word' id='word_1_241' title='bbox 735 3045 1043 3116; x_wconf 87' lang='lat' dir='ltr'><strong>complevit,</strong></span> <span class='ocrx_word' id='word_1_242' title='bbox 1081 3046 1335 3116; x_wconf 91' lang='lat' dir='ltr'><strong>quoniam</strong></span> <span class='ocrx_word' id='word_1_243' title='bbox 1361 3040 1633 3112; x_wconf 90' lang='lat' dir='ltr'><strong>inquinati</strong></span> <span class='ocrx_word' id='word_1_244' title='bbox 1678 3039 1917 3103; x_wconf 78' lang='lat' dir='ltr'><strong>fuerant,</strong></span> <span class='ocrx_word' id='word_1_245' title='bbox 1940 3035 2094 3104; x_wconf 80' lang='lat' dir='ltr'><strong>juxta</strong></span> 
     </span>
    </p>
   </div>
   <div class='ocr_carea' id='block_1_34' title="bbox 2192 554 3728 636">
    <p class='ocr_par' dir='ltr' id='par_1_34' title="bbox 2192 554 3728 636">
     <span class='ocr_line' id='line_1_34' title="bbox 2192 554 3728 636; baseline 0.005 -26"><span class='ocrx_word' id='word_1_246' title='bbox 2192 574 2291 628; x_wconf 88' lang='grc' dir='ltr'><strong>ρας</strong></span> <span class='ocrx_word' id='word_1_247' title='bbox 2336 554 2445 630; x_wconf 69' lang='grc'><strong>(94)</strong></span> <span class='ocrx_word' id='word_1_248' title='bbox 2494 558 2594 628; x_wconf 83' lang='grc' dir='ltr'><strong>τῆς</strong></span> <span class='ocrx_word' id='word_1_249' title='bbox 2627 559 2870 629; x_wconf 47' lang='grc' dir='ltr'>σκηνῆς</span> <span class='ocrx_word' id='word_1_250' title='bbox 2922 560 3016 612; x_wconf 76' lang='grc' dir='ltr'><strong>καὶ</strong></span> <span class='ocrx_word' id='word_1_251' title='bbox 3066 559 3475 631; x_wconf 80' lang='grc' dir='ltr'>προσεκύνησεν</span> <span class='ocrx_word' id='word_1_252' title='bbox 3529 563 3610 616; x_wconf 73' lang='grc' dir='ltr'><strong>ἐπὶ</strong></span> <span class='ocrx_word' id='word_1_253' title='bbox 3651 565 3728 636; x_wconf 70' lang='grc' dir='ltr'>τὴν</span> 
     </span>
    </p>
   </div>
   <div class='ocr_carea' id='block_1_35' title="bbox 2189 646 3728 724">
    <p class='ocr_par' dir='ltr' id='par_1_35' title="bbox 2189 646 3728 724">
     <span class='ocr_line' id='line_1_35' title="bbox 2189 646 3728 724; baseline 0.005 -22"><span class='ocrx_word' id='word_1_254' title='bbox 2189 649 2314 720; x_wconf 86' lang='grc' dir='ltr'>γῆν,</span> <span class='ocrx_word' id='word_1_255' title='bbox 2345 649 2440 704; x_wconf 66' lang='grc' dir='ltr'><strong>καὶ⁵</strong></span> <span class='ocrx_word' id='word_1_256' title='bbox 2477 646 2631 704; x_wconf 80' lang='grc' dir='ltr'>εἷπε·</span> <span class='ocrx_word' id='word_1_257' title='bbox 2675 651 2868 722; x_wconf 82' lang='grc' dir='ltr'>Κύριε,</span> <span class='ocrx_word' id='word_1_258' title='bbox 2913 653 2964 704; x_wconf 88' lang='grc' dir='ltr'><strong>εί</strong></span> <span class='ocrx_word' id='word_1_259' title='bbox 2993 652 3102 722; x_wconf 79' lang='grc' dir='ltr'>ἄρα</span> <span class='ocrx_word' id='word_1_260' title='bbox 3131 647 3291 723; x_wconf 79' lang='grc' dir='ltr'>εὖρον</span> <span class='ocrx_word' id='word_1_261' title='bbox 3335 653 3488 724; x_wconf 81' lang='grc' dir='ltr'>χάριν</span> <span class='ocrx_word' id='word_1_262' title='bbox 3529 655 3728 709; x_wconf 79' lang='grc' dir='ltr'>ἐναντίον</span> 
     </span>
    </p>
   </div>
   <div class='ocr_carea' id='block_1_36' title="bbox 2191 743 3729 820">
    <p class='ocr_par' dir='ltr' id='par_1_36' title="bbox 2191 743 3729 820">
     <span class='ocr_line' id='line_1_36' title="bbox 2191 743 3729 820; baseline 0.005 -26"><span class='ocrx_word' id='word_1_263' title='bbox 2191 759 2306 807; x_wconf 88' lang='grc' dir='ltr'>σου,</span> <span class='ocrx_word' id='word_1_264' title='bbox 2341 743 2416 814; x_wconf 81' lang='grc' dir='ltr'>μὴ</span> <span class='ocrx_word' id='word_1_265' title='bbox 2449 743 2730 814; x_wconf 82' lang='grc' dir='ltr'><strong>παρέλθῃς</strong></span> <span class='ocrx_word' id='word_1_266' title='bbox 2758 744 2850 798; x_wconf 82' lang='grc' dir='ltr'><strong>τὸν</strong></span> <span class='ocrx_word' id='word_1_267' title='bbox 2893 745 3060 799; x_wconf 83' lang='grc' dir='ltr'>παῖδά</span> <span class='ocrx_word' id='word_1_268' title='bbox 3099 762 3192 798; x_wconf 77' lang='grc' dir='ltr'><strong>σου</strong></span> <span class='ocrx_word' id='word_1_269' title='bbox 3215 787 3231 812; x_wconf 91' lang='grc'><strong>,</strong></span> <span class='ocrx_word' id='word_1_270' title='bbox 3257 763 3275 797; x_wconf 81' lang='grc' dir='ltr'><strong>ι</strong></span> <span class='ocrx_word' id='word_1_271' title='bbox 3311 745 3412 798; x_wconf 87' lang='grc' dir='ltr'><strong>ούκ</strong></span> <span class='ocrx_word' id='word_1_272' title='bbox 3449 746 3599 810; x_wconf 79' lang='grc' dir='ltr'>αὐτὸς</span> <span class='ocrx_word' id='word_1_273' title='bbox 3620 749 3729 820; x_wconf 80' lang='grc' dir='ltr'>λαμ-</span> 
     </span>
    </p>
   </div>
   <div class='ocr_carea' id='block_1_37' title="bbox 2189 833 3728 906">
    <p class='ocr_par' dir='ltr' id='par_1_37' title="bbox 2189 833 3728 906">
     <span class='ocr_line' id='line_1_37' title="bbox 2189 833 3728 906; baseline 0.003 -19"><span class='ocrx_word' id='word_1_274' title='bbox 2189 833 2344 888; x_wconf 83' lang='grc' dir='ltr'>6άνει</span> <span class='ocrx_word' id='word_1_275' title='bbox 2385 833 2550 906; x_wconf 78' lang='grc' dir='ltr'>ὕδωρ,</span> <span class='ocrx_word' id='word_1_276' title='bbox 2587 836 2706 888; x_wconf 81' lang='grc' dir='ltr'>οὐδὲ</span> <span class='ocrx_word' id='word_1_277' title='bbox 2744 835 3136 905; x_wconf 78' lang='grc' dir='ltr'>ἐπαγγέλλεται</span> <span class='ocrx_word' id='word_1_278' title='bbox 3187 837 3395 890; x_wconf 78' lang='grc' dir='ltr'>νίπτειν</span> <span class='ocrx_word' id='word_1_279' title='bbox 3427 838 3548 901; x_wconf 84' lang='grc' dir='ltr'>τοὺς</span> <span class='ocrx_word' id='word_1_280' title='bbox 3599 841 3728 904; x_wconf 69' lang='grc' dir='ltr'>πόδας</span> 
     </span>
    </p>
   </div>
   <div class='ocr_carea' id='block_1_38' title="bbox 2188 927 3726 1002">
    <p class='ocr_par' dir='ltr' id='par_1_38' title="bbox 2188 927 3726 1002">
     <span class='ocr_line' id='line_1_38' title="bbox 2188 927 3726 1002; baseline 0.005 -22"><span class='ocrx_word' id='word_1_281' title='bbox 2188 927 2297 980; x_wconf 89' lang='grc' dir='ltr'><strong>τῶν</strong></span> <span class='ocrx_word' id='word_1_282' title='bbox 2334 927 2611 1000; x_wconf 75' lang='grc' dir='ltr'>μαθητῶν,</span> <span class='ocrx_word' id='word_1_283' title='bbox 2635 930 2712 994; x_wconf 84' lang='grc' dir='ltr'>ὡς</span> <span class='ocrx_word' id='word_1_284' title='bbox 2741 930 2904 996; x_wconf 79' lang='grc' dir='ltr'>ξένων</span> <span class='ocrx_word' id='word_1_285' title='bbox 2935 929 3198 984; x_wconf 76' lang='grc' dir='ltr'>ἐλθόντων</span> <span class='ocrx_word' id='word_1_286' title='bbox 3232 929 3370 1002; x_wconf 79' lang='grc' dir='ltr'>πρὸς</span> <span class='ocrx_word' id='word_1_287' title='bbox 3409 931 3592 984; x_wconf 82' lang='grc' dir='ltr'>αὐτόν·</span> <span class='ocrx_word' id='word_1_288' title='bbox 3624 935 3726 988; x_wconf 74' lang='grc' dir='ltr'>άλλά</span> 
     </span>
    </p>
   </div>
   <div class='ocr_carea' id='block_1_39' title="bbox 2192 1019 3725 1093">
    <p class='ocr_par' dir='ltr' id='par_1_39' title="bbox 2192 1019 3725 1093">
     <span class='ocr_line' id='line_1_39' title="bbox 2192 1019 3725 1093; baseline 0.007 -24"><span class='ocrx_word' id='word_1_289' title='bbox 2192 1034 2360 1088; x_wconf 75' lang='grc' dir='ltr'><strong>φησι⁶</strong></span> <span class='ocrx_word' id='word_1_290' title='bbox 2424 1019 2744 1091; x_wconf 77' lang='grc' dir='ltr'>«Ληφθήτω</span> <span class='ocrx_word' id='word_1_291' title='bbox 2795 1021 2858 1090; x_wconf 77' lang='grc' dir='ltr'>δὴ</span> <span class='ocrx_word' id='word_1_292' title='bbox 2917 1020 3090 1093; x_wconf 81' lang='grc' dir='ltr'>ὓδωρ,</span> <span class='ocrx_word' id='word_1_293' title='bbox 3143 1022 3238 1076; x_wconf 67' lang='grc' dir='ltr'><strong>καλ⁴</strong></span> <span class='ocrx_word' id='word_1_294' title='bbox 3290 1021 3594 1091; x_wconf 79' lang='grc' dir='ltr'>νιψάτωσαν</span> <span class='ocrx_word' id='word_1_295' title='bbox 3633 1028 3725 1091; x_wconf 75' lang='grc' dir='ltr'>τοὺς</span> 
     </span>
    </p>
   </div>
   <div class='ocr_carea' id='block_1_40' title="bbox 2192 1106 3724 1182">
    <p class='ocr_par' dir='ltr' id='par_1_40' title="bbox 2192 1106 3724 1182">
     <span class='ocr_line' id='line_1_40' title="bbox 2192 1106 3724 1182; baseline 0.004 -22"><span class='ocrx_word' id='word_1_296' title='bbox 2192 1106 2358 1171; x_wconf 85' lang='grc' dir='ltr'><strong>πόδας</strong></span> <span class='ocrx_word' id='word_1_297' title='bbox 2387 1107 2556 1179; x_wconf 84' lang='grc' dir='ltr'>ὑμῶν.</span> <span class='ocrx_word' id='word_1_298' title='bbox 2587 1129 2605 1160; x_wconf 82' lang='grc' dir='ltr'><strong>ι</strong></span> <span class='ocrx_word' id='word_1_299' title='bbox 2648 1109 2786 1162; x_wconf 82' lang='grc' dir='ltr'>Ἀλλ’</span> <span class='ocrx_word' id='word_1_300' title='bbox 2810 1109 2930 1163; x_wconf 78' lang='grc' dir='ltr'>οὐδὲ</span> <span class='ocrx_word' id='word_1_301' title='bbox 2967 1109 3163 1181; x_wconf 77' lang='grc' dir='ltr'>Ἰωσὴφ</span> <span class='ocrx_word' id='word_1_302' title='bbox 3189 1111 3421 1180; x_wconf 72' lang='grc' dir='ltr'>ἧνεγκεν</span> <span class='ocrx_word' id='word_1_303' title='bbox 3449 1108 3587 1182; x_wconf 82' lang='grc' dir='ltr'>ὕδωρ</span> <span class='ocrx_word' id='word_1_304' title='bbox 3607 1113 3724 1180; x_wconf 66' lang='grc' dir='ltr'>νῖψαι</span> 
     </span>
    </p>
   </div>
   <div class='ocr_carea' id='block_1_41' title="bbox 2190 1200 3727 1272">
    <p class='ocr_par' dir='ltr' id='par_1_41' title="bbox 2190 1200 3727 1272">
     <span class='ocr_line' id='line_1_41' title="bbox 2190 1200 3727 1272; baseline 0.003 -21"><span class='ocrx_word' id='word_1_305' title='bbox 2190 1200 2318 1263; x_wconf 85' lang='grc' dir='ltr'>τοὺς</span> <span class='ocrx_word' id='word_1_306' title='bbox 2347 1200 2515 1264; x_wconf 82' lang='grc' dir='ltr'><strong>πόδας</strong></span> <span class='ocrx_word' id='word_1_307' title='bbox 2563 1201 2671 1255; x_wconf 89' lang='grc' dir='ltr'><strong>τῶν</strong></span> <span class='ocrx_word' id='word_1_308' title='bbox 2711 1201 2977 1272; x_wconf 82' lang='grc' dir='ltr'><strong>ἀδελφῶν,</strong></span> <span class='ocrx_word' id='word_1_309' title='bbox 3010 1201 3125 1256; x_wconf 84' lang='grc' dir='ltr'>ἀλλ’</span> <span class='ocrx_word' id='word_1_310' title='bbox 3163 1203 3192 1254; x_wconf 86' lang='grc' dir='ltr'><strong>ὁ</strong></span> <span class='ocrx_word' id='word_1_311' title='bbox 3226 1203 3318 1254; x_wconf 75' lang='grc' dir='ltr'>ἐπὶ</span> <span class='ocrx_word' id='word_1_312' title='bbox 3349 1201 3446 1255; x_wconf 80' lang='grc' dir='ltr'>τοῦ</span> <span class='ocrx_word' id='word_1_313' title='bbox 3473 1204 3611 1256; x_wconf 77' lang='grc' dir='ltr'>οἴκου</span> <span class='ocrx_word' id='word_1_314' title='bbox 3644 1204 3727 1256; x_wconf 80' lang='grc' dir='ltr'><strong>Ἰω-</strong></span> 
     </span>
    </p>
   </div>
   <div class='ocr_carea' id='block_1_42' title="bbox 2195 1293 3724 1366">
    <p class='ocr_par' dir='ltr' id='par_1_42' title="bbox 2195 1293 3724 1366">
     <span class='ocr_line' id='line_1_42' title="bbox 2195 1293 3724 1366; baseline 0.001 -20"><span class='ocrx_word' id='word_1_315' title='bbox 2195 1294 2304 1364; x_wconf 84' lang='grc' dir='ltr'><strong>σὴφ</strong></span> <span class='ocrx_word' id='word_1_316' title='bbox 2330 1293 2614 1366; x_wconf 77' lang='grc' dir='ltr'>ἄνθρωπος</span> <span class='ocrx_word' id='word_1_317' title='bbox 2654 1313 2671 1345; x_wconf 84' lang='grc' dir='ltr'><strong>ι</strong></span> <span class='ocrx_word' id='word_1_318' title='bbox 2701 1293 2938 1365; x_wconf 73' lang='grc' dir='ltr'>ἐξήγαγε</span> <span class='ocrx_word' id='word_1_319' title='bbox 2985 1293 3122 1365; x_wconf 83' lang='grc' dir='ltr'>πρὸς</span> <span class='ocrx_word' id='word_1_320' title='bbox 3164 1293 3362 1356; x_wconf 77' lang='grc' dir='ltr'>αὐτοὺς</span> <span class='ocrx_word' id='word_1_321' title='bbox 3389 1293 3480 1346; x_wconf 80' lang='grc' dir='ltr'>τὸν</span> <span class='ocrx_word' id='word_1_322' title='bbox 3526 1295 3724 1365; x_wconf 77' lang='grc' dir='ltr'>Συμεὼν,</span> 
     </span>
    </p>
   </div>
   <div class='ocr_carea' id='block_1_43' title="bbox 2193 1383 3727 1458">
    <p class='ocr_par' dir='ltr' id='par_1_43' title="bbox 2193 1383 3727 1458">
     <span class='ocr_line' id='line_1_43' title="bbox 2193 1383 3727 1458; baseline 0.001 -20"><span class='ocrx_word' id='word_1_323' title='bbox 2193 1387 2288 1439; x_wconf 80' lang='grc' dir='ltr'>καὶ</span> <span class='ocrx_word' id='word_1_324' title='bbox 2329 1387 2560 1458; x_wconf 69' lang='grc' dir='ltr'>ἤνεγκεν</span> <span class='ocrx_word' id='word_1_325' title='bbox 2592 1385 2737 1458; x_wconf 77' lang='grc' dir='ltr'>ὕδωρ</span> <span class='ocrx_word' id='word_1_326' title='bbox 2777 1383 2930 1454; x_wconf 79' lang='grc' dir='ltr'>νῖψαι</span> <span class='ocrx_word' id='word_1_327' title='bbox 2967 1386 3094 1449; x_wconf 85' lang='grc' dir='ltr'>τοὺς</span> <span class='ocrx_word' id='word_1_328' title='bbox 3146 1385 3312 1449; x_wconf 81' lang='grc' dir='ltr'><strong>πόδας</strong></span> <span class='ocrx_word' id='word_1_329' title='bbox 3343 1386 3578 1441; x_wconf 76' lang='grc' dir='ltr'>αὐτῶν.»</span> <span class='ocrx_word' id='word_1_330' title='bbox 3616 1387 3660 1440; x_wconf 84' lang='grc' dir='ltr'><strong>Ὀ</strong></span> <span class='ocrx_word' id='word_1_331' title='bbox 3684 1388 3727 1440; x_wconf 74' lang='grc' dir='ltr'><strong>δὲ</strong></span> 
     </span>
    </p>
   </div>
   <div class='ocr_carea' id='block_1_44' title="bbox 2194 1474 3731 1548">
    <p class='ocr_par' dir='ltr' id='par_1_44' title="bbox 2194 1474 3731 1548">
     <span class='ocr_line' id='line_1_44' title="bbox 2194 1474 3731 1548; baseline 0 -16"><span class='ocrx_word' id='word_1_332' title='bbox 2194 1477 2364 1532; x_wconf 83' lang='grc' dir='ltr'>εἰπὼν</span> <span class='ocrx_word' id='word_1_333' title='bbox 2383 1519 2398 1544; x_wconf 91' lang='grc'><strong>,</strong></span> <span class='ocrx_word' id='word_1_334' title='bbox 2440 1498 2458 1529; x_wconf 75' lang='grc' dir='ltr'><strong>ι</strong></span> <span class='ocrx_word' id='word_1_335' title='bbox 2484 1474 2686 1532; x_wconf 86' lang='grc' dir='ltr'>’Ἦλθον</span> <span class='ocrx_word' id='word_1_336' title='bbox 2709 1478 2808 1548; x_wconf 87' lang='grc' dir='ltr'>ούχ</span> <span class='ocrx_word' id='word_1_337' title='bbox 2837 1477 2914 1542; x_wconf 85' lang='grc' dir='ltr'>ὡς</span> <span class='ocrx_word' id='word_1_338' title='bbox 2950 1477 3308 1548; x_wconf 81' lang='grc' dir='ltr'>ἀνακείμενος</span> <span class='ocrx_word' id='word_1_339' title='bbox 3344 1477 3473 1547; x_wconf 82' lang='grc'><strong>(96),</strong></span> <span class='ocrx_word' id='word_1_340' title='bbox 3502 1477 3604 1531; x_wconf 81' lang='grc' dir='ltr'>ἀλλ’</span> <span class='ocrx_word' id='word_1_341' title='bbox 3627 1479 3731 1543; x_wconf 76' lang='grc' dir='ltr'><strong>ὼςδ</strong></span> 
     </span>
    </p>
   </div>
   <div class='ocr_carea' id='block_1_45' title="bbox 2193 1569 3731 1638">
    <p class='ocr_par' dir='ltr' id='par_1_45' title="bbox 2193 1569 3731 1638">
     <span class='ocr_line' id='line_1_45' title="bbox 2193 1569 3731 1638; baseline 0.001 -14"><span class='ocrx_word' id='word_1_342' title='bbox 2193 1569 2476 1633; x_wconf 87' lang='grc' dir='ltr'>διακονῶν,</span> <span class='ocrx_word' id='word_1_343' title='bbox 2499 1589 2518 1622; x_wconf 78' lang='grc' dir='ltr'><strong>ι</strong></span> <span class='ocrx_word' id='word_1_344' title='bbox 2567 1571 2660 1624; x_wconf 77' lang='grc' dir='ltr'><strong>καὶ</strong></span> <span class='ocrx_word' id='word_1_345' title='bbox 2706 1569 2931 1634; x_wconf 77' lang='grc' dir='ltr'><strong>δικαίως</strong></span> <span class='ocrx_word' id='word_1_346' title='bbox 2986 1569 3162 1638; x_wconf 89' lang='grc' dir='ltr'>λέγων</span> <span class='ocrx_word' id='word_1_347' title='bbox 3214 1570 3275 1623; x_wconf 85' lang='grc' dir='ltr'><strong>τὸ</strong></span> <span class='ocrx_word' id='word_1_348' title='bbox 3301 1609 3318 1636; x_wconf 89' lang='grc'><strong>,</strong></span> <span class='ocrx_word' id='word_1_349' title='bbox 3363 1590 3381 1622; x_wconf 79' lang='grc' dir='ltr'><strong>ι</strong></span> <span class='ocrx_word' id='word_1_350' title='bbox 3409 1571 3608 1626; x_wconf 81' lang='grc' dir='ltr'>Μάθετε</span> <span class='ocrx_word' id='word_1_351' title='bbox 3653 1572 3731 1625; x_wconf 77' lang='grc' dir='ltr'><strong>ἀπ’</strong></span> 
     </span>
    </p>
   </div>
   <div class='ocr_carea' id='block_1_46' title="bbox 2196 1661 3730 1736">
    <p class='ocr_par' dir='ltr' id='par_1_46' title="bbox 2196 1661 3730 1736">
     <span class='ocr_line' id='line_1_46' title="bbox 2196 1661 3730 1736; baseline 0.001 -20"><span class='ocrx_word' id='word_1_352' title='bbox 2196 1661 2352 1733; x_wconf 77' lang='grc' dir='ltr'>ἐμοῦ,</span> <span class='ocrx_word' id='word_1_353' title='bbox 2400 1662 2482 1715; x_wconf 82' lang='grc' dir='ltr'>ὅτι</span> <span class='ocrx_word' id='word_1_354' title='bbox 2521 1662 2695 1734; x_wconf 80' lang='grc' dir='ltr'>πρᾷός</span> <span class='ocrx_word' id='word_1_355' title='bbox 2731 1663 2887 1736; x_wconf 71' lang='grc' dir='ltr'>εἰμι,</span> <span class='ocrx_word' id='word_1_356' title='bbox 2933 1663 3028 1715; x_wconf 74' lang='grc' dir='ltr'><strong>καὶ</strong></span> <span class='ocrx_word' id='word_1_357' title='bbox 3071 1662 3327 1726; x_wconf 81' lang='grc' dir='ltr'>ταπεινὸς</span> <span class='ocrx_word' id='word_1_358' title='bbox 3377 1666 3443 1734; x_wconf 78' lang='grc' dir='ltr'>τῇ</span> <span class='ocrx_word' id='word_1_359' title='bbox 3487 1664 3688 1736; x_wconf 79' lang='grc' dir='ltr'>καρδίᾳ,</span> <span class='ocrx_word' id='word_1_360' title='bbox 3715 1685 3730 1716; x_wconf 84' lang='grc' dir='ltr'><strong>ι</strong></span> 
     </span>
    </p>
   </div>
   <div class='ocr_carea' id='block_1_47' title="bbox 2195 1752 3735 1827">
    <p class='ocr_par' dir='ltr' id='par_1_47' title="bbox 2195 1752 3735 1827">
     <span class='ocr_line' id='line_1_47' title="bbox 2195 1752 3735 1827; baseline 0.001 -20"><span class='ocrx_word' id='word_1_361' title='bbox 2195 1753 2356 1816; x_wconf 79' lang='grc' dir='ltr'>αὐτὸς</span> <span class='ocrx_word' id='word_1_362' title='bbox 2402 1753 2584 1823; x_wconf 84' lang='grc' dir='ltr'>βάλλει</span> <span class='ocrx_word' id='word_1_363' title='bbox 2620 1752 2764 1824; x_wconf 78' lang='grc' dir='ltr'>ὕδωρ</span> <span class='ocrx_word' id='word_1_364' title='bbox 2810 1754 2890 1816; x_wconf 88' lang='grc' dir='ltr'><strong>είς</strong></span> <span class='ocrx_word' id='word_1_365' title='bbox 2928 1752 3024 1807; x_wconf 78' lang='grc' dir='ltr'><strong>τὸν</strong></span> <span class='ocrx_word' id='word_1_366' title='bbox 3058 1753 3297 1824; x_wconf 82' lang='grc' dir='ltr'>νιπτῆρα</span> <span class='ocrx_word' id='word_1_367' title='bbox 3321 1770 3334 1783; x_wconf 90' lang='grc'><strong>·</strong></span> <span class='ocrx_word' id='word_1_368' title='bbox 3375 1753 3489 1824; x_wconf 74' lang='grc' dir='ltr'>ᾔδει</span> <span class='ocrx_word' id='word_1_369' title='bbox 3528 1755 3640 1827; x_wconf 81' lang='grc' dir='ltr'>γὰρ,</span> <span class='ocrx_word' id='word_1_370' title='bbox 3668 1757 3735 1808; x_wconf 80' lang='grc' dir='ltr'>ὅτι</span> 
     </span>
    </p>
   </div>
   <div class='ocr_carea' id='block_1_48' title="bbox 2194 1843 3734 1918">
    <p class='ocr_par' dir='ltr' id='par_1_48' title="bbox 2194 1843 3734 1918">
     <span class='ocr_line' id='line_1_48' title="bbox 2194 1843 3734 1918; baseline 0.001 -20"><span class='ocrx_word' id='word_1_371' title='bbox 2194 1846 2368 1910; x_wconf 74' lang='grc' dir='ltr'>οὐδεὶς</span> <span class='ocrx_word' id='word_1_372' title='bbox 2392 1845 2534 1900; x_wconf 78' lang='grc' dir='ltr'>οὕτω</span> <span class='ocrx_word' id='word_1_373' title='bbox 2576 1846 2795 1900; x_wconf 88' lang='grc' dir='ltr'>δύναται</span> <span class='ocrx_word' id='word_1_374' title='bbox 2820 1843 2974 1914; x_wconf 74' lang='grc' dir='ltr'>νῖψαι</span> <span class='ocrx_word' id='word_1_375' title='bbox 2999 1845 3124 1909; x_wconf 81' lang='grc' dir='ltr'>τοὺς</span> <span class='ocrx_word' id='word_1_376' title='bbox 3155 1845 3322 1910; x_wconf 80' lang='grc' dir='ltr'>πόδας</span> <span class='ocrx_word' id='word_1_377' title='bbox 3357 1847 3468 1900; x_wconf 91' lang='grc' dir='ltr'><strong>τῶν</strong></span> <span class='ocrx_word' id='word_1_378' title='bbox 3494 1847 3734 1918; x_wconf 80' lang='grc' dir='ltr'>μαθητῶν,</span> 
     </span>
    </p>
   </div>
   <div class='ocr_carea' id='block_1_49' title="bbox 2194 1942 3734 2016">
    <p class='ocr_par' dir='ltr' id='par_1_49' title="bbox 2194 1942 3734 2016">
     <span class='ocr_line' id='line_1_49' title="bbox 2194 1942 3734 2016; baseline -0.003 -20"><span class='ocrx_word' id='word_1_379' title='bbox 2194 1943 2271 2006; x_wconf 87' lang='grc' dir='ltr'>ὡς</span> <span class='ocrx_word' id='word_1_380' title='bbox 2312 1943 2400 1998; x_wconf 78' lang='grc' dir='ltr'>διὰ</span> <span class='ocrx_word' id='word_1_381' title='bbox 2428 1944 2488 1998; x_wconf 81' lang='grc' dir='ltr'>τὸ</span> <span class='ocrx_word' id='word_1_382' title='bbox 2532 1943 2790 2013; x_wconf 78' lang='grc' dir='ltr'>νίψασθαι</span> <span class='ocrx_word' id='word_1_383' title='bbox 2833 1944 2980 2016; x_wconf 76' lang='grc' dir='ltr'>ἔχειν</span> <span class='ocrx_word' id='word_1_384' title='bbox 3030 1945 3226 2009; x_wconf 76' lang='grc' dir='ltr'>αὐτοὺς</span> <span class='ocrx_word' id='word_1_385' title='bbox 3268 1943 3370 2013; x_wconf 74' lang='grc' dir='ltr'><strong>τὴν</strong></span> <span class='ocrx_word' id='word_1_386' title='bbox 3423 1942 3603 2014; x_wconf 80' lang='grc' dir='ltr'>μερίδα</span> <span class='ocrx_word' id='word_1_387' title='bbox 3641 1945 3734 2010; x_wconf 76' lang='grc' dir='ltr'>μετ’</span> 
     </span>
    </p>
   </div>
   <div class='ocr_carea' id='block_1_50' title="bbox 2195 2033 3737 2110">
    <p class='ocr_par' dir='ltr' id='par_1_50' title="bbox 2195 2033 3737 2110">
     <span class='ocr_line' id='line_1_50' title="bbox 2195 2033 3737 2110; baseline -0.003 -21"><span class='ocrx_word' id='word_1_388' title='bbox 2195 2035 2396 2101; x_wconf 79' lang='grc' dir='ltr'>αὐτοῦ,</span> <span class='ocrx_word' id='word_1_389' title='bbox 2440 2037 2516 2100; x_wconf 85' lang='grc' dir='ltr'>ὡς</span> <span class='ocrx_word' id='word_1_390' title='bbox 2560 2037 2742 2101; x_wconf 83' lang='grc' dir='ltr'>αὐτός.</span> <span class='ocrx_word' id='word_1_391' title='bbox 2788 2037 2861 2091; x_wconf 83' lang='grc' dir='ltr'><strong>Τὸ</strong></span> <span class='ocrx_word' id='word_1_392' title='bbox 2905 2038 2963 2091; x_wconf 82' lang='grc' dir='ltr'>δὲ</span> <span class='ocrx_word' id='word_1_393' title='bbox 3011 2037 3176 2110; x_wconf 78' lang='grc' dir='ltr'>ὕδωρ,</span> <span class='ocrx_word' id='word_1_394' title='bbox 3234 2039 3354 2090; x_wconf 87' lang='grc' dir='ltr'>κατ’</span> <span class='ocrx_word' id='word_1_395' title='bbox 3402 2036 3526 2106; x_wconf 75' lang='grc' dir='ltr'>ἐμὲ,</span> <span class='ocrx_word' id='word_1_396' title='bbox 3565 2033 3737 2087; x_wconf 82' lang='grc' dir='ltr'>τοιόσδε</span> 
     </span>
    </p>
   </div>
   <div class='ocr_carea' id='block_1_51' title="bbox 2191 2125 3738 2200">
    <p class='ocr_par' dir='ltr' id='par_1_51' title="bbox 2191 2125 3738 2200">
     <span class='ocr_line' id='line_1_51' title="bbox 2191 2125 3738 2200; baseline -0.003 -18"><span class='ocrx_word' id='word_1_397' title='bbox 2191 2129 2350 2200; x_wconf 87' lang='grc' dir='ltr'>λόγος</span> <span class='ocrx_word' id='word_1_398' title='bbox 2375 2125 2462 2200; x_wconf 82' lang='grc' dir='ltr'>ἦν,</span> <span class='ocrx_word' id='word_1_399' title='bbox 2506 2128 2709 2182; x_wconf 89' lang='grc' dir='ltr'>νίπτων</span> <span class='ocrx_word' id='word_1_400' title='bbox 2737 2129 2861 2194; x_wconf 77' lang='grc' dir='ltr'>τοὺς</span> <span class='ocrx_word' id='word_1_401' title='bbox 2895 2129 3063 2192; x_wconf 86' lang='grc' dir='ltr'>πόδας</span> <span class='ocrx_word' id='word_1_402' title='bbox 3094 2129 3202 2182; x_wconf 89' lang='grc' dir='ltr'><strong>τῶν</strong></span> <span class='ocrx_word' id='word_1_403' title='bbox 3239 2128 3494 2200; x_wconf 82' lang='grc' dir='ltr'>μαθητῶν</span> <span class='ocrx_word' id='word_1_404' title='bbox 3525 2127 3738 2187; x_wconf 77' lang='grc' dir='ltr'>ἐλθόντας</span> 
     </span>
    </p>
   </div>
   <div class='ocr_carea' id='block_1_52' title="bbox 2197 2221 3737 2294">
    <p class='ocr_par' dir='ltr' id='par_1_52' title="bbox 2197 2221 3737 2294">
     <span class='ocr_line' id='line_1_52' title="bbox 2197 2221 3737 2294; baseline -0.003 -19"><span class='ocrx_word' id='word_1_405' title='bbox 2197 2223 2295 2276; x_wconf 75' lang='grc' dir='ltr'>ἐπὶ</span> <span class='ocrx_word' id='word_1_406' title='bbox 2335 2222 2428 2276; x_wconf 83' lang='grc' dir='ltr'><strong>τὸν</strong></span> <span class='ocrx_word' id='word_1_407' title='bbox 2475 2222 2580 2276; x_wconf 77' lang='grc' dir='ltr'>ὑπὸ</span> <span class='ocrx_word' id='word_1_408' title='bbox 2609 2222 2702 2276; x_wconf 76' lang='grc' dir='ltr'>τοῦ</span> <span class='ocrx_word' id='word_1_409' title='bbox 2755 2223 2929 2292; x_wconf 87' lang='grc' dir='ltr'><strong>Ἰησοῦ</strong></span> <span class='ocrx_word' id='word_1_410' title='bbox 2978 2222 3413 2294; x_wconf 76' lang='grc' dir='ltr'>παρατιθέμενον</span> <span class='ocrx_word' id='word_1_411' title='bbox 3464 2221 3634 2283; x_wconf 75' lang='grc' dir='ltr'>αὐτοῖς</span> <span class='ocrx_word' id='word_1_412' title='bbox 3676 2238 3737 2272; x_wconf 84' lang='grc' dir='ltr'>νι-</span> 
     </span>
    </p>
   </div>
   <div class='ocr_carea' id='block_1_53' title="bbox 2197 2307 3734 2384">
    <p class='ocr_par' dir='ltr' id='par_1_53' title="bbox 2197 2307 3734 2384">
     <span class='ocr_line' id='line_1_53' title="bbox 2197 2307 3734 2384; baseline -0.003 -20"><span class='ocrx_word' id='word_1_413' title='bbox 2197 2312 2399 2383; x_wconf 83' lang='grc' dir='ltr'>πτῆρα.</span> <span class='ocrx_word' id='word_1_414' title='bbox 2433 2307 2567 2365; x_wconf 79' lang='grc' dir='ltr'>Εἶτα</span> <span class='ocrx_word' id='word_1_415' title='bbox 2609 2311 2757 2381; x_wconf 78' lang='grc' dir='ltr'>ζητῶ</span> <span class='ocrx_word' id='word_1_416' title='bbox 2788 2311 2842 2365; x_wconf 94' lang='grc' dir='ltr'><strong>τί</strong></span> <span class='ocrx_word' id='word_1_417' title='bbox 2881 2311 3079 2384; x_wconf 83' lang='grc' dir='ltr'>δήποτε</span> <span class='ocrx_word' id='word_1_418' title='bbox 3109 2312 3169 2364; x_wconf 87' lang='grc' dir='ltr'><strong>ού</strong></span> <span class='ocrx_word' id='word_1_419' title='bbox 3203 2311 3509 2382; x_wconf 85' lang='grc' dir='ltr'>γέγραπται</span> <span class='ocrx_word' id='word_1_420' title='bbox 3549 2308 3639 2379; x_wconf 85' lang='grc' dir='ltr'><strong>μὲν</strong></span> <span class='ocrx_word' id='word_1_421' title='bbox 3663 2307 3734 2360; x_wconf 61' lang='lat' dir='ltr'><strong>re&quot;</strong></span> 
     </span>
    </p>
   </div>
   <div class='ocr_carea' id='block_1_54' title="bbox 2199 2399 3736 2475">
    <p class='ocr_par' dir='ltr' id='par_1_54' title="bbox 2199 2399 3736 2475">
     <span class='ocr_line' id='line_1_54' title="bbox 2199 2399 3736 2475; baseline -0.005 -17"><span class='ocrx_word' id='word_1_422' title='bbox 2199 2403 2388 2473; x_wconf 80' lang='grc' dir='ltr'>Ἐνιψε</span> <span class='ocrx_word' id='word_1_423' title='bbox 2428 2403 2554 2467; x_wconf 75' lang='grc' dir='ltr'>τοὺς</span> <span class='ocrx_word' id='word_1_424' title='bbox 2594 2403 2760 2467; x_wconf 83' lang='grc' dir='ltr'>πόδας</span> <span class='ocrx_word' id='word_1_425' title='bbox 2803 2403 2913 2458; x_wconf 84' lang='grc' dir='ltr'><strong>τῶν</strong></span> <span class='ocrx_word' id='word_1_426' title='bbox 2961 2402 3249 2475; x_wconf 76' lang='grc' dir='ltr'>μαθητῶνο</span> <span class='ocrx_word' id='word_1_427' title='bbox 3299 2402 3546 2455; x_wconf 89' lang='grc' dir='ltr'>λέλεκται</span> <span class='ocrx_word' id='word_1_428' title='bbox 3575 2401 3630 2453; x_wconf 81' lang='grc' dir='ltr'>δὲ</span> <span class='ocrx_word' id='word_1_429' title='bbox 3661 2399 3736 2451; x_wconf 82' lang='grc' dir='ltr'>τό”</span> 
     </span>
    </p>
   </div>
   <div class='ocr_carea' id='block_1_55' title="bbox 2206 2492 3735 2568">
    <p class='ocr_par' dir='ltr' id='par_1_55' title="bbox 2206 2492 3735 2568">
     <span class='ocr_line' id='line_1_55' title="bbox 2206 2492 3735 2568; baseline -0.007 -18"><span class='ocrx_word' id='word_1_430' title='bbox 2206 2515 2226 2550; x_wconf 71' lang='grc' dir='ltr'><strong>ι</strong></span> <span class='ocrx_word' id='word_1_431' title='bbox 2257 2497 2366 2550; x_wconf 76' lang='grc' dir='ltr'><strong>Καὶ</strong></span> <span class='ocrx_word' id='word_1_432' title='bbox 2417 2495 2616 2568; x_wconf 71' lang='grc' dir='ltr'>ἤρξατο</span> <span class='ocrx_word' id='word_1_433' title='bbox 2661 2494 2868 2548; x_wconf 75' lang='grc' dir='ltr'>νίπτειν</span> <span class='ocrx_word' id='word_1_434' title='bbox 2900 2496 3024 2559; x_wconf 83' lang='grc' dir='ltr'>τοὺς</span> <span class='ocrx_word' id='word_1_435' title='bbox 3079 2495 3245 2558; x_wconf 82' lang='grc' dir='ltr'>πόδας</span> <span class='ocrx_word' id='word_1_436' title='bbox 3285 2494 3394 2549; x_wconf 88' lang='grc' dir='ltr'><strong>τῶν</strong></span> <span class='ocrx_word' id='word_1_437' title='bbox 3442 2492 3735 2563; x_wconf 82' lang='grc' dir='ltr'>μαθητῶν.ι</span> 
     </span>
    </p>
   </div>
   <div class='ocr_carea' id='block_1_56' title="bbox 2196 2581 3739 2660">
    <p class='ocr_par' dir='ltr' id='par_1_56' title="bbox 2196 2581 3739 2660">
     <span class='ocr_line' id='line_1_56' title="bbox 2196 2581 3739 2660; baseline -0.007 -16"><span class='ocrx_word' id='word_1_438' title='bbox 2196 2583 2342 2660; x_wconf 76' lang='grc' dir='ltr'><strong>τΑρα</strong></span> <span class='ocrx_word' id='word_1_439' title='bbox 2372 2587 2481 2660; x_wconf 84' lang='grc' dir='ltr'>γὰρ</span> <span class='ocrx_word' id='word_1_440' title='bbox 2511 2584 2769 2658; x_wconf 85' lang='grc' dir='ltr'>συνήθειά</span> <span class='ocrx_word' id='word_1_441' title='bbox 2803 2586 2921 2638; x_wconf 86' lang='grc' dir='ltr'>έστι</span> <span class='ocrx_word' id='word_1_442' title='bbox 2967 2585 3191 2656; x_wconf 84' lang='grc' dir='ltr'>τοιαύτη</span> <span class='ocrx_word' id='word_1_443' title='bbox 3235 2585 3348 2657; x_wconf 81' lang='lat'><strong>(97)</strong></span> <span class='ocrx_word' id='word_1_444' title='bbox 3394 2583 3502 2637; x_wconf 87' lang='grc' dir='ltr'><strong>τῶν</strong></span> <span class='ocrx_word' id='word_1_445' title='bbox 3527 2581 3739 2654; x_wconf 70' lang='grc' dir='ltr'>Γραςῶν,</span> 
     </span>
    </p>
   </div>
   <div class='ocr_carea' id='block_1_57' title="bbox 2197 2671 3740 2750">
    <p class='ocr_par' dir='ltr' id='par_1_57' title="bbox 2197 2671 3740 2750">
     <span class='ocr_line' id='line_1_57' title="bbox 2197 2671 3740 2750; baseline -0.005 -20"><span class='ocrx_word' id='word_1_446' title='bbox 2197 2676 2317 2731; x_wconf 86' lang='grc' dir='ltr'>καθ’</span> <span class='ocrx_word' id='word_1_447' title='bbox 2349 2678 2414 2748; x_wconf 74' lang='grc' dir='ltr'>ἢν</span> <span class='ocrx_word' id='word_1_448' title='bbox 2449 2677 2596 2730; x_wconf 83' lang='grc' dir='ltr'>δοκεῖ</span> <span class='ocrx_word' id='word_1_449' title='bbox 2631 2677 2705 2750; x_wconf 80' lang='grc' dir='ltr'>μὴ</span> <span class='ocrx_word' id='word_1_450' title='bbox 2747 2676 3010 2746; x_wconf 78' lang='grc' dir='ltr'>εὐλόγως,</span> <span class='ocrx_word' id='word_1_451' title='bbox 3051 2675 3127 2738; x_wconf 81' lang='grc' dir='ltr'>ὡς</span> <span class='ocrx_word' id='word_1_452' title='bbox 3169 2675 3305 2746; x_wconf 77' lang='grc' dir='ltr'>πρὸς</span> <span class='ocrx_word' id='word_1_453' title='bbox 3350 2675 3450 2745; x_wconf 82' lang='grc' dir='ltr'><strong>τὴν</strong></span> <span class='ocrx_word' id='word_1_454' title='bbox 3493 2673 3596 2727; x_wconf 86' lang='grc' dir='ltr'><strong>τῶν</strong></span> <span class='ocrx_word' id='word_1_455' title='bbox 3637 2671 3740 2724; x_wconf 76' lang='grc' dir='ltr'>πολ·</span> 
     </span>
    </p>
   </div>
   <div class='ocr_carea' id='block_1_58' title="bbox 2196 2764 3738 2840">
    <p class='ocr_par' dir='ltr' id='par_1_58' title="bbox 2196 2764 3738 2840">
     <span class='ocr_line' id='line_1_58' title="bbox 2196 2764 3738 2840; baseline -0.006 -16"><span class='ocrx_word' id='word_1_456' title='bbox 2196 2769 2305 2824; x_wconf 88' lang='grc' dir='ltr'>λῶν</span> <span class='ocrx_word' id='word_1_457' title='bbox 2338 2768 2645 2840; x_wconf 85' lang='grc' dir='ltr'>συνήθειαν,</span> <span class='ocrx_word' id='word_1_458' title='bbox 2672 2767 3072 2839; x_wconf 79' lang='grc' dir='ltr'>προτάσσεσθαι</span> <span class='ocrx_word' id='word_1_459' title='bbox 3099 2767 3180 2833; x_wconf 81' lang='grc' dir='ltr'><strong>τὸ,</strong></span> <span class='ocrx_word' id='word_1_460' title='bbox 3210 2765 3468 2833; x_wconf 77' lang='grc' dir='ltr'>ἧρξατο;</span> <span class='ocrx_word' id='word_1_461' title='bbox 3501 2765 3532 2834; x_wconf 81' lang='grc' dir='ltr'><strong>ἢ</strong></span> <span class='ocrx_word' id='word_1_462' title='bbox 3564 2765 3623 2817; x_wconf 76' lang='grc' dir='ltr'>τὸ</span> <span class='ocrx_word' id='word_1_463' title='bbox 3646 2764 3738 2834; x_wconf 79' lang='grc' dir='ltr'>μὲν,</span> 
     </span>
    </p>
   </div>
   <div class='ocr_carea' id='block_1_59' title="bbox 2202 2855 3742 2935">
    <p class='ocr_par' dir='ltr' id='par_1_59' title="bbox 2202 2855 3742 2935">
     <span class='ocr_line' id='line_1_59' title="bbox 2202 2855 3742 2935; baseline -0.008 -18"><span class='ocrx_word' id='word_1_464' title='bbox 2202 2861 2442 2935; x_wconf 76' lang='grc' dir='ltr'>Ἤρξατο</span> <span class='ocrx_word' id='word_1_465' title='bbox 2511 2859 2720 2914; x_wconf 81' lang='grc' dir='ltr'>νίπτειν</span> <span class='ocrx_word' id='word_1_466' title='bbox 2767 2860 2894 2922; x_wconf 83' lang='grc' dir='ltr'>τοὺς</span> <span class='ocrx_word' id='word_1_467' title='bbox 2945 2859 3109 2922; x_wconf 88' lang='grc' dir='ltr'>πόδας</span> <span class='ocrx_word' id='word_1_468' title='bbox 3148 2856 3257 2910; x_wconf 89' lang='grc' dir='ltr'><strong>τῶν</strong></span> <span class='ocrx_word' id='word_1_469' title='bbox 3307 2855 3561 2928; x_wconf 84' lang='grc' dir='ltr'>μαθητῶν</span> <span class='ocrx_word' id='word_1_470' title='bbox 3603 2858 3628 2908; x_wconf 84' lang='grc' dir='ltr'>ὁ</span> <span class='ocrx_word' id='word_1_471' title='bbox 3659 2856 3742 2922; x_wconf 75' lang='grc' dir='ltr'><strong>Ἰηο</strong></span> 
     </span>
    </p>
   </div>
   <div class='ocr_carea' id='block_1_60' title="bbox 2197 2945 3741 3022">
    <p class='ocr_par' dir='ltr' id='par_1_60' title="bbox 2197 2945 3741 3022">
     <span class='ocr_line' id='line_1_60' title="bbox 2197 2945 3741 3022; baseline -0.006 -16"><span class='ocrx_word' id='word_1_472' title='bbox 2197 2951 2360 3017; x_wconf 83' lang='grc' dir='ltr'>σοῦς,</span> <span class='ocrx_word' id='word_1_473' title='bbox 2411 2951 2472 3005; x_wconf 85' lang='grc' dir='ltr'><strong>οὐ</strong></span> <span class='ocrx_word' id='word_1_474' title='bbox 2531 2951 2636 3022; x_wconf 81' lang='grc' dir='ltr'>μὴν</span> <span class='ocrx_word' id='word_1_475' title='bbox 2688 2949 2965 3004; x_wconf 75' lang='grc' dir='ltr'>επαύσατο</span> <span class='ocrx_word' id='word_1_476' title='bbox 3026 2949 3151 3002; x_wconf 73' lang='grc' dir='ltr'>τότε</span> <span class='ocrx_word' id='word_1_477' title='bbox 3203 2947 3362 3017; x_wconf 82' lang='grc' dir='ltr'>νίψας</span> <span class='ocrx_word' id='word_1_478' title='bbox 3423 2945 3598 3000; x_wconf 81' lang='grc' dir='ltr'>αὐτῶν</span> <span class='ocrx_word' id='word_1_479' title='bbox 3638 2945 3741 3008; x_wconf 60' lang='grc' dir='ltr'>τοὺς</span> 
     </span>
    </p>
   </div>
   <div class='ocr_carea' id='block_1_61' title="bbox 2201 3037 3741 3115">
    <p class='ocr_par' dir='ltr' id='par_1_61' title="bbox 2201 3037 3741 3115">
     <span class='ocr_line' id='line_1_61' title="bbox 2201 3037 3741 3115; baseline -0.007 -17"><span class='ocrx_word' id='word_1_480' title='bbox 2201 3045 2400 3110; x_wconf 83' lang='grc' dir='ltr'>πόδας;</span> <span class='ocrx_word' id='word_1_481' title='bbox 2454 3043 2678 3115; x_wconf 75' lang='grc' dir='ltr'>ὕστερον</span> <span class='ocrx_word' id='word_1_482' title='bbox 2713 3042 2823 3115; x_wconf 83' lang='grc' dir='ltr'>γὰρ</span> <span class='ocrx_word' id='word_1_483' title='bbox 2867 3041 3036 3112; x_wconf 75' lang='grc' dir='ltr'>ἐνιψε,</span> <span class='ocrx_word' id='word_1_484' title='bbox 3072 3040 3168 3094; x_wconf 76' lang='grc' dir='ltr'>καὶ</span> <span class='ocrx_word' id='word_1_485' title='bbox 3201 3039 3414 3093; x_wconf 75' lang='grc' dir='ltr'>ἐτέλεσε</span> <span class='ocrx_word' id='word_1_486' title='bbox 3443 3039 3503 3092; x_wconf 84' lang='grc' dir='ltr'>τὸ</span> <span class='ocrx_word' id='word_1_487' title='bbox 3548 3037 3741 3103; x_wconf 72' lang='grc' dir='ltr'>νίπτειν,</span> 
     </span>
    </p>
   </div>
   <div class='ocr_carea' id='block_1_62' title="bbox 517 3132 2095 3208">
    <p class='ocr_par' dir='ltr' id='par_1_62' title="bbox 517 3133 2091 3205">
     <span class='ocr_line' id='line_1_62' title="bbox 517 3133 2091 3205; baseline -0.011 -9"><span class='ocrx_word' id='word_1_488' title='bbox 517 3140 675 3205; x_wconf 82' lang='lat' dir='ltr'><strong>illud,</strong></span> <span class='ocrx_word' id='word_1_489' title='bbox 725 3157 745 3191; x_wconf 77' lang='grc' dir='ltr'><strong>ι</strong></span> <span class='ocrx_word' id='word_1_490' title='bbox 781 3139 984 3194; x_wconf 91' lang='lat' dir='ltr'><strong>Omnes</strong></span> <span class='ocrx_word' id='word_1_491' title='bbox 1015 3151 1108 3191; x_wconf 91' lang='lat' dir='ltr'><strong>vos</strong></span> <span class='ocrx_word' id='word_1_492' title='bbox 1157 3133 1505 3190; x_wconf 81' lang='lat' dir='ltr'><strong>oﬂ&#39;eudemini</strong></span> <span class='ocrx_word' id='word_1_493' title='bbox 1560 3143 1722 3186; x_wconf 88' lang='lat' dir='ltr'><strong>causa</strong></span> <span class='ocrx_word' id='word_1_494' title='bbox 1777 3142 1895 3182; x_wconf 89' lang='lat' dir='ltr'><strong>mea</strong></span> <span class='ocrx_word' id='word_1_495' title='bbox 1935 3134 2091 3182; x_wconf 92' lang='lat' dir='ltr'><strong>nocte</strong></span> 
     </span>
    </p>
   </div>
   <div class='ocr_carea' id='block_1_63' title="bbox 2201 3132 3740 3208">
    <p class='ocr_par' dir='ltr' id='par_1_63' title="bbox 2201 3132 3740 3208">
     <span class='ocr_line' id='line_1_63' title="bbox 2201 3132 3740 3208; baseline -0.006 -17"><span class='ocrx_word' id='word_1_496' title='bbox 2201 3139 2316 3191; x_wconf 69' lang='grc' dir='ltr'>ἐπεὶ</span> <span class='ocrx_word' id='word_1_497' title='bbox 2360 3136 2749 3208; x_wconf 78' lang='grc' dir='ltr'>ἐμολύνθησαν,</span> <span class='ocrx_word' id='word_1_498' title='bbox 2788 3135 2930 3189; x_wconf 80' lang='grc' dir='ltr'>κατὰ</span> <span class='ocrx_word' id='word_1_499' title='bbox 2974 3133 3068 3201; x_wconf 83' lang='grc' dir='ltr'><strong>τὸ,</strong></span> <span class='ocrx_word' id='word_1_500' title='bbox 3109 3151 3128 3185; x_wconf 87' lang='grc'><strong><em>‹</em></strong></span> <span class='ocrx_word' id='word_1_501' title='bbox 3159 3133 3368 3195; x_wconf 78' lang='grc' dir='ltr'>Πάντες</span> <span class='ocrx_word' id='word_1_502' title='bbox 3410 3132 3566 3203; x_wconf 83' lang='grc' dir='ltr'>ὑμεῖς</span> <span class='ocrx_word' id='word_1_503' title='bbox 3604 3146 3740 3184; x_wconf 69' lang='lat' dir='ltr'><strong>exav-</strong></span> 
     </span>
    </p>
   </div>
   <div class='ocr_carea' id='block_1_64' title="bbox 518 3215 2091 3294">
    <p class='ocr_par' dir='ltr' id='par_1_64' title="bbox 518 3215 2091 3294">
     <span class='ocr_line' id='line_1_64' title="bbox 518 3215 2091 3294; baseline -0.01 -9"><span class='ocrx_word' id='word_1_504' title='bbox 518 3231 624 3286; x_wconf 86' lang='lat' dir='ltr'><strong>hac</strong></span> <span class='ocrx_word' id='word_1_505' title='bbox 646 3229 714 3293; x_wconf 79' lang='grc'><strong>⁸⁸,</strong></span> <span class='ocrx_word' id='word_1_506' title='bbox 745 3246 764 3280; x_wconf 77' lang='grc' dir='ltr'><strong>ι</strong></span> <span class='ocrx_word' id='word_1_507' title='bbox 785 3226 1008 3294; x_wconf 78' lang='lat' dir='ltr'><strong>etjuxta</strong></span> <span class='ocrx_word' id='word_1_508' title='bbox 1031 3223 1162 3279; x_wconf 92' lang='lat' dir='ltr'><strong>illud</strong></span> <span class='ocrx_word' id='word_1_509' title='bbox 1188 3225 1331 3292; x_wconf 89' lang='lat' dir='ltr'><strong>quod</strong></span> <span class='ocrx_word' id='word_1_510' title='bbox 1359 3221 1522 3276; x_wconf 87' lang='lat' dir='ltr'><strong>Petro</strong></span> <span class='ocrx_word' id='word_1_511' title='bbox 1546 3228 1631 3275; x_wconf 89' lang='lat' dir='ltr'><strong>est</strong></span> <span class='ocrx_word' id='word_1_512' title='bbox 1665 3217 1866 3272; x_wconf 89' lang='lat' dir='ltr'><strong>dictum</strong></span> <span class='ocrx_word' id='word_1_513' title='bbox 1895 3230 1910 3271; x_wconf 92' lang='lat'><strong>:</strong></span> <span class='ocrx_word' id='word_1_514' title='bbox 1937 3235 1955 3267; x_wconf 77' lang='grc' dir='ltr'><strong>ι</strong></span> <span class='ocrx_word' id='word_1_515' title='bbox 1977 3215 2091 3270; x_wconf 83' lang='grc' dir='ltr'>Νοιι</span> 
     </span>
    </p>
   </div>
   <div class='ocr_carea' id='block_1_65' title="bbox 517 3305 2093 3389">
    <p class='ocr_par' dir='ltr' id='par_1_65' title="bbox 517 3305 2093 3389">
     <span class='ocr_line' id='line_1_65' title="bbox 517 3305 2093 3389; baseline -0.01 -12"><span class='ocrx_word' id='word_1_516' title='bbox 517 3320 764 3377; x_wconf 86' lang='lat' dir='ltr'><strong>cantabit</strong></span> <span class='ocrx_word' id='word_1_517' title='bbox 800 3317 998 3389; x_wconf 78' lang='lat' dir='ltr'><strong>gallus,</strong></span> <span class='ocrx_word' id='word_1_518' title='bbox 1031 3315 1205 3372; x_wconf 88' lang='lat' dir='ltr'><strong>donec</strong></span> <span class='ocrx_word' id='word_1_519' title='bbox 1237 3323 1320 3368; x_wconf 87' lang='lat' dir='ltr'><strong>ter</strong></span> <span class='ocrx_word' id='word_1_520' title='bbox 1357 3309 1647 3382; x_wconf 79' lang='lat' dir='ltr'><strong>abnegaris</strong></span> <span class='ocrx_word' id='word_1_521' title='bbox 1691 3324 1777 3364; x_wconf 87' lang='lat' dir='ltr'><strong>me</strong></span> <span class='ocrx_word' id='word_1_522' title='bbox 1797 3307 1865 3361; x_wconf 77' lang='lat'><strong>“.</strong></span> <span class='ocrx_word' id='word_1_523' title='bbox 1905 3326 1922 3359; x_wconf 76' lang='grc' dir='ltr'><strong>ι</strong></span> <span class='ocrx_word' id='word_1_524' title='bbox 1958 3305 2093 3362; x_wconf 90' lang='lat' dir='ltr'><strong>Cum</strong></span> 
     </span>
    </p>
   </div>
   <div class='ocr_carea' id='block_1_66' title="bbox 517 3397 2096 3478">
    <p class='ocr_par' dir='ltr' id='par_1_66' title="bbox 517 3397 2096 3478">
     <span class='ocr_line' id='line_1_66' title="bbox 517 3397 2096 3478; baseline -0.013 -10"><span class='ocrx_word' id='word_1_525' title='bbox 517 3411 662 3468; x_wconf 88' lang='lat' dir='ltr'><strong>enim</strong></span> <span class='ocrx_word' id='word_1_526' title='bbox 703 3410 823 3465; x_wconf 71' lang='lat' dir='ltr'><strong>htec</strong></span> <span class='ocrx_word' id='word_1_527' title='bbox 865 3414 1085 3478; x_wconf 89' lang='lat' dir='ltr'><strong>peccata</strong></span> <span class='ocrx_word' id='word_1_528' title='bbox 1131 3401 1425 3458; x_wconf 76' lang='lat' dir='ltr'><strong>commissa</strong></span> <span class='ocrx_word' id='word_1_529' title='bbox 1473 3397 1720 3461; x_wconf 80' lang='lat' dir='ltr'><strong>fuerunt,</strong></span> <span class='ocrx_word' id='word_1_530' title='bbox 1781 3403 1909 3449; x_wconf 89' lang='lat' dir='ltr'><strong>tunc</strong></span> <span class='ocrx_word' id='word_1_531' title='bbox 1959 3407 2096 3462; x_wconf 88' lang='lat' dir='ltr'><strong>opus</strong></span> 
     </span>
    </p>
   </div>
   <div class='ocr_carea' id='block_1_67' title="bbox 518 3488 2096 3568">
    <p class='ocr_par' dir='ltr' id='par_1_67' title="bbox 518 3488 2096 3568">
     <span class='ocr_line' id='line_1_67' title="bbox 518 3488 2096 3568; baseline -0.015 -8"><span class='ocrx_word' id='word_1_532' title='bbox 518 3497 1239 3568; x_wconf 87' lang='lat' dir='ltr'><strong>habueruntdiscipulorum</strong></span> <span class='ocrx_word' id='word_1_533' title='bbox 1273 3493 1440 3563; x_wconf 90' lang='lat' dir='ltr'><strong>pedes</strong></span> <span class='ocrx_word' id='word_1_534' title='bbox 1486 3488 1750 3559; x_wconf 88' lang='lat' dir='ltr'><strong>inquinati</strong></span> <span class='ocrx_word' id='word_1_535' title='bbox 1791 3495 1850 3540; x_wconf 92' lang='lat' dir='ltr'><strong>ut</strong></span> <span class='ocrx_word' id='word_1_536' title='bbox 1879 3499 2096 3540; x_wconf 82' lang='lat' dir='ltr'><strong>rursum</strong></span> 
     </span>
    </p>
   </div>
   <div class='ocr_carea' id='block_1_68' title="bbox 521 3577 2096 3662">
    <p class='ocr_par' dir='ltr' id='par_1_68' title="bbox 521 3577 2096 3662">
     <span class='ocr_line' id='line_1_68' title="bbox 521 3577 2096 3662; baseline -0.014 -11"><span class='ocrx_word' id='word_1_537' title='bbox 521 3597 875 3651; x_wconf 73' lang='lat' dir='ltr'><strong>lavarentur:</strong></span> <span class='ocrx_word' id='word_1_538' title='bbox 911 3605 1048 3662; x_wconf 91' lang='lat' dir='ltr'><strong>quos</strong></span> <span class='ocrx_word' id='word_1_539' title='bbox 1100 3587 1288 3642; x_wconf 87' lang='lat' dir='ltr'><strong>lavare</strong></span> <span class='ocrx_word' id='word_1_540' title='bbox 1339 3582 1504 3654; x_wconf 75' lang='lat' dir='ltr'><strong>cmpit</strong></span> <span class='ocrx_word' id='word_1_541' title='bbox 1565 3579 1783 3652; x_wconf 90' lang='lat' dir='ltr'><strong>quando</strong></span> <span class='ocrx_word' id='word_1_542' title='bbox 1836 3577 2007 3649; x_wconf 79' lang='lat' dir='ltr'><strong>surgit</strong></span> <span class='ocrx_word' id='word_1_543' title='bbox 2066 3590 2096 3629; x_wconf 90' lang='lat' dir='ltr'><strong>a</strong></span> 
     </span>
    </p>
   </div>
   <div class='ocr_carea' id='block_1_69' title="bbox 523 3672 2096 3755">
    <p class='ocr_par' dir='ltr' id='par_1_69' title="bbox 523 3672 2096 3755">
     <span class='ocr_line' id='line_1_69' title="bbox 523 3672 2096 3755; baseline -0.016 -9"><span class='ocrx_word' id='word_1_544' title='bbox 523 3702 698 3755; x_wconf 63' lang='lat' dir='ltr'><strong>caena,</strong></span> <span class='ocrx_word' id='word_1_545' title='bbox 729 3701 791 3741; x_wconf 92' lang='lat' dir='ltr'><strong>ac</strong></span> <span class='ocrx_word' id='word_1_546' title='bbox 819 3685 1002 3738; x_wconf 87' lang='lat' dir='ltr'><strong>lavare</strong></span> <span class='ocrx_word' id='word_1_547' title='bbox 1031 3680 1324 3750; x_wconf 88' lang='lat' dir='ltr'><strong>complevit</strong></span> <span class='ocrx_word' id='word_1_548' title='bbox 1368 3691 1490 3732; x_wconf 90' lang='lat' dir='ltr'><strong>cum</strong></span> <span class='ocrx_word' id='word_1_549' title='bbox 1521 3690 1615 3731; x_wconf 88' lang='lat' dir='ltr'><strong>eos</strong></span> <span class='ocrx_word' id='word_1_550' title='bbox 1644 3672 1962 3727; x_wconf 85' lang='lat' dir='ltr'><strong>mandasset</strong></span> <span class='ocrx_word' id='word_1_551' title='bbox 1992 3683 2096 3722; x_wconf 90' lang='lat' dir='ltr'><strong>non</strong></span> 
     </span>
    </p>
   </div>
   <div class='ocr_carea' id='block_1_70' title="bbox 521 3762 2101 3852">
    <p class='ocr_par' dir='ltr' id='par_1_70' title="bbox 521 3762 2101 3852">
     <span class='ocr_line' id='line_1_70' title="bbox 521 3762 2101 3852; baseline -0.015 -15"><span class='ocrx_word' id='word_1_552' title='bbox 521 3781 754 3852; x_wconf 88' lang='lat' dir='ltr'><strong>amplius</strong></span> <span class='ocrx_word' id='word_1_553' title='bbox 789 3773 1174 3847; x_wconf 87' lang='lat' dir='ltr'><strong>inquiuaudos.</strong></span> <span class='ocrx_word' id='word_1_554' title='bbox 1217 3771 1373 3827; x_wconf 82' lang='lat' dir='ltr'><strong>Hunc</strong></span> <span class='ocrx_word' id='word_1_555' title='bbox 1405 3768 1572 3826; x_wconf 88' lang='lat' dir='ltr'><strong>etiam</strong></span> <span class='ocrx_word' id='word_1_556' title='bbox 1607 3768 1660 3823; x_wconf 92' lang='lat' dir='ltr'><strong>in</strong></span> <span class='ocrx_word' id='word_1_557' title='bbox 1689 3765 1905 3821; x_wconf 90' lang='lat' dir='ltr'><strong>modum</strong></span> <span class='ocrx_word' id='word_1_558' title='bbox 1935 3762 2101 3832; x_wconf 73' lang='lat' dir='ltr'><strong>cmpit</strong></span> 
     </span>
    </p>
   </div>
   <div class='ocr_carea' id='block_1_71' title="bbox 522 3856 2100 3944">
    <p class='ocr_par' dir='ltr' id='par_1_71' title="bbox 522 3856 2100 3944">
     <span class='ocr_line' id='line_1_71' title="bbox 522 3856 2100 3944; baseline -0.013 -14"><span class='ocrx_word' id='word_1_559' title='bbox 522 3885 809 3944; x_wconf 72' lang='lat' dir='ltr'><strong>extergere</strong></span> <span class='ocrx_word' id='word_1_560' title='bbox 842 3871 1005 3943; x_wconf 90' lang='lat' dir='ltr'><strong>pedes</strong></span> <span class='ocrx_word' id='word_1_561' title='bbox 1034 3867 1457 3937; x_wconf 82' lang='lat' dir='ltr'><strong>discipulorum;</strong></span> <span class='ocrx_word' id='word_1_562' title='bbox 1505 3862 1628 3918; x_wconf 89' lang='lat' dir='ltr'><strong>illos</strong></span> <span class='ocrx_word' id='word_1_563' title='bbox 1669 3857 1949 3928; x_wconf 85' lang='lat' dir='ltr'><strong>complens</strong></span> <span class='ocrx_word' id='word_1_564' title='bbox 1977 3856 2100 3911; x_wconf 83' lang='lat' dir='ltr'><strong>abs-</strong></span> 
     </span>
    </p>
   </div>
   <div class='ocr_carea' id='block_1_72' title="bbox 523 3959 1650 4037">
    <p class='ocr_par' dir='ltr' id='par_1_72' title="bbox 523 3959 1650 4037">
     <span class='ocr_line' id='line_1_72' title="bbox 523 3959 1650 4037; baseline -0.01 -14"><span class='ocrx_word' id='word_1_565' title='bbox 523 3979 754 4037; x_wconf 72' lang='lat' dir='ltr'><strong>tergerc,</strong></span> <span class='ocrx_word' id='word_1_566' title='bbox 781 3979 904 4020; x_wconf 91' lang='lat' dir='ltr'><strong>cum</strong></span> <span class='ocrx_word' id='word_1_567' title='bbox 935 3963 1224 4034; x_wconf 87' lang='lat' dir='ltr'><strong>complevit</strong></span> <span class='ocrx_word' id='word_1_568' title='bbox 1251 3960 1416 4018; x_wconf 89' lang='lat' dir='ltr'><strong>etiam</strong></span> <span class='ocrx_word' id='word_1_569' title='bbox 1445 3959 1650 4014; x_wconf 87' lang='lat' dir='ltr'><strong>lavare.</strong></span> 
     </span>
    </p>
   </div>
   <div class='ocr_carea' id='block_1_73' title="bbox 592 4129 2098 4213">
    <p class='ocr_par' dir='ltr' id='par_1_73' title="bbox 592 4129 2098 4213">
     <span class='ocr_line' id='line_1_73' title="bbox 592 4129 2098 4213; baseline -0.009 -14"><span class='ocrx_word' id='word_1_570' title='bbox 592 4145 643 4199; x_wconf 82' lang='lat'><strong>5.</strong></span> <span class='ocrx_word' id='word_1_571' title='bbox 689 4162 707 4196; x_wconf 80' lang='grc' dir='ltr'><strong>ι</strong></span> <span class='ocrx_word' id='word_1_572' title='bbox 749 4141 911 4197; x_wconf 75' lang='lat' dir='ltr'><strong>Venit</strong></span> <span class='ocrx_word' id='word_1_573' title='bbox 941 4155 1069 4213; x_wconf 79' lang='lat' dir='ltr'><strong>ergo</strong></span> <span class='ocrx_word' id='word_1_574' title='bbox 1111 4140 1179 4195; x_wconf 87' lang='lat' dir='ltr'><strong>ad</strong></span> <span class='ocrx_word' id='word_1_575' title='bbox 1217 4138 1495 4194; x_wconf 89' lang='lat' dir='ltr'><strong>Simonem</strong></span> <span class='ocrx_word' id='word_1_576' title='bbox 1523 4139 1746 4194; x_wconf 85' lang='lat' dir='ltr'><strong>Petrum</strong></span> <span class='ocrx_word' id='word_1_577' title='bbox 1774 4143 1864 4202; x_wconf 87' lang='lat' dir='ltr'><strong>;et</strong></span> <span class='ocrx_word' id='word_1_578' title='bbox 1893 4129 2098 4189; x_wconf 91' lang='lat' dir='ltr'><strong>dicitei</strong></span> 
     </span>
    </p>
   </div>
   <div class='ocr_carea' id='block_1_74' title="bbox 523 4223 2102 4302">
    <p class='ocr_par' dir='ltr' id='par_1_74' title="bbox 523 4223 2102 4302">
     <span class='ocr_line' id='line_1_74' title="bbox 523 4223 2102 4302; baseline -0.009 -8"><span class='ocrx_word' id='word_1_579' title='bbox 523 4239 664 4294; x_wconf 90' lang='lat' dir='ltr'><strong>ille:</strong></span> <span class='ocrx_word' id='word_1_580' title='bbox 713 4236 982 4300; x_wconf 88' lang='lat' dir='ltr'><strong>Domine,</strong></span> <span class='ocrx_word' id='word_1_581' title='bbox 1037 4242 1092 4290; x_wconf 91' lang='lat' dir='ltr'><strong>tu</strong></span> <span class='ocrx_word' id='word_1_582' title='bbox 1144 4233 1274 4289; x_wconf 88' lang='lat' dir='ltr'><strong>mihi</strong></span> <span class='ocrx_word' id='word_1_583' title='bbox 1324 4233 1476 4288; x_wconf 89' lang='lat' dir='ltr'><strong>lavas</strong></span> <span class='ocrx_word' id='word_1_584' title='bbox 1542 4231 1745 4302; x_wconf 83' lang='lat' dir='ltr'><strong>pedes?</strong></span> <span class='ocrx_word' id='word_1_585' title='bbox 1800 4223 2102 4297; x_wconf 78' lang='lat' dir='ltr'><strong>Respondit</strong></span> 
     </span>
    </p>
   </div>
   <div class='ocr_carea' id='block_1_75' title="bbox 521 4319 2098 4398">
    <p class='ocr_par' dir='ltr' id='par_1_75' title="bbox 521 4319 2098 4398">
     <span class='ocr_line' id='line_1_75' title="bbox 521 4319 2098 4398; baseline -0.009 -11"><span class='ocrx_word' id='word_1_586' title='bbox 521 4332 707 4398; x_wconf 83' lang='lat' dir='ltr'><strong>Jesus,</strong></span> <span class='ocrx_word' id='word_1_587' title='bbox 748 4337 802 4385; x_wconf 90' lang='lat' dir='ltr'><strong>et</strong></span> <span class='ocrx_word' id='word_1_588' title='bbox 835 4327 972 4382; x_wconf 81' lang='lat' dir='ltr'><strong>dixit</strong></span> <span class='ocrx_word' id='word_1_589' title='bbox 995 4325 1044 4382; x_wconf 89' lang='lat' dir='ltr'><strong>ei</strong></span> <span class='ocrx_word' id='word_1_590' title='bbox 1073 4342 1089 4379; x_wconf 88' lang='lat'><strong>:</strong></span> <span class='ocrx_word' id='word_1_591' title='bbox 1129 4325 1282 4392; x_wconf 87' lang='lat' dir='ltr'><strong>Quod</strong></span> <span class='ocrx_word' id='word_1_592' title='bbox 1311 4338 1412 4394; x_wconf 76' lang='lat' dir='ltr'><strong>ego</strong></span> <span class='ocrx_word' id='word_1_593' title='bbox 1441 4322 1602 4387; x_wconf 81' lang='lat' dir='ltr'><strong>iacio,</strong></span> <span class='ocrx_word' id='word_1_594' title='bbox 1629 4331 1683 4375; x_wconf 93' lang='lat' dir='ltr'><strong>tu</strong></span> <span class='ocrx_word' id='word_1_595' title='bbox 1707 4335 1849 4376; x_wconf 93' lang='lat' dir='ltr'><strong>nunc</strong></span> <span class='ocrx_word' id='word_1_596' title='bbox 1887 4319 2098 4385; x_wconf 86' lang='lat' dir='ltr'><strong>nescis;</strong></span> 
     </span>
    </p>
   </div>
   <div class='ocr_carea' id='block_1_76' title="bbox 2195 3222 3738 3302">
    <p class='ocr_par' dir='ltr' id='par_1_76' title="bbox 2195 3222 3738 3302">
     <span class='ocr_line' id='line_1_76' title="bbox 2195 3222 3738 3302; baseline -0.005 -20"><span class='ocrx_word' id='word_1_597' title='bbox 2195 3230 2578 3302; x_wconf 86' lang='grc' dir='ltr'>δαλισθήσεσθε</span> <span class='ocrx_word' id='word_1_598' title='bbox 2627 3231 2686 3282; x_wconf 84' lang='grc' dir='ltr'>ὲν</span> <span class='ocrx_word' id='word_1_599' title='bbox 2729 3228 2854 3300; x_wconf 71' lang='grc' dir='ltr'>ἐμοὶ</span> <span class='ocrx_word' id='word_1_600' title='bbox 2894 3229 2951 3281; x_wconf 81' lang='grc' dir='ltr'>ὲν</span> <span class='ocrx_word' id='word_1_601' title='bbox 2996 3229 3062 3298; x_wconf 75' lang='grc' dir='ltr'>τῇ</span> <span class='ocrx_word' id='word_1_602' title='bbox 3106 3227 3261 3280; x_wconf 65' lang='grc' dir='ltr'><strong>νυκτὶ⁷</strong></span> <span class='ocrx_word' id='word_1_603' title='bbox 3306 3224 3541 3299; x_wconf 62' lang='grc' dir='ltr'>ταύτῃμ</span> <span class='ocrx_word' id='word_1_604' title='bbox 3577 3224 3656 3278; x_wconf 71' lang='grc' dir='ltr'>καὶ</span> <span class='ocrx_word' id='word_1_605' title='bbox 3691 3222 3738 3275; x_wconf 64' lang='lat' dir='ltr'><strong>ab</strong></span> 
     </span>
    </p>
   </div>
   <div class='ocr_carea' id='block_1_77' title="bbox 2197 3314 3740 3394">
    <p class='ocr_par' dir='ltr' id='par_1_77' title="bbox 2197 3314 3740 3394">
     <span class='ocr_line' id='line_1_77' title="bbox 2197 3314 3740 3394; baseline -0.005 -19"><span class='ocrx_word' id='word_1_606' title='bbox 2197 3322 2335 3394; x_wconf 82' lang='grc' dir='ltr'>πρὸς</span> <span class='ocrx_word' id='word_1_607' title='bbox 2387 3323 2589 3392; x_wconf 86' lang='grc' dir='ltr'>Πέτρον</span> <span class='ocrx_word' id='word_1_608' title='bbox 2630 3321 2920 3392; x_wconf 89' lang='grc' dir='ltr'>λεγόμενον</span> <span class='ocrx_word' id='word_1_609' title='bbox 2959 3319 3052 3372; x_wconf 88' lang='grc' dir='ltr'>τό·</span> <span class='ocrx_word' id='word_1_610' title='bbox 3091 3337 3109 3369; x_wconf 77' lang='grc' dir='ltr'><strong>ι</strong></span> <span class='ocrx_word' id='word_1_611' title='bbox 3139 3318 3213 3372; x_wconf 86' lang='grc' dir='ltr'>Ού</span> <span class='ocrx_word' id='word_1_612' title='bbox 3249 3316 3324 3388; x_wconf 83' lang='grc' dir='ltr'><strong>μὴ</strong></span> <span class='ocrx_word' id='word_1_613' title='bbox 3375 3319 3606 3388; x_wconf 78' lang='grc' dir='ltr'>φωνήσει</span> <span class='ocrx_word' id='word_1_614' title='bbox 3641 3314 3740 3369; x_wconf 64' lang='lat' dir='ltr'><strong>dli-</strong></span> 
     </span>
    </p>
   </div>
   <div class='ocr_carea' id='block_1_78' title="bbox 2198 3408 3740 3484">
    <p class='ocr_par' dir='ltr' id='par_1_78' title="bbox 2198 3408 3740 3484">
     <span class='ocr_line' id='line_1_78' title="bbox 2198 3408 3740 3484; baseline -0.005 -18"><span class='ocrx_word' id='word_1_615' title='bbox 2198 3430 2368 3484; x_wconf 90' lang='grc' dir='ltr'>κτωρ,</span> <span class='ocrx_word' id='word_1_616' title='bbox 2413 3413 2517 3477; x_wconf 75' lang='grc' dir='ltr'><strong>ἕως</strong></span> <span class='ocrx_word' id='word_1_617' title='bbox 2544 3411 2610 3468; x_wconf 77' lang='grc' dir='ltr'><strong>ἂν</strong></span> <span class='ocrx_word' id='word_1_618' title='bbox 2642 3413 2856 3484; x_wconf 79' lang='grc' dir='ltr'>ἀρνήσῃ</span> <span class='ocrx_word' id='word_1_619' title='bbox 2899 3429 2966 3482; x_wconf 88' lang='grc' dir='ltr'><strong>με</strong></span> <span class='ocrx_word' id='word_1_620' title='bbox 2997 3410 3117 3481; x_wconf 90' lang='grc' dir='ltr'>τρίς</span> <span class='ocrx_word' id='word_1_621' title='bbox 3139 3427 3151 3439; x_wconf 90' lang='grc'><strong>·</strong></span> <span class='ocrx_word' id='word_1_622' title='bbox 3178 3427 3197 3461; x_wconf 76' lang='grc' dir='ltr'><strong>ι</strong></span> <span class='ocrx_word' id='word_1_623' title='bbox 3235 3409 3440 3462; x_wconf 88' lang='grc' dir='ltr'>τούτων</span> <span class='ocrx_word' id='word_1_624' title='bbox 3479 3408 3585 3478; x_wconf 73' lang='grc' dir='ltr'>γὰρ</span> <span class='ocrx_word' id='word_1_625' title='bbox 3622 3423 3740 3474; x_wconf 88' lang='grc' dir='ltr'>γενο-</span> 
     </span>
    </p>
   </div>
   <div class='ocr_carea' id='block_1_79' title="bbox 2202 3493 3738 3573">
    <p class='ocr_par' dir='ltr' id='par_1_79' title="bbox 2202 3493 3738 3573">
     <span class='ocr_line' id='line_1_79' title="bbox 2202 3493 3738 3573; baseline -0.006 -18"><span class='ocrx_word' id='word_1_626' title='bbox 2202 3502 2378 3573; x_wconf 85' lang='grc' dir='ltr'>μένων</span> <span class='ocrx_word' id='word_1_627' title='bbox 2429 3501 2538 3555; x_wconf 87' lang='grc' dir='ltr'><strong>τῶν</strong></span> <span class='ocrx_word' id='word_1_628' title='bbox 2583 3500 3012 3572; x_wconf 80' lang='grc' dir='ltr'>ἁμαρτημάτων,</span> <span class='ocrx_word' id='word_1_629' title='bbox 3045 3498 3242 3568; x_wconf 72' lang='grc' dir='ltr'>νίψεως</span> <span class='ocrx_word' id='word_1_630' title='bbox 3281 3497 3444 3552; x_wconf 80' lang='grc' dir='ltr'>πάλιν</span> <span class='ocrx_word' id='word_1_631' title='bbox 3489 3497 3675 3550; x_wconf 69' lang='grc' dir='ltr'>ἐδέοντο</span> <span class='ocrx_word' id='word_1_632' title='bbox 3700 3493 3738 3544; x_wconf 74' lang='grc' dir='ltr'>οι</span> 
     </span>
    </p>
   </div>
   <div class='ocr_carea' id='block_1_80' title="bbox 2204 3587 3737 3665">
    <p class='ocr_par' dir='ltr' id='par_1_80' title="bbox 2204 3587 3737 3665">
     <span class='ocr_line' id='line_1_80' title="bbox 2204 3587 3737 3665; baseline -0.004 -18"><span class='ocrx_word' id='word_1_633' title='bbox 2204 3592 2552 3665; x_wconf 86' lang='grc' dir='ltr'>μολυνθέντες</span> <span class='ocrx_word' id='word_1_634' title='bbox 2571 3591 2679 3647; x_wconf 84' lang='grc' dir='ltr'><strong>τῶν</strong></span> <span class='ocrx_word' id='word_1_635' title='bbox 2709 3591 2962 3664; x_wconf 83' lang='grc' dir='ltr'>μαθητῶν</span> <span class='ocrx_word' id='word_1_636' title='bbox 2989 3591 3146 3654; x_wconf 85' lang='grc' dir='ltr'>πόδες</span> <span class='ocrx_word' id='word_1_637' title='bbox 3163 3605 3176 3619; x_wconf 89' lang='grc'><strong>·</strong></span> <span class='ocrx_word' id='word_1_638' title='bbox 3200 3589 3294 3651; x_wconf 80' lang='grc' dir='ltr'><strong>οὓς</strong></span> <span class='ocrx_word' id='word_1_639' title='bbox 3325 3588 3531 3660; x_wconf 74' lang='grc' dir='ltr'>ἤρξατο</span> <span class='ocrx_word' id='word_1_640' title='bbox 3551 3587 3737 3652; x_wconf 79' lang='grc' dir='ltr'>νίπτειν,</span> 
     </span>
    </p>
   </div>
   <div class='ocr_carea' id='block_1_81' title="bbox 2200 3676 3742 3758">
    <p class='ocr_par' dir='ltr' id='par_1_81' title="bbox 2200 3676 3742 3758">
     <span class='ocr_line' id='line_1_81' title="bbox 2200 3676 3742 3758; baseline -0.01 -17"><span class='ocrx_word' id='word_1_641' title='bbox 2200 3687 2360 3758; x_wconf 79' lang='grc' dir='ltr'>ἡνίκα</span> <span class='ocrx_word' id='word_1_642' title='bbox 2385 3685 2654 3758; x_wconf 76' lang='grc' dir='ltr'>ἐγείρεται</span> <span class='ocrx_word' id='word_1_643' title='bbox 2680 3688 2744 3740; x_wconf 80' lang='grc' dir='ltr'>ὲκ</span> <span class='ocrx_word' id='word_1_644' title='bbox 2765 3686 2858 3738; x_wconf 81' lang='grc' dir='ltr'>τοῦ</span> <span class='ocrx_word' id='word_1_645' title='bbox 2882 3683 3118 3748; x_wconf 82' lang='grc' dir='ltr'>δείπνου,</span> <span class='ocrx_word' id='word_1_646' title='bbox 3150 3681 3466 3735; x_wconf 87' lang='grc' dir='ltr'>συνετέλεσε</span> <span class='ocrx_word' id='word_1_647' title='bbox 3497 3676 3742 3732; x_wconf 82' lang='grc' dir='ltr'>τὺνίπτειν</span> 
     </span>
    </p>
   </div>
   <div class='ocr_carea' id='block_1_82' title="bbox 2201 3765 3739 3850">
    <p class='ocr_par' dir='ltr' id='par_1_82' title="bbox 2201 3765 3739 3850">
     <span class='ocr_line' id='line_1_82' title="bbox 2201 3765 3739 3850; baseline -0.009 -16"><span class='ocrx_word' id='word_1_648' title='bbox 2201 3779 2504 3850; x_wconf 85' lang='grc' dir='ltr'>καθαρίσας</span> <span class='ocrx_word' id='word_1_649' title='bbox 2535 3779 2729 3842; x_wconf 78' lang='grc' dir='ltr'>αὐτοὺς</span> <span class='ocrx_word' id='word_1_650' title='bbox 2759 3778 2860 3831; x_wconf 87' lang='grc' dir='ltr'><strong>ούκ</strong></span> <span class='ocrx_word' id='word_1_651' title='bbox 2885 3775 2963 3829; x_wconf 79' lang='grc' dir='ltr'>ἐτι</span> <span class='ocrx_word' id='word_1_652' title='bbox 2993 3773 3499 3846; x_wconf 85' lang='grc' dir='ltr'>μολυνθησομένους</span> <span class='ocrx_word' id='word_1_653' title='bbox 3519 3787 3533 3801; x_wconf 87' lang='grc'><strong>·</strong></span> <span class='ocrx_word' id='word_1_654' title='bbox 3561 3765 3739 3824; x_wconf 67' lang='grc' dir='ltr'>οὕτωδὶ</span> 
     </span>
    </p>
   </div>
   <div class='ocr_carea' id='block_1_83' title="bbox 2200 3862 3739 3943">
    <p class='ocr_par' dir='ltr' id='par_1_83' title="bbox 2200 3862 3739 3943">
     <span class='ocr_line' id='line_1_83' title="bbox 2200 3862 3739 3943; baseline -0.007 -18"><span class='ocrx_word' id='word_1_655' title='bbox 2200 3873 2296 3927; x_wconf 67' lang='grc' dir='ltr'><strong>καὶ⁹</strong></span> <span class='ocrx_word' id='word_1_656' title='bbox 2339 3871 2400 3924; x_wconf 81' lang='grc' dir='ltr'><strong>τὸ</strong></span> <span class='ocrx_word' id='word_1_657' title='bbox 2445 3871 2542 3943; x_wconf 84' lang='grc' dir='ltr'><strong>μὲν</strong></span> <span class='ocrx_word' id='word_1_658' title='bbox 2591 3868 2792 3942; x_wconf 74' lang='grc' dir='ltr'>ἤρξατο</span> <span class='ocrx_word' id='word_1_659' title='bbox 2826 3868 3120 3940; x_wconf 76' lang='grc' dir='ltr'>ἐκμάσσειν</span> <span class='ocrx_word' id='word_1_660' title='bbox 3157 3867 3282 3929; x_wconf 68' lang='grc' dir='ltr'>τοὺς</span> <span class='ocrx_word' id='word_1_661' title='bbox 3328 3865 3495 3926; x_wconf 83' lang='grc' dir='ltr'>πόδας</span> <span class='ocrx_word' id='word_1_662' title='bbox 3525 3862 3622 3917; x_wconf 84' lang='grc' dir='ltr'><strong>τῶν</strong></span> <span class='ocrx_word' id='word_1_663' title='bbox 3658 3876 3739 3930; x_wconf 70' lang='grc' dir='ltr'>μαι</span> 
     </span>
    </p>
   </div>
   <div class='ocr_carea' id='block_1_84' title="bbox 2201 3949 3740 4036">
    <p class='ocr_par' dir='ltr' id='par_1_84' title="bbox 2201 3949 3740 4036">
     <span class='ocr_line' id='line_1_84' title="bbox 2201 3949 3740 4036; baseline -0.01 -18"><span class='ocrx_word' id='word_1_664' title='bbox 2201 3964 2400 4036; x_wconf 89' lang='grc' dir='ltr'>θητῶν,</span> <span class='ocrx_word' id='word_1_665' title='bbox 2436 3963 2745 4018; x_wconf 83' lang='grc' dir='ltr'>συνετέλεσε</span> <span class='ocrx_word' id='word_1_666' title='bbox 2778 3961 2835 4016; x_wconf 86' lang='grc' dir='ltr'>δὲ</span> <span class='ocrx_word' id='word_1_667' title='bbox 2880 3961 3192 4032; x_wconf 82' lang='grc' dir='ltr'>ὲκμάσσων,</span> <span class='ocrx_word' id='word_1_668' title='bbox 3230 3959 3319 4012; x_wconf 81' lang='grc' dir='ltr'><strong>ὅτε</strong></span> <span class='ocrx_word' id='word_1_669' title='bbox 3347 3956 3642 4012; x_wconf 82' lang='grc' dir='ltr'>συνετέλεσε</span> <span class='ocrx_word' id='word_1_670' title='bbox 3667 3949 3740 4004; x_wconf 77' lang='grc' dir='ltr'>καὶ</span> 
     </span>
    </p>
   </div>
   <div class='ocr_carea' id='block_1_85' title="bbox 2199 4057 2425 4110">
    <p class='ocr_par' dir='ltr' id='par_1_85' title="bbox 2199 4057 2425 4110">
     <span class='ocr_line' id='line_1_85' title="bbox 2199 4057 2425 4110; baseline -0.009 0"><span class='ocrx_word' id='word_1_671' title='bbox 2199 4057 2425 4110; x_wconf 87' lang='grc' dir='ltr'>νίπτων.</span> 
     </span>
    </p>
   </div>
   <div class='ocr_carea' id='block_1_86' title="bbox 2277 4136 3738 4220">
    <p class='ocr_par' dir='ltr' id='par_1_86' title="bbox 2277 4136 3738 4220">
     <span class='ocr_line' id='line_1_86' title="bbox 2277 4136 3738 4220; baseline -0.012 -18"><span class='ocrx_word' id='word_1_672' title='bbox 2277 4147 2330 4202; x_wconf 86' lang='grc'><strong>5.</strong></span> <span class='ocrx_word' id='word_1_673' title='bbox 2377 4167 2396 4199; x_wconf 75' lang='grc' dir='ltr'><strong>ι</strong></span> <span class='ocrx_word' id='word_1_674' title='bbox 2427 4148 2686 4220; x_wconf 84' lang='grc' dir='ltr'>Ἔρχεται</span> <span class='ocrx_word' id='word_1_675' title='bbox 2745 4141 2838 4201; x_wconf 75' lang='grc' dir='ltr'><strong>οὖν</strong></span> <span class='ocrx_word' id='word_1_676' title='bbox 2884 4145 3020 4218; x_wconf 73' lang='grc' dir='ltr'>πρὸς</span> <span class='ocrx_word' id='word_1_677' title='bbox 3066 4143 3289 4214; x_wconf 85' lang='grc' dir='ltr'>Σίμωνα</span> <span class='ocrx_word' id='word_1_678' title='bbox 3341 4141 3578 4212; x_wconf 77' lang='grc' dir='ltr'>Πέτρονο</span> <span class='ocrx_word' id='word_1_679' title='bbox 3619 4136 3738 4204; x_wconf 73' lang='grc' dir='ltr'>λέγει</span> 
     </span>
    </p>
   </div>
   <div class='ocr_carea' id='block_1_87' title="bbox 2201 4227 3737 4312">
    <p class='ocr_par' dir='ltr' id='par_1_87' title="bbox 2201 4227 3737 4312">
     <span class='ocr_line' id='line_1_87' title="bbox 2201 4227 3737 4312; baseline -0.01 -17"><span class='ocrx_word' id='word_1_680' title='bbox 2201 4241 2382 4312; x_wconf 77' lang='grc' dir='ltr'>αὐτῷ’</span> <span class='ocrx_word' id='word_1_681' title='bbox 2442 4239 2637 4312; x_wconf 81' lang='grc' dir='ltr'>Κύριε,</span> <span class='ocrx_word' id='word_1_682' title='bbox 2684 4239 2748 4292; x_wconf 91' lang='grc' dir='ltr'><strong>σύ</strong></span> <span class='ocrx_word' id='word_1_683' title='bbox 2804 4257 2906 4310; x_wconf 91' lang='grc' dir='ltr'><strong>μου</strong></span> <span class='ocrx_word' id='word_1_684' title='bbox 2965 4237 3176 4300; x_wconf 87' lang='grc' dir='ltr'>νίπτεις</span> <span class='ocrx_word' id='word_1_685' title='bbox 3227 4235 3434 4300; x_wconf 87' lang='grc' dir='ltr'>πόδας;</span> <span class='ocrx_word' id='word_1_686' title='bbox 3490 4227 3737 4301; x_wconf 76' lang='grc' dir='ltr'>’Δπεκρίθη</span> 
     </span>
    </p>
   </div>
   <div class='ocr_carea' id='block_1_88' title="bbox 2213 4318 3739 4404">
    <p class='ocr_par' dir='ltr' id='par_1_88' title="bbox 2213 4318 3739 4404">
     <span class='ocr_line' id='line_1_88' title="bbox 2213 4318 3739 4404; baseline -0.01 -16"><span class='ocrx_word' id='word_1_687' title='bbox 2213 4332 2454 4404; x_wconf 84' lang='grc' dir='ltr'>Ἰησοῦς,</span> <span class='ocrx_word' id='word_1_688' title='bbox 2501 4332 2596 4386; x_wconf 75' lang='grc' dir='ltr'>καὶ</span> <span class='ocrx_word' id='word_1_689' title='bbox 2657 4327 2810 4385; x_wconf 80' lang='grc' dir='ltr'>εἷπεν</span> <span class='ocrx_word' id='word_1_690' title='bbox 2861 4326 3037 4400; x_wconf 74' lang='grc' dir='ltr'>αύτῷο</span> <span class='ocrx_word' id='word_1_691' title='bbox 3093 4328 3162 4382; x_wconf 87' lang='grc' dir='ltr'><strong>Ὃ</strong></span> <span class='ocrx_word' id='word_1_692' title='bbox 3207 4325 3320 4395; x_wconf 77' lang='grc' dir='ltr'><strong>ἐγὼ</strong></span> <span class='ocrx_word' id='word_1_693' title='bbox 3371 4323 3531 4387; x_wconf 88' lang='grc' dir='ltr'>ποιῶ,</span> <span class='ocrx_word' id='word_1_694' title='bbox 3564 4323 3619 4375; x_wconf 72' lang='grc' dir='ltr'><strong>σὺ</strong></span> <span class='ocrx_word' id='word_1_695' title='bbox 3662 4318 3739 4370; x_wconf 73' lang='grc' dir='ltr'>οὐκ</span> 
     </span>
    </p>
   </div>
   <div class='ocr_carea' id='block_1_89' title="bbox 520 4407 2095 4497">
    <p class='ocr_par' dir='ltr' id='par_1_89' title="bbox 520 4412 2095 4491">
     <span class='ocr_line' id='line_1_89' title="bbox 520 4412 2095 4491; baseline -0.01 -11"><span class='ocrx_word' id='word_1_696' title='bbox 520 4424 662 4480; x_wconf 84' lang='lat' dir='ltr'><strong>scies</strong></span> <span class='ocrx_word' id='word_1_697' title='bbox 696 4431 874 4477; x_wconf 89' lang='lat' dir='ltr'><strong>autem</strong></span> <span class='ocrx_word' id='word_1_698' title='bbox 909 4427 1122 4491; x_wconf 87' lang='lat' dir='ltr'><strong>postea.</strong></span> <span class='ocrx_word' id='word_1_699' title='bbox 1162 4417 1307 4473; x_wconf 87' lang='lat' dir='ltr'><strong>Dicit</strong></span> <span class='ocrx_word' id='word_1_700' title='bbox 1351 4417 1401 4472; x_wconf 90' lang='lat' dir='ltr'><strong>ei</strong></span> <span class='ocrx_word' id='word_1_701' title='bbox 1447 4415 1643 4471; x_wconf 87' lang='lat' dir='ltr'><strong>Petrus</strong></span> <span class='ocrx_word' id='word_1_702' title='bbox 1686 4432 1700 4468; x_wconf 90' lang='lat'><strong>:</strong></span> <span class='ocrx_word' id='word_1_703' title='bbox 1745 4412 2095 4484; x_wconf 83' lang='lat' dir='ltr'><strong>Nequaquam</strong></span> 
     </span>
    </p>
   </div>
   <div class='ocr_carea' id='block_1_90' title="bbox 2201 4407 3737 4497">
    <p class='ocr_par' dir='ltr' id='par_1_90' title="bbox 2202 4407 3737 4497">
     <span class='ocr_line' id='line_1_90' title="bbox 2202 4407 3737 4497; baseline -0.014 -18"><span class='ocrx_word' id='word_1_704' title='bbox 2202 4423 2348 4490; x_wconf 79' lang='grc' dir='ltr'>οἶδας</span> <span class='ocrx_word' id='word_1_705' title='bbox 2399 4423 2556 4496; x_wconf 79' lang='grc' dir='ltr'>ἄρτι·</span> <span class='ocrx_word' id='word_1_706' title='bbox 2603 4423 2789 4497; x_wconf 81' lang='grc' dir='ltr'>γνώσῃ</span> <span class='ocrx_word' id='word_1_707' title='bbox 2820 4423 2879 4476; x_wconf 83' lang='grc' dir='ltr'>δὲ</span> <span class='ocrx_word' id='word_1_708' title='bbox 2927 4419 3064 4494; x_wconf 80' lang='grc' dir='ltr'>μετὰ</span> <span class='ocrx_word' id='word_1_709' title='bbox 3114 4418 3310 4473; x_wconf 82' lang='grc' dir='ltr'>ταῦτα.</span> <span class='ocrx_word' id='word_1_710' title='bbox 3356 4419 3520 4486; x_wconf 86' lang='grc' dir='ltr'>Λέγει</span> <span class='ocrx_word' id='word_1_711' title='bbox 3563 4407 3737 4480; x_wconf 75' lang='grc' dir='ltr'>αὺτῷό</span> 
     </span>
    </p>
   </div>
   <div class='ocr_carea' id='block_1_91' title="bbox 521 4491 2095 4589">
    <p class='ocr_par' dir='ltr' id='par_1_91' title="bbox 521 4503 2094 4584">
     <span class='ocr_line' id='line_1_91' title="bbox 521 4503 2094 4584; baseline -0.008 -13"><span class='ocrx_word' id='word_1_712' title='bbox 521 4515 725 4571; x_wconf 87' lang='lat' dir='ltr'><strong>laveris</strong></span> <span class='ocrx_word' id='word_1_713' title='bbox 750 4513 914 4584; x_wconf 87' lang='lat' dir='ltr'><strong>pedes</strong></span> <span class='ocrx_word' id='word_1_714' title='bbox 945 4525 1094 4566; x_wconf 89' lang='lat' dir='ltr'><strong>meos</strong></span> <span class='ocrx_word' id='word_1_715' title='bbox 1122 4509 1173 4565; x_wconf 92' lang='lat' dir='ltr'><strong>in</strong></span> <span class='ocrx_word' id='word_1_716' title='bbox 1199 4518 1483 4566; x_wconf 79' lang='lat' dir='ltr'><strong>:eternum.</strong></span> <span class='ocrx_word' id='word_1_717' title='bbox 1509 4506 1809 4577; x_wconf 81' lang='lat' dir='ltr'><strong>Respondit</strong></span> <span class='ocrx_word' id='word_1_718' title='bbox 1830 4505 1879 4560; x_wconf 92' lang='lat' dir='ltr'><strong>ei</strong></span> <span class='ocrx_word' id='word_1_719' title='bbox 1903 4503 2094 4560; x_wconf 83' lang='lat' dir='ltr'><strong>Jesus:</strong></span> 
     </span>
    </p>
   </div>
   <div class='ocr_carea' id='block_1_92' title="bbox 2201 4491 3736 4589">
    <p class='ocr_par' dir='ltr' id='par_1_92' title="bbox 2207 4491 3736 4589">
     <span class='ocr_line' id='line_1_92' title="bbox 2207 4491 3736 4589; baseline -0.012 -16"><span class='ocrx_word' id='word_1_720' title='bbox 2207 4491 2532 4589; x_wconf 41' lang='grc' dir='ltr'>Πέτρος-Οὐ</span> <span class='ocrx_word' id='word_1_721' title='bbox 2567 4491 2640 4588; x_wconf 70' lang='grc' dir='ltr'><strong>μη</strong></span> <span class='ocrx_word' id='word_1_722' title='bbox 2669 4491 2828 4586; x_wconf 63' lang='grc' dir='ltr'>νίψῇς</span> <span class='ocrx_word' id='word_1_723' title='bbox 2856 4491 2983 4576; x_wconf 65' lang='grc' dir='ltr'>τούς</span> <span class='ocrx_word' id='word_1_724' title='bbox 3027 4511 3191 4574; x_wconf 78' lang='grc' dir='ltr'>πόδας</span> <span class='ocrx_word' id='word_1_725' title='bbox 3224 4526 3328 4581; x_wconf 89' lang='grc' dir='ltr'><strong>μου</strong></span> <span class='ocrx_word' id='word_1_726' title='bbox 3358 4510 3442 4572; x_wconf 80' lang='grc' dir='ltr'>εἰς</span> <span class='ocrx_word' id='word_1_727' title='bbox 3468 4508 3552 4562; x_wconf 83' lang='grc' dir='ltr'><strong>τὸν</strong></span> <span class='ocrx_word' id='word_1_728' title='bbox 3585 4502 3736 4556; x_wconf 74' lang='grc' dir='ltr'>αἰῶνα.</span> 
     </span>
    </p>
   </div>
   <div class='ocr_carea' id='block_1_93' title="bbox 524 4597 2102 4672">
    <p class='ocr_par' dir='ltr' id='par_1_93' title="bbox 524 4597 2102 4672">
     <span class='ocr_line' id='line_1_93' title="bbox 524 4597 2102 4672; baseline -0.009 -7"><span class='ocrx_word' id='word_1_729' title='bbox 524 4609 583 4665; x_wconf 89' lang='lat' dir='ltr'><strong>Si</strong></span> <span class='ocrx_word' id='word_1_730' title='bbox 615 4621 723 4663; x_wconf 82' lang='lat' dir='ltr'><strong>nnn</strong></span> <span class='ocrx_word' id='word_1_731' title='bbox 766 4605 950 4660; x_wconf 87' lang='lat' dir='ltr'><strong>lavero</strong></span> <span class='ocrx_word' id='word_1_732' title='bbox 994 4613 1067 4671; x_wconf 92' lang='lat' dir='ltr'><strong>te,</strong></span> <span class='ocrx_word' id='word_1_733' title='bbox 1101 4617 1210 4659; x_wconf 95' lang='lat' dir='ltr'><strong>non</strong></span> <span class='ocrx_word' id='word_1_734' title='bbox 1240 4603 1416 4658; x_wconf 90' lang='lat' dir='ltr'><strong>habes</strong></span> <span class='ocrx_word' id='word_1_735' title='bbox 1449 4609 1661 4672; x_wconf 84' lang='lat' dir='ltr'><strong>partem</strong></span> <span class='ocrx_word' id='word_1_736' title='bbox 1689 4613 1923 4653; x_wconf 89' lang='lat' dir='ltr'><strong>mecum.</strong></span> <span class='ocrx_word' id='word_1_737' title='bbox 1958 4597 2102 4652; x_wconf 92' lang='lat' dir='ltr'><strong>Dicit</strong></span> 
     </span>
    </p>
   </div>
   <div class='ocr_carea' id='block_1_94' title="bbox 523 4693 2098 4762">
    <p class='ocr_par' dir='ltr' id='par_1_94' title="bbox 523 4693 2098 4762">
     <span class='ocr_line' id='line_1_94' title="bbox 523 4693 2098 4762; baseline -0.007 -8"><span class='ocrx_word' id='word_1_738' title='bbox 523 4702 574 4755; x_wconf 89' lang='lat' dir='ltr'><strong>ei</strong></span> <span class='ocrx_word' id='word_1_739' title='bbox 610 4699 801 4756; x_wconf 88' lang='lat' dir='ltr'><strong>Simon</strong></span> <span class='ocrx_word' id='word_1_740' title='bbox 832 4698 1064 4753; x_wconf 85' lang='lat' dir='ltr'><strong>Petrus:</strong></span> <span class='ocrx_word' id='word_1_741' title='bbox 1094 4697 1341 4761; x_wconf 90' lang='lat' dir='ltr'><strong>Domine,</strong></span> <span class='ocrx_word' id='word_1_742' title='bbox 1361 4709 1469 4751; x_wconf 86' lang='lat' dir='ltr'><strong>non</strong></span> <span class='ocrx_word' id='word_1_743' title='bbox 1505 4703 1712 4747; x_wconf 87' lang='lat' dir='ltr'><strong>tantum</strong></span> <span class='ocrx_word' id='word_1_744' title='bbox 1743 4693 1906 4762; x_wconf 87' lang='lat' dir='ltr'><strong>pedes</strong></span> <span class='ocrx_word' id='word_1_745' title='bbox 1930 4703 2098 4754; x_wconf 89' lang='lat' dir='ltr'><strong>meos,</strong></span> 
     </span>
    </p>
   </div>
   <div class='ocr_carea' id='block_1_95' title="bbox 525 4784 2100 4860">
    <p class='ocr_par' dir='ltr' id='par_1_95' title="bbox 525 4784 2100 4860">
     <span class='ocr_line' id='line_1_95' title="bbox 525 4784 2100 4860; baseline -0.004 -12"><span class='ocrx_word' id='word_1_746' title='bbox 525 4794 620 4848; x_wconf 89' lang='lat' dir='ltr'><strong>scd</strong></span> <span class='ocrx_word' id='word_1_747' title='bbox 666 4801 720 4847; x_wconf 88' lang='lat' dir='ltr'><strong>et</strong></span> <span class='ocrx_word' id='word_1_748' title='bbox 763 4805 978 4855; x_wconf 89' lang='lat' dir='ltr'><strong>manus,</strong></span> <span class='ocrx_word' id='word_1_749' title='bbox 1011 4799 1067 4844; x_wconf 88' lang='lat' dir='ltr'><strong>et</strong></span> <span class='ocrx_word' id='word_1_750' title='bbox 1109 4798 1292 4860; x_wconf 90' lang='lat' dir='ltr'><strong>caput.</strong></span> <span class='ocrx_word' id='word_1_751' title='bbox 1331 4788 1468 4844; x_wconf 91' lang='lat' dir='ltr'><strong>Dicit</strong></span> <span class='ocrx_word' id='word_1_752' title='bbox 1505 4787 1554 4843; x_wconf 88' lang='lat' dir='ltr'><strong>ei</strong></span> <span class='ocrx_word' id='word_1_753' title='bbox 1588 4786 1750 4842; x_wconf 83' lang='lat' dir='ltr'><strong>Jesus</strong></span> <span class='ocrx_word' id='word_1_754' title='bbox 1780 4803 1794 4841; x_wconf 89' lang='lat'><strong>:</strong></span> <span class='ocrx_word' id='word_1_755' title='bbox 1821 4784 1923 4852; x_wconf 83' lang='lat' dir='ltr'><strong>Qui</strong></span> <span class='ocrx_word' id='word_1_756' title='bbox 1956 4785 2100 4841; x_wconf 86' lang='lat' dir='ltr'><strong>lotus</strong></span> 
     </span>
    </p>
   </div>
   <div class='ocr_carea' id='block_1_96' title="bbox 523 4877 2095 4952">
    <p class='ocr_par' dir='ltr' id='par_1_96' title="bbox 523 4877 2095 4952">
     <span class='ocr_line' id='line_1_96' title="bbox 523 4877 2095 4952; baseline -0.004 -12"><span class='ocrx_word' id='word_1_757' title='bbox 523 4893 630 4948; x_wconf 90' lang='lat' dir='ltr'><strong>est,</strong></span> <span class='ocrx_word' id='word_1_758' title='bbox 681 4881 819 4938; x_wconf 85' lang='lat' dir='ltr'><strong>nihil</strong></span> <span class='ocrx_word' id='word_1_759' title='bbox 853 4895 990 4952; x_wconf 90' lang='lat' dir='ltr'><strong>opus</strong></span> <span class='ocrx_word' id='word_1_760' title='bbox 1023 4881 1220 4946; x_wconf 89' lang='lat' dir='ltr'><strong>habet,</strong></span> <span class='ocrx_word' id='word_1_761' title='bbox 1271 4888 1634 4950; x_wconf 64' lang='lat' dir='ltr'><strong>praeterquam</strong></span> <span class='ocrx_word' id='word_1_762' title='bbox 1675 4877 1838 4948; x_wconf 88' lang='lat' dir='ltr'><strong>pedes</strong></span> <span class='ocrx_word' id='word_1_763' title='bbox 1890 4877 2095 4944; x_wconf 87' lang='lat' dir='ltr'><strong>lavare,</strong></span> 
     </span>
    </p>
   </div>
   <div class='ocr_carea' id='block_1_97' title="bbox 2222 4592 3739 4680">
    <p class='ocr_par' dir='ltr' id='par_1_97' title="bbox 2222 4592 3739 4680">
     <span class='ocr_line' id='line_1_97' title="bbox 2222 4592 3739 4680; baseline -0.012 -17"><span class='ocrx_word' id='word_1_764' title='bbox 2222 4607 2517 4680; x_wconf 86' lang='grc' dir='ltr'>Ἀπεκρίθη</span> <span class='ocrx_word' id='word_1_765' title='bbox 2574 4607 2779 4679; x_wconf 82' lang='grc' dir='ltr'>Ἰησοῦς</span> <span class='ocrx_word' id='word_1_766' title='bbox 2832 4605 3014 4676; x_wconf 86' lang='grc' dir='ltr'>αύτῷ·</span> <span class='ocrx_word' id='word_1_767' title='bbox 3062 4603 3187 4657; x_wconf 81' lang='grc' dir='ltr'><strong>Ἐὰν</strong></span> <span class='ocrx_word' id='word_1_768' title='bbox 3241 4601 3318 4672; x_wconf 82' lang='grc' dir='ltr'>μὴ</span> <span class='ocrx_word' id='word_1_769' title='bbox 3365 4600 3505 4670; x_wconf 75' lang='grc' dir='ltr'>νίψω</span> <span class='ocrx_word' id='word_1_770' title='bbox 3553 4613 3625 4657; x_wconf 90' lang='grc' dir='ltr'><strong>σε,</strong></span> <span class='ocrx_word' id='word_1_771' title='bbox 3661 4592 3739 4644; x_wconf 78' lang='grc' dir='ltr'><strong>οὐκ</strong></span> 
     </span>
    </p>
   </div>
   <div class='ocr_carea' id='block_1_98' title="bbox 2208 4689 3735 4773">
    <p class='ocr_par' dir='ltr' id='par_1_98' title="bbox 2208 4689 3735 4773">
     <span class='ocr_line' id='line_1_98' title="bbox 2208 4689 3735 4773; baseline -0.005 -21"><span class='ocrx_word' id='word_1_772' title='bbox 2208 4700 2352 4772; x_wconf 73' lang='grc' dir='ltr'>ἔχεις</span> <span class='ocrx_word' id='word_1_773' title='bbox 2386 4700 2549 4773; x_wconf 84' lang='grc' dir='ltr'>μέρος</span> <span class='ocrx_word' id='word_1_774' title='bbox 2593 4702 2709 4772; x_wconf 83' lang='grc' dir='ltr'>μετ’</span> <span class='ocrx_word' id='word_1_775' title='bbox 2746 4698 2902 4772; x_wconf 74' lang='grc' dir='ltr'>ἐμοῦ.</span> <span class='ocrx_word' id='word_1_776' title='bbox 2939 4698 3098 4766; x_wconf 84' lang='grc' dir='ltr'>Λέγει</span> <span class='ocrx_word' id='word_1_777' title='bbox 3139 4695 3289 4766; x_wconf 82' lang='grc' dir='ltr'>αύτῷ</span> <span class='ocrx_word' id='word_1_778' title='bbox 3334 4695 3514 4765; x_wconf 84' lang='grc' dir='ltr'>Σίμων</span> <span class='ocrx_word' id='word_1_779' title='bbox 3544 4689 3712 4756; x_wconf 78' lang='grc' dir='ltr'>Πέτρος</span> <span class='ocrx_word' id='word_1_780' title='bbox 3724 4697 3735 4710; x_wconf 87' lang='grc'><em>’</em></span> 
     </span>
    </p>
   </div>
   <div class='ocr_carea' id='block_1_99' title="bbox 2208 4776 3737 4865">
    <p class='ocr_par' dir='ltr' id='par_1_99' title="bbox 2208 4776 3737 4865">
     <span class='ocr_line' id='line_1_99' title="bbox 2208 4776 3737 4865; baseline -0.008 -19"><span class='ocrx_word' id='word_1_781' title='bbox 2208 4791 2400 4865; x_wconf 85' lang='grc' dir='ltr'>Κύριε,</span> <span class='ocrx_word' id='word_1_782' title='bbox 2430 4793 2491 4846; x_wconf 86' lang='grc' dir='ltr'><strong>οὐ</strong></span> <span class='ocrx_word' id='word_1_783' title='bbox 2522 4793 2648 4856; x_wconf 83' lang='grc' dir='ltr'>τοὺς</span> <span class='ocrx_word' id='word_1_784' title='bbox 2682 4792 2850 4856; x_wconf 85' lang='grc' dir='ltr'>πόδας</span> <span class='ocrx_word' id='word_1_785' title='bbox 2883 4808 2984 4862; x_wconf 89' lang='grc' dir='ltr'><strong>μου</strong></span> <span class='ocrx_word' id='word_1_786' title='bbox 3021 4791 3201 4862; x_wconf 89' lang='grc' dir='ltr'>μόνον,</span> <span class='ocrx_word' id='word_1_787' title='bbox 3235 4787 3375 4841; x_wconf 80' lang='grc' dir='ltr'>ἀλλὰ</span> <span class='ocrx_word' id='word_1_788' title='bbox 3403 4786 3496 4838; x_wconf 76' lang='grc' dir='ltr'>καὶ</span> <span class='ocrx_word' id='word_1_789' title='bbox 3525 4781 3614 4842; x_wconf 72' lang='grc' dir='ltr'>τὰς</span> <span class='ocrx_word' id='word_1_790' title='bbox 3652 4776 3737 4847; x_wconf 81' lang='grc' dir='ltr'>χεῖ·</span> 
     </span>
    </p>
   </div>
   <div class='ocr_carea' id='block_1_100' title="bbox 2208 4867 3737 4956">
    <p class='ocr_par' dir='ltr' id='par_1_100' title="bbox 2208 4867 3737 4956">
     <span class='ocr_line' id='line_1_100' title="bbox 2208 4867 3737 4956; baseline -0.024 0"><span class='ocrx_word' id='word_1_791' title='bbox 2208 4901 2332 4956; x_wconf 83' lang='grc' dir='ltr'>ρας,</span> <span class='ocrx_word' id='word_1_792' title='bbox 2372 4885 2466 4940; x_wconf 72' lang='grc' dir='ltr'>καὶ</span> <span class='ocrx_word' id='word_1_793' title='bbox 2512 4883 2610 4955; x_wconf 81' lang='grc' dir='ltr'><strong>τὴν</strong></span> <span class='ocrx_word' id='word_1_794' title='bbox 2644 4883 2902 4954; x_wconf 82' lang='grc' dir='ltr'>κεφαλήν.</span> <span class='ocrx_word' id='word_1_795' title='bbox 2937 4883 3095 4950; x_wconf 85' lang='grc' dir='ltr'>Λέγει</span> <span class='ocrx_word' id='word_1_796' title='bbox 3138 4880 3286 4952; x_wconf 77' lang='grc' dir='ltr'>αὐτῷ</span> <span class='ocrx_word' id='word_1_797' title='bbox 3323 4876 3553 4948; x_wconf 81' lang='grc' dir='ltr'>Ἰησοῦς·</span> <span class='ocrx_word' id='word_1_798' title='bbox 3591 4872 3638 4922; x_wconf 91' lang='lat'><strong>&#39;0</strong></span> <span class='ocrx_word' id='word_1_799' title='bbox 3671 4867 3737 4918; x_wconf 86' lang='grc' dir='ltr'>λε·</span> 
     </span>
    </p>
   </div>
   <div class='ocr_carea' id='block_1_101' title="bbox 591 4963 2095 5046">
    <p class='ocr_par' dir='ltr' id='par_1_101' title="bbox 591 4973 2095 5046">
     <span class='ocr_line' id='line_1_101' title="bbox 591 4973 2095 5046; baseline -0.007 -10"><span class='ocrx_word' id='word_1_800' title='bbox 591 4980 638 5011; x_wconf 82' lang='grc'><strong>⁸³</strong></span> <span class='ocrx_word' id='word_1_801' title='bbox 671 4977 806 5035; x_wconf 83' lang='lat' dir='ltr'><strong>Gen.</strong></span> <span class='ocrx_word' id='word_1_802' title='bbox 843 4993 1002 5042; x_wconf 81' lang='lat' dir='ltr'><strong>xvm,</strong></span> <span class='ocrx_word' id='word_1_803' title='bbox 1029 4977 1086 5043; x_wconf 75' lang='grc'>2,</span> <span class='ocrx_word' id='word_1_804' title='bbox 1125 4979 1179 5032; x_wconf 81' lang='grc'><strong>5.</strong></span> <span class='ocrx_word' id='word_1_805' title='bbox 1257 4977 1302 5009; x_wconf 77' lang='grc'>⁸³</span> <span class='ocrx_word' id='word_1_806' title='bbox 1329 4977 1553 5046; x_wconf 37' lang='grc' dir='ltr'><strong>ἰὶιὶιίηι.</strong></span> <span class='ocrx_word' id='word_1_807' title='bbox 1625 4973 1671 5006; x_wconf 73' lang='grc' dir='ltr'>⁶δ</span> <span class='ocrx_word' id='word_1_808' title='bbox 1695 4975 2016 5046; x_wconf 81' lang='lat' dir='ltr'><strong>Gen_._xt.ttt,</strong></span> <span class='ocrx_word' id='word_1_809' title='bbox 2054 4977 2095 5032; x_wconf 76' lang='lat'><strong>21</strong></span> 
     </span>
    </p>
   </div>
   <div class='ocr_carea' id='block_1_102' title="bbox 2201 4963 3732 5046">
    <p class='ocr_par' dir='ltr' id='par_1_102' title="bbox 2201 4963 3732 5041">
     <span class='ocr_line' id='line_1_102' title="bbox 2201 4963 3732 5041; baseline -0.016 -1"><span class='ocrx_word' id='word_1_810' title='bbox 2201 4983 2262 5039; x_wconf 72' lang='grc' dir='ltr'>ιι.</span> <span class='ocrx_word' id='word_1_811' title='bbox 2333 4981 2380 5013; x_wconf 82' lang='grc'><strong>⁸⁸</strong></span> <span class='ocrx_word' id='word_1_812' title='bbox 2418 4979 2714 5039; x_wconf 77' lang='lat' dir='ltr'><strong>Luc.xxn.</strong></span> <span class='ocrx_word' id='word_1_813' title='bbox 2768 4978 2860 5036; x_wconf 73' lang='lat'><strong>27.</strong></span> <span class='ocrx_word' id='word_1_814' title='bbox 2935 4979 2980 5010; x_wconf 78' lang='grc'><strong>⁸⁸</strong></span> <span class='ocrx_word' id='word_1_815' title='bbox 3008 4977 3198 5032; x_wconf 82' lang='lat' dir='ltr'><strong>Matth.</strong></span> <span class='ocrx_word' id='word_1_816' title='bbox 3262 4989 3341 5041; x_wconf 74' lang='grc' dir='ltr'>ιι,</span> <span class='ocrx_word' id='word_1_817' title='bbox 3390 4972 3477 5028; x_wconf 73' lang='grc'><strong>29.</strong></span> <span class='ocrx_word' id='word_1_818' title='bbox 3550 4963 3732 5018; x_wconf 80' lang='lat' dir='ltr'><strong>&quot;Joan.</strong></span> 
     </span>
    </p>
   </div>
   <div class='ocr_carea' id='block_1_103' title="bbox 523 5043 1884 5116">
    <p class='ocr_par' dir='ltr' id='par_1_103' title="bbox 523 5043 1884 5116">
     <span class='ocr_line' id='line_1_103' title="bbox 523 5043 1884 5116; baseline -0.007 -9"><span class='ocrx_word' id='word_1_819' title='bbox 523 5065 647 5116; x_wconf 78' lang='lat' dir='ltr'><strong>xm,</strong></span> <span class='ocrx_word' id='word_1_820' title='bbox 671 5049 726 5104; x_wconf 85' lang='lat'><strong>5.</strong></span> <span class='ocrx_word' id='word_1_821' title='bbox 792 5048 838 5080; x_wconf 74' lang='lat'><strong>“</strong></span> <span class='ocrx_word' id='word_1_822' title='bbox 868 5047 1019 5102; x_wconf 80' lang='lat' dir='ltr'><strong>Matt.</strong></span> <span class='ocrx_word' id='word_1_823' title='bbox 1043 5063 1191 5113; x_wconf 74' lang='lat' dir='ltr'><strong>xxvi,</strong></span> <span class='ocrx_word' id='word_1_824' title='bbox 1219 5047 1308 5102; x_wconf 76' lang='grc'><strong>51.</strong></span> <span class='ocrx_word' id='word_1_825' title='bbox 1385 5046 1430 5078; x_wconf 80' lang='grc'>⁶⁹</span> <span class='ocrx_word' id='word_1_826' title='bbox 1456 5044 1614 5099; x_wconf 83' lang='lat' dir='ltr'><strong>Joan.</strong></span> <span class='ocrx_word' id='word_1_827' title='bbox 1642 5060 1760 5109; x_wconf 81' lang='lat' dir='ltr'><strong>xm,</strong></span> <span class='ocrx_word' id='word_1_828' title='bbox 1795 5043 1884 5097; x_wconf 79' lang='grc'><strong>58.</strong></span> 
     </span>
    </p>
   </div>
   <div class='ocr_carea' id='block_1_104' title="bbox 597 5137 2109 5270">
    <p class='ocr_par' dir='ltr' id='par_1_104' title="bbox 597 5137 2109 5270">
     <span class='ocr_line' id='line_1_104' title="bbox 597 5137 2109 5270; baseline -0.003 -71"><span class='ocrx_word' id='word_1_829' title='bbox 597 5143 966 5270; x_wconf 47' lang='grc' dir='ltr'><strong>(εέἓζηὲιέᾓιὲς.</strong></span> <span class='ocrx_word' id='word_1_830' title='bbox 1007 5143 1171 5199; x_wconf 89' lang='lat' dir='ltr'><strong>Deest</strong></span> <span class='ocrx_word' id='word_1_831' title='bbox 1201 5143 1254 5198; x_wconf 91' lang='lat' dir='ltr'><strong>iu</strong></span> <span class='ocrx_word' id='word_1_832' title='bbox 1289 5142 1482 5199; x_wconf 87' lang='lat' dir='ltr'><strong>codice</strong></span> <span class='ocrx_word' id='word_1_833' title='bbox 1515 5140 1722 5211; x_wconf 76' lang='lat' dir='ltr'><strong>Regio,</strong></span> <span class='ocrx_word' id='word_1_834' title='bbox 1763 5141 1882 5210; x_wconf 74' lang='lat' dir='ltr'><strong>sed</strong></span> <span class='ocrx_word' id='word_1_835' title='bbox 1910 5137 2109 5210; x_wconf 79' lang='lat' dir='ltr'><strong>legitur</strong></span> 
     </span>
    </p>
   </div>
   <div class='ocr_carea' id='block_1_105' title="bbox 527 5216 938 5273">
    <p class='ocr_par' dir='ltr' id='par_1_105' title="bbox 527 5216 938 5273">
     <span class='ocr_line' id='line_1_105' title="bbox 527 5216 938 5273; baseline -0.005 0"><span class='ocrx_word' id='word_1_836' title='bbox 527 5219 580 5273; x_wconf 86' lang='lat' dir='ltr'><strong>in</strong></span> <span class='ocrx_word' id='word_1_837' title='bbox 612 5216 938 5272; x_wconf 84' lang='lat' dir='ltr'><strong>Bodleiano.</strong></span> 
     </span>
    </p>
   </div>
   <div class='ocr_carea' id='block_1_106' title="bbox 599 5277 2102 5359">
    <p class='ocr_par' dir='ltr' id='par_1_106' title="bbox 599 5277 2102 5359">
     <span class='ocr_line' id='line_1_106' title="bbox 599 5277 2102 5359; baseline -0.005 -18"><span class='ocrx_word' id='word_1_838' title='bbox 599 5285 712 5359; x_wconf 84' lang='lat'><strong>(95)</strong></span> <span class='ocrx_word' id='word_1_839' title='bbox 756 5284 880 5359; x_wconf 68' lang='lat' dir='ltr'><strong>Haec</strong></span> <span class='ocrx_word' id='word_1_840' title='bbox 937 5298 967 5337; x_wconf 90' lang='lat' dir='ltr'><strong>a</strong></span> <span class='ocrx_word' id='word_1_841' title='bbox 1001 5281 1255 5359; x_wconf 80' lang='lat' dir='ltr'><strong>Ferrario</strong></span> <span class='ocrx_word' id='word_1_842' title='bbox 1290 5279 1674 5351; x_wconf 72' lang='lat' dir='ltr'><strong>praetermissa,</strong></span> <span class='ocrx_word' id='word_1_843' title='bbox 1707 5293 1738 5335; x_wconf 90' lang='lat' dir='ltr'><strong>e</strong></span> <span class='ocrx_word' id='word_1_844' title='bbox 1781 5277 2102 5334; x_wconf 86' lang='lat' dir='ltr'><strong>Perioniana</strong></span> 
     </span>
    </p>
   </div>
   <div class='ocr_carea' id='block_1_107' title="bbox 530 5353 1398 5422">
    <p class='ocr_par' dir='ltr' id='par_1_107' title="bbox 530 5353 1398 5422">
     <span class='ocr_line' id='line_1_107' title="bbox 530 5353 1398 5422; baseline -0.008 -12"><span class='ocrx_word' id='word_1_845' title='bbox 530 5353 982 5422; x_wconf 76' lang='lat' dir='ltr'><strong>interpretatione</strong></span> <span class='ocrx_word' id='word_1_846' title='bbox 1007 5353 1398 5422; x_wconf 80' lang='lat' dir='ltr'><strong>supplevimus.</strong></span> 
     </span>
    </p>
   </div>
   <div class='ocr_carea' id='block_1_108' title="bbox 603 5419 2105 5496">
    <p class='ocr_par' dir='ltr' id='par_1_108' title="bbox 603 5419 2105 5496">
     <span class='ocr_line' id='line_1_108' title="bbox 603 5419 2105 5496; baseline -0.001 -19"><span class='ocrx_word' id='word_1_847' title='bbox 603 5419 996 5496; x_wconf 58' lang='lat' dir='ltr'><strong>(96)_&#39;H.2(_)or,</strong></span> <span class='ocrx_word' id='word_1_848' title='bbox 1050 5419 1179 5496; x_wconf 64' lang='grc' dir='ltr'><strong>οὐχΔ</strong></span> <span class='ocrx_word' id='word_1_849' title='bbox 1212 5423 1294 5496; x_wconf 79' lang='grc' dir='ltr'>ᾡς</span> <span class='ocrx_word' id='word_1_850' title='bbox 1338 5421 1748 5496; x_wconf 59' lang='grc' dir='ltr'>ἀνακείμενος,</span> <span class='ocrx_word' id='word_1_851' title='bbox 1811 5429 1916 5496; x_wconf 73' lang='lat' dir='ltr'><strong>etc.</strong></span> <span class='ocrx_word' id='word_1_852' title='bbox 1978 5419 2105 5475; x_wconf 69' lang='lat' dir='ltr'><strong>llaec</strong></span> 
     </span>
    </p>
   </div>
   <div class='ocr_carea' id='block_1_109' title="bbox 529 5489 2101 5559">
    <p class='ocr_par' dir='ltr' id='par_1_109' title="bbox 529 5489 2101 5559">
     <span class='ocr_line' id='line_1_109' title="bbox 529 5489 2101 5559; baseline -0.004 -11"><span class='ocrx_word' id='word_1_853' title='bbox 529 5489 810 5559; x_wconf 71' lang='grc' dir='ltr'>αὐτολὲξεὶ</span> <span class='ocrx_word' id='word_1_854' title='bbox 869 5493 1055 5548; x_wconf 85' lang='lat' dir='ltr'><strong>.lcsum</strong></span> <span class='ocrx_word' id='word_1_855' title='bbox 1125 5489 1336 5548; x_wconf 76' lang='lat' dir='ltr'><strong>dixisse</strong></span> <span class='ocrx_word' id='word_1_856' title='bbox 1409 5489 1590 5548; x_wconf 84' lang='lat' dir='ltr'><strong>nullus</strong></span> <span class='ocrx_word' id='word_1_857' title='bbox 1645 5489 2101 5558; x_wconf 80' lang='lat' dir='ltr'><strong>evangelistarum</strong></span> 
     </span>
    </p>
   </div>
   <div class='ocr_carea' id='block_1_110' title="bbox 531 5561 2104 5632">
    <p class='ocr_par' dir='ltr' id='par_1_110' title="bbox 531 5561 2104 5632">
     <span class='ocr_line' id='line_1_110' title="bbox 531 5561 2104 5632; baseline -0.002 -15"><span class='ocrx_word' id='word_1_858' title='bbox 531 5564 772 5632; x_wconf 85' lang='lat' dir='ltr'><strong>scripsit,</strong></span> <span class='ocrx_word' id='word_1_859' title='bbox 803 5567 896 5617; x_wconf 84' lang='lat' dir='ltr'><strong>sed</strong></span> <span class='ocrx_word' id='word_1_860' title='bbox 937 5563 1229 5616; x_wconf 87' lang='lat' dir='ltr'><strong>verborum</strong></span> <span class='ocrx_word' id='word_1_861' title='bbox 1256 5577 1502 5626; x_wconf 86' lang='lat' dir='ltr'><strong>securus,</strong></span> <span class='ocrx_word' id='word_1_862' title='bbox 1548 5561 1625 5632; x_wconf 28' lang='lat' dir='ltr'><strong>i_n‘</strong></span> <span class='ocrx_word' id='word_1_863' title='bbox 1654 5561 1948 5626; x_wconf 87' lang='lat' dir='ltr'><strong>sententia,</strong></span> <span class='ocrx_word' id='word_1_864' title='bbox 1984 5573 2104 5629; x_wconf 73' lang='lat' dir='ltr'><strong>qua:</strong></span> 
     </span>
    </p>
   </div>
   <div class='ocr_carea' id='block_1_111' title="bbox 532 5629 2098 5702">
    <p class='ocr_par' dir='ltr' id='par_1_111' title="bbox 532 5629 2098 5702">
     <span class='ocr_line' id='line_1_111' title="bbox 532 5629 2098 5702; baseline -0.001 -16"><span class='ocrx_word' id='word_1_865' title='bbox 532 5629 666 5687; x_wconf 69' lang='lat' dir='ltr'><strong>Luc.</strong></span> <span class='ocrx_word' id='word_1_866' title='bbox 703 5647 839 5702; x_wconf 62' lang='grc' dir='ltr'>χιιι,</span> <span class='ocrx_word' id='word_1_867' title='bbox 868 5632 960 5697; x_wconf 67' lang='lat'><strong>27,</strong></span> <span class='ocrx_word' id='word_1_868' title='bbox 986 5641 1194 5702; x_wconf 57' lang='lat' dir='ltr'><strong>egstat,</strong></span> <span class='ocrx_word' id='word_1_869' title='bbox 1227 5632 1502 5702; x_wconf 85' lang='lat' dir='ltr'><strong>acquievit</strong></span> <span class='ocrx_word' id='word_1_870' title='bbox 1537 5629 1928 5702; x_wconf 75' lang='lat' dir='ltr'><strong>Qrigenes,__ut</strong></span> <span class='ocrx_word' id='word_1_871' title='bbox 1990 5645 2098 5685; x_wconf 90' lang='lat' dir='ltr'><strong>non</strong></span> 
     </span>
    </p>
   </div>
   <div class='ocr_carea' id='block_1_112' title="bbox 533 5699 2101 5765">
    <p class='ocr_par' dir='ltr' id='par_1_112' title="bbox 533 5699 2101 5765">
     <span class='ocr_line' id='line_1_112' title="bbox 533 5699 2101 5765; baseline -0.002 -8"><span class='ocrx_word' id='word_1_872' title='bbox 533 5703 608 5757; x_wconf 77' lang='lat' dir='ltr'><strong>illi</strong></span> <span class='ocrx_word' id='word_1_873' title='bbox 648 5701 844 5765; x_wconf 87' lang='lat' dir='ltr'><strong>solum,</strong></span> <span class='ocrx_word' id='word_1_874' title='bbox 880 5702 974 5756; x_wconf 88' lang='lat' dir='ltr'><strong>sed</strong></span> <span class='ocrx_word' id='word_1_875' title='bbox 1021 5699 1275 5758; x_wconf 87' lang='lat' dir='ltr'><strong>Patribus</strong></span> <span class='ocrx_word' id='word_1_876' title='bbox 1312 5699 1496 5759; x_wconf 78' lang='lat' dir='ltr'><strong>etiam</strong></span> <span class='ocrx_word' id='word_1_877' title='bbox 1542 5699 1659 5757; x_wconf 77' lang='lat' dir='ltr'><strong>fere</strong></span> <span class='ocrx_word' id='word_1_878' title='bbox 1695 5699 1949 5758; x_wconf 89' lang='lat' dir='ltr'><strong>omnibus</strong></span> <span class='ocrx_word' id='word_1_879' title='bbox 2001 5715 2101 5756; x_wconf 88' lang='lat' dir='ltr'><strong>usu</strong></span> 
     </span>
    </p>
   </div>
   <div class='ocr_carea' id='block_1_113' title="bbox 531 5769 1193 5831">
    <p class='ocr_par' dir='ltr' id='par_1_113' title="bbox 531 5769 1193 5831">
     <span class='ocr_line' id='line_1_113' title="bbox 531 5769 1193 5831; baseline -0.008 -2"><span class='ocrx_word' id='word_1_880' title='bbox 531 5773 718 5831; x_wconf 71' lang='lat' dir='ltr'><strong>venire</strong></span> <span class='ocrx_word' id='word_1_881' title='bbox 745 5770 900 5826; x_wconf 90' lang='lat' dir='ltr'><strong>solet.</strong></span> <span class='ocrx_word' id='word_1_882' title='bbox 930 5769 1193 5826; x_wconf 70' lang='grc' dir='ltr'>ιιυετιυε.</span> 
     </span>
    </p>
   </div>
   <div class='ocr_carea' id='block_1_114' title="bbox 2286 5129 3733 5217">
    <p class='ocr_par' dir='ltr' id='par_1_114' title="bbox 2286 5129 3733 5217">
     <span class='ocr_line' id='line_1_114' title="bbox 2286 5129 3733 5217; baseline -0.023 0"><span class='ocrx_word' id='word_1_883' title='bbox 2286 5145 2404 5217; x_wconf 77' lang='grc'><strong>(97)</strong></span> <span class='ocrx_word' id='word_1_884' title='bbox 2432 5140 2577 5212; x_wconf 74' lang='grc' dir='ltr'><strong>Ἆρα</strong></span> <span class='ocrx_word' id='word_1_885' title='bbox 2605 5141 2724 5217; x_wconf 61' lang='grc' dir='ltr'>γὰρ</span> <span class='ocrx_word' id='word_1_886' title='bbox 2745 5138 3195 5217; x_wconf 41' lang='grc' dir='ltr'>συνήθειά-,ἑστι</span> <span class='ocrx_word' id='word_1_887' title='bbox 3221 5139 3480 5217; x_wconf 62' lang='grc' dir='ltr'>ῑςριαύζη,</span> <span class='ocrx_word' id='word_1_888' title='bbox 3497 5145 3589 5217; x_wconf 76' lang='lat' dir='ltr'><strong>etc.</strong></span> <span class='ocrx_word' id='word_1_889' title='bbox 3613 5129 3733 5217; x_wconf 7' lang='lat' dir='ltr'><strong>Hell,-</strong></span> 
     </span>
    </p>
   </div>
   <div class='ocr_carea' id='block_1_115' title="bbox 2215 5207 3736 5280">
    <p class='ocr_par' dir='ltr' id='par_1_115' title="bbox 2215 5207 3736 5280">
     <span class='ocr_line' id='line_1_115' title="bbox 2215 5207 3736 5280; baseline -0.009 -10"><span class='ocrx_word' id='word_1_890' title='bbox 2215 5207 2345 5270; x_wconf 70' lang='lat' dir='ltr'><strong>dosa</strong></span> <span class='ocrx_word' id='word_1_891' title='bbox 2381 5207 2690 5269; x_wconf 57' lang='lat' dir='ltr'><strong>baec&#39;era&#39;nt&#39;</strong></span> <span class='ocrx_word' id='word_1_892' title='bbox 2711 5212 2763 5267; x_wconf 90' lang='lat' dir='ltr'><strong>in</strong></span> <span class='ocrx_word' id='word_1_893' title='bbox 2815 5211 3002 5266; x_wconf 81' lang='lat' dir='ltr'><strong>codice</strong></span> <span class='ocrx_word' id='word_1_894' title='bbox 3039 5209 3298 5272; x_wconf 86' lang='lat' dir='ltr'><strong>Ferrarii,</strong></span> <span class='ocrx_word' id='word_1_895' title='bbox 3333 5208 3483 5280; x_wconf 84' lang='lat' dir='ltr'><strong>cujus</strong></span> <span class='ocrx_word' id='word_1_896' title='bbox 3512 5207 3736 5280; x_wconf 41' lang='lat' dir='ltr'><strong>interpre-</strong></span> 
     </span>
    </p>
   </div>
   <div class='ocr_carea' id='block_1_116' title="bbox 2216 5272 3731 5350">
    <p class='ocr_par' dir='ltr' id='par_1_116' title="bbox 2216 5272 3731 5350">
     <span class='ocr_line' id='line_1_116' title="bbox 2216 5272 3731 5350; baseline 0.001 -13"><span class='ocrx_word' id='word_1_897' title='bbox 2216 5285 2472 5338; x_wconf 89' lang='lat' dir='ltr'><strong>tationem</strong></span> <span class='ocrx_word' id='word_1_898' title='bbox 2507 5285 2882 5339; x_wconf 85' lang='lat' dir='ltr'><strong>emendamus.</strong></span> <span class='ocrx_word' id='word_1_899' title='bbox 2923 5279 3141 5350; x_wconf 92' lang='lat' dir='ltr'><strong>Optime</strong></span> <span class='ocrx_word' id='word_1_900' title='bbox 3185 5294 3316 5350; x_wconf 83' lang='lat' dir='ltr'><strong>vero</strong></span> <span class='ocrx_word' id='word_1_901' title='bbox 3343 5272 3504 5350; x_wconf 68' lang='lat' dir='ltr'><strong>codex</strong></span> <span class='ocrx_word' id='word_1_902' title='bbox 3546 5272 3731 5350; x_wconf 53' lang='lat' dir='ltr'><strong>Regiv-tv</strong></span> 
     </span>
    </p>
   </div>
   <div class='ocr_carea' id='block_1_117' title="bbox 2213 5339 3729 5422">
    <p class='ocr_par' dir='ltr' id='par_1_117' title="bbox 2213 5339 3729 5422">
     <span class='ocr_line' id='line_1_117' title="bbox 2213 5339 3729 5422; baseline -0.007 -16"><span class='ocrx_word' id='word_1_903' title='bbox 2213 5368 2372 5422; x_wconf 91' lang='lat' dir='ltr'><strong>quem</strong></span> <span class='ocrx_word' id='word_1_904' title='bbox 2395 5354 2475 5408; x_wconf 89' lang='lat' dir='ltr'><strong>sic</strong></span> <span class='ocrx_word' id='word_1_905' title='bbox 2504 5362 2651 5422; x_wconf 88' lang='lat' dir='ltr'><strong>recte</strong></span> <span class='ocrx_word' id='word_1_906' title='bbox 2671 5339 3064 5422; x_wconf 67' lang='lat' dir='ltr'><strong>interpretatus</strong></span> <span class='ocrx_word' id='word_1_907' title='bbox 3090 5358 3174 5422; x_wconf 84' lang='lat' dir='ltr'><strong>est</strong></span> <span class='ocrx_word' id='word_1_908' title='bbox 3197 5349 3512 5422; x_wconf 84' lang='lat' dir='ltr'><strong>Perion_ius:_</strong></span> <span class='ocrx_word' id='word_1_909' title='bbox 3525 5363 3542 5395; x_wconf 78' lang='grc' dir='ltr'><strong>ι</strong></span> <span class='ocrx_word' id='word_1_910' title='bbox 3573 5339 3729 5395; x_wconf 83' lang='lat' dir='ltr'><strong>Utrum</strong></span> 
     </span>
    </p>
   </div>
   <div class='ocr_carea' id='block_1_118' title="bbox 2211 5416 3730 5488">
    <p class='ocr_par' dir='ltr' id='par_1_118' title="bbox 2211 5416 3730 5488">
     <span class='ocr_line' id='line_1_118' title="bbox 2211 5416 3730 5488; baseline -0.005 -12"><span class='ocrx_word' id='word_1_911' title='bbox 2211 5416 2358 5477; x_wconf 82' lang='lat' dir='ltr'><strong>éuim</strong></span> <span class='ocrx_word' id='word_1_912' title='bbox 2386 5431 2468 5478; x_wconf 89' lang='lat' dir='ltr'><strong>est</strong></span> <span class='ocrx_word' id='word_1_913' title='bbox 2498 5421 2615 5478; x_wconf 65' lang='lat' dir='ltr'><strong>haec</strong></span> <span class='ocrx_word' id='word_1_914' title='bbox 2637 5416 2973 5480; x_wconf 78' lang='lat' dir='ltr'><strong>consuetudo</strong></span> <span class='ocrx_word' id='word_1_915' title='bbox 3006 5416 3582 5488; x_wconf 36' lang='lat' dir='ltr'><strong>scriptorumqaegebat</strong></span> <span class='ocrx_word' id='word_1_916' title='bbox 3615 5423 3730 5480; x_wconf 77' lang='grc' dir='ltr'>γραο</span> 
     </span>
    </p>
   </div>
   <div class='ocr_carea' id='block_1_119' title="bbox 2211 5481 3730 5563">
    <p class='ocr_par' dir='ltr' id='par_1_119' title="bbox 2211 5481 3730 5563">
     <span class='ocr_line' id='line_1_119' title="bbox 2211 5481 3730 5563; baseline -0.011 -16"><span class='ocrx_word' id='word_1_917' title='bbox 2211 5492 2474 5563; x_wconf 74' lang='grc' dir='ltr'>φέων),ει</span> <span class='ocrx_word' id='word_1_918' title='bbox 2494 5507 2597 5562; x_wconf 90' lang='lat' dir='ltr'><strong>qua</strong></span> <span class='ocrx_word' id='word_1_919' title='bbox 2629 5508 2733 5550; x_wconf 91' lang='lat' dir='ltr'><strong>non</strong></span> <span class='ocrx_word' id='word_1_920' title='bbox 2765 5493 2980 5563; x_wconf 82' lang='lat' dir='ltr'><strong>videtur</strong></span> <span class='ocrx_word' id='word_1_921' title='bbox 3006 5481 3175 5563; x_wconf 60' lang='lat' dir='ltr'><strong>recte,</strong></span> <span class='ocrx_word' id='word_1_922' title='bbox 3205 5481 3461 5563; x_wconf 27' lang='lat' dir='ltr'><strong>quod‘ad&#39;</strong></span> <span class='ocrx_word' id='word_1_923' title='bbox 3485 5481 3730 5563; x_wconf 47' lang='lat' dir='ltr'><strong>nudtomltlu</strong></span> 
     </span>
    </p>
   </div>
   <div class='ocr_carea' id='block_1_120' title="bbox 2213 5544 3734 5634">
    <p class='ocr_par' dir='ltr' id='par_1_120' title="bbox 2213 5544 3734 5634">
     <span class='ocr_line' id='line_1_120' title="bbox 2213 5544 3734 5634; baseline 0.005 -19"><span class='ocrx_word' id='word_1_924' title='bbox 2213 5544 2692 5634; x_wconf 57' lang='lat' dir='ltr'><strong>.&#39;..are&#39;.;{&#39;aruae1,&#39;</strong></span> <span class='ocrx_word' id='word_1_925' title='bbox 2703 5544 2973 5634; x_wconf 58' lang='lat' dir='ltr'><strong>praeponi</strong></span> <span class='ocrx_word' id='word_1_926' title='bbox 3003 5559 3134 5634; x_wconf 76' lang='lat' dir='ltr'><strong>illud</strong></span> <span class='ocrx_word' id='word_1_927' title='bbox 3157 5544 3308 5628; x_wconf 47' lang='lat' dir='ltr'><strong>eam</strong></span> <span class='ocrx_word' id='word_1_928' title='bbox 3333 5572 3355 5634; x_wconf 86' lang='lat'><strong>_:</strong></span> <span class='ocrx_word' id='word_1_929' title='bbox 3382 5572 3448 5611; x_wconf 82' lang='lat' dir='ltr'><strong>an</strong></span> <span class='ocrx_word' id='word_1_930' title='bbox 3478 5551 3628 5634; x_wconf 56' lang='grc' dir='ltr'>εωρίι</span> <span class='ocrx_word' id='word_1_931' title='bbox 3645 5544 3734 5634; x_wconf 57' lang='lat' dir='ltr'><strong>fl}?</strong></span> 
     </span>
    </p>
   </div>
   <div class='ocr_carea' id='block_1_121' title="bbox 2211 5629 3838 5702">
    <p class='ocr_par' dir='ltr' id='par_1_121' title="bbox 2211 5629 3838 5702">
     <span class='ocr_line' id='line_1_121' title="bbox 2211 5629 3838 5702; baseline -0.014 -16"><span class='ocrx_word' id='word_1_932' title='bbox 2211 5634 2427 5702; x_wconf 91' lang='lat' dir='ltr'><strong>quidem</strong></span> <span class='ocrx_word' id='word_1_933' title='bbox 2460 5643 2573 5688; x_wconf 90' lang='lat' dir='ltr'><strong>tum</strong></span> <span class='ocrx_word' id='word_1_934' title='bbox 2597 5629 2815 5688; x_wconf 78' lang='lat' dir='ltr'><strong>abluere</strong></span> <span class='ocrx_word' id='word_1_935' title='bbox 2835 5629 3429 5702; x_wconf 39' lang='lat' dir='ltr'><strong>fdiscipulorumpedes,</strong></span> <span class='ocrx_word' id='word_1_936' title='bbox 3455 5637 3554 5682; x_wconf 86' lang='lat' dir='ltr'><strong>non</strong></span> <span class='ocrx_word' id='word_1_937' title='bbox 3581 5629 3729 5675; x_wconf 77' lang='lat' dir='ltr'><strong>tamen</strong></span> <span class='ocrx_word' id='word_1_938' title='bbox 3833 5629 3838 5666; x_wconf 70' lang='grc' dir='ltr'><strong>ξ</strong></span> 
     </span>
    </p>
   </div>
   <div class='ocr_carea' id='block_1_122' title="bbox 2213 5700 3254 5774">
    <p class='ocr_par' dir='ltr' id='par_1_122' title="bbox 2213 5700 3254 5774">
     <span class='ocr_line' id='line_1_122' title="bbox 2213 5700 3254 5774; baseline -0.002 -17"><span class='ocrx_word' id='word_1_939' title='bbox 2213 5700 2327 5760; x_wconf 79' lang='lat' dir='ltr'><strong>tum</strong></span> <span class='ocrx_word' id='word_1_940' title='bbox 2346 5717 2539 5762; x_wconf 86' lang='lat' dir='ltr'><strong>eorum</strong></span> <span class='ocrx_word' id='word_1_941' title='bbox 2571 5703 2736 5774; x_wconf 87' lang='lat' dir='ltr'><strong>pedes</strong></span> <span class='ocrx_word' id='word_1_942' title='bbox 2765 5700 2994 5760; x_wconf 82' lang='lat' dir='ltr'><strong>abluere</strong></span> <span class='ocrx_word' id='word_1_943' title='bbox 3007 5700 3254 5760; x_wconf 66' lang='lat' dir='ltr'><strong>destitit!</strong></span> 
     </span>
    </p>
   </div>
  </div>
