3924 6196
179 312 302 367 753

1189 310 1545 367 COMMENT.
1589 311 1656 366 IN
1693 310 1886 368 JOAN.
1925 309 2164 368 TOMUS
2204 307 2416 363 XXXII.

3342 304 3445 359 τω

175 423 456 496 λουμένος
474 425 575 480 οὑκ
599 425 712 497 ἔχει
741 424 928 498 χρείαν
955 425 1004 479 εί
1037 422 1113 496 μὴ
1149 427 1276 488 τοὺς
1300 426 1466 489 πόδας
1495 425 1749 495 νίψασθαι

1880 425 1974 480 sed
1998 433 2083 480 est
2108 423 2338 479 mundus
2368 429 2552 477 totus:
2585 423 2639 474 et
2663 431 2758 472 vos
2787 413 2968 471 mundi
3009 413 3160 479 estis,
3201 415 3293 470 sed
3337 431 3444 470 non

174 518 308 571 ἀλλ’
353 517 469 571 ἔστι
517 518 754 590 καθαρὸς
797 518 949 581 ὂλοςο
994 519 1086 572 καὶ
1132 518 1288 589 ὑμεῖς
1335 517 1562 589 καθαροί
1613 519 1771 585 ἐστε,

173 608 306 662 ἀλλ’
376 611 499 681 οὐχὶ
571 611 803 675 πάντες⁹
887 610 1003 681 ᾔδει
1085 611 1192 682 γὰρ
1264 611 1355 664 τὸν
1415 610 1774 682 παραδιδόντα

172 700 388 755 αὐτόν’
456 701 545 755 διά
611 701 769 755 τοῦτο
827 697 1013 754 εἶπεν·
1088 701 1224 772 υὺχὶ
1281 702 1482 765 πάντες
1545 701 1773 772 καθαροί

173 791 369 844 ἐστε.»
398 792 529 856 Τοῖς
552 792 649 845 νῦν
678 792 782 844 ὑπὸ
800 791 900 845 ’τοῦ
930 792 1140 864 Πέτρου
1172 792 1484 863 λεγομένοις
1508 793 1565 844 ἐν
1593 793 1773 864 καιρῷ

173 881 510 953 χρησόμεθα
554 882 995 954 παραδείγματος
1033 883 1242 948 ἕνεκεν,
1273 883 1328 935 εί
1371 901 1472 936 που
1528 881 1655 945 δέοι,
1689 885 1772 937 ὅτι

173 971 306 1025 ἔστι
351 971 574 1027 δυνατόν
617 991 737 1027 τινα
780 973 920 1028 κατά
966 975 1222 1047 πρόθεσιν
1267 975 1547 1048 βελτίστην
1594 977 1772 1046 λέγειν

171 1061 274 1116 διὰ
307 1064 371 1117 τὸ
395 1065 764 1136 ἀνεπιστῆμον
795 1067 857 1119 τὸ
890 1065 1153 1138 μηδαμῶς
1181 1067 1360 1139 ἑαυτῷ
1393 1071 1768 1140 συμφέροντα·

174 1156 233 1207 εί
271 1155 384 1225 γάρ
436 1157 712 1228 συμφέρον
749 1158 847 1228 μὲν
875 1154 944 1230 ἦν
980 1160 1115 1232 πρὸς
1151 1161 1213 1214 τὸ
1246 1159 1390 1230 ἔχειν
1430 1161 1593 1232 μέρος
1634 1161 1771 1232 μετὰ

175 1246 282 1300 τοῦ
320 1247 499 1317 Ἰησοῦ
527 1248 590 1302 τὸ
619 1249 877 1318 νίψασθαι
917 1253 1042 1316 τοὺς
1091 1253 1259 1317 πόδας
1303 1254 1394 1307 ὑπ’
1432 1253 1633 1320 αὑτοῦ,
1668 1255 1772 1308 Πέ-

173 1355 322 1409 τρος
365 1339 421 1393 δὲ
474 1341 548 1412 μὴ
601 1342 992 1414 ἐπιστάμενος,
1043 1345 1127 1398 ὅτι
1182 1346 1465 1418 συμφέρον
1492 1345 1649 1400 τοῦτο
1679 1343 1768 1419 ἦν,

172 1429 454 1501 πρότερον
497 1430 593 1500 μὲν
631 1427 802 1498 εἶπεν,
833 1434 994 1487 οἱονεὶ
1036 1435 1326 1506 ὲπαπορῶν
1354 1436 1769 1507 δυσωπητικῶς,

170 1518 276 1582 τὸ,
318 1539 338 1570 ι
363 1519 553 1592 Κύριε,
582 1521 644 1574 σύ
691 1540 792 1594 μου
834 1524 1042 1588 νίπτεις
1072 1527 1198 1589 τοὺς
1237 1526 1432 1592 πόδας;
1457 1546 1474 1577 ι
1519 1526 1769 1598 δεύτερον

168 1612 240 1664 δὲ
264 1614 352 1679 τὸ,
380 1633 398 1664 ι
424 1615 497 1668 Οὑ
525 1615 598 1688 μὴ
622 1617 782 1690 νίψῃς
812 1635 913 1689 μου
939 1621 1065 1683 τοὺς
1096 1621 1264 1684 πόδας
1292 1621 1371 1684 είς
1405 1621 1494 1674 τὸν
1519 1621 1688 1676 αἰῶνα
1705 1663 1720 1688 ,
1744 1642 1762 1674 ι

167 1704 277 1756 καὶ
321 1705 390 1758 τὰ
429 1704 698 1776 λεγόμενα
737 1709 1014 1762 κωλυτικά
1060 1706 1128 1781 ἦν
1165 1711 1324 1783 ἔργου
1375 1711 1469 1766 τοῦ
1514 1713 1768 1783 φέροντος

1875 531 2096 572 omnes:
2119 514 2330 570 sciebat
2357 512 2525 576 enim,
2545 508 2794 579 quisnam
2819 514 2960 561 esset
2984 506 3228 576 proditor
3255 506 3444 575 ipsius:

1873 615 2163 678 propterea
2219 603 2395 660 dixit:
2428 602 2540 656 Non
2601 600 2733 654 estis
2797 596 2982 651 mundi
3039 612 3248 652 omnes.
3283 615 3307 650 ι
3352 595 3449 651 llis

1873 711 1993 767 quite
2029 711 2173 752 nunc
2211 710 2240 750 a
2284 694 2443 750 Petro
2487 701 2614 747 sunt
2662 692 2828 756 dicta,
2879 698 3185 759 opportune
3233 698 3448 743 utemur

1873 789 2104 859 exempli
2128 802 2312 852 causa,
2347 785 2523 842 sicubi
2563 798 2698 852 Oplls
2737 781 2926 848 fuerit,
2965 791 3253 852 pr0pterea
3302 784 3445 852 quod

1872 880 2032 937 facile
2072 880 2213 935 factu
2255 879 2346 943 sit,
2393 885 2452 931 ut
2500 875 2699 947 aliquis
2741 884 2964 947 propter
3026 875 3447 942 imprudentiam

1871 970 2076 1040 Optimo
2099 968 2382 1038 proposito
2408 967 2553 1022 dicat
2580 980 2700 1036 quae
2723 965 2824 1020 sibi
2858 963 3084 1019 minime
3131 958 3242 1019 sint
3271 964 3446 1020 utilia.

1871 1061 2006 1116 Nam
2040 1063 2085 1118 si
2118 1061 2278 1117 Petro
2308 1061 2441 1116 utile
2479 1069 2598 1114 erat
2629 1059 2696 1112 ad
2725 1057 3030 1113 habendam
3077 1067 3284 1128 partem
3323 1073 3445 1114 cum

1871 1150 2017 1218 Jesu,
2061 1160 2121 1207 ut
2165 1152 2247 1208 sui
2282 1153 2451 1224 pedes
2483 1151 2797 1206 lavarentur
2830 1150 2898 1205 ab
2944 1153 3095 1220 ipso,
3149 1159 3203 1206 et
3255 1151 3448 1207 Petrus

1873 1243 2127 1297 nesciens
2163 1242 2295 1298 utile
2323 1243 2427 1298 hoc
2454 1256 2603 1310 esse,
2653 1242 2807 1312 prius
2841 1242 3059 1311 quidem
3093 1241 3243 1309 illud,
3279 1243 3448 1298 veluti

1871 1333 2214 1400 addubitans,
2273 1334 2412 1388 dixit
2445 1335 2753 1389 verecunde
2785 1376 2800 1400 ,
2839 1354 2858 1387 ι
2899 1334 3156 1400 Domine,
3207 1345 3260 1388 tu
3313 1335 3447 1389 mihi

1871 1423 2018 1479 lavas
2044 1425 2247 1495 pedes?
2281 1444 2300 1478 ι
2335 1440 2397 1480 ac
2425 1425 2601 1480 denuo
2635 1442 2648 1478 :
2685 1443 2704 1478 ι
2746 1425 2864 1480 Non
2898 1425 3101 1480 lavabis
3128 1425 3257 1479 mibi
3285 1425 3448 1496 pedes

1871 1517 1923 1571 in
1957 1526 2244 1584 aeternum,
2286 1537 2304 1569 ι
2335 1528 2388 1572 et
2413 1518 2580 1590 412
2613 1534 2732 1588 quae
2755 1517 2950 1573 Petrus
2987 1519 3224 1584 dicebat,
3262 1519 3447 1588 prohi-

1869 1609 2068 1663 bebant
2094 1624 2229 1679 Opus
2259 1611 2402 1678 quod
2439 1624 2501 1664 co
2525 1625 2645 1664 eum
2671 1611 2952 1677 evelleret,
2977 1620 3034 1663 ut
3067 1611 3293 1665 haberet
3320 1626 3448 1680 par-

1873 1711 1978 1756 tem
2019 1715 2144 1756 cum
2196 1699 2512 1764 Servatore,
2546 1700 2889 1769 perspicuum
2919 1711 3023 1768 est,
3061 1702 3278 1756 etiamsi
3309 1717 3445 1758 sano

167 1794 346 1848 αὑτὸν
368 1796 463 1850 ἐπὶ
485 1772 547 1850 τὸ
563 1772 715 1868 *ἔχειν
748 1801 884 1870 μετά
911 1801 1002 1855 τοῦ
1027 1772 1274 1874 Σωτῆρος
1292 1805 1351 1858 τὸ
1377 1772 1560 1876 μέρος,
1581 1772 1755 1876 δῆλον,

1865 1793 2162 1862 proposito,
2186 1793 2560 1846 etvenerando
2585 1793 2653 1846 ad
2678 1793 3069 1862 Praeceptorem
3091 1793 3194 1848 hoc
3223 1793 3444 1861 dixerit,

166 1887 284 1947 ὅτι,
329 1890 376 1940 εί
421 1889 515 1942 καὶ
555 1889 698 1957 ὑγιεῖ
731 1891 986 1962 προθέσει
1023 1897 1118 1948 καὶ
1159 1895 1437 1966 σεϐασμίῳ
1490 1896 1626 1967 πρὸς
1669 1897 1759 1950 τὸν

169 1978 518 2034 Διδάσκαλον
553 1980 711 2035 τοῦτο
752 1983 954 2053 ἔλεγεν,
1005 1985 1310 2049 ὲπιϐλαϐῶς
1350 1988 1530 2059 έδαυτῷ
1583 1989 1755 2058 ἔλεγε.

166 2062 355 2116 Τοῦτο
393 2066 450 2119 δὲ
489 2069 731 2123 τοιούτου
779 2073 951 2136 εἴδους
988 2073 1096 2127 τῶν
1126 2075 1541 2147 ἁμαρτημάτων
1578 2079 1606 2129 ὁ
1648 2079 1762 2149 βίος

167 2155 539 2230 πεπλήρωται
570 2161 678 2214 τῶν
710 2164 766 2216 ὲν
794 2163 870 2234 τῷ
899 2167 1196 2230 πιστεύειν,
1226 2169 1631 2240 προτιθεμένων
1661 2170 1760 2240 μὲν

160 2246 245 2301 τὰ
295 2249 608 2320 κρείττονα,
654 2253 742 2308 διὰ
780 2255 836 2308 δὲ
880 2257 1104 2325 ἄγνοιαν
1141 2258 1209 2312 τὰ
1262 2262 1354 2314 ἐπὶ
1409 2261 1469 2314 τὸ
1521 2264 1760 2317 ἐναντίον

169 2335 420 2406 φέροντα
461 2338 745 2408 λεγόντων,
778 2345 811 2415 ἢ
842 2346 934 2398 καὶ
975 2348 1345 2418 πραττόντων.
1390 2352 1501 2404 Καὶ
1529 2351 1760 2406 τοιοῦτοί

164 2427 246 2516 γέ
286 2431 424 2483 εἰσιν
454 2432 504 2484 οἱ
546 2433 627 2497 τὸ,
677 2453 695 2485 ι
723 2435 814 2507 Μὴ
853 2437 994 2508 ἅψῃ,
1035 2440 1110 2510 μὴ
1161 2440 1354 2512 γεύσῃ,
1409 2444 1482 2516 μὴ
1530 2443 1705 2516 θίγῃς,
1735 2466 1754 2498 ι

167 2514 507 2586 φάσκοντες,
544 2540 562 2572 ι
590 2525 718 2596 περὶ
752 2525 968 2581 πάντων
997 2527 1103 2582 τῶν
1136 2531 1216 2593 εἰς
1253 2514 1480 2603 φθορὰν,
1507 2535 1600 2586 καὶ
1626 2514 1760 2588 ἀπό-

164 2622 376 2676 χρησιν
399 2629 417 2660 ι
451 2611 558 2666 τῶν
599 2613 920 2686 ἀνθρώπων,
955 2618 1097 2671 κατά
1134 2635 1256 2673 τινα
1297 2620 1431 2675 πολὺ
1472 2622 1572 2693 τῆς
1602 2623 1753 2689 θείας

162 2697 582 2770 ὑποϐεϐηκυῖαν
622 2706 730 2759 τῶν
775 2706 849 2771 ὡς
890 2708 1174 2782 ἄνθρωπος
1221 2713 1463 2786 ἀποθάνῃ
1509 2715 1760 2770 διδασκα-

163 2786 292 2842 λίαν
323 2791 454 2862 (98).
489 2793 554 2846 Τί
589 2795 646 2848 δὲ
681 2797 762 2850 δεῖ
797 2799 922 2871 περ)⁴
962 2801 1071 2854 τῶν
1113 2805 1170 2857 ὲν
1209 2808 1325 2868 ταῖς
1353 2806 1596 2877 αἱρέσεσι
1628 2807 1758 2862 κλυ-

161 2879 548 2953 δωνιζομένων
596 2886 692 2941 καὶ
735 2894 1182 2964 περιφερομένων
1234 2899 1396 2951 παντὶ
1443 2899 1628 2971 ἀνέμῳ
1665 2902 1758 2956 ἐπὶ

167 2973 275 3042 τὴν
303 2975 527 3030 κυϐείαν
551 2979 661 3033 τῶν
689 2981 992 3053 ἀνθρώπων
1014 2983 1217 3054 λέγειν,
1235 2987 1626 3046 διαλαλούντων
1647 2993 1754 3063 (99)

1863 1894 2128 1941 nocenter
2160 1883 2260 1939 sibi
2294 1883 2518 1938 dixisse.
2537 1882 2723 1952 Itaque
2753 1884 2854 1939 hac
2884 1885 3069 1954 specie
3095 1894 3443 1955 peccatorum

1862 1975 1970 2031 vita
2007 1989 2199 2030 eorum
2231 1974 2440 2044 repleta
2473 1983 2578 2040 est,
2615 1976 2705 2044 qui
2741 1977 2870 2030 dum
2896 1977 2962 2029 ad
2991 1976 3150 2030 ﬁdem
3186 1977 3442 2045 veniunt,

1863 2081 1952 2121 res
2005 2065 2227 2135 quidem
2285 2075 2595 2134 proponunt
2646 2066 2750 2120 sibi
2801 2075 3170 2136 przestantes:
3220 2077 3444 2137 promer

1861 2159 2223 2230 ignorantiam
2265 2166 2476 2224 tamen,
2517 2174 2640 2229 qua:
2675 2159 2729 2213 in
2767 2161 3110 2216 contrarium
3135 2161 3442 2216 ducuntdi-

1863 2265 2013 2322 cunt,
2041 2256 2126 2309 vel
2153 2256 2320 2310 etiam
2357 2256 2588 2311 faciunt.
2623 2254 2801 2324 Atque
2850 2257 3157 2322 bujusmodi
3196 2255 3444 2326 profecto

1861 2359 1989 2402 sunt
2017 2348 2109 2417 qui
2137 2347 2332 2402 dicunt
2366 2363 2380 2401 :
2431 2366 2449 2400 ι
2480 2346 2556 2402 Ne
2590 2347 2860 2418 tetigeris,
2905 2361 3082 2419 neque
3120 2348 3444 2419 gustaveris,

1864 2453 2043 2508 neque
2070 2437 2528 2502 contreetaveris,
2566 2438 2633 2493 de
2660 2438 2913 2493 omnibus
2935 2454 3056 2508 qum
3081 2447 3209 2494 sunt
3237 2439 3288 2493 in
3321 2453 3448 2494 cor-

1865 2530 2171 2597 ruptionem
2213 2537 2270 2585 et
2311 2529 2539 2584 abusum
2576 2545 2599 2582 ι
2637 2528 3012 2597 hominum“,
3055 2531 3210 2602 juxta
3251 2547 3442 2602 quam-

1863 2619 1987 2674 dam
2025 2619 2205 2676 divina
2252 2619 2411 2692 longe
2447 2619 2759 2676 inferiorem
2801 2623 3107 2678 doctrinam
3135 2637 3324 2680 earum
3353 2641 3440 2681 re-

1861 2727 2004 2780 rum,
2052 2726 2148 2781 per
2193 2727 2328 2782 quas
2371 2713 2534 2770 homo
2578 2717 2732 2787 quasi
2778 2717 3036 2775 moritur.
3081 2718 3220 2786 Quid
3256 2731 3442 2778 autem

1860 2803 2041 2858 dicere
2068 2813 2281 2875 oportet
2312 2807 2395 2862 de
2427 2807 2512 2863 bis
2559 2805 2651 2876 qui
2705 2807 2756 2861 in
2794 2807 3098 2865 baeresibus
3149 2811 3437 2879 ﬂuctuant.

1859 2895 2061 2966 quique
2089 2897 2238 2952 omni
2264 2909 2428 2954 vento
2452 2899 2910 2960 circumferuntur
2935 2903 2981 2934 ⁷³
3005 2918 3100 2974 per
3133 2905 3440 2960 versutiam

1861 2986 2142 3042 hominum
2187 2988 2584 3060 divulgandum
2617 2991 2877 3048 salutaria
2924 3009 3043 3050 esse
3086 3011 3206 3064 qua:
3253 2997 3437 3064 perui-

169 3069 417 3161 σωτήρια
441 3071 508 3124 τά
545 3071 786 3145 ὀλέθρια,
813 3078 906 3130 καὶ
933 3081 1008 3142 ὡς
1037 3079 1130 3132 ἐπὶ
1160 3082 1419 3154 σεϐασμῷ
1450 3085 1543 3138 τοῦ
1579 3086 1752 3158 Ἰησοῦ

1860 3075 1994 3130 ciem
2021 3075 2277 3144 aﬂ‘erunt,
2303 3095 2364 3134 ac
2397 3087 2653 3152 tanquam
2678 3083 3018 3157 in,houorem
3052 3083 3175 3140 Jesu
3211 3085 3344 3141 falsa
3367 3087 3436 3143 de

167 3155 244 3208 τὰ
289 3158 458 3230 ψεύδη
500 3165 628 3234 περι
663 3166 827 3219 αὑτοῦ
868 3168 1236 3234 δοξαζόντων;
1283 3175 1550 3240 Πολλάκις
1578 3155 1758 3233 δετδν

169 3247 381 3342 Πέτρον
434 3254 734 3329 τοιοῦτονὴ
769 3259 958 3332 Γραφὴ
1008 3265 1388 3334 ἐσημειώσατο
1429 3268 1755 3342 θερμότερον

167 3342 256 3404 είς
303 3341 366 3394 τὸ
423 3345 850 3415 ἐπαγγέλλεσθαι
897 3351 967 3405 τά
1018 3354 1317 3425 φαινόμενα
1375 3357 1524 3429 αὑτῷ
1571 3341 1755 3430 κρείτ-

168 3445 353 3522 τονας
383 3433 629 3510 καθάπερ
678 3439 772 3492 καὶ
831 3442 890 3496 ὲν
929 3443 1008 3513 τῷ
1052 3444 1421 3512 ἀνεξετάστως
1478 3451 1754 3522 εἰρημένῳ

173 3520 270 3573 καὶ
297 3520 632 3595 ἀθετητικῶς
662 3528 761 3598 τῆς
803 3531 976 3602 Ἰησοῦ
1010 3535 1139 3605 περὶ
1179 3535 1288 3590 τῶν
1325 3520 1754 3612 μαθητῶν-ίπροξ

172 3613 402 3705 φητείας
432 3617 708 3682 εἰπόντος,
743 3639 761 3671 ι
792 3621 1000 3686 Πάντες
1033 3624 1188 3695 ὑμεῖς
1223 3629 1751 3705 σκανδαλισθήσεσθε

173 3700 232 3752 ὲν
269 3702 394 3800 έμοὶ
435 3706 496 3759 ἐν
525 3709 590 3778 τῇ
627 3709 782 3762 νυκτὶ
820 3711 1029 3785 ταύτῃ,
1068 3732 1086 3766 ι
1124 3715 1218 3768 καὶ
1249 3716 1344 3787 τὴν
1385 3700 1750 3800 αἰτίαν-παρ-

175 3794 420 3860 ιστάντος
468 3798 543 3869 (1)
589 3801 648 3854 ὲν
711 3802 822 3873 τῷ·
879 3823 896 3856 ι
940 3805 1253 3877 Γέγραπται
1306 3811 1415 3883 γάρ
1451 3830 1465 3843 ·
1519 3794 1750 3882 Πατάξω

172 3885 264 3939 τὸν
297 3889 547 3959 ποιμένα,
574 3892 668 3944 καὶ
691 3892 1246 3968 διασκορπισθήσεται
1267 3901 1335 3954 τὰ
1373 3904 1622 3974 πρόϐατα
1650 3909 1749 3980 τῆς

175 3979 435 4049 ποίμνης·
463 4000 482 4032 ι
518 3983 887 4048 ἀνεξετάστως
912 3987 1020 4060 γὰρ
1053 3990 1191 4061 πρὸς
1217 3991 1394 4060 τοῦτο,
1437 3996 1532 4049 καὶ
1559 3979 1748 4070 ἀθετη-

171 4069 335 4134 τικῶς
361 4071 457 4142 τῆς
497 4074 668 4145 Ἰησοῦ
697 4076 1024 4147 ἀποφάσεως
1053 4076 1172 4134 εἷπε
1206 4084 1298 4137 τό·
1336 4104 1353 4139 ι
1387 4089 1449 4141 Εἰ
1484 4090 1578 4142 καὶ
1611 4069 1748 4146 πάν-

173 4177 261 4226 τες
296 4164 843 4238 σκανδαλισθήσονται
883 4171 941 4224 ὲν
976 4173 1058 4226 σοὶ
1091 4173 1190 4244 (‘2),
1221 4176 1330 4245 εγὼ
1357 4180 1416 4233 οὑ
1463 4183 1746 4237 σκανδαλι-

176 4253 468 4326 σθήσομαι·
499 4275 518 4308 ι
555 4258 650 4312 καὶ
680 4259 859 4323 τοῦτο,
902 4261 983 4315 ἔτι
1014 4264 1132 4318 τότε
1174 4271 1442 4339 προπετὲς
1482 4271 1541 4325 ὃν
1579 4275 1638 4329 ὲν
1672 4279 1739 4348 τῇ

173 4344 310 4416 ψυχῇ
357 4348 542 4412 αὑτοῦ,
589 4352 758 4406 αῐτιον
804 4353 837 4424 ἢ
874 4355 968 4407 καὶ
1017 4356 1210 4425 γέγονε
1241 4360 1336 4414 τοῦ
1368 4362 1512 4435 ὑπὲρ
1540 4365 1602 4418 τὸ
1647 4344 1742 4437 μέξ

1859 3168 1976 3240 ipso
2004 3173 2387 3242 opinantium?
2408 3173 2628 3230 Petrum
2660 3179 2846 3248 itaque
2867 3194 3248 3250 saepenumero
3281 3181 3432 3238 Scri-

1853 3269 2012 3330 ptura
2045 3261 2203 3317 talem
2234 3264 2440 3319 notavit
2469 3263 2866 3324 ferventiorem
2907 3272 2974 3324 ad
3005 3273 3439 3340 promittendum,

1853 3366 1972 3419 quae
1997 3352 2098 3407 sibi
2128 3353 2454 3412 videbantur
2489 3357 2715 3414 meliora
2741 3377 2754 3426 ;
2779 3364 3236 3430 quemadmodum
3263 3364 3428 3420 etiam

1854 3441 1906 3497 iu
1937 3458 2002 3498 eo
2033 3445 2175 3514 quod
2208 3446 2347 3501 dixit
2367 3449 2576 3519 absque
2607 3451 2712 3504 ulla
2740 3453 3151 3510 examinatione
3171 3471 3236 3510 ac
3260 3454 3437 3512 veluti

1851 3550 2116 3604 spernens
2145 3543 2488 3612 prophetiam
2517 3542 2644 3598 Jesu
2698 3543 2764 3598 de
2812 3543 3096 3614 discipulis
3157 3547 3422 3614 dicentis,

1857 3646 1875 3680 ι
1909 3625 2112 3685 Omnes
2139 3647 2238 3686 vos
2260 3633 2614 3688 ull'endemini
2643 3648 2761 3687 mea
2783 3649 2952 3690 causa
2990 3646 3147 3692 nocte
3177 3639 3278 3693 hac
3303 3639 3369 3703 ⁷³,
3401 3657 3422 3692 ι

1851 3727 1906 3773 et
1942 3735 2162 3776 causam
2196 3723 2534 3777 ostendentis
2572 3724 2624 3778 in
2661 3738 2728 3779 eo
2767 3726 2909 3794 quod
2941 3729 3060 3782 ait:
3095 3747 3114 3781 ι
3152 3727 3425 3798 Scriptum

1850 3819 1938 3866 est
1987 3811 2177 3865 enim:
2218 3811 2529 3867 Percutiam
2583 3824 2884 3883 pastorem,
2938 3827 2993 3874 et
3048 3821 3426 3889 dispergenth

1848 3915 1978 3957 oves
2009 3901 2275 3973 gregis";
2308 3921 2331 3957 ι
2371 3904 2574 3974 absque
2597 3905 2701 3959 ulla
2733 3907 2874 3962 enim
2905 3910 3328 3975 examinatione,
3371 3922 3426 3967 et

1849 3995 2004 4064 quasi
2035 4009 2298 4065 spernens
2343 3997 2780 4052 enuntiationem
2809 3998 2960 4064 .lesu,
2991 4002 3130 4057 dixit
3169 4003 3234 4058 ad
3267 4003 3369 4059 hoc
3402 4019 3415 4053 :

1851 4104 1870 4138 ι
1912 4086 2133 4141 Etiamsi
2169 4102 2360 4142 omnes
2390 4087 2739 4146 oﬂendantur
2773 4103 2860 4146 tua
2887 4108 3075 4159 causa,
3106 4111 3206 4164 ego
3238 4106 3418 4152 tamen

1845 4193 2120 4247 nunquam
2151 4177 2496 4247 offendar",
2528 4200 2547 4234 ι
2577 4183 2626 4237 id
2650 4184 2792 4252 quod
2823 4193 2934 4240 tum
2971 4189 3229 4256 temporis
3251 4202 3423 4245 teme-

1844 4271 2050 4324 rarium
2080 4270 2352 4327 exsistens
2393 4273 2446 4328 in
2480 4275 2664 4330 animo
2708 4277 2904 4347 ipsius,
2947 4279 3110 4333 etiam
3155 4280 3209 4332 iu
3251 4295 3418 4335 causa

1843 4357 1942 4415 fuit
1997 4369 2056 4416 ut
2095 4364 2497 4434 graviore'prae
2530 4371 2743 4426 caeteris
2774 4371 2932 4440 lapsu
2963 4371 3204 4440 peccarit
3261 4371 3377 4441 ipse
3398 4408 3416 4436 ,

173 4451 296 4507 τρον
325 4437 526 4493 τούτων
556 4439 758 4496 λοιπῶν
800 4443 1198 4517 σκανδαλισμοῦ
1233 4450 1608 4523 ἡμαρτηκέναι
1640 4455 1736 4507 αύ-

1860 4449 2022 4508 lesum
2049 4464 2130 4509 ter
2155 4459 2400 4527 negando
2423 4467 2550 4514 ante
2571 4461 2694 4530 galli
2730 4437 2978 4518 cantum.
3017 4463 3168 4518 Hanc
3196 4437 3415 4518 obcan-

174 4523 281 4588 τὸν,
321 4527 694 4599 ἀρνησάμενον
735 4531 829 4585 τὸν
870 4533 1076 4605 Ἰησοῦν
1117 4536 1238 4608 τρὶς
1293 4541 1422 4610 πρὶν
1473 4543 1735 4616 ἀλεκτρο-

177 4617 401 4684 φωνίας·
436 4620 645 4694 διόπερ,
677 4623 978 4696 ἐπιστήσας
1009 4627 1234 4702 τοιαύτῃ
1271 4633 1513 4706 προτέρᾳ
1540 4636 1733 4690 ἑαυτοῦ

1807 4557 1810 4560 ’
1841 4558 1956 4599 sam
1994 4547 2152 4603 talem
2186 4551 2267 4604 sui
2305 4551 2475 4620 ipsius
2509 4554 2873 4611 temeritatem
2915 4555 3152 4625 priorem
3182 4554 3416 4626 diligen-

1844 4635 1953 4691 tius
2001 4653 2124 4692 cum
2165 4645 2552 4711 perspexisset,
2610 4647 2903 4701 iuaximum
2955 4662 3020 4702 ex
3077 4662 3140 4702 ea
3179 4646 3412 4703 fructum

177 4709 486 4813 προπετείᾳ,
525 4713 778 4813 ὠφεληθη
831 4717 908 4789 (5)
941 4718 1008 4773 τὰ
1059 4719 1322 4790 μέγιστα,
1372 4725 1448 4788 ὡς
1479 4727 1737 4794 γενέσθαι,

1860 4727 2103 4797 ιετοερὶι,
2149 4709 2308 4784 Μεθ’
2338 4741 2400 4786 ut
2447 4742 2640 4801 postea
2687 4733 2864 4792 factus
2909 4738 2982 4794 sit
3036 4738 3410 4813 fortissimus,

177 4797 563 4870 στιϐαριῦτατος
597 4803 690 4857 καὶ
737 4806 1247 4878 μακροθυμότατος·
1280 4810 1416 4882 ὅπερ
1454 4812 1728 4883 δηλοῦται,

1835 4825 1997 4887 atque
2043 4819 2113 4873 ad
2163 4821 2420 4892 quidquid
2459 4825 2754 4884 accidisset
2803 4832 3187 4900 aequanimiter
3229 4833 3410 4890 feren-

176 4889 374 4942 Παύλου
403 4890 500 4960 μὲν
528 4893 771 4959 εἰπόντος
813 4897 960 4968 αὐτῷ
996 4897 1305 4970 ἔμπροσθεν
1334 4899 1548 4954 πάντων
1567 4941 1581 4965 ,
1620 4923 1637 4950 σ
1669 4906 1732 4960 El

1860 4909 1958 4962 lum
2006 4910 2425 4981 paratissimus;
2481 4919 2625 4985 quod
2675 4921 2988 4977 declaratur
3037 4939 3103 4977 ex
3150 4939 3216 4979 eo
3265 4929 3411 4996 quod

178 4981 258 5042 σὺ,
293 4977 532 5046 Ἰουδαῖος
565 4985 844 5058 ὑπάρχων,
889 4989 1118 5054 ἐθνικῶς
1159 4993 1252 5044 καὶ
1286 4992 1384 5046 οὑκ
1429 4993 1734 5061 Ἰουδαϊκῶς

1860 5000 1998 5056 'aulo
2027 5000 2239 5057 dicente
2259 5002 2332 5056 illi
2357 5018 2545 5059 coram
2571 5010 2842 5080 omnibus,
2862 5012 2950 5068 «Si
2973 5023 3026 5068 tu
3043 4977 3408 5070 Judaeus1cum

175 5069 286 5178 ζΞς,
316 5072 431 5138 πῶς
467 5073 537 5127 τὰ
583 5075 708 5147 ἔθνη
750 5079 1078 5148 ἀναγκάζεις
1120 5083 1454 5150 Ἲουδαῖζειν;
1481 5103 1500 5137 ι
1539 5088 1632 5140 καὶ
1662 5087 1732 5141 τά

1860 5092 1928 5156 is,
1954 5094 2231 5163 gentiliter
2254 5099 2410 5170 vivis,
2430 5113 2483 5158 et
2508 5119 2614 5160 non
2641 5101 2890 5171 Judaice,
2921 5111 3406 5178 quomodo.gentes

177 5160 307 5232 ἑξῆς,
337 5163 432 5218 τοῦ
462 5165 519 5220 δὲ
553 5168 689 5239 μετά
719 5170 930 5234 στίϐους
971 5174 1363 5268 σιωπήσαντος,
1398 5177 1526 5249 περὶ
1566 5173 1626 5233 οὗ
1671 5179 1730 5234 ἐν

1862 5185 1978 5255 ogis
2014 5185 2325 5246 Judaeorum
2359 5207 2510 5250 more
2537 5195 2723 5252 vivere
2739 5195 2828 5250 "7
2868 5215 2888 5248 ι
2929 5207 2984 5254 et
3011 5213 3132 5268 qua:
3167 5212 3406 5263 εειιυιιη·

244 5282 617 5382 ςλξρριιᾷκηι,
645 5289 678 5343 6
713 5306 828 5360 seq.
914 5293 956 5324 ⁷⁸
991 5293 1168 5350 Colos.
1207 5310 1268 5362 ιι,
1291 5297 1382 5365 21,
1408 5297 1499 5354 22.
1574 5301 1620 5333 ⁷³
1662 5302 1755 5373 Epl

1891 5321 1966 5374 tv,
2004 5307 2090 5364 14.
2167 5310 2219 5343 ⁷⁸
2243 5310 2432 5371 Matth.
2453 5330 2604 5382 XXVI,
2636 5315 2727 5372 5|.
2804 5317 2852 5350 ⁷⁸
2880 5317 3012 5375 ibid.
3086 5319 3135 5352 "
3165 5317 3295 5374 ibid.
3335 5317 3404 5374 55

182 5352 403 5410 "Galat.
437 5371 498 5422 It,
522 5352 608 5412 ﬂ.

243 5445 344 5527 (ξιξ)
391 5448 956 5527 Τῷνμὼςένθρωξτος
985 5456 1256 5527 ἀποθάνῃ
1299 5459 1714 5520 διδασκαλίαν.

183 5513 388 5606 ξῐηειξιιε
415 5519 496 5574 sic
520 5513 808 5606 intelligit:
846 5513 998 5592 juita
1035 5513 1320 5594 quamdam

1899 5471 1978 5608 (Ιζ
2003 5471 2183 5527 Codex
2209 5472 2426 5543 Regius.
2457 5475 2618 5540 male,
2652 5479 3023 5550 περιστάντος.

1900 5541 1956 5608 (2
2008 5542 2150 5597 Idem
2187 5543 2354 5597 codex
2401 5543 2642 5608 Regius,
2690 5549 2966 5608 mendose.
3007 5565 3023 5602 c

1900 5541 1978 5624 (ἓ)
2008 5542 2150 5624 Idem
2187 5541 2381 5624 codex.
2401 5543 2605 5616 Regius
2625 5588 2642 5614 ,
2690 5541 2966 5614 mendose,
2985 5541 3398 5624 ’σκανδαλισθήτ

181 5585 1001 5684 interioremdoctrinam;qua:
1037 5585 1124 5651 res
1151 5609 1440 5666 tuenstrat,
1466 5585 1720 5675 ρένῖιὶὶὲἑ

1862 5585 2103 5684 εξθάι-ὲν
2119 5613 2263 5684 ἐμοὶ,
2293 5611 2422 5684 ὲγῲ,
2447 5585 2553 5672 εἷς.

179 5653 320 5708 Itumn
345 5657 544 5714 interit.

239 5725 343 5798 (99)
381 5727 560 5786 Codex
584 5728 802 5804 Regius,
839 5733 1002 5803 male,
1025 5733 1396 5793 διαλαλοῦντα.

1900 5681 1978 5753 (5)
2018 5681 2163 5739 idem
2189 5684 2357 5742 codex
2379 5683 2602 5760 Regius,
2633 5688 2792 5756 male,
2813 5689 3195 5763 ὠφεληθῆναι..
