  <div class='ocr_page' id='page_1' title='image "/cluster/home/n/w/nwhite01/storage/ocr_20150623/14/hvd.32044073501363/384.png"; bbox 0 0 3924 6196; ppageno 0'>
   <div class='ocr_carea' id='block_1_1' title="bbox 160 318 284 381">
    <p class='ocr_par' dir='ltr' id='par_1_1' title="bbox 160 318 284 381">
     <span class='ocr_line' id='line_1_1' title="bbox 160 318 284 381; baseline 0.04 -6"><span class='ocrx_word' id='word_1_1' title='bbox 160 318 284 381; x_wconf 70' lang='lat'><strong>757</strong></span> 
     </span>
    </p>
   </div>
   <div class='ocr_carea' id='block_1_2' title="bbox 1169 319 2386 382">
    <p class='ocr_par' dir='ltr' id='par_1_2' title="bbox 1169 319 2386 382">
     <span class='ocr_line' id='line_1_2' title="bbox 1169 319 2386 382; baseline -0.006 -2"><span class='ocrx_word' id='word_1_2' title='bbox 1169 322 1526 380; x_wconf 78' lang='lat' dir='ltr'><strong>COMMENT.</strong></span> <span class='ocrx_word' id='word_1_3' title='bbox 1565 321 1633 377; x_wconf 84' lang='lat' dir='ltr'><strong>IN</strong></span> <span class='ocrx_word' id='word_1_4' title='bbox 1663 320 1858 382; x_wconf 79' lang='lat' dir='ltr'><strong>JOAN.</strong></span> <span class='ocrx_word' id='word_1_5' title='bbox 1899 321 2137 380; x_wconf 81' lang='lat' dir='ltr'><strong>TOMUS</strong></span> <span class='ocrx_word' id='word_1_6' title='bbox 2172 319 2386 375; x_wconf 79' lang='lat' dir='ltr'><strong>XXXII.</strong></span> 
     </span>
    </p>
   </div>
   <div class='ocr_carea' id='block_1_3' title="bbox 3321 324 3420 378">
    <p class='ocr_par' dir='ltr' id='par_1_3' title="bbox 3321 324 3420 378">
     <span class='ocr_line' id='line_1_3' title="bbox 3321 324 3420 378; baseline 0.02 -2"><span class='ocrx_word' id='word_1_7' title='bbox 3321 324 3420 378; x_wconf 66' lang='lat'><strong>758</strong></span> 
     </span>
    </p>
   </div>
   <div class='ocr_carea' id='block_1_4' title="bbox 157 437 1734 518">
    <p class='ocr_par' dir='ltr' id='par_1_4' title="bbox 157 441 1734 518">
     <span class='ocr_line' id='line_1_4' title="bbox 157 441 1734 518; baseline -0.001 -20"><span class='ocrx_word' id='word_1_8' title='bbox 157 441 318 516; x_wconf 79' lang='grc' dir='ltr'>πρὸς</span> <span class='ocrx_word' id='word_1_9' title='bbox 349 442 531 511; x_wconf 88' lang='grc' dir='ltr'>τοῦτο,</span> <span class='ocrx_word' id='word_1_10' title='bbox 565 442 672 510; x_wconf 84' lang='grc' dir='ltr'>ὅτι,</span> <span class='ocrx_word' id='word_1_11' title='bbox 701 443 907 518; x_wconf 81' lang='grc' dir='ltr'>Ὥσπερ</span> <span class='ocrx_word' id='word_1_12' title='bbox 935 443 1137 516; x_wconf 77' lang='grc' dir='ltr'>ἰατρὸς,</span> <span class='ocrx_word' id='word_1_13' title='bbox 1180 447 1418 499; x_wconf 83' lang='grc' dir='ltr'><strong>πλείοσιν</strong></span> <span class='ocrx_word' id='word_1_14' title='bbox 1450 442 1734 516; x_wconf 61' lang='grc' dir='ltr'>ἀρρώστοις</span> 
     </span>
    </p>
   </div>
   <div class='ocr_carea' id='block_1_5' title="bbox 1840 437 3423 518">
    <p class='ocr_par' dir='ltr' id='par_1_5' title="bbox 1855 437 3423 514">
     <span class='ocr_line' id='line_1_5' title="bbox 1855 437 3423 514; baseline 0.003 -19"><span class='ocrx_word' id='word_1_15' title='bbox 1855 441 2334 514; x_wconf 81' lang='lat' dir='ltr'><strong>projectusjacet),</strong></span> <span class='ocrx_word' id='word_1_16' title='bbox 2359 455 2481 496; x_wconf 88' lang='lat' dir='ltr'><strong>cum</strong></span> <span class='ocrx_word' id='word_1_17' title='bbox 2505 437 2664 496; x_wconf 77' lang='lat' dir='ltr'><strong>Jesus</strong></span> <span class='ocrx_word' id='word_1_18' title='bbox 2693 439 3006 510; x_wconf 74' lang='lat' dir='ltr'><strong>incmpisset</strong></span> <span class='ocrx_word' id='word_1_19' title='bbox 3041 441 3223 498; x_wconf 85' lang='lat' dir='ltr'><strong>lavare</strong></span> <span class='ocrx_word' id='word_1_20' title='bbox 3257 445 3423 511; x_wconf 87' lang='lat' dir='ltr'><strong>pedes</strong></span> 
     </span>
    </p>
   </div>
   <div class='ocr_carea' id='block_1_6' title="bbox 158 531 1753 604">
    <p class='ocr_par' dir='ltr' id='par_1_6' title="bbox 158 531 1753 604">
     <span class='ocr_line' id='line_1_6' title="bbox 158 531 1753 604; baseline 0.001 -20"><span class='ocrx_word' id='word_1_21' title='bbox 158 531 323 584; x_wconf 83' lang='grc' dir='ltr'><strong>κατὰ</strong></span> <span class='ocrx_word' id='word_1_22' title='bbox 365 531 464 602; x_wconf 80' lang='grc' dir='ltr'>τὴν</span> <span class='ocrx_word' id='word_1_23' title='bbox 507 531 753 604; x_wconf 71' lang='grc' dir='ltr'>ἰατρικὴν</span> <span class='ocrx_word' id='word_1_24' title='bbox 804 532 1248 604; x_wconf 81' lang='grc' dir='ltr'><strong>διακονούμενος,</strong></span> <span class='ocrx_word' id='word_1_25' title='bbox 1323 534 1432 587; x_wconf 83' lang='grc' dir='ltr'>ἀπὸ</span> <span class='ocrx_word' id='word_1_26' title='bbox 1467 532 1575 588; x_wconf 87' lang='grc' dir='ltr'><strong>τῶν</strong></span> <span class='ocrx_word' id='word_1_27' title='bbox 1623 549 1753 588; x_wconf 87' lang='grc' dir='ltr'>κατ-</span> 
     </span>
    </p>
   </div>
   <div class='ocr_carea' id='block_1_7' title="bbox 156 623 1752 698">
    <p class='ocr_par' dir='ltr' id='par_1_7' title="bbox 156 623 1752 698">
     <span class='ocr_line' id='line_1_7' title="bbox 156 623 1752 698; baseline 0 -22"><span class='ocrx_word' id='word_1_28' title='bbox 156 625 508 692; x_wconf 61' lang='grc' dir='ltr'>επειγόντων</span> <span class='ocrx_word' id='word_1_29' title='bbox 540 623 632 676; x_wconf 80' lang='grc' dir='ltr'>καὶ</span> <span class='ocrx_word' id='word_1_30' title='bbox 659 624 876 695; x_wconf 82' lang='grc' dir='ltr'>χείρονα</span> <span class='ocrx_word' id='word_1_31' title='bbox 912 624 1255 679; x_wconf 81' lang='grc' dir='ltr'>πεπονθότων</span> <span class='ocrx_word' id='word_1_32' title='bbox 1287 623 1385 697; x_wconf 76' lang='grc' dir='ltr'>τὴν</span> <span class='ocrx_word' id='word_1_33' title='bbox 1417 625 1593 698; x_wconf 79' lang='grc' dir='ltr'>ἀρχὴν</span> <span class='ocrx_word' id='word_1_34' title='bbox 1631 641 1752 676; x_wconf 88' lang='grc' dir='ltr'>ποι-</span> 
     </span>
    </p>
   </div>
   <div class='ocr_carea' id='block_1_8' title="bbox 154 715 1752 790">
    <p class='ocr_par' dir='ltr' id='par_1_8' title="bbox 154 715 1752 790">
     <span class='ocr_line' id='line_1_8' title="bbox 154 715 1752 790; baseline 0.001 -21"><span class='ocrx_word' id='word_1_35' title='bbox 154 719 317 770; x_wconf 72' lang='grc' dir='ltr'>εἷται</span> <span class='ocrx_word' id='word_1_36' title='bbox 353 716 452 788; x_wconf 83' lang='grc' dir='ltr'><strong>τῆς</strong></span> <span class='ocrx_word' id='word_1_37' title='bbox 501 715 826 788; x_wconf 87' lang='grc' dir='ltr'>θεραπείας,</span> <span class='ocrx_word' id='word_1_38' title='bbox 872 716 1044 781; x_wconf 78' lang='grc' dir='ltr'>οὕτως</span> <span class='ocrx_word' id='word_1_39' title='bbox 1082 718 1112 772; x_wconf 84' lang='grc' dir='ltr'><strong>ὁ</strong></span> <span class='ocrx_word' id='word_1_40' title='bbox 1151 717 1572 790; x_wconf 72' lang='grc' dir='ltr'>ὲρρυπωμένους</span> <span class='ocrx_word' id='word_1_41' title='bbox 1623 718 1752 784; x_wconf 76' lang='grc' dir='ltr'>τοὺς</span> 
     </span>
    </p>
   </div>
   <div class='ocr_carea' id='block_1_9' title="bbox 155 807 1750 880">
    <p class='ocr_par' dir='ltr' id='par_1_9' title="bbox 155 807 1750 880">
     <span class='ocr_line' id='line_1_9' title="bbox 155 807 1750 880; baseline 0.001 -19"><span class='ocrx_word' id='word_1_42' title='bbox 155 807 344 870; x_wconf 78' lang='grc' dir='ltr'>πόδας</span> <span class='ocrx_word' id='word_1_43' title='bbox 384 807 587 861; x_wconf 86' lang='grc' dir='ltr'>νίπτων</span> <span class='ocrx_word' id='word_1_44' title='bbox 619 807 727 861; x_wconf 89' lang='grc' dir='ltr'><strong>τῶν</strong></span> <span class='ocrx_word' id='word_1_45' title='bbox 763 807 1020 878; x_wconf 80' lang='grc' dir='ltr'><strong>μαθητῶν</strong></span> <span class='ocrx_word' id='word_1_46' title='bbox 1052 807 1274 880; x_wconf 78' lang='grc' dir='ltr'>ἄρχεται</span> <span class='ocrx_word' id='word_1_47' title='bbox 1322 807 1429 862; x_wconf 79' lang='grc' dir='ltr'><strong>ἀπὸ</strong></span> <span class='ocrx_word' id='word_1_48' title='bbox 1465 807 1572 861; x_wconf 88' lang='grc' dir='ltr'><strong>τῶν</strong></span> <span class='ocrx_word' id='word_1_49' title='bbox 1615 807 1750 878; x_wconf 81' lang='grc' dir='ltr'><strong>μᾶλ-</strong></span> 
     </span>
    </p>
   </div>
   <div class='ocr_carea' id='block_1_10' title="bbox 153 893 1749 972">
    <p class='ocr_par' dir='ltr' id='par_1_10' title="bbox 153 893 1749 972">
     <span class='ocr_line' id='line_1_10' title="bbox 153 893 1749 972; baseline 0.001 -22"><span class='ocrx_word' id='word_1_50' title='bbox 153 897 263 951; x_wconf 79' lang='grc' dir='ltr'><strong>λον</strong></span> <span class='ocrx_word' id='word_1_51' title='bbox 308 897 746 972; x_wconf 77' lang='grc' dir='ltr'>ὲρρυπωμένων·</span> <span class='ocrx_word' id='word_1_52' title='bbox 799 897 895 952; x_wconf 78' lang='grc' dir='ltr'><strong>καὶ</strong></span> <span class='ocrx_word' id='word_1_53' title='bbox 945 898 1084 971; x_wconf 82' lang='grc' dir='ltr'><strong>τάχα</strong></span> <span class='ocrx_word' id='word_1_54' title='bbox 1133 899 1226 951; x_wconf 72' lang='grc' dir='ltr'>ἐπὶ</span> <span class='ocrx_word' id='word_1_55' title='bbox 1271 897 1572 952; x_wconf 83' lang='grc' dir='ltr'>τελευταῖον</span> <span class='ocrx_word' id='word_1_56' title='bbox 1615 893 1749 968; x_wconf 79' lang='grc' dir='ltr'>ἦλθε</span> 
     </span>
    </p>
   </div>
   <div class='ocr_carea' id='block_1_11' title="bbox 152 989 1741 1061">
    <p class='ocr_par' dir='ltr' id='par_1_11' title="bbox 152 989 1741 1061">
     <span class='ocr_line' id='line_1_11' title="bbox 152 989 1741 1061; baseline -0.001 -19"><span class='ocrx_word' id='word_1_57' title='bbox 152 991 262 1044; x_wconf 60' lang='grc' dir='ltr'>τᾶν</span> <span class='ocrx_word' id='word_1_58' title='bbox 292 990 520 1061; x_wconf 83' lang='grc' dir='ltr'>Πέτρον,</span> <span class='ocrx_word' id='word_1_59' title='bbox 549 989 624 1053; x_wconf 84' lang='grc' dir='ltr'>ὼς</span> <span class='ocrx_word' id='word_1_60' title='bbox 653 989 869 1044; x_wconf 76' lang='grc' dir='ltr'>ἔλαττον</span> <span class='ocrx_word' id='word_1_61' title='bbox 899 990 1112 1045; x_wconf 78' lang='grc' dir='ltr'>πάντων</span> <span class='ocrx_word' id='word_1_62' title='bbox 1147 989 1395 1060; x_wconf 85' lang='grc' dir='ltr'>δεόμενον</span> <span class='ocrx_word' id='word_1_63' title='bbox 1421 990 1518 1061; x_wconf 84' lang='grc' dir='ltr'>τῆς</span> <span class='ocrx_word' id='word_1_64' title='bbox 1543 989 1741 1061; x_wconf 74' lang='grc' dir='ltr'>νίψεως</span> 
     </span>
    </p>
   </div>
   <div class='ocr_carea' id='block_1_12' title="bbox 152 1079 1740 1152">
    <p class='ocr_par' dir='ltr' id='par_1_12' title="bbox 152 1079 1740 1152">
     <span class='ocr_line' id='line_1_12' title="bbox 152 1079 1740 1152; baseline -0.001 -20"><span class='ocrx_word' id='word_1_65' title='bbox 152 1079 280 1135; x_wconf 81' lang='grc' dir='ltr'><strong>τῶν</strong></span> <span class='ocrx_word' id='word_1_66' title='bbox 312 1079 486 1134; x_wconf 81' lang='grc' dir='ltr'>ποδῶν</span> <span class='ocrx_word' id='word_1_67' title='bbox 505 1097 518 1110; x_wconf 76' lang='grc' dir='ltr'><strong>ο</strong></span> <span class='ocrx_word' id='word_1_68' title='bbox 559 1080 700 1152; x_wconf 82' lang='grc' dir='ltr'>τάχα</span> <span class='ocrx_word' id='word_1_69' title='bbox 740 1080 797 1138; x_wconf 84' lang='grc' dir='ltr'>δὲ</span> <span class='ocrx_word' id='word_1_70' title='bbox 829 1081 920 1136; x_wconf 73' lang='grc' dir='ltr'><strong>καὶ</strong></span> <span class='ocrx_word' id='word_1_71' title='bbox 947 1082 1026 1144; x_wconf 88' lang='grc' dir='ltr'><strong>είς</strong></span> <span class='ocrx_word' id='word_1_72' title='bbox 1059 1080 1117 1133; x_wconf 82' lang='grc' dir='ltr'>τὺ</span> <span class='ocrx_word' id='word_1_73' title='bbox 1145 1081 1318 1134; x_wconf 83' lang='grc' dir='ltr'>δοκεῖν</span> <span class='ocrx_word' id='word_1_74' title='bbox 1360 1079 1660 1148; x_wconf 80' lang='grc' dir='ltr'><strong>ἀντιλέγειν</strong></span> <span class='ocrx_word' id='word_1_75' title='bbox 1706 1079 1740 1149; x_wconf 77' lang='grc' dir='ltr'><strong>ἡ</strong></span> 
     </span>
    </p>
   </div>
   <div class='ocr_carea' id='block_1_13' title="bbox 147 1168 1741 1244">
    <p class='ocr_par' dir='ltr' id='par_1_13' title="bbox 147 1168 1741 1244">
     <span class='ocr_line' id='line_1_13' title="bbox 147 1168 1741 1244; baseline -0.001 -20"><span class='ocrx_word' id='word_1_76' title='bbox 147 1172 341 1240; x_wconf 76' lang='grc' dir='ltr'>ἐγγὺς</span> <span class='ocrx_word' id='word_1_77' title='bbox 393 1171 761 1244; x_wconf 84' lang='grc' dir='ltr'>καθαρότητος</span> <span class='ocrx_word' id='word_1_78' title='bbox 811 1173 1139 1235; x_wconf 81' lang='grc' dir='ltr'>κατάστασις</span> <span class='ocrx_word' id='word_1_79' title='bbox 1187 1171 1295 1228; x_wconf 89' lang='grc' dir='ltr'><strong>τῶν</strong></span> <span class='ocrx_word' id='word_1_80' title='bbox 1355 1171 1527 1226; x_wconf 82' lang='grc' dir='ltr'>ποδῶν</span> <span class='ocrx_word' id='word_1_81' title='bbox 1577 1168 1741 1225; x_wconf 86' lang='grc' dir='ltr'>αὐτοῦ</span> 
     </span>
    </p>
   </div>
   <div class='ocr_carea' id='block_1_14' title="bbox 153 1262 542 1319">
    <p class='ocr_par' dir='ltr' id='par_1_14' title="bbox 153 1262 542 1319">
     <span class='ocr_line' id='line_1_14' title="bbox 153 1262 542 1319; baseline 0.005 -5"><span class='ocrx_word' id='word_1_82' title='bbox 153 1262 542 1319; x_wconf 75' lang='grc' dir='ltr'>συνεϐάλλετο.</span> 
     </span>
    </p>
   </div>
   <div class='ocr_carea' id='block_1_15' title="bbox 1853 529 3421 604">
    <p class='ocr_par' dir='ltr' id='par_1_15' title="bbox 1853 529 3421 604">
     <span class='ocr_line' id='line_1_15' title="bbox 1853 529 3421 604; baseline -0.003 -14"><span class='ocrx_word' id='word_1_83' title='bbox 1853 535 2265 604; x_wconf 82' lang='lat' dir='ltr'><strong>discipulorum,</strong></span> <span class='ocrx_word' id='word_1_84' title='bbox 2293 540 2348 586; x_wconf 87' lang='lat' dir='ltr'><strong>et</strong></span> <span class='ocrx_word' id='word_1_85' title='bbox 2377 530 2689 599; x_wconf 79' lang='lat' dir='ltr'><strong>abstergere</strong></span> <span class='ocrx_word' id='word_1_86' title='bbox 2721 529 2894 586; x_wconf 88' lang='lat' dir='ltr'><strong>linteo</strong></span> <span class='ocrx_word' id='word_1_87' title='bbox 2920 547 3026 600; x_wconf 91' lang='lat' dir='ltr'><strong>quo</strong></span> <span class='ocrx_word' id='word_1_88' title='bbox 3051 541 3168 586; x_wconf 86' lang='lat' dir='ltr'><strong>erat</strong></span> <span class='ocrx_word' id='word_1_89' title='bbox 3193 534 3421 602; x_wconf 78' lang='lat' dir='ltr'><strong>praecin-</strong></span> 
     </span>
    </p>
   </div>
   <div class='ocr_carea' id='block_1_16' title="bbox 1852 620 3418 696">
    <p class='ocr_par' dir='ltr' id='par_1_16' title="bbox 1852 620 3418 696">
     <span class='ocr_line' id='line_1_16' title="bbox 1852 620 3418 696; baseline -0.001 -16"><span class='ocrx_word' id='word_1_90' title='bbox 1852 635 1992 693; x_wconf 89' lang='lat' dir='ltr'><strong>ctus,</strong></span> <span class='ocrx_word' id='word_1_91' title='bbox 2021 624 2186 696; x_wconf 79' lang='grc'><strong>414</strong></span> <span class='ocrx_word' id='word_1_92' title='bbox 2219 638 2321 679; x_wconf 89' lang='lat' dir='ltr'><strong>non</strong></span> <span class='ocrx_word' id='word_1_93' title='bbox 2377 638 2408 678; x_wconf 88' lang='lat' dir='ltr'><strong>a</strong></span> <span class='ocrx_word' id='word_1_94' title='bbox 2455 620 2618 676; x_wconf 89' lang='lat' dir='ltr'><strong>Petro</strong></span> <span class='ocrx_word' id='word_1_95' title='bbox 2680 621 2969 690; x_wconf 81' lang='lat' dir='ltr'><strong>incoepcrit</strong></span> <span class='ocrx_word' id='word_1_96' title='bbox 3001 623 3127 693; x_wconf 69' lang='lat' dir='ltr'><strong>{sed</strong></span> <span class='ocrx_word' id='word_1_97' title='bbox 3160 626 3228 678; x_wconf 85' lang='lat' dir='ltr'><strong>ab</strong></span> <span class='ocrx_word' id='word_1_98' title='bbox 3267 625 3356 679; x_wconf 89' lang='lat' dir='ltr'><strong>illo</strong></span> <span class='ocrx_word' id='word_1_99' title='bbox 3377 624 3418 696; x_wconf 74' lang='grc'><strong>1.</strong></span> 
     </span>
    </p>
   </div>
   <div class='ocr_carea' id='block_1_17' title="bbox 1850 707 3422 786">
    <p class='ocr_par' dir='ltr' id='par_1_17' title="bbox 1850 707 3422 786">
     <span class='ocr_line' id='line_1_17' title="bbox 1850 707 3422 786; baseline -0.003 -17"><span class='ocrx_word' id='word_1_100' title='bbox 1850 714 1930 772; x_wconf 79' lang='lat' dir='ltr'><strong>Ad</strong></span> <span class='ocrx_word' id='word_1_101' title='bbox 1956 716 2099 786; x_wconf 90' lang='lat' dir='ltr'><strong>quod</strong></span> <span class='ocrx_word' id='word_1_102' title='bbox 2129 709 2564 784; x_wconf 86' lang='lat' dir='ltr'><strong>respondendum</strong></span> <span class='ocrx_word' id='word_1_103' title='bbox 2596 717 2722 763; x_wconf 91' lang='lat' dir='ltr'><strong>est:</strong></span> <span class='ocrx_word' id='word_1_104' title='bbox 2765 707 2835 764; x_wconf 91' lang='lat' dir='ltr'><strong>Ut</strong></span> <span class='ocrx_word' id='word_1_105' title='bbox 2885 710 3130 766; x_wconf 85' lang='lat' dir='ltr'><strong>medicus</strong></span> <span class='ocrx_word' id='word_1_106' title='bbox 3175 711 3422 782; x_wconf 82' lang='lat' dir='ltr'><strong>plurimis</strong></span> 
     </span>
    </p>
   </div>
   <div class='ocr_carea' id='block_1_18' title="bbox 1852 796 3422 868">
    <p class='ocr_par' dir='ltr' id='par_1_18' title="bbox 1852 796 3422 868">
     <span class='ocr_line' id='line_1_18' title="bbox 1852 796 3422 868; baseline -0.002 -10"><span class='ocrx_word' id='word_1_107' title='bbox 1852 804 2084 866; x_wconf 80' lang='lat' dir='ltr'><strong>infirmis</strong></span> <span class='ocrx_word' id='word_1_108' title='bbox 2127 801 2544 858; x_wconf 89' lang='lat' dir='ltr'><strong>subministrans</strong></span> <span class='ocrx_word' id='word_1_109' title='bbox 2569 796 2722 868; x_wconf 84' lang='lat' dir='ltr'><strong>juxta</strong></span> <span class='ocrx_word' id='word_1_110' title='bbox 2756 807 2926 852; x_wconf 81' lang='lat' dir='ltr'><strong>artem</strong></span> <span class='ocrx_word' id='word_1_111' title='bbox 2976 801 3277 863; x_wconf 69' lang='lat' dir='ltr'><strong>medicinae,</strong></span> <span class='ocrx_word' id='word_1_112' title='bbox 3318 802 3422 856; x_wconf 89' lang='lat' dir='ltr'><strong>ini-</strong></span> 
     </span>
    </p>
   </div>
   <div class='ocr_carea' id='block_1_19' title="bbox 1852 886 3422 959">
    <p class='ocr_par' dir='ltr' id='par_1_19' title="bbox 1852 886 3422 959">
     <span class='ocr_line' id='line_1_19' title="bbox 1852 886 3422 959; baseline -0.006 -9"><span class='ocrx_word' id='word_1_113' title='bbox 1852 895 1985 950; x_wconf 85' lang='lat' dir='ltr'><strong>tium</strong></span> <span class='ocrx_word' id='word_1_114' title='bbox 2009 889 2258 950; x_wconf 84' lang='lat' dir='ltr'><strong>medendi</strong></span> <span class='ocrx_word' id='word_1_115' title='bbox 2283 889 2412 948; x_wconf 78' lang='lat' dir='ltr'><strong>facit</strong></span> <span class='ocrx_word' id='word_1_116' title='bbox 2441 887 2506 942; x_wconf 86' lang='lat' dir='ltr'><strong>ab</strong></span> <span class='ocrx_word' id='word_1_117' title='bbox 2529 886 2614 942; x_wconf 91' lang='lat' dir='ltr'><strong>his</strong></span> <span class='ocrx_word' id='word_1_118' title='bbox 2629 886 2723 956; x_wconf 87' lang='lat' dir='ltr'><strong>qui</strong></span> <span class='ocrx_word' id='word_1_119' title='bbox 2754 889 3238 958; x_wconf 82' lang='lat' dir='ltr'><strong>urgenturquique</strong></span> <span class='ocrx_word' id='word_1_120' title='bbox 3265 890 3422 959; x_wconf 87' lang='lat' dir='ltr'><strong>pejus</strong></span> 
     </span>
    </p>
   </div>
   <div class='ocr_carea' id='block_1_20' title="bbox 1851 979 3423 1052">
    <p class='ocr_par' dir='ltr' id='par_1_20' title="bbox 1851 979 3423 1052">
     <span class='ocr_line' id='line_1_20' title="bbox 1851 979 3423 1052; baseline -0.004 -13"><span class='ocrx_word' id='word_1_121' title='bbox 1851 983 2031 1040; x_wconf 78' lang='lat' dir='ltr'><strong>al‘fecti</strong></span> <span class='ocrx_word' id='word_1_122' title='bbox 2059 993 2206 1051; x_wconf 87' lang='lat' dir='ltr'><strong>sunt,</strong></span> <span class='ocrx_word' id='word_1_123' title='bbox 2239 982 2318 1037; x_wconf 87' lang='lat' dir='ltr'><strong>sic</strong></span> <span class='ocrx_word' id='word_1_124' title='bbox 2349 981 2735 1052; x_wconf 87' lang='lat' dir='ltr'><strong>discipulorum</strong></span> <span class='ocrx_word' id='word_1_125' title='bbox 2773 979 3027 1035; x_wconf 89' lang='lat' dir='ltr'><strong>sordidos</strong></span> <span class='ocrx_word' id='word_1_126' title='bbox 3050 979 3214 1050; x_wconf 86' lang='lat' dir='ltr'><strong>pedes</strong></span> <span class='ocrx_word' id='word_1_127' title='bbox 3239 981 3423 1034; x_wconf 82' lang='lat' dir='ltr'><strong>lavan-</strong></span> 
     </span>
    </p>
   </div>
   <div class='ocr_carea' id='block_1_21' title="bbox 1853 1073 3420 1148">
    <p class='ocr_par' dir='ltr' id='par_1_21' title="bbox 1853 1073 3420 1148">
     <span class='ocr_line' id='line_1_21' title="bbox 1853 1073 3420 1148; baseline -0.004 -16"><span class='ocrx_word' id='word_1_128' title='bbox 1853 1086 1984 1144; x_wconf 90' lang='lat' dir='ltr'><strong>tem,</strong></span> <span class='ocrx_word' id='word_1_129' title='bbox 2040 1076 2333 1148; x_wconf 73' lang='lat' dir='ltr'><strong>incmpisse</strong></span> <span class='ocrx_word' id='word_1_130' title='bbox 2373 1091 2404 1132; x_wconf 90' lang='lat' dir='ltr'><strong>a</strong></span> <span class='ocrx_word' id='word_1_131' title='bbox 2443 1077 2614 1148; x_wconf 82' lang='lat' dir='ltr'><strong>magis</strong></span> <span class='ocrx_word' id='word_1_132' title='bbox 2664 1075 2936 1140; x_wconf 86' lang='lat' dir='ltr'><strong>sordidis;</strong></span> <span class='ocrx_word' id='word_1_133' title='bbox 2964 1085 3129 1142; x_wconf 88' lang='lat' dir='ltr'><strong>atque</strong></span> <span class='ocrx_word' id='word_1_134' title='bbox 3168 1073 3420 1142; x_wconf 75' lang='lat' dir='ltr'><strong>(‘qultletll</strong></span> 
     </span>
    </p>
   </div>
   <div class='ocr_carea' id='block_1_22' title="bbox 1851 1162 3424 1238">
    <p class='ocr_par' dir='ltr' id='par_1_22' title="bbox 1851 1162 3424 1238">
     <span class='ocr_line' id='line_1_22' title="bbox 1851 1162 3424 1238; baseline -0.005 -16"><span class='ocrx_word' id='word_1_135' title='bbox 1851 1167 2100 1223; x_wconf 72' lang='lat' dir='ltr'><strong>fortassis</strong></span> <span class='ocrx_word' id='word_1_136' title='bbox 2147 1167 2213 1222; x_wconf 86' lang='lat' dir='ltr'><strong>ad</strong></span> <span class='ocrx_word' id='word_1_137' title='bbox 2259 1167 2481 1224; x_wconf 88' lang='lat' dir='ltr'><strong>Petrum</strong></span> <span class='ocrx_word' id='word_1_138' title='bbox 2523 1176 2801 1238; x_wconf 88' lang='lat' dir='ltr'><strong>postremo</strong></span> <span class='ocrx_word' id='word_1_139' title='bbox 2847 1164 3016 1226; x_wconf 86' lang='lat' dir='ltr'><strong>venit,</strong></span> <span class='ocrx_word' id='word_1_140' title='bbox 3068 1162 3195 1232; x_wconf 83' lang='lat' dir='ltr'><strong>quia</strong></span> <span class='ocrx_word' id='word_1_141' title='bbox 3247 1163 3424 1218; x_wconf 88' lang='lat' dir='ltr'><strong>minus</strong></span> 
     </span>
    </p>
   </div>
   <div class='ocr_carea' id='block_1_23' title="bbox 1851 1248 3423 1328">
    <p class='ocr_par' dir='ltr' id='par_1_23' title="bbox 1851 1248 3423 1328">
     <span class='ocr_line' id='line_1_23' title="bbox 1851 1248 3423 1328; baseline -0.003 -16"><span class='ocrx_word' id='word_1_142' title='bbox 1851 1259 2062 1314; x_wconf 77' lang='lat' dir='ltr'><strong>caeteris</strong></span> <span class='ocrx_word' id='word_1_143' title='bbox 2085 1257 2349 1328; x_wconf 80' lang='lat' dir='ltr'><strong>indigeret</strong></span> <span class='ocrx_word' id='word_1_144' title='bbox 2381 1266 2438 1312; x_wconf 90' lang='lat' dir='ltr'><strong>ut</strong></span> <span class='ocrx_word' id='word_1_145' title='bbox 2463 1259 2565 1314; x_wconf 86' lang='lat' dir='ltr'><strong>sibi</strong></span> <span class='ocrx_word' id='word_1_146' title='bbox 2591 1257 2900 1314; x_wconf 80' lang='lat' dir='ltr'><strong>lavarentur</strong></span> <span class='ocrx_word' id='word_1_147' title='bbox 2928 1254 3093 1324; x_wconf 81' lang='lat' dir='ltr'><strong>pedes</strong></span> <span class='ocrx_word' id='word_1_148' title='bbox 3121 1248 3142 1305; x_wconf 74' lang='grc' dir='ltr'>ξ</span> <span class='ocrx_word' id='word_1_149' title='bbox 3171 1251 3423 1308; x_wconf 74' lang='lat' dir='ltr'><strong>fortassis</strong></span> 
     </span>
    </p>
   </div>
   <div class='ocr_carea' id='block_1_24' title="bbox 147 1350 3274 1430">
    <p class='ocr_par' dir='ltr' id='par_1_24' title="bbox 147 1350 3274 1430">
     <span class='ocr_line' id='line_1_24' title="bbox 147 1350 3274 1430; baseline -0.002 -21"><span class='ocrx_word' id='word_1_150' title='bbox 147 1359 338 1412; x_wconf 80' lang='lat' dir='ltr'><strong>etiam</strong></span> <span class='ocrx_word' id='word_1_151' title='bbox 371 1364 546 1413; x_wconf 88' lang='lat' dir='ltr'><strong>status</strong></span> <span class='ocrx_word' id='word_1_152' title='bbox 579 1357 771 1426; x_wconf 91' lang='lat' dir='ltr'><strong>pedum</strong></span> <span class='ocrx_word' id='word_1_153' title='bbox 805 1375 1043 1426; x_wconf 86' lang='lat' dir='ltr'><strong>suorum,</strong></span> <span class='ocrx_word' id='word_1_154' title='bbox 1085 1359 1177 1429; x_wconf 92' lang='lat' dir='ltr'><strong>qui</strong></span> <span class='ocrx_word' id='word_1_155' title='bbox 1218 1358 1464 1430; x_wconf 77' lang='lat' dir='ltr'><strong>proxime</strong></span> <span class='ocrx_word' id='word_1_156' title='bbox 1499 1355 1791 1414; x_wconf 77' lang='lat' dir='ltr'><strong>accedebat</strong></span> <span class='ocrx_word' id='word_1_157' title='bbox 1815 1354 1884 1409; x_wconf 88' lang='lat' dir='ltr'><strong>ad</strong></span> <span class='ocrx_word' id='word_1_158' title='bbox 1919 1350 2454 1413; x_wconf 73' lang='lat' dir='ltr'><strong>munditiem,eﬂecit</strong></span> <span class='ocrx_word' id='word_1_159' title='bbox 2478 1361 2536 1412; x_wconf 88' lang='lat' dir='ltr'><strong>ut</strong></span> <span class='ocrx_word' id='word_1_160' title='bbox 2565 1351 2942 1408; x_wconf 84' lang='lat' dir='ltr'><strong>contradicere</strong></span> <span class='ocrx_word' id='word_1_161' title='bbox 2989 1350 3274 1419; x_wconf 77' lang='lat' dir='ltr'><strong>cogitaret.</strong></span> 
     </span>
    </p>
   </div>
   <div class='ocr_carea' id='block_1_25' title="bbox 243 1449 1741 1522">
    <p class='ocr_par' dir='ltr' id='par_1_25' title="bbox 243 1449 1741 1522">
     <span class='ocr_line' id='line_1_25' title="bbox 243 1449 1741 1522; baseline 0 -18"><span class='ocrx_word' id='word_1_162' title='bbox 243 1449 302 1504; x_wconf 86' lang='lat'><strong>6.</strong></span> <span class='ocrx_word' id='word_1_163' title='bbox 341 1449 767 1522; x_wconf 75' lang='grc' dir='ltr'>Βασανιζόμενον</span> <span class='ocrx_word' id='word_1_164' title='bbox 799 1454 856 1514; x_wconf 81' lang='grc' dir='ltr'>δὲ</span> <span class='ocrx_word' id='word_1_165' title='bbox 896 1453 962 1508; x_wconf 81' lang='grc' dir='ltr'>τὺ</span> <span class='ocrx_word' id='word_1_166' title='bbox 1009 1454 1114 1508; x_wconf 80' lang='grc' dir='ltr'><strong>ὑπὸ</strong></span> <span class='ocrx_word' id='word_1_167' title='bbox 1157 1452 1252 1508; x_wconf 86' lang='grc' dir='ltr'><strong>τοῦ</strong></span> <span class='ocrx_word' id='word_1_168' title='bbox 1295 1451 1468 1522; x_wconf 84' lang='grc' dir='ltr'>Ἰησοῦ</span> <span class='ocrx_word' id='word_1_169' title='bbox 1515 1451 1741 1522; x_wconf 77' lang='grc' dir='ltr'>εἰρημέ-</span> 
     </span>
    </p>
   </div>
   <div class='ocr_carea' id='block_1_26' title="bbox 146 1541 1744 1616">
    <p class='ocr_par' dir='ltr' id='par_1_26' title="bbox 146 1541 1744 1616">
     <span class='ocr_line' id='line_1_26' title="bbox 146 1541 1744 1616; baseline 0.001 -23"><span class='ocrx_word' id='word_1_170' title='bbox 146 1558 282 1606; x_wconf 88' lang='grc' dir='ltr'>νον,</span> <span class='ocrx_word' id='word_1_171' title='bbox 313 1541 406 1608; x_wconf 85' lang='grc' dir='ltr'><strong>τὺ,</strong></span> <span class='ocrx_word' id='word_1_172' title='bbox 437 1561 457 1593; x_wconf 80' lang='grc' dir='ltr'><strong>ι</strong></span> <span class='ocrx_word' id='word_1_173' title='bbox 492 1543 548 1596; x_wconf 87' lang='grc'><strong>’0</strong></span> <span class='ocrx_word' id='word_1_174' title='bbox 577 1543 896 1614; x_wconf 81' lang='grc' dir='ltr'>λελουμένος</span> <span class='ocrx_word' id='word_1_175' title='bbox 937 1546 1039 1600; x_wconf 75' lang='grc' dir='ltr'><strong>οὐκ</strong></span> <span class='ocrx_word' id='word_1_176' title='bbox 1083 1543 1197 1615; x_wconf 74' lang='grc' dir='ltr'>ἔχει</span> <span class='ocrx_word' id='word_1_177' title='bbox 1228 1543 1416 1616; x_wconf 77' lang='grc' dir='ltr'>χρείαν</span> <span class='ocrx_word' id='word_1_178' title='bbox 1455 1542 1744 1613; x_wconf 74' lang='grc' dir='ltr'>νίψασθαι,</span> 
     </span>
    </p>
   </div>
   <div class='ocr_carea' id='block_1_27' title="bbox 145 1632 1742 1706">
    <p class='ocr_par' dir='ltr' id='par_1_27' title="bbox 145 1632 1742 1706">
     <span class='ocr_line' id='line_1_27' title="bbox 145 1632 1742 1706; baseline 0.002 -21"><span class='ocrx_word' id='word_1_179' title='bbox 145 1632 288 1685; x_wconf 74' lang='grc' dir='ltr'>ἀλλ’</span> <span class='ocrx_word' id='word_1_180' title='bbox 327 1633 442 1686; x_wconf 78' lang='grc' dir='ltr'>ἔστι</span> <span class='ocrx_word' id='word_1_181' title='bbox 490 1634 728 1706; x_wconf 79' lang='grc' dir='ltr'>καθαρὸς</span> <span class='ocrx_word' id='word_1_182' title='bbox 776 1636 926 1700; x_wconf 81' lang='grc' dir='ltr'>ὃλος’</span> <span class='ocrx_word' id='word_1_183' title='bbox 957 1637 1052 1692; x_wconf 73' lang='grc' dir='ltr'>καὶ</span> <span class='ocrx_word' id='word_1_184' title='bbox 1095 1637 1256 1706; x_wconf 76' lang='grc' dir='ltr'>ὑμεῖς</span> <span class='ocrx_word' id='word_1_185' title='bbox 1309 1635 1536 1706; x_wconf 84' lang='grc' dir='ltr'>καθαροί</span> <span class='ocrx_word' id='word_1_186' title='bbox 1582 1637 1742 1698; x_wconf 79' lang='grc' dir='ltr'>ἐστε,</span> 
     </span>
    </p>
   </div>
   <div class='ocr_carea' id='block_1_28' title="bbox 1919 1443 3419 1515">
    <p class='ocr_par' dir='ltr' id='par_1_28' title="bbox 1919 1443 3419 1515">
     <span class='ocr_line' id='line_1_28' title="bbox 1919 1443 3419 1515; baseline -0.003 -11"><span class='ocrx_word' id='word_1_187' title='bbox 1919 1447 1972 1504; x_wconf 84' lang='grc'><strong>6.</strong></span> <span class='ocrx_word' id='word_1_188' title='bbox 2004 1447 2174 1504; x_wconf 82' lang='lat' dir='ltr'><strong>Porro</strong></span> <span class='ocrx_word' id='word_1_189' title='bbox 2201 1447 2640 1502; x_wconf 86' lang='lat' dir='ltr'><strong>siexamiuemus</strong></span> <span class='ocrx_word' id='word_1_190' title='bbox 2670 1447 2814 1515; x_wconf 87' lang='lat' dir='ltr'><strong>quod</strong></span> <span class='ocrx_word' id='word_1_191' title='bbox 2833 1443 3163 1512; x_wconf 82' lang='lat' dir='ltr'><strong>dixitJesus,</strong></span> <span class='ocrx_word' id='word_1_192' title='bbox 3189 1458 3380 1514; x_wconf 89' lang='lat' dir='ltr'><strong>nempe</strong></span> <span class='ocrx_word' id='word_1_193' title='bbox 3402 1485 3419 1510; x_wconf 94' lang='lat'><strong>,</strong></span> 
     </span>
    </p>
   </div>
   <div class='ocr_carea' id='block_1_29' title="bbox 1857 1535 3423 1606">
    <p class='ocr_par' dir='ltr' id='par_1_29' title="bbox 1857 1535 3423 1606">
     <span class='ocr_line' id='line_1_29' title="bbox 1857 1535 3423 1606; baseline 0 -15"><span class='ocrx_word' id='word_1_194' title='bbox 1857 1556 1877 1591; x_wconf 83' lang='grc' dir='ltr'><strong>ι</strong></span> <span class='ocrx_word' id='word_1_195' title='bbox 1905 1536 2009 1606; x_wconf 89' lang='lat' dir='ltr'><strong>Qui</strong></span> <span class='ocrx_word' id='word_1_196' title='bbox 2035 1538 2176 1594; x_wconf 91' lang='lat' dir='ltr'><strong>lotus</strong></span> <span class='ocrx_word' id='word_1_197' title='bbox 2199 1546 2302 1604; x_wconf 88' lang='lat' dir='ltr'><strong>est,</strong></span> <span class='ocrx_word' id='word_1_198' title='bbox 2347 1537 2479 1593; x_wconf 82' lang='lat' dir='ltr'><strong>nihil</strong></span> <span class='ocrx_word' id='word_1_199' title='bbox 2512 1551 2646 1605; x_wconf 90' lang='lat' dir='ltr'><strong>opus</strong></span> <span class='ocrx_word' id='word_1_200' title='bbox 2675 1536 2839 1592; x_wconf 89' lang='lat' dir='ltr'><strong>habet</strong></span> <span class='ocrx_word' id='word_1_201' title='bbox 2869 1544 3229 1605; x_wconf 71' lang='lat' dir='ltr'><strong>praeterquam</strong></span> <span class='ocrx_word' id='word_1_202' title='bbox 3257 1535 3423 1606; x_wconf 87' lang='lat' dir='ltr'><strong>pedes</strong></span> 
     </span>
    </p>
   </div>
   <div class='ocr_carea' id='block_1_30' title="bbox 1849 1627 3418 1694">
    <p class='ocr_par' dir='ltr' id='par_1_30' title="bbox 1849 1627 3418 1694">
     <span class='ocr_line' id='line_1_30' title="bbox 1849 1627 3418 1694; baseline -0.001 -12"><span class='ocrx_word' id='word_1_203' title='bbox 1849 1627 2056 1694; x_wconf 88' lang='lat' dir='ltr'><strong>lavare,</strong></span> <span class='ocrx_word' id='word_1_204' title='bbox 2093 1627 2190 1682; x_wconf 87' lang='lat' dir='ltr'><strong>sed</strong></span> <span class='ocrx_word' id='word_1_205' title='bbox 2225 1636 2309 1682; x_wconf 85' lang='lat' dir='ltr'><strong>est</strong></span> <span class='ocrx_word' id='word_1_206' title='bbox 2342 1629 2576 1684; x_wconf 87' lang='lat' dir='ltr'><strong>mundus</strong></span> <span class='ocrx_word' id='word_1_207' title='bbox 2613 1635 2757 1684; x_wconf 88' lang='lat' dir='ltr'><strong>totus</strong></span> <span class='ocrx_word' id='word_1_208' title='bbox 2785 1642 2802 1683; x_wconf 85' lang='lat'><strong>:</strong></span> <span class='ocrx_word' id='word_1_209' title='bbox 2835 1637 2890 1680; x_wconf 91' lang='lat' dir='ltr'><strong>et</strong></span> <span class='ocrx_word' id='word_1_210' title='bbox 2915 1641 3012 1681; x_wconf 90' lang='lat' dir='ltr'><strong>vos</strong></span> <span class='ocrx_word' id='word_1_211' title='bbox 3049 1627 3235 1680; x_wconf 88' lang='lat' dir='ltr'><strong>mundi</strong></span> <span class='ocrx_word' id='word_1_212' title='bbox 3263 1629 3418 1692; x_wconf 87' lang='lat' dir='ltr'><strong>estis,</strong></span> 
     </span>
    </p>
   </div>
   <div class='ocr_carea' id='block_1_31' title="bbox 141 1717 1734 1814">
    <p class='ocr_par' dir='ltr' id='par_1_31' title="bbox 141 1723 1734 1798">
     <span class='ocr_line' id='line_1_31' title="bbox 141 1723 1734 1798; baseline 0.001 -22"><span class='ocrx_word' id='word_1_213' title='bbox 141 1723 286 1776; x_wconf 80' lang='grc' dir='ltr'>ἀλλ’</span> <span class='ocrx_word' id='word_1_214' title='bbox 310 1725 430 1794; x_wconf 70' lang='grc' dir='ltr'>οὐχ).</span> <span class='ocrx_word' id='word_1_215' title='bbox 453 1726 670 1791; x_wconf 69' lang='grc' dir='ltr'>πάντες,</span> <span class='ocrx_word' id='word_1_216' title='bbox 699 1746 716 1778; x_wconf 72' lang='grc' dir='ltr'><strong>ι</strong></span> <span class='ocrx_word' id='word_1_217' title='bbox 747 1728 888 1798; x_wconf 82' lang='grc' dir='ltr'>τάχα</span> <span class='ocrx_word' id='word_1_218' title='bbox 913 1727 1203 1783; x_wconf 76' lang='grc' dir='ltr'>ὑποϐάλλει</span> <span class='ocrx_word' id='word_1_219' title='bbox 1233 1726 1356 1782; x_wconf 84' lang='grc' dir='ltr'>νοῦν</span> <span class='ocrx_word' id='word_1_220' title='bbox 1377 1726 1633 1791; x_wconf 85' lang='grc' dir='ltr'>τοιοῦτον,</span> <span class='ocrx_word' id='word_1_221' title='bbox 1665 1726 1734 1787; x_wconf 85' lang='grc' dir='ltr'>ὡς</span> 
     </span>
    </p>
   </div>
   <div class='ocr_carea' id='block_1_32' title="bbox 1840 1717 3419 1814">
    <p class='ocr_par' dir='ltr' id='par_1_32' title="bbox 1846 1717 3419 1788">
     <span class='ocr_line' id='line_1_32' title="bbox 1846 1717 3419 1788; baseline -0.001 -12"><span class='ocrx_word' id='word_1_222' title='bbox 1846 1721 1941 1776; x_wconf 87' lang='lat' dir='ltr'><strong>sed</strong></span> <span class='ocrx_word' id='word_1_223' title='bbox 1969 1735 2081 1776; x_wconf 88' lang='lat' dir='ltr'><strong>non</strong></span> <span class='ocrx_word' id='word_1_224' title='bbox 2121 1734 2312 1776; x_wconf 83' lang='lat' dir='ltr'><strong>omnes</strong></span> <span class='ocrx_word' id='word_1_225' title='bbox 2337 1720 2404 1784; x_wconf 82' lang='grc'><strong>⁷⁸,</strong></span> <span class='ocrx_word' id='word_1_226' title='bbox 2437 1738 2455 1770; x_wconf 73' lang='grc' dir='ltr'><strong>ι</strong></span> <span class='ocrx_word' id='word_1_227' title='bbox 2493 1717 2723 1774; x_wconf 87' lang='lat' dir='ltr'><strong>fortasse</strong></span> <span class='ocrx_word' id='word_1_228' title='bbox 2760 1721 2921 1778; x_wconf 83' lang='lat' dir='ltr'><strong>talem</strong></span> <span class='ocrx_word' id='word_1_229' title='bbox 2945 1720 3186 1788; x_wconf 77' lang='lat' dir='ltr'><strong>suggerit</strong></span> <span class='ocrx_word' id='word_1_230' title='bbox 3219 1719 3419 1774; x_wconf 88' lang='lat' dir='ltr'><strong>intelli-</strong></span> 
     </span>
    </p>
   </div>
   <div class='ocr_carea' id='block_1_33' title="bbox 143 1813 1741 1886">
    <p class='ocr_par' dir='ltr' id='par_1_33' title="bbox 143 1813 1741 1886">
     <span class='ocr_line' id='line_1_33' title="bbox 143 1813 1741 1886; baseline -0.001 -19"><span class='ocrx_word' id='word_1_231' title='bbox 143 1813 268 1885; x_wconf 69' lang='grc' dir='ltr'><strong>ἤδη</strong></span> <span class='ocrx_word' id='word_1_232' title='bbox 299 1814 609 1885; x_wconf 80' lang='grc' dir='ltr'>νιψαμένων</span> <span class='ocrx_word' id='word_1_233' title='bbox 649 1817 776 1878; x_wconf 80' lang='grc' dir='ltr'>τοὺς</span> <span class='ocrx_word' id='word_1_234' title='bbox 807 1816 972 1879; x_wconf 80' lang='grc' dir='ltr'>πόδας</span> <span class='ocrx_word' id='word_1_235' title='bbox 1005 1816 1109 1870; x_wconf 76' lang='grc' dir='ltr'>ὑπὸ</span> <span class='ocrx_word' id='word_1_236' title='bbox 1148 1815 1256 1878; x_wconf 41' lang='grc' dir='ltr'>τοῦ,</span> <span class='ocrx_word' id='word_1_237' title='bbox 1285 1813 1454 1886; x_wconf 83' lang='grc' dir='ltr'>Ἰησοῦ</span> <span class='ocrx_word' id='word_1_238' title='bbox 1497 1814 1604 1870; x_wconf 89' lang='grc' dir='ltr'><strong>τῶν</strong></span> <span class='ocrx_word' id='word_1_239' title='bbox 1636 1830 1741 1884; x_wconf 88' lang='grc' dir='ltr'>μα-</span> 
     </span>
    </p>
   </div>
   <div class='ocr_carea' id='block_1_34' title="bbox 147 1904 1740 1976">
    <p class='ocr_par' dir='ltr' id='par_1_34' title="bbox 147 1904 1740 1976">
     <span class='ocr_line' id='line_1_34' title="bbox 147 1904 1740 1976; baseline 0.001 -19"><span class='ocrx_word' id='word_1_240' title='bbox 147 1904 368 1976; x_wconf 81' lang='grc' dir='ltr'>θητῶν,</span> <span class='ocrx_word' id='word_1_241' title='bbox 415 1905 510 1958; x_wconf 77' lang='grc' dir='ltr'><strong>καὶ</strong></span> <span class='ocrx_word' id='word_1_242' title='bbox 556 1905 695 1976; x_wconf 80' lang='grc' dir='ltr'>πρὸς</span> <span class='ocrx_word' id='word_1_243' title='bbox 745 1905 824 1976; x_wconf 86' lang='grc' dir='ltr'>τῷ</span> <span class='ocrx_word' id='word_1_244' title='bbox 881 1905 1158 1962; x_wconf 87' lang='grc' dir='ltr'>λελοῦσθαι</span> <span class='ocrx_word' id='word_1_245' title='bbox 1223 1907 1324 1960; x_wconf 79' lang='grc' dir='ltr'><strong>οὐκ</strong></span> <span class='ocrx_word' id='word_1_246' title='bbox 1368 1905 1447 1960; x_wconf 80' lang='grc' dir='ltr'>ἐτι</span> <span class='ocrx_word' id='word_1_247' title='bbox 1507 1905 1740 1974; x_wconf 81' lang='grc' dir='ltr'>ἑχόντων</span> 
     </span>
    </p>
   </div>
   <div class='ocr_carea' id='block_1_35' title="bbox 149 1993 1737 2069">
    <p class='ocr_par' dir='ltr' id='par_1_35' title="bbox 149 1993 1737 2069">
     <span class='ocr_line' id='line_1_35' title="bbox 149 1993 1737 2069; baseline 0.001 -23"><span class='ocrx_word' id='word_1_248' title='bbox 149 1993 356 2064; x_wconf 77' lang='grc' dir='ltr'>χρείαν</span> <span class='ocrx_word' id='word_1_249' title='bbox 397 1993 686 2062; x_wconf 79' lang='grc' dir='ltr'>νίψασθαι·</span> <span class='ocrx_word' id='word_1_250' title='bbox 720 1995 881 2051; x_wconf 76' lang='grc' dir='ltr'>ἔτιδὲ</span> <span class='ocrx_word' id='word_1_251' title='bbox 913 1997 1005 2052; x_wconf 73' lang='grc' dir='ltr'><strong>καὶ</strong></span> <span class='ocrx_word' id='word_1_252' title='bbox 1045 1996 1210 2052; x_wconf 80' lang='grc' dir='ltr'>αὐτοῦ</span> <span class='ocrx_word' id='word_1_253' title='bbox 1237 1995 1332 2050; x_wconf 88' lang='grc' dir='ltr'><strong>τοῦ</strong></span> <span class='ocrx_word' id='word_1_254' title='bbox 1384 1996 1591 2069; x_wconf 82' lang='grc' dir='ltr'>Πέτρου</span> <span class='ocrx_word' id='word_1_255' title='bbox 1635 1995 1737 2066; x_wconf 66' lang='grc' dir='ltr'><strong>ἤδη</strong></span> 
     </span>
    </p>
   </div>
   <div class='ocr_carea' id='block_1_36' title="bbox 151 2084 1742 2163">
    <p class='ocr_par' dir='ltr' id='par_1_36' title="bbox 151 2084 1742 2163">
     <span class='ocr_line' id='line_1_36' title="bbox 151 2084 1742 2163; baseline 0.003 -25"><span class='ocrx_word' id='word_1_256' title='bbox 151 2086 320 2151; x_wconf 69' lang='grc' dir='ltr'>ὄντος</span> <span class='ocrx_word' id='word_1_257' title='bbox 358 2084 622 2158; x_wconf 79' lang='grc' dir='ltr'>καθαροῦ,</span> <span class='ocrx_word' id='word_1_258' title='bbox 663 2087 756 2141; x_wconf 70' lang='grc' dir='ltr'><strong>καὶ</strong></span> <span class='ocrx_word' id='word_1_259' title='bbox 800 2088 929 2160; x_wconf 68' lang='grc' dir='ltr'>πρὶν</span> <span class='ocrx_word' id='word_1_260' title='bbox 970 2089 1100 2163; x_wconf 77' lang='grc' dir='ltr'>νίψῃ</span> <span class='ocrx_word' id='word_1_261' title='bbox 1139 2091 1266 2154; x_wconf 79' lang='grc' dir='ltr'>τοὺς</span> <span class='ocrx_word' id='word_1_262' title='bbox 1297 2088 1466 2152; x_wconf 81' lang='grc' dir='ltr'>πόδας</span> <span class='ocrx_word' id='word_1_263' title='bbox 1505 2087 1669 2143; x_wconf 72' lang='grc' dir='ltr'>αὑτοῦ</span> <span class='ocrx_word' id='word_1_264' title='bbox 1711 2087 1742 2142; x_wconf 80' lang='grc' dir='ltr'>ὁ</span> 
     </span>
    </p>
   </div>
   <div class='ocr_carea' id='block_1_37' title="bbox 168 2174 1742 2251">
    <p class='ocr_par' dir='ltr' id='par_1_37' title="bbox 168 2174 1742 2251">
     <span class='ocr_line' id='line_1_37' title="bbox 168 2174 1742 2251; baseline 0.003 -23"><span class='ocrx_word' id='word_1_265' title='bbox 168 2174 406 2246; x_wconf 84' lang='grc' dir='ltr'>Ἰησοῦς.</span> <span class='ocrx_word' id='word_1_266' title='bbox 451 2176 572 2232; x_wconf 84' lang='grc' dir='ltr'><strong>Ἐὰν</strong></span> <span class='ocrx_word' id='word_1_267' title='bbox 621 2177 678 2231; x_wconf 85' lang='grc' dir='ltr'><strong>δέ</strong></span> <span class='ocrx_word' id='word_1_268' title='bbox 717 2196 802 2243; x_wconf 92' lang='grc' dir='ltr'><strong>τις</strong></span> <span class='ocrx_word' id='word_1_269' title='bbox 855 2180 990 2251; x_wconf 76' lang='grc' dir='ltr'>πρὸς</span> <span class='ocrx_word' id='word_1_270' title='bbox 1043 2179 1218 2235; x_wconf 87' lang='grc' dir='ltr'>ταῦτα</span> <span class='ocrx_word' id='word_1_271' title='bbox 1253 2179 1412 2251; x_wconf 78' lang='grc' dir='ltr'>ζητῇ,</span> <span class='ocrx_word' id='word_1_272' title='bbox 1443 2179 1508 2232; x_wconf 87' lang='grc' dir='ltr'>Τί</span> <span class='ocrx_word' id='word_1_273' title='bbox 1550 2179 1742 2249; x_wconf 82' lang='grc' dir='ltr'>δήποτ’</span> 
     </span>
    </p>
   </div>
   <div class='ocr_carea' id='block_1_38' title="bbox 155 2263 1742 2342">
    <p class='ocr_par' dir='ltr' id='par_1_38' title="bbox 155 2263 1742 2342">
     <span class='ocr_line' id='line_1_38' title="bbox 155 2263 1742 2342; baseline 0.004 -24"><span class='ocrx_word' id='word_1_274' title='bbox 155 2263 281 2332; x_wconf 76' lang='grc' dir='ltr'>οὖν,</span> <span class='ocrx_word' id='word_1_275' title='bbox 321 2265 520 2332; x_wconf 75' lang='grc' dir='ltr'>εἰπὼν,</span> <span class='ocrx_word' id='word_1_276' title='bbox 555 2290 574 2320; x_wconf 81' lang='grc' dir='ltr'><strong>ι</strong></span> <span class='ocrx_word' id='word_1_277' title='bbox 615 2269 672 2322; x_wconf 91' lang='lat'><strong>&#39;0</strong></span> <span class='ocrx_word' id='word_1_278' title='bbox 702 2269 1018 2341; x_wconf 82' lang='grc' dir='ltr'>λελουμένος</span> <span class='ocrx_word' id='word_1_279' title='bbox 1051 2272 1152 2325; x_wconf 78' lang='grc' dir='ltr'><strong>οὐκ</strong></span> <span class='ocrx_word' id='word_1_280' title='bbox 1195 2271 1306 2342; x_wconf 75' lang='grc' dir='ltr'>ἔχει</span> <span class='ocrx_word' id='word_1_281' title='bbox 1351 2271 1540 2341; x_wconf 82' lang='grc' dir='ltr'>χρείαν</span> <span class='ocrx_word' id='word_1_282' title='bbox 1585 2270 1742 2339; x_wconf 80' lang='grc' dir='ltr'>νίψα-</span> 
     </span>
    </p>
   </div>
   <div class='ocr_carea' id='block_1_39' title="bbox 158 2354 1742 2430">
    <p class='ocr_par' dir='ltr' id='par_1_39' title="bbox 158 2354 1742 2430">
     <span class='ocr_line' id='line_1_39' title="bbox 158 2354 1742 2430; baseline 0.005 -22"><span class='ocrx_word' id='word_1_283' title='bbox 158 2357 315 2416; x_wconf 75' lang='grc' dir='ltr'>σθαι,</span> <span class='ocrx_word' id='word_1_284' title='bbox 354 2354 468 2408; x_wconf 84' lang='grc' dir='ltr'>ἀλλ’</span> <span class='ocrx_word' id='word_1_285' title='bbox 493 2355 608 2409; x_wconf 80' lang='grc' dir='ltr'>ἐστι</span> <span class='ocrx_word' id='word_1_286' title='bbox 655 2357 892 2427; x_wconf 78' lang='grc' dir='ltr'>καθαρὸς</span> <span class='ocrx_word' id='word_1_287' title='bbox 933 2359 1073 2423; x_wconf 79' lang='grc' dir='ltr'>ὅλος,</span> <span class='ocrx_word' id='word_1_288' title='bbox 1104 2377 1122 2410; x_wconf 85' lang='grc'><strong>›</strong></span> <span class='ocrx_word' id='word_1_289' title='bbox 1163 2359 1238 2430; x_wconf 84' lang='grc' dir='ltr'>μὴ</span> <span class='ocrx_word' id='word_1_290' title='bbox 1277 2360 1464 2429; x_wconf 78' lang='grc' dir='ltr'>χρείαν</span> <span class='ocrx_word' id='word_1_291' title='bbox 1508 2359 1742 2430; x_wconf 77' lang='grc' dir='ltr'>ἑχόντων</span> 
     </span>
    </p>
   </div>
   <div class='ocr_carea' id='block_1_40' title="bbox 157 2440 1740 2516">
    <p class='ocr_par' dir='ltr' id='par_1_40' title="bbox 157 2440 1740 2516">
     <span class='ocr_line' id='line_1_40' title="bbox 157 2440 1740 2516; baseline 0.008 -24"><span class='ocrx_word' id='word_1_292' title='bbox 157 2440 423 2509; x_wconf 72' lang='grc' dir='ltr'>νίψασθαι</span> <span class='ocrx_word' id='word_1_293' title='bbox 456 2444 558 2496; x_wconf 89' lang='grc' dir='ltr'><strong>τῶν</strong></span> <span class='ocrx_word' id='word_1_294' title='bbox 593 2445 868 2516; x_wconf 77' lang='grc' dir='ltr'>μαθητῶν,</span> <span class='ocrx_word' id='word_1_295' title='bbox 913 2448 1088 2502; x_wconf 85' lang='grc' dir='ltr'>νίπτει</span> <span class='ocrx_word' id='word_1_296' title='bbox 1140 2449 1267 2512; x_wconf 84' lang='grc' dir='ltr'>τοὺς</span> <span class='ocrx_word' id='word_1_297' title='bbox 1311 2448 1477 2512; x_wconf 79' lang='grc' dir='ltr'>πόδας</span> <span class='ocrx_word' id='word_1_298' title='bbox 1509 2448 1684 2502; x_wconf 80' lang='grc' dir='ltr'>αὐτῶν</span> <span class='ocrx_word' id='word_1_299' title='bbox 1710 2449 1740 2504; x_wconf 82' lang='grc' dir='ltr'>ὁ</span> 
     </span>
    </p>
   </div>
   <div class='ocr_carea' id='block_1_41' title="bbox 172 2530 1738 2614">
    <p class='ocr_par' dir='ltr' id='par_1_41' title="bbox 172 2530 1738 2614">
     <span class='ocr_line' id='line_1_41' title="bbox 172 2530 1738 2614; baseline 0.008 -29"><span class='ocrx_word' id='word_1_300' title='bbox 172 2530 420 2600; x_wconf 72' lang='grc' dir='ltr'>’ὶησοῦςς</span> <span class='ocrx_word' id='word_1_301' title='bbox 461 2535 679 2590; x_wconf 76' lang='grc' dir='ltr'>λεκτέον</span> <span class='ocrx_word' id='word_1_302' title='bbox 731 2540 878 2611; x_wconf 86' lang='grc' dir='ltr'>αὐτῷ</span> <span class='ocrx_word' id='word_1_303' title='bbox 922 2541 1018 2594; x_wconf 79' lang='grc' dir='ltr'><strong>τό⁹</strong></span> <span class='ocrx_word' id='word_1_304' title='bbox 1056 2560 1075 2594; x_wconf 75' lang='grc' dir='ltr'><strong>ι</strong></span> <span class='ocrx_word' id='word_1_305' title='bbox 1103 2542 1274 2598; x_wconf 64' lang='grc' dir='ltr'><strong>Παντὶ¹</strong></span> <span class='ocrx_word' id='word_1_306' title='bbox 1324 2542 1402 2613; x_wconf 85' lang='grc' dir='ltr'>τῷ</span> <span class='ocrx_word' id='word_1_307' title='bbox 1441 2543 1610 2614; x_wconf 79' lang='grc' dir='ltr'>ἔχοντι</span> <span class='ocrx_word' id='word_1_308' title='bbox 1652 2543 1738 2598; x_wconf 91' lang='grc' dir='ltr'>δο-</span> 
     </span>
    </p>
   </div>
   <div class='ocr_carea' id='block_1_42' title="bbox 153 2619 1737 2704">
    <p class='ocr_par' dir='ltr' id='par_1_42' title="bbox 153 2619 1737 2704">
     <span class='ocr_line' id='line_1_42' title="bbox 153 2619 1737 2704; baseline 0.013 -35"><span class='ocrx_word' id='word_1_309' title='bbox 153 2619 422 2688; x_wconf 82' lang='grc' dir='ltr'>θήσεται,</span> <span class='ocrx_word' id='word_1_310' title='bbox 469 2627 561 2679; x_wconf 66' lang='lat' dir='ltr'><strong>ira).</strong></span> <span class='ocrx_word' id='word_1_311' title='bbox 613 2630 1058 2700; x_wconf 85' lang='grc' dir='ltr'>προστεθήσεται.</span> <span class='ocrx_word' id='word_1_312' title='bbox 1085 2651 1103 2683; x_wconf 72' lang='grc' dir='ltr'><strong>ι</strong></span> <span class='ocrx_word' id='word_1_313' title='bbox 1154 2634 1306 2688; x_wconf 76' lang='grc' dir='ltr'>Ἐπεὶ</span> <span class='ocrx_word' id='word_1_314' title='bbox 1364 2635 1540 2689; x_wconf 81' lang='grc' dir='ltr'>τοίνυν</span> <span class='ocrx_word' id='word_1_315' title='bbox 1592 2631 1737 2704; x_wconf 83' lang='grc' dir='ltr'>εἶχον</span> 
     </span>
    </p>
   </div>
   <div class='ocr_carea' id='block_1_43' title="bbox 149 2711 1737 2799">
    <p class='ocr_par' dir='ltr' id='par_1_43' title="bbox 149 2711 1737 2799">
     <span class='ocr_line' id='line_1_43' title="bbox 149 2711 1737 2799; baseline 0.011 -37"><span class='ocrx_word' id='word_1_316' title='bbox 149 2711 258 2765; x_wconf 79' lang='grc' dir='ltr'>καὶ</span> <span class='ocrx_word' id='word_1_317' title='bbox 289 2713 338 2764; x_wconf 86' lang='lat' dir='ltr'><strong>oi</strong></span> <span class='ocrx_word' id='word_1_318' title='bbox 373 2713 612 2786; x_wconf 78' lang='grc' dir='ltr'>μαθηταὶ</span> <span class='ocrx_word' id='word_1_319' title='bbox 655 2719 716 2772; x_wconf 87' lang='grc' dir='ltr'>τὸ</span> <span class='ocrx_word' id='word_1_320' title='bbox 763 2715 903 2776; x_wconf 77' lang='grc' dir='ltr'>εἶναι</span> <span class='ocrx_word' id='word_1_321' title='bbox 951 2723 1201 2795; x_wconf 74' lang='grc' dir='ltr'>καθαροὶ,</span> <span class='ocrx_word' id='word_1_322' title='bbox 1240 2725 1594 2796; x_wconf 78' lang='grc' dir='ltr'>προστίθησιν</span> <span class='ocrx_word' id='word_1_323' title='bbox 1630 2727 1737 2799; x_wconf 86' lang='grc' dir='ltr'><strong>ἰη-</strong></span> 
     </span>
    </p>
   </div>
   <div class='ocr_carea' id='block_1_44' title="bbox 152 2801 1738 2881">
    <p class='ocr_par' dir='ltr' id='par_1_44' title="bbox 152 2801 1738 2881">
     <span class='ocr_line' id='line_1_44' title="bbox 152 2801 1738 2881; baseline 0.01 -26"><span class='ocrx_word' id='word_1_324' title='bbox 152 2801 292 2865; x_wconf 82' lang='grc' dir='ltr'>σοῦς</span> <span class='ocrx_word' id='word_1_325' title='bbox 329 2807 394 2875; x_wconf 84' lang='grc' dir='ltr'>τῇ</span> <span class='ocrx_word' id='word_1_326' title='bbox 444 2805 776 2881; x_wconf 79' lang='grc' dir='ltr'>καθαρότητι</span> <span class='ocrx_word' id='word_1_327' title='bbox 826 2813 1005 2867; x_wconf 75' lang='grc' dir='ltr'>αὐτῶν</span> <span class='ocrx_word' id='word_1_328' title='bbox 1051 2815 1145 2868; x_wconf 61' lang='grc' dir='ltr'><strong>καὶ⁴</strong></span> <span class='ocrx_word' id='word_1_329' title='bbox 1187 2815 1248 2870; x_wconf 77' lang='grc' dir='ltr'>τὸ</span> <span class='ocrx_word' id='word_1_330' title='bbox 1297 2815 1506 2870; x_wconf 88' lang='grc' dir='ltr'>νίπτειν</span> <span class='ocrx_word' id='word_1_331' title='bbox 1559 2818 1738 2874; x_wconf 81' lang='grc' dir='ltr'>αὐτῶν</span> 
     </span>
    </p>
   </div>
   <div class='ocr_carea' id='block_1_45' title="bbox 145 2894 1740 2978">
    <p class='ocr_par' dir='ltr' id='par_1_45' title="bbox 145 2894 1740 2978">
     <span class='ocr_line' id='line_1_45' title="bbox 145 2894 1740 2978; baseline 0.011 -33"><span class='ocrx_word' id='word_1_332' title='bbox 145 2894 289 2957; x_wconf 73' lang='grc' dir='ltr'>τοὺς</span> <span class='ocrx_word' id='word_1_333' title='bbox 311 2896 473 2961; x_wconf 84' lang='grc' dir='ltr'>πόδας</span> <span class='ocrx_word' id='word_1_334' title='bbox 489 2915 502 2927; x_wconf 95' lang='grc'><strong>·</strong></span> <span class='ocrx_word' id='word_1_335' title='bbox 537 2898 660 2954; x_wconf 78' lang='grc' dir='ltr'>οὔτε</span> <span class='ocrx_word' id='word_1_336' title='bbox 687 2903 812 2966; x_wconf 75' lang='grc' dir='ltr'>τοὺς</span> <span class='ocrx_word' id='word_1_337' title='bbox 831 2903 904 2976; x_wconf 81' lang='grc' dir='ltr'>μὴ</span> <span class='ocrx_word' id='word_1_338' title='bbox 932 2905 1282 2978; x_wconf 86' lang='grc' dir='ltr'>λελουμένους</span> <span class='ocrx_word' id='word_1_339' title='bbox 1305 2909 1470 2976; x_wconf 81' lang='grc' dir='ltr'>νίψων</span> <span class='ocrx_word' id='word_1_340' title='bbox 1494 2909 1583 2976; x_wconf 82' lang='grc' dir='ltr'><strong>ἂν,</strong></span> <span class='ocrx_word' id='word_1_341' title='bbox 1612 2909 1740 2963; x_wconf 75' lang='grc' dir='ltr'>οὔτε</span> 
     </span>
    </p>
   </div>
   <div class='ocr_carea' id='block_1_46' title="bbox 145 2983 1737 3062">
    <p class='ocr_par' dir='ltr' id='par_1_46' title="bbox 145 2983 1737 3062">
     <span class='ocr_line' id='line_1_46' title="bbox 145 2983 1737 3062; baseline 0.008 -28"><span class='ocrx_word' id='word_1_342' title='bbox 145 2983 288 3047; x_wconf 77' lang='grc' dir='ltr'>τοὺς</span> <span class='ocrx_word' id='word_1_343' title='bbox 324 2985 397 3055; x_wconf 82' lang='grc' dir='ltr'>μὴ</span> <span class='ocrx_word' id='word_1_344' title='bbox 427 2986 580 3052; x_wconf 82' lang='grc' dir='ltr'>ὅλους</span> <span class='ocrx_word' id='word_1_345' title='bbox 619 2989 920 3062; x_wconf 78' lang='grc' dir='ltr'>καθαρούς·</span> <span class='ocrx_word' id='word_1_346' title='bbox 955 2993 1069 3046; x_wconf 82' lang='grc' dir='ltr'>ἀλλ’</span> <span class='ocrx_word' id='word_1_347' title='bbox 1103 2993 1274 3058; x_wconf 74' lang='grc' dir='ltr'>οὕτως</span> <span class='ocrx_word' id='word_1_348' title='bbox 1305 2995 1434 3050; x_wconf 82' lang='grc' dir='ltr'>ὥστ’</span> <span class='ocrx_word' id='word_1_349' title='bbox 1467 2997 1533 3049; x_wconf 79' lang='grc' dir='ltr'><strong>ἂν</strong></span> <span class='ocrx_word' id='word_1_350' title='bbox 1563 2998 1737 3050; x_wconf 82' lang='grc' dir='ltr'>εἰπεῖν</span> 
     </span>
    </p>
   </div>
   <div class='ocr_carea' id='block_1_47' title="bbox 1843 1810 3422 1882">
    <p class='ocr_par' dir='ltr' id='par_1_47' title="bbox 1843 1810 3422 1882">
     <span class='ocr_line' id='line_1_47' title="bbox 1843 1810 3422 1882; baseline 0.001 -17"><span class='ocrx_word' id='word_1_351' title='bbox 1843 1813 2104 1882; x_wconf 78' lang='lat' dir='ltr'><strong>gentiam,</strong></span> <span class='ocrx_word' id='word_1_352' title='bbox 2142 1811 2366 1882; x_wconf 87' lang='lat' dir='ltr'><strong>perinde</strong></span> <span class='ocrx_word' id='word_1_353' title='bbox 2388 1811 2545 1880; x_wconf 87' lang='lat' dir='ltr'><strong>quasi</strong></span> <span class='ocrx_word' id='word_1_354' title='bbox 2577 1812 2827 1882; x_wconf 83' lang='lat' dir='ltr'><strong>discipuli</strong></span> <span class='ocrx_word' id='word_1_355' title='bbox 2859 1812 2997 1868; x_wconf 91' lang='lat' dir='ltr'><strong>lotos</strong></span> <span class='ocrx_word' id='word_1_356' title='bbox 3017 1810 3132 1879; x_wconf 88' lang='lat' dir='ltr'><strong>jam</strong></span> <span class='ocrx_word' id='word_1_357' title='bbox 3157 1811 3422 1868; x_wconf 85' lang='lat' dir='ltr'><strong>haberent</strong></span> 
     </span>
    </p>
   </div>
   <div class='ocr_carea' id='block_1_48' title="bbox 1839 1903 3417 1974">
    <p class='ocr_par' dir='ltr' id='par_1_48' title="bbox 1839 1903 3417 1974">
     <span class='ocr_line' id='line_1_48' title="bbox 1839 1903 3417 1974; baseline 0.001 -14"><span class='ocrx_word' id='word_1_358' title='bbox 1839 1905 2005 1974; x_wconf 80' lang='lat' dir='ltr'><strong>pedes</strong></span> <span class='ocrx_word' id='word_1_359' title='bbox 2049 1919 2081 1958; x_wconf 87' lang='lat' dir='ltr'><strong>a</strong></span> <span class='ocrx_word' id='word_1_360' title='bbox 2128 1903 2280 1970; x_wconf 80' lang='lat' dir='ltr'><strong>Jcsu,</strong></span> <span class='ocrx_word' id='word_1_361' title='bbox 2319 1915 2376 1962; x_wconf 81' lang='lat' dir='ltr'><strong>et</strong></span> <span class='ocrx_word' id='word_1_362' title='bbox 2417 1906 2563 1973; x_wconf 90' lang='lat' dir='ltr'><strong>quod</strong></span> <span class='ocrx_word' id='word_1_363' title='bbox 2593 1914 2714 1973; x_wconf 88' lang='lat' dir='ltr'><strong>post</strong></span> <span class='ocrx_word' id='word_1_364' title='bbox 2753 1904 2899 1960; x_wconf 85' lang='lat' dir='ltr'><strong>illam</strong></span> <span class='ocrx_word' id='word_1_365' title='bbox 2939 1904 3264 1960; x_wconf 87' lang='lat' dir='ltr'><strong>lavationem</strong></span> <span class='ocrx_word' id='word_1_366' title='bbox 3309 1923 3417 1961; x_wconf 89' lang='lat' dir='ltr'><strong>non</strong></span> 
     </span>
    </p>
   </div>
   <div class='ocr_carea' id='block_1_49' title="bbox 1839 1993 3416 2065">
    <p class='ocr_par' dir='ltr' id='par_1_49' title="bbox 1839 1993 3416 2065">
     <span class='ocr_line' id='line_1_49' title="bbox 1839 1993 3416 2065; baseline 0.003 -17"><span class='ocrx_word' id='word_1_367' title='bbox 1839 1994 2072 2064; x_wconf 77' lang='lat' dir='ltr'><strong>amplius</strong></span> <span class='ocrx_word' id='word_1_368' title='bbox 2093 2009 2232 2064; x_wconf 89' lang='lat' dir='ltr'><strong>opus</strong></span> <span class='ocrx_word' id='word_1_369' title='bbox 2257 1995 2525 2048; x_wconf 86' lang='lat' dir='ltr'><strong>haberent</strong></span> <span class='ocrx_word' id='word_1_370' title='bbox 2542 1993 2708 2049; x_wconf 81' lang='lat' dir='ltr'><strong>lavari</strong></span> <span class='ocrx_word' id='word_1_371' title='bbox 2729 2011 2745 2060; x_wconf 91' lang='lat'><strong>;</strong></span> <span class='ocrx_word' id='word_1_372' title='bbox 2765 1995 3016 2065; x_wconf 84' lang='lat' dir='ltr'><strong>quodque</strong></span> <span class='ocrx_word' id='word_1_373' title='bbox 3033 1996 3226 2052; x_wconf 83' lang='lat' dir='ltr'><strong>Petrus</strong></span> <span class='ocrx_word' id='word_1_374' title='bbox 3253 1999 3416 2053; x_wconf 86' lang='lat' dir='ltr'><strong>etiam</strong></span> 
     </span>
    </p>
   </div>
   <div class='ocr_carea' id='block_1_50' title="bbox 1841 2084 3419 2156">
    <p class='ocr_par' dir='ltr' id='par_1_50' title="bbox 1841 2084 3419 2156">
     <span class='ocr_line' id='line_1_50' title="bbox 1841 2084 3419 2156; baseline 0.003 -16"><span class='ocrx_word' id='word_1_375' title='bbox 1841 2085 2074 2140; x_wconf 84' lang='lat' dir='ltr'><strong>mundus</strong></span> <span class='ocrx_word' id='word_1_376' title='bbox 2093 2084 2204 2155; x_wconf 85' lang='lat' dir='ltr'><strong>jam</strong></span> <span class='ocrx_word' id='word_1_377' title='bbox 2220 2085 2509 2140; x_wconf 74' lang='lat' dir='ltr'><strong>exsisteret</strong></span> <span class='ocrx_word' id='word_1_378' title='bbox 2531 2094 2820 2154; x_wconf 83' lang='lat' dir='ltr'><strong>antequam</strong></span> <span class='ocrx_word' id='word_1_379' title='bbox 2845 2086 2986 2141; x_wconf 89' lang='lat' dir='ltr'><strong>illius</strong></span> <span class='ocrx_word' id='word_1_380' title='bbox 3016 2087 3180 2156; x_wconf 87' lang='lat' dir='ltr'><strong>pedes</strong></span> <span class='ocrx_word' id='word_1_381' title='bbox 3209 2088 3419 2144; x_wconf 89' lang='lat' dir='ltr'><strong>lavaret</strong></span> 
     </span>
    </p>
   </div>
   <div class='ocr_carea' id='block_1_51' title="bbox 1839 2170 3416 2245">
    <p class='ocr_par' dir='ltr' id='par_1_51' title="bbox 1839 2170 3416 2245">
     <span class='ocr_line' id='line_1_51' title="bbox 1839 2170 3416 2245; baseline 0.004 -19"><span class='ocrx_word' id='word_1_382' title='bbox 1839 2170 2017 2228; x_wconf 86' lang='lat' dir='ltr'><strong>Jcsus.</strong></span> <span class='ocrx_word' id='word_1_383' title='bbox 2046 2171 2197 2240; x_wconf 85' lang='lat' dir='ltr'><strong>Quod</strong></span> <span class='ocrx_word' id='word_1_384' title='bbox 2226 2173 2272 2228; x_wconf 88' lang='lat' dir='ltr'><strong>si</strong></span> <span class='ocrx_word' id='word_1_385' title='bbox 2303 2183 2496 2228; x_wconf 85' lang='lat' dir='ltr'><strong>contra</strong></span> <span class='ocrx_word' id='word_1_386' title='bbox 2537 2175 2653 2229; x_wconf 70' lang='lat' dir='ltr'><strong>haec</strong></span> <span class='ocrx_word' id='word_1_387' title='bbox 2684 2183 2891 2245; x_wconf 70' lang='lat' dir='ltr'><strong>quaarat</strong></span> <span class='ocrx_word' id='word_1_388' title='bbox 2926 2175 3145 2245; x_wconf 88' lang='lat' dir='ltr'><strong>aliquis,</strong></span> <span class='ocrx_word' id='word_1_389' title='bbox 3174 2192 3270 2232; x_wconf 89' lang='lat' dir='ltr'><strong>cur</strong></span> <span class='ocrx_word' id='word_1_390' title='bbox 3293 2194 3416 2234; x_wconf 91' lang='lat' dir='ltr'><strong>cum</strong></span> 
     </span>
    </p>
   </div>
   <div class='ocr_carea' id='block_1_52' title="bbox 1840 2263 3418 2336">
    <p class='ocr_par' dir='ltr' id='par_1_52' title="bbox 1840 2263 3418 2336">
     <span class='ocr_line' id='line_1_52' title="bbox 1840 2263 3418 2336; baseline 0.003 -17"><span class='ocrx_word' id='word_1_391' title='bbox 1840 2263 2086 2328; x_wconf 83' lang='lat' dir='ltr'><strong>dixisset,</strong></span> <span class='ocrx_word' id='word_1_392' title='bbox 2149 2283 2168 2315; x_wconf 74' lang='grc' dir='ltr'><strong>ι</strong></span> <span class='ocrx_word' id='word_1_393' title='bbox 2195 2263 2297 2330; x_wconf 85' lang='lat' dir='ltr'><strong>Qui</strong></span> <span class='ocrx_word' id='word_1_394' title='bbox 2337 2263 2482 2320; x_wconf 80' lang='lat' dir='ltr'><strong>lctus</strong></span> <span class='ocrx_word' id='word_1_395' title='bbox 2518 2273 2629 2330; x_wconf 86' lang='lat' dir='ltr'><strong>est,</strong></span> <span class='ocrx_word' id='word_1_396' title='bbox 2677 2280 2784 2320; x_wconf 89' lang='lat' dir='ltr'><strong>non</strong></span> <span class='ocrx_word' id='word_1_397' title='bbox 2816 2282 2954 2336; x_wconf 88' lang='lat' dir='ltr'><strong>opus</strong></span> <span class='ocrx_word' id='word_1_398' title='bbox 2980 2269 3145 2322; x_wconf 84' lang='lat' dir='ltr'><strong>habet</strong></span> <span class='ocrx_word' id='word_1_399' title='bbox 3183 2276 3241 2326; x_wconf 90' lang='lat' dir='ltr'><strong>ut</strong></span> <span class='ocrx_word' id='word_1_400' title='bbox 3275 2269 3418 2324; x_wconf 86' lang='lat' dir='ltr'><strong>lavc-</strong></span> 
     </span>
    </p>
   </div>
   <div class='ocr_carea' id='block_1_53' title="bbox 1842 2355 3420 2430">
    <p class='ocr_par' dir='ltr' id='par_1_53' title="bbox 1842 2355 3420 2430">
     <span class='ocr_line' id='line_1_53' title="bbox 1842 2355 3420 2430; baseline 0.004 -23"><span class='ocrx_word' id='word_1_401' title='bbox 1842 2362 1949 2418; x_wconf 89' lang='lat' dir='ltr'><strong>tur,</strong></span> <span class='ocrx_word' id='word_1_402' title='bbox 1977 2355 2071 2410; x_wconf 86' lang='lat' dir='ltr'><strong>sed</strong></span> <span class='ocrx_word' id='word_1_403' title='bbox 2098 2365 2182 2410; x_wconf 90' lang='lat' dir='ltr'><strong>est</strong></span> <span class='ocrx_word' id='word_1_404' title='bbox 2205 2355 2438 2412; x_wconf 90' lang='lat' dir='ltr'><strong>mundus</strong></span> <span class='ocrx_word' id='word_1_405' title='bbox 2467 2365 2632 2420; x_wconf 89' lang='lat' dir='ltr'><strong>totus,</strong></span> <span class='ocrx_word' id='word_1_406' title='bbox 2655 2375 2675 2409; x_wconf 72' lang='grc' dir='ltr'><strong>ι</strong></span> <span class='ocrx_word' id='word_1_407' title='bbox 2698 2355 2841 2414; x_wconf 81' lang='lat' dir='ltr'><strong>lavet</strong></span> <span class='ocrx_word' id='word_1_408' title='bbox 2867 2366 3045 2413; x_wconf 88' lang='lat' dir='ltr'><strong>tamen</strong></span> <span class='ocrx_word' id='word_1_409' title='bbox 3067 2358 3230 2414; x_wconf 83' lang='lat' dir='ltr'><strong>Jesus</strong></span> <span class='ocrx_word' id='word_1_410' title='bbox 3254 2360 3420 2430; x_wconf 87' lang='lat' dir='ltr'><strong>pedes</strong></span> 
     </span>
    </p>
   </div>
   <div class='ocr_carea' id='block_1_54' title="bbox 1839 2445 3415 2524">
    <p class='ocr_par' dir='ltr' id='par_1_54' title="bbox 1839 2445 3415 2524">
     <span class='ocr_line' id='line_1_54' title="bbox 1839 2445 3415 2524; baseline 0.005 -25"><span class='ocrx_word' id='word_1_411' title='bbox 1839 2445 2252 2514; x_wconf 90' lang='lat' dir='ltr'><strong>discipulorum,</strong></span> <span class='ocrx_word' id='word_1_412' title='bbox 2279 2447 2374 2518; x_wconf 85' lang='lat' dir='ltr'><strong>qui</strong></span> <span class='ocrx_word' id='word_1_413' title='bbox 2417 2448 2659 2519; x_wconf 84' lang='lat' dir='ltr'><strong>alioquin</strong></span> <span class='ocrx_word' id='word_1_414' title='bbox 2689 2464 2828 2524; x_wconf 85' lang='lat' dir='ltr'><strong>opus</strong></span> <span class='ocrx_word' id='word_1_415' title='bbox 2870 2465 2975 2504; x_wconf 91' lang='lat' dir='ltr'><strong>non</strong></span> <span class='ocrx_word' id='word_1_416' title='bbox 3012 2452 3284 2506; x_wconf 86' lang='lat' dir='ltr'><strong>habebant</strong></span> <span class='ocrx_word' id='word_1_417' title='bbox 3312 2452 3415 2507; x_wconf 88' lang='lat' dir='ltr'><strong>sibi</strong></span> 
     </span>
    </p>
   </div>
   <div class='ocr_carea' id='block_1_55' title="bbox 1840 2536 3415 2598">
    <p class='ocr_par' dir='ltr' id='par_1_55' title="bbox 1840 2536 3415 2598">
     <span class='ocr_line' id='line_1_55' title="bbox 1840 2536 3415 2598; baseline 0.003 -6"><span class='ocrx_word' id='word_1_418' title='bbox 1840 2551 1936 2598; x_wconf 84' lang='lat' dir='ltr'><strong>eos</strong></span> <span class='ocrx_word' id='word_1_419' title='bbox 1962 2536 2174 2592; x_wconf 82' lang='lat' dir='ltr'><strong>lavari?</strong></span> <span class='ocrx_word' id='word_1_420' title='bbox 2210 2539 2333 2596; x_wconf 80' lang='lat' dir='ltr'><strong>huic</strong></span> <span class='ocrx_word' id='word_1_421' title='bbox 2355 2539 2482 2596; x_wconf 87' lang='lat' dir='ltr'><strong>illud</strong></span> <span class='ocrx_word' id='word_1_422' title='bbox 2507 2539 2795 2596; x_wconf 87' lang='lat' dir='ltr'><strong>dicendum</strong></span> <span class='ocrx_word' id='word_1_423' title='bbox 2826 2549 2912 2596; x_wconf 84' lang='lat' dir='ltr'><strong>est</strong></span> <span class='ocrx_word' id='word_1_424' title='bbox 2932 2555 2944 2588; x_wconf 91' lang='lat'>:</span> <span class='ocrx_word' id='word_1_425' title='bbox 2968 2560 2985 2592; x_wconf 76' lang='grc' dir='ltr'><strong>ι</strong></span> <span class='ocrx_word' id='word_1_426' title='bbox 3007 2541 3164 2596; x_wconf 87' lang='lat' dir='ltr'><strong>Omni</strong></span> <span class='ocrx_word' id='word_1_427' title='bbox 3197 2542 3415 2598; x_wconf 87' lang='lat' dir='ltr'><strong>habenti</strong></span> 
     </span>
    </p>
   </div>
   <div class='ocr_carea' id='block_1_56' title="bbox 1837 2630 3412 2701">
    <p class='ocr_par' dir='ltr' id='par_1_56' title="bbox 1837 2630 3412 2701">
     <span class='ocr_line' id='line_1_56' title="bbox 1837 2630 3412 2701; baseline 0.003 -15"><span class='ocrx_word' id='word_1_428' title='bbox 1837 2630 2084 2698; x_wconf 85' lang='lat' dir='ltr'><strong>dabitur,</strong></span> <span class='ocrx_word' id='word_1_429' title='bbox 2109 2641 2165 2688; x_wconf 91' lang='lat' dir='ltr'><strong>et</strong></span> <span class='ocrx_word' id='word_1_430' title='bbox 2193 2631 2585 2701; x_wconf 75' lang='lat' dir='ltr'><strong>adiicietur&quot;;</strong></span> <span class='ocrx_word' id='word_1_431' title='bbox 2635 2652 2654 2687; x_wconf 75' lang='grc' dir='ltr'><strong>ι</strong></span> <span class='ocrx_word' id='word_1_432' title='bbox 2683 2633 2827 2689; x_wconf 78' lang='lat' dir='ltr'><strong>unde</strong></span> <span class='ocrx_word' id='word_1_433' title='bbox 2875 2634 3202 2689; x_wconf 82' lang='lat' dir='ltr'><strong>habentibus</strong></span> <span class='ocrx_word' id='word_1_434' title='bbox 3250 2635 3412 2692; x_wconf 81' lang='lat' dir='ltr'><strong>disci-</strong></span> 
     </span>
    </p>
   </div>
   <div class='ocr_carea' id='block_1_57' title="bbox 1839 2721 3414 2794">
    <p class='ocr_par' dir='ltr' id='par_1_57' title="bbox 1839 2721 3414 2794">
     <span class='ocr_line' id='line_1_57' title="bbox 1839 2721 3414 2794; baseline 0.004 -20"><span class='ocrx_word' id='word_1_435' title='bbox 1839 2723 1980 2791; x_wconf 90' lang='lat' dir='ltr'><strong>pulis</strong></span> <span class='ocrx_word' id='word_1_436' title='bbox 2029 2723 2373 2790; x_wconf 85' lang='lat' dir='ltr'><strong>munditiem,</strong></span> <span class='ocrx_word' id='word_1_437' title='bbox 2425 2721 2632 2791; x_wconf 85' lang='lat' dir='ltr'><strong>Jesum,</strong></span> <span class='ocrx_word' id='word_1_438' title='bbox 2699 2734 2760 2779; x_wconf 88' lang='lat' dir='ltr'><strong>ut</strong></span> <span class='ocrx_word' id='word_1_439' title='bbox 2811 2725 3074 2794; x_wconf 79' lang='lat' dir='ltr'><strong>adiiceret</strong></span> <span class='ocrx_word' id='word_1_440' title='bbox 3131 2727 3414 2781; x_wconf 85' lang='lat' dir='ltr'><strong>munditici</strong></span> 
     </span>
    </p>
   </div>
   <div class='ocr_carea' id='block_1_58' title="bbox 1838 2814 3414 2891">
    <p class='ocr_par' dir='ltr' id='par_1_58' title="bbox 1838 2814 3414 2891">
     <span class='ocr_line' id='line_1_58' title="bbox 1838 2814 3414 2891; baseline 0.004 -22"><span class='ocrx_word' id='word_1_441' title='bbox 1838 2814 2074 2883; x_wconf 86' lang='lat' dir='ltr'><strong>illorum,</strong></span> <span class='ocrx_word' id='word_1_442' title='bbox 2114 2816 2328 2872; x_wconf 86' lang='lat' dir='ltr'><strong>illorum</strong></span> <span class='ocrx_word' id='word_1_443' title='bbox 2364 2817 2531 2890; x_wconf 88' lang='lat' dir='ltr'><strong>pedes</strong></span> <span class='ocrx_word' id='word_1_444' title='bbox 2575 2815 2739 2872; x_wconf 89' lang='lat' dir='ltr'><strong>etiam</strong></span> <span class='ocrx_word' id='word_1_445' title='bbox 2788 2815 3014 2882; x_wconf 85' lang='lat' dir='ltr'><strong>lavare;</strong></span> <span class='ocrx_word' id='word_1_446' title='bbox 3052 2818 3173 2872; x_wconf 87' lang='lat' dir='ltr'><strong>illos</strong></span> <span class='ocrx_word' id='word_1_447' title='bbox 3208 2819 3414 2891; x_wconf 74' lang='lat' dir='ltr'><strong>alioqui</strong></span> 
     </span>
    </p>
   </div>
   <div class='ocr_carea' id='block_1_59' title="bbox 1838 2907 3410 2978">
    <p class='ocr_par' dir='ltr' id='par_1_59' title="bbox 1838 2907 3410 2978">
     <span class='ocr_line' id='line_1_59' title="bbox 1838 2907 3410 2978; baseline 0.002 -12"><span class='ocrx_word' id='word_1_448' title='bbox 1838 2924 1945 2966; x_wconf 88' lang='lat' dir='ltr'><strong>non</strong></span> <span class='ocrx_word' id='word_1_449' title='bbox 1970 2909 2270 2974; x_wconf 83' lang='lat' dir='ltr'><strong>lavaturus,</strong></span> <span class='ocrx_word' id='word_1_450' title='bbox 2297 2907 2350 2962; x_wconf 87' lang='lat' dir='ltr'><strong>ni</strong></span> <span class='ocrx_word' id='word_1_451' title='bbox 2379 2908 2470 2963; x_wconf 87' lang='lat' dir='ltr'><strong>loti</strong></span> <span class='ocrx_word' id='word_1_452' title='bbox 2495 2907 2729 2963; x_wconf 83' lang='lat' dir='ltr'><strong>fuissent</strong></span> <span class='ocrx_word' id='word_1_453' title='bbox 2755 2917 2918 2978; x_wconf 87' lang='lat' dir='ltr'><strong>atque</strong></span> <span class='ocrx_word' id='word_1_454' title='bbox 2941 2909 3165 2964; x_wconf 90' lang='lat' dir='ltr'><strong>omnino</strong></span> <span class='ocrx_word' id='word_1_455' title='bbox 3190 2913 3410 2970; x_wconf 89' lang='lat' dir='ltr'><strong>mundi:</strong></span> 
     </span>
    </p>
   </div>
   <div class='ocr_carea' id='block_1_60' title="bbox 1838 2999 3414 3070">
    <p class='ocr_par' dir='ltr' id='par_1_60' title="bbox 1838 2999 3414 3070">
     <span class='ocr_line' id='line_1_60' title="bbox 1838 2999 3414 3070; baseline 0.003 -16"><span class='ocrx_word' id='word_1_456' title='bbox 1838 3000 1911 3054; x_wconf 86' lang='lat' dir='ltr'><strong>ita</strong></span> <span class='ocrx_word' id='word_1_457' title='bbox 1941 3009 2122 3056; x_wconf 88' lang='lat' dir='ltr'><strong>tamen</strong></span> <span class='ocrx_word' id='word_1_458' title='bbox 2155 3009 2212 3055; x_wconf 92' lang='lat' dir='ltr'><strong>ut</strong></span> <span class='ocrx_word' id='word_1_459' title='bbox 2235 3000 2484 3056; x_wconf 85' lang='lat' dir='ltr'><strong>dicamus</strong></span> <span class='ocrx_word' id='word_1_460' title='bbox 2512 2999 2785 3055; x_wconf 88' lang='lat' dir='ltr'><strong>neminem</strong></span> <span class='ocrx_word' id='word_1_461' title='bbox 2817 3015 2884 3055; x_wconf 86' lang='lat' dir='ltr'><strong>ex</strong></span> <span class='ocrx_word' id='word_1_462' title='bbox 2911 3000 3102 3070; x_wconf 87' lang='lat' dir='ltr'><strong>bisqui</strong></span> <span class='ocrx_word' id='word_1_463' title='bbox 3127 3002 3231 3057; x_wconf 80' lang='lat' dir='ltr'><strong>isto</strong></span> <span class='ocrx_word' id='word_1_464' title='bbox 3251 3004 3414 3059; x_wconf 86' lang='lat' dir='ltr'><strong>modo</strong></span> 
     </span>
    </p>
   </div>
   <div class='ocr_carea' id='block_1_61' title="bbox 147 3077 1734 3160">
    <p class='ocr_par' dir='ltr' id='par_1_61' title="bbox 147 3077 1734 3160">
     <span class='ocr_line' id='line_1_61' title="bbox 147 3077 1734 3160; baseline 0.008 -33"><span class='ocrx_word' id='word_1_465' title='bbox 147 3077 290 3149; x_wconf 79' lang='grc' dir='ltr'>περὶ</span> <span class='ocrx_word' id='word_1_466' title='bbox 323 3077 426 3132; x_wconf 85' lang='grc' dir='ltr'><strong>τῶν</strong></span> <span class='ocrx_word' id='word_1_467' title='bbox 462 3079 632 3146; x_wconf 76' lang='grc' dir='ltr'>οὕτως</span> <span class='ocrx_word' id='word_1_468' title='bbox 664 3083 940 3160; x_wconf 84' lang='grc' dir='ltr'>καθαρῶν,</span> <span class='ocrx_word' id='word_1_469' title='bbox 983 3085 1086 3139; x_wconf 79' lang='grc' dir='ltr'>κᾶν</span> <span class='ocrx_word' id='word_1_470' title='bbox 1117 3087 1226 3157; x_wconf 80' lang='grc' dir='ltr'>γάρ</span> <span class='ocrx_word' id='word_1_471' title='bbox 1259 3103 1345 3150; x_wconf 82' lang='grc' dir='ltr'><strong>τις</strong></span> <span class='ocrx_word' id='word_1_472' title='bbox 1443 3086 1642 3149; x_wconf 83' lang='grc' dir='ltr'>τέλειος</span> <span class='ocrx_word' id='word_1_473' title='bbox 1679 3088 1734 3139; x_wconf 86' lang='grc' dir='ltr'>ὲν</span> 
     </span>
    </p>
   </div>
   <div class='ocr_carea' id='block_1_62' title="bbox 1840 3077 3412 3160">
    <p class='ocr_par' dir='ltr' id='par_1_62' title="bbox 1840 3087 3412 3158">
     <span class='ocr_line' id='line_1_62' title="bbox 1840 3087 3412 3158; baseline 0 -15"><span class='ocrx_word' id='word_1_474' title='bbox 1840 3099 1964 3143; x_wconf 89' lang='lat' dir='ltr'><strong>sunt</strong></span> <span class='ocrx_word' id='word_1_475' title='bbox 1990 3088 2199 3158; x_wconf 87' lang='lat' dir='ltr'><strong>tunndi,</strong></span> <span class='ocrx_word' id='word_1_476' title='bbox 2247 3087 2464 3144; x_wconf 87' lang='lat' dir='ltr'><strong>etiamsi</strong></span> <span class='ocrx_word' id='word_1_477' title='bbox 2514 3087 2790 3155; x_wconf 81' lang='lat' dir='ltr'><strong>perlectus</strong></span> <span class='ocrx_word' id='word_1_478' title='bbox 2837 3087 2959 3156; x_wconf 88' lang='lat' dir='ltr'><strong>quis</strong></span> <span class='ocrx_word' id='word_1_479' title='bbox 2987 3087 3061 3141; x_wconf 92' lang='lat' dir='ltr'><strong>sit</strong></span> <span class='ocrx_word' id='word_1_480' title='bbox 3094 3087 3236 3143; x_wconf 88' lang='lat' dir='ltr'><strong>inter</strong></span> <span class='ocrx_word' id='word_1_481' title='bbox 3269 3089 3412 3144; x_wconf 79' lang='lat' dir='ltr'><strong>ﬁlios</strong></span> 
     </span>
    </p>
   </div>
   <div class='ocr_carea' id='block_1_63' title="bbox 144 3170 1732 3249">
    <p class='ocr_par' dir='ltr' id='par_1_63' title="bbox 144 3170 1732 3249">
     <span class='ocr_line' id='line_1_63' title="bbox 144 3170 1732 3249; baseline 0.005 -26"><span class='ocrx_word' id='word_1_482' title='bbox 144 3170 299 3233; x_wconf 74' lang='grc' dir='ltr'>υἱοῖς</span> <span class='ocrx_word' id='word_1_483' title='bbox 340 3171 658 3242; x_wconf 84' lang='grc' dir='ltr'>ἀνθρώπων,</span> <span class='ocrx_word' id='word_1_484' title='bbox 700 3175 800 3246; x_wconf 81' lang='grc' dir='ltr'>τῆς</span> <span class='ocrx_word' id='word_1_485' title='bbox 831 3177 940 3231; x_wconf 77' lang='grc' dir='ltr'><strong>ἀπὸ</strong></span> <span class='ocrx_word' id='word_1_486' title='bbox 985 3178 1079 3232; x_wconf 87' lang='grc' dir='ltr'><strong>σοῦ</strong></span> <span class='ocrx_word' id='word_1_487' title='bbox 1117 3179 1260 3249; x_wconf 77' lang='grc'>(10),</span> <span class='ocrx_word' id='word_1_488' title='bbox 1308 3179 1374 3232; x_wconf 80' lang='grc' dir='ltr'><strong>ἵν’</strong></span> <span class='ocrx_word' id='word_1_489' title='bbox 1404 3178 1575 3242; x_wconf 80' lang='grc' dir='ltr'>οὕτως</span> <span class='ocrx_word' id='word_1_490' title='bbox 1617 3178 1732 3232; x_wconf 76' lang='grc' dir='ltr'>ὀνορ</span> 
     </span>
    </p>
   </div>
   <div class='ocr_carea' id='block_1_64' title="bbox 147 3262 1732 3340">
    <p class='ocr_par' dir='ltr' id='par_1_64' title="bbox 147 3262 1732 3340">
     <span class='ocr_line' id='line_1_64' title="bbox 147 3262 1732 3340; baseline 0.004 -24"><span class='ocrx_word' id='word_1_491' title='bbox 147 3263 341 3334; x_wconf 80' lang='grc' dir='ltr'>μάσω,</span> <span class='ocrx_word' id='word_1_492' title='bbox 385 3262 748 3336; x_wconf 77' lang='grc' dir='ltr'>καθαρότητος</span> <span class='ocrx_word' id='word_1_493' title='bbox 789 3267 1061 3340; x_wconf 84' lang='grc' dir='ltr'>ἀπούσης,</span> <span class='ocrx_word' id='word_1_494' title='bbox 1099 3271 1178 3332; x_wconf 87' lang='grc' dir='ltr'><strong>είς</strong></span> <span class='ocrx_word' id='word_1_495' title='bbox 1216 3268 1453 3340; x_wconf 82' lang='grc' dir='ltr'>καθαρὸν</span> <span class='ocrx_word' id='word_1_496' title='bbox 1484 3270 1544 3321; x_wconf 86' lang='grc' dir='ltr'>οὺ</span> <span class='ocrx_word' id='word_1_497' title='bbox 1588 3269 1732 3336; x_wconf 85' lang='grc' dir='ltr'>λογι-</span> 
     </span>
    </p>
   </div>
   <div class='ocr_carea' id='block_1_65' title="bbox 146 3354 1733 3429">
    <p class='ocr_par' dir='ltr' id='par_1_65' title="bbox 146 3354 1733 3429">
     <span class='ocr_line' id='line_1_65' title="bbox 146 3354 1733 3429; baseline 0.003 -21"><span class='ocrx_word' id='word_1_498' title='bbox 146 3354 440 3426; x_wconf 78' lang='grc' dir='ltr'>σθήσεται.</span> <span class='ocrx_word' id='word_1_499' title='bbox 483 3355 593 3409; x_wconf 72' lang='grc' dir='ltr'>Καὶ</span> <span class='ocrx_word' id='word_1_500' title='bbox 625 3355 796 3410; x_wconf 84' lang='grc' dir='ltr'>ταῦτα</span> <span class='ocrx_word' id='word_1_501' title='bbox 837 3357 894 3410; x_wconf 80' lang='grc' dir='ltr'><strong>δὲ.</strong></span> <span class='ocrx_word' id='word_1_502' title='bbox 939 3356 1162 3429; x_wconf 80' lang='grc' dir='ltr'>ὕστερον</span> <span class='ocrx_word' id='word_1_503' title='bbox 1203 3357 1486 3428; x_wconf 80' lang='grc' dir='ltr'>ἐκτίθεμαι</span> <span class='ocrx_word' id='word_1_504' title='bbox 1527 3358 1733 3412; x_wconf 80' lang='grc' dir='ltr'>ὑποπε-</span> 
     </span>
    </p>
   </div>
   <div class='ocr_carea' id='block_1_66' title="bbox 145 3445 1734 3520">
    <p class='ocr_par' dir='ltr' id='par_1_66' title="bbox 145 3445 1734 3520">
     <span class='ocr_line' id='line_1_66' title="bbox 145 3445 1734 3520; baseline 0.003 -22"><span class='ocrx_word' id='word_1_505' title='bbox 145 3445 323 3498; x_wconf 78' lang='grc' dir='ltr'>σόντα</span> <span class='ocrx_word' id='word_1_506' title='bbox 359 3445 496 3515; x_wconf 77' lang='grc' dir='ltr'>μετὰ</span> <span class='ocrx_word' id='word_1_507' title='bbox 535 3446 596 3500; x_wconf 80' lang='grc' dir='ltr'>τὸ</span> <span class='ocrx_word' id='word_1_508' title='bbox 634 3447 1070 3519; x_wconf 73' lang='grc' dir='ltr'>ὑπαγορευθῆναι</span> <span class='ocrx_word' id='word_1_509' title='bbox 1113 3447 1181 3501; x_wconf 80' lang='grc' dir='ltr'>τὰ</span> <span class='ocrx_word' id='word_1_510' title='bbox 1218 3449 1486 3520; x_wconf 86' lang='grc' dir='ltr'>πρότερα,</span> <span class='ocrx_word' id='word_1_511' title='bbox 1533 3447 1734 3512; x_wconf 77' lang='grc' dir='ltr'>σωζόν-</span> 
     </span>
    </p>
   </div>
   <div class='ocr_carea' id='block_1_67' title="bbox 142 3536 1732 3608">
    <p class='ocr_par' dir='ltr' id='par_1_67' title="bbox 142 3536 1732 3608">
     <span class='ocr_line' id='line_1_67' title="bbox 142 3536 1732 3608; baseline 0.004 -21"><span class='ocrx_word' id='word_1_512' title='bbox 142 3553 266 3588; x_wconf 85' lang='grc' dir='ltr'><strong>των</strong></span> <span class='ocrx_word' id='word_1_513' title='bbox 294 3536 449 3606; x_wconf 80' lang='grc' dir='ltr'>ὴμῶν</span> <span class='ocrx_word' id='word_1_514' title='bbox 475 3539 569 3590; x_wconf 72' lang='grc' dir='ltr'><strong>καὶ</strong></span> <span class='ocrx_word' id='word_1_515' title='bbox 593 3537 690 3608; x_wconf 72' lang='grc' dir='ltr'>τὴν</span> <span class='ocrx_word' id='word_1_516' title='bbox 719 3538 866 3605; x_wconf 77' lang='grc' dir='ltr'>τάξιν</span> <span class='ocrx_word' id='word_1_517' title='bbox 895 3540 1000 3593; x_wconf 89' lang='grc' dir='ltr'><strong>τῶν</strong></span> <span class='ocrx_word' id='word_1_518' title='bbox 1032 3539 1454 3594; x_wconf 82' lang='grc' dir='ltr'>ὑπεισελθόντων</span> <span class='ocrx_word' id='word_1_519' title='bbox 1479 3539 1624 3605; x_wconf 84' lang='grc' dir='ltr'>νοῦν,</span> <span class='ocrx_word' id='word_1_520' title='bbox 1655 3541 1732 3602; x_wconf 85' lang='grc' dir='ltr'>ὼς</span> 
     </span>
    </p>
   </div>
   <div class='ocr_carea' id='block_1_68' title="bbox 145 3625 1731 3700">
    <p class='ocr_par' dir='ltr' id='par_1_68' title="bbox 145 3625 1731 3700">
     <span class='ocr_line' id='line_1_68' title="bbox 145 3625 1731 3700; baseline 0 -20"><span class='ocrx_word' id='word_1_521' title='bbox 145 3627 424 3698; x_wconf 83' lang='grc' dir='ltr'>πρότερον</span> <span class='ocrx_word' id='word_1_522' title='bbox 467 3627 564 3698; x_wconf 84' lang='grc' dir='ltr'><strong>μὲν</strong></span> <span class='ocrx_word' id='word_1_523' title='bbox 600 3627 815 3699; x_wconf 83' lang='grc' dir='ltr'>βλέπειν</span> <span class='ocrx_word' id='word_1_524' title='bbox 857 3629 1208 3700; x_wconf 81' lang='grc' dir='ltr'>ρυπωθέντας</span> <span class='ocrx_word' id='word_1_525' title='bbox 1257 3629 1379 3693; x_wconf 79' lang='grc' dir='ltr'>τοὺς</span> <span class='ocrx_word' id='word_1_526' title='bbox 1427 3627 1593 3690; x_wconf 82' lang='grc' dir='ltr'>πόδας</span> <span class='ocrx_word' id='word_1_527' title='bbox 1621 3625 1731 3680; x_wconf 91' lang='grc' dir='ltr'><strong>τῶν</strong></span> 
     </span>
    </p>
   </div>
   <div class='ocr_carea' id='block_1_69' title="bbox 148 3717 1729 3790">
    <p class='ocr_par' dir='ltr' id='par_1_69' title="bbox 148 3717 1729 3790">
     <span class='ocr_line' id='line_1_69' title="bbox 148 3717 1729 3790; baseline 0.002 -21"><span class='ocrx_word' id='word_1_528' title='bbox 148 3717 421 3788; x_wconf 79' lang='grc' dir='ltr'>μαθητῶν</span> <span class='ocrx_word' id='word_1_529' title='bbox 470 3717 750 3788; x_wconf 77' lang='grc' dir='ltr'>δεδεῆσθαι</span> <span class='ocrx_word' id='word_1_530' title='bbox 806 3720 905 3790; x_wconf 79' lang='grc' dir='ltr'><strong>τῆς</strong></span> <span class='ocrx_word' id='word_1_531' title='bbox 961 3721 1068 3774; x_wconf 84' lang='grc' dir='ltr'>ἀπὸ</span> <span class='ocrx_word' id='word_1_532' title='bbox 1123 3720 1220 3774; x_wconf 85' lang='grc' dir='ltr'><strong>τοῦ</strong></span> <span class='ocrx_word' id='word_1_533' title='bbox 1269 3719 1439 3790; x_wconf 84' lang='grc' dir='ltr'>Ἰησοῦ</span> <span class='ocrx_word' id='word_1_534' title='bbox 1494 3719 1691 3788; x_wconf 76' lang='grc' dir='ltr'>νίψεως</span> <span class='ocrx_word' id='word_1_535' title='bbox 1715 3756 1729 3782; x_wconf 88' lang='grc'><strong>,</strong></span> 
     </span>
    </p>
   </div>
   <div class='ocr_carea' id='block_1_70' title="bbox 142 3809 1734 3881">
    <p class='ocr_par' dir='ltr' id='par_1_70' title="bbox 142 3809 1734 3881">
     <span class='ocr_line' id='line_1_70' title="bbox 142 3809 1734 3881; baseline -0.001 -19"><span class='ocrx_word' id='word_1_536' title='bbox 142 3809 252 3862; x_wconf 77' lang='grc' dir='ltr'>νῦν</span> <span class='ocrx_word' id='word_1_537' title='bbox 287 3811 330 3862; x_wconf 80' lang='grc' dir='ltr'>δ’</span> <span class='ocrx_word' id='word_1_538' title='bbox 373 3810 453 3862; x_wconf 80' lang='grc' dir='ltr'><strong>ὅτι</strong></span> <span class='ocrx_word' id='word_1_539' title='bbox 489 3809 578 3864; x_wconf 80' lang='grc' dir='ltr'>διὰ</span> <span class='ocrx_word' id='word_1_540' title='bbox 625 3811 770 3864; x_wconf 75' lang='grc' dir='ltr'>τοῦτ’</span> <span class='ocrx_word' id='word_1_541' title='bbox 822 3810 1002 3865; x_wconf 79' lang='grc' dir='ltr'>αὐτῶν</span> <span class='ocrx_word' id='word_1_542' title='bbox 1028 3810 1176 3881; x_wconf 77' lang='grc' dir='ltr'>ἐνιψε</span> <span class='ocrx_word' id='word_1_543' title='bbox 1212 3812 1337 3874; x_wconf 74' lang='grc' dir='ltr'>τοὺς</span> <span class='ocrx_word' id='word_1_544' title='bbox 1375 3809 1564 3874; x_wconf 84' lang='grc' dir='ltr'>πόδας,</span> <span class='ocrx_word' id='word_1_545' title='bbox 1611 3809 1734 3862; x_wconf 77' lang='grc' dir='ltr'>ἐπεὶ</span> 
     </span>
    </p>
   </div>
   <div class='ocr_carea' id='block_1_71' title="bbox 141 3895 1732 3974">
    <p class='ocr_par' dir='ltr' id='par_1_71' title="bbox 141 3895 1732 3974">
     <span class='ocr_line' id='line_1_71' title="bbox 141 3895 1732 3974; baseline -0.001 -20"><span class='ocrx_word' id='word_1_546' title='bbox 141 3895 296 3973; x_wconf 72' lang='grc' dir='ltr'>ἦσαν</span> <span class='ocrx_word' id='word_1_547' title='bbox 329 3902 404 3965; x_wconf 83' lang='grc' dir='ltr'>ὡς</span> <span class='ocrx_word' id='word_1_548' title='bbox 437 3903 494 3954; x_wconf 84' lang='grc' dir='ltr'>ὲν</span> <span class='ocrx_word' id='word_1_549' title='bbox 528 3901 832 3974; x_wconf 84' lang='grc' dir='ltr'>ἀνθρώποις</span> <span class='ocrx_word' id='word_1_550' title='bbox 871 3902 1127 3973; x_wconf 76' lang='grc' dir='ltr'>καθαροὶ,</span> <span class='ocrx_word' id='word_1_551' title='bbox 1171 3901 1283 3956; x_wconf 85' lang='grc' dir='ltr'>ἀλλ’</span> <span class='ocrx_word' id='word_1_552' title='bbox 1310 3901 1429 3972; x_wconf 79' lang='grc' dir='ltr'>οὐχὶ</span> <span class='ocrx_word' id='word_1_553' title='bbox 1465 3900 1559 3954; x_wconf 76' lang='grc' dir='ltr'><strong>καὶ</strong></span> <span class='ocrx_word' id='word_1_554' title='bbox 1582 3900 1732 3970; x_wconf 81' lang='grc' dir='ltr'>παρὰ</span> 
     </span>
    </p>
   </div>
   <div class='ocr_carea' id='block_1_72' title="bbox 145 3989 1732 4064">
    <p class='ocr_par' dir='ltr' id='par_1_72' title="bbox 145 3989 1732 4064">
     <span class='ocr_line' id='line_1_72' title="bbox 145 3989 1732 4064; baseline -0.003 -20"><span class='ocrx_word' id='word_1_555' title='bbox 145 3989 296 4064; x_wconf 70' lang='grc' dir='ltr'>θεῷ*</span> <span class='ocrx_word' id='word_1_556' title='bbox 320 3991 484 4063; x_wconf 75' lang='grc' dir='ltr'>χωρὶς</span> <span class='ocrx_word' id='word_1_557' title='bbox 515 3991 624 4064; x_wconf 86' lang='grc' dir='ltr'><strong>γὰρ</strong></span> <span class='ocrx_word' id='word_1_558' title='bbox 661 3991 832 4064; x_wconf 81' lang='grc' dir='ltr'>Ἰησοῦ</span> <span class='ocrx_word' id='word_1_559' title='bbox 869 3991 1043 4056; x_wconf 74' lang='grc' dir='ltr'>οὐδεὶς</span> <span class='ocrx_word' id='word_1_560' title='bbox 1063 3993 1214 4064; x_wconf 78' lang='grc' dir='ltr'>παρὰ</span> <span class='ocrx_word' id='word_1_561' title='bbox 1241 3991 1358 4062; x_wconf 81' lang='grc' dir='ltr'><strong>Θεῷ</strong></span> <span class='ocrx_word' id='word_1_562' title='bbox 1385 3990 1619 4064; x_wconf 85' lang='grc' dir='ltr'>καθαρὸς</span> <span class='ocrx_word' id='word_1_563' title='bbox 1644 3989 1732 4058; x_wconf 86' lang='grc' dir='ltr'><strong>γί-</strong></span> 
     </span>
    </p>
   </div>
   <div class='ocr_carea' id='block_1_73' title="bbox 147 4081 1738 4154">
    <p class='ocr_par' dir='ltr' id='par_1_73' title="bbox 147 4081 1738 4154">
     <span class='ocr_line' id='line_1_73' title="bbox 147 4081 1738 4154; baseline 0 -21"><span class='ocrx_word' id='word_1_564' title='bbox 147 4098 325 4145; x_wconf 79' lang='grc' dir='ltr'>νεται,</span> <span class='ocrx_word' id='word_1_565' title='bbox 360 4083 452 4136; x_wconf 72' lang='grc' dir='ltr'><strong>καλ⁴</strong></span> <span class='ocrx_word' id='word_1_566' title='bbox 485 4083 590 4154; x_wconf 77' lang='grc' dir='ltr'><strong>πρὸ</strong></span> <span class='ocrx_word' id='word_1_567' title='bbox 629 4082 794 4137; x_wconf 80' lang='grc' dir='ltr'>αὐτοῦ</span> <span class='ocrx_word' id='word_1_568' title='bbox 837 4081 948 4154; x_wconf 78' lang='lat' dir='ltr'><strong>(ll)</strong></span> <span class='ocrx_word' id='word_1_569' title='bbox 987 4083 1214 4154; x_wconf 81' lang='grc' dir='ltr'>νομισθῇ</span> <span class='ocrx_word' id='word_1_570' title='bbox 1251 4082 1339 4136; x_wconf 76' lang='grc' dir='ltr'>διὰ</span> <span class='ocrx_word' id='word_1_571' title='bbox 1378 4099 1519 4146; x_wconf 70' lang='grc' dir='ltr'>τινος</span> <span class='ocrx_word' id='word_1_572' title='bbox 1547 4083 1738 4151; x_wconf 74' lang='grc' dir='ltr'>ἐπιμε-</span> 
     </span>
    </p>
   </div>
   <div class='ocr_carea' id='block_1_74' title="bbox 149 4171 1734 4245">
    <p class='ocr_par' dir='ltr' id='par_1_74' title="bbox 149 4171 1734 4245">
     <span class='ocr_line' id='line_1_74' title="bbox 149 4171 1734 4245; baseline 0 -20"><span class='ocrx_word' id='word_1_573' title='bbox 149 4172 306 4234; x_wconf 86' lang='grc' dir='ltr'>λείας</span> <span class='ocrx_word' id='word_1_574' title='bbox 329 4172 491 4226; x_wconf 78' lang='grc' dir='ltr'>αὑτδν</span> <span class='ocrx_word' id='word_1_575' title='bbox 525 4171 763 4245; x_wconf 83' lang='grc' dir='ltr'>καθαρὸν</span> <span class='ocrx_word' id='word_1_576' title='bbox 793 4174 1170 4245; x_wconf 76' lang='grc' dir='ltr'>πεποιηκέναι.</span> <span class='ocrx_word' id='word_1_577' title='bbox 1202 4174 1326 4237; x_wconf 80' lang='grc' dir='ltr'>Τοῖς</span> <span class='ocrx_word' id='word_1_578' title='bbox 1367 4174 1411 4226; x_wconf 84' lang='grc' dir='ltr'>δ’</span> <span class='ocrx_word' id='word_1_579' title='bbox 1439 4173 1515 4236; x_wconf 85' lang='grc' dir='ltr'>ὡς</span> <span class='ocrx_word' id='word_1_580' title='bbox 1547 4174 1605 4226; x_wconf 74' lang='grc' dir='ltr'>ἐν</span> <span class='ocrx_word' id='word_1_581' title='bbox 1634 4173 1734 4225; x_wconf 78' lang='grc' dir='ltr'><strong>ἀν-</strong></span> 
     </span>
    </p>
   </div>
   <div class='ocr_carea' id='block_1_75' title="bbox 153 4253 1731 4336">
    <p class='ocr_par' dir='ltr' id='par_1_75' title="bbox 153 4253 1731 4336">
     <span class='ocr_line' id='line_1_75' title="bbox 153 4253 1731 4336; baseline 0.001 -23"><span class='ocrx_word' id='word_1_582' title='bbox 153 4260 393 4331; x_wconf 80' lang='grc' dir='ltr'>θρώποις</span> <span class='ocrx_word' id='word_1_583' title='bbox 421 4261 680 4336; x_wconf 84' lang='grc' dir='ltr'>καθαροῖς</span> <span class='ocrx_word' id='word_1_584' title='bbox 705 4264 803 4335; x_wconf 67' lang='grc' dir='ltr'>ἤδη</span> <span class='ocrx_word' id='word_1_585' title='bbox 834 4253 1237 4335; x_wconf 80' lang='grc' dir='ltr'>γεγενημένοις,</span> <span class='ocrx_word' id='word_1_586' title='bbox 1265 4265 1361 4318; x_wconf 76' lang='grc' dir='ltr'>καὶ</span> <span class='ocrx_word' id='word_1_587' title='bbox 1379 4262 1731 4333; x_wconf 83' lang='grc' dir='ltr'>λουσαμένοις</span> 
     </span>
    </p>
   </div>
   <div class='ocr_carea' id='block_1_76' title="bbox 153 4349 1726 4426">
    <p class='ocr_par' dir='ltr' id='par_1_76' title="bbox 153 4349 1726 4426">
     <span class='ocr_line' id='line_1_76' title="bbox 153 4349 1726 4426; baseline 0.003 -24"><span class='ocrx_word' id='word_1_588' title='bbox 153 4351 215 4402; x_wconf 86' lang='grc' dir='ltr'><strong>τὸ</strong></span> <span class='ocrx_word' id='word_1_589' title='bbox 249 4349 343 4402; x_wconf 87' lang='grc' dir='ltr'><strong>τοῦ</strong></span> <span class='ocrx_word' id='word_1_590' title='bbox 389 4352 561 4422; x_wconf 74' lang='grc' dir='ltr'>Ἰησοῦ</span> <span class='ocrx_word' id='word_1_591' title='bbox 591 4352 894 4424; x_wconf 82' lang='grc' dir='ltr'>βάπτισμα,</span> <span class='ocrx_word' id='word_1_592' title='bbox 935 4355 1030 4408; x_wconf 70' lang='grc' dir='ltr'>καὶ</span> <span class='ocrx_word' id='word_1_593' title='bbox 1081 4353 1392 4426; x_wconf 79' lang='grc' dir='ltr'>νιψαμένοις</span> <span class='ocrx_word' id='word_1_594' title='bbox 1425 4355 1518 4408; x_wconf 81' lang='grc' dir='ltr'>ὑπ’</span> <span class='ocrx_word' id='word_1_595' title='bbox 1563 4353 1726 4409; x_wconf 82' lang='grc' dir='ltr'>αὑτοῦ</span> 
     </span>
    </p>
   </div>
   <div class='ocr_carea' id='block_1_77' title="bbox 1839 3177 3410 3248">
    <p class='ocr_par' dir='ltr' id='par_1_77' title="bbox 1839 3177 3410 3248">
     <span class='ocr_line' id='line_1_77' title="bbox 1839 3177 3410 3248; baseline 0.001 -15"><span class='ocrx_word' id='word_1_596' title='bbox 1839 3179 2148 3243; x_wconf 89' lang='lat' dir='ltr'><strong>hominum,</strong></span> <span class='ocrx_word' id='word_1_597' title='bbox 2199 3178 2428 3233; x_wconf 88' lang='lat' dir='ltr'><strong>absente</strong></span> <span class='ocrx_word' id='word_1_598' title='bbox 2462 3177 2754 3242; x_wconf 87' lang='lat' dir='ltr'><strong>munditia,</strong></span> <span class='ocrx_word' id='word_1_599' title='bbox 2786 3186 2848 3232; x_wconf 85' lang='lat' dir='ltr'><strong>ut</strong></span> <span class='ocrx_word' id='word_1_600' title='bbox 2895 3177 2966 3232; x_wconf 90' lang='lat' dir='ltr'><strong>ita</strong></span> <span class='ocrx_word' id='word_1_601' title='bbox 2997 3177 3206 3248; x_wconf 84' lang='lat' dir='ltr'><strong>loquar,</strong></span> <span class='ocrx_word' id='word_1_602' title='bbox 3257 3177 3410 3245; x_wconf 82' lang='lat' dir='ltr'><strong>Jesu,</strong></span> 
     </span>
    </p>
   </div>
   <div class='ocr_carea' id='block_1_78' title="bbox 1839 3267 3422 3339">
    <p class='ocr_par' dir='ltr' id='par_1_78' title="bbox 1839 3267 3422 3339">
     <span class='ocr_line' id='line_1_78' title="bbox 1839 3267 3422 3339; baseline 0.003 -17"><span class='ocrx_word' id='word_1_603' title='bbox 1839 3270 2096 3326; x_wconf 87' lang='lat' dir='ltr'><strong>mundum</strong></span> <span class='ocrx_word' id='word_1_604' title='bbox 2137 3269 2496 3339; x_wconf 86' lang='lat' dir='ltr'><strong>reputandum</strong></span> <span class='ocrx_word' id='word_1_605' title='bbox 2523 3283 2685 3336; x_wconf 64' lang='lat' dir='ltr'><strong>esse.</strong></span> <span class='ocrx_word' id='word_1_606' title='bbox 2718 3268 2784 3324; x_wconf 84' lang='lat' dir='ltr'><strong>Et</strong></span> <span class='ocrx_word' id='word_1_607' title='bbox 2820 3267 2936 3327; x_wconf 67' lang='lat' dir='ltr'><strong>haec</strong></span> <span class='ocrx_word' id='word_1_608' title='bbox 2969 3269 3188 3337; x_wconf 90' lang='lat' dir='ltr'><strong>quidem</strong></span> <span class='ocrx_word' id='word_1_609' title='bbox 3219 3270 3422 3326; x_wconf 83' lang='lat' dir='ltr'><strong>ultimo</strong></span> 
     </span>
    </p>
   </div>
   <div class='ocr_carea' id='block_1_79' title="bbox 1839 3343 3410 3430">
    <p class='ocr_par' dir='ltr' id='par_1_79' title="bbox 1839 3343 3410 3430">
     <span class='ocr_line' id='line_1_79' title="bbox 1839 3343 3410 3430; baseline -0.001 -14"><span class='ocrx_word' id='word_1_610' title='bbox 1839 3374 2051 3429; x_wconf 86' lang='lat' dir='ltr'><strong>expono</strong></span> <span class='ocrx_word' id='word_1_611' title='bbox 2081 3343 2203 3430; x_wconf 72' lang='lat' dir='ltr'><strong>qua:</strong></span> <span class='ocrx_word' id='word_1_612' title='bbox 2229 3368 2623 3415; x_wconf 88' lang='lat' dir='ltr'><strong>succurrerunt</strong></span> <span class='ocrx_word' id='word_1_613' title='bbox 2668 3367 2790 3428; x_wconf 86' lang='lat' dir='ltr'><strong>post</strong></span> <span class='ocrx_word' id='word_1_614' title='bbox 2831 3360 3014 3427; x_wconf 86' lang='lat' dir='ltr'><strong>priora</strong></span> <span class='ocrx_word' id='word_1_615' title='bbox 3046 3360 3296 3428; x_wconf 86' lang='lat' dir='ltr'><strong>superius</strong></span> <span class='ocrx_word' id='word_1_616' title='bbox 3323 3362 3410 3415; x_wconf 84' lang='lat' dir='ltr'><strong>di-</strong></span> 
     </span>
    </p>
   </div>
   <div class='ocr_carea' id='block_1_80' title="bbox 1839 3450 3420 3520">
    <p class='ocr_par' dir='ltr' id='par_1_80' title="bbox 1839 3450 3420 3520">
     <span class='ocr_line' id='line_1_80' title="bbox 1839 3450 3420 3520; baseline 0 -14"><span class='ocrx_word' id='word_1_617' title='bbox 1839 3461 1968 3518; x_wconf 86' lang='lat' dir='ltr'><strong>cta,</strong></span> <span class='ocrx_word' id='word_1_618' title='bbox 2011 3453 2358 3510; x_wconf 78' lang='lat' dir='ltr'><strong>servantibus</strong></span> <span class='ocrx_word' id='word_1_619' title='bbox 2407 3452 2572 3508; x_wconf 84' lang='lat' dir='ltr'><strong>nobis</strong></span> <span class='ocrx_word' id='word_1_620' title='bbox 2619 3450 2868 3507; x_wconf 86' lang='lat' dir='ltr'><strong>ordinem</strong></span> <span class='ocrx_word' id='word_1_621' title='bbox 2919 3466 3109 3507; x_wconf 90' lang='lat' dir='ltr'><strong>eorum</strong></span> <span class='ocrx_word' id='word_1_622' title='bbox 3167 3467 3289 3520; x_wconf 83' lang='lat' dir='ltr'><strong>quae</strong></span> <span class='ocrx_word' id='word_1_623' title='bbox 3354 3453 3420 3506; x_wconf 87' lang='lat' dir='ltr'><strong>in-</strong></span> 
     </span>
    </p>
   </div>
   <div class='ocr_carea' id='block_1_81' title="bbox 1839 3542 3409 3613">
    <p class='ocr_par' dir='ltr' id='par_1_81' title="bbox 1839 3542 3409 3613">
     <span class='ocr_line' id='line_1_81' title="bbox 1839 3542 3409 3613; baseline -0.001 -17"><span class='ocrx_word' id='word_1_624' title='bbox 1839 3550 2070 3598; x_wconf 87' lang='lat' dir='ltr'><strong>mentetn</strong></span> <span class='ocrx_word' id='word_1_625' title='bbox 2120 3551 2389 3598; x_wconf 85' lang='lat' dir='ltr'><strong>venerunt</strong></span> <span class='ocrx_word' id='word_1_626' title='bbox 2431 3553 2498 3613; x_wconf 46' lang='lat' dir='ltr'><strong>et,</strong></span> <span class='ocrx_word' id='word_1_627' title='bbox 2529 3543 2989 3612; x_wconf 81' lang='lat' dir='ltr'><strong>intelligentiam:</strong></span> <span class='ocrx_word' id='word_1_628' title='bbox 3023 3543 3173 3597; x_wconf 82' lang='lat' dir='ltr'><strong>verbi</strong></span> <span class='ocrx_word' id='word_1_629' title='bbox 3209 3542 3409 3610; x_wconf 78' lang='lat' dir='ltr'><strong>gratia,</strong></span> 
     </span>
    </p>
   </div>
   <div class='ocr_carea' id='block_1_82' title="bbox 1840 3631 3411 3702">
    <p class='ocr_par' dir='ltr' id='par_1_82' title="bbox 1840 3631 3411 3702">
     <span class='ocr_line' id='line_1_82' title="bbox 1840 3631 3411 3702; baseline 0 -18"><span class='ocrx_word' id='word_1_630' title='bbox 1840 3645 1960 3686; x_wconf 89' lang='lat' dir='ltr'><strong>cum</strong></span> <span class='ocrx_word' id='word_1_631' title='bbox 2000 3631 2150 3702; x_wconf 91' lang='lat' dir='ltr'><strong>prius</strong></span> <span class='ocrx_word' id='word_1_632' title='bbox 2203 3633 2648 3700; x_wconf 83' lang='lat' dir='ltr'><strong>conspexerimus</strong></span> <span class='ocrx_word' id='word_1_633' title='bbox 2693 3631 2996 3692; x_wconf 83' lang='lat' dir='ltr'><strong>sordidatos</strong></span> <span class='ocrx_word' id='word_1_634' title='bbox 3040 3634 3205 3702; x_wconf 81' lang='lat' dir='ltr'><strong>pedes</strong></span> <span class='ocrx_word' id='word_1_635' title='bbox 3239 3632 3411 3686; x_wconf 63' lang='lat' dir='ltr'><strong>disci-</strong></span> 
     </span>
    </p>
   </div>
   <div class='ocr_carea' id='block_1_83' title="bbox 1838 3718 3414 3791">
    <p class='ocr_par' dir='ltr' id='par_1_83' title="bbox 1838 3718 3414 3791">
     <span class='ocr_line' id='line_1_83' title="bbox 1838 3718 3414 3791; baseline 0.001 -19"><span class='ocrx_word' id='word_1_636' title='bbox 1838 3719 2088 3787; x_wconf 91' lang='lat' dir='ltr'><strong>pulorum</strong></span> <span class='ocrx_word' id='word_1_637' title='bbox 2122 3721 2336 3789; x_wconf 75' lang='lat' dir='ltr'><strong>eguisse</strong></span> <span class='ocrx_word' id='word_1_638' title='bbox 2362 3728 2420 3772; x_wconf 91' lang='lat' dir='ltr'><strong>ut</strong></span> <span class='ocrx_word' id='word_1_639' title='bbox 2458 3734 2487 3773; x_wconf 85' lang='lat' dir='ltr'><strong>a</strong></span> <span class='ocrx_word' id='word_1_640' title='bbox 2527 3718 2656 3774; x_wconf 79' lang='lat' dir='ltr'><strong>Jesn</strong></span> <span class='ocrx_word' id='word_1_641' title='bbox 2690 3718 3026 3785; x_wconf 84' lang='lat' dir='ltr'><strong>lavarentur,</strong></span> <span class='ocrx_word' id='word_1_642' title='bbox 3072 3719 3235 3791; x_wconf 68' lang='grc'><strong>415</strong></span> <span class='ocrx_word' id='word_1_643' title='bbox 3269 3733 3414 3774; x_wconf 89' lang='lat' dir='ltr'><strong>nunc</strong></span> 
     </span>
    </p>
   </div>
   <div class='ocr_carea' id='block_1_84' title="bbox 1840 3809 3409 3880">
    <p class='ocr_par' dir='ltr' id='par_1_84' title="bbox 1840 3809 3409 3880">
     <span class='ocr_line' id='line_1_84' title="bbox 1840 3809 3409 3880; baseline 0.001 -18"><span class='ocrx_word' id='word_1_644' title='bbox 1840 3809 2040 3866; x_wconf 87' lang='lat' dir='ltr'><strong>idcirco</strong></span> <span class='ocrx_word' id='word_1_645' title='bbox 2078 3809 2226 3864; x_wconf 90' lang='lat' dir='ltr'><strong>illum</strong></span> <span class='ocrx_word' id='word_1_646' title='bbox 2271 3809 2488 3864; x_wconf 88' lang='lat' dir='ltr'><strong>illorum</strong></span> <span class='ocrx_word' id='word_1_647' title='bbox 2547 3811 2711 3879; x_wconf 83' lang='lat' dir='ltr'><strong>pedes</strong></span> <span class='ocrx_word' id='word_1_648' title='bbox 2765 3809 2962 3868; x_wconf 83' lang='lat' dir='ltr'><strong>lavisse</strong></span> <span class='ocrx_word' id='word_1_649' title='bbox 2992 3811 3242 3879; x_wconf 87' lang='lat' dir='ltr'><strong>dicimus,</strong></span> <span class='ocrx_word' id='word_1_650' title='bbox 3283 3813 3409 3880; x_wconf 88' lang='lat' dir='ltr'><strong>quia</strong></span> 
     </span>
    </p>
   </div>
   <div class='ocr_carea' id='block_1_85' title="bbox 1839 3897 3408 3967">
    <p class='ocr_par' dir='ltr' id='par_1_85' title="bbox 1839 3897 3408 3967">
     <span class='ocr_line' id='line_1_85' title="bbox 1839 3897 3408 3967; baseline -0.001 -14"><span class='ocrx_word' id='word_1_651' title='bbox 1839 3907 2021 3956; x_wconf 88' lang='lat' dir='ltr'><strong>essent</strong></span> <span class='ocrx_word' id='word_1_652' title='bbox 2069 3897 2477 3967; x_wconf 82' lang='lat' dir='ltr'><strong>comparatione</strong></span> <span class='ocrx_word' id='word_1_653' title='bbox 2530 3898 2808 3953; x_wconf 87' lang='lat' dir='ltr'><strong>hominum</strong></span> <span class='ocrx_word' id='word_1_654' title='bbox 2865 3897 3088 3963; x_wconf 89' lang='lat' dir='ltr'><strong>mundi,</strong></span> <span class='ocrx_word' id='word_1_655' title='bbox 3151 3901 3246 3953; x_wconf 88' lang='lat' dir='ltr'><strong>sed</strong></span> <span class='ocrx_word' id='word_1_656' title='bbox 3301 3913 3408 3953; x_wconf 90' lang='lat' dir='ltr'><strong>non</strong></span> 
     </span>
    </p>
   </div>
   <div class='ocr_carea' id='block_1_86' title="bbox 1839 3989 3409 4072">
    <p class='ocr_par' dir='ltr' id='par_1_86' title="bbox 1839 3989 3409 4072">
     <span class='ocr_line' id='line_1_86' title="bbox 1839 3989 3409 4072; baseline -0.001 -27"><span class='ocrx_word' id='word_1_657' title='bbox 1839 3992 2003 4052; x_wconf 88' lang='lat' dir='ltr'><strong>etiam</strong></span> <span class='ocrx_word' id='word_1_658' title='bbox 2031 3990 2174 4061; x_wconf 86' lang='lat' dir='ltr'><strong>apud</strong></span> <span class='ocrx_word' id='word_1_659' title='bbox 2204 3989 2408 4058; x_wconf 82' lang='lat' dir='ltr'><strong>Deum;</strong></span> <span class='ocrx_word' id='word_1_660' title='bbox 2457 4005 2559 4072; x_wconf 67' lang='lat' dir='ltr'><strong>nec</strong></span> <span class='ocrx_word' id='word_1_661' title='bbox 2588 3991 2735 4048; x_wconf 79' lang='lat' dir='ltr'><strong>enim</strong></span> <span class='ocrx_word' id='word_1_662' title='bbox 2781 3991 2900 4045; x_wconf 86' lang='lat' dir='ltr'><strong>sine</strong></span> <span class='ocrx_word' id='word_1_663' title='bbox 2935 3989 3064 4046; x_wconf 85' lang='lat' dir='ltr'><strong>Jesu</strong></span> <span class='ocrx_word' id='word_1_664' title='bbox 3105 3991 3304 4060; x_wconf 87' lang='lat' dir='ltr'><strong>aliquis</strong></span> <span class='ocrx_word' id='word_1_665' title='bbox 3347 3990 3409 4044; x_wconf 80' lang='lat' dir='ltr'><strong>fit</strong></span> 
     </span>
    </p>
   </div>
   <div class='ocr_carea' id='block_1_87' title="bbox 1839 4081 3408 4151">
    <p class='ocr_par' dir='ltr' id='par_1_87' title="bbox 1839 4081 3408 4151">
     <span class='ocr_line' id='line_1_87' title="bbox 1839 4081 3408 4151; baseline 0.001 -17"><span class='ocrx_word' id='word_1_666' title='bbox 1839 4082 1982 4151; x_wconf 87' lang='lat' dir='ltr'><strong>apud</strong></span> <span class='ocrx_word' id='word_1_667' title='bbox 2007 4081 2174 4137; x_wconf 89' lang='lat' dir='ltr'><strong>Deum</strong></span> <span class='ocrx_word' id='word_1_668' title='bbox 2205 4082 2458 4148; x_wconf 86' lang='lat' dir='ltr'><strong>mundus,</strong></span> <span class='ocrx_word' id='word_1_669' title='bbox 2501 4081 2712 4137; x_wconf 83' lang='lat' dir='ltr'><strong>etiamsi</strong></span> <span class='ocrx_word' id='word_1_670' title='bbox 2750 4095 2932 4138; x_wconf 88' lang='lat' dir='ltr'><strong>coram</strong></span> <span class='ocrx_word' id='word_1_671' title='bbox 2971 4097 3034 4142; x_wconf 83' lang='lat' dir='ltr'><strong>se</strong></span> <span class='ocrx_word' id='word_1_672' title='bbox 3066 4082 3408 4138; x_wconf 82' lang='lat' dir='ltr'><strong>existimetur</strong></span> 
     </span>
    </p>
   </div>
   <div class='ocr_carea' id='block_1_88' title="bbox 1841 4170 3404 4248">
    <p class='ocr_par' dir='ltr' id='par_1_88' title="bbox 1841 4170 3404 4248">
     <span class='ocr_line' id='line_1_88' title="bbox 1841 4170 3404 4248; baseline 0.003 -23"><span class='ocrx_word' id='word_1_673' title='bbox 1841 4170 2037 4240; x_wconf 80' lang='lat' dir='ltr'><strong>aliquis</strong></span> <span class='ocrx_word' id='word_1_674' title='bbox 2069 4170 2248 4248; x_wconf 79' lang='lat' dir='ltr'><strong>aliqua</strong></span> <span class='ocrx_word' id='word_1_675' title='bbox 2277 4171 2557 4242; x_wconf 79' lang='lat' dir='ltr'><strong>diligentia</strong></span> <span class='ocrx_word' id='word_1_676' title='bbox 2607 4172 2846 4242; x_wconf 88' lang='lat' dir='ltr'><strong>seipsum</strong></span> <span class='ocrx_word' id='word_1_677' title='bbox 2892 4174 3150 4228; x_wconf 87' lang='lat' dir='ltr'><strong>mundum</strong></span> <span class='ocrx_word' id='word_1_678' title='bbox 3185 4173 3404 4230; x_wconf 80' lang='lat' dir='ltr'><strong>fecisse.</strong></span> 
     </span>
    </p>
   </div>
   <div class='ocr_carea' id='block_1_89' title="bbox 1837 4259 3406 4333">
    <p class='ocr_par' dir='ltr' id='par_1_89' title="bbox 1837 4259 3406 4333">
     <span class='ocr_line' id='line_1_89' title="bbox 1837 4259 3406 4333; baseline 0.004 -19"><span class='ocrx_word' id='word_1_679' title='bbox 1837 4259 1954 4315; x_wconf 76' lang='lat' dir='ltr'><strong>Jum</strong></span> <span class='ocrx_word' id='word_1_680' title='bbox 1981 4263 2036 4318; x_wconf 92' lang='lat' dir='ltr'><strong>in</strong></span> <span class='ocrx_word' id='word_1_681' title='bbox 2069 4263 2153 4318; x_wconf 88' lang='lat' dir='ltr'><strong>bis</strong></span> <span class='ocrx_word' id='word_1_682' title='bbox 2183 4263 2274 4333; x_wconf 90' lang='lat' dir='ltr'><strong>qui</strong></span> <span class='ocrx_word' id='word_1_683' title='bbox 2310 4263 2590 4318; x_wconf 85' lang='lat' dir='ltr'><strong>hominum</strong></span> <span class='ocrx_word' id='word_1_684' title='bbox 2618 4264 3025 4333; x_wconf 83' lang='lat' dir='ltr'><strong>comparatione</strong></span> <span class='ocrx_word' id='word_1_685' title='bbox 3058 4263 3244 4324; x_wconf 87' lang='lat' dir='ltr'><strong>mundi</strong></span> <span class='ocrx_word' id='word_1_686' title='bbox 3277 4275 3406 4320; x_wconf 89' lang='lat' dir='ltr'><strong>sunt</strong></span> 
     </span>
    </p>
   </div>
   <div class='ocr_carea' id='block_1_90' title="bbox 1837 4353 3404 4429">
    <p class='ocr_par' dir='ltr' id='par_1_90' title="bbox 1837 4353 3404 4429">
     <span class='ocr_line' id='line_1_90' title="bbox 1837 4353 3404 4429; baseline 0.001 -22"><span class='ocrx_word' id='word_1_687' title='bbox 1837 4353 1986 4418; x_wconf 87' lang='lat' dir='ltr'><strong>facti,</strong></span> <span class='ocrx_word' id='word_1_688' title='bbox 2021 4355 2220 4429; x_wconf 84' lang='lat' dir='ltr'><strong>quique</strong></span> <span class='ocrx_word' id='word_1_689' title='bbox 2251 4355 2344 4411; x_wconf 79' lang='lat' dir='ltr'><strong>lati</strong></span> <span class='ocrx_word' id='word_1_690' title='bbox 2371 4365 2500 4413; x_wconf 90' lang='lat' dir='ltr'><strong>sunt</strong></span> <span class='ocrx_word' id='word_1_691' title='bbox 2521 4355 2649 4412; x_wconf 79' lang='lat' dir='ltr'><strong>Jesu</strong></span> <span class='ocrx_word' id='word_1_692' title='bbox 2677 4357 2945 4426; x_wconf 86' lang='lat' dir='ltr'><strong>baptismo</strong></span> <span class='ocrx_word' id='word_1_693' title='bbox 2963 4395 2980 4421; x_wconf 94' lang='lat'><strong>,</strong></span> <span class='ocrx_word' id='word_1_694' title='bbox 3005 4355 3207 4424; x_wconf 86' lang='lat' dir='ltr'><strong>quique</strong></span> <span class='ocrx_word' id='word_1_695' title='bbox 3232 4356 3404 4409; x_wconf 81' lang='lat' dir='ltr'><strong>etiam</strong></span> 
     </span>
    </p>
   </div>
   <div class='ocr_carea' id='block_1_91' title="bbox 155 4435 1734 4518">
    <p class='ocr_par' dir='ltr' id='par_1_91' title="bbox 155 4441 1732 4518">
     <span class='ocr_line' id='line_1_91' title="bbox 155 4441 1732 4518; baseline 0.004 -26"><span class='ocrx_word' id='word_1_696' title='bbox 155 4442 282 4504; x_wconf 84' lang='grc' dir='ltr'>τοὺς</span> <span class='ocrx_word' id='word_1_697' title='bbox 325 4441 510 4508; x_wconf 88' lang='grc' dir='ltr'>πόδας,</span> <span class='ocrx_word' id='word_1_698' title='bbox 541 4444 768 4498; x_wconf 84' lang='grc' dir='ltr'>ὲνοικείν</span> <span class='ocrx_word' id='word_1_699' title='bbox 809 4445 904 4498; x_wconf 73' lang='grc' dir='ltr'>καὶ</span> <span class='ocrx_word' id='word_1_700' title='bbox 931 4446 992 4499; x_wconf 84' lang='grc' dir='ltr'>τὸ</span> <span class='ocrx_word' id='word_1_701' title='bbox 1029 4447 1183 4515; x_wconf 75' lang='grc' dir='ltr'>ἅγιον</span> <span class='ocrx_word' id='word_1_702' title='bbox 1222 4445 1442 4502; x_wconf 86' lang='grc' dir='ltr'>δύναται</span> <span class='ocrx_word' id='word_1_703' title='bbox 1485 4444 1732 4518; x_wconf 84' lang='grc' dir='ltr'>Πνεῦμα,</span> 
     </span>
    </p>
   </div>
   <div class='ocr_carea' id='block_1_92' title="bbox 1840 4435 3405 4518">
    <p class='ocr_par' dir='ltr' id='par_1_92' title="bbox 1840 4443 3405 4518">
     <span class='ocr_line' id='line_1_92' title="bbox 1840 4443 3405 4518; baseline 0 -20"><span class='ocrx_word' id='word_1_704' title='bbox 1840 4443 1908 4502; x_wconf 88' lang='lat' dir='ltr'><strong>ab</strong></span> <span class='ocrx_word' id='word_1_705' title='bbox 1932 4444 2048 4516; x_wconf 90' lang='lat' dir='ltr'><strong>ipso</strong></span> <span class='ocrx_word' id='word_1_706' title='bbox 2075 4445 2212 4501; x_wconf 91' lang='lat' dir='ltr'><strong>lotos</strong></span> <span class='ocrx_word' id='word_1_707' title='bbox 2242 4447 2405 4518; x_wconf 88' lang='lat' dir='ltr'><strong>pedes</strong></span> <span class='ocrx_word' id='word_1_708' title='bbox 2435 4444 2657 4510; x_wconf 86' lang='lat' dir='ltr'><strong>habent,</strong></span> <span class='ocrx_word' id='word_1_709' title='bbox 2690 4445 3008 4504; x_wconf 84' lang='lat' dir='ltr'><strong>inhabitare</strong></span> <span class='ocrx_word' id='word_1_710' title='bbox 3030 4453 3208 4513; x_wconf 87' lang='lat' dir='ltr'><strong>potest</strong></span> <span class='ocrx_word' id='word_1_711' title='bbox 3235 4444 3405 4498; x_wconf 82' lang='lat' dir='ltr'><strong>etiam</strong></span> 
     </span>
    </p>
   </div>
   <div class='ocr_carea' id='block_1_93' title="bbox 227 4533 1316 4607">
    <p class='ocr_par' dir='ltr' id='par_1_93' title="bbox 227 4533 1316 4607">
     <span class='ocr_line' id='line_1_93' title="bbox 227 4533 1316 4607; baseline 0.007 -19"><span class='ocrx_word' id='word_1_712' title='bbox 227 4533 434 4589; x_wconf 78' lang='lat' dir='ltr'><strong>&quot;Joan.</strong></span> <span class='ocrx_word' id='word_1_713' title='bbox 462 4551 584 4601; x_wconf 79' lang='lat' dir='ltr'><strong>xm,</strong></span> <span class='ocrx_word' id='word_1_714' title='bbox 619 4538 704 4594; x_wconf 82' lang='grc'><strong>10.</strong></span> <span class='ocrx_word' id='word_1_715' title='bbox 779 4541 824 4575; x_wconf 74' lang='grc'><strong>⁷⁸</strong></span> <span class='ocrx_word' id='word_1_716' title='bbox 853 4539 1042 4595; x_wconf 78' lang='lat' dir='ltr'><strong>Matth.</strong></span> <span class='ocrx_word' id='word_1_717' title='bbox 1074 4557 1200 4607; x_wconf 82' lang='lat' dir='ltr'><strong>xxv,</strong></span> <span class='ocrx_word' id='word_1_718' title='bbox 1224 4541 1316 4596; x_wconf 75' lang='lat'><strong>29.</strong></span> 
     </span>
    </p>
   </div>
   <div class='ocr_carea' id='block_1_94' title="bbox 229 4628 1512 4703">
    <p class='ocr_par' dir='ltr' id='par_1_94' title="bbox 229 4628 1512 4703">
     <span class='ocr_line' id='line_1_94' title="bbox 229 4628 1512 4703; baseline 0.005 -21"><span class='ocrx_word' id='word_1_719' title='bbox 229 4628 509 4699; x_wconf 83' lang='lat' dir='ltr'><strong>Incipiam,</strong></span> <span class='ocrx_word' id='word_1_720' title='bbox 536 4633 812 4702; x_wconf 80' lang='lat' dir='ltr'><strong>patiarque</strong></span> <span class='ocrx_word' id='word_1_721' title='bbox 844 4636 922 4689; x_wconf 77' lang='lat' dir='ltr'><strong>vel</strong></span> <span class='ocrx_word' id='word_1_722' title='bbox 953 4637 1279 4690; x_wconf 79' lang='lat' dir='ltr'><strong>inconsultus</strong></span> <span class='ocrx_word' id='word_1_723' title='bbox 1307 4635 1512 4703; x_wconf 68' lang='lat' dir='ltr'><strong>haberi,</strong></span> 
     </span>
    </p>
   </div>
   <div class='ocr_carea' id='block_1_95' title="bbox 158 4697 1016 4774">
    <p class='ocr_par' dir='ltr' id='par_1_95' title="bbox 158 4697 1016 4774">
     <span class='ocr_line' id='line_1_95' title="bbox 158 4697 1016 4774; baseline 0.01 -24"><span class='ocrx_word' id='word_1_724' title='bbox 158 4697 468 4774; x_wconf 53' lang='lat' dir='ltr'><strong>Prtﬂtcrtius</strong></span> <span class='ocrx_word' id='word_1_725' title='bbox 501 4697 593 4756; x_wconf 85' lang='lat' dir='ltr'><strong>lib.</strong></span> <span class='ocrx_word' id='word_1_726' title='bbox 619 4718 658 4757; x_wconf 87' lang='grc' dir='ltr'><strong>ιι</strong></span> <span class='ocrx_word' id='word_1_727' title='bbox 696 4697 875 4774; x_wconf 72' lang='grc' dir='ltr'><strong>Ε1ο9.,</strong></span> <span class='ocrx_word' id='word_1_728' title='bbox 903 4704 971 4759; x_wconf 69' lang='lat' dir='ltr'><strong>ﬂ</strong></span> <span class='ocrx_word' id='word_1_729' title='bbox 1001 4721 1016 4758; x_wconf 85' lang='lat'><strong>:</strong></span> 
     </span>
    </p>
   </div>
   <div class='ocr_carea' id='block_1_96' title="bbox 205 4767 1686 4848">
    <p class='ocr_par' dir='ltr' id='par_1_96' title="bbox 205 4767 1686 4848">
     <span class='ocr_line' id='line_1_96' title="bbox 205 4767 1686 4848; baseline 0.01 -31"><span class='ocrx_word' id='word_1_730' title='bbox 205 4810 211 4815; x_wconf 88' lang='lat'><strong>.</strong></span> <span class='ocrx_word' id='word_1_731' title='bbox 232 4767 582 4848; x_wconf 60' lang='lat' dir='ltr'><strong>[fluminaque</strong></span> <span class='ocrx_word' id='word_1_732' title='bbox 613 4774 681 4826; x_wconf 90' lang='lat' dir='ltr'><strong>ad</strong></span> <span class='ocrx_word' id='word_1_733' title='bbox 695 4844 708 4848; x_wconf 85' lang='lat'><em>_</em></span> <span class='ocrx_word' id='word_1_734' title='bbox 724 4767 882 4848; x_wconf 62' lang='lat' dir='ltr'><strong>caput</strong></span> <span class='ocrx_word' id='word_1_735' title='bbox 912 4776 1157 4846; x_wconf 76' lang='lat' dir='ltr'><strong>incipient</strong></span> <span class='ocrx_word' id='word_1_736' title='bbox 1181 4791 1425 4831; x_wconf 81' lang='lat' dir='ltr'><strong>revocare</strong></span> <span class='ocrx_word' id='word_1_737' title='bbox 1439 4776 1686 4848; x_wconf 78' lang='lat' dir='ltr'><strong>liquores.</strong></span> 
     </span>
    </p>
   </div>
   <div class='ocr_carea' id='block_1_97' title="bbox 163 4837 795 4897">
    <p class='ocr_par' dir='ltr' id='par_1_97' title="bbox 163 4837 795 4897">
     <span class='ocr_line' id='line_1_97' title="bbox 163 4837 795 4897; baseline 0.009 -6"><span class='ocrx_word' id='word_1_738' title='bbox 163 4837 223 4891; x_wconf 78' lang='lat' dir='ltr'><strong>Et</strong></span> <span class='ocrx_word' id='word_1_739' title='bbox 251 4838 528 4897; x_wconf 67' lang='lat' dir='ltr'><strong>Iuvenalis</strong></span> <span class='ocrx_word' id='word_1_740' title='bbox 553 4852 658 4896; x_wconf 81' lang='lat' dir='ltr'><strong>sat.</strong></span> <span class='ocrx_word' id='word_1_741' title='bbox 687 4837 795 4897; x_wconf 65' lang='grc' dir='ltr'><strong>10λὲ</strong></span> 
     </span>
    </p>
   </div>
   <div class='ocr_carea' id='block_1_98' title="bbox 228 4906 1722 5031">
    <p class='ocr_par' dir='ltr' id='par_1_98' title="bbox 228 4906 1722 5031">
     <span class='ocr_line' id='line_1_98' title="bbox 228 4906 1722 4982; baseline 0.01 -22"><span class='ocrx_word' id='word_1_742' title='bbox 228 4906 511 4972; x_wconf 64' lang='lat' dir='ltr'><strong>Eloquium</strong></span> <span class='ocrx_word' id='word_1_743' title='bbox 533 4923 626 4966; x_wconf 81' lang='lat' dir='ltr'><strong>aut</strong></span> <span class='ocrx_word' id='word_1_744' title='bbox 671 4913 871 4982; x_wconf 74' lang='lat' dir='ltr'><strong>famam</strong></span> <span class='ocrx_word' id='word_1_745' title='bbox 901 4913 1288 4982; x_wconf 70' lang='lat' dir='ltr'><strong>Demosthenis,</strong></span> <span class='ocrx_word' id='word_1_746' title='bbox 1326 4924 1419 4970; x_wconf 83' lang='lat' dir='ltr'><strong>aut</strong></span> <span class='ocrx_word' id='word_1_747' title='bbox 1456 4915 1722 4976; x_wconf 70' lang='lat' dir='ltr'><strong>Ciceronis</strong></span> 
     </span>
     <span class='ocr_line' id='line_1_99' title="bbox 231 4977 644 5031; baseline 0 0"><span class='ocrx_word' id='word_1_748' title='bbox 231 4977 420 5031; x_wconf 73' lang='lat' dir='ltr'><strong>Incipit</strong></span> <span class='ocrx_word' id='word_1_749' title='bbox 443 4991 644 5031; x_wconf 81' lang='lat' dir='ltr'><strong>ontare.</strong></span> 
     </span>
    </p>
   </div>
   <div class='ocr_carea' id='block_1_99' title="bbox 265 4989 644 5048">
    <p class='ocr_par' dir='ltr' id='par_1_99' title="bbox 265 4989 644 5048">
     <span class='ocr_line' id='line_1_100' title="bbox 265 4989 644 5048; baseline 0.016 -18"><span class='ocrx_word' id='word_1_750' title='bbox 265 4989 420 5048; x_wconf 76' lang='lat' dir='ltr'><strong>netptt</strong></span> <span class='ocrx_word' id='word_1_751' title='bbox 443 4991 644 5048; x_wconf 72' lang='lat' dir='ltr'><strong>optare.</strong></span> 
     </span>
    </p>
   </div>
   <div class='ocr_carea' id='block_1_100' title="bbox 163 5047 1721 5118">
    <p class='ocr_par' dir='ltr' id='par_1_100' title="bbox 163 5047 1721 5118">
     <span class='ocr_line' id='line_1_101' title="bbox 163 5047 1721 5118; baseline 0.01 -23"><span class='ocrx_word' id='word_1_752' title='bbox 163 5047 431 5118; x_wconf 70' lang='lat' dir='ltr'><strong>{thristum</strong></span> <span class='ocrx_word' id='word_1_753' title='bbox 480 5047 662 5118; x_wconf 82' lang='lat' dir='ltr'><strong>itaque</strong></span> <span class='ocrx_word' id='word_1_754' title='bbox 699 5051 991 5108; x_wconf 86' lang='lat' dir='ltr'><strong>verisimile</strong></span> <span class='ocrx_word' id='word_1_755' title='bbox 1009 5062 1092 5108; x_wconf 89' lang='lat' dir='ltr'><strong>est</strong></span> <span class='ocrx_word' id='word_1_756' title='bbox 1143 5069 1173 5108; x_wconf 87' lang='lat' dir='ltr'><strong>a</strong></span> <span class='ocrx_word' id='word_1_757' title='bbox 1208 5051 1369 5108; x_wconf 85' lang='lat' dir='ltr'><strong>Petro</strong></span> <span class='ocrx_word' id='word_1_758' title='bbox 1399 5053 1721 5112; x_wconf 85' lang='lat' dir='ltr'><strong>lavationem</strong></span> 
     </span>
    </p>
   </div>
   <div class='ocr_carea' id='block_1_101' title="bbox 165 5114 1726 5194">
    <p class='ocr_par' dir='ltr' id='par_1_101' title="bbox 165 5114 1726 5194">
     <span class='ocr_line' id='line_1_102' title="bbox 165 5114 1726 5194; baseline 0.008 -28"><span class='ocrx_word' id='word_1_759' title='bbox 165 5114 322 5194; x_wconf 79' lang='lat' dir='ltr'><strong>fuisse</strong></span> <span class='ocrx_word' id='word_1_760' title='bbox 365 5114 727 5194; x_wconf 63' lang='lat' dir='ltr'><strong>auspicatum.</strong></span> <span class='ocrx_word' id='word_1_761' title='bbox 773 5119 848 5175; x_wconf 85' lang='lat' dir='ltr'><strong>Ita</strong></span> <span class='ocrx_word' id='word_1_762' title='bbox 893 5124 1064 5194; x_wconf 83' lang='lat' dir='ltr'><strong>sentit</strong></span> <span class='ocrx_word' id='word_1_763' title='bbox 1099 5123 1432 5194; x_wconf 68' lang='lat' dir='ltr'><strong>Augustinus</strong></span> <span class='ocrx_word' id='word_1_764' title='bbox 1471 5124 1526 5177; x_wconf 88' lang='lat' dir='ltr'><strong>in</strong></span> <span class='ocrx_word' id='word_1_765' title='bbox 1581 5124 1726 5179; x_wconf 68' lang='lat' dir='ltr'><strong>bnitc</strong></span> 
     </span>
    </p>
   </div>
   <div class='ocr_carea' id='block_1_102' title="bbox 168 5185 1721 5264">
    <p class='ocr_par' dir='ltr' id='par_1_102' title="bbox 168 5185 1721 5264">
     <span class='ocr_line' id='line_1_103' title="bbox 168 5185 1721 5264; baseline 0.008 -28"><span class='ocrx_word' id='word_1_766' title='bbox 168 5185 333 5241; x_wconf 90' lang='lat' dir='ltr'><strong>locum</strong></span> <span class='ocrx_word' id='word_1_767' title='bbox 359 5185 609 5264; x_wconf 60' lang='lat' dir='ltr'><strong>Jpannis,</strong></span> <span class='ocrx_word' id='word_1_768' title='bbox 646 5187 799 5264; x_wconf 74' lang='lat' dir='ltr'><strong>cuius</strong></span> <span class='ocrx_word' id='word_1_769' title='bbox 829 5193 992 5248; x_wconf 80' lang='lat' dir='ltr'><strong>verba</strong></span> <span class='ocrx_word' id='word_1_770' title='bbox 1032 5185 1236 5264; x_wconf 72' lang='lat' dir='ltr'><strong>referFe</strong></span> <span class='ocrx_word' id='word_1_771' title='bbox 1273 5207 1449 5263; x_wconf 74' lang='lat' dir='ltr'><strong>operte</strong></span> <span class='ocrx_word' id='word_1_772' title='bbox 1487 5195 1721 5264; x_wconf 89' lang='lat' dir='ltr'><strong>preti-nm</strong></span> 
     </span>
    </p>
   </div>
   <div class='ocr_carea' id='block_1_103' title="bbox 165 5258 1726 5328">
    <p class='ocr_par' dir='ltr' id='par_1_103' title="bbox 165 5258 1726 5328">
     <span class='ocr_line' id='line_1_104' title="bbox 165 5258 1726 5328; baseline 0.007 -22"><span class='ocrx_word' id='word_1_773' title='bbox 165 5265 278 5308; x_wconf 80' lang='lat' dir='ltr'><strong>est:</strong></span> <span class='ocrx_word' id='word_1_774' title='bbox 307 5275 325 5308; x_wconf 78' lang='grc' dir='ltr'><strong>ι</strong></span> <span class='ocrx_word' id='word_1_775' title='bbox 371 5258 631 5324; x_wconf 86' lang='lat' dir='ltr'><strong>Quamvis</strong></span> <span class='ocrx_word' id='word_1_776' title='bbox 661 5261 844 5328; x_wconf 80' lang='lat' dir='ltr'><strong>itaque</strong></span> <span class='ocrx_word' id='word_1_777' title='bbox 872 5277 1078 5328; x_wconf 76' lang='lat' dir='ltr'><strong>magna:</strong></span> <span class='ocrx_word' id='word_1_778' title='bbox 1103 5262 1292 5319; x_wconf 86' lang='lat' dir='ltr'><strong>fuisset</strong></span> <span class='ocrx_word' id='word_1_779' title='bbox 1309 5258 1558 5321; x_wconf 67' lang='lat' dir='ltr'><strong>audacia:</strong></span> <span class='ocrx_word' id='word_1_780' title='bbox 1588 5280 1726 5319; x_wconf 80' lang='lat' dir='ltr'><strong>cou-</strong></span> 
     </span>
    </p>
   </div>
   <div class='ocr_carea' id='block_1_104' title="bbox 171 5328 1725 5398">
    <p class='ocr_par' dir='ltr' id='par_1_104' title="bbox 171 5328 1725 5398">
     <span class='ocr_line' id='line_1_105' title="bbox 171 5328 1725 5398; baseline 0.009 -24"><span class='ocrx_word' id='word_1_781' title='bbox 171 5328 429 5398; x_wconf 78' lang='lat' dir='ltr'><strong>t_radicere</strong></span> <span class='ocrx_word' id='word_1_782' title='bbox 456 5343 671 5384; x_wconf 89' lang='lat' dir='ltr'><strong>servum</strong></span> <span class='ocrx_word' id='word_1_783' title='bbox 705 5328 1246 5394; x_wconf 76' lang='lat' dir='ltr'><strong>Domino,homiuem</strong></span> <span class='ocrx_word' id='word_1_784' title='bbox 1262 5331 1394 5398; x_wconf 89' lang='lat' dir='ltr'><strong>Deo,</strong></span> <span class='ocrx_word' id='word_1_785' title='bbox 1419 5341 1593 5388; x_wconf 81' lang='lat' dir='ltr'><strong>tamen</strong></span> <span class='ocrx_word' id='word_1_786' title='bbox 1624 5335 1725 5388; x_wconf 91' lang='lat' dir='ltr'><strong>hoc</strong></span> 
     </span>
    </p>
   </div>
   <div class='ocr_carea' id='block_1_105' title="bbox 169 5392 1724 5473">
    <p class='ocr_par' dir='ltr' id='par_1_105' title="bbox 169 5392 1724 5473">
     <span class='ocr_line' id='line_1_106' title="bbox 169 5392 1724 5473; baseline 0.009 -29"><span class='ocrx_word' id='word_1_787' title='bbox 169 5392 351 5473; x_wconf 62' lang='lat' dir='ltr'><strong>Petrus</strong></span> <span class='ocrx_word' id='word_1_788' title='bbox 386 5397 563 5456; x_wconf 82' lang='lat' dir='ltr'><strong>fecere</strong></span> <span class='ocrx_word' id='word_1_789' title='bbox 588 5397 811 5473; x_wconf 64' lang='lat' dir='ltr'><strong>maluit,</strong></span> <span class='ocrx_word' id='word_1_790' title='bbox 839 5392 1002 5473; x_wconf 82' lang='lat' dir='ltr'><strong>quam</strong></span> <span class='ocrx_word' id='word_1_791' title='bbox 1057 5403 1263 5473; x_wconf 77' lang='lat' dir='ltr'><strong>perpeti</strong></span> <span class='ocrx_word' id='word_1_792' title='bbox 1305 5392 1511 5458; x_wconf 50' lang='lat' dir='ltr'><strong>ut&#39;sibi</strong></span> <span class='ocrx_word' id='word_1_793' title='bbox 1561 5405 1724 5473; x_wconf 88' lang='lat' dir='ltr'><strong>pedes</strong></span> 
     </span>
    </p>
   </div>
   <div class='ocr_carea' id='block_1_106' title="bbox 171 5461 1721 5540">
    <p class='ocr_par' dir='ltr' id='par_1_106' title="bbox 171 5461 1721 5540">
     <span class='ocr_line' id='line_1_107' title="bbox 171 5461 1721 5540; baseline 0.008 -25"><span class='ocrx_word' id='word_1_794' title='bbox 171 5461 474 5540; x_wconf 72' lang='lat' dir='ltr'><strong>l.~v:tt&#39;_eutttr</strong></span> <span class='ocrx_word' id='word_1_795' title='bbox 512 5461 815 5540; x_wconf 82' lang='lat' dir='ltr'><strong>a_Domiuo</strong></span> <span class='ocrx_word' id='word_1_796' title='bbox 845 5461 898 5522; x_wconf 85' lang='lat' dir='ltr'><strong>ét</strong></span> <span class='ocrx_word' id='word_1_797' title='bbox 942 5461 1073 5540; x_wconf 63' lang='lat' dir='ltr'><strong>Deo:</strong></span> <span class='ocrx_word' id='word_1_798' title='bbox 1105 5461 1216 5540; x_wconf 72' lang='lat' dir='ltr'><strong>Nec</strong></span> <span class='ocrx_word' id='word_1_799' title='bbox 1244 5481 1433 5540; x_wconf 88' lang='lat' dir='ltr'><strong>putare</strong></span> <span class='ocrx_word' id='word_1_800' title='bbox 1464 5461 1721 5528; x_wconf 55' lang='lat' dir='ltr'><strong>dcb&#39;emus</strong></span> 
     </span>
    </p>
   </div>
   <div class='ocr_carea' id='block_1_107' title="bbox 172 5531 1722 5598">
    <p class='ocr_par' dir='ltr' id='par_1_107' title="bbox 172 5531 1722 5598">
     <span class='ocr_line' id='line_1_108' title="bbox 172 5531 1722 5598; baseline 0.009 -14"><span class='ocrx_word' id='word_1_801' title='bbox 172 5531 265 5585; x_wconf 87' lang='lat' dir='ltr'><strong>hoc</strong></span> <span class='ocrx_word' id='word_1_802' title='bbox 294 5533 510 5589; x_wconf 86' lang='lat' dir='ltr'><strong>Petrum</strong></span> <span class='ocrx_word' id='word_1_803' title='bbox 556 5537 702 5590; x_wconf 89' lang='lat' dir='ltr'><strong>inter</strong></span> <span class='ocrx_word' id='word_1_804' title='bbox 743 5551 974 5593; x_wconf 66' lang='lat' dir='ltr'><strong>creteros</strong></span> <span class='ocrx_word' id='word_1_805' title='bbox 1019 5531 1339 5594; x_wconf 74' lang='lat' dir='ltr'><strong>formidasse</strong></span> <span class='ocrx_word' id='word_1_806' title='bbox 1363 5552 1526 5598; x_wconf 79' lang='lat' dir='ltr'><strong>atque</strong></span> <span class='ocrx_word' id='word_1_807' title='bbox 1568 5558 1722 5598; x_wconf 88' lang='lat' dir='ltr'><strong>recu-</strong></span> 
     </span>
    </p>
   </div>
   <div class='ocr_carea' id='block_1_108' title="bbox 170 5556 1722 5680">
    <p class='ocr_par' dir='ltr' id='par_1_108' title="bbox 170 5556 1722 5680">
     <span class='ocr_line' id='line_1_109' title="bbox 172 5556 1722 5598; baseline 0.009 -14"><span class='ocrx_word' id='word_1_808' title='bbox 172 5556 265 5585; x_wconf 84' lang='lat' dir='ltr'><strong>uoc</strong></span> <span class='ocrx_word' id='word_1_809' title='bbox 294 5556 510 5589; x_wconf 79' lang='lat' dir='ltr'><strong>retrum</strong></span> <span class='ocrx_word' id='word_1_810' title='bbox 556 5556 702 5590; x_wconf 87' lang='lat' dir='ltr'><strong>mter</strong></span> <span class='ocrx_word' id='word_1_811' title='bbox 743 5556 974 5593; x_wconf 72' lang='lat' dir='ltr'><strong>cmteros</strong></span> <span class='ocrx_word' id='word_1_812' title='bbox 1019 5556 1339 5594; x_wconf 85' lang='lat' dir='ltr'><strong>tormtuasse</strong></span> <span class='ocrx_word' id='word_1_813' title='bbox 1363 5556 1412 5593; x_wconf 89' lang='lat' dir='ltr'><strong>at</strong></span> <span class='ocrx_word' id='word_1_814' title='bbox 1461 5557 1526 5595; x_wconf 90' lang='lat' dir='ltr'><strong>ue</strong></span> <span class='ocrx_word' id='word_1_815' title='bbox 1568 5558 1722 5598; x_wconf 87' lang='lat' dir='ltr'><strong>recu-</strong></span> 
     </span>
     <span class='ocr_line' id='line_1_110' title="bbox 170 5556 1722 5680; baseline 0.008 -29"><span class='ocrx_word' id='word_1_816' title='bbox 170 5615 333 5680; x_wconf 78' lang='lat' dir='ltr'><strong>sasse,</strong></span> <span class='ocrx_word' id='word_1_817' title='bbox 368 5621 489 5680; x_wconf 69' lang='lat' dir='ltr'><strong>eum</strong></span> <span class='ocrx_word' id='word_1_818' title='bbox 514 5607 579 5680; x_wconf 85' lang='lat' dir='ltr'><strong>_l.d</strong></span> <span class='ocrx_word' id='word_1_819' title='bbox 610 5607 712 5680; x_wconf 74' lang='lat' dir='ltr'><strong>alii</strong></span> <span class='ocrx_word' id='word_1_820' title='bbox 744 5617 871 5680; x_wconf 79' lang='lat' dir='ltr'><strong>ante</strong></span> <span class='ocrx_word' id='word_1_821' title='bbox 911 5609 1081 5678; x_wconf 82' lang='lat' dir='ltr'><strong>ipsum</strong></span> <span class='ocrx_word' id='word_1_822' title='bbox 1112 5609 1341 5680; x_wconf 76' lang='lat' dir='ltr'><strong>libenter</strong></span> <span class='ocrx_word' id='word_1_823' title='bbox 1379 5556 1722 5679; x_wconf 59' lang='lat' dir='ltr'><strong>velmqttani-</strong></span> 
     </span>
    </p>
   </div>
   <div class='ocr_carea' id='block_1_109' title="bbox 172 5674 1718 5750">
    <p class='ocr_par' dir='ltr' id='par_1_109' title="bbox 172 5674 1718 5750">
     <span class='ocr_line' id='line_1_111' title="bbox 172 5674 1718 5750; baseline 0.008 -27"><span class='ocrx_word' id='word_1_824' title='bbox 172 5674 322 5728; x_wconf 84' lang='lat' dir='ltr'><strong>nntcr</strong></span> <span class='ocrx_word' id='word_1_825' title='bbox 364 5674 473 5730; x_wconf 85' lang='lat' dir='ltr'><strong>sibi</strong></span> <span class='ocrx_word' id='word_1_826' title='bbox 506 5676 624 5732; x_wconf 81' lang='lat' dir='ltr'><strong>ﬁeri</strong></span> <span class='ocrx_word' id='word_1_827' title='bbox 663 5674 1058 5748; x_wconf 73' lang='lat' dir='ltr'><strong>permisissent.</strong></span> <span class='ocrx_word' id='word_1_828' title='bbox 1107 5678 1348 5736; x_wconf 85' lang='lat' dir='ltr'><strong>Facilius</strong></span> <span class='ocrx_word' id='word_1_829' title='bbox 1383 5674 1580 5750; x_wconf 78' lang='lat' dir='ltr'><strong>quippe</strong></span> <span class='ocrx_word' id='word_1_830' title='bbox 1638 5681 1718 5736; x_wconf 87' lang='lat' dir='ltr'><strong>sic</strong></span> 
     </span>
    </p>
   </div>
   <div class='ocr_carea' id='block_1_110' title="bbox 1829 4630 3406 4706">
    <p class='ocr_par' dir='ltr' id='par_1_110' title="bbox 1829 4630 3406 4706">
     <span class='ocr_line' id='line_1_112' title="bbox 1829 4630 3406 4706; baseline -0.003 -15"><span class='ocrx_word' id='word_1_831' title='bbox 1829 4635 2301 4706; x_wconf 74' lang='lat' dir='ltr'><strong>accipiunturista</strong></span> <span class='ocrx_word' id='word_1_832' title='bbox 2328 4635 2493 4689; x_wconf 85' lang='lat' dir='ltr'><strong>verba</strong></span> <span class='ocrx_word' id='word_1_833' title='bbox 2517 4630 2788 4706; x_wconf 74' lang='lat' dir='ltr'><strong>Evangelii</strong></span> <span class='ocrx_word' id='word_1_834' title='bbox 2807 4669 2822 4694; x_wconf 89' lang='lat'><strong>,</strong></span> <span class='ocrx_word' id='word_1_835' title='bbox 2842 4630 2982 4706; x_wconf 73' lang='lat' dir='ltr'><strong>quia</strong></span> <span class='ocrx_word' id='word_1_836' title='bbox 3020 4644 3144 4685; x_wconf 85' lang='lat' dir='ltr'><strong>cum</strong></span> <span class='ocrx_word' id='word_1_837' title='bbox 3201 4631 3406 4687; x_wconf 78' lang='lat' dir='ltr'><strong>dictum</strong></span> 
     </span>
    </p>
   </div>
   <div class='ocr_carea' id='block_1_111' title="bbox 1827 4700 3410 4778">
    <p class='ocr_par' dir='ltr' id='par_1_111' title="bbox 1827 4700 3410 4778">
     <span class='ocr_line' id='line_1_113' title="bbox 1827 4700 3410 4778; baseline -0.003 -18"><span class='ocrx_word' id='word_1_838' title='bbox 1827 4700 1975 4778; x_wconf 74' lang='lat' dir='ltr'><strong>esset</strong></span> <span class='ocrx_word' id='word_1_839' title='bbox 1999 4743 2012 4768; x_wconf 93' lang='lat'><strong>,</strong></span> <span class='ocrx_word' id='word_1_840' title='bbox 2047 4703 2210 4771; x_wconf 69' lang='lat' dir='ltr'><strong>prit</strong></span> <span class='ocrx_word' id='word_1_841' title='bbox 2235 4704 2411 4758; x_wconf 82' lang='lat' dir='ltr'><strong>lavare</strong></span> <span class='ocrx_word' id='word_1_842' title='bbox 2437 4703 2589 4778; x_wconf 71' lang='lat' dir='ltr'><strong>pedes</strong></span> <span class='ocrx_word' id='word_1_843' title='bbox 2625 4700 3028 4778; x_wconf 63' lang='lat' dir='ltr'><strong>discipulorum,</strong></span> <span class='ocrx_word' id='word_1_844' title='bbox 3057 4711 3103 4755; x_wconf 80' lang='lat' dir='ltr'><strong>et</strong></span> <span class='ocrx_word' id='word_1_845' title='bbox 3143 4712 3410 4772; x_wconf 68' lang='lat' dir='ltr'><strong>extergere</strong></span> 
     </span>
    </p>
   </div>
   <div class='ocr_carea' id='block_1_112' title="bbox 1829 4767 3402 4843">
    <p class='ocr_par' dir='ltr' id='par_1_112' title="bbox 1829 4767 3402 4843">
     <span class='ocr_line' id='line_1_114' title="bbox 1829 4767 3402 4843; baseline -0.002 -16"><span class='ocrx_word' id='word_1_846' title='bbox 1829 4767 2114 4843; x_wconf 17' lang='lat' dir='ltr'><strong>linteo’quo</strong></span> <span class='ocrx_word' id='word_1_847' title='bbox 2137 4767 2649 4843; x_wconf 51' lang='lat' dir='ltr'><strong>&#39;ernt_prwcinct_tts,</strong></span> <span class='ocrx_word' id='word_1_848' title='bbox 2689 4767 2882 4825; x_wconf 85' lang='lat' dir='ltr'><strong>deinde</strong></span> <span class='ocrx_word' id='word_1_849' title='bbox 2908 4767 3251 4843; x_wconf 70' lang='lat' dir='ltr'><strong>subiunctum</strong></span> <span class='ocrx_word' id='word_1_850' title='bbox 3287 4767 3402 4843; x_wconf 65' lang='lat' dir='ltr'><strong>est,</strong></span> 
     </span>
    </p>
   </div>
   <div class='ocr_carea' id='block_1_113' title="bbox 1842 4837 3400 4912">
    <p class='ocr_par' dir='ltr' id='par_1_113' title="bbox 1842 4837 3400 4912">
     <span class='ocr_line' id='line_1_115' title="bbox 1842 4837 3400 4912; baseline -0.001 -15"><span class='ocrx_word' id='word_1_851' title='bbox 1842 4843 1989 4898; x_wconf 80' lang='lat' dir='ltr'><strong>Venit</strong></span> <span class='ocrx_word' id='word_1_852' title='bbox 2016 4837 2136 4912; x_wconf 79' lang='lat' dir='ltr'><strong>ergo</strong></span> <span class='ocrx_word' id='word_1_853' title='bbox 2167 4841 2236 4894; x_wconf 85' lang='lat' dir='ltr'><strong>ad</strong></span> <span class='ocrx_word' id='word_1_854' title='bbox 2271 4840 2534 4896; x_wconf 84' lang='lat' dir='ltr'><strong>Simonem</strong></span> <span class='ocrx_word' id='word_1_855' title='bbox 2559 4837 2798 4912; x_wconf 72' lang='lat' dir='ltr'><strong>Petrum,</strong></span> <span class='ocrx_word' id='word_1_856' title='bbox 2824 4841 2978 4912; x_wconf 86' lang='lat' dir='ltr'><strong>quasi</strong></span> <span class='ocrx_word' id='word_1_857' title='bbox 3007 4837 3273 4908; x_wconf 82' lang='lat' dir='ltr'><strong>aliquibus</strong></span> <span class='ocrx_word' id='word_1_858' title='bbox 3287 4837 3400 4908; x_wconf 86' lang='lat' dir='ltr'><strong>jam</strong></span> 
     </span>
    </p>
   </div>
   <div class='ocr_carea' id='block_1_114' title="bbox 1829 4911 3075 4979">
    <p class='ocr_par' dir='ltr' id='par_1_114' title="bbox 1829 4911 3075 4979">
     <span class='ocr_line' id='line_1_116' title="bbox 1829 4911 3075 4979; baseline -0.001 -12"><span class='ocrx_word' id='word_1_859' title='bbox 1829 4911 2152 4976; x_wconf 34' lang='lat' dir='ltr'><strong>lavisset,’et</strong></span> <span class='ocrx_word' id='word_1_860' title='bbox 2181 4920 2302 4979; x_wconf 89' lang='lat' dir='ltr'><strong>post</strong></span> <span class='ocrx_word' id='word_1_861' title='bbox 2329 4925 2423 4969; x_wconf 89' lang='lat' dir='ltr'><strong>eos</strong></span> <span class='ocrx_word' id='word_1_862' title='bbox 2461 4911 2699 4964; x_wconf 88' lang='lat' dir='ltr'><strong>venisset</strong></span> <span class='ocrx_word' id='word_1_863' title='bbox 2737 4913 2811 4965; x_wconf 87' lang='lat' dir='ltr'><strong>ad</strong></span> <span class='ocrx_word' id='word_1_864' title='bbox 2834 4911 3075 4966; x_wconf 79' lang='lat' dir='ltr'><strong>l’etrnm.</strong></span> 
     </span>
    </p>
   </div>
   <div class='ocr_carea' id='block_1_115' title="bbox 1831 4980 3402 5052">
    <p class='ocr_par' dir='ltr' id='par_1_115' title="bbox 1831 4980 3402 5052">
     <span class='ocr_line' id='line_1_117' title="bbox 1831 4980 3402 5052; baseline -0.001 -16"><span class='ocrx_word' id='word_1_865' title='bbox 1831 4982 2105 5052; x_wconf 71' lang='lat' dir='ltr'><strong>nesciebat</strong></span> <span class='ocrx_word' id='word_1_866' title='bbox 2124 4982 2355 5052; x_wconf 89' lang='lat' dir='ltr'><strong>primum</strong></span> <span class='ocrx_word' id='word_1_867' title='bbox 2374 4981 2742 5052; x_wconf 89' lang='lat' dir='ltr'><strong>apostolorum</strong></span> <span class='ocrx_word' id='word_1_868' title='bbox 2761 4995 2879 5037; x_wconf 90' lang='lat' dir='ltr'><strong>esse</strong></span> <span class='ocrx_word' id='word_1_869' title='bbox 2899 4981 3268 5037; x_wconf 85' lang='lat' dir='ltr'><strong>beatissimum</strong></span> <span class='ocrx_word' id='word_1_870' title='bbox 3300 4980 3402 5036; x_wconf 87' lang='lat' dir='ltr'><strong>Pe-</strong></span> 
     </span>
    </p>
   </div>
   <div class='ocr_carea' id='block_1_116' title="bbox 1830 5050 3404 5121">
    <p class='ocr_par' dir='ltr' id='par_1_116' title="bbox 1830 5050 3404 5121">
     <span class='ocr_line' id='line_1_118' title="bbox 1830 5050 3404 5121; baseline -0.003 -14"><span class='ocrx_word' id='word_1_871' title='bbox 1830 5053 2015 5108; x_wconf 79' lang='lat' dir='ltr'><strong>trum?</strong></span> <span class='ocrx_word' id='word_1_872' title='bbox 2062 5050 2169 5106; x_wconf 82' lang='lat' dir='ltr'><strong>Sed</strong></span> <span class='ocrx_word' id='word_1_873' title='bbox 2202 5068 2306 5105; x_wconf 90' lang='lat' dir='ltr'><strong>non</strong></span> <span class='ocrx_word' id='word_1_874' title='bbox 2338 5052 2411 5105; x_wconf 90' lang='lat' dir='ltr'><strong>ita</strong></span> <span class='ocrx_word' id='word_1_875' title='bbox 2467 5051 2874 5121; x_wconf 80' lang='lat' dir='ltr'><strong>intelligendum</strong></span> <span class='ocrx_word' id='word_1_876' title='bbox 2932 5061 3058 5121; x_wconf 81' lang='lat' dir='ltr'><strong>est,</strong></span> <span class='ocrx_word' id='word_1_877' title='bbox 3101 5052 3248 5120; x_wconf 90' lang='lat' dir='ltr'><strong>quod</strong></span> <span class='ocrx_word' id='word_1_878' title='bbox 3282 5060 3404 5121; x_wconf 86' lang='lat' dir='ltr'><strong>post</strong></span> 
     </span>
    </p>
   </div>
   <div class='ocr_carea' id='block_1_117' title="bbox 1830 5119 3395 5196">
    <p class='ocr_par' dir='ltr' id='par_1_117' title="bbox 1830 5119 3395 5196">
     <span class='ocr_line' id='line_1_119' title="bbox 1830 5119 3395 5196; baseline -0.003 -22"><span class='ocrx_word' id='word_1_879' title='bbox 1830 5123 2040 5196; x_wconf 73' lang='lat' dir='ltr'><strong>aliquos</strong></span> <span class='ocrx_word' id='word_1_880' title='bbox 2075 5123 2142 5177; x_wconf 87' lang='lat' dir='ltr'><strong>ad</strong></span> <span class='ocrx_word' id='word_1_881' title='bbox 2174 5121 2580 5196; x_wconf 77' lang='lat' dir='ltr'><strong>illumvenerit,</strong></span> <span class='ocrx_word' id='word_1_882' title='bbox 2610 5119 2704 5196; x_wconf 76' lang='lat' dir='ltr'><strong>sed</strong></span> <span class='ocrx_word' id='word_1_883' title='bbox 2737 5123 2880 5196; x_wconf 77' lang='lat' dir='ltr'><strong>quod</strong></span> <span class='ocrx_word' id='word_1_884' title='bbox 2914 5121 2981 5174; x_wconf 86' lang='lat' dir='ltr'><strong>ab</strong></span> <span class='ocrx_word' id='word_1_885' title='bbox 3006 5119 3395 5196; x_wconf 34' lang='lat' dir='ltr'><strong>illis’c‘teperit.</strong></span> 
     </span>
    </p>
   </div>
   <div class='ocr_carea' id='block_1_118' title="bbox 1829 5188 3405 5266">
    <p class='ocr_par' dir='ltr' id='par_1_118' title="bbox 1829 5188 3405 5266">
     <span class='ocr_line' id='line_1_120' title="bbox 1829 5188 3405 5266; baseline -0.004 -20"><span class='ocrx_word' id='word_1_886' title='bbox 1829 5188 2055 5266; x_wconf 76' lang='lat' dir='ltr'><strong>Quando</strong></span> <span class='ocrx_word' id='word_1_887' title='bbox 2083 5206 2216 5262; x_wconf 73' lang='lat' dir='ltr'><strong>ergo</strong></span> <span class='ocrx_word' id='word_1_888' title='bbox 2242 5191 2405 5266; x_wconf 78' lang='lat' dir='ltr'><strong>pedes</strong></span> <span class='ocrx_word' id='word_1_889' title='bbox 2428 5188 2829 5266; x_wconf 61' lang='lat' dir='ltr'><strong>discipulorum</strong></span> <span class='ocrx_word' id='word_1_890' title='bbox 2844 5192 3025 5243; x_wconf 87' lang='lat' dir='ltr'><strong>lavare</strong></span> <span class='ocrx_word' id='word_1_891' title='bbox 3043 5188 3228 5266; x_wconf 62' lang='lat' dir='ltr'><strong>coepit,</strong></span> <span class='ocrx_word' id='word_1_892' title='bbox 3256 5188 3405 5266; x_wconf 73' lang='lat' dir='ltr'><strong>venit</strong></span> 
     </span>
    </p>
   </div>
   <div class='ocr_carea' id='block_1_119' title="bbox 1827 5257 3402 5331">
    <p class='ocr_par' dir='ltr' id='par_1_119' title="bbox 1827 5257 3402 5331">
     <span class='ocr_line' id='line_1_121' title="bbox 1827 5257 3402 5331; baseline -0.003 -18"><span class='ocrx_word' id='word_1_893' title='bbox 1827 5257 1897 5316; x_wconf 75' lang='lat' dir='ltr'><strong>ad</strong></span> <span class='ocrx_word' id='word_1_894' title='bbox 1925 5277 2047 5317; x_wconf 86' lang='lat' dir='ltr'><strong>cum</strong></span> <span class='ocrx_word' id='word_1_895' title='bbox 2077 5277 2106 5317; x_wconf 87' lang='lat' dir='ltr'><strong>a</strong></span> <span class='ocrx_word' id='word_1_896' title='bbox 2135 5257 2444 5331; x_wconf 44' lang='lat' dir='ltr'><strong>quo—coepit,</strong></span> <span class='ocrx_word' id='word_1_897' title='bbox 2471 5262 2523 5318; x_wconf 85' lang='lat' dir='ltr'><strong>id</strong></span> <span class='ocrx_word' id='word_1_898' title='bbox 2559 5257 2662 5324; x_wconf 75' lang='lat' dir='ltr'><strong>est,</strong></span> <span class='ocrx_word' id='word_1_899' title='bbox 2705 5261 2771 5316; x_wconf 87' lang='lat' dir='ltr'><strong>ad</strong></span> <span class='ocrx_word' id='word_1_900' title='bbox 2795 5259 3050 5331; x_wconf 84' lang='lat' dir='ltr'><strong>Petru_m._</strong></span> <span class='ocrx_word' id='word_1_901' title='bbox 3069 5274 3087 5306; x_wconf 72' lang='grc' dir='ltr'><strong>ι</strong></span> <span class='ocrx_word' id='word_1_902' title='bbox 3113 5257 3278 5331; x_wconf 63' lang='grc' dir='ltr'>ίσέιτιι</span> <span class='ocrx_word' id='word_1_903' title='bbox 3290 5257 3402 5331; x_wconf 78' lang='lat' dir='ltr'><strong>rius</strong></span> 
     </span>
    </p>
   </div>
   <div class='ocr_carea' id='block_1_120' title="bbox 1825 5323 3404 5404">
    <p class='ocr_par' dir='ltr' id='par_1_120' title="bbox 1825 5323 3404 5404">
     <span class='ocr_line' id='line_1_122' title="bbox 1825 5323 3404 5404; baseline -0.006 -17"><span class='ocrx_word' id='word_1_904' title='bbox 1825 5331 2111 5404; x_wconf 77' lang='lat' dir='ltr'><strong>Origenem</strong></span> <span class='ocrx_word' id='word_1_905' title='bbox 2129 5323 2230 5386; x_wconf 73' lang='lat' dir='ltr'><strong>hoc</strong></span> <span class='ocrx_word' id='word_1_906' title='bbox 2244 5323 2361 5404; x_wconf 80' lang='lat' dir='ltr'><strong>loco</strong></span> <span class='ocrx_word' id='word_1_907' title='bbox 2387 5323 2794 5404; x_wconf 71' lang='lat' dir='ltr'><strong>interpretatur,</strong></span> <span class='ocrx_word' id='word_1_908' title='bbox 2809 5327 2960 5394; x_wconf 84' lang='lat' dir='ltr'><strong>quasi</strong></span> <span class='ocrx_word' id='word_1_909' title='bbox 2980 5340 3008 5377; x_wconf 88' lang='lat' dir='ltr'><strong>a</strong></span> <span class='ocrx_word' id='word_1_910' title='bbox 3024 5323 3164 5404; x_wconf 67' lang='lat' dir='ltr'><strong>Juda</strong></span> <span class='ocrx_word' id='word_1_911' title='bbox 3179 5324 3404 5404; x_wconf 76' lang='lat' dir='ltr'><strong>incepis-</strong></span> 
     </span>
    </p>
   </div>
   <div class='ocr_carea' id='block_1_121' title="bbox 1823 5394 3403 5468">
    <p class='ocr_par' dir='ltr' id='par_1_121' title="bbox 1823 5394 3403 5468">
     <span class='ocr_line' id='line_1_123' title="bbox 1823 5394 3403 5468; baseline -0.006 -12"><span class='ocrx_word' id='word_1_912' title='bbox 1823 5416 1880 5456; x_wconf 88' lang='lat' dir='ltr'><strong>se</strong></span> <span class='ocrx_word' id='word_1_913' title='bbox 1898 5394 2171 5459; x_wconf 71' lang='lat' dir='ltr'><strong>Cluistum</strong></span> <span class='ocrx_word' id='word_1_914' title='bbox 2186 5400 2488 5468; x_wconf 85' lang='lat' dir='ltr'><strong>scripserit.</strong></span> <span class='ocrx_word' id='word_1_915' title='bbox 2506 5394 2615 5454; x_wconf 77' lang='lat' dir='ltr'><strong>Huc</strong></span> <span class='ocrx_word' id='word_1_916' title='bbox 2627 5399 2672 5452; x_wconf 90' lang='lat' dir='ltr'><strong>si</strong></span> <span class='ocrx_word' id='word_1_917' title='bbox 2689 5410 2873 5451; x_wconf 85' lang='lat' dir='ltr'><strong>verum</strong></span> <span class='ocrx_word' id='word_1_918' title='bbox 2891 5395 3136 5468; x_wconf 75' lang='lat' dir='ltr'><strong>est,quod</strong></span> <span class='ocrx_word' id='word_1_919' title='bbox 3150 5394 3204 5468; x_wconf 72' lang='lat' dir='ltr'><strong>in</strong></span> <span class='ocrx_word' id='word_1_920' title='bbox 3217 5394 3403 5468; x_wconf 73' lang='lat' dir='ltr'><strong>codice</strong></span> 
     </span>
    </p>
   </div>
   <div class='ocr_carea' id='block_1_122' title="bbox 1824 5463 3403 5555">
    <p class='ocr_par' dir='ltr' id='par_1_122' title="bbox 1824 5463 3403 5555">
     <span class='ocr_line' id='line_1_124' title="bbox 1824 5463 3403 5555; baseline -0.003 -32"><span class='ocrx_word' id='word_1_921' title='bbox 1824 5477 2004 5555; x_wconf 65' lang='lat' dir='ltr'><strong>tamen</strong></span> <span class='ocrx_word' id='word_1_922' title='bbox 2038 5469 2204 5555; x_wconf 64' lang='lat' dir='ltr'><strong>Regio</strong></span> <span class='ocrx_word' id='word_1_923' title='bbox 2238 5463 2343 5523; x_wconf 58' lang='lat' dir='ltr'><strong>no&#39;n</strong></span> <span class='ocrx_word' id='word_1_924' title='bbox 2381 5464 3110 5555; x_wconf 49' lang='lat' dir='ltr'><strong>contpare&#39;t&#39;,lconsettltientes</strong></span> <span class='ocrx_word' id='word_1_925' title='bbox 3139 5463 3403 5555; x_wconf 53' lang='lat' dir='ltr'><strong>&#39;lltabuerit</strong></span> 
     </span>
    </p>
   </div>
   <div class='ocr_carea' id='block_1_123' title="bbox 1828 5533 3400 5612">
    <p class='ocr_par' dir='ltr' id='par_1_123' title="bbox 1828 5533 3400 5612">
     <span class='ocr_line' id='line_1_125' title="bbox 1828 5533 3400 5612; baseline -0.003 -17"><span class='ocrx_word' id='word_1_926' title='bbox 1828 5539 2094 5612; x_wconf 67' lang='lat' dir='ltr'><strong>Oiigenes</strong></span> <span class='ocrx_word' id='word_1_927' title='bbox 2111 5533 2550 5612; x_wconf 63' lang='lat' dir='ltr'><strong>Chrysostomum</strong></span> <span class='ocrx_word' id='word_1_928' title='bbox 2569 5533 3118 5612; x_wconf 41' lang='lat' dir='ltr'><strong>c-t&#39;l‘_l_te0p~hylactutn.</strong></span> <span class='ocrx_word' id='word_1_929' title='bbox 3139 5535 3400 5593; x_wconf 70' lang='lat' dir='ltr'><strong>Hunnus.</strong></span> 
     </span>
    </p>
   </div>
   <div class='ocr_carea' id='block_1_124' title="bbox 1899 5603 2864 5679">
    <p class='ocr_par' dir='ltr' id='par_1_124' title="bbox 1899 5603 2864 5679">
     <span class='ocr_line' id='line_1_126' title="bbox 1899 5603 2864 5679; baseline -0.008 -17"><span class='ocrx_word' id='word_1_930' title='bbox 1899 5603 2014 5679; x_wconf 57' lang='lat'><strong>(1&#39;0)</strong></span> <span class='ocrx_word' id='word_1_931' title='bbox 2045 5603 2338 5679; x_wconf 63' lang='lat' dir='ltr'><strong>Ferrarius</strong></span> <span class='ocrx_word' id='word_1_932' title='bbox 2358 5603 2626 5679; x_wconf 61' lang='lat' dir='ltr'><strong>legitdnb</strong></span> <span class='ocrx_word' id='word_1_933' title='bbox 2657 5603 2864 5679; x_wconf 57' lang='grc' dir='ltr'>ξιησοῦ.</span> 
     </span>
    </p>
   </div>
   <div class='ocr_carea' id='block_1_125' title="bbox 1898 5611 3069 5754">
    <p class='ocr_par' dir='ltr' id='par_1_125' title="bbox 1898 5611 3069 5754">
     <span class='ocr_line' id='line_1_127' title="bbox 1899 5611 2864 5679; baseline -0.007 -17"><span class='ocrx_word' id='word_1_934' title='bbox 1899 5611 1994 5679; x_wconf 76' lang='grc'><strong>(10</strong></span> <span class='ocrx_word' id='word_1_935' title='bbox 2045 5611 2331 5662; x_wconf 82' lang='lat' dir='ltr'><strong>Ferrarius</strong></span> <span class='ocrx_word' id='word_1_936' title='bbox 2358 5611 2487 5674; x_wconf 76' lang='lat' dir='ltr'><strong>legit</strong></span> <span class='ocrx_word' id='word_1_937' title='bbox 2519 5611 2626 5658; x_wconf 84' lang='grc' dir='ltr'><strong>ἀπὸ</strong></span> <span class='ocrx_word' id='word_1_938' title='bbox 2669 5611 2864 5674; x_wconf 85' lang='grc' dir='ltr'>Ἰησου.</span> 
     </span>
     <span class='ocr_line' id='line_1_128' title="bbox 1898 5611 3069 5754; baseline -0.006 -16"><span class='ocrx_word' id='word_1_939' title='bbox 1898 5611 2014 5754; x_wconf 55' lang='lat' dir='ltr'><strong>(ll;</strong></span> <span class='ocrx_word' id='word_1_940' title='bbox 2043 5676 2278 5750; x_wconf 76' lang='lat' dir='ltr'><strong>Legebat</strong></span> <span class='ocrx_word' id='word_1_941' title='bbox 2299 5674 2584 5735; x_wconf 76' lang='lat' dir='ltr'><strong>Ferrarius</strong></span> <span class='ocrx_word' id='word_1_942' title='bbox 2615 5673 2717 5728; x_wconf 76' lang='grc' dir='ltr'><strong>κᾶν</strong></span> <span class='ocrx_word' id='word_1_943' title='bbox 2744 5673 2849 5745; x_wconf 74' lang='grc' dir='ltr'><strong>πρὸ</strong></span> <span class='ocrx_word' id='word_1_944' title='bbox 2882 5673 3069 5731; x_wconf 71' lang='grc' dir='ltr'>αὐτοῦ.</span> 
     </span>
    </p>
   </div>
   <div class='ocr_carea' id='block_1_126' title="bbox 3100 4911 3397 4978">
    <p class='ocr_par' dir='ltr' id='par_1_126' title="bbox 3100 4911 3397 4978">
     <span class='ocr_line' id='line_1_129' title="bbox 3100 4911 3397 4978; baseline 0 -14"><span class='ocrx_word' id='word_1_945' title='bbox 3100 4911 3231 4978; x_wconf 84' lang='lat' dir='ltr'><strong>Quis</strong></span> <span class='ocrx_word' id='word_1_946' title='bbox 3252 4912 3397 4966; x_wconf 89' lang='lat' dir='ltr'><strong>enim</strong></span> 
     </span>
    </p>
   </div>
  </div>
