3866 6200
503 347 608 404 759

1943 344 2102 404 ORlG
2112 344 2266 402 ENIS
3617 355 3702 411 760

499 463 739 534 Spiritus
778 471 1021 527 sanctus,
1066 461 1344 533 virtusque
1373 479 1438 518 es
1476 461 1606 531 alto,
1635 479 1731 520 ceu
1773 465 2069 522 vestimen-

2179 465 2268 519 καὶ
2297 466 2330 536 ἡ
2364 463 2439 528 ὡς
2487 463 2687 534 ἔνδυμα
2735 463 2794 528 ἐξ
2818 463 2981 534 ὕψους
3017 463 3263 535 δύναμις.
3317 465 3374 519 Ὀ
3405 464 3496 536 μὲν
3523 461 3599 520 οὖν
3618 471 3707 523 1ιὲ-

504 565 640 610 tum.
673 557 848 624 Atque
875 554 1064 607 Petrus
1107 553 1350 622 quidem,
1383 570 1488 610 non
1523 556 1872 612 considerans
1901 557 2068 611 ratio-

2171 576 2320 631 τρος,
2353 557 2427 628 μὴ
2475 555 2695 626 θεωρῶν
2721 556 2811 609 τὸν
2847 556 3002 624 λόγον
3046 556 3141 608 τοῦ
3191 555 3522 626 βουλήματος
3563 559 3705 629 Ἰησοῦ

503 661 626 700 nem
664 643 957 697 voluntatis
981 642 1105 698 Jesu
1132 684 1147 706 ,
1191 646 1281 714 qui
1324 647 1624 715 incoeperat
1673 646 1855 702 lavare
1911 650 2074 718 pedes

2179 648 2478 719 ἀρξαμένου
2496 647 2703 700 νίπτειν
2729 647 2855 711 τοὺς
2887 646 3051 709 πόδας
3088 645 3196 699 τῶν
3231 645 3500 716 μαθητῶν,
3528 647 3606 700 καὶ
3631 652 3707 702 ἐκ·

501 732 932 801 discipulorum,
979 742 1034 788 et
1073 734 1391 802 abstergere
1443 736 1608 792 linteo
1647 752 1754 806 quo
1785 747 1906 794 erat
1937 755 2073 809 prai-

500 821 734 882 einetns,
771 819 897 874 dicit
933 819 1030 886 illi,
1092 839 1111 872 ι
1142 821 1391 889 Domine,
1419 832 1472 878 tu
1510 825 1642 880 mihi
1673 826 1819 883 lavas
1848 829 2066 897 pedes?»

501 910 820 976 dubitative,
851 922 906 968 et
963 914 1130 970 veluti
1162 917 1369 984 pudore
1409 917 1558 972 illum
1596 920 1810 976 allicere
1844 921 2027 975 volens
2050 962 2067 988 ,

501 1002 605 1058 hoc
633 1003 819 1059 dicens
861 1019 874 1058 :
899 1014 956 1059 at
979 1020 1106 1062 vero
1134 1027 1153 1059 ι
1182 1007 1338 1063 Jesns
1363 1012 1659 1080 respondit,
1684 1023 1738 1068 et
1767 1013 1904 1068 dixit
1933 1013 2013 1068 illi
2045 1055 2062 1080 ,

499 1094 654 1161 Quod
717 1112 817 1166 ego
883 1098 1041 1162 facio,
1119 1107 1171 1154 tu
1231 1117 1376 1155 nunc
1437 1103 1632 1169 nescis,
1695 1107 1838 1160 scies
1890 1115 2070 1160 autem

503 1196 742 1254 postea,»
776 1190 975 1243 docens
1004 1192 1316 1260 mysterium
1349 1193 1452 1248 hoc
1480 1208 1618 1250 esse.
1653 1194 1760 1249 Sed
1795 1195 1923 1264 quid
1955 1205 2075 1250 erat

504 1278 630 1331 illud
657 1280 796 1346 quod
826 1277 1060 1334 faciebat
1105 1279 1264 1335 Jesus
1298 1282 1528 1338 lavando
1573 1285 1737 1354 pedes
1775 1285 2072 1352 discipulo—

502 1369 666 1422 rum?
714 1371 794 1422 An
823 1371 1154 1437 operabatur
1184 1370 1411 1426 lavando
1472 1374 1712 1442 ipsorum
1769 1376 1980 1449 pedes~
2023 1384 2078 1430 et

502 1460 863 1529 abstergeudo
895 1461 1062 1516 linteo
1094 1477 1202 1532 quo
1239 1472 1356 1517 erat
1385 1465 1708 1535 praecinctus
1728 1506 1744 1531 ,
1773 1467 1918 1537 ipsos
1947 1483 2075 1536 spe-

502 1549 702 1612 ciosos,
734 1565 856 1603 cum
882 1550 1119 1606 futurum
1153 1561 1317 1616 esset,
1352 1562 1410 1607 ut
1453 1556 1683 1623 apostoli
1730 1557 1870 1612 bona
1915 1573 2078 1612 evan-

501 1639 848 1707 gelizarent?
879 1639 1012 1694 Nam
1041 1643 1258 1710 quando
1294 1643 1425 1697 lavit
1471 1645 1638 1714 pedes
1685 1646 2074 1716 discipulorum

503 1728 683 1794 Jesns,
719 1739 845 1785 tunc
867 1731 1061 1800 opinor
1099 1731 1226 1786 illud
1264 1734 1575 1802 prophetico:
1599 1735 1800 1791 dictum
1839 1738 1905 1792 de
1947 1751 2078 1806 apo-

2177 739 2402 810 μάσσειν
2443 738 2521 809 τῷ
2568 739 2779 808 λεντίῳ,
2817 732 2862 806 ᾧ
2887 733 2955 808 ἦν
2988 737 3366 807 διεζωσμένος,
3396 737 3534 806 λέγει
3568 740 3706 812 αὐτῷ,

2179 847 2197 880 ι
2226 829 2420 900 Κύριε,
2456 829 2519 882 σύ
2542 847 2643 899 μου
2668 830 2880 891 νίπτεις
2903 828 3027 890 τοὺς
3061 827 3260 892 πόδας;
3296 847 3314 880 ι
3339 829 3710 898 ἐπαπορητικιῇ

2173 919 2267 972 καὶ
2295 916 2687 988 δυσωπητικῶς
2706 915 2864 969 τοῦτο
2892 915 3135 985 φάσκων·
3161 916 3190 966 6
3210 915 3265 967 δὲ
3307 915 3508 987 Ἰησοῦς
3527 918 3711 990 ἀπεκρί·

2173 1009 2262 1080 θη,
2298 1009 2390 1062 καλ⁵
2419 1004 2572 1062 εἶπεν
2603 1008 2772 1078 αύτῷ,
2816 1007 3102 1074 διδάσκων,
3144 1007 3227 1059 ὅτι
3268 1008 3558 1079 μυστήριον
3586 1010 3708 1062 τοῦτο

2172 1095 2260 1170 ἦν,
2287 1099 2368 1152 τόο
2407 1117 2425 1150 ι
2469 1101 2534 1152 Ὃ
2567 1099 2677 1168 ἐγὼ
2705 1099 2862 1162 ποιῶ,
2899 1099 2964 1152 σὺ
3004 1099 3105 1151 οὐκ
3135 1093 3282 1161 οἶδας
3315 1099 3456 1170 ἄρτι⁶

2178 1187 2314 1256 μετά
2338 1185 2528 1242 ταῦτα.
2581 1206 2600 1240 ι
2638 1188 2703 1240 Τί
2733 1187 2791 1240 δὲ
2821 1183 2890 1258 ἦν
2915 1187 2944 1240 δ
2985 1187 3158 1240 ἐποίει
3195 1187 3396 1240 νίπτων
3434 1189 3552 1251 τοὺς
3581 1190 3707 1254 πόδας

2173 1275 2282 1328 τῶν
2317 1277 2574 1348 μαθητῶν
2597 1278 2625 1329 6
2667 1276 2903 1347 Ἰησοῦς;
2938 1278 3009 1329 Ἦ
3029 1278 3313 1349 εἰργάζετο
3337 1277 3423 1331 διὰ
3440 1279 3528 1331 τοῦ
3543 1281 3708 1333 νίπτειν

2175 1364 2356 1419 αὐτῶν
2387 1366 2514 1428 τοὺς
2547 1365 2734 1431 πόδας,
2779 1369 2874 1420 καὶ
2915 1366 3218 1436 ἐκμάσσειν
3265 1366 3345 1435 τῷ
3369 1367 3552 1439 λεντίῳ
3579 1364 3618 1438 ᾧ
3660 1367 3708 1441 ἦν

2175 1457 2555 1527 διεζωσμένος,
2583 1456 2816 1529 ὡραίους
2835 1457 3051 1522 αὐτοὺς,
3083 1457 3383 1528 μελλόντων
3399 1459 3569 1511 αὐτῶν
3589 1462 3714 1527 £617—

2176 1548 2493 1616 γελίσασθαι
2519 1547 2586 1600 τά
2616 1548 2829 1617 ἀγαθά;
2863 1549 2991 1602 Ὅτε
3026 1548 3137 1619 γὰρ
3155 1548 3443 1618 Evasi/5106;
3469 1551 3616 1614 πόδας
3630 1553 3712 1604 τῶν

2180 1638 2438 1710 μαθητῶν
2471 1641 2499 1692 6
2544 1638 2771 1710 Ἰησοῦς,
2802 1639 2943 1702 τότε,
2977 1638 3148 1710 οἶμαι,
3169 1638 3516 1712 πεπλήρωται
3538 1642 3594 1695 τὸ
3615 1645 3715 1714 περὶ

2179 1729 2290 1784 τῶν
2338 1729 2650 1782 ἀποστόλων
2678 1727 2847 1782 αὑτοῦ
2883 1730 3236 1802 προφητικῶς
3263 1733 3562 1802 εἰρημένονο
3600 1751 3616 1783 ι
3649 1735 3716 1797 Ὧς

501 1823 657 1876 stolis
684 1822 800 1876 suis
831 1825 1156 1893 completum
1184 1824 1351 1880 fuisse
1384 1841 1400 1880 :
1433 1845 1451 1877 ι
1479 1826 1653 1892 Quam
1691 1829 1919 1896 speciosi
1947 1839 2073 1884 sunt

2179 1819 2367 1891 ὡραῖοι
2407 1822 2455 1873 οἱ
2503 1820 2662 1884 πόδες
2692 1818 2802 1872 τῶν
2840 1821 3344 1890 εὐαγγελιζομένων
3386 1821 3452 1874 τὰ
3479 1821 3666 1889 ἀγαθαί
3697 1841 3711 1872 ι

502 1920 664 1981 pedes
719 1915 1203 1982 evangelizautium
1240 1919 1377 1970 bona
1418 1918 1532 1961 ”~"
1562 1920 1609 1974 ἓ»
1659 1920 1811 1986 Quod
1843 1921 1884 1974 si
1913 1921 2076 1988 pedes

502 2007 893 2074 discipulorum
921 2007 1138 2075 lavans,
1164 2011 1418 2079 pulchros
1448 2027 1542 2068 eos
1562 2011 1711 2078 facit,
1729 2013 1856 2082 quid
1878 2013 2076 2068 dicturi

503 2113 693 2153 sumus
725 2100 1034 2169 ingenerari
1072 2117 1106 2161 τι
1132 2116 1258 2156 vera
1294 2103 1728 2172 pulchritudine,
1761 2104 1846 2159 his
1864 2105 1951 2175 qui
1981 2105 2076 2160 toti

503 2198 632 2242 sunt
687 2189 944 2258 baptizati
994 2205 1022 2243 a
1071 2189 1197 2246 Jesu
1234 2192 1287 2245 in
1339 2191 1542 2261 Spiritu
1583 2201 1772 2247 sancto
1819 2202 1873 2247 et
1923 2193 2078 2262 igni?

505 2275 741 2331 Proinde
791 2278 956 2345 pedes
1003 2279 1490 2349 evangelizantinm
1530 2280 1668 2336 bona
1718 2281 1927 2350 pulchri
1957 2279 2077 2336 fue-

503 2379 651 2430 rant,
694 2378 750 2421 nt
779 2367 874 2423 loti
909 2378 962 2424 et
995 2371 1237 2426 mundati
1282 2381 1336 2426 et
1383 2372 1617 2427 abstersi
1644 2372 1847 2428 Christi
1906 2372 2078 2426 mani-

501 2459 627 2528 bus,
665 2461 913 2515 incedcrc
945 2472 1164 2533 possent
1195 2479 1291 2533 per
1318 2477 1560 2520 sanetam
1590 2466 1756 2532 viam,
1789 2477 1951 2536 atque
1978 2466 2080 2522 iter

504 2549 684 2606 facere
713 2567 809 2621 per
840 2551 987 2606 illum
1017 2553 1109 2622 qui
1134 2553 1272 2607 dixit
1305 2573 1318 2608 :
1347 2555 1489 2625 «Ego
1517 2571 1635 2610 sum
1667 2557 1756 2610 via
1787 2556 1884 2610 ".n
1920 2557 2078 2612 Solus

504 2641 672 2709 enim,
705 2650 760 2696 et
791 2643 970 2697 omnis
1025 2643 1182 2712 cujus
1229 2645 1394 2713 pedes
1450 2645 1645 2702 laverit
1681 2645 1838 2701 Jesns
1867 2688 1882 2713 ,
1935 2648 2076 2702 viam

505 2734 844 2798 perambulat
892 2735 1031 2788 hanc
1080 2735 1348 2790 viventem
1395 2745 1449 2791 et
1507 2739 1574 2790 ad
1626 2737 1840 2793 Patrem
1875 2741 2080 2796 ducen-

507 2832 654 2888 tem;
690 2841 788 2879 nec
813 2826 955 2897 capit
985 2825 1098 2882 haec
1142 2828 1228 2883 via
1263 2827 1428 2898 pedes
1478 2829 1792 2899 inquinatos
1828 2840 1882 2886 et
1912 2833 2079 2903 pedes

507 2914 601 2981 qui
635 2917 870 2970 nondum
896 2927 1024 2972 sunt
1050 2919 1256 2976 mundi.
1296 2919 1471 2989 Atque
1502 2919 1679 2976 Moses
1706 2921 1921 2990 quidem
1943 2938 2078 2992 opus

512 3005 749 3061 habebat
796 3009 1006 3064 solvere
1061 3011 1486 3067 calceamentum
1539 3029 1604 3068 ex
1656 3013 1881 3083 pedibus
1937 3015 2073 3079 suis,

509 3097 763 3160 quoniam
819 3099 864 3153 is
900 3100 1054 3154 locus
1087 3102 1152 3155 ad
1181 3115 1342 3171 quem
1389 3115 1711 3172 pervenerat
1739 3146 1755 3173 ,
1799 3115 1851 3159 et
1881 3105 1934 3160 in
1971 3120 2076 3174 quo

509 3187 724 3254 stabat,
794 3198 938 3244 terra
996 3201 1180 3246 sancta
1241 3193 1470 3259 erat“;
1526 3195 1772 3251 similiter
1814 3206 1870 3251 et
1919 3197 2076 3253 Iesus

511 3277 659 3334 Nave
697 3280 838 3336 filius
869 3281 932 3336 ⁸³.
972 3283 1041 3336 At
1073 3299 1206 3339 vero
1231 3283 1355 3340 Jesu
1379 3285 1655 3356 discipulis
1683 3329 1698 3353 ,
1734 3299 1793 3343 ut
1821 3305 1914 3360 per
1939 3289 2081 3344 hanc

513 3371 782 3425 viventem
831 3374 1234 3444 animatamque
1286 3375 1427 3429 viam
1481 3379 1893 3446 perambulent,
1971 3395 2078 3434 non

512 3462 685 3516 soluat
726 3463 860 3519 satis
888 3473 965 3519 est
1002 3464 1054 3519 in
1082 3465 1163 3519 via
1192 3466 1405 3524 calceos
1428 3483 1536 3522 non
1567 3470 1790 3538 habere,
1823 3487 1944 3526 cum
1979 3472 2080 3527 hoc

509 3555 667 3611 Jesus
695 3555 974 3626 discipulis
1001 3556 1116 3612 suis
1142 3559 1464 3628 praeceperit
1515 3559 1604 3626 '5;
1659 3561 1754 3615 sed
1810 3563 1876 3614 ad
1941 3563 2080 3618 hanc

511 3648 680 3714 ipsam
733 3647 875 3700 viam
953 3647 1348 3706 conficiendam
1411 3666 1545 3722 opus
1589 3652 1756 3707 etiam
1811 3652 2080 3708 habebant

511 3738 680 3793 lavari
712 3753 741 3792 a
775 3737 926 3804 Jesu,
960 3741 1052 3811 qui
1077 3741 1325 3811 deposuit
1365 3744 1710 3808 vestimenta,
1747 3743 1992 3800 fortassis
2022 3753 2082 3800 ut

517 3825 743 3881 mundos
769 3824 935 3896 416
957 3827 1170 3882 illorum
1198 3832 1363 3900 pedes
1387 3831 1741 3898 exsistentcs,
1766 3834 2080 3890 mundiores

512 3915 756 3969 faceret:
792 3916 1040 3972 fortassis
1063 3920 1246 3986 etiam,
1279 3930 1335 3976 ut
1371 3923 1794 3990 immunditiam,
1831 3941 1992 3996 quam
2023 3927 2077 3982 in

510 4004 735 4071 pedibus
759 4005 872 4060 suis
898 4006 1164 4062 habebant
1187 4011 1454 4083 discipuli,
1481 4015 1534 4069 in
1558 4031 1714 4071 suum
1745 4018 1911 4087 ipsius
1941 4019 2082 4073 reci-

514 4104 665 4162 peret
704 4110 920 4164 corpus,
954 4100 1230 4155 mediante
1261 4102 1429 4159 linteo
1459 4121 1522 4160 eo
1551 4123 1657 4176 quo
1681 4111 1799 4165 solo
1846 4111 2080 4179 praecin-

511 4197 631 4240 ctus
659 4186 930 4243 eratzfert
959 4188 1071 4260 ipse
1110 4206 1342 4262 namque
1384 4197 1728 4256 infirmitates
1765 4213 1982 4258 nostras
2009 4205 2078 4258 ⁸⁸.

517 4279 652 4333 Vide
682 4279 846 4349 igitur
868 4282 1010 4350 quod
1037 4281 1318 4339 lavaturus
1353 4286 1518 4355 pedes
1544 4290 1931 4359 discipulorum
1959 4294 2078 4346 nul-

513 4367 621 4420 lum
656 4367 798 4423 aliud
823 4378 1031 4440 tempus
1062 4371 1312 4442 elegerit,
1339 4375 1440 4430 nisi
1466 4379 1806 4448 quandojam
1837 4381 2081 4438 diabolus

2179 1909 2243 1961 Εί
2275 1909 2330 1961 6t
2365 1909 2533 1972 πόδας
2577 1907 2833 1979 μαθητῶν
2863 1908 3065 1962 νίπτων
3091 1909 3328 1980 ὡραίους
3354 1910 3540 1973 αὖτοὺς
3583 1915 3713 1976 ποιεῖ,

2178 2000 2230 2053 τί
2259 2002 2502 2072 φήσομεν
2531 2001 2641 2054 ἀπὸ
2666 2000 2758 2054 τοῦ
2779 2000 3029 2072 ἀληθινοῦ
3060 2001 3287 2065 κάλλους
3313 2002 3604 2070 ἐγγίνεσθαι
3629 2008 3717 2066 τοῖς

2180 2089 2286 2144 ὑπὸ
2345 2089 2519 2161 Ἰησοῦ
2550 2089 2974 2161 βαπτισαμένοις
3011 2092 3154 2156 ὅλοις
3211 2095 3267 2146 tv
3302 2093 3570 2165 Πνεύματι
3605 2095 3716 2166 ἁγίῳ

2179 2181 2274 2235 καὶ
2299 2183 2462 2254 πυρί;
2503 2182 2704 2254 Ὠραῖοι
2730 2182 2785 2234 δὲ
2815 2184 2866 2236 οἱ
2894 2183 3052 2247 πόδες
3071 2183 3321 2252 ἐγένοντο
3339 2186 3442 2238 τῶν
3473 2189 3716 2256 εὐαγγελι-

2180 2274 2419 2344 ζομένων
2439 2273 2506 2326 τὰ
2525 2273 2726 2342 ἀγαθὰ,
2755 2274 2860 2333 ἵνα.
2895 2273 3198 2344 νιψάμενοι,
3232 2276 3327 2329 καὶ
3363 2277 3718 2349 καθηράμενοι,

2179 2365 2274 2418 καὶ
2314 2362 2682 2435 ἐκμαξάμενοι
2709 2363 2814 2417 ἀπὸ
2840 2363 2950 2417 τῶν
2972 2363 3210 2436 Χριστοῦ
3248 2366 3462 2436 χειρῶν,
3495 2367 3718 2437 ἐπιϐῆναι

2177 2455 2443 2527 δυνηθῶσι
2476 2455 2576 2526 τῆς
2599 2455 2759 2524 ἁγίας
2787 2455 2928 2520 ὀδοῦ,
2955 2455 3048 2509 καὶ
3075 2455 3284 2510 ὁδεύειν
3307 2456 3400 2511 τὸν
3415 2457 3718 2528 εἰπόνταῌῇ

2178 2547 2258 2600 τό’
2294 2564 2312 2597 ι
2365 2545 2504 2614 Ἐγώ
2535 2547 2648 2617 εἰμι
2675 2547 2708 2616 η
2736 2545 2872 2609 ὁδός·
2915 2564 2932 2597 ι
2971 2547 3127 2617 μόνος
3151 2547 3258 2620 γὰρ
3291 2550 3386 2602 καλ⁸
3413 2551 3516 2611 πᾶς
3535 2551 3560 2602 6
3584 2548 3715 2616 νιῷἀο

2181 2653 2340 2706 μενος
2373 2638 2496 2699 τοὺς
2520 2637 2688 2700 πόδας
2719 2637 2827 2690 ἀπὸ
2850 2636 2943 2691 τοῦ
2991 2637 3162 2708 Ἰησοῦ
3185 2638 3357 2692 ὁδεύει
3379 2640 3473 2709 τὴν
3490 2639 3602 2692 όδδν
3617 2638 3722 2692 ταύ-

2178 2747 2277 2801 την
2309 2729 2406 2800 τὴν
2440 2727 2640 2794 ζῶσαν,
2676 2733 2771 2784 καὶ
2805 2730 3074 2802 φέρουσαν
3111 2731 3246 2803 πρὸς
3277 2731 3369 2784 τὸν
3393 2732 3600 2803 Πατέρα
3648 2733 3720 2784 καὶ

2178 2821 2238 2874 οὐ
2273 2823 2441 2892 χωρεῖ
2463 2822 2495 2892 ή
2524 2821 2640 2886 666;
2668 2823 2806 2892 αῦτη
2828 2822 2992 2884 πόδας
3033 2821 3489 2892 μεμολυσμένους,
3514 2825 3604 2876 καὶ
3623 2823 3720 2884 τοῦς

2179 2913 2257 2966 ἐτι
2295 2915 2368 2984 μὴ
2424 2913 2715 2985 καθαρούς.
2759 2914 2965 2984 Μωσῆς
3001 2913 3097 2984 μὲν
3149 2910 3243 2968 οὖν
3281 2915 3447 2968 ἐδεῖτο
3484 2915 3719 2968 ὑπολύταο

2181 3005 2304 3059 σθαι
2329 3005 2389 3058 τὸ
2419 3005 2670 3076 ὑπόδημα
2707 3008 2814 3059 ἀπὸ
2841 3008 2947 3062 τῶν
2977 3007 3151 3062 ποδῶν
3193 3007 3381 3069 αὐτοῦ,
3413 3008 3627 3078 ἐπείπερ
3655 3006 3720 3073 ts'

2178 3095 2237 3150 6v
2265 3096 2488 3164 ἐφθάκει
2523 3097 2685 3150 τόπον
2716 3099 2772 3150 tv
2797 3092 2840 3166 ᾧ
2865 3100 3126 3172 εἱστήκει,
3155 3101 3224 3170 γῆ
3262 3101 3393 3168 ἁγία
3434 3096 3518 3170 ἦν’
3551 3099 3721 3168 ὁμοίως

2183 3187 2238 3241 δὲ
2269 3190 2296 3242 6
2322 3187 2414 3241 τοῦ
2438 3188 2593 3260 Ναυῆ
2639 3189 2866 3260 Ἰησοῦς.
2889 3193 2951 3244 Οἱ
2976 3191 3030 3244 δὲ
3063 3191 3299 3262 μαθηταὶ
3318 3189 3410 3243 τοῦ
3446 3189 3628 3260 Ἰησοῦ,
3654 3189 3722 3240 ἵνα

2180 3279 2437 3333 ὁδεύσωσι
2460 3280 2557 3351 τὴν
2585 3280 2764 3344 ζῶσαν
2788 3282 2880 3335 καὶ
2921 3281 3158 3352 ἔμψυχον
3195 3281 3333 3346 ὁδὸν,
3375 3281 3434 3334 ού
3471 3279 3618 3350 μόνον
3644 3281 3721 3350 ἁρ-

2182 3371 2400 3426 κοῦνται
2432 3372 2508 3443 τῷ
2537 3371 2610 3442 μὴ
2632 3371 2774 3443 ἔχειν
2802 3373 3124 3444 ὑποδήματα
3152 3373 3295 3428 κατὰ
3319 3373 3417 3444 τὴν
3436 3374 3563 3434 666v,
3594 3371 3720 3424 τοῦτο

2179 3466 2295 3526 τοῖς
2321 3463 2635 3528 ἀποστόλοις
2657 3465 2822 3517 αὑτοῦ
2850 3465 3228 3536 ἐντειλαμένου
3261 3464 3354 3518 τοῦ
3400 3463 3582 3534 Ἰησοῦο
3617 3463 3721 3515 ἀλλὶ

2180 3553 2292 3626 γὰρ
2317 3555 2418 3608 ἔδει
2452 3555 2586 3628 πρὸς
2619 3557 2678 3609 τὸ
2705 3557 2915 3610 ὁδεῦσαι
2945 3557 3040 3627 τὴν
3063 3557 3183 3610 ὁδὸν
3215 3557 3418 3628 ταύτην
3458 3557 3627 3618 αὐτοῖς
3650 3554 3722 3606 καὶ

2180 3646 2241 3699 τὸ
2265 3646 2516 3716 νίψασθαι
2553 3648 2659 3700 ἀπὸ
2698 3649 2793 3701 τοῦ
2845 3649 3016 3720 Ἰησοῦ
3071 3648 3410 3719 ἀποθεμένου
3446 3649 3510 3701 τὰ
3542 3649 3718 3718 ἱμάτια·

2181 3735 2319 3807 τάχα
2351 3737 2447 3808 μὲν
2473 3739 2559 3792 ἵνα
2591 3738 2863 3810 καθαροὺς
2893 3740 3090 3802 αὐτοὺς
3114 3738 3226 3811 (15)
3258 3741 3385 3802 τοὺς
3413 3739 3568 3800 πόδας
3601 3735 3722 3803 mni,-

2185 3844 2253 3902 σῃ
2281 3829 2715 3903 καθαρωτέρουςο
2752 3831 2894 3901 τάχα
2923 3830 2980 3884 δὲ
3017 3831 3102 3884 ἵνα
3132 3829 3223 3884 τὸν
3263 3831 3322 3882 ἐν
3357 3833 3466 3894 τοῖς
3494 3829 3614 3882 ποσὶ
3639 3825 3721 3879 τῶν

2185 3919 2440 3991 μαθητῶν
2478 3921 2646 3992 ῥύπον
2675 3921 2920 3993 ἀναλάϐῃ
2942 3922 3020 3983 εἰς
3055 3923 3118 3974 τὸ
3136 3921 3332 3974 ἐαυτοῦ
3364 3922 3516 3992 σῶμα
3546 3919 3626 3973 διὰ
3648 3914 3719 3970 τοῦ

2181 4011 2410 4078 λεντίου,
2438 4006 2482 4082 ᾦ
2525 4012 2672 4084 μόνῳ
2707 4013 3144 4084 περιεζωσμένος
3180 4009 3268 4084 ἦν·
3323 4013 3480 4076 αὐτὸς
3511 4011 3611 4083 γὰρ
3644 4008 3720 4068 τὰς

2182 4102 2463 4168 ἀσθενείας
2493 4105 2650 4175 ἡμῶν
2672 4106 2736 4174 φέ
2745 4123 2844 4176 ρει.
2877 4107 3019 4176 Ὅρα
3041 4104 3170 4177 γὰρ,
3193 4105 3298 4167 ὅτι,
3321 4104 3526 4176 μέλλων
3551 4104 3716 4156 νίπτειν

2181 4197 2307 4260 τοὺς
2334 4196 2496 4261 πόδας
2535 4195 2644 4249 τῶν
2677 4196 2955 4266 μαθητῶν,
2972 4197 3074 4250 οὐκ
3100 4195 3260 4250 ἄλλον
3291 4197 3479 4266 καιρὸν
3506 4193 3718 4257 ἐπελέξα-

2181 4305 2261 4352 το,
2285 4289 2318 4359 ἢ
2343 4289 2432 4340 ὅτε
2468 4290 2497 4341 6
2514 4287 2864 4360 διάϐολοςῆδη
2900 4288 3150 4360 βεϐλήκει
3174 4290 3252 4351 είς
3273 4289 3374 4359 τὴν
3401 4287 3627 4358 καρδίαν,
3651 4285 3716 4336 ἵνα

2185 4377 2410 4450 παραδῷ
2449 4380 2610 4434 αὑτὸν
2645 4379 2844 4443 Ἰούδας
2896 4380 3138 4449 Σίμωνος
3185 4379 3554 4450 Ἰσκαριώτης,
3589 4376 3715 4440 καὶὴ

511 4461 830 4518 immisisset
864 4463 918 4518 in
947 4479 1044 4520 cor
1082 4464 1320 4521 Simonis
1348 4466 1498 4524 Iuda:
1530 4467 1804 4527 lscariotis
1844 4482 1903 4526 ut
1955 4487 2077 4542 pro-

2184 4467 2325 4538 ὑπὲρ
2347 4467 2648 4539 ἀνθρώπων
2677 4467 2867 4539 ἔμελλε
2900 4468 3144 4536 γίνεσθαι
3183 4469 3486 4539 οἰκονομία*
3514 4468 3607 4538 πρὸ
3633 4464 3715 4561 τάξ

511 4554 665 4608 deret
686 4568 831 4618 eum,
861 4564 917 4611 et
948 4559 1166 4626 quando
1196 4557 1440 4614 facienda
1487 4573 1606 4616 erat
1647 4579 1746 4632 pro
1773 4565 2077 4624 hominibus

2179 4556 2366 4612 τούτου
2397 4558 2649 4632 εὔκαιρον
2683 4561 2782 4614 οὐκ
2813 4556 2880 4631 ἦν
2907 4559 3166 4630 νίψασθαι
3185 4563 3312 4626 τοὺς
3350 4561 3511 4624 πόδας
3538 4556 3626 4611 ὑπὸ
3643 4554 3715 4606 τοῦ

512 4648 813 4702 wconomia
847 4665 860 4701 :
895 4659 1026 4704 ante
1049 4652 1186 4705 hanc
1213 4652 1412 4705 ctenim
1443 4668 1547 4708 non
1583 4667 1938 4725 opportunum
1965 4666 2077 4713 erat

2192 4649 2364 4720 Ἰησθῦ
2391 4652 2516 4716 τοὺς
2559 4651 2824 4722 μαθητάς·
2858 4653 2943 4716 τίς
2969 4652 3077 4722 γὰρ
3115 4652 3182 4705 ἂν
3224 4653 3317 4706 τὸν
3365 4655 3424 4706 ἐν
3454 4651 3524 4721 τῷ
3555 4645 3716 4719 μεταξὺ

512 4739 810 4808 discipulos
842 4739 1046 4797 habere
1103 4742 1267 4811 pedcs
1319 4757 1348 4796 a
1401 4741 1526 4799 Jesu
1575 4746 1752 4805 lotos:
1789 4749 1909 4818 quis
1938 4748 2077 4804 enim

2179 4738 2283 4804 ἕως
2308 4739 2402 4793 τοῦ
2437 4742 2639 4806 πάθους
2669 4742 2837 4813 ῥύπον
2856 4742 2962 4796 τῶν
2983 4741 3158 4796 ποδῶν
3183 4741 3366 4796 αὐτῶν
3391 4736 3712 4808 ἀπένιψενᾶνὶ

494 4831 721 4898 ,ιοιιιινιιε
745 4827 923 4884 fuerat
955 4831 1149 4900 pedum
1179 4832 1392 4887 illorum
1424 4835 1610 4890 sordes
1649 4837 1785 4891 intra
1811 4837 1912 4893 hoc
1943 4847 2077 4892 ten:-

513 4933 612 4987 pus
659 4933 830 4988 usque
859 4921 925 4974 ad
955 4921 1308 4990 passionem?
1354 4923 1459 4978 Sed
1489 4940 1556 4980 ne
1583 4937 1824 4997 tempore
1857 4927 2074 4996 quidem

514 5010 785 5080 passionis
813 5025 829 5064 :
856 5025 1029 5081 neque
1057 5012 1201 5066 enim
1231 5013 1368 5068 alius
1398 5029 1515 5070 erat
1541 5015 1701 5074 Jesus
1727 5019 1818 5089 qui
1856 5019 2077 5076 illorum

514 5111 721 5158 tavaret
740 5102 924 5172 pedes.
958 5103 1036 5158 Ac
1065 5119 1133 5159 ne
1167 5115 1285 5174 post
1309 5109 1665 5164 oeconomiam
1697 5111 1914 5178 quidem
1939 5112 2078 5182 :jam

515 5197 657 5250 cnim
683 5196 874 5250 aderat
907 5195 1038 5250 hora
1066 5194 1304 5264 Spiritus
1327 5200 1497 5255 sancti
1535 5200 1602 5254 ad
1627 5201 1921 5270 discipulos
1951 5219 2080 5259 ven-

515 5288 619 5340 turi
669 5287 779 5357 jam
835 5285 1014 5343 factos
1063 5287 1316 5356 mundos,
1347 5301 1400 5346 et
1428 5291 1568 5347 lotos
1602 5293 1865 5349 habentes
1891 5295 2077 5364 pedes,

2183 4833 2323 4886 Ἀλλ’
2351 4836 2474 4888 οὐδὲ
2515 4837 2572 4888 ἐν
2607 4835 2684 4906 τῷ
2717 4834 2891 4906 καιρῷ
2922 4834 3017 4888 τοῦ
3065 4834 3288 4897 πάθους·
3329 4833 3484 4896 ἄλλος
3521 4827 3716 4900 γάρΊη-

2183 4925 2310 4990 σοῦς
2339 4926 2439 4978 οὐκ
2467 4920 2534 4996 ἦν
2577 4927 2606 4979 6
2637 4928 2840 4979 νίπτων
2879 4925 3056 4978 αὐτῶν
3084 4926 3209 4988 τοὺς
3233 4925 3422 4988 πόδας.
3466 4921 3588 4976 ’Δλλ’
3621 4914 3715 4970 οὖδὲ

2187 5016 2325 5088 μετά
2357 5016 2452 5089 τὴν
2486 5017 2814 5088 οἰκονομίαν·
2855 5009 2958 5087 ἤδη
2981 5015 3090 5088 γὰρ
3124 5015 3243 5088 ὥρα
3280 5015 3374 5069 τοῦ
3409 5015 3552 5082 ἁγίου
3581 5003 3715 5062 Πνεύ·

2188 5127 2356 5181 ματος
2409 5107 2842 5179 ἐπιδημήσαντος
2887 5111 3001 5171 τοῖς
3041 5107 3311 5179 μαθηταῖς
3350 5104 3417 5180 ἦν
3453 5100 3713 5174 γενομένοις

2185 5202 2445 5273 καθαροῖς
2467 5202 2561 5256 καὶ
2588 5201 2900 5272 νιψαμένοις
2929 5203 3056 5264 τοὺς
3085 5201 3272 5264 πόδας,
3301 5201 3395 5253 καὶ
3416 5199 3511 5270 ἤδη
3541 5193 3713 5263 ἔχουσιν

2187 5292 2432 5364 ἑτοίμους
2462 5291 2658 5354 αὐτοὺς
2683 5290 2778 5344 καλ⁸
2805 5289 3039 5362 ὡραίους
3075 5289 3209 5360 πρὸς
3228 5289 3288 5341 τὸ
3315 5291 3373 5342 ἐν
3397 5287 3471 5358 τῷ
3487 5280 3713 5350 Πνεύματε

581 5403 697 5482 ὀοξι
733 5403 835 5458 Isa.
863 5419 961 5482 l_.l_l,
988 5405 1044 5460 7.
1117 5405 1166 5439 "
1191 5409 1347 5466 Joan.
1375 5427 1488 5476 xw,
1539 5411 1592 5466 ti.
1673 5411 1720 5443 ⁸³
1748 5411 1922 5467 Εκοά·
1965 5429 2048 5482 111,

2215 5412 2261 5445 ⁸³
2287 5410 2451 5466 Josue
2491 5426 2543 5476 v,
2587 5409 2674 5464 {6.
2749 5407 2796 5439 ⁸⁵
2826 5406 3018 5462 Matth.
3052 5423 3108 5471 κ,
3143 5405 3232 5466 10,
3304 5405 3352 5436 ⁸⁸
3385 5404 3484 5459 Isa.
3528 5411 3625 5460 ιω,
3658 5389 3712 5450 4;

517 5471 704 5527 Matth.
731 5489 848 5540 vm,
870 5475 960 5529 l7.

587 5591 699 5656 (ἱῖ)
737 5591 994 5646 Ὀδεύειν
1020 5595 1124 5647 τὸν
1153 5595 1418 5648 εἰπόντα.
1462 5593 1723 5660 Origenes
1765 5592 1986 5662 Pro-fat.
2019 5593 2087 5646 in

518 5659 800 5734 detruncat,
836 5670 965 5734 tom.
999 5679 1014 5716 ι
1058 5667 1298 5734 pnetixa,
1335 5680 1483 5734 uuln.
1522 5659 1586 5717 10
1616 5663 1726 5719 :T6
1753 5659 1947 5734 ὡραῖον
1994 5663 2088 5717 καὶ

514 5729 570 5782 ἐν
596 5729 772 5802 καιρῷ
799 5729 1078 5802 γινόμενον
1104 5733 1211 5787 τῶν
1239 5732 1549 5787 ἀποστόλων
1579 5729 1868 5788 ὁδευόντων
1897 5733 1985 5788 τὸν
2012 5737 2085 5787 εἰ-

2195 5595 2380 5670 πόντοι⁹
2436 5595 2574 5664 Ἐγὼ
2595 5599 2719 5670 εἰμι
2741 5600 2774 5670 ἡ
2804 5597 2942 5662 ὁδὸς,
2973 5598 3234 5670 κήρυγμα
3253 5595 3467 5666 νοήσας.

2265 5669 2378 5740 (15)
2415 5667 2667 5735 Αὑτούςέ
2696 5667 3057 5726 scribendum
3095 5667 3294 5722 αὐτῶν.
