3866 6200
280 269 387 326 761

1276 262 1633 322 COMMENT.
1669 264 1735 319 IN
1770 262 1960 319 JOAN.
2000 261 2240 319 TOMUS
2280 261 2495 319 XXXII.

3439 261 3547 316 76%

273 378 730 452 εὐαγγελίζεσθαι
764 379 832 433 τὰ
859 378 1058 448 ἀγαθά.
1094 378 1344 434 Τοιοῦτον
1365 375 1458 433 οὖν
1486 381 1601 434 ἐστι
1625 379 1704 435 τό·
1738 400 1756 432 ι
1805 382 1852 433 '(

1974 392 2177 448 eosque
2209 386 2490 447 promptos
2539 382 2594 429 et
2640 372 2896 445 pulchros
2951 373 3017 430 ad
3064 373 3539 446 evangelilandum

273 472 394 544 ἐγὼ
423 473 583 537 ποιῶ,
619 472 686 525 σὺ
710 473 809 526 οὐκ
839 468 987 535 οἶδας
1019 472 1163 544 ἀρτιο
1181 470 1442 545 γνώσηδὲ
1468 472 1607 543 μετά
1632 470 1859 528 ταῦτα’»

279 564 556 636 σύμϐολόν
589 565 705 617 ἐστι
736 563 797 617 τὸ
808 562 1067 633 νίψασθαι
1091 563 1245 634 ὑμῶν
1270 563 1396 627 τούς
1418 563 1582 628 πόδας
1598 564 1687 617 ὐπ’
1709 563 1864 631 ἐμοῦ,

270 655 375 710 τοῦ
409 654 750 727 καθαρθῆναι
770 654 872 718 τὰς
901 653 1086 725 βάσεις
1115 653 1223 707 τῶν
1250 653 1436 725 ψυχῶν
1459 653 1635 726 ὐμῶν,
1659 654 1745 707 ἰνα
1767 654 1865 723 γέ-

269 765 477 802 νωνται
507 748 722 819 ὡραῖοι,
773 746 1075 818 μελλόντων
1108 746 1262 817 ὑμῶν
1294 745 1746 816 εὐαγγελίζεσθαι
1797 745 1865 800 τᾶ

269 839 477 909 ἀγαθά.
514 837 611 895 καὶ
635 838 897 911 καθαροῖς
936 841 1049 903 τοῖς
1072 840 1229 893 ποσὶν
1257 836 1559 893 ἐπιϐαίνειν
1588 838 1709 901 ταῖς
1754 836 1863 890 τῶν

269 930 580 1003 ἀνθρώπων
603 930 821 1002 ψυχαῖς.
858 930 1029 984 Τοῦτο
1056 930 1113 985 δέ
1137 932 1198 984 τὸ
1219 930 1517 1002 μυστήριον
1543 930 1607 983 σὺ
1640 928 1734 982 νῦν
1764 928 1863 1000 μὲν

266 1022 377 1075 οὐκ
404 1017 573 1086 οἶδας,
603 1021 697 1076 ἅτε
726 1021 953 1093 μηδέπω
983 1021 1174 1094 χωρῶν
1217 1020 1315 1092 τὴν
1340 1020 1542 1091 γνῶσιν
1574 1019 1737 1074 αὐτοῦ
1768 1020 1854 1073 εὐ-

267 1113 594 1185 καιρότερον
643 1113 911 1186 ἐσομένην
943 1116 1002 1168 ἐν
1039 1115 1142 1180 σοὶ,
1176 1113 1316 1168 ἐπὰν
1364 1113 1492 1186 νίψῃ
1530 1115 1659 1179 τοὺς
1696 1114 1862 1179 πόδας

264 1204 367 1258 ἀπ’
398 1203 559 1275 ἐμοῦ
596 1203 735 1276 μετά
769 1203 827 1260 δέ
854 1204 1027 1259 ταῦτα
1052 1203 1239 1278 γνώσῃ
1293 1206 1352 1259 ἐν
1381 1204 1459 1277 τῷ
1480 1205 1655 1275 τούτῳ
1689 1207 1863 1261 συνιέ-

264 1312 380 1360 ναι,
416 1295 793 1367 φωτιζόμενος
829 1298 896 1367 τῇ
952 1298 1081 1368 περὶ
1114 1298 1212 1350 οὐκ
1244 1296 1723 1370 εὐκαταφρονήτου
1763 1298 1867 1354 καὶ

269 1384 506 1457 βραχέος
546 1387 690 1451 τινὸς
729 1386 947 1457 γνώσει.
982 1386 1168 1442 Ταῦτα
1194 1387 1253 1442 δὲ
1278 1388 1528 1457 λέγοντος
1555 1389 1632 1461 τῷ
1664 1390 1858 1463 Πέτρῳ

264 1475 365 1529 τοῦ
398 1476 599 1549 Ἰησοῦ,
623 1479 654 1531 6
671 1478 914 1549 μαθητὴς
930 1478 1281 1552 ἀποκρίνεται
1307 1479 1409 1534 οὐκ
1429 1479 1857 1553 ἐπιστημονικὴν

264 1568 582 1641 ἀπόκρισιν,
615 1569 755 1642 πλὴν
778 1571 1080 1642 φαντασίαν
1094 1571 1588 1638 ἐξαποστέλλουσαν
1608 1571 1698 1627 τοῦ
1719 1574 1858 1647 πρὸς

262 1661 358 1715 τὸν
402 1661 612 1733 Ἰησοῦν
628 1661 918 1734 τιμητικοῦ
944 1662 1036 1716 καὶ
1067 1663 1362 1734 σεϐασμίου
1384 1705 1398 1730 ,
1433 1664 1732 1734 φαντασίαν
1780 1667 1857 1720 δι-

1970 470 2024 524 in
2086 469 2291 541 Spiritu
2359 476 2554 525 sam-to
2607 467 2769 522 bona.
2833 464 2965 521 Tale
3005 466 3172 537 igitur
3231 465 3367 523 illud
3406 476 3537 523 est:

1972 560 2175 627 «Quod
2235 575 2337 628 ego
2379 559 2544 624 l'acio,
2600 567 2653 613 tu
2715 572 2857 614 nunc
2896 557 3098 624 neseis,
3159 558 3299 613 scies
3357 568 3543 613 autem

1965 666 2174 726 postea.
2219 672 2239 708 ι
2283 654 2437 722 Quod
2465 666 2566 723 ego
2596 651 2771 705 lavem
2811 649 2974 720 pedes
3004 658 3217 705 vestros
3239 690 3255 717 ,
3288 658 3413 705 nota
3453 660 3541 705 est

1965 749 2109 820 quod
2134 747 2440 801 animarum
2467 752 2775 799 vestrarum
2803 742 3169 811 purillcentur
3209 754 3447 811 gressus,
3481 748 3546 795 ut

1966 844 2076 899 sint
2104 838 2337 913 pulchri,
2374 837 2836 909 evangelizaturis
2865 834 3021 889 vobis
3044 836 3209 899 bona,
3236 842 3292 889 et
3324 832 3543 887 mundis

1965 933 2195 1006 pedibus
2262 929 2593 1002 ingressuris
2659 928 2715 982 in
2776 926 3063 982 hominum
3130 924 3363 979 animas.
3428 921 3544 978 Hoc

1964 1035 2146 1082 autem
2171 1024 2494 1097 mysterium
2525 1032 2577 1077 tu
2610 1034 2754 1075 nunc
2775 1020 2992 1089 quidem
3026 1018 3224 1082 nescis,
3250 1015 3376 1085 quia
3406 1029 3546 1073 nou-

1964 1120 2090 1175 dum
2131 1117 2368 1187 percipis
2419 1113 2786 1186 cognitionem
2842 1110 2959 1180 ejus
2986 1108 3343 1179 opportunius
3381 1106 3439 1161 in
3490 1114 3544 1160 te

1962 1209 2224 1275 futuram,
2255 1207 2415 1264 simul
2436 1216 2601 1276 atque
2629 1218 2730 1274 ego
2760 1201 2944 1257 lavero
2972 1200 3136 1271 pedes
3160 1206 3279 1254 tuos
3303 1213 3320 1263 ;
3351 1204 3539 1266 postea

1959 1317 2093 1359 vero
2156 1315 2454 1372 cognosces
2512 1298 2636 1353 dum
2698 1296 2803 1352 hoe
2860 1293 3141 1365 intelliges
3205 1290 3539 1346 illuminatus

1960 1395 2276 1468 cognitione
2322 1407 2427 1449 non
2469 1406 2633 1462 parva
2669 1403 2843 1459 neque
2890 1386 3056 1442 facile
3116 1382 3537 1440 contemnenda.

1959 1487 2228 1543 Caeterum
2261 1486 2377 1540 hate
2404 1484 2662 1555 loquente
2696 1479 2822 1536 Jesu
2854 1478 3015 1534 Petro
3041 1516 3059 1542 ,
3097 1475 3394 1546 discipulus
3425 1488 3540 1529 res-

1958 1580 2162 1650 pnndet
2206 1591 2526 1648 responsum
2584 1588 2689 1629 non
2728 1571 2985 1643 peritum,
3041 1569 3137 1623 sed
3188 1566 3518 1623 sententiain

1957 1669 2390 1739 proﬁciscentem
2424 1665 2646 1737 quidem
2691 1664 2760 1719 ab
2789 1661 2984 1717 all‘ectu
3010 1702 3028 1729 ,
3075 1669 3132 1716 et
3178 1677 3307 1734 erga
3336 1659 3540 1718 'Jesum

263 1753 630 1825 εψευσμένην.
666 1754 785 1807 Ἔτι
817 1755 1024 1827 διόπερ,
1043 1755 1166 1809 ἐπεὶ
1196 1756 1270 1828 μὴ
1307 1756 1658 1829 συμφέρουσα
1680 1752 1750 1829 ἦν
1780 1756 1852 1829 τῷ

1961 1760 2184 1816 honoris
2214 1769 2269 1814 et
2296 1757 2618 1813 reverentia:
2650 1753 2885 1824 plenam,
2910 1754 3006 1809 sed
3037 1763 3217 1808 tamen
3246 1768 3354 1823 qua
3383 1752 3539 1806 falle-

264 1843 466 1917 Πέτρῳ
497 1845 531 1915 ἡ
562 1843 849 1916 ἀπόκρισις
905 1845 1091 1907 αὐτοῦ,
1133 1847 1234 1900 οὐκ
1284 1847 1349 1918 ἐᾷ
1389 1845 1559 1919 αὐτὴν
1599 1847 1852 1918 γενέσθαι

264 1935 445 2007 ἀληθῆ
471 1938 499 1990 6
528 1936 597 1990 τὰ
627 1938 718 1991 ἐπὶ
747 1936 917 2010 βλάϐῃ
947 1937 1355 2010 ἀληθευσόμενα
1382 1941 1450 2009 τῇ
1474 1937 1567 1992 τοῦ
1604 1937 1853 2008 λέγοντος

265 2027 591 2099 πρεπόντως
638 2027 828 2082 ἑαυτοῦ
878 2031 944 2101 τῇ
995 2028 1323 2101 χρηστότητι
1371 2027 1614 2082 κωλύων.
1663 2028 1721 2083 Ὀ
1753 2028 1887 2099 μὲν

262 2118 377 2190 γάρ
410 2119 615 2192 Πέτρος
647 2121 831 2190 φησιν,
868 2139 886 2172 ι
912 2121 986 2175 Οὐ
1021 2121 1096 2193 μὴ
1123 2120 1285 2192 νίψῃς
1304 2137 1404 2190 μου
1436 2120 1564 2185 τοὺς
1581 2119 1743 2184 πόδας
1772 2121 1853 2184 εἰς

262 2210 359 2263 τὸν
390 2209 579 2275 αἰῶνα,
620 2230 639 2263 ι
676 2211 769 2265 καὶ
815 2212 1151 2284 ἀπεφήνατο,
1198 2212 1482 2285 κρίναντος
1532 2211 1626 2265 τοῦ
1675 2211 1850 2283 Ἰησοῦ

263 2302 480 2357 νίπτειν
501 2303 665 2356 αὐτοῦ
688 2304 817 2368 τοὺς
846 2304 1033 2369 πόδας,
1061 2305 1122 2358 τὸ
1151 2303 1226 2376 μὴ
1247 2303 1601 2377 νιφθήσεσθαι
1632 2303 1724 2358 ὑπ’
1755 2303 1854 2357 αὐ-

262 2396 383 2464 τοῦ,
418 2398 512 2451 καὶ
540 2396 615 2470 μὴ
649 2399 1003 2470 νιφθήσεσθαι
1033 2400 1112 2463 εἰς
1137 2399 1227 2453 τὸν
1256 2399 1471 2453 ἅπαντα
1496 2397 1687 2454 αἰῶνω
1718 2399 1747 2451 ὁ
1769 2398 1847 2463 δὲ,

267 2487 481 2559 βλέπων
505 2489 944 2564 λυσιτελέστερον
972 2486 1113 2544 εἶναι
1148 2490 1210 2545 τὺ
1242 2491 1302 2545 ἐν
1330 2491 1505 2563 τούτῳ
1544 2489 1849 2562 ψεύσασθαι

263 2580 358 2635 τὸν
394 2580 602 2654 Πέτρον
625 2580 720 2635 τοῦ
742 2581 1037 2653 ἀληθεῦσαι
1070 2582 1254 2648 αὐτὸν,
1288 2582 1633 2637 ὑποδείκνυσι
1673 2581 1737 2636 τὺ
1790 2583 1855 2635 ὲν

265 2670 342 2743 τῷ
363 2671 442 2743 μὴ
463 2671 573 2726 δεῖν
589 2670 875 2745 ἀληθεύειν
889 2673 1047 2728 τοῦτο
1061 2673 1320 2746 εἰρηκότα
1333 2672 1627 2738 λυσιτελὲς,
1647 2673 1845 2744 φήσας

271 2778 291 2810 ι
332 2761 458 2814 Ἐἀν
479 2761 557 2833 μὴ
577 2762 713 2832 νίψω
740 2779 820 2829 σε,
854 2764 954 2817 οὐκ
985 2762 1129 2834 ἔχεις
1164 2762 1328 2834 μέρος
1359 2765 1477 2834 μετ’
1503 2762 1660 2835 ἐμοῦ.
1698 2782 1718 2815 ι
1755 2763 1849 2817 Εἴ·-

266 2866 370 2920 περ
401 2844 497 2904 οῦν
541 2852 570 2903 6
605 2851 813 2922 Πέτρος
866 2851 1110 2922 ἔμελλεν,
1157 2852 1575 2923 ἀποφηνάμενος
1627 2852 1726 2924 μὲν
1764 2853 1845 2918 τὸ,

270 2960 289 2989 ι
329 2941 405 2994 Οὐ
435 2942 513 3015 μὴ
542 2941 703 3017 νίψῃς
733 2961 834 3015 μου
867 2945 994 3008 τοὺς
1038 2944 1205 3008 πόδας
1231 2946 1313 3008 εἰς
1335 2943 1426 2998 τὸν
1453 2944 1645 3009 αἰῶνα,
1684 2965 1704 2998 ι
1753 2946 1850 3000 καὶ

267 3030 544 3104 ἀληθεύων
567 3036 626 3088 ὲν
656 3034 850 3107 τούτῳ,
880 3037 955 3109 μὴ
974 3035 1115 3101 ἕξειν
1151 3036 1288 3108 μετὰ
1310 3036 1404 3091 τοῦ
1450 3036 1626 3109 Ἰησοῦ
1661 3038 1845 3111 μέρος,

262 3122 456 3194 ἔμελλε
484 3124 544 3178 δὲ
591 3125 735 3196 ἔχειν
771 3127 935 3199 μέρος
983 3126 1058 3199 μὴ
1102 3127 1400 3199 ἀληθεύων,
1444 3128 1528 3199 ἐφ’
1554 3122 1599 3196 ᾧ
1636 3128 1847 3199 φθάσας
1873 3112 1916 3169 C

259 3212 381 3269 εἷπε
424 3216 732 3288 προπετῶς,
769 3216 822 3269 τί
851 3215 978 3271 ἄλλο
1020 3215 1281 3287 πράττειν
1317 3218 1566 3289 ἐχρῆν,ἢ
1609 3218 1684 3290 μὴ
1718 3218 1849 3290 ἅλη-

258 3304 476 3373 θεύειν;
504 3305 590 3359 ἵνα
623 3307 688 3359 ὲκ
705 3304 799 3359 τοῦ
827 3304 1110 3376 ἀληθεύειν
1143 3304 1300 3358 τοῦτο
1328 3309 1547 3377 ποιήσαι
1578 3307 1740 3361 αὐτὸν
1772 3309 1846 3382 μή

256 3395 407 3467 ἔχειν
440 3394 581 3467 μετά
610 3394 704 3449 τοῦ
759 3394 931 3466 Ἰησοῦ
969 3394 1155 3468 μέρος,
1176 3393 1416 3467 ψεύστην
1447 3396 1608 3451 αὐτὸν
1632 3398 1848 3451 ἀποδεί-

256 3488 453 3555 ξαντος
478 3489 538 3543 ἐν
581 3485 658 3558 τῷ
684 3485 941 3556 νίψασθαι
965 3488 1091 3551 τοὺς
1121 3486 1287 3552 πόδας
1312 3487 1497 3540 αὐτοῦ·
1541 3489 1849 3559 γέγραπται

253 3581 388 3654 γάρ·
428 3600 447 3632 ι
489 3581 605 3644 Πᾶς
627 3580 909 3654 ἄνθρωπος
944 3577 1205 3650 ψεύστης.
1248 3598 1267 3631 ι
1304 3578 1591 3652 Εὐκαίρως
1622 3578 1678 3633 δέ
1718 3597 1849 3633 ποτε

252 3671 585 3746 χρησόμεθα
606 3670 683 3742 τῷ
708 3670 856 3743 ρητῷ
871 3669 1085 3725 ἐπὶτῶν
1112 3669 1543 3741 προπετέστερον
1568 3670 1662 3724 καὶ
1692 3670 1852 3743 ἀκρί-

249 3785 365 3831 τως
403 3764 666 3825 εἰπόντων
686 3763 954 3834 ποιήσειν,
972 3762 1112 3833 ὅπερ
1139 3760 1252 3832 (14)
1270 3759 1455 3823 αὐτοῖς
1486 3758 1560 3832 μὴ
1582 3759 1852 3814 λυσιτελεί

250 3857 564 3931 ἐμμένουσι
591 3854 672 3925 τῷ
704 3853 888 3918 κακῶς
910 3852 1240 3927 κεκριμένῳσ
1277 3851 1691 3917 ὑποδεικνύντες
1738 3852 1850 3926 γὰρ

249 3951 468 4012 αὐτοῖς,
499 3948 583 4001 ὅτι.
610 3948 709 4019 οὐχ
751 3945 931 4014 ἕξουσι
966 3947 1070 4017 μὲν
1115 3943 1254 4015 μετά
1301 3942 1395 3997 τοῦ
1435 3943 1612 4014 Ἰησοῦ
1662 3944 1847 4017 μέρος,

249 4042 355 4114 τὴν
386 4041 638 4110 προπετῆ
672 4040 730 4094 ὲν
762 4037 1065 4111 ἐπαγγελίᾳ
1089 4037 1425 4111 τηρήσαντες
1458 4035 1663 4108 φωνὴν,
1690 4036 1850 4109 δυνή-

252 4149 448 4188 σονται
476 4131 534 4185 δέ
568 4129 922 4201 ἀθετηθέντος
945 4127 1040 4183 τοῦ
1076 4126 1472 4201 προειρημένου
1492 4125 1684 4181 ἐλπίδα
1704 4125 1849 4197 ἔχειν

250 4225 495 4298 ἀγαθὴν,
522 4224 902 4296 ἀποστήσομεν
930 4223 1128 4287 αὐτοὺς
1144 4221 1235 4276 τοῦ
1252 4220 1510 4293 ἐμμένειν
1528 4221 1640 4284 τοίς
1661 4219 1850 4284 κακῶς

251 4316 631 4389 κεκριμένοις,
660 4315 765 4370 κᾶν
793 4315 933 4387 μετὰ
972 4315 1136 4387 ὅρκου
1169 4315 1257 4369 διά
1285 4313 1487 4385 πολλὴν
1518 4311 1849 4385 προπέτειαν

1960 1865 2137 1910 retur.
2171 1851 2441 1920 Quocirca
2473 1849 2730 1920 quoniam
2759 1846 2907 1901 utilis
2938 1844 3102 1901 Petro
3148 1860 3252 1900 non
3284 1843 3544 1914 eratejus

1959 1943 2274 2014 responsio,
2313 1956 2421 1996 non
2451 1940 2587 1995 sinit
2610 1953 2729 1993 eam
2755 1936 2844 1992 ille
2873 1952 3056 1992 veram
3075 1951 3216 2005 esse,
3245 1937 3336 2006 qui
3367 1949 3540 1991 nocua

1958 2036 2178 2091 utilitati
2213 2034 2443 2091 dicentis
2473 2041 2528 2089 et
2558 2046 2689 2087 vere
2720 2040 2983 2087 eventura
3003 2029 3279 2101 prohibet,
3313 2043 3412 2097 pro
3441 2043 3537 2083 sua

1958 2129 2224 2184 bonitate.
2258 2128 2432 2197 Atque
2456 2126 2648 2181 Petrus
2677 2123 2897 2193 quidem
2934 2123 3152 2192 inquit,
3200 2138 3219 2173 ι
3247 2120 3363 2175 Non
3390 2119 3540 2175 lava-

1956 2219 2042 2275 bis
2076 2219 2206 2274 mihi
2241 2218 2406 2289 pedes
2452 2217 2506 2272 in
2557 2226 2879 2283 aeternum,»
2923 2213 3365 2290 enuntiavitque,
3411 2226 3535 2268 cum

1958 2309 2113 2365 Jesus
2161 2309 2307 2365 illius
2361 2308 2527 2380 pedes
2580 2307 2763 2362 lavare
2810 2306 3174 2369 decrevisset,
3253 2318 3534 2372 nunquam

1956 2397 2197 2456 futurum
2228 2409 2288 2455 ut
2320 2399 2597 2454 lavaretur
2624 2398 2692 2454 ab
2738 2399 2877 2468 ipso,
2924 2412 2990 2452 ac
3039 2411 3107 2450 ne
3159 2396 3261 2451 hoc
3316 2395 3534 2467 quidem

1957 2489 2067 2544 ullo
2092 2504 2334 2560 unquam
2370 2487 2574 2543 saeculo
2604 2487 2846 2542 futurum
2876 2504 2890 2554 ;
2948 2487 3041 2542 sed
3071 2485 3161 2540 ille
3193 2485 3286 2556 qui
3320 2483 3540 2539 videbat

1956 2579 2126 2637 Petro
2169 2579 2572 2637 conducibilius
2614 2592 2738 2635 esse
2772 2588 2833 2634 ut
2877 2577 2980 2633 hac
3020 2576 3079 2632 in
3124 2592 3184 2632 re
3213 2576 3538 2633 mentiretur

1956 2687 2119 2744 quam
2169 2683 2229 2728 ut
2283 2689 2411 2730 vera
2463 2672 2693 2737 diceret,
2753 2670 3040 2727 utilitatem
3080 2671 3318 2728 ostendit
3365 2671 3418 2725 in
3446 2684 3534 2733 eo.

1957 2767 2099 2835 quod
2155 2780 2263 2822 non
2320 2780 2454 2835 opus
2491 2774 2650 2830 erat,
2691 2774 2751 2819 ut
2791 2763 2882 2835 qui
2941 2762 3047 2817 hoc
3085 2761 3352 2827 dixisset,
3407 2775 3536 2816 vera

1956 2857 2292 2927 loqueretur,
2324 2856 2513 2912 dicens
2543 2871 2559 2909 :
2596 2872 2617 2908 ι
2646 2853 2758 2910 Nisi
2790 2854 2974 2909 lavero
3000 2863 3073 2918 te,
3105 2867 3211 2907 non
3238 2851 3401 2924 417
3436 2852 3536 2907 ba-

1954 2950 2053 3006 bes
2079 2955 2293 3019 partem
2320 2961 2590 3004 mecum.»
2629 2948 2808 3015 Atque
2841 2945 3093 3016 equidem
3121 2944 3164 3000 si
3196 2944 3405 3011 Petrus,
3439 2944 3538 3014 qui

1954 3046 2264 3102 enuntiarat
2289 3082 2305 3107 ,
2337 3058 2355 3091 ι
2385 3039 2499 3094 Non
2523 3037 2728 3093 lavahis
2763 3037 2897 3092 mihi
2944 3037 3109 3106 pedes
3133 3037 3185 3091 in
3209 3044 3531 3102 mternum,»

1950 3154 2076 3195 vera
2106 3137 2295 3192 dicens
2324 3134 2427 3188 hac
2462 3132 2514 3186 in
2544 3145 2605 3186 re
2639 3145 2747 3183 non
2777 3129 3065 3185 habiturus
3097 3137 3367 3184 eratcum
3403 3126 3535 3183 Jesu

1947 3238 2161 3301 partem
2187 3223 2411 3298 (alioqui
2435 3221 2726 3278 habiturus
2755 3218 3071 3292 mentiens),
3102 3234 3167 3273 eo
3192 3219 3335 3288 quod
3367 3227 3535 3273 teme-

1948 3322 2098 3378 rarie
2123 3317 2464 3390 prmveniens
2493 3313 2711 3370 locutus
2759 3311 2951 3368 luisset
2974 3351 2991 3378 ,
3023 3312 3157 3382 quid
3189 3311 3333 3366 aliud
3364 3324 3532 3381 agere

1948 3426 2090 3481 opus
2123 3417 2244 3466 erat
2277 3407 2382 3463 nisi
2413 3404 2763 3460 meutiri‘lne
2791 3405 2912 3470 hoc,
2946 3405 3087 3473 quod
3119 3418 3308 3457 verum
3337 3401 3533 3457 Petrus

1948 3504 2175 3568 diceret,
2230 3500 2618 3570 impedimento
2648 3495 2752 3566 ipsi
2803 3495 2966 3550 Petro
3009 3502 3174 3559 esset,
3228 3494 3524 3563 quominus

1948 3594 2175 3650 haberet
2200 3600 2410 3663 partem
2434 3605 2558 3645 eum
2580 3587 2730 3653 Jesu,
2775 3585 2869 3656 qui
2896 3585 3140 3641 oswndit
3190 3584 3340 3638 illum
3373 3598 3530 3638 meu-

1949 3684 2139 3740 dacetn
2189 3682 2425 3737 lavando
2465 3679 2632 3749 pedes
2675 3677 2832 3747 eius;
2886 3675 3147 3743 scriptum
3201 3686 3284 3730 est
3330 3674 3526 3731 enim:

1954 3795 1973 3829 ι
2001 3775 2190 3831 Omnis
2224 3775 2389 3830 homo
2421 3770 2653 3826 mendax
2681 3768 2751 3823 ⁸⁷.
2780 3786 2798 3821 ι
2835 3766 3153 3836 Opportune
3180 3775 3366 3821 autem
3406 3776 3528 3822 nte-

1950 3885 2071 3924 mur
2093 3870 2194 3923 hoc
2224 3866 2371 3922 dicto
2395 3863 2462 3919 ad
2488 3876 2584 3919 eos
2614 3860 2706 3932 qui
2748 3859 3012 3914 audacius
3052 3873 3118 3914 ac
3165 3858 3282 3914 sine
3315 3858 3528 3915 delectu

1949 3961 2002 4017 id
2028 3975 2086 4016 se
2123 3960 2364 4015 facturos
2394 3956 2584 4013 dicunt
2626 3950 2772 4025 quod
2804 3949 3028 4006 minime
3081 3949 3190 4006 illis
3237 3950 3528 4019 conducat,

1949 4052 2251 4125 praesertim
2279 4051 2326 4107 si
2364 4049 2633 4107 desistere
2655 4044 2832 4101 nolint
2855 4042 2926 4097 ab
2966 4056 3033 4098 eo
3064 4044 3210 4114 qncd
3240 4042 3380 4098 male
3407 4056 3532 4113 pro-

1949 4145 2238 4202 miserint:
2269 4142 2628 4199 ostendentes
2693 4136 2840 4193 enim
2884 4134 2991 4190 illis
3038 4134 3163 4205 quia
3224 4134 3533 4189 nullatenus

1949 4234 2190 4292 habituri
2216 4232 2328 4290 sint
2348 4242 2561 4303 partem
2582 4244 2705 4286 cum
2724 4226 2878 4294 Iesu,
2902 4224 2948 4280 si
2974 4239 3160 4280 vocem
3184 4222 3531 4278 temerariam

1948 4326 2002 4383 in
2038 4325 2407 4398 promittendo
2433 4321 2793 4388 servaverint,
2820 4319 3061 4375 futurum
3088 4328 3216 4370 vero
3246 4324 3304 4368 ut
3330 4313 3530 4369 bonam

250 4403 317 4457 τὸ
349 4402 596 4458 τοιοῦτόν
634 4420 763 4457 ποτε
798 4402 1024 4473 γίνεται·
1074 4403 1170 4458 καὶ
1204 4403 1469 4475 φήσομεν,
1497 4403 1601 4469 ὅτι,
1637 4402 1848 4476 Ὠσπερ

1955 4434 2106 4491 spem
2141 4418 2347 4476 habere
2369 4415 2618 4489 possint,
2644 4413 2690 4470 si
2726 4411 2871 4483 quod
2905 4409 3058 4481 prius
3089 4408 3345 4510 dixerant
3377 4421 3533 4475 spre-

256 4498 284 4550 ὃ
310 4496 487 4552 εἰπὼν
506 4496 733 4569 Πέτρος,
758 4516 776 4548 ι
809 4497 884 4551 Οὐ
906 4497 982 4569 μὴ
1005 4495 1166 4571 νίψῃς
1195 4513 1295 4568 μου
1320 4497 1447 4562 τοὺς
1470 4496 1633 4561 πόδας
1655 4498 1736 4561 εἰς
1753 4495 1848 4551 τὸν

1955 4511 2154 4577 velint,
2222 4508 2553 4566 abducemus
2605 4518 2703 4560 eos
2731 4519 2761 4558 a
2799 4499 3142 4574 persistendo
3187 4499 3242 4553 in
3283 4497 3368 4553 his
3410 4510 3533 4566 quae

266 4588 452 4654 λίῶνα,
480 4606 501 4640 ι
540 4588 808 4644 κωλύεται
836 4589 1094 4662 ἐμμένειν
1121 4591 1188 4662 τῇ
1217 4588 1310 4643 τοῦ
1335 4588 1629 4662 λεγομένου
1655 4588 1849 4661 ὁμολο-

254 4680 374 4752 γίᾳ,
415 4679 502 4734 ἵνα
524 4679 623 4753 ἔχῃ
653 4680 791 4753 μετά
822 4680 918 4735 τοῦ
962 4681 1138 4752 Ἰησοῦ
1167 4680 1349 4753 μέρος·
1379 4681 1553 4746 οὕτως
1581 4677 1774 4737 καϊσὺ
1819 4685 1848 4738 6

253 4768 407 4822 δεῖνα
451 4768 718 4841 ἁμαρτὼν
756 4770 855 4843 τὴν
899 4770 1246 4841 προπέτειαν,
1272 4772 1368 4827 καὶ
1399 4773 1640 4845 ἀκρίτως
1682 4774 1850 4845 ἐπαγ-

256 4862 581 4933 γειλάμενος
619 4863 759 4931 τόδε,
797 4862 1004 4935 βέλτιον
1046 4862 1113 4917 ἂν
1147 4865 1347 4937 ποιήσῃ
1382 4864 1495 4937 (15)
1545 4865 1849 4939 μεταθέμε-

256 4968 345 5015 νος
376 4952 473 5006 ἐπὶ
511 4952 630 5007 τόδε
673 4954 880 5026 πρᾶξαι
917 4953 1281 5028 εὐλογώτερον
1321 4956 1429 5011 ἀπὸ
1459 4956 1556 5011 τοῦ
1585 4958 1845 5030 ἐμμένειν

257 5044 337 5116 τῷ
366 5044 556 5110 κακῶς
603 5044 867 5119 κριθέντι.
919 5047 1339 5120 Ἐπιστήσαντες
1368 5047 1426 5103 δέ
1460 5047 1541 5121 τῷ
1598 5067 1682 5117 τε,
1717 5069 1737 5103 ι
1780 5053 1846 5106 ‘0

260 5136 372 5207 ἐγὼ
396 5137 558 5206 ποιῶ,
585 5140 652 5194 σὺ
679 5139 781 5194 οὐκ
801 5136 951 5206 οἶδας
980 5140 1126 5214 ἀρτιο
1154 5139 1413 5215 means:
1432 5141 1572 5214 μετά
1603 5140 1800 5205 ταῦτα.
1820 5164 1841 5198 ι

259 5226 483 5299 καὶτῷ,
521 5246 542 5280 ι
594 5228 722 5283 Ἐὰν
752 5229 829 5302 μὴ
880 5229 1018 5301 νίψω
1064 5248 1146 5297 σε,
1188 5231 1289 5285 οὐκ
1334 5231 1479 5303 έχεις
1517 5232 1683 5306 μέρος
1730 5235 1848 5306 μετ’

259 5319 419 5390 ἐμοῦ,
456 5338 477 5373 ι
508 5322 560 5376 οἰ
599 5322 675 5394 μὴ
710 5322 1020 5394 βουλόμενοι
1051 5324 1229 5391 τοῦτο,
1251 5325 1345 5380 καὶ
1376 5324 1445 5380 τὰ
1468 5325 1645 5400 τούτῳ
1667 5345 1846 5401 παρα-

260 5411 466 5481 πλήσια
489 5413 860 5485 τροπολογεῖν,
890 5415 1228 5481 αἰδεσθέντες
1258 5416 1752 5488 παραδεξάσθωσαν
1783 5420 1846 5475 τὸ

332 5506 377 5539 ⁸⁷
406 5506 552 5563 Psal.
589 5524 718 5577 ειν,
758 5510 844 5569 ll.

1952 4602 2095 4660 male
2134 4602 2516 4673 iudicassent,
2582 4595 2801 4653 etiamsi
2862 4592 3158 4665 aliquando
3208 4604 3331 4645 cum
3379 4587 3535 4660 jura-

1953 4701 2135 4749 mento
2165 4691 2271 4747 tale
2300 4690 2393 4745 tiat
2417 4696 2640 4761 propter
2669 4686 2898 4739 multam
2941 4681 3304 4737 temeritatem
3341 4693 3356 4732 :
3388 4677 3535 4732 diee-

1951 4796 2204 4852 musquc,
2270 4777 2725 4851 quemadmodum
2785 4773 3107 4846 prohibetur
3160 4770 3376 4837 Petrus,
3439 4768 3529 4840 qui

1949 4876 2105 4941 dixit,
2170 4871 2316 4931 «Non
2342 4871 2550 4927 lavabis
2573 4869 2704 4925 mihi
2732 4867 2897 4939 pedes
2926 4866 2983 4921 in
3014 4875 3298 4929 aeternum,
3334 4882 3354 4917 ι
3408 4876 3532 4933 per-

1952 4963 2148 5020 sistere
2180 4964 2233 5017 in
2260 4975 2328 5016 eo
2362 4960 2505 5031 quod
2539 4958 2795 5025 dixerat,
2832 4963 2893 5011 ut
2939 4955 3139 5010 habeat
3165 4963 3374 5024 partem
3405 4966 3531 5007 cum

1952 5055 2120 5124 Jesu;
2181 5054 2261 5111 sic
2315 5062 2370 5108 tu
2422 5051 2518 5123 qui
2575 5048 2818 5123 peccasti
2864 5057 3091 5120 propter
3140 5044 3532 5110 temeritatem,

1955 5161 2121 5221 atque
2142 5149 2306 5205 etiam
2336 5146 2641 5220 promisisti
2676 5145 2827 5201 nullo
2863 5144 3099 5208 delectu,
3129 5140 3324 5195 melius
3353 5136 3533 5192 lactu-

1932 5237 2050 5297 ‘rns
2082 5240 2179 5308 sis,
2214 5239 2261 5296 si
2298 5239 2566 5295 desistens
2620 5251 2650 5290 a
2708 5234 3079 5307 permaneudo
3127 5231 3184 5287 in
3238 5229 3343 5285 hoc
3387 5228 3532 5300 quod

1958 5329 2098 5385 male
2133 5317 2414 5402 iudicasti,
2449 5328 2519 5384 ad
2570 5328 2676 5385 hoc
2720 5326 2987 5397 agendum
3034 5324 3180 5395 quod
3231 5320 3404 5390 magis
3448 5327 3536 5376 est

1953 5431 2381 5479 consentaneum
2430 5429 2701 5476 transeas.
2749 5418 2851 5487 Qui
2918 5424 3106 5473 autem
3160 5415 3264 5471 hoc
3324 5414 3534 5470 dictum

333 5624 447 5769 με)
479 5622 661 5682 Codex
704 5625 1150 5709 Regiusnmale,
1199 5629 1293 5682 ἐπὶ
1338 5628 1429 5683 τὸν
1482 5630 1842 5702 προτὲστερον

362 5696 444 5767 la)
475 5696 618 5754 Idem
640 5699 814 5756 codex
841 5696 1068 5769 Regius,
1106 5700 1267 5769 male,
1300 5699 1544 5769 ποιῆσαι.
1570 5699 1852 5769 Utrumqut

1955 5626 2229 5699 ιάκρίτως
2261 5625 2524 5680 εἰπόντων
2558 5624 2805 5698 ποίησον,
2850 5625 3060 5698 ὥσπερ,
3100 5636 3210 5684 etc.

1955 5699 2046 5757 .ale
2069 5717 2084 5753 :
2108 5697 2249 5757 forte
2279 5698 2480 5757 rectius
2513 5697 2799 5769 legendum
2828 5698 3105 5769 ποιήσαις.
3142 5697 3210 5753 Er

362 5696 444 5767 Ιὸ)
475 5696 618 5754 Idem
640 5696 814 5756 codei.
841 5696 1068 5772 Regius,
1106 5700 1267 5771 male,
1300 5696 1544 5771 ποιῆσαιζ
1570 5696 1852 5772 ϋιιιιιιῐιιιιι

1955 5699 2046 5757 .ale
2069 5696 2084 5753 Ξ
2108 5697 2249 5757 forte
2279 5698 2480 5757 rectius
2513 5696 2799 5769 legendum
2828 5696 3105 5772 ποιήσαις.
3142 5697 3302 5755 Eon.
