3866 6200
351 211 457 268 765

1808 190 2130 250 ORIGENIS

3480 191 3574 248 τω

351 333 798 392 observaverunt,
843 343 862 377 ι
900 323 1054 390 Quod
1077 332 1178 391 ego
1210 319 1370 384 facio,
1415 325 1472 372 tu
1526 329 1672 371 nunc
1720 313 1909 369 nescis.

2027 305 2264 362 τοιοῦτον
2295 300 2433 368 εἶδος
2479 303 2587 356 τῶν
2640 301 3011 372 εὐαγγελικῶν
3057 301 3364 372 ἐξετάσεων,
3415 307 3449 377 ἢ
3504 310 3572 380 μὴ

352 423 495 478 scies
524 431 700 475 autem
719 426 938 488 postea,
971 433 990 466 ι
1025 422 1080 467 et
1109 411 1260 478 illud,
1300 427 1319 462 ι
1355 409 1470 464 Nisi
1499 409 1684 464 lavero
1713 416 1784 472 te,
1816 419 1922 460 non

353 513 524 568 habes
558 517 766 580 partem
796 517 1060 566 mecum,»
1094 501 1340 574 nolentes
1363 499 1490 554 illud
1522 499 1752 568 huicque
1777 497 1928 552 simi-

2031 395 2340 468 βουλόμενοι
2368 391 2730 447 δεικνύτωσαν
2760 391 2878 456 πῶς
2910 391 3127 461 εὐλογόν
3151 393 3264 447 ἐστι
3283 395 3366 449 τὸν
3385 395 3476 464 (ὡς
3516 400 3576 453 ἂν

2026 489 2224 541 ἐκεῖνοι
2277 483 2508 554 λέγοιεν)
2545 482 2632 536 διὰ
2671 481 2944 553 σεϐασμὸν
2993 482 3087 535 τοῦ
3135 481 3308 553 Ἰησοῦ
3350 484 3573 553 εἰπόντα,

351 605 426 659 lia
487 573 574 657 ad-
609 597 965 668 tropologiam
1014 573 1258 658 referre,
1315 590 1588 661 pudefacti
1635 588 1909 644 admittam

2032 598 2051 630 ι
2083 579 2158 632 Ού
2195 576 2270 650 μὴ
2310 574 2469 648 νίψῃς
2495 590 2596 647 μου
2633 575 2759 636 τοὺς
2785 573 2952 638 πόδας
2979 575 3059 638 εἰς
3091 573 3185 628 τὸν
3211 575 3394 642 αἰῶνα,
3436 595 3454 628 ι
3503 577 3573 648 τῷ

353 696 519 750 talem
562 689 1006 760 evangelicarum
1053 683 1486 754 disputationum
1539 680 1796 744 formam,
1839 677 1922 733 vel

352 787 601 841 nolentes
652 781 943 838 ostendant
977 777 1092 847 -qui
1141 785 1563 832 consentaneum
1613 780 1758 830 esset
1795 787 1920 827 eum

350 881 440 947 qui
466 885 694 947 propter
719 871 1150 934 venerationem,
1189 876 1246 921 ut
1281 867 1372 922 isti
1399 866 1598 922 dicturi
1629 874 1780 931 sunt,
1813 878 1919 932 qua

347 971 532 1027 Jesum
563 966 1008 1038 prosequebatur,
1037 961 1272 1026 dicebat,
1331 979 1350 1010 ι
1381 958 1496 1012 Non
1537 957 1744 1013 lavabis
1786 955 1918 1012 mihi

347 1064 513 1133 pedes
539 1062 593 1114 in
622 1068 939 1120 aeternum,»
971 1070 1001 1108 a
1028 1054 1284 1122 Magistro
1311 1051 1528 1118 audire,
1547 1051 1626 1106 sic
1644 1067 1748 1107 non
1767 1050 1920 1108 hahi-
1965 1076 1971 1082 -

347 1163 527 1205 turum
549 1165 607 1205 se
635 1155 844 1216 partem
875 1159 996 1198 cum
1030 1142 1168 1199 Filio
1192 1141 1307 1208 Dei,
1340 1142 1562 1212 perinde
1589 1156 1654 1196 ac
1681 1142 1919 1196 maximo

343 1251 568 1315 peccato
589 1237 911 1300 obnoxium,
940 1233 1083 1304 quod
1115 1234 1198 1288 sui
1241 1233 1404 1304 pedes
1434 1233 1503 1288 ab
1529 1233 1650 1302 ipso
1678 1231 1773 1287 loti
1810 1227 1916 1287 nuit

345 1335 596 1390 fuissent.
626 1331 758 1385 Nam
789 1329 990 1394 dicere,
1023 1324 1085 1382 Si
1113 1326 1216 1382 hoc
1257 1324 1514 1380 delictum
1547 1323 1914 1390 commiseris,

344 1443 454 1482 non
486 1423 712 1480 habebis
755 1430 963 1491 partem
997 1431 1208 1473 mecum
1236 1455 1252 1483 ,
1290 1415 1468 1472 locum
1498 1415 1664 1471 habet
1692 1415 1744 1471 id
1773 1414 1917 1486 quod

344 1517 568 1582 dicitur,
600 1515 668 1569 de
693 1511 933 1581 peccatis
960 1507 1205 1578 apertis;
1238 1516 1296 1561 at
1326 1521 1454 1562 vero
1494 1507 1702 1572 dicere,
1739 1524 1758 1558 ι
1799 1504 1914 1562 Nisi

343 1607 534 1662 lavero
575 1617 646 1672 te,
703 1617 810 1658 non
861 1601 1032 1656 habes
1076 1608 1288 1671 partem
1325 1611 1590 1662 mecum,»
1625 1596 1912 1666 haudqua-

342 1715 504 1767 quam
544 1709 629 1752 est
657 1703 1105 1755 consentaneum,
1152 1689 1220 1755 si,
1255 1689 1398 1757 quod
1436 1686 1588 1744 nefas
1625 1699 1709 1743 est
1741 1686 1912 1750 dictu,

341 1792 600 1860 Magister
631 1790 747 1844 haec
775 1787 992 1843 videtur
1020 1780 1397 1852 respondisse,
1439 1782 1584 1849 quod
1609 1789 1691 1834 est
1723 1780 1913 1836 absur-

339 1884 622 1937 dissimum
649 1923 664 1948 ,
698 1877 966 1948 discipulo
994 1876 1154 1932 Petro
1194 1874 1370 1946 ipsum
1399 1873 1686 1930 honoranti
1706 1911 1722 1937 ,
1776 1887 1917 1941 prat-

341 1977 474 2031 bcre
509 1973 712 2028 nolenti
752 1984 1045 2040 corporeos
1073 1968 1236 2037 pedes
1264 1981 1394 2023 suos
1441 1965 1705 2021 lavandos
1745 1964 1812 2018 ab
1849 1978 1916 2020 eo

337 2068 430 2138 qui
478 2073 750 2120 statuerat
801 2062 988 2115 lavare
1030 2061 1196 2130 pedes
1230 2057 1401 2129 ipsius
1449 2053 1912 2112 mansuetissime.

336 2157 491 2212 Hanc
503 2152 749 2226 5180b
764 2164 986 2208 causam
1007 2149 1214 2219 prazbea
1224 2164 1341 2204 mus
1361 2149 1530 2218 pedes
1554 2159 1767 2204 nostros
1785 2145 1813 2202 J
1819 2165 1914 2203 esu

337 2248 634 2301 etiamdum
668 2241 910 2312 surgenti
953 2256 983 2296 a
1014 2255 1168 2295 creua
1191 2280 1206 2306 ,
1239 2249 1295 2294 et
1320 2239 1539 2309 ponenti
1567 2241 1915 2308 vestimenta,

337 2339 636 2392 etlinteum
664 2331 978 2403 accipienti,
1014 2340 1065 2387 et
1091 2331 1443 2399 praecingeuti
1473 2345 1559 2395 se,
1589 2340 1644 2385 et
1680 2330 1913 2386 miltenti

333 2444 532 2500 aquam
557 2429 609 2482 in
634 2425 857 2496 pelvim,
887 2432 940 2478 et
971 2421 1245 2492 incipienti
1276 2419 1457 2474 lavare
1483 2418 1646 2489 pedes
1674 2431 1912 2486 nostros,

337 2538 444 2578 non
475 2535 634 2577 secus
663 2527 827 2586 atque
859 2515 906 2572 si
939 2527 1186 2568 essemus
1213 2511 1297 2566 sui
1325 2509 1595 2581 discipuli,
1649 2520 1701 2565 et
1732 2522 1914 2565 exter-

337 2629 467 2684 gere
493 2613 662 2667 linteo
692 2625 802 2679 quo
828 2604 1182 2677 praecingitur
1207 2602 1380 2657 nostri
1412 2616 1579 2658 causa
1605 2641 1622 2667 ,
1657 2602 1829 2657 factus
1857 2602 1910 2656 in

336 2702 514 2758 medio
544 2701 741 2767 nostri,
772 2710 1031 2768 tanquam
1062 2696 1154 2766 qui
1195 2695 1471 2750 ministrat
1514 2694 1583 2748 ⁸⁸.
1627 2693 1759 2748 Nam
1807 2694 1911 2749 nisi

335 2797 439 2850 hoc
491 2793 808 2858 fecerimus,
861 2806 968 2846 non
1028 2789 1351 2846 habebimus
1383 2795 1592 2859 partem
1644 2801 1769 2842 cum
1820 2802 1910 2853 eo,

336 2899 514 2955 neque
547 2891 706 2939 erunt
735 2883 947 2952 pulchri
993 2882 1156 2954 pedes
1198 2880 1373 2936 nostri
1401 2921 1416 2947 ,
1451 2878 1750 2949 prmsertim
1784 2893 1905 2933 cum

333 2977 650 3032 :cmulemur
683 2976 1016 3031 charismata
1073 2972 1298 3029 meliora
1345 2971 1417 3039 ‘9,
1471 2971 1716 3026 volentes
1767 2970 1979 3046 interc

333 3085 429 3125 eos
457 3068 806 3124 annumerari
833 3068 926 3138 qui
964 3071 1104 3121 bona
1133 3063 1514 3133 evangelizant
1537 3063 1608 3118 °°.
1637 3062 1906 3118 Cteterum

333 3162 554 3230 quando
586 3159 812 3215 liberior
844 3169 928 3214 est
956 3157 1150 3212 Petrus
1176 3156 1229 3210 in
1263 3155 1534 3225 loquendo
1576 3155 1905 3224 itnportune,

334 3261 557 3321 rugatns
602 3251 764 3321 pedes
811 3266 940 3305 suos
971 3250 1215 3320 prmhere
1247 3246 1406 3314 Jesu,
1458 3261 1582 3301 cum
1641 3245 1908 3311 audisset,

339 3344 480 3398 «Nisi
517 3344 703 3399 lavero
731 3356 803 3411 te,
833 3360 936 3398 non
961 3346 1125 3399 habes
1143 3353 1354 3415 partem
1383 3355 1595 3396 mecum
1622 3341 1726 3402 “,i
1758 3354 1912 3394 men-

332 3453 490 3492 suras
537 3437 816 3507 petitionis
849 3439 965 3508 ejus
1018 3436 1132 3490 vnlt
1177 3449 1474 3505 superare,
1533 3447 1640 3490 non
1697 3440 1908 3486 tantum

331 3531 476 3584 sules
503 3531 667 3601 pedes
695 3545 723 3583 a
760 3529 887 3584 Jesu
921 3529 1182 3584 lavandos
1206 3527 1500 3592 exhibens,
1525 3539 1710 3581 verum
1741 3523 1905 3579 etiam

331 3635 547 3686 manus,
608 3637 750 3692 quas
807 3638 912 3676 non
972 3620 1208 3692 amplius
1237 3618 1396 3676 Jesus
1436 3619 1613 3674 lavari
1669 3615 1909 3683 volebat,

331 3727 452 3765 cum
485 3727 680 3782 panem
718 3713 1069 3768 comederent
1093 3751 1110 3776 ,
1163 3709 1471 3780 despiciens
1504 3724 1598 3766 eos
1629 3708 1720 3780 qui
1761 3707 1908 3762 dice—

329 3814 452 3858 rent
473 3819 492 3858 :
520 3803 804 3872 «Discipuli
840 3805 913 3857 tui
941 3819 1045 3857 non
1072 3801 1302 3856 abluunt
1331 3817 1544 3868 manus,
1568 3817 1689 3856 cum
1714 3813 1906 3870 panem

331 3893 596 3946 edunt".
632 3912 650 3944 ι
707 3893 964 3947 Exhibuit
997 3893 1162 3948 etiam
1191 3933 1208 3960 ,
1239 3903 1438 3963 praeter
1465 3908 1688 3958 manus,
1723 3900 1904 3960 caput,

332 3981 481 4048 quod
511 3994 614 4033 non
639 3980 871 4046 amplius
897 3979 1110 4035 volebat
1134 3981 1292 4036 Jcsus
1327 3981 1520 4048 lavari;
1559 3981 1755 4050 quippe
1778 3979 1905 4050 quia

333 4071 386 4124 in
424 4085 490 4124 co
527 4069 703 4139 imago
738 4079 792 4123 et
817 4069 988 4138 gloria
1043 4069 1132 4122 Dei
1156 4068 1268 4136 jam
1303 4077 1468 4135 esset;
1513 4069 1711 4124 sufﬁcit
1757 4071 1904 4125 enim

333 4159 510 4224 nubis,
542 4159 586 4212 si
606 4175 670 4214 eo
691 4158 1123 4227 pervencrimus,
1153 4165 1211 4211 ut
1242 4158 1583 4212 occasionem
1612 4159 1906 4213 habeamus

329 4264 483 4319 a-que
517 4265 580 4303 ac
605 4247 852 4316 discipuli
879 4289 896 4314 ,
928 4246 1200 4316 praebendi
1247 4245 1321 4300 illi
1354 4247 1518 4316 pedes
1545 4287 1560 4312 ,
1599 4263 1735 4317 quos
1761 4247 1905 4303 solos

329 4343 476 4396 lavat
501 4351 560 4396 et
588 4339 891 4410 abstergit:
927 4355 1049 4392 nam
1098 4355 1116 4387 ι
1154 4336 1242 4406 qui
1294 4335 1437 4392 lotus
1463 4347 1568 4398 est,
1616 4353 1721 4392 non
1764 4351 1900 4408 Opus

330 4433 490 4488 habet
539 4432 746 4496 lavari,
787 4419 882 4486 sed
918 4441 1003 4486 est
1059 4430 1295 4485 mundus
1352 4437 1495 4484 totus
1522 4429 1571 4462 ’³
1601 4445 1616 4488 :
1647 4446 1665 4478 ι
1689 4428 1734 4483 si
1778 4429 1900 4498 quis

329 4542 460 4581 vero
489 4541 596 4581 non
627 4540 712 4580 est
743 4525 976 4580 mundus
1008 4532 1151 4578 totus
1179 4563 1194 4588 ,
1256 4524 1301 4579 is
1350 4537 1410 4577 se
1456 4537 1563 4578 non
1601 4521 1756 4580 lavit.
1793 4521 1900 4578 Sed

327 4627 548 4687 quterat
572 4617 790 4683 aliquis,
813 4616 858 4670 si
887 4615 1031 4670 lotus
1063 4629 1165 4668 non
1196 4630 1333 4682 optts
1367 4613 1531 4668 habet
1561 4612 1731 4667 lavari
1757 4652 1772 4676 ,
1809 4612 1900 4668 sed

325 4719 411 4763 est
442 4709 692 4768 mundus,
722 4719 768 4761 et
802 4714 958 4761 erant
985 4703 1234 4773 discipuli
1254 4701 1380 4758 Jesu
1407 4704 1617 4769 mundi,
1644 4714 1900 4774 tanquam

329 4799 446 4860 loti,
495 4797 768 4868 quomodo
817 4797 982 4850 mittit
1029 4811 1220 4864 aquam
1277 4794 1328 4848 in
1383 4795 1614 4864 pelvint,
1655 4805 1707 4848 et
1737 4795 1902 4864 etrapit

327 4889 510 4945 lavare
555 4889 720 4958 pedes
749 4887 1132 4952 discipulorum
1159 4884 1318 4940 Jesus
1338 4885 1364 4939 τ
1402 4885 1674 4940 Caeterum
1703 4885 1804 4939 hac
1833 4889 1898 4940 de

327 4996 386 5034 re
417 4995 538 5036 cum
563 4995 725 5048 supra
757 4977 1181 5034 disserueriutus
1204 4990 1273 5030 ex
1321 4985 1472 5043 parte
1515 4975 1897 5044 anticipantes,

329 5085 476 5126 nunc
498 5071 661 5126 etiam
690 5071 804 5125 hmc
837 5068 943 5123 illis
972 5067 1255 5129 addemus,
1280 5065 1534 5118 nimirum
1569 5066 1680 5118 haec
1714 5066 1896 5126 verba,

333 5195 354 5218 ι
381 5162 531 5231 Opus
569 5164 853 5226 habemus,
882 5180 902 5216 ι
937 5160 1112 5232 posita
1159 5173 1281 5212 esse
1325 5157 1391 5210 de
1440 5157 1600 5212 rebus
1645 5171 1898 5210 necessa-

399 5281 446 5311 "
483 5279 611 5336 Luc.
653 5297 784 5345 xxn,
815 5281 904 5334 27.
976 5279 1022 5312 ⁸⁸
1052 5279 1069 5334 ι
1096 5277 1223 5335 Cor.
1255 5293 1354 5345 xu,
1377 5277 1466 5334 '51.
1541 5276 1586 5308 ’°
1626 5275 1730 5331 lsa.
1753 5277 1918 5343 1.11.7.

403 5393 514 5458 Uti)
539 5393 700 5447 Forte
729 5394 1072 5448 scribendum
1106 5393 1212 5447 ὑπὸ
1238 5393 1332 5447 τοῦ
1363 5392 1659 5456 νίπτοντος.

403 5466 536 5532 (16⁸)
559 5465 1075 5532 Καταλύπτεσοιιι.
1103 5467 1194 5518 Sic
1214 5465 1342 5532 imp.
1369 5464 1514 5517 nullo
1538 5479 1722 5516 sensu.
1746 5463 1904 5516 Furtc

343 5530 624 5604 legendum
687 5530 1110 5600 καταλούεσθαι,
1153 5532 1234 5589 Vel
1293 5530 1748 5601 κατανίπτετθαι,
1823 5533 1902 5587 vel

2023 669 2326 740 διδασκάλῳ
2347 667 2597 734 ἀκοῦσαι,
2627 666 2702 729 ὡς
2730 665 2839 735 ἄρα
2880 665 2980 736 οὐχ
3012 664 3122 735 ἕξει
3151 666 3318 738 μέρος
3342 667 3472 738 μετὰ
3493 669 3577 723 τοῦ

2024 761 2153 816 Υίοῦ
2168 760 2262 815 τοῦ
2287 758 2445 823 Θεοῦ,
2467 758 2543 822 ὡς
2569 756 2661 811 διὰ
2689 757 2942 829 μέγιστον
2969 757 3289 830 ἁμάρτημα,
3313 758 3369 811 τὸ
3397 760 3470 830 μὴ
3500 777 3578 812 νε-

2015 849 2206 921 νῖφθαι
2229 849 2358 914 τοὺς
2383 848 2550 912 πόδας
2582 847 2673 900 ὑπ’
2702 847 2890 902 αὐτοῦ.
2923 847 2998 900 Τὸ
3033 847 3133 919 μὲν
3171 848 3298 918 γὰρ,
3327 849 3447 904 Ἐὰν
3473 852 3580 906 τόδε

2020 941 2082 994 τὸ
2130 941 2376 1012 πταῖσμα
2421 939 2677 1010 ποιήσῃς,
2735 940 2834 1009 οὐχ
2875 936 3018 1003 ἕξεις
3072 936 3240 1012 μέρος
3277 941 3392 1009 μετ’
3434 941 3579 1012 ἐμοῦ,

2020 1033 2204 1106 χώραν
2219 1027 2331 1106 εἶχε
2357 1031 2648 1103 λεγόμενον
2664 1032 2792 1103 περὶ
2805 1029 2913 1083 τῶν
2945 1029 3236 1100 προφανῶς
3268 1031 3579 1104 ἁμαρτημάο

2017 1141 2148 1178 των·
2183 1123 2244 1178 τὸ
2272 1123 2354 1190 δὲ,
2391 1139 2412 1176 ι
2445 1121 2573 1176 Ἐὰν
2606 1122 2680 1193 μὴ
2701 1121 2841 1192 νίψω
2869 1138 2951 1188 σε,
2980 1122 3082 1175 οὐκ
3109 1121 3255 1193 ἔχεις
3288 1122 3448 1194 μέρος
3476 1127 3584 1195 μετ’

2017 1217 2174 1289 ἐμοῦ,
2207 1235 2227 1270 ι
2255 1215 2506 1287 οὐδαμῶς
2535 1213 2648 1285 ἐχει
2674 1213 2736 1268 τὸ
2771 1212 2992 1284 εὔλογον
3014 1213 3158 1269 κατὰ
3176 1214 3271 1267 τοῦ
3309 1216 3588 1286 ἱσταμένου.

2018 1310 2078 1363 ἐν
2104 1307 2183 1380 τῷ
2221 1309 2348 1372 τοὺς
2384 1307 2726 1380 σωματικοὺς
2756 1307 2924 1371 πόδας
2963 1307 3049 1378 μὴ,
3093 1305 3404 1378 ἐθεληκέναι
3433 1307 3578 1377 νίψα-

2019 1399 2145 1454 σθαι
2193 1398 2284 1453 τὸν
2312 1398 2540 1470 Πέτρον,
2574 1397 2853 1461 νίπτοντας
2896 1396 3008 1469 (16)
3058 1396 3222 1450 αὐτοῦ
3269 1397 3395 1461 τοὺς
3430 1396 3587 1461 πόδας.

2016 1490 2362 1564 ἡμερώτατα,
2396 1489 2454 1557 ἃ,
2487 1491 2624 1562 ὅπερ
2672 1489 2733 1544 οὐ
2791 1487 2950 1560 θέμις
2993 1487 3203 1557 λέγειν,⁴
3227 1490 3260 1542 6
3283 1484 3578 1552 διδάσκαλος

2015 1584 2154 1650 δόξει
2200 1582 2599 1654 ἀποκεκρῖσθαι
2625 1582 2703 1654 τῷ
2747 1581 2976 1652 τιμῶντι
3004 1581 3166 1635 αὑτὸν
3193 1584 3429 1656 μαθητῇ,
3457 1580 3584 1642 ὅπερ.

1947 1653 1992 1710 Β
2017 1677 2164 1730 ἐστὶν
2191 1653 2557 1732 ἀτοπώτατον.
2606 1653 2708 1729 Διὰ
2745 1674 2913 1730 τοῦτο.
2946 1653 3276 1748 παρέχωμεν
3314 1653 3576 1744 τερ-Ἰησοῦ

2015 1767 2140 1832 τοὺς
2168 1766 2332 1830 πόδας
2355 1766 2512 1838 ἡμῶν
2543 1767 2637 1820 καὶ
2664 1765 2760 1821 νῦν
2786 1766 3118 1838 ἐγειρομένῳ
3148 1767 3212 1818 ἐκ
3234 1764 3326 1818 τοῦ
3358 1764 3578 1829 δείπνου,

2015 1858 2112 1913 καὶ
2140 1857 2341 1930 τιθέντι
2378 1859 2446 1913 τὰ
2483 1859 2692 1932 ἱμάτια,
2722 1859 2816 1913 καὶ
2849 1858 3177 1929 λαμϐάνοντι
3217 1857 3443 1916 λέντιον.
3496 1857 3578 1911 καὶ

2015 1949 2362 2014 διαζωννύντι
2391 1949 2603 2017 ἐαυτὸν,
2639 1949 2733 2003 καὶ
2758 1948 3003 2020 βάλλοντι
3029 1948 3173 2019 ὕδωρ
3193 1949 3275 2012 είς
3299 1948 3384 2002 τὸν
3404 1949 3581 2018 νιπτῆ-

2019 2058 2107 2112 ρα,
2132 2041 2226 2094 καὶ
2245 2039 2534 2112 ἀρχομένῳ
2553 2039 2761 2094 νίπτειν
2783 2041 2910 2104 τοὺς
2935 2039 3100 2105 πόδας
3133 2040 3290 2112 ἡμῶν
3315 2039 3391 2104 ὡς
3417 2031 3578 2111 μαθη‹

2014 2133 2144 2201 τῶν,
2189 2134 2282 2186 καὶ
2337 2132 2633 2202 ἐκμάσσειν
2683 2131 2761 2202 τῷ
2804 2132 3016 2204 λεντίῳ,
3061 2125 3105 2200 ᾧ
3149 2132 3214 2185 δι’
3261 2133 3406 2203 ἡμᾶς
3438 2132 3581 2200 γενόο

2018 2241 2177 2295 μενος
2204 2225 2264 2277 ἐν
2303 2222 2452 2295 μέσῳ
2494 2224 2650 2295 ἡμῶν
2694 2223 2772 2288 ὡς
2801 2224 3060 2277 διακονῶν
3093 2222 3468 2287 διαζώννυται·
3495 2222 3588 2275 ἐὰν·

2015 2319 2122 2391 γὰρ
2181 2319 2255 2392 μὴ
2299 2319 2613 2389 ποιήσωμεν
2671 2317 2849 2385 τοῦτο,
2893 2319 2993 2388 ούχ
3029 2317 3223 2390 ἕξομεν
3268 2321 3387 2389 μετ’
3427 2315 3579 2372 αὑτοῦ

2018 2411 2202 2482 μέρος,
2235 2411 2572 2482 οὐδὲὼραῖοι
2619 2411 2834 2465 ἔσονται
2861 2413 2911 2465 oi
2945 2411 3101 2474 πόδες
3152 2411 3330 2482 ἡμῶν,
3365 2410 3460 2464 καὶ
3489 2409 3588 2480 μά-

2013 2503 2168 2558 λιστα
2193 2504 2280 2557 ὅτε
2313 2502 2599 2574 ζηλοῦντες
2630 2502 2700 2558 τὰ
2743 2504 2962 2576 μείζονα
2993 2504 3330 2574 χαρίσματα,
3367 2502 3590 2574 θέλομεν

2014 2595 2484 2667 ἐγκαταταχθῆναι
2536 2597 2650 2660 τοῖς
2703 2595 3204 2667 εὐαγγελιζομένοις
3256 2595 3325 2648 τὰ
3387 2594 3582 2663 ἀγαθά,

2013 2688 2158 2759 Πλὴν
2185 2689 2275 2740 ὅτε
2309 2688 2587 2760 προπετής
2632 2687 2749 2742 ἐστι
2780 2686 2984 2758 Πέτρος
3027 2687 3266 2752 ἀκούσας
3299 2687 3382 2754 τὸ,
3417 2705 3437 2738 ι
3466 2686 3586 2740 Ἐὰν

2015 2777 2091 2850 μὴ
2118 2778 2256 2848 νίψω
2295 2794 2375 2841 σε,
2405 2778 2505 2830 οὐκ
2532 2777 2676 2849 ἔχεις
2701 2778 2865 2851 μέρος
2892 2780 3009 2848 μετ’
3031 2777 3187 2850 ἐμοῦ,
3218 2797 3237 2830 ι
3274 2779 3581 2849 αἰτούμενος

2012 2869 2070 2923 ἐν
2097 2867 2176 2938 τῷ
2211 2871 2511 2940 παρασχεῖν
2537 2869 2663 2933 τοὺς
2702 2869 2869 2933 πόδας
2896 2869 2974 2940 τῷ
3005 2869 3204 2942 Ἰησοῦ,
3235 2869 3580 2941 ὑπερϐάλλειν

2011 2958 2184 3013 ἐθέλει
2226 2959 2295 3013 τὰ
2345 2959 2517 3032 μέτρα
2548 2960 2648 3031 τῆς
2691 2961 2960 3031 αἰτήσεως
2992 2961 3177 3026 αὑτοῦ,
3236 2962 3330 3015 καὶ
3361 2963 3590 3033 παρεῖχε.

2011 3051 2435 3124 νιφθησομένους
2489 3051 2594 3105 ὑπὸ
2640 3052 2732 3106 τοῦ
2799 3054 2972 3126 Ἰησοῦ
3011 3053 3194 3107 ούκέτι
3253 3053 3381 3118 τοὺς
3426 3056 3582 3116 πόδας

2014 3144 2226 3214 μόνους,
2255 3145 2370 3198 ἀλλ’
2400 3145 2500 3218 ἤδη
2531 3145 2739 3210 καὶτὰς
2762 3150 2968 3219 χεῖρας,
2994 3146 3058 3210 ἃς
3093 3147 3276 3200 οὐκέτι
3307 3147 3580 3200 νίπτεσθαι

2009 3237 2038 3288 6
2066 3235 2274 3307 Ἰησοῦς
2319 3237 2526 3310 ἤθελεν,
2571 3239 2696 3292 ὅταν
2729 3239 2893 3310 ἄρτον
2937 3239 3177 3308 ἐσθίωσι,
3233 3239 3579 3310 καταφρονῶν

2009 3328 2118 3383 τῶν
2164 3329 2493 3401 λεγομένων,
2527 3332 2608 3384 ὅτι
2643 3351 2660 3383 ι
2698 3333 2759 3386 Οί
2801 3331 3035 3404 μαθηταί
3081 3349 3174 3385 σου
3213 3333 3274 3386 οὐ
3313 3333 3579 3386 νίπτονται

2007 3417 2108 3483 τὰς
2123 3422 2329 3491 χεῖρας,
2358 3421 2484 3474 ὅταν
2507 3420 2669 3492 ἄρτον
2693 3421 2934 3476 ἐσθίωσι·
2966 3442 2988 3475 ›
3013 3423 3106 3476 καὶ
3135 3423 3271 3496 πρὸς
3284 3425 3406 3487 ταῖς
3429 3423 3579 3496 χερσὶ

2006 3509 2105 3582 τὴν
2131 3510 2386 3584 κεφαλὴν,
2412 3511 2477 3583 ἣν
2506 3513 2625 3566 οὐδὲ
2658 3513 3250 3584 καταλύπτεσθαι(1ϋ“)
3279 3515 3357 3568 ἐτι
3370 3515 3574 3586 Ἰησοῦς

2009 3601 2276 3667 ἐϐούλετο,
2298 3604 2381 3673 ἐφ’
2403 3598 2470 3677 ἧς
2501 3605 2534 3676 ἡ
2558 3604 2720 3658 εἰκὼν
2761 3606 2855 3659 καὶ
2881 3609 2912 3678 ἡ
2937 3604 3063 3670 δόξα
3089 3607 3190 3678 ἤδη
3210 3603 3277 3679 ἦν
3300 3607 3394 3661 τοῦ
3425 3606 3578 3661 Θεοῦ·

2008 3695 2261 3766 ἀρκεῖται
2292 3695 2400 3768 γὰρ
2431 3697 2586 3768 ἡμῖν,
2617 3697 3008 3771 ἐπανέλθωμεν
3048 3702 3127 3764 εἰς
3155 3699 3331 3764 τοῦτο,
3354 3703 3469 3764 τοῖς
3492 3699 3579 3753 τοῦ

2008 3785 2184 3856 Ἰησοῦ
2224 3786 2513 3859 μαθηταῖς,
2542 3789 2756 3862 καιροῦ,
2785 3791 2878 3844 τοῦ
2909 3793 3034 3856 τοὺς
3062 3792 3230 3856 πόδας
3266 3791 3416 3862 αὐτῷ
3446 3810 3580 3866 παρ-

2008 3876 2150 3948 έχειν
2193 3876 2399 3946 νίψοντι
2437 3879 2531 3932 καὶ
2583 3879 2914 3950 ἐκμάσσοντι
2947 3881 3171 3952 μόνους·
3232 3902 3252 3935 ι
3291 3883 3321 3934 6
3348 3882 3456 3952 γὰρ
3496 3881 3578 3934 λε-

2006 3966 2261 4039 λουμένος
2285 3968 2385 4021 οὐκ
2399 3967 2511 4039 ἔχει
2535 3970 2723 4041 χρείαν
2752 3969 3027 4041 νίψασθαι,
3057 3971 3169 4024 ἀλλ’
3199 3969 3315 4025 ἐστι
3351 3970 3578 4043 καθαρὸς

2005 4060 2146 4124 ὃλος·
2183 4079 2202 4111 ›
2236 4062 2284 4114 εἰ
2312 4061 2368 4114 δέ
2402 4079 2484 4124 τις
2510 4067 2587 4138 μή
2615 4068 2760 4120 ἐστιν
2791 4063 2913 4128 ὅλος
2942 4064 3201 4137 καθαρὸς,
3230 4065 3331 4118 οὐκ
3359 4063 3576 4118 ἐλούσα-

2005 4169 2084 4204 το.
2131 4153 2372 4223 Ζητήσαι
2415 4152 2472 4206 δέ
2519 4170 2596 4216 τις
2647 4154 2734 4219 ἂν,
2778 4155 2827 4206 εί
2871 4155 2900 4206 6
2946 4155 3264 4227 λελουμένος
3320 4157 3421 4210 οὐκ
3471 4157 3577 4228 ἔχει

2008 4243 2199 4314 χρείαν
2223 4243 2494 4314 νίψασθαι,
2527 4244 2639 4297 ἀλλ’
2674 4245 2790 4299 ἔστι
2823 4246 3080 4319 καθαρὸς,
3115 4250 3208 4302 καὶ
3235 4245 3439 4321 ἦσανοί
3489 4248 3576 4303 τοῦ

1927 4325 1980 4384 D
2004 4335 2181 4408 Ἰησοῦ
2203 4336 2441 4407 μαθηταὶ
2479 4337 2728 4409 καθαροὶ,
2773 4338 2848 4403 ὡς
2876 4339 3207 4412 λελουμένοι,
3253 4342 3371 4404 πῶς
3402 4341 3576 4413 βάλλει

2002 4427 2145 4498 ὕδωρ
2179 4431 2259 4490 εἰς
2287 4428 2377 4481 τὸν
2403 4431 2659 4502 νιπτῆρα,
2693 4433 2785 4485 καὶ
2813 4431 3015 4503 ἤρξατο
3042 4433 3248 4487 νίπτειν
3269 4435 3398 4498 τοὺς
3418 4435 3574 4497 πόδας

2000 4518 2107 4572 τῶν
2141 4517 2394 4589 μαθητῶν
2417 4521 2446 4571 6
2502 4519 2737 4590 Ἰησοῦς;
2767 4521 2861 4584 Εἰς
2885 4522 3043 4576 τοῦτο
3073 4523 3130 4576 δὲ
3161 4524 3254 4577 καὶ
3297 4524 3576 4595 προλαϐόν·

1999 4628 2090 4675 τες
2125 4611 2223 4682 μὲν
2251 4611 2316 4664 ἐκ
2346 4612 2548 4683 μέρους
2571 4613 2892 4684 εἰρήκαμεν,
2917 4615 3010 4667 καὶ
3043 4612 3136 4669 νῦν
3166 4615 3396 4679 ἐκείνοις
3409 4615 3574 4670 ταῦτα

2001 4703 2401 4775 προσθήσομεν,
2429 4705 2509 4770 τὸ,
2551 4724 2570 4756 ι
2611 4705 2812 4778 Χρείαν
2854 4707 3073 4778 ἔχομεν,
3113 4727 3132 4758 ι
3165 4707 3257 4761 ἐπὶ
3281 4707 3390 4762 τῶν
3415 4711 3573 4776 ἀναγ-

1997 4795 2188 4861 καίων,
2221 4788 2293 4848 ὧν
2322 4796 2446 4850 ἄνευ
2473 4796 2662 4868 διαζῇν
2683 4815 2766 4861 τις
2789 4797 2850 4852 ού
2875 4797 3116 4860 δύναται,
3146 4799 3425 4852 τέτακται·
3449 4799 3571 4852 ὥστ’

2002 4885 2066 4940 ἂν
2090 4887 2147 4938 ὲν
2175 4887 2503 4956 σωματικοῖς
2536 4886 2708 4939 εἰπεῖν
2729 4887 2916 4957 χρείαν
2942 4887 3082 4959 ἐχειν
3104 4888 3193 4941 τὸν
3212 4888 3494 4960 ἄνθρωπον
3513 4887 3569 4938 οὐ

1999 4977 2281 5040 πλειόνων,
2318 4977 2453 5030 ἀλλὰ
2484 4977 2688 5030 τούτων
2727 4978 2900 5049 μόνων
2925 4978 3052 5048 περὶ
3076 4972 3150 5032 ὧν
3179 4995 3346 5051 φησιν
3375 4983 3403 5034 6
3431 4976 3568 5030 Ιιαῦ⁶

1997 5065 2106 5130 λος·
2139 5087 2157 5118 ι
2203 5069 2456 5138 Ἔχοντες
2485 5068 2540 5122 δὲ
2573 5068 2868 5142 διατροφὴν
2899 5071 2993 5124 καὶ
3041 5071 3428 5144 σκεπάσματα,
3458 5070 3569 5124 τούο

1997 5175 2108 5222 τοις
2131 5159 2602 5232 ἀρκεσθησόμεθα·
2640 5181 2659 5215 ι
2692 5162 2760 5215 τὰ.
2789 5163 2844 5216 δὲ
2877 5164 2956 5228 είς
2990 5163 3215 5218 πλοῦτον
3242 5165 3338 5218 καὶ
3369 5164 3567 5239 τρυφὴν

1993 5279 2038 5317 ⁹¹
2063 5278 2224 5336 Joan.
2250 5297 2372 5346 xm,
2412 5283 2466 5340 8.
2542 5283 2589 5315 "
2609 5283 2798 5340 Matth.
2826 5301 2918 5352 xv,
2943 5284 3000 5339 2.
3077 5286 3123 5317 ⁸³
3151 5283 3314 5341 Juan.
3349 5301 3464 5352 xttt,
3493 5285 3565 5338 l0.

2009 5397 2193 5460 etiam,
2230 5398 2443 5462 melius,
2495 5399 3036 5464 κατακαλύπτεσθαι,
3097 5400 3280 5464 celari,
3329 5399 3470 5466 quod
3515 5405 3564 5452 ei

2011 5469 2381 5542 Sensuimag‘s
2400 5472 2646 5540 congruit
2669 5472 2738 5524 ob
2759 5469 2881 5524 οὐδὲ
2915 5472 3280 5542 praemissum.
3311 5469 3468 5527 Eutr.

3817 5311 3819 5350 4

3818 5455 3819 5480 t

3818 5609 3819 5630 ι
