3924 6196
286 237 408 295 vos
915 235 936 252 κ
1296 223 1650 282 conamur.
1690 221 1760 277 IN
1799 220 1996 279 JOAN.
2038 218 2274 277 'rouus
2310 217 2522 276 xxxn.
3439 225 3544 280 vos

282 351 714 427 συμϐαλλόμενα
752 351 816 404 ὲκ
849 344 1163 418 περιουσίας
1189 344 1304 410 τοῖς
1327 343 1688 416 άϐροδιαίτοις
1715 358 1841 412 περι

1944 397 1946 402 _
1975 339 2074 394 riis
2097 378 2114 404 ,
2159 340 2278 396 sine
2324 340 2522 410 quibus
2553 335 2751 407 aliquis
2791 335 2977 392 vivere
3018 351 3128 392 non
3163 344 3385 405 potest;
3414 350 3474 393 ut
3497 343 3542 395 si

279 425 525 518 γίνεται,
556 445 654 516 οὐχ
685 443 759 507 ὡς
792 441 1044 513 χρειώδη,
1069 439 1166 493 καὶ
1193 432 1266 494 ὧν
1308 441 1412 492 οὑκ
1441 437 1591 501 ἄνευ,
1626 434 1741 490 ἀλλ’
1795 433 1841 486 ὼ

1973 431 2220 486 dicamus
2247 430 2300 484 in
2339 430 2502 488 rebus
2524 425 2900 498 corporalibus
2927 427 3198 480 hominem
3225 444 3331 482 non
3369 430 3541 499 pluri-

279 537 532 609 περισσά
547 535 681 607 (Π).
696 532 851 588 οὑτω
867 531 1044 586 τοίνυν
1063 531 1160 585 καὶ
1173 528 1386 584 ἐπὶτῶν
1406 526 1692 598 θειοτέρων
1713 525 1841 596 χρείη

1971 524 2073 579 bus
2109 536 2244 593 opus
2277 522 2480 576 habere
2499 560 2515 585 ,
2546 519 2642 574 sed
2673 519 2758 573 his
2785 519 2960 572 solum
2991 533 3112 586 qua:
3142 519 3272 573 dicit
3311 521 3543 589 Aposto-

282 630 394 702 μὲν
424 629 555 700 ἡμῖν
569 627 678 680 τῶν
704 625 1027 694 εῐσαγόντων
1047 623 1128 687 είς
1146 622 1312 693 ζωὴν,
1343 620 1440 675 καὶ
1466 617 1762 673 ποιούντων
1789 611 1841 670 εἴ

1969 613 2053 669 lus
2081 613 2171 668 ’δε
2211 611 2514 668 «Habentes
2547 619 2728 666 autem
2763 611 2968 674 cibum,
3016 621 3070 665 et
3115 611 3538 681 operimentum,

277 737 376 775 ναι
412 723 473 774 ὲν
501 717 580 789 τῷ
607 717 835 786 λέγοντι·
890 735 909 769 ι
937 713 1080 784 Ἐγὼ
1109 715 1223 783 ειμι
1251 715 1286 784 ὴ
1311 712 1445 783 ζωήο
1485 729 1505 763 ι
1533 710 1602 764 τὰ
1636 710 1694 762 δὲ
1726 709 1868 780 ὑπὲρ

273 807 482 872 ταῦτα,
513 808 642 880 περὶ
666 800 742 861 ὧν
755 805 992 875 λέγεται,
1021 823 1039 856 ι
1062 803 1493 875 Κατατρύφησον
1515 800 1610 854 τοῦ
1635 800 1866 871 Κυρίου,

274 900 384 954 καὶ
427 899 586 954 δώσει
621 914 702 952 σοι
731 897 801 951 τά
832 898 1112 968 αἰτήματα
1140 895 1240 965 τῆς
1285 893 1514 964 καρδίας
1554 908 1672 955 σου,
1693 908 1713 943 ι
1765 891 1865 944 καὶ

273 993 390 1046 ὃσα
429 992 628 1044 νοεῖται
667 990 810 1045 κατά
847 989 940 1044 τὸν
991 988 1314 1061 παράδεισον
1363 985 1462 1056 τῆς
1507 983 1740 1056 τρυφῆς,
1766 983 1865 1036 καὶ

270 1082 378 1136 τὸν
417 1079 666 1145 πλοῦτον,
729 1081 826 1134 καὶ
863 1078 962 1151 τὴν
1010 1077 1194 1143 δόξαν,
1237 1076 1307 1130 τά
1347 1077 1406 1128 ὲν
1452 1073 1717 1144 ἀριστερᾷ
1762 1073 1862 1144 τῆς

275 1173 498 1243 σοφίας,
545 1171 684 1226 κατὰ
721 1172 812 1226 τὸν
857 1172 1106 1234 εἰπόντα,
1162 1168 1393 1238 ιΜῆκος
1427 1165 1538 1237 γὰρ
1583 1165 1721 1235 βίου,
1768 1164 1864 1217 καὶ

275 1265 384 1335 ἐτη
415 1264 559 1334 ξωῆς
591 1263 648 1316 ἐν
683 1266 746 1333 τῇ
781 1261 929 1334 δεξιᾷ
960 1261 1159 1332 αὐτῆς·
1191 1261 1251 1313 ὲν
1279 1259 1336 1312 δὲ
1365 1261 1432 1330 τῇ
1467 1258 1731 1329 ἀριστερᾷ
1761 1256 1860 1308 αὑ-

273 1355 386 1424 τῆς
399 1352 622 1416 πλοῦτος
643 1353 734 1406 κατ⁸
759 1352 904 1417 δόξα,
925 1371 944 1405 ι
973 1353 1112 1422 ὑπὲρ
1139 1351 1238 1422 τὴν
1265 1351 1453 1421 χρείαν
1483 1344 1621 1402 εἶναι
1642 1346 1856 1418 λεχθείη

273 1445 369 1498 ἂν.
398 1443 507 1497 Καὶ
534 1444 741 1514 μήποτε
771 1441 1009 1496 τοιοῦτόν
1038 1443 1154 1494 ἐστι
1186 1440 1247 1493 τὸ
1294 1438 1430 1510 μετά
1477 1439 1538 1492 τὸ
1563 1437 1859 1492 λούσασθαι

272 1534 536 1604 νίψασθαι
567 1535 694 1597 τοὺς
723 1533 892 1598 πόδας
924 1534 1028 1586 ὑπὸ
1053 1531 1146 1586 τοῦ
1181 1531 1496 1602 τηλικούτου
1529 1528 1850 1584 διδασκάλου

268 1628 374 1682 καὶ
404 1627 686 1698 Σωτῆρος·
719 1625 782 1679 τὸ
820 1623 930 1695 γὰρ
961 1623 1210 1695 χάρισμα
1245 1622 1340 1675 τοῦ
1380 1620 1513 1674 Θεοῦ
1555 1619 1856 1691 ὑπερπαίει

1969 705 2054 760 his
2079 703 2320 759 contenti
2345 718 2596 768 sumus“
2625 716 2744 771 qua:
2780 715 2908 755 vero
2941 701 3009 754 ad
3045 700 3266 754 divitias
3311 710 3364 753 et
3407 700 3542 755 deli—

1967 797 2077 852 cias
2113 798 2402 852 conferunt
2430 835 2446 860 ,
2472 809 2538 849 ex
2571 793 2868 848 abundanti
2911 793 3170 847 mollibus
3200 801 3254 846 et
3291 792 3542 847 delicatis

1964 903 2272 957 superesse,
2305 903 2412 943 non
2450 896 2712 956 tanquam
2743 887 3080 952 necessaria,
3108 896 3164 940 et
3197 884 3315 938 sine
3345 885 3542 954 quibus

1964 996 2069 1036 non
2121 980 2334 1050 possint
2388 981 2600 1046 vivere,
2645 979 2742 1033 sed
2789 986 3048 1046 tauquam
3095 974 3389 1047 superﬂua.
3450 977 3543 1030 Sic

1962 1071 2125 1141 igitur
2165 1081 2219 1128 et
2254 1071 2307 1126 in
2358 1069 2724 1126 divinioribus
2751 1083 2886 1136 opus
2912 1068 3128 1137 quidem
3163 1066 3318 1121 nobis
3346 1076 3431 1121 est
3457 1067 3542 1121 his

1961 1177 2080 1231 qua:
2105 1162 2456 1216 introducunt
2483 1161 2551 1214 ad
2585 1159 2786 1223 vitam,
2814 1158 3010 1226 hisque
3031 1173 3150 1227 qua:
3176 1156 3380 1212 faciunt
3405 1159 3542 1211 ineo

1962 1268 2061 1308 nos
2081 1267 2199 1308 esse
2222 1254 2311 1322 qui
2342 1253 2505 1309 dicit:
2533 1250 2680 1320 «Ego
2707 1265 2826 1305 sum
2853 1250 2960 1303 vita
2978 1250 3024 1280 ³⁵
3046 1267 3096 1315 ς»
3119 1265 3238 1318 qua:
3263 1266 3395 1305 vero
3412 1258 3540 1304 sunt

1959 1356 2122 1411 supra
2147 1343 2262 1398 hate
2282 1342 2556 1412 dequibus
2577 1340 2866 1404 dicitur",
2895 1357 2912 1389 ι
2930 1339 3192 1394 Deliciare
3217 1341 3266 1392 in
3290 1339 3536 1404 Domino,

1956 1431 2122 1502 419
2151 1442 2205 1488 et
2235 1433 2390 1487 dabit
2416 1433 2510 1486 tibi
2543 1431 2834 1501 petitiones
2877 1430 3056 1485 cordis
3093 1431 3189 1493 tui,
3241 1449 3259 1482 ι
3305 1440 3358 1485 et
3390 1447 3537 1499 quzc-

1957 1539 2173 1593 cunque
2186 1525 2600 1578 considemntur
2619 1529 2839 1592 propter
2855 1521 3170 1588 paradisum
3191 1521 3535 1584 deliciarum,

1955 1623 2008 1667 et
2032 1621 2252 1682 propter
2303 1613 2539 1675 divitias,
2590 1621 2648 1665 et
2695 1620 2920 1679 propter
2965 1609 3215 1678 gloriam,
3254 1629 3376 1680 qua:
3407 1625 3538 1670 sunt

264 1719 376 1790 τὴν
404 1685 615 1790 χρείαν,
635 1685 1052 1785 ίῦσπερ.
1084 1685 1226 1766 εἶναι
1257 1714 1314 1764 ὲν
1498 1685 1730 1782 ﬁliam-ﬁ
1761 1727 1841 1762 σε·

1957 1702 2008 1754 in
2041 1702 2263 1755 sinistra
2290 1700 2593 1769 sapientia},
2622 1700 2783 1767 juxta
2821 1699 3100 1753 dicentem
3126 1701 3173 1732 ⁰⁷
3209 1718 3226 1757 :
3279 1721 3298 1754 ι
3330 1703 3536 1774 Longi-

263 1807 466 1878 λήνης,
506 1806 538 1877 ἦ
569 1805 814 1876 ἀστέρων
837 1803 896 1857 ὲν
915 1805 980 1874 τῇ
1017 1803 1134 1873 ἱερᾷ
1159 1801 1268 1855 τῶν
1298 1801 1507 1871 νεκρῶν
1533 1798 1848 1854 ἀναστάσει.

267 1899 392 1951 Οὑκ
418 1897 530 1968 ἔχει
564 1897 664 1967 μὲν
693 1887 880 1966 χρείαν
907 1895 936 1947 6
964 1893 1223 1964 καθαρὸς,
1258 1893 1354 1945 καὶ
1385 1890 1738 1960 λουσάμενος,
1769 1889 1850 1942 νί-

265 1984 480 2054 ψασθαι
497 2001 510 2014 ·
539 1983 785 2036 νίπτεται
811 1981 868 2034 δὲ
898 1980 1038 2034 κατά
1064 1980 1126 2033 τὺ
1154 1978 1652 2052 προαποδεδομὲνον
1673 1994 1686 2007 ⁸
1725 1976 1851 2030 ἐπεὶ

273 2096 296 2128 ι
323 2075 406 2146 τῷ
428 2075 600 2145 ἔχοντι
626 2074 787 2127 παντὶ
811 2071 1261 2143 προστεθήσεταιο
1289 2090 1307 2123 ι
1336 2071 1430 2124 καὶ
1451 2071 1527 2133 ὡς
1549 2070 1578 2122 6
1599 2067 1848 2139 Ἰωάννης

268 2163 435 2236 φησί’
479 2184 496 2218 ι
519 2165 628 2218 Καὶ
648 2167 676 2218 6
707 2163 944 2234 καθαρὸς
979 2161 1364 2234 καθαρισθήτω
1395 2161 1495 2224 ἔτι,
1519 2162 1612 2215 καὶ
1643 2161 1672 2213 6
1695 2160 1848 2228 ἆγιος

269 2255 610 2326 ἁγιασθήτω.
635 2274 654 2307 ι
688 2255 761 2307 Τὸ
789 2255 868 2320 δὲ,
909 2273 928 2305 ι
965 2255 1153 2326 Ὑμεῖς
1176 2252 1404 2323 καθαροί
1427 2253 1605 2311 eccs,»
1642 2251 1846 2319 ἀναφέ-

268 2363 426 2413 ρεται
478 2347 570 2399 ἐπὶ
623 2346 750 2408 τοὺς
796 2345 1008 2408 ἕνδεκα,
1054 2339 1098 2412 ᾧ
1147 2343 1465 2414 ἐπιφέρεται
1513 2342 1607 2408 τὸ,
1674 2341 1846 2412 «Οὐχὶ

267 2435 492 2496 πάντες,
519 2453 540 2485 ι
585 2432 673 2485 διὰ
704 2433 796 2484 τὸν
843 2429 1221 2502 Ἰσκαριώτηνο
1258 2429 1373 2499 ᾔδει
1402 2429 1511 2500 γάρ
1541 2432 1632 2484 τὸν
1661 2447 1847 2502 παρα-

262 2526 474 2579 διδόντα
531 2523 694 2578 αὑτὸν
735 2525 835 2595 ἤδη
872 2525 999 2578 ὄντα
1046 2525 1108 2578 οὑ
1161 2524 1428 2596 καθαρόνο
1478 2523 1694 2596 πρῶτον
1746 2524 1846 2594 μὲν

261 2615 348 2667 ὅτι
407 2618 536 2688 περὶ
582 2617 692 2670 τῶν
739 2616 970 2687 πτωχῶν
1015 2617 1114 2669 οὑκ
1163 2616 1354 2686 ἔμελεν
1387 2616 1559 2687 αὑτῷ,
1593 2615 1708 2671 ἀλλ’
1759 2617 1844 2670 ὅτι

258 2705 502 2777 κλέπτης
527 2702 616 2778 ἦν,
652 2709 746 2760 καὶ
774 2708 834 2761 τὸ
857 2709 1240 2779 γλωσσόκομον
1269 2707 1410 2779 ἔχων
1440 2707 1507 2760 τά
1541 2705 1844 2777 βαλλόμενα

261 2797 556 2863 ἐϐάσταζεν
575 2815 588 2829 ο
623 2799 849 2869 ὕστερον
880 2799 936 2852 δὲ
975 2799 1119 2866 ἐπεὶ,
1150 2799 1366 2852 δείπνου
1411 2798 1717 2869 γινομένου,
1747 2798 1842 2851 τοῦ

260 2889 506 2942 διαϐόλου
539 2890 638 2962 ἤδη
675 2891 999 2961 βεϐληκότος
1045 2894 1126 2956 εἰς
1170 2892 1268 2961 τὴν
1301 2891 1550 2962 καρδίαν,
1600 2889 1688 2943 ἴνα
1731 2906 1840 2942 πα-

265 2977 408 3050 ραδῷ
438 2978 602 3032 αὑτὸν
641 2978 838 3042 Ἰούδας
861 2980 1105 3050 Σίμωνος
1151 2977 1524 3049 Ἰσκαριώτης,
1548 2978 1649 3030 οὑκ
1686 2975 1838 3030 ἀπώ-

1955 1791 2080 1844 tudo
2113 1792 2257 1846 enim
2285 1791 2430 1859 vitre,
2463 1801 2518 1846 et
2543 1793 2676 1848 anui
2708 1791 2833 1845 vita:
2867 1789 2921 1844 in
2953 1791 3180 1846 dextera
3207 1793 3326 1860 ejus
3353 1811 3368 1859 ;
3399 1797 3532 1851 etin

1950 1879 2167 1933 sinistra
2201 1880 2322 1950 ejus
2351 1881 2558 1936 divitiae
2589 1890 2643 1935 et
2669 1882 2866 1950 gloria,
2897 1901 2916 1934 ι
2949 1897 3114 1952 supra
3143 1885 3529 1940 necessitatem

1949 1983 2070 2023 esse
2095 1969 2366 2026 dicentur.
2416 1973 2496 2027 Ac
2538 1972 2772 2030 fortasse
2809 1975 2918 2029 tale
2963 1987 3070 2043 est,
3121 1991 3248 2030 cum
3295 1978 3535 2048 alicujus

1949 2058 2040 2127 qui
2091 2059 2234 2115 lotus
2280 2061 2462 2126 fuerit,
2492 2063 2748 2118 lavantur
2783 2065 2950 2132 pedes
2984 2083 3013 2120 a
3051 2067 3143 2122 tali
3180 2067 3437 2138 Magistro
3468 2085 3534 2126 ac

1951 2145 2245 2205 Servatore
2267 2165 2281 2216 ;
2319 2166 2445 2204 nam
2484 2153 2688 2226 donum
2722 2155 2816 2210 Dei
2848 2156 3072 2211 excellit
3125 2159 3532 2223 necessitatem,

1949 2242 2404 2312 quemadmodum
2428 2244 2596 2300 etiam
2619 2261 2739 2300 esse
2770 2247 2823 2302 in
2859 2248 3035 2317 gloria
3066 2250 3222 2318 solis,
3250 2254 3331 2306 vel
3365 2252 3531 2320 litum,

1946 2333 2035 2386 vel
2092 2344 2370 2389 astrorum
2420 2337 2504 2402 ³⁸,
2555 2338 2607 2391 in
2673 2353 2834 2393 sacra
2895 2354 3234 2397 mortuorum
3289 2361 3530 2402 resurre-

1947 2423 2165 2490 ctione;
2191 2435 2356 2496 atque
2385 2429 2478 2497 qui
2519 2433 2750 2488 mundus
2771 2442 2856 2488 est
2883 2434 3100 2504 quidem
3125 2445 3180 2491 et
3210 2436 3370 2501 lotus,
3397 2451 3532 2506 Opus

1947 2531 2051 2570 non
2115 2517 2278 2572 habet
2331 2529 2390 2574 ut
2441 2519 2672 2587 lavetur,
2725 2526 2819 2579 sed
2864 2525 3076 2592 IaVaIur
3125 2538 3348 2598 propter
3399 2529 3528 2584 illud

1945 2609 2086 2674 quod
2119 2613 2368 2680 superius
2393 2613 2814 2684 assignavimns,
2840 2619 3102 2674 nimirum
3139 2625 3282 2690 quod
3321 2640 3340 2672 ι
3373 2623 3525 2677 οιιιιιί

1943 2697 2166 2753 habenti
2210 2701 2450 2770 dabitur,
2491 2714 2546 2760 et
2599 2707 2887 2776 adjicictnr
2931 2710 2977 2742 θ’
3018 2728 3032 2777 ;
3087 2729 3105 2762 ι
3147 2721 3202 2766 et
3238 2724 3296 2766 ut
3349 2713 3528 2783 inquit

1942 2790 2180 2850 Joannes
2220 2814 2234 2850 :
2272 2817 2289 2844 ι
2328 2796 2392 2850 Et
2426 2800 2660 2854 mundus
2715 2801 3005 2856 mundetur
3054 2803 3254 2866 adhuc,
3306 2815 3362 2858 et
3401 2819 3526 2858 san-

1942 2892 2062 2941 ctus
2092 2889 2466 2944 sanctilicetur
2501 2891 2678 2946 adhuc
2703 2894 2744 2951 ί.
2770 2910 2788 2942 ι
2816 2894 3084 2949 Caeterum
3137 2895 3266 2951 illud
3298 2936 3312 2960 ,
3365 2916 3384 2950 ι
3417 2899 3524 2956 Vos

1941 2979 2126 3057 mundi
2162 2979 2295 3035 estis
2317 2983 2362 3044 ²,
2407 3000 2426 3033 ι
2475 2984 2711 3040 refertur
2754 2986 2822 3040 ad
2855 2985 3127 3050 undecim,
3165 2988 3250 3040 cui
3295 2991 3523 3057 subjun-

266 3086 396 3123 σατο
427 3069 487 3123 τὸ
511 3069 857 3142 βεϐλημένον.
887 3073 1089 3144 Διόπερ
1113 3074 1163 3126 oi
1192 3072 1292 3143 μὲν
1316 3071 1638 3142 λουσάμενοι
1663 3071 1836 3124 καθα-

1944 3053 2082 3133 gitur
2111 3069 2244 3125 illud
2280 3111 2296 3132 ,
2348 3089 2367 3124 ι
2411 3072 2529 3126 Non
2558 3089 2770 3142 omnes,
2826 3094 2847 3128 ι
2885 3087 3107 3147 propter
3151 3053 3517 3137 lscariotczn:

266 3161 348 3232 ροὶ
375 3161 589 3226 ἕνδεκα,
618 3160 698 3216 ἔτι
726 3159 972 3230 ἐγένοντο
993 3162 1686 3236 καθαρώτεροι,νιψάμενοι
1710 3164 1838 3227 τοὺς

1944 3170 2174 3216 noverat
2223 3164 2366 3217 enim
2415 3180 2560 3230 eum,
2604 3181 2634 3220 a
2681 3183 2788 3236 quo
2847 3171 3188 3234 tradebatur.
3237 3187 3345 3226 non
3402 3189 3522 3228 esse

260 3254 430 3316 πόδας
471 3253 576 3306 ὑπὸ
615 3253 709 3308 τοῦ
753 3254 926 3324 Ἰησοῦ
949 3272 962 3286 ο
994 3257 1022 3308 ό
1057 3255 1115 3309 δὲ
1159 3257 1260 3328 ήδη
1304 3255 1377 3327 μὴ
1425 3253 1659 3326 καθαρὸς
1707 3255 1840 3309 Ἰού-

1945 3254 2205 3306 mundum
2232 3271 2248 3319 ;
2275 3255 2507 3322 primum
2546 3259 2785 3327 quidem,
2821 3261 2965 3330 quod
2997 3277 3263 3331 pauperes
3305 3263 3379 3317 illi
3415 3281 3520 3320 non

260 3343 356 3406 δας
387 3344 433 3413 (ι
467 3343 525 3396 '0
561 3343 802 3414 ῥυπαρὸς
825 3361 845 3395 ο
877 3343 1006 3415 γάρ,
1062 3347 1213 3415 φησὶ,
1255 3363 1273 3396 ι
1305 3346 1630 3417 ῥυπανθήτω
1670 3343 1750 3398 ἔτι
1785 3345 1834 3416 ι)

1944 3352 2123 3398 essent
2161 3359 2305 3399 cura:
2333 3345 2373 3410 ³,
2399 3344 2486 3400 fur
2519 3363 2642 3402 cum
2690 3361 2860 3417 esset,
2905 3362 2960 3406 et
3003 3355 3148 3422 quod
3183 3357 3519 3426 marsupiutn

259 3436 450 3504 γέγονε
479 3434 860 3508 ρυπαρώτερος
882 3436 973 3490 καὶ
995 3437 1321 3510 ἀκάθαρτος,
1351 3438 1440 3492 ὅτε
1467 3437 1603 3510 μετὰ
1629 3437 1691 3492 τὸ
1714 3436 1833 3508 ψω-

1944 3435 2169 3502 hahens,
2197 3452 2316 3506 qum
2343 3438 2781 3496 inunittehantnr
2813 3443 3052 3499 auferret
3084 3461 3100 3510 ;
3135 3447 3329 3508 deinde
3375 3449 3520 3518 quod

262 3527 383 3597 μίον
414 3523 659 3596 εἰσῆλθεν
685 3527 715 3578 6
751 3526 1011 3590 Σατανᾶς.
1537 3544 1543 3550 ·

1944 3540 2096 3580 coena
2135 3527 2276 3581 facta
2318 3543 2441 3583 cum
2489 3529 2599 3600 jam
2649 3533 2900 3588 diabolus
2949 3535 3272 3590 immisisset
3324 3537 3377 3590 in
3425 3553 3522 3594 cor

265 3619 428 3687 ipsius
449 3616 600 3671 Iudae
626 3615 860 3672 Simonis
877 3619 1148 3674 lscariotze
1171 3628 1230 3674 ut
1262 3620 1515 3690 proderet
1533 3617 1740 3684 Jesum,
1762 3632 1866 3672 non
1894 3617 2090 3686 repulit
2112 3616 2394 3674 ferientem
2417 3620 2460 3674 ⁸.
2483 3620 2746 3685 Quocirca
2772 3622 2869 3676 loti
2898 3624 3147 3678 undecim
3182 3626 3347 3681 etiam
3371 3642 3528 3682 mun-

259 3711 438 3765 diores
461 3710 585 3765 facti
611 3709 782 3775 fuere,
807 3726 929 3765 cum
954 3711 1170 3766 illorum
1193 3715 1354 3778 pedes
1382 3712 1598 3767 lavisset
1627 3709 1786 3766 Jesus
1810 3725 1827 3774 ;
1857 3718 1912 3765 et
1937 3708 2106 3765 ludas
2135 3725 2241 3765 non
2277 3711 2508 3766 mundus
2530 3712 2577 3784 (ι
2605 3712 2868 3769 Sordidus
2900 3711 3103 3782 benitn,
3126 3715 3322 3786 inquit,
3360 3733 3381 3769 ι
3400 3732 3520 3773 sor-

258 3803 678 3861 descatadliuc'
709 3823 728 3856 ι
755 3804 797 3875 ),
847 3804 1021 3860 factus
1057 3813 1138 3860 est
1174 3807 1440 3861 sordidior
1476 3814 1532 3860 et
1564 3805 1910 3870 immundior,
1961 3805 2180 3874 quando
2214 3815 2334 3874 post
2369 3805 2665 3861 buccellam
2699 3806 2920 3861 intravit
2950 3808 3002 3862 iu
3039 3807 3186 3864 illum
3221 3808 3455 3866 Satanas
3473 3811 3516 3865 ⁸.

327 3901 380 3954 7.
423 3919 442 3951 ι
464 3901 591 3954 Ὅτε
623 3895 715 3953 οῦν
741 3898 886 3970 ἕνιψε
901 3901 1028 3964 τοὺς
1055 3900 1222 3965 πόδας
1247 3901 1444 3964 αὑτῶν,
1472 3901 1565 3956 καὶ
1577 3899 1734 3954 ἔλαϐε
1761 3898 1830 3952 τά

260 3993 447 4061 ἱμάτια
496 3991 684 4055 αὑτοῦ,
731 3991 823 4044 καὶ
872 3991 1103 4045 ἀνέπεσε
1125 4032 1140 4054 ,
1195 3993 1355 4046 πάλιν
1408 3989 1560 4046 εἶπεν
1613 3992 1822 4054 αὐτοῖς’

261 4081 554 4136 Γινώσκετε
597 4083 648 4136 τί
698 4083 972 4153 πεποίηκα
1015 4085 1179 4154 ὑμῖν;
1240 4083 1475 4136 Φωνεῖτὲ
1533 4100 1622 4154 με,
1669 4085 1698 4137 6
1732 4084 1824 4136 At-

2006 3899 2062 3952 7.
2107 3917 2127 3951 ι
2158 3898 2449 3968 Postquam
2492 3915 2622 3970 ergo
2652 3900 2778 3955 lavit
2817 3901 2984 3971 pedes
3013 3904 3510 3973 eorum,receptis-

1933 4003 2039 4060 que
2067 3989 2309 4043 vestibus
2339 3991 2454 4044 suis
2485 3991 2677 4044 iterum
2709 3991 2987 4058 accubuit,
3019 3991 3158 4048 dixit
3187 3994 3266 4049 eis
3294 4013 3308 4049 :
3343 3993 3512 4050 Scitis

1929 4082 2058 4152 quid
2097 4080 2324 4136 fecerint
2365 4082 2570 4136 vobis?
2599 4081 2701 4136 Vos
2739 4083 2950 4137 vocatis
2991 4100 3078 4140 tne
3104 4084 3417 4154 Magistrum
3444 4101 3510 4140 ac

259 4174 536 4239 δάσκιλος,
567 4175 661 4228 καὶ
687 4174 715 4225 6
741 4173 964 4245 Κύριος,
979 4175 1073 4228 καὶ
1096 4174 1275 4238 καλῶς
1299 4175 1485 4243 λέγετε
1510 4191 1524 4205 ·
1549 4175 1664 4245 εἰμὶ
1690 4173 1818 4244 γάρ·

1944 4173 2236 4235 Dominum,
2277 4181 2330 4226 et
2364 4172 2502 4226 bene
2554 4173 2733 4226 dicitis
2780 4187 2794 4235 ;
2848 4189 2972 4227 smn
3024 4175 3226 4228 etenim
3256 4192 3271 4228 :
3299 4175 3344 4228 si
3374 4190 3506 4244 ergo

261 4269 305 4320 εἰ
335 4263 424 4321 οὖν
455 4266 566 4335 ἐγὼ
597 4266 752 4336 ἔνιψα
787 4267 942 4338 ὑμῶν
984 4267 1108 4332 τοὺς
1157 4268 1338 4334 πόδας,
1379 4269 1409 4321 6
1447 4266 1649 4339 Κύριος
1676 4265 1771 4319 καὶ
1795 4267 1825 4318 6

1944 4261 2030 4316 avi
2061 4261 2225 4330 pedes
2258 4270 2469 4318 vestros
2517 4261 2780 4316 Dominus
2823 4271 2878 4316 et
2928 4261 3202 4332 Magister,
3237 4277 3337 4316 vos
3365 4279 3504 4330 quo-

262 4357 709 4422 Διδάσκαλος,καὶ
735 4357 890 4429 ὑμεῖς
915 4359 1157 4429 ὀφείλετε
1187 4360 1432 4432 ἀλλήλων
1459 4359 1666 4413 νίπτειν
1697 4359 1826 4421 τοὺς

262 4449 414 4512 πόδας
432 4468 470 4492 ’κ
493 4450 796 4522 ὑπόδειγμα
837 4451 944 4524 γὰρ
974 4450 1146 4505 ἔδωκα
1181 4452 1331 4521 ὑμῖνο
1371 4452 1461 4504 ἵνα
1501 4450 1683 4514 καθὼς
1711 4448 1822 4518 ἐγὼ

263 4540 478 4611 ἐποίησα
505 4541 653 4612 ὑμῖν,
681 4543 776 4595 καὶ
808 4543 963 4613 ὑμεῖς
985 4542 1191 4613 ποιῆτε.
1217 4561 1234 4592 ι
1258 4542 1416 4605 Εἰκὸς
1445 4542 1569 4604 τοὺς
1597 4542 1825 4613 νοήσαν-

261 4645 350 4692 τας
373 4629 430 4682 τὸ
461 4629 688 4701 μέγεθος
729 4631 826 4702 τῆς
870 4629 1045 4701 Ἰησοῦ
1085 4628 1384 4700 δυνάμεως,
1427 4629 1519 4682 καὶ
1563 4628 1826 4689 συνέντας

261 4713 308 4766 τί
337 4715 618 4786 πεποίηκε,
649 4715 808 4786 νίψας
835 4718 958 4781 τοὺς
986 4717 1154 4779 πόδας
1181 4715 1288 4768 τῶν
1315 4715 1590 4786 μαθητῶν,
1619 4717 1705 4769 ἵνα
1729 4716 1826 4770 καὶ

261 4807 323 4861 τὰ
349 4807 644 4866 τελευταῖα.
683 4809 774 4862 καὶ
817 4809 885 4862 τὰ
933 4810 1162 4879 τυχόντα
1208 4806 1390 4861 αὐτῶν
1441 4806 1654 4880 καθάρῃ
1685 4808 1825 4860 ἀπο-

263 4899 470 4962 πλύνας,
505 4901 599 4952 καὶ
627 4899 694 4953 τά
723 4902 787 4971 τῇ
831 4903 902 4972 γῇ
948 4899 1236 4971 ὁμιλοῦντα
1272 4900 1518 4971 σώματα,
1553 4893 1632 4953 ὧν
1656 4893 1724 4969 ἦν
1753 4895 1823 4950 τά

264 4989 474 5061 σώματα
502 4993 683 5045 ἐκεῖνα
714 4991 999 5062 σύμϐολον,
1035 4991 1417 5064 θαυμάσαντας
1446 4989 1508 5042 τὸ
1549 4992 1606 5042 ὲν
1647 4991 1712 5059 τῇ
1741 4987 1820 5040 νίς

259 5080 338 5151 ψει
365 5081 544 5152 ἔργον,
573 5083 672 5135 οὑκ
715 5081 782 5136 ἂν
815 5082 1078 5155 τολμῆσαι
1104 5085 1196 5138 καὶ
1220 5085 1413 5148 αὐτοὺς
1443 5083 1505 5137 τὸ
1535 5081 1820 5152 τηλικοῦτο

262 5173 469 5244 πρᾶξαι,
520 5173 874 5247 μικροτέρους
920 5172 1056 5230 εἶναι
1092 5175 1410 5248 νομίζοντας
1459 5176 1684 5246 ἑαυτοὺς
1724 5172 1820 5226 τοῦ

319 5265 361 5297 ³⁸
389 5264 405 5318 Ι
432 5266 572 5322 Tim.
601 5284 674 5331 νι,
699 5271 752 5326 8.
826 5270 871 5304 ⁸⁵
903 5269 1052 5324 ioan.
1082 5273 1263 5337 31,25.
1339 5273 1384 5305 "
1413 5271 1554 5327 Psal.
1589 5287 1768 5331 xxxvs.
1802 5269 1854 5324 6.

1923 4368 2030 4424 que
2079 4352 2288 4407 debetis
2343 4353 2575 4407 invicem
2621 4353 2714 4407 alii
2765 4352 2998 4406 aliorum
3056 4351 3243 4405 lavare
3290 4355 3501 4422 pedes:

1922 4443 2222 4513 exemplum
2277 4443 2419 4498 enim
2453 4443 2659 4512 praebui
2706 4443 2882 4507 vobis,
2936 4451 2994 4496 ut
3041 4441 3502 4510 quemadmodum

1923 4548 2023 4604 ego
2050 4534 2151 4589 feci
2188 4534 2366 4599 vobis,
2421 4549 2519 4588 vos
2575 4548 2790 4603 quoque
2827 4532 3043 4588 faciatis
3072 4533 3118 4586 ".
3149 4552 3170 4586 ι
3215 4532 3502 4588 Probabile

1925 4634 2006 4678 est
2041 4638 2134 4680 eos
2163 4625 2253 4693 qui
2286 4625 2729 4680 considerassent
2775 4623 3203 4692 magnitudinem
3246 4624 3502 4693 potentia:

1925 4715 2073 4782 Jesu,
2114 4716 2320 4784 quique
2351 4716 2750 4771 intellexissent
2798 4715 2926 4784 quid
2977 4714 3181 4769 facttnn
3230 4714 3424 4770 fuisset
3469 4732 3499 4769 a

1923 4809 2072 4873 Jesu,
2104 4810 2196 4879 qui
2225 4809 2429 4865 lavavit
2454 4811 2620 4880 pedes
2649 4809 3065 4878 discipulorum,
3099 4819 3158 4864 ut
3187 4808 3407 4864 ultimas
3429 4825 3496 4865 ac

1927 4901 2066 4957 viles
2095 4901 2335 4970 ipsorum
2369 4911 2579 4972 partes,
2627 4917 2688 4958 ac
2723 4917 2952 4972 corpora
3003 4901 3154 4956 humi
3201 4901 3496 4966 versantia,

1924 5007 2157 5063 quorum
2188 5003 2310 5049 nota
2341 5004 2497 5050 erant
2534 4993 2623 5049 illa
2652 5009 2912 5064 corpora,
2967 4995 3278 5062 mundaret,
3326 4994 3498 5048 admi-

1927 5098 2078 5142 ratos
2109 5103 2246 5158 opus
2275 5102 2306 5144 e
2356 5088 2628 5143 lavatione
2679 5088 3037 5159 provenieus,
3077 5088 3495 5157 haudquaquam

1927 5189 2158 5232 ausuros
2185 5175 2354 5233 fuisse
2392 5193 2505 5232 rem
2555 5178 2717 5233 talem
2766 5179 2928 5233 etiam
2984 5178 3133 5247 ipsos
3166 5179 3368 5244 facere,
3416 5186 3496 5232 te-

1928 5271 1972 5339 {7
1999 5270 2152 5326 Prov.
2185 5287 2270 5334 ιιι.
2295 5271 2376 5327 l6.
2455 5273 2502 5305 ’⁸
2527 5273 2544 5326 l
2565 5273 2690 5328 Cor.
2716 5289 2802 5339 XV,
2827 5273 2916 5329 ﬂ.
2981 5273 3024 5305 ’τ’
3051 5272 3236 5327 Mallil-
3258 5289 3381 5338 XXV.
3401 5273 3490 5329 99·

265 5337 620 5413 ξᾼροικ-ξιιι,
667 5339 753 5394 ll.
831 5337 1022 5394 'Joau.
1057 5356 1176 5408 xm,
1229 5343 1309 5396 ιι).
1385 5340 1587 5397 'Joau.
1621 5356 1720 5408 λιι,
1759 5340 1812 5394 6.

1944 5337 2084 5395 loan.
2138 5341 2341 5406 xm,2.
2417 5344 2631 5413 'Apoc.
2685 5337 2821 5410 xm,
2855 5343 2940 5398 11.
3018 5337 3490 5410 ‘Joan.xm,27.

262 5403 280 5435 ⁷
303 5406 423 5458 ibid.
451 5406 517 5459 12
538 5421 654 5462 seu.

322 5425 423 5458 ιιιιι.
451 5425 517 5459 ιι
538 5425 616 5462 εει
640 5446 654 5461 .

320 5501 424 5570 (l'l)
452 5504 560 5574 Κᾳὶ
586 5425 671 5556 t'o'r
692 5503 802 5557 οὐκ
833 5503 1000 5568 ἄνευ,
1034 5505 1171 5560 ἀλλ’
1193 5506 1274 5571 ὡς
1305 5505 1584 5574 περισσά.
1611 5505 1802 5562 Perio-

1911 5504 2125 5574 possiut
2158 5503 2501 5574 viveretsed
2537 5512 2793 5574 tauquam
2843 5505 3151 5574 superﬂua;
3187 5521 3206 5556 ι
3273 5505 3490 5560 videtur

262 5565 368 5648 nius
397 5565 462 5648 ex
495 5573 662 5648 Regio
699 5575 902 5648 codice,
950 5565 1072 5648 ret
1103 5565 1325 5648 quibus
1354 5565 1458 5630 u'ou
1516 5579 1633 5648 sine
1683 5575 1806 5630 aliis

1944 5575 2108 5642 egisse
2131 5573 2240 5648 _xat_l._
2262 5565 2338 5624 ὧν
2363 5571 2493 5626 ἄνευ
2519 5573 2617 5627 οὑκ
2645 5565 2710 5631 ἂν
2728 5565 2976 5632 δύναιντο
3012 5565 3222 5648 διαζῆν,
3264 5575 3379 5630 ἀλλ’
3411 5575 3486 5640 ὡς

263 5641 539 5698 abundent.
573 5641 599 5696 ί
626 5646 694 5699 At
741 5642 1027 5700 Ferrarius
1055 5684 1069 5709 ,
1121 5641 1138 5698 ἱ
1185 5656 1236 5701 et
1287 5646 1403 5702 sine
1466 5646 1659 5717 quibus
1698 5661 1804 5700 non

1944 5641 2168 5716 περισσά.
2202 5642 2461 5700 "ut-inus.
