3866 6200
441 259 544 314 737
1891 269 2002 327 0R]

2105 273 2211 329 NIS
3539 287 3632 346 ἐδδ

440 375 660 431 nuiores
689 391 749 433 se
775 391 895 435 esse
923 378 1328 448 existimantes,
1362 396 1524 452 quam
1557 384 1648 454 qui
1685 397 1903 456 possent
1931 389 2002 445 la-

2110 394 2316 447 νίπτειν
2336 393 2464 459 τοὺς
2487 396 2648 460 πόδας
2669 395 2766 450 τοῦ
2785 396 2892 450 ἔσω
2917 397 3011 450 καὶ
3033 398 3090 450 ὲν
3118 399 3342 470 κρυπτῷ
3364 399 3630 474 ἀνθρώπου,

439 481 570 521 vare
597 471 759 537 pedes
789 469 1076 524 interiores
1107 479 1162 525 et
1189 471 1390 527 occulti
1418 474 1680 540 hominis,
1713 477 1795 530 vel
1815 492 2002 532 eorum

437 558 533 626 qui
586 558 704 612 haec
747 561 1145 629 amplectuntur
1201 562 1295 618 Dei
1348 565 1633 634 dogmata,
1685 566 1850 638 520
1899 571 2003 624 nisi

447 647 608 702 Jesus
637 664 734 716 per
769 665 830 704 ea
859 665 979 719 quae
1008 653 1252 722 exposita
1280 665 1426 724 sunt,
1465 657 1532 711 ad
1567 658 1668 713 hoc
1691 660 2005 716 adhortatus

437 740 628 794 fuisset
681 756 793 807 eos,
853 743 1020 814 ﬁgura
1072 750 1342 803 eoenantis
1389 761 1742 821 reassumpta,
1791 755 2005 823 quando

438 833 699 886 docturus
726 844 841 890 erat
872 851 933 890 ea
972 853 1091 906 qum
1120 839 1377 894 dicuntur
1409 842 1474 895 ad
1507 856 1600 898 eos
1631 843 1718 914 qui
1745 844 1855 914 jam
1891 861 2002 902 cor.-

438 930 652 976 narant.
687 923 864 992 Atque
895 941 1104 982 summa
1155 929 1374 998 quidem
1429 927 1768 999 austeritate,
1799 935 2002 996 oratio-

440 1027 615 1082 neque
643 1015 708 1068 ad
737 1017 1134 1074 admonendum
1159 1021 1398 1078 maxime
1426 1025 1837 1081 accommodata
1870 1026 2004 1098 (quo

438 1116 796 1172 agnoscerent
837 1111 979 1178 quod
1012 1121 1191 1166 actum
1216 1112 1412 1183 fuerat)
1446 1115 1646 1170 dictum
1681 1127 1802 1172 est:
1838 1135 1860 1170 ‹
1886 1117 2004 1173 Sci-

381 1235 384 1237 .
436 1193 507 1248 tis
537 1195 666 1263 quid
705 1197 926 1254 fecerim
972 1203 1258 1256 vobis”:
1309 1205 1540 1259 Verbum
1599 1217 1778 1262 autem
1833 1211 2002 1277 scitis,

435 1298 533 1350 per
562 1286 1044 1359 interrogationem
1096 1293 1378 1361 legendum
1409 1304 1511 1358 est,
1556 1306 1614 1352 ut
1639 1299 1892 1354 ostendat
1926 1301 2002 1356 rei

433 1382 600 1442 gesta:
628 1377 1090 1449 magnitudinem;
1117 1382 1202 1436 vel
1238 1384 1560 1453 imperantis
1593 1388 1770 1456 modo,
1807 1405 2004 1460 cogno-

434 1465 581 1528 scite,
633 1467 700 1520 ad
753 1470 1096 1526 excitandum
1147 1472 1363 1529 illorum
1411 1479 1847 1550 intelligentiam,
1899 1497 2002 1551 qua

434 1555 586 1610 illum
655 1572 1045 1627 cognoscerent
1103 1568 1494 1633 perpendentes
1585 1570 1714 1639 quid
1793 1581 2001 1640 gestum

2107 484 2140 554 ἢ
2173 485 2280 538 τῶν
2309 486 2377 540 τὰ
2408 486 2547 540 αὐτὰ
2577 485 2970 559 ἀσπαζομένων
2994 489 3088 543 τοῦ
3117 489 3254 542 Θεοῦ
3280 491 3632 567 δόγματαίιὸ),

2107 576 2156 627 εἰ
2190 576 2264 646 μὴ
2290 577 2318 628 6
2350 577 2552 646 Ἰησοῦς
2576 579 2664 632 διὰ
2685 579 2793 633 τῶν
2825 579 3155 651 ἐκκειμένων
3183 582 3276 634 ἐπὶ
3302 581 3450 636 τοῦτο
3472 587 3636 653 αὐτοὺς

2108 666 2498 738 προετρέψατο,
2519 669 2580 722 τὸ
2604 669 2786 741 σχῆμα
2805 670 2898 724 τοῦ
2914 671 3276 738 δειπνοῦντος,
3299 674 3385 726 ὅτε
3406 674 3640 732 διδάσκειν

2107 756 2302 820 αὐτοὺς
2334 758 2532 828 ἤμελλε
2560 760 2951 832 δειπνήσαντας
2969 762 3037 816 τὰ
3055 763 3345 834 λεγόμενα,
3372 765 3638 821 ἀναλαϐών

2106 845 2602 918 δυσωπητικὼτατα
2661 851 2759 921 μὲν
2805 851 2936 924 γὰρ,
2980 855 3071 907 καὶ
3101 857 3194 909 ἐπὶ
3226 856 3325 928 τὴν
3358 859 3546 926 γνῶσιν
3567 862 3642 914 τοῦ

2106 938 2386 1007 γινομένου
2408 939 2927 1013 προτρεπτικώτατα
2950 944 3196 999 λέλεκται
3210 947 3271 1000 τό
3285 965 3297 977 ·
3331 967 3352 999 ι
3371 949 3643 1004 Γινώσκετε

2105 1029 2158 1082 τί
2190 1032 2463 1103 πεποίηκα
2506 1033 2668 1101 ὐμίν;
2695 1053 2712 1086 ι
2747 1035 2886 1108 ὅπερ
2923 1036 3038 1106 ἦτοι
3082 1037 3505 1110 ὲρωτηματικῶς
3536 1043 3644 1098 ἀνα-

2107 1123 2394 1191 γνωστέον,
2442 1125 2507 1178 ἴν’
2539 1123 2841 1198 έμιρήναιτο
2869 1127 2962 1181 τοῦ
2997 1131 3289 1200 γενομένου
3323 1133 3384 1186 τὸ
3415 1134 3641 1204 μέγεθος·

2105 1214 2138 1284 ἢ
2169 1216 2598 1286 προστακτικῶς,
2627 1218 2714 1270 ἵνα
2750 1219 2929 1272 αὐτῶν
2959 1219 3198 1294 διεγείρῃ
3247 1223 3338 1276 τὸν
3368 1225 3484 1278 νοῦν
3507 1227 3577 1290 είς
3595 1227 3644 1282 τὸ

2105 1305 2192 1358 διὰ
2215 1305 2307 1359 τοῦ
2341 1307 2629 1377 ἐπιστῆσαι
2659 1309 2738 1380 τῷ
2766 1311 2910 1382 ἔργῳ
2939 1311 3122 1368 λαϐεῖν
3152 1315 3317 1368 αὐτοῦ
3338 1316 3434 1387 τὴν
3451 1319 3637 1386 γνῶσιν.

2105 1397 2613 1453 Διδασκαλικώτατα
2639 1401 2695 1453 δὲ
2726 1402 2862 1472 μετὰ
2891 1403 2982 1458 τοῦ
3015 1405 3394 1477 δυσωπητικοῦ
3429 1410 3639 1466 λέλεκται

2105 1485 2164 1538 τό
2183 1503 2197 1516 ·
2232 1506 2248 1538 ι
2284 1487 2473 1558 Ὑμεῖς
2493 1493 2718 1558 φωνεῖτέ
2749 1510 2836 1563 με,
2857 1496 2886 1546 6
2903 1494 3246 1561 Διδάσκαλος,
3266 1501 3361 1552 καὶ
3392 1503 3420 1554 6
3448 1503 3635 1573 Κύριος,

2106 1577 2199 1629 καὶ
2230 1577 2409 1641 καλῶς
2439 1578 2646 1648 λέγετε,
2681 1583 2794 1653 εἰμὶ
2831 1583 2956 1654 γάρ·
2983 1587 3033 1638 εἰ
3063 1581 3157 1640 οῦν
3187 1587 3298 1655 ἐγὼ
3342 1585 3492 1655 ἔνιψα
3515 1592 3637 1655 ὑμῶν

437 1646 647 1701 fuisset.
701 1647 925 1703 Summa
963 1662 1145 1706 autem
1183 1655 1419 1724 Magistri
1475 1661 1804 1716 auctoritate
1853 1677 1994 1717 sum-

2104 1668 2229 1732 τοὺς
2260 1669 2444 1733 πόδας,
2475 1646 2520 1724 6'
2543 1646 2765 1743 Κύριος,
2814 1646 2920 1728 καὶ,
2951 1677 2979 1730 6
3001 1646 3345 1743 Διδάσκαλος,
3386 1646 3474 1732 κέλ
3511 1646 3645 1750 ῧίιεῖὶ

437 1749 636 1803 maqne
661 1738 829 1790 animi
871 1739 1171 1797 intentione
1209 1746 1564 1812 persuadendi
1608 1747 1748 1814 illos,
1802 1751 2000 1806 dictum

2104 1727 2342 1826 ὀφείλετε
2364 1759 2606 1831 ἀλλήλων
2627 1727 2832 1817 νίπτειν
2854 1767 2979 1829 τοὺς
3002 1768 3184 1831 πόδας.
3211 1787 3228 1819 ι
3261 1771 3322 1822 '0
3344 1769 3439 1839 μὲν
3463 1727 3636 1841 Ἰηιίῶῦς

433 1835 515 1878 est
544 1846 557 1881 :
597 1847 616 1879 ι
650 1827 759 1883 Vos
790 1834 1000 1886 vocatis
1033 1848 1117 1888 me
1143 1835 1456 1906 Magistrum
1497 1855 1558 1894 ac
1611 1842 1916 1911 Dominum,
1949 1853 2004 1900 et

437 1917 572 1971 bene
594 1919 806 1980 dicitis;
847 1937 964 1975 sum
1009 1927 1206 1980 etenim
1249 1947 1263 1983 :
1309 1934 1353 1986 si
1388 1951 1516 2006 ergo
1567 1952 1666 2008 ego
1697 1937 1799 1990 lavi
1838 1938 2002 2006 pedes

433 2022 650 2066 vestros
682 2011 936 2085 Magister
988 2026 1043 2070 et
1085 2017 1370 2091 Dominus,
1426 2040 1478 2084 et
1523 2046 1620 2086 vos
1656 2033 1866 2088 debetis
1908 2033 2000 2088 alii

436 2101 668 2156 aliorum
703 2105 887 2161 lavare
916 2110 1078 2177 pedes
1104 2114 1146 2166 ⁸.
1181 2132 1199 2164 ι
1235 2114 1392 2171 Lavit
1415 2121 1628 2190 quidem
1654 2121 1814 2178 Jesus
1838 2124 2001 2178 disci-

433 2193 680 2258 pulorum
720 2199 902 2264 pedes,
937 2210 1209 2268 quatenus
1233 2220 1420 2260 eorum
1455 2209 1711 2281 Magister
1753 2229 1766 2279 ;
1815 2214 2006 2282 pedes-

431 2299 538 2351 qne
582 2298 894 2357 servorum,
928 2303 1199 2360 quatenus
1246 2296 1506 2356 Dominus
1553 2312 1690 2357 erat.
1745 2304 2002 2360 Doctrina

432 2375 575 2427 enim
605 2389 866 2447 purgatur
898 2383 1074 2452 pulvis
1116 2388 1207 2456 qui
1247 2403 1315 2443 ex
1371 2401 1513 2445 terra
1547 2392 1817 2465 rebusque
1849 2411 2004 2450 mun-

431 2464 588 2519 danis
613 2479 951 2540 contractus,
1004 2491 1109 2530 non
1157 2478 1226 2533 ad
1270 2480 1417 2536 aliud
1445 2464 1900 2556 pertingitiquam
1938 2489 2004 2543 ad

431 2563 707 2614 extreiuas
737 2561 1066 2634 intimasque
1098 2580 1280 2636 partes
1306 2571 1691 2642 discipulorum
1718 2596 1732 2631 :
1761 2577 2006 2632 domina-

435 2645 582 2701 tione
614 2665 743 2705 vero
771 2653 1130 2724 principatum
1156 2667 1210 2712 et
1242 2669 1562 2729 potestatem
1595 2667 1868 2733 habentis,
1911 2671 2006 2725 ab-

427 2737 695 2804 jiciuntur
717 2757 778 2797 ea
810 2760 930 2813 qua:
959 2750 1122 2817 pedes
1167 2753 1451 2823 inquinant
1481 2775 1671 2814 eorum
1703 2760 1796 2829 qui
1827 2761 2005 2816 adhuc

430 2827 516 2880 vel
551 2829 772 2899 vulgare
807 2849 870 2888 ac
898 2837 1277 2912 qualecunque
1320 2846 1793 2918 inquinamentum
1833 2853 2002 2906 susci-

2105 2869 2225 2923 μαι,
2254 2852 2336 2904 ὅτι
2362 2827 2694 2923 ἐπιδέχονται
2716 2827 2829 2924 ίίθ)
2867 2854 2928 2907 τὸ
2957 2853 3163 2908 δεῖσθαι
3205 2855 3305 2925 τῆς
3336 2827 3440 2909 άπὸ
3566 2854 3636 2908 Aio

434 2917 611 2983 piunt,
647 2922 774 2989 quia
809 2925 1106 2984 etiamnum
1141 2917 1664 3008 liabcantispiritum
1703 2942 2002 3001 servitutis.

2104 2917 2368 2996 δασκάλου
2394 2917 2588 3013 νίψεως
2614 2945 2663 2996 οἱ
2693 2917 2852 3008 πόδες
2880 2945 2988 2998 τῶν
3021 2917 3296 3016 μαθητῶν,
3320 2948 3439 3000 ὅσον
3455 2946 3640 3000 οὐδέπω

430 3008 542 3063 Nec
577 3011 716 3068 ullus
763 3019 1021 3076 cordatus
1080 3024 1324 3082 dicturus
1370 3039 1455 3083 est
1491 3029 1696 3098 Iesum,
1738 3047 2002 3103 quatenus

2106 3036 2357 3108 εἰλήφασι
2399 3008 2468 3089 1:6
2516 3037 2777 3108 ἀρκετὸν,
2826 3037 2938 3091 ἀλλ’
2984 3008 3063 3090 ἔτι
3117 3008 3391 3091 λείπουσιν
3438 3040 3511 3101 είς
3557 3038 3636 3090 τόο

1273 3079 1319 3082 η
1492 3079 1696 3098 ,,---.-,
1740 3079 2002 3103 η.....ν.....,

427 3101 655 3167 ostium,
684 3106 766 3160 vel
797 3120 1066 3177 quatenus
1098 3126 1304 3184 pastor,
1340 3120 1420 3174 vel
1451 3131 1719 3190 quatenus
1763 3126 2002 3183 medicus

2106 3079 2411 3200 ῗηίρκετὺν
2442 3129 2520 3198 τῷ
2554 3079 2788 3200 μαθητῇί
2817 3130 2902 3182 ἵνα
2941 3129 3164 3201 γένηται
3191 3129 3266 3192 ὡς
3296 3131 3325 3182 6
3353 3128 3636 3192 διδάσκαλος

429 3195 538 3251 est,
576 3190 976 3260 discipulorum
1013 3212 1066 3255 et
1097 3218 1381 3261 servorum
1426 3208 1612 3264 lavare
1659 3213 1844 3282 pedes.
1890 3217 2001 3285 Ego

2104 3190 2288 3271 αὐτοῦ.
2315 3239 2334 3271 ι
2371 3190 2502 3274 Καὶ.
2524 3190 2861 3283 τοῦτο’τέλος
2893 3190 3008 3274 ἐστὶ
3035 3190 3095 3273 μέδ
3125 3190 3260 3292 πρὸς
3298 3222 3386 3275 τὸν
3423 3190 3636 3292 μαθητὴᾷ

429 3291 559 3333 vero
585 3283 844 3350 arbitror,
883 3291 1137 3356 quoniam
1165 3295 1556 3362 discipulorum
1601 3301 1766 3370 pedes
1815 3283 2001 3363 neces-

2104 3309 2194 3362 τοῦ
2225 3309 2562 3374 διδασκάλου,
2663 3310 3000 3374 διδάσκαλος,
3033 3283 3256 3380 ποιῆσαι
3287 3313 3377 3365 τὸν

430 3372 648 3426 sitatem
676 3376 948 3446 recipiunt
987 3390 1044 3435 ut
1089 3399 1117 3437 a
1162 3384 1424 3455 Magistro
1456 3389 1724 3460 laventur,
1760 3397 1997 3452 nondum

2104 3399 2175 3464 ὡς
2201 3401 2411 3466 ἑαυτὸν,
2443 3403 2530 3455 ἵνα
2550 3372 2745 3472 μηκέτι
2771 3372 3074 3473 δέηταιήτοῦ
3095 3372 3434 3466 διδασκάλου,
3515 3372 3636 3454 δίδά-

432 3465 748 3533 percepisse
795 3469 937 3536 quod
990 3471 1099 3526 illis
1141 3485 1286 3529 esset
1331 3478 1506 3544 satis;
1553 3481 1646 3535 sed
1697 3483 1996 3540 etiamnum

2104 3489 2315 3554 σκαλος,
2360 3491 2407 3543 εί
2443 3465 2739 3554 καὶ-ἄλλως
2767 3465 2878 3563 (ξο.)
2925 3493 3088 3546 αὐτοῦ
3136 3465 3518 3564 δεήσεται.’ὄς
3545 3492 3638 3563 γὰρ

427 3556 617 3622 procul
644 3557 834 3613 abesse
867 3560 934 3614 ab
969 3562 1057 3616 illo
1091 3565 1237 3618 dicto
1266 3584 1279 3620 :
1318 3585 1338 3618 ι
1375 3569 1583 3625 Suliicit
1616 3573 1912 3644 discipulo,
1950 3579 1995 3632 si

2104 3578 2248 3642 τέλος
2273 3579 2366 3631 τοῦ
2395 3579 2599 3650 ίατροῦ,
2626 3573 2686 3634 οὗ
2714 3579 2972 3652 χρῄζουσι
3005 3581 3100 3652 μὲν
3132 3582 3181 3634 οἱ
3211 3583 3397 3646 κακῶς
3428 3583 3632 3651 ἔχοντες,

427 3647 500 3700 sit
554 3648 750 3704 similis
791 3655 1108 3722 praeceptori
1159 3656 1328 3724 ipsius
1362 3659 1426 3712 ¹⁰.
1468 3679 1486 3712 ι
1534 3661 1713 3733 Atque
1759 3666 1844 3720 hic
1875 3683 1998 3736 pro-

2104 3669 2155 3721 οὐ
2191 3668 2378 3740 χρείαν
2411 3669 2468 3722 δὲ
2488 3647 2819 3739 ’ἔχουσιν-τοί*
2851 3647 3121 3741 ἰσχύοντες
3150 3672 3354 3742 ἰατροῦ,
3377 3671 3435 3725 τὸ
3455 3647 3632 3725 παῦσαι

429 3737 572 3792 lecto
619 3739 741 3795 nnis
773 3753 856 3796 est
887 3746 1133 3815 magistri
1163 3763 1292 3818 erga
1325 3751 1647 3821 discipulum
1699 3753 1997 3826 (quatenus

2104 3737 2430 3825 τοὺς-κακῶς
2460 3737 2680 3832 ἔχοντας
2702 3761 2810 3814 ἀπὸ
2832 3737 2938 3814 τοῦ*
2951 3761 3136 3821 κακῶς
3164 3737 3330 3834 ἔχειν,
3355 3765 3439 3818 ἵνα
3462 3763 3630 3834 μηκέτι

432 3834 692 3898 magister
720 3837 836 3905 est)
865 3837 1046 3894 facere
1074 3841 1401 3913 discipulum
1437 3846 1519 3900 sui
1550 3847 1802 3916 similem,
1841 3865 1908 3906 ue
1939 3852 1992 3906 in

2104 3849 2260 3903 αὑτοῦ
2293 3850 2594 3921 χρῄζωσινο
2626 3848 2949 3932 οὓτω-τέλος
2967 3850 3286 3905 διδασκάλου
3315 3853 3629 3924 περιποιῆσαι

430 3929 706 3984 posterum
741 3935 896 3992 egeat
927 3931 1188 3998 magistro
1233 3949 1248 3998 ;
1299 3934 1392 3988 sed
1445 3944 1504 3990 ut
1547 3937 1712 3992 etiam
1766 3938 1882 4008 ipse
1925 3938 1997 3994 sit

2104 3939 2169 4012 τῷ
2205 3941 2416 4013 μαθητῇ
2449 3941 2509 3994 τὸ
2533 3929 2820 4012 λεγόμενον
2846 3942 3074 4014 ἀρκετὸν
3092 3943 3286 4016 ἐντῷη
3310 3943 3546 4015 Ἀρκετδν

429 4010 690 4078 magister
733 4027 838 4080 quo
885 4015 1025 4072 alius
1071 4031 1246 4089 egeat.
1299 4023 1370 4080 Ut
1412 4027 1556 4081 enim
1622 4029 1749 4085 ﬁnis
1798 4031 1991 4087 medici

2104 4010 2447 4104 uaenrmi’va
2475 4010 2698 4104 γένηται
2719 4032 2794 4097 ὡς
2826 4035 2854 4087 6
2885 4010 3215 4098 *διδάσκαλος
3238 4010 3626 4108 αὑτοῦιυερὶδὲ

425 4099 572 4166 (quo
605 4111 766 4166 egent
787 4104 877 4169 qui
907 4106 1046 4161 male
1069 4108 1289 4176 habent,
1315 4129 1418 4168 non
1444 4117 1534 4186 qui
1563 4118 1726 4174 validi
1757 4133 1884 4175 sunt
1916 4122 1990 4192 ")

2104 4099 2184 4178 τοῦ
2219 4099 2466 4197 ὲωτῆρος
2487 4099 2647 4188 τόντος
2674 4125 2878 4196 Κυρίου
2901 4125 3125 4180 αὐτόθεν
3149 4126 3330 4181 πλεῖον
3358 4127 3496 4181 ἔστιν
3523 4099 3626 4177 ίδεῖν

425 4196 514 4240 est
549 4201 744 4245 sanare
776 4193 916 4248 male
952 4195 1214 4254 habentes
1243 4202 1309 4256 ab
1333 4205 1654 4272 aegritudine
1686 4224 1804 4274 sua,
1834 4227 1902 4267 ne
1939 4213 1990 4268 in

2104 4217 2242 4288 παρὰ
2262 4193 2388 4280 τοὺς
2414 4217 2604 4280 ἄλλους
2627 4193 2864 4286 κυρίους,
2899 4217 2972 4289 μὴ
3003 4217 3359 4289 βουλομένους
3393 4221 3474 4273 ἵνα
3496 4217 3627 4287 γίνη-

429 4288 705 4345 posterum
735 4297 896 4351 opera
932 4287 1050 4357 ejus
1080 4303 1273 4360 egeant
1305 4311 1320 4361 ;
1363 4296 1444 4351 sic
1472 4296 1594 4352 linis
1627 4301 1870 4372 magistri
1903 4314 1988 4360 est

2104 4287 2184 4361 ται
2209 4308 2284 4372 ὼς
2316 4311 2344 4362 6
2373 4308 2690 4371 διδάσκαλος
2717 4307 2828 4379 (21)
2857 4309 2886 4362 6
2904 4287 3178 4382 μαθητὴς,
3213 4311 3270 4381 ἢ,
3309 4311 3383 4376 ὡς
3417 4311 3444 4364 6
3469 4309 3627 4381 κύριος

425 4369 688 4439 discipulo
739 4375 1025 4445 acquirere
1079 4379 1206 4437 illud
1259 4385 1398 4454 quod
1447 4369 1872 4462 dpxe:6v,ihoc
1905 4405 1988 4451 est

2104 4398 2122 4450 5
2157 4369 2340 4462 δοῦλος
2365 4399 2550 4454 αὑτοῦ.
2600 4369 2849 4463 Τοιοῦτος
2879 4369 2936 4452 δέ
2965 4400 2994 4452 6
3024 4369 3423 4473 τῆςνπατρικῆς
3459 4369 3627 4469 ἀγαθό-

428 4462 991 4537 su/ﬁciem,]dicitur,
1021 4477 1080 4525 ut
1130 4489 1252 4528 cum
1297 4476 1596 4549 discipulus
1644 4481 1696 4536 id
1743 4482 1994 4542 habuerit

2104 4506 2250 4560 τητος
2281 4489 2374 4542 καὶ
2404 4490 2503 4560 τῆς
2539 4492 2759 4564 ἀγάπης
2787 4462 2951 4546 αυτοῦ
2983 4462 3126 4554 υἱός-ο
3163 4462 3514 4564 Κύριοςνγὰρ
3545 4490 3624 4551 ὢν,

425 4553 571 4622 quod
605 4555 708 4610 sibi
735 4558 952 4628 suﬂicit,
997 4563 1070 4618 sit
1114 4565 1309 4626 similis
1355 4573 1672 4642 praeceptori
1703 4575 1891 4644 ipsius.
1920 4578 1992 4633 At

2104 4553 2430 4654 ἐνειργάζετο
2458 4553 2573 4646 τοῖς
2587 4553 2794 4646 δούλοις
2822 4581 2884 4636 τὸ
2909 4581 3158 4650 γενέσθαι
3182 4553 3264 4646 ὡς.
3289 4585 3317 4636 6
3339 4581 3527 4654 Κύριος
3549 4580 3627 4632 αὒ-

423 4658 557 4700 vero
586 4649 728 4716 quod
757 4657 822 4706 ad
855 4652 1201 4714 Servatorem
1230 4671 1470 4719 nostrum
1500 4666 1697 4722 attinet
1724 4669 1991 4726 exsisten-

2104 4649 2218 4736 τῶν,
2249 4672 2337 4724 ὅτε
2365 4673 2546 4725 οὐκέτι
2570 4672 2748 4738 ἕξουσι
2773 4673 2833 4727 τὸ
2861 4649 3078 4743 πνεῦμα
3111 4672 3210 4743 τῆς
3232 4649 3465 4734 δουλείας
3491 4668 3627 4721 πόλιν

423 4744 531 4789 tem
559 4738 868 4809 Dominum,
901 4761 1126 4804 cernere
1174 4763 1259 4808 est
1305 4769 1429 4810 eum
1474 4772 1540 4812 ex
1576 4773 1636 4814 se
1675 4759 1833 4832 longe
1870 4762 1990 4833 plus

2104 4761 2170 4824 είς
2199 4760 2382 4830 φόϐον,
2423 4763 2559 4817 ἀλλὰ
2598 4763 2856 4834 λήψονται
2892 4762 2954 4815 τὸ
2997 4738 3213 4832 πνεῦμα
3241 4761 3338 4831 τῆς
3365 4759 3624 4819 υἱοθεσίας,

424 4832 692 4889 exsistere
750 4852 912 4906 quam
967 4841 1058 4896 alii
1109 4843 1336 4914 domini,
1388 4849 1636 4907 nolentes
1695 4832 1988 4923 discipulos

2104 4866 2145 4902 ιν
2175 4843 2219 4918 ᾧ
2247 4852 2562 4922 κράξουσιν·
2604 4871 2623 4904 ι
2652 4832 2840 4917 Ἃϐϐᾶ,
2871 4855 2900 4905 6
2923 4852 3131 4922 Πατήρ.
3148 4870 3165 4901 ι
3190 4851 3323 4921 Πρὶν
3345 4847 3432 4904 οῦν
3452 4849 3625 4916 γένων-

421 4937 544 4978 esse
572 4925 715 4979 sicut
753 4929 1039 4999 magistros
1083 4948 1210 4990 suos
1237 4974 1251 4998 ,
1284 4937 1367 4993 vel
1401 4954 1588 4996 servos
1634 4943 1777 4997 sicut
1808 4941 1979 4998 domi-

2104 4957 2177 4994 ται
2201 4941 2276 5005 ὡς
2301 4943 2328 4995 6
2344 4939 2690 5008 Διδάσκαλος,
2708 4944 2799 4996 καὶ
2822 4945 2848 4996 6
2870 4941 3090 5014 Κύριος,
3119 4940 3324 4994 δέονται
3346 4941 3438 5011 τῆς
3457 4939 3625 5006 νίψεως

423 5030 544 5069 nos.
599 5015 744 5073 Talis
774 5021 939 5091 igitur
965 5033 1048 5078 est
1077 5025 1162 5080 ille
1185 5025 1344 5098 42],
1380 5029 1520 5086 [ilius
1553 5040 1792 5101 paterna:
1831 5033 1985 5087 boni-

2104 5031 2193 5085 τῶν
2235 5032 2428 5098 ποδῶν,
2471 5033 2546 5098 ὡς
2587 5034 2785 5098 ἐνδεεῖς
2815 5033 2921 5087 τῶν
2963 5032 3242 5105 μαθητῶν,
3275 5034 3365 5087 καὶ⁸
3392 5033 3461 5094 ὡς
3483 5026 3621 5081 ἔτιτὸ

422 5109 551 5164 tatis
577 5118 630 5164 et
661 5112 944 5168 charitatis
965 5115 1102 5185 ejus.
1128 5117 1392 5176 Dominus
1417 5123 1561 5176 enim
1588 5137 1710 5176 cum
1734 5124 1824 5187 sit,
1853 5137 1984 5192 epe-

2104 5121 2302 5193 τνεῦμα
2328 5125 2429 5194 τῆς
2455 5125 2697 5189 δουλείας
2725 5125 2940 5196 ἔχοντες
2983 5127 3064 5188 εἰς
3097 5123 3288 5193 φόϐον·
3319 5123 3448 5177 ἐπὰν
3473 5120 3522 5173 δέ
3553 5131 3620 5177 τις

421 5206 574 5253 ratus
625 5208 708 5254 est
757 5211 815 5255 ut
869 5204 980 5260 sint
1029 5206 1171 5261 servi
1214 5207 1355 5263 sicut
1405 5223 1597 5264 eorum
1661 5209 1920 5266 Dominus
1963 5229 1978 5277 ;

2104 5214 2261 5269 ιὺτῶν
2286 5216 2512 5313 κατόδτὸ
2533 5217 2760 5289 ἀρκετὸν
2783 5217 2861 5288 τῷ
2895 5216 3131 5288 μαθητῇ,
3166 5216 3255 5271 ἵνα
3278 5216 3486 5286 γένηται
3510 5209 3574 5272 ὡς
3595 5205 3620 5259 δ

489 5337 510 5368 ⁸
537 5337 692 5396 Joan.
734 5358 857 5410 xm,
897 5344 983 5400 12.
1059 5347 1082 5378 ⁹
1121 5347 1249 5405 ibid.
1283 5349 1364 5418 l5,
1402 5351 1489 5410 l6.
1569 5351 1612 5383 ¹⁰
1636 5350 1987 5422 Matth.x,‘25

2124 5356 2312 5412 Matth.
2336 5374 2413 5423 ιχ,
2442 5357 2528 5412 19..

490 5453 602 5524 (18)
638 5458 813 5544 ροιιεκ
840 5461 1061 5547 Regius,
1083 5467 1387 5538 δογμάτων.

490 5524 602 5562 nm
627 5531 803 5562 (ml..-
832 5533 1028 5562 υ,........
1080 5537 1442 5562 ι--.ιςι----.---

2151 5494 2175 5510 ρ

2390 5546 2404 5562 ι
2519 5544 2585 5562 n,
2633 5546 2646 5558 ο
2805 5549 2818 5562 ο
2867 5547 2890 5562 ιι
2917 5546 2969 5562 θ’
3085 5544 3105 5562 κ
3166 5561 3171 5562 ,
3280 5543 3295 5562 Q
3325 5560 3336 5562 Α
3387 5541 3402 5562 ι
3440 5535 3608 5562 πλη..

627 5529 804 5618 Ξοάει
817 5524 1463 5618 Ἰξρξίιιεξ-ὲπὲὶδέχοντ-αι.
1561 5609 1574 5618 .
1772 5611 1783 5618 _
1928 5611 1940 5618 -

2104 5524 2471 5618 ’-δῦ-(ξοδεχ
2519 5544 2737 5618 Regius,
2796 5549 2824 5602 6
2863 5544 3214 5611 διδάσκαλος,
3265 5543 3338 5608 ὡς
3380 5541 3408 5596 ὁ
3439 5535 3606 5608 Κύριος

490 5595 604 5664 (20)
632 5597 780 5681 ἰξιδεη
810 5595 983 5681 ἄλλος,
1024 5595 1076 5659 et
1107 5609 1189 5681 sic
1204 5595 1331 5681 _i_p'.§c
1362 5603 1674 5681 Ferrarius,
1695 5611 1783 5679 qui
1818 5611 1977 5678 paulo

2104 5595 2268 5672 ιύτοῦί
2293 5613 2562 5681 Τοιοῦτος.

418 5680 581 5734 supra
638 5667 832 5736 legisse
891 5674 1118 5744 videtur,
1167 5667 1300 5732 ἀλλὰ
1326 5680 1419 5735 καὶ
1454 5667 1676 5756 αὐτὸςῇ
1715 5667 1979 5738 ’διδάσκασ

2103 1940 2342 2005 καὶτοὺς
2368 1943 2530 2007 πόδας
2550 1943 2656 1998 τῶν
2687 1945 2905 2007 δούλων,
3005 1949 3205 2020 Κύριος
3231 1947 3319 2022 ἦν.
3350 1954 3644 2026 Διδασκαλία.

2101 2031 2210 2104 γὰρ
2231 2034 2258 2085 ὁ
2287 2033 2393 2086 ἀπὺ
2419 2035 2522 2105 γῆς
2545 2036 2638 2088 καὶ
2659 2037 2768 2090 τῶν
2797 2039 3074 2108 κοσμικῶν
3101 2043 3439 2112 πραγμάτων
3464 2063 3638 2116 κονιορ-

2101 2124 2210 2189 τὸς,
2248 2123 2464 2192 φθάνων
2500 2126 2599 2179 οὐκ
2627 2128 2718 2180 ἐπὶ
2743 2127 2870 2182 ἄλλο
2899 2147 2952 2181 τι
3041 2132 3133 2184 ἐπὶ
3165 2131 3230 2185 τὰ
3261 2133 3531 2189 τελευταῖα
3562 2138 3640 2190 καὶ

2103 2214 2173 2267 τὰ
2197 2215 2346 2270 κάτω
2371 2216 2480 2270 τῶν
2515 2217 2789 2289 μαθητῶν,
2829 2221 3286 2292 ἀποκαθαίρεται·
3317 2226 3446 2280 ἀλλὰ
3483 2229 3565 2280 καὶ
3583 2230 3646 2297 τῇ.

2102 2307 2384 2378 κυριότητι
2419 2310 2513 2362 τοῦ
2562 2310 2840 2381 ἄρχοντος,
2894 2313 3297 2379 ὲξουσιάζοντος
3333 2317 3456 2380 τῶν,
3493 2318 3569 2371 διὰ
3588 2320 3638 2373 τὸ

2101 2395 2180 2450 ἐτι
2211 2397 2360 2468 ἔχειν.
2391 2400 2455 2452 τὸ
2490 2401 2588 2472 τῆς
2625 2401 2868 2466 δουλείας
2896 2404 3132 2474 πνεῦμα,
3182 2407 3289 2460 κᾶν
3311 2407 3401 2460 τὸν
3441 2410 3644 2479 τυχόντα

2105 2485 2376 2557 μολυσμὸν
2419 2487 2498 2542 ἔτι
2525 2488 2850 2559 δεχομένων,
2888 2490 2958 2543 τὰ
2995 2492 3288 2562 μολύνοντα
3335 2496 3456 2558 τοὺς
3502 2495 3640 2558 πόδας

2103 2578 2482 2632 ἀποϐάλλεται.
2509 2581 2618 2634 Καὶ⁴
2639 2582 2738 2636 οὐκ
2758 2583 2822 2637 ἄν
2843 2599 2926 2645 τις
2961 2583 3236 2654 εὐφρονῶν
3263 2585 3432 2654 λέγοι,
3524 2586 3638 2656 θύρα

2102 2669 2238 2734 ἐστὶ,
2276 2669 2368 2722 τὸν
2415 2669 2704 2744 Ἰησοῦν,ἥ
2822 2673 3042 2745 ποιμὴν,
3083 2672 3116 2744 ἢ
3234 2676 3435 2746 ἰατρὸς,
3461 2677 3638 2729 νίπτειν

2101 2761 2226 2823 τοὺς
2253 2760 2420 2824 πόδας
2444 2761 2554 2814 τῶν
2581 2761 2838 2834 μαθητῶν
2875 2764 2969 2816 καὶ
3010 2763 3228 2817 δούλων.
3269 2764 3408 2834 Ἐγὼ
3433 2766 3474 2819 δ’
3497 2766 3636 2836 ἡγοῦ-

2102 1847 2249 1917 ἕνιψε
2277 1850 2403 1914 τοὺς
2439 1851 2606 1915 πόδας
2629 1852 2737 1908 τῶν
2766 1854 3042 1926 μαθητῶν,
3071 1852 3446 1930 ᾖΔιδάσκαλος
3471 1862 3651 1926 αὐτῶν
