  <div class='ocr_page' id='page_1' title='image "/cluster/home/n/w/nwhite01/storage/ocr_20150623/14/hvd.32044073501363/390.png"; bbox 0 0 3924 6196; ppageno 0'>
   <div class='ocr_carea' id='block_1_1' title="bbox 269 280 376 342">
    <p class='ocr_par' dir='ltr' id='par_1_1' title="bbox 269 280 376 342">
     <span class='ocr_line' id='line_1_1' title="bbox 269 280 376 342; baseline 0.019 -2"><span class='ocrx_word' id='word_1_1' title='bbox 269 280 376 342; x_wconf 68' lang='grc'><strong>’769</strong></span> 
     </span>
    </p>
   </div>
   <div class='ocr_carea' id='block_1_2' title="bbox 1261 291 2498 352">
    <p class='ocr_par' dir='ltr' id='par_1_2' title="bbox 1261 291 2498 352">
     <span class='ocr_line' id='line_1_2' title="bbox 1261 291 2498 352; baseline 0.002 -2"><span class='ocrx_word' id='word_1_2' title='bbox 1261 291 1618 350; x_wconf 78' lang='lat' dir='ltr'><strong>COMMENT.</strong></span> <span class='ocrx_word' id='word_1_3' title='bbox 1663 293 1730 347; x_wconf 86' lang='lat' dir='ltr'><strong>IN</strong></span> <span class='ocrx_word' id='word_1_4' title='bbox 1767 293 1963 350; x_wconf 77' lang='lat' dir='ltr'><strong>JOAN.</strong></span> <span class='ocrx_word' id='word_1_5' title='bbox 2003 293 2242 351; x_wconf 85' lang='lat' dir='ltr'><strong>TOMUS</strong></span> <span class='ocrx_word' id='word_1_6' title='bbox 2282 294 2498 352; x_wconf 76' lang='lat' dir='ltr'><strong>XXX&quot;.</strong></span> 
     </span>
    </p>
   </div>
   <div class='ocr_carea' id='block_1_3' title="bbox 3431 303 3536 358">
    <p class='ocr_par' dir='ltr' id='par_1_3' title="bbox 3431 303 3536 358">
     <span class='ocr_line' id='line_1_3' title="bbox 3431 303 3536 358; baseline 0 0"><span class='ocrx_word' id='word_1_7' title='bbox 3431 303 3536 358; x_wconf 82' lang='lat'><strong>770</strong></span> 
     </span>
    </p>
   </div>
   <div class='ocr_carea' id='block_1_4' title="bbox 265 401 1825 487">
    <p class='ocr_par' dir='ltr' id='par_1_4' title="bbox 265 401 1824 485">
     <span class='ocr_line' id='line_1_4' title="bbox 265 401 1824 485; baseline 0.006 -26"><span class='ocrx_word' id='word_1_8' title='bbox 265 401 582 470; x_wconf 79' lang='grc' dir='ltr'>διδάσκαλος</span> <span class='ocrx_word' id='word_1_9' title='bbox 610 406 796 472; x_wconf 86' lang='grc' dir='ltr'>αὑτοῦ,</span> <span class='ocrx_word' id='word_1_10' title='bbox 833 409 930 462; x_wconf 78' lang='grc' dir='ltr'>καὶ</span> <span class='ocrx_word' id='word_1_11' title='bbox 958 409 988 463; x_wconf 91' lang='lat'><strong>6</strong></span> <span class='ocrx_word' id='word_1_12' title='bbox 1025 409 1212 474; x_wconf 90' lang='grc' dir='ltr'>δοῦλος</span> <span class='ocrx_word' id='word_1_13' title='bbox 1255 410 1331 475; x_wconf 84' lang='grc' dir='ltr'>ὡς</span> <span class='ocrx_word' id='word_1_14' title='bbox 1365 413 1395 465; x_wconf 93' lang='lat'><strong>6</strong></span> <span class='ocrx_word' id='word_1_15' title='bbox 1429 413 1617 485; x_wconf 87' lang='grc' dir='ltr'>κύριος</span> <span class='ocrx_word' id='word_1_16' title='bbox 1656 413 1824 468; x_wconf 78' lang='grc' dir='ltr'>αὑτοῦ</span> 
     </span>
    </p>
   </div>
   <div class='ocr_carea' id='block_1_5' title="bbox 1929 401 3531 487">
    <p class='ocr_par' dir='ltr' id='par_1_5' title="bbox 1950 411 3531 487">
     <span class='ocr_line' id='line_1_5' title="bbox 1950 411 3531 487; baseline 0.006 -21"><span class='ocrx_word' id='word_1_17' title='bbox 1950 412 2169 482; x_wconf 84' lang='lat' dir='ltr'><strong>quando</strong></span> <span class='ocrx_word' id='word_1_18' title='bbox 2235 411 2445 468; x_wconf 91' lang='lat' dir='ltr'><strong>scilicet</strong></span> <span class='ocrx_word' id='word_1_19' title='bbox 2497 426 2604 468; x_wconf 91' lang='lat' dir='ltr'><strong>non</strong></span> <span class='ocrx_word' id='word_1_20' title='bbox 2666 411 2898 482; x_wconf 82' lang='lat' dir='ltr'><strong>amplius</strong></span> <span class='ocrx_word' id='word_1_21' title='bbox 2941 415 3219 472; x_wconf 89' lang='lat' dir='ltr'><strong>habebunt</strong></span> <span class='ocrx_word' id='word_1_22' title='bbox 3274 417 3531 487; x_wconf 77' lang='lat' dir='ltr'><strong>spiritum</strong></span> 
     </span>
    </p>
   </div>
   <div class='ocr_carea' id='block_1_6' title="bbox 263 497 1846 578">
    <p class='ocr_par' dir='ltr' id='par_1_6' title="bbox 263 497 1846 578">
     <span class='ocr_line' id='line_1_6' title="bbox 263 497 1846 578; baseline 0.008 -28"><span class='ocrx_word' id='word_1_23' title='bbox 263 497 492 569; x_wconf 81' lang='grc' dir='ltr'>γένηται</span> <span class='ocrx_word' id='word_1_24' title='bbox 531 499 607 564; x_wconf 86' lang='grc' dir='ltr'>ὡς</span> <span class='ocrx_word' id='word_1_25' title='bbox 637 501 666 554; x_wconf 81' lang='lat'><strong>6</strong></span> <span class='ocrx_word' id='word_1_26' title='bbox 694 501 1010 566; x_wconf 85' lang='grc' dir='ltr'>διδάσκαλος</span> <span class='ocrx_word' id='word_1_27' title='bbox 1042 501 1230 570; x_wconf 83' lang='grc' dir='ltr'>αὐτοῦ,</span> <span class='ocrx_word' id='word_1_28' title='bbox 1260 503 1357 558; x_wconf 73' lang='grc' dir='ltr'>καὶ</span> <span class='ocrx_word' id='word_1_29' title='bbox 1387 505 1415 557; x_wconf 97' lang='lat'><strong>6</strong></span> <span class='ocrx_word' id='word_1_30' title='bbox 1441 506 1630 578; x_wconf 88' lang='grc' dir='ltr'>κύριος</span> <span class='ocrx_word' id='word_1_31' title='bbox 1657 509 1846 573; x_wconf 81' lang='grc' dir='ltr'>αὐτοῦ,</span> 
     </span>
    </p>
   </div>
   <div class='ocr_carea' id='block_1_7' title="bbox 261 588 1849 667">
    <p class='ocr_par' dir='ltr' id='par_1_7' title="bbox 261 588 1849 667">
     <span class='ocr_line' id='line_1_7' title="bbox 261 588 1849 667; baseline 0.009 -25"><span class='ocrx_word' id='word_1_32' title='bbox 261 588 387 644; x_wconf 82' lang='grc' dir='ltr'>τότε</span> <span class='ocrx_word' id='word_1_33' title='bbox 415 593 755 664; x_wconf 86' lang='grc' dir='ltr'>μιμήσασθαι</span> <span class='ocrx_word' id='word_1_34' title='bbox 776 593 998 650; x_wconf 89' lang='grc' dir='ltr'>δύναται</span> <span class='ocrx_word' id='word_1_35' title='bbox 1017 596 1108 650; x_wconf 81' lang='grc' dir='ltr'>τὸν</span> <span class='ocrx_word' id='word_1_36' title='bbox 1137 597 1369 667; x_wconf 73' lang='grc' dir='ltr'>νίψαντα</span> <span class='ocrx_word' id='word_1_37' title='bbox 1391 601 1518 664; x_wconf 83' lang='grc' dir='ltr'>τοὺς</span> <span class='ocrx_word' id='word_1_38' title='bbox 1550 601 1716 666; x_wconf 85' lang='grc' dir='ltr'><strong>πόδας</strong></span> <span class='ocrx_word' id='word_1_39' title='bbox 1740 602 1849 656; x_wconf 87' lang='grc' dir='ltr'><strong>τῶν</strong></span> 
     </span>
    </p>
   </div>
   <div class='ocr_carea' id='block_1_8' title="bbox 268 681 1850 766">
    <p class='ocr_par' dir='ltr' id='par_1_8' title="bbox 268 681 1850 766">
     <span class='ocr_line' id='line_1_8' title="bbox 268 681 1850 766; baseline 0.009 -32"><span class='ocrx_word' id='word_1_40' title='bbox 268 681 548 754; x_wconf 78' lang='grc' dir='ltr'><strong>μαθητῶν,</strong></span> <span class='ocrx_word' id='word_1_41' title='bbox 595 686 690 740; x_wconf 73' lang='grc' dir='ltr'>καὶ</span> <span class='ocrx_word' id='word_1_42' title='bbox 735 686 888 758; x_wconf 72' lang='grc' dir='ltr'>νῖψαι</span> <span class='ocrx_word' id='word_1_43' title='bbox 930 690 1057 754; x_wconf 83' lang='grc' dir='ltr'>τοὺς</span> <span class='ocrx_word' id='word_1_44' title='bbox 1107 689 1270 755; x_wconf 84' lang='grc' dir='ltr'>πόδας</span> <span class='ocrx_word' id='word_1_45' title='bbox 1317 692 1426 745; x_wconf 89' lang='grc' dir='ltr'><strong>τῶν</strong></span> <span class='ocrx_word' id='word_1_46' title='bbox 1470 692 1731 766; x_wconf 76' lang='grc' dir='ltr'><strong>μαθητῶν</strong></span> <span class='ocrx_word' id='word_1_47' title='bbox 1773 696 1850 759; x_wconf 87' lang='grc' dir='ltr'>ὡς</span> 
     </span>
    </p>
   </div>
   <div class='ocr_carea' id='block_1_9' title="bbox 261 773 1848 858">
    <p class='ocr_par' dir='ltr' id='par_1_9' title="bbox 261 773 1848 858">
     <span class='ocr_line' id='line_1_9' title="bbox 261 773 1848 858; baseline 0.008 -29"><span class='ocrx_word' id='word_1_48' title='bbox 261 773 293 829; x_wconf 79' lang='grc'>6</span> <span class='ocrx_word' id='word_1_49' title='bbox 326 775 662 843; x_wconf 83' lang='grc' dir='ltr'>διδάσκαλος,</span> <span class='ocrx_word' id='word_1_50' title='bbox 688 779 747 833; x_wconf 80' lang='grc' dir='ltr'>ὃν</span> <span class='ocrx_word' id='word_1_51' title='bbox 771 782 799 833; x_wconf 92' lang='lat'><strong>6</strong></span> <span class='ocrx_word' id='word_1_52' title='bbox 819 780 952 846; x_wconf 85' lang='grc' dir='ltr'><strong>Θεὸς</strong></span> <span class='ocrx_word' id='word_1_53' title='bbox 978 782 1166 847; x_wconf 75' lang='grc' dir='ltr'>ἔταξεν</span> <span class='ocrx_word' id='word_1_54' title='bbox 1193 785 1250 835; x_wconf 80' lang='grc' dir='ltr'>ὲν</span> <span class='ocrx_word' id='word_1_55' title='bbox 1276 787 1342 856; x_wconf 84' lang='grc' dir='ltr'>τῇ</span> <span class='ocrx_word' id='word_1_56' title='bbox 1383 784 1675 858; x_wconf 71' lang='grc' dir='ltr'>Ἐκκλησία</span> <span class='ocrx_word' id='word_1_57' title='bbox 1707 787 1848 857; x_wconf 85' lang='grc' dir='ltr'>μετά</span> 
     </span>
    </p>
   </div>
   <div class='ocr_carea' id='block_1_10' title="bbox 255 868 1843 947">
    <p class='ocr_par' dir='ltr' id='par_1_10' title="bbox 255 868 1843 947">
     <span class='ocr_line' id='line_1_10' title="bbox 255 868 1843 947; baseline 0.006 -25"><span class='ocrx_word' id='word_1_58' title='bbox 255 869 387 933; x_wconf 76' lang='grc' dir='ltr'>τοὺς</span> <span class='ocrx_word' id='word_1_59' title='bbox 430 868 655 942; x_wconf 78' lang='grc' dir='ltr'>πρώτην</span> <span class='ocrx_word' id='word_1_60' title='bbox 685 869 866 944; x_wconf 81' lang='grc' dir='ltr'>χώραν</span> <span class='ocrx_word' id='word_1_61' title='bbox 895 874 953 927; x_wconf 86' lang='grc' dir='ltr'>ὲν</span> <span class='ocrx_word' id='word_1_62' title='bbox 985 874 1123 946; x_wconf 81' lang='grc' dir='ltr'>αὐτῇ</span> <span class='ocrx_word' id='word_1_63' title='bbox 1170 875 1452 947; x_wconf 75' lang='grc' dir='ltr'><strong>εἰληχότας</strong></span> <span class='ocrx_word' id='word_1_64' title='bbox 1492 878 1843 946; x_wconf 82' lang='grc' dir='ltr'><strong>ἀποστόλους,</strong></span> 
     </span>
    </p>
   </div>
   <div class='ocr_carea' id='block_1_11' title="bbox 257 959 1843 1040">
    <p class='ocr_par' dir='ltr' id='par_1_11' title="bbox 257 959 1843 1040">
     <span class='ocr_line' id='line_1_11' title="bbox 257 959 1843 1040; baseline 0.004 -24"><span class='ocrx_word' id='word_1_65' title='bbox 257 961 358 1016; x_wconf 74' lang='grc' dir='ltr'>καὶ</span> <span class='ocrx_word' id='word_1_66' title='bbox 389 959 641 1033; x_wconf 81' lang='grc' dir='ltr'>δεύτερον</span> <span class='ocrx_word' id='word_1_67' title='bbox 682 965 986 1034; x_wconf 74' lang='grc' dir='ltr'><strong>προφήτας.</strong></span> <span class='ocrx_word' id='word_1_68' title='bbox 1034 965 1098 1019; x_wconf 78' lang='lat' dir='ltr'><strong>Et</strong></span> <span class='ocrx_word' id='word_1_69' title='bbox 1130 965 1187 1020; x_wconf 82' lang='grc' dir='ltr'>δὲ</span> <span class='ocrx_word' id='word_1_70' title='bbox 1225 966 1318 1032; x_wconf 89' lang='lat'><strong>16,</strong></span> <span class='ocrx_word' id='word_1_71' title='bbox 1357 986 1374 1018; x_wconf 87' lang='grc' dir='ltr'><strong>ι</strong></span> <span class='ocrx_word' id='word_1_72' title='bbox 1395 967 1485 1039; x_wconf 83' lang='grc' dir='ltr'>Τῷ</span> <span class='ocrx_word' id='word_1_73' title='bbox 1511 967 1726 1040; x_wconf 78' lang='grc' dir='ltr'>ἀδελφῷ</span> <span class='ocrx_word' id='word_1_74' title='bbox 1751 987 1843 1023; x_wconf 89' lang='grc' dir='ltr'><strong>σου</strong></span> 
     </span>
    </p>
   </div>
   <div class='ocr_carea' id='block_1_12' title="bbox 249 1050 1844 1125">
    <p class='ocr_par' dir='ltr' id='par_1_12' title="bbox 249 1050 1844 1125">
     <span class='ocr_line' id='line_1_12' title="bbox 249 1050 1844 1125; baseline 0.006 -18"><span class='ocrx_word' id='word_1_75' title='bbox 249 1050 582 1121; x_wconf 75' lang='grc' dir='ltr'><strong>δουλεύσεις,</strong></span> <span class='ocrx_word' id='word_1_76' title='bbox 610 1073 629 1106; x_wconf 92' lang='lat'><strong>1</strong></span> <span class='ocrx_word' id='word_1_77' title='bbox 676 1053 904 1125; x_wconf 84' lang='grc' dir='ltr'><strong>φθάνειν</strong></span> <span class='ocrx_word' id='word_1_78' title='bbox 951 1057 1174 1112; x_wconf 88' lang='grc' dir='ltr'>δύναται</span> <span class='ocrx_word' id='word_1_79' title='bbox 1220 1059 1313 1114; x_wconf 79' lang='grc' dir='ltr'><strong>ἐπὶ</strong></span> <span class='ocrx_word' id='word_1_80' title='bbox 1354 1061 1482 1123; x_wconf 83' lang='grc' dir='ltr'>τοὺς</span> <span class='ocrx_word' id='word_1_81' title='bbox 1525 1061 1844 1116; x_wconf 84' lang='grc' dir='ltr'>ὑποδεεστέ-</span> 
     </span>
    </p>
   </div>
   <div class='ocr_carea' id='block_1_13' title="bbox 261 1145 1846 1220">
    <p class='ocr_par' dir='ltr' id='par_1_13' title="bbox 261 1145 1846 1220">
     <span class='ocr_line' id='line_1_13' title="bbox 261 1145 1846 1220; baseline 0.007 -24"><span class='ocrx_word' id='word_1_82' title='bbox 261 1160 410 1216; x_wconf 82' lang='grc' dir='ltr'>ρους,</span> <span class='ocrx_word' id='word_1_83' title='bbox 436 1145 530 1197; x_wconf 75' lang='grc' dir='ltr'>καὶ</span> <span class='ocrx_word' id='word_1_84' title='bbox 574 1145 668 1210; x_wconf 84' lang='grc' dir='ltr'>τὸ,</span> <span class='ocrx_word' id='word_1_85' title='bbox 727 1167 745 1198; x_wconf 85' lang='grc' dir='ltr'><strong>ι</strong></span> <span class='ocrx_word' id='word_1_86' title='bbox 775 1148 929 1201; x_wconf 87' lang='grc' dir='ltr'>Γίνου</span> <span class='ocrx_word' id='word_1_87' title='bbox 960 1148 1146 1220; x_wconf 85' lang='grc' dir='ltr'>κύριος</span> <span class='ocrx_word' id='word_1_88' title='bbox 1177 1149 1272 1202; x_wconf 91' lang='grc' dir='ltr'><strong>τοῦ</strong></span> <span class='ocrx_word' id='word_1_89' title='bbox 1306 1151 1537 1220; x_wconf 75' lang='grc' dir='ltr'>ἀδελφοῦ</span> <span class='ocrx_word' id='word_1_90' title='bbox 1575 1167 1723 1219; x_wconf 78' lang='grc' dir='ltr'>σου,»</span> <span class='ocrx_word' id='word_1_91' title='bbox 1753 1153 1846 1207; x_wconf 75' lang='grc' dir='ltr'><strong>ἐπὶ</strong></span> 
     </span>
    </p>
   </div>
   <div class='ocr_carea' id='block_1_14' title="bbox 256 1237 1845 1316">
    <p class='ocr_par' dir='ltr' id='par_1_14' title="bbox 256 1237 1845 1316">
     <span class='ocr_line' id='line_1_14' title="bbox 256 1237 1845 1316; baseline 0.007 -28"><span class='ocrx_word' id='word_1_92' title='bbox 256 1237 382 1300; x_wconf 80' lang='grc' dir='ltr'>τοὺς</span> <span class='ocrx_word' id='word_1_93' title='bbox 422 1237 497 1300; x_wconf 82' lang='grc' dir='ltr'><strong>ὡς</strong></span> <span class='ocrx_word' id='word_1_94' title='bbox 524 1239 552 1291; x_wconf 93' lang='lat'><strong>6</strong></span> <span class='ocrx_word' id='word_1_95' title='bbox 593 1239 786 1292; x_wconf 81' lang='grc' dir='ltr'>Ἰακὼὸ</span> <span class='ocrx_word' id='word_1_96' title='bbox 819 1241 1154 1312; x_wconf 86' lang='grc' dir='ltr'>κρείττονας,</span> <span class='ocrx_word' id='word_1_97' title='bbox 1181 1242 1357 1312; x_wconf 85' lang='grc' dir='ltr'>δῆλον,</span> <span class='ocrx_word' id='word_1_98' title='bbox 1389 1244 1470 1296; x_wconf 85' lang='grc' dir='ltr'>ὅτι</span> <span class='ocrx_word' id='word_1_99' title='bbox 1500 1245 1790 1316; x_wconf 86' lang='grc' dir='ltr'>γενόμενος</span> <span class='ocrx_word' id='word_1_100' title='bbox 1816 1247 1845 1300; x_wconf 87' lang='lat'><strong>6</strong></span> 
     </span>
    </p>
   </div>
   <div class='ocr_carea' id='block_1_15' title="bbox 256 1328 1843 1404">
    <p class='ocr_par' dir='ltr' id='par_1_15' title="bbox 256 1328 1843 1404">
     <span class='ocr_line' id='line_1_15' title="bbox 256 1328 1843 1404; baseline 0.006 -22"><span class='ocrx_word' id='word_1_101' title='bbox 256 1328 442 1392; x_wconf 87' lang='grc' dir='ltr'>δοῦλος</span> <span class='ocrx_word' id='word_1_102' title='bbox 464 1329 540 1394; x_wconf 83' lang='grc' dir='ltr'><strong>ὡς</strong></span> <span class='ocrx_word' id='word_1_103' title='bbox 567 1332 595 1384; x_wconf 91' lang='lat'><strong>6</strong></span> <span class='ocrx_word' id='word_1_104' title='bbox 625 1331 834 1404; x_wconf 83' lang='grc' dir='ltr'>κύριος,</span> <span class='ocrx_word' id='word_1_105' title='bbox 871 1331 1048 1386; x_wconf 88' lang='grc' dir='ltr'>νίπτει</span> <span class='ocrx_word' id='word_1_106' title='bbox 1071 1333 1198 1398; x_wconf 79' lang='grc' dir='ltr'>τοὺς</span> <span class='ocrx_word' id='word_1_107' title='bbox 1233 1334 1399 1399; x_wconf 66' lang='grc' dir='ltr'>πῶας</span> <span class='ocrx_word' id='word_1_108' title='bbox 1433 1335 1540 1388; x_wconf 87' lang='grc' dir='ltr'><strong>τῶν</strong></span> <span class='ocrx_word' id='word_1_109' title='bbox 1568 1336 1843 1392; x_wconf 86' lang='grc' dir='ltr'>δουλευόν-</span> 
     </span>
    </p>
   </div>
   <div class='ocr_carea' id='block_1_16' title="bbox 253 1423 1842 1501">
    <p class='ocr_par' dir='ltr' id='par_1_16' title="bbox 253 1423 1842 1501">
     <span class='ocr_line' id='line_1_16' title="bbox 253 1423 1842 1501; baseline 0.006 -27"><span class='ocrx_word' id='word_1_110' title='bbox 253 1435 362 1476; x_wconf 87' lang='grc' dir='ltr'><strong>των</strong></span> <span class='ocrx_word' id='word_1_111' title='bbox 405 1423 470 1493; x_wconf 80' lang='grc' dir='ltr'>τῇ</span> <span class='ocrx_word' id='word_1_112' title='bbox 528 1424 657 1495; x_wconf 87' lang='grc' dir='ltr'>παρ’</span> <span class='ocrx_word' id='word_1_113' title='bbox 701 1423 849 1495; x_wconf 81' lang='grc' dir='ltr'>αὐτῷ</span> <span class='ocrx_word' id='word_1_114' title='bbox 903 1423 1253 1496; x_wconf 66' lang='grc' dir='ltr'>διδασκαλίᾳθ</span> <span class='ocrx_word' id='word_1_115' title='bbox 1297 1427 1420 1479; x_wconf 74' lang='grc' dir='ltr'><strong>ἐπεὶ</strong></span> <span class='ocrx_word' id='word_1_116' title='bbox 1455 1426 1544 1493; x_wconf 91' lang='lat'><strong>16,</strong></span> <span class='ocrx_word' id='word_1_117' title='bbox 1599 1448 1617 1480; x_wconf 83' lang='grc' dir='ltr'><strong>ι</strong></span> <span class='ocrx_word' id='word_1_118' title='bbox 1655 1429 1842 1501; x_wconf 81' lang='grc' dir='ltr'>Ὑμεῖς</span> 
     </span>
    </p>
   </div>
   <div class='ocr_carea' id='block_1_17' title="bbox 255 1514 1840 1589">
    <p class='ocr_par' dir='ltr' id='par_1_17' title="bbox 255 1514 1840 1589">
     <span class='ocr_line' id='line_1_17' title="bbox 255 1514 1840 1589; baseline 0.006 -24"><span class='ocrx_word' id='word_1_119' title='bbox 255 1514 485 1582; x_wconf 82' lang='grc' dir='ltr'><strong>φωνεῖτέ</strong></span> <span class='ocrx_word' id='word_1_120' title='bbox 519 1533 607 1586; x_wconf 92' lang='grc' dir='ltr'><strong>με,</strong></span> <span class='ocrx_word' id='word_1_121' title='bbox 637 1516 666 1568; x_wconf 90' lang='lat'><strong>6</strong></span> <span class='ocrx_word' id='word_1_122' title='bbox 705 1515 1046 1582; x_wconf 86' lang='grc' dir='ltr'>διδάσκαλος,</span> <span class='ocrx_word' id='word_1_123' title='bbox 1081 1517 1175 1570; x_wconf 76' lang='grc' dir='ltr'>καὶ</span> <span class='ocrx_word' id='word_1_124' title='bbox 1203 1519 1232 1570; x_wconf 93' lang='lat'><strong>6</strong></span> <span class='ocrx_word' id='word_1_125' title='bbox 1271 1516 1493 1589; x_wconf 78' lang='grc' dir='ltr'>Κύριος,</span> <span class='ocrx_word' id='word_1_126' title='bbox 1527 1520 1621 1573; x_wconf 71' lang='grc' dir='ltr'>καὶ</span> <span class='ocrx_word' id='word_1_127' title='bbox 1660 1521 1840 1586; x_wconf 85' lang='grc' dir='ltr'>καλῶς</span> 
     </span>
    </p>
   </div>
   <div class='ocr_carea' id='block_1_18' title="bbox 251 1602 1834 1685">
    <p class='ocr_par' dir='ltr' id='par_1_18' title="bbox 251 1602 1834 1685">
     <span class='ocr_line' id='line_1_18' title="bbox 251 1602 1834 1685; baseline 0.009 -31"><span class='ocrx_word' id='word_1_128' title='bbox 251 1602 438 1672; x_wconf 80' lang='grc' dir='ltr'><strong>λέγετε</strong></span> <span class='ocrx_word' id='word_1_129' title='bbox 457 1623 471 1636; x_wconf 76' lang='grc' dir='ltr'><strong><em>ο</em></strong></span> <span class='ocrx_word' id='word_1_130' title='bbox 504 1608 620 1677; x_wconf 77' lang='grc' dir='ltr'>εἰμὶ</span> <span class='ocrx_word' id='word_1_131' title='bbox 649 1607 778 1678; x_wconf 83' lang='grc' dir='ltr'>γὰρ,</span> <span class='ocrx_word' id='word_1_132' title='bbox 807 1626 824 1658; x_wconf 86' lang='lat'><strong>1</strong></span> <span class='ocrx_word' id='word_1_133' title='bbox 861 1608 961 1662; x_wconf 83' lang='grc' dir='ltr'><strong>οὐκ</strong></span> <span class='ocrx_word' id='word_1_134' title='bbox 991 1609 1128 1673; x_wconf 82' lang='grc' dir='ltr'>ἀξιῶ</span> <span class='ocrx_word' id='word_1_135' title='bbox 1164 1609 1327 1681; x_wconf 85' lang='grc' dir='ltr'>μηδὲν</span> <span class='ocrx_word' id='word_1_136' title='bbox 1352 1610 1495 1681; x_wconf 77' lang='grc' dir='ltr'>ἔχειν</span> <span class='ocrx_word' id='word_1_137' title='bbox 1519 1611 1834 1685; x_wconf 79' lang='grc' dir='ltr'><strong>βαθύτερον,</strong></span> 
     </span>
    </p>
   </div>
   <div class='ocr_carea' id='block_1_19' title="bbox 1954 503 3529 578">
    <p class='ocr_par' dir='ltr' id='par_1_19' title="bbox 1954 503 3529 578">
     <span class='ocr_line' id='line_1_19' title="bbox 1954 503 3529 578; baseline 0.004 -20"><span class='ocrx_word' id='word_1_138' title='bbox 1954 503 2238 558; x_wconf 72' lang='lat' dir='ltr'><strong>servitutis</strong></span> <span class='ocrx_word' id='word_1_139' title='bbox 2265 503 2462 559; x_wconf 84' lang='lat' dir='ltr'><strong>iterum</strong></span> <span class='ocrx_word' id='word_1_140' title='bbox 2495 504 2549 558; x_wconf 93' lang='lat' dir='ltr'><strong>in</strong></span> <span class='ocrx_word' id='word_1_141' title='bbox 2585 504 2801 568; x_wconf 91' lang='lat' dir='ltr'><strong>timore,</strong></span> <span class='ocrx_word' id='word_1_142' title='bbox 2835 505 2929 560; x_wconf 91' lang='lat' dir='ltr'><strong>sed</strong></span> <span class='ocrx_word' id='word_1_143' title='bbox 2961 507 3230 577; x_wconf 83' lang='lat' dir='ltr'><strong>accipient</strong></span> <span class='ocrx_word' id='word_1_144' title='bbox 3274 509 3529 578; x_wconf 86' lang='lat' dir='ltr'><strong>spiritqu</strong></span> 
     </span>
    </p>
   </div>
   <div class='ocr_carea' id='block_1_20' title="bbox 1950 594 3525 664">
    <p class='ocr_par' dir='ltr' id='par_1_20' title="bbox 1950 594 3525 664">
     <span class='ocr_line' id='line_1_20' title="bbox 1950 594 3525 664; baseline 0.003 -16"><span class='ocrx_word' id='word_1_145' title='bbox 1950 594 2280 663; x_wconf 85' lang='lat' dir='ltr'><strong>adoptionis,</strong></span> <span class='ocrx_word' id='word_1_146' title='bbox 2315 610 2411 663; x_wconf 85' lang='lat' dir='ltr'><strong>per</strong></span> <span class='ocrx_word' id='word_1_147' title='bbox 2434 610 2594 664; x_wconf 87' lang='lat' dir='ltr'><strong>quem</strong></span> <span class='ocrx_word' id='word_1_148' title='bbox 2623 595 2938 651; x_wconf 90' lang='lat' dir='ltr'><strong>clamabunt</strong></span> <span class='ocrx_word' id='word_1_149' title='bbox 2968 615 2982 650; x_wconf 88' lang='lat'><strong>:</strong></span> <span class='ocrx_word' id='word_1_150' title='bbox 3007 617 3026 648; x_wconf 86' lang='grc' dir='ltr'><strong>ι</strong></span> <span class='ocrx_word' id='word_1_151' title='bbox 3054 599 3207 653; x_wconf 83' lang='lat' dir='ltr'><strong>Abba</strong></span> <span class='ocrx_word' id='word_1_152' title='bbox 3226 597 3385 653; x_wconf 84' lang='lat' dir='ltr'><strong>Pater</strong></span> <span class='ocrx_word' id='word_1_153' title='bbox 3411 601 3475 652; x_wconf 79' lang='lat'><strong>“.</strong></span> <span class='ocrx_word' id='word_1_154' title='bbox 3505 619 3525 652; x_wconf 94' lang='lat'><strong>1</strong></span> 
     </span>
    </p>
   </div>
   <div class='ocr_carea' id='block_1_21' title="bbox 1949 687 3531 758">
    <p class='ocr_par' dir='ltr' id='par_1_21' title="bbox 1949 687 3531 758">
     <span class='ocr_line' id='line_1_21' title="bbox 1949 687 3531 758; baseline 0.006 -19"><span class='ocrx_word' id='word_1_155' title='bbox 1949 691 2230 752; x_wconf 78' lang='lat' dir='ltr'><strong>Attamen,</strong></span> <span class='ocrx_word' id='word_1_156' title='bbox 2265 694 2558 756; x_wconf 83' lang='lat' dir='ltr'><strong>antequam</strong></span> <span class='ocrx_word' id='word_1_157' title='bbox 2592 687 2724 741; x_wconf 84' lang='lat' dir='ltr'><strong>flant</strong></span> <span class='ocrx_word' id='word_1_158' title='bbox 2771 689 2914 742; x_wconf 86' lang='lat' dir='ltr'><strong>sicut</strong></span> <span class='ocrx_word' id='word_1_159' title='bbox 2958 691 3220 758; x_wconf 85' lang='lat' dir='ltr'><strong>Magister</strong></span> <span class='ocrx_word' id='word_1_160' title='bbox 3249 702 3305 746; x_wconf 89' lang='lat' dir='ltr'><strong>et</strong></span> <span class='ocrx_word' id='word_1_161' title='bbox 3347 693 3531 748; x_wconf 90' lang='lat' dir='ltr'><strong>Domi-</strong></span> 
     </span>
    </p>
   </div>
   <div class='ocr_carea' id='block_1_22' title="bbox 1949 775 3530 852">
    <p class='ocr_par' dir='ltr' id='par_1_22' title="bbox 1949 775 3530 852">
     <span class='ocr_line' id='line_1_22' title="bbox 1949 775 3530 852; baseline 0.006 -22"><span class='ocrx_word' id='word_1_162' title='bbox 1949 791 2076 840; x_wconf 90' lang='lat' dir='ltr'><strong>nus,</strong></span> <span class='ocrx_word' id='word_1_163' title='bbox 2125 790 2260 844; x_wconf 92' lang='lat' dir='ltr'><strong>opus</strong></span> <span class='ocrx_word' id='word_1_164' title='bbox 2297 775 2521 843; x_wconf 88' lang='lat' dir='ltr'><strong>habent,</strong></span> <span class='ocrx_word' id='word_1_165' title='bbox 2559 776 2788 845; x_wconf 88' lang='lat' dir='ltr'><strong>perinde</strong></span> <span class='ocrx_word' id='word_1_166' title='bbox 2823 793 2886 833; x_wconf 92' lang='lat' dir='ltr'><strong>ac</strong></span> <span class='ocrx_word' id='word_1_167' title='bbox 2925 779 3178 850; x_wconf 84' lang='lat' dir='ltr'><strong>discipuli</strong></span> <span class='ocrx_word' id='word_1_168' title='bbox 3226 781 3418 852; x_wconf 90' lang='lat' dir='ltr'><strong>indigi,</strong></span> <span class='ocrx_word' id='word_1_169' title='bbox 3470 794 3530 839; x_wconf 91' lang='lat' dir='ltr'><strong>ut</strong></span> 
     </span>
    </p>
   </div>
   <div class='ocr_carea' id='block_1_23' title="bbox 1947 867 3530 944">
    <p class='ocr_par' dir='ltr' id='par_1_23' title="bbox 1947 867 3530 944">
     <span class='ocr_line' id='line_1_23' title="bbox 1947 867 3530 944; baseline 0.006 -23"><span class='ocrx_word' id='word_1_170' title='bbox 1947 867 2029 921; x_wconf 90' lang='lat' dir='ltr'><strong>sui</strong></span> <span class='ocrx_word' id='word_1_171' title='bbox 2061 867 2311 922; x_wconf 86' lang='lat' dir='ltr'><strong>laventur</strong></span> <span class='ocrx_word' id='word_1_172' title='bbox 2350 867 2535 936; x_wconf 82' lang='lat' dir='ltr'><strong>pedes,</strong></span> <span class='ocrx_word' id='word_1_173' title='bbox 2578 879 2634 921; x_wconf 90' lang='lat' dir='ltr'><strong>et</strong></span> <span class='ocrx_word' id='word_1_174' title='bbox 2677 869 2831 938; x_wconf 90' lang='lat' dir='ltr'><strong>quasi</strong></span> <span class='ocrx_word' id='word_1_175' title='bbox 2877 870 3056 925; x_wconf 91' lang='lat' dir='ltr'><strong>adhuc</strong></span> <span class='ocrx_word' id='word_1_176' title='bbox 3089 872 3375 928; x_wconf 87' lang='lat' dir='ltr'><strong>servitutis</strong></span> <span class='ocrx_word' id='word_1_177' title='bbox 3419 877 3530 944; x_wconf 86' lang='lat' dir='ltr'><strong>spi-</strong></span> 
     </span>
    </p>
   </div>
   <div class='ocr_carea' id='block_1_24' title="bbox 1947 959 3528 1037">
    <p class='ocr_par' dir='ltr' id='par_1_24' title="bbox 1947 959 3528 1037">
     <span class='ocr_line' id='line_1_24' title="bbox 1947 959 3528 1037; baseline 0.006 -24"><span class='ocrx_word' id='word_1_178' title='bbox 1947 959 2116 1014; x_wconf 87' lang='lat' dir='ltr'><strong>ritum</strong></span> <span class='ocrx_word' id='word_1_179' title='bbox 2146 959 2199 1014; x_wconf 92' lang='lat' dir='ltr'><strong>in</strong></span> <span class='ocrx_word' id='word_1_180' title='bbox 2237 959 2491 1015; x_wconf 89' lang='lat' dir='ltr'><strong>timorem</strong></span> <span class='ocrx_word' id='word_1_181' title='bbox 2526 961 2807 1016; x_wconf 85' lang='lat' dir='ltr'><strong>habentes.</strong></span> <span class='ocrx_word' id='word_1_182' title='bbox 2856 963 2926 1016; x_wconf 84' lang='lat' dir='ltr'><strong>At</strong></span> <span class='ocrx_word' id='word_1_183' title='bbox 2970 978 3105 1018; x_wconf 80' lang='lat' dir='ltr'><strong>vero</strong></span> <span class='ocrx_word' id='word_1_184' title='bbox 3151 964 3317 1020; x_wconf 88' lang='lat' dir='ltr'><strong>simul</strong></span> <span class='ocrx_word' id='word_1_185' title='bbox 3363 979 3528 1037; x_wconf 89' lang='lat' dir='ltr'><strong>atque</strong></span> 
     </span>
    </p>
   </div>
   <div class='ocr_carea' id='block_1_25' title="bbox 1944 1050 3528 1122">
    <p class='ocr_par' dir='ltr' id='par_1_25' title="bbox 1944 1050 3528 1122">
     <span class='ocr_line' id='line_1_25' title="bbox 1944 1050 3528 1122; baseline 0.004 -18"><span class='ocrx_word' id='word_1_186' title='bbox 1944 1050 2139 1120; x_wconf 89' lang='lat' dir='ltr'><strong>aliquis</strong></span> <span class='ocrx_word' id='word_1_187' title='bbox 2171 1065 2238 1105; x_wconf 84' lang='lat' dir='ltr'><strong>ex</strong></span> <span class='ocrx_word' id='word_1_188' title='bbox 2270 1051 2356 1105; x_wconf 92' lang='lat' dir='ltr'><strong>his</strong></span> <span class='ocrx_word' id='word_1_189' title='bbox 2381 1050 2590 1106; x_wconf 87' lang='lat' dir='ltr'><strong>habens</strong></span> <span class='ocrx_word' id='word_1_190' title='bbox 2615 1066 2736 1120; x_wconf 88' lang='lat' dir='ltr'><strong>quae</strong></span> <span class='ocrx_word' id='word_1_191' title='bbox 2765 1052 3036 1122; x_wconf 87' lang='lat' dir='ltr'><strong>discipulo</strong></span> <span class='ocrx_word' id='word_1_192' title='bbox 3066 1055 3345 1111; x_wconf 85' lang='lat' dir='ltr'><strong>sufficiant</strong></span> <span class='ocrx_word' id='word_1_193' title='bbox 3369 1065 3430 1110; x_wconf 87' lang='lat' dir='ltr'><strong>ut</strong></span> <span class='ocrx_word' id='word_1_194' title='bbox 3455 1058 3528 1112; x_wconf 89' lang='lat' dir='ltr'><strong>sit</strong></span> 
     </span>
    </p>
   </div>
   <div class='ocr_carea' id='block_1_26' title="bbox 1943 1142 3526 1214">
    <p class='ocr_par' dir='ltr' id='par_1_26' title="bbox 1943 1142 3526 1214">
     <span class='ocr_line' id='line_1_26' title="bbox 1943 1142 3526 1214; baseline 0.004 -16"><span class='ocrx_word' id='word_1_195' title='bbox 1943 1144 2088 1198; x_wconf 81' lang='lat' dir='ltr'><strong>sicut</strong></span> <span class='ocrx_word' id='word_1_196' title='bbox 2133 1143 2397 1214; x_wconf 74' lang='lat' dir='ltr'><strong>magister</strong></span> <span class='ocrx_word' id='word_1_197' title='bbox 2429 1142 2567 1213; x_wconf 84' lang='lat' dir='ltr'><strong>ejus,</strong></span> <span class='ocrx_word' id='word_1_198' title='bbox 2617 1151 2672 1198; x_wconf 90' lang='lat' dir='ltr'><strong>et</strong></span> <span class='ocrx_word' id='word_1_199' title='bbox 2720 1159 2913 1200; x_wconf 90' lang='lat' dir='ltr'><strong>servus</strong></span> <span class='ocrx_word' id='word_1_200' title='bbox 2959 1147 3101 1202; x_wconf 86' lang='lat' dir='ltr'><strong>sicut</strong></span> <span class='ocrx_word' id='word_1_201' title='bbox 3133 1148 3408 1214; x_wconf 88' lang='lat' dir='ltr'><strong>dominus,</strong></span> <span class='ocrx_word' id='word_1_202' title='bbox 3461 1165 3526 1204; x_wconf 91' lang='lat' dir='ltr'><strong>eo</strong></span> 
     </span>
    </p>
   </div>
   <div class='ocr_carea' id='block_1_27' title="bbox 1943 1235 3524 1306">
    <p class='ocr_par' dir='ltr' id='par_1_27' title="bbox 1943 1235 3524 1306">
     <span class='ocr_line' id='line_1_27' title="bbox 1943 1235 3524 1306; baseline 0.004 -17"><span class='ocrx_word' id='word_1_203' title='bbox 1943 1236 2256 1304; x_wconf 88' lang='lat' dir='ltr'><strong>pervenerit</strong></span> <span class='ocrx_word' id='word_1_204' title='bbox 2313 1245 2372 1290; x_wconf 92' lang='lat' dir='ltr'><strong>ut</strong></span> <span class='ocrx_word' id='word_1_205' title='bbox 2415 1235 2488 1289; x_wconf 89' lang='lat' dir='ltr'><strong>sit</strong></span> <span class='ocrx_word' id='word_1_206' title='bbox 2537 1235 2683 1292; x_wconf 87' lang='lat' dir='ltr'><strong>sicut</strong></span> <span class='ocrx_word' id='word_1_207' title='bbox 2719 1237 2978 1306; x_wconf 79' lang='lat' dir='ltr'><strong>magister</strong></span> <span class='ocrx_word' id='word_1_208' title='bbox 3003 1254 3135 1294; x_wconf 90' lang='lat' dir='ltr'><strong>suus</strong></span> <span class='ocrx_word' id='word_1_209' title='bbox 3179 1248 3234 1294; x_wconf 89' lang='lat' dir='ltr'><strong>et</strong></span> <span class='ocrx_word' id='word_1_210' title='bbox 3271 1240 3524 1296; x_wconf 90' lang='lat' dir='ltr'><strong>dominus</strong></span> 
     </span>
    </p>
   </div>
   <div class='ocr_carea' id='block_1_28' title="bbox 1941 1325 3524 1399">
    <p class='ocr_par' dir='ltr' id='par_1_28' title="bbox 1941 1325 3524 1399">
     <span class='ocr_line' id='line_1_28' title="bbox 1941 1325 3524 1399; baseline 0.003 -19"><span class='ocrx_word' id='word_1_211' title='bbox 1941 1339 2094 1391; x_wconf 89' lang='lat' dir='ltr'><strong>suus,</strong></span> <span class='ocrx_word' id='word_1_212' title='bbox 2125 1334 2252 1380; x_wconf 91' lang='lat' dir='ltr'><strong>tunc</strong></span> <span class='ocrx_word' id='word_1_213' title='bbox 2284 1325 2488 1379; x_wconf 90' lang='lat' dir='ltr'><strong>imitari</strong></span> <span class='ocrx_word' id='word_1_214' title='bbox 2515 1325 2719 1396; x_wconf 89' lang='lat' dir='ltr'><strong>poterit</strong></span> <span class='ocrx_word' id='word_1_215' title='bbox 2747 1341 2870 1381; x_wconf 90' lang='lat' dir='ltr'><strong>eum</strong></span> <span class='ocrx_word' id='word_1_216' title='bbox 2901 1329 2993 1397; x_wconf 90' lang='lat' dir='ltr'><strong>qui</strong></span> <span class='ocrx_word' id='word_1_217' title='bbox 3034 1328 3163 1383; x_wconf 84' lang='lat' dir='ltr'><strong>lavit</strong></span> <span class='ocrx_word' id='word_1_218' title='bbox 3203 1329 3367 1399; x_wconf 84' lang='lat' dir='ltr'><strong>pedes</strong></span> <span class='ocrx_word' id='word_1_219' title='bbox 3411 1330 3524 1384; x_wconf 84' lang='lat' dir='ltr'><strong>dis-</strong></span> 
     </span>
    </p>
   </div>
   <div class='ocr_carea' id='block_1_29' title="bbox 1941 1417 3523 1490">
    <p class='ocr_par' dir='ltr' id='par_1_29' title="bbox 1941 1417 3523 1490">
     <span class='ocr_line' id='line_1_29' title="bbox 1941 1417 3523 1490; baseline 0.002 -16"><span class='ocrx_word' id='word_1_220' title='bbox 1941 1417 2248 1488; x_wconf 91' lang='lat' dir='ltr'><strong>cipulorum</strong></span> <span class='ocrx_word' id='word_1_221' title='bbox 2297 1433 2312 1483; x_wconf 90' lang='lat'><strong>;</strong></span> <span class='ocrx_word' id='word_1_222' title='bbox 2373 1417 2876 1488; x_wconf 88' lang='lat' dir='ltr'><strong>discipulorumque</strong></span> <span class='ocrx_word' id='word_1_223' title='bbox 2921 1423 3085 1490; x_wconf 88' lang='lat' dir='ltr'><strong>pedes</strong></span> <span class='ocrx_word' id='word_1_224' title='bbox 3136 1423 3340 1486; x_wconf 89' lang='lat' dir='ltr'><strong>lavare,</strong></span> <span class='ocrx_word' id='word_1_225' title='bbox 3381 1423 3523 1477; x_wconf 90' lang='lat' dir='ltr'><strong>sicut</strong></span> 
     </span>
    </p>
   </div>
   <div class='ocr_carea' id='block_1_30' title="bbox 1943 1507 3522 1586">
    <p class='ocr_par' dir='ltr' id='par_1_30' title="bbox 1943 1507 3522 1586">
     <span class='ocr_line' id='line_1_30' title="bbox 1943 1507 3522 1586; baseline 0.003 -22"><span class='ocrx_word' id='word_1_226' title='bbox 1943 1511 2204 1577; x_wconf 74' lang='lat' dir='ltr'><strong>magister</strong></span> <span class='ocrx_word' id='word_1_227' title='bbox 2239 1523 2401 1580; x_wconf 91' lang='lat' dir='ltr'><strong>quem</strong></span> <span class='ocrx_word' id='word_1_228' title='bbox 2446 1507 2590 1563; x_wconf 88' lang='lat' dir='ltr'><strong>Deus</strong></span> <span class='ocrx_word' id='word_1_229' title='bbox 2637 1509 2690 1564; x_wconf 92' lang='lat' dir='ltr'><strong>in</strong></span> <span class='ocrx_word' id='word_1_230' title='bbox 2725 1511 2965 1567; x_wconf 86' lang='lat' dir='ltr'><strong>Ecclesia</strong></span> <span class='ocrx_word' id='word_1_231' title='bbox 3015 1514 3352 1569; x_wconf 85' lang='lat' dir='ltr'><strong>ordinaverit</strong></span> <span class='ocrx_word' id='word_1_232' title='bbox 3401 1525 3522 1586; x_wconf 92' lang='lat' dir='ltr'><strong>post</strong></span> 
     </span>
    </p>
   </div>
   <div class='ocr_carea' id='block_1_31' title="bbox 1940 1597 3519 1670">
    <p class='ocr_par' dir='ltr' id='par_1_31' title="bbox 1940 1597 3519 1670">
     <span class='ocr_line' id='line_1_31' title="bbox 1940 1597 3519 1670; baseline 0.004 -16"><span class='ocrx_word' id='word_1_233' title='bbox 1940 1599 2212 1670; x_wconf 86' lang='lat' dir='ltr'><strong>apostolos</strong></span> <span class='ocrx_word' id='word_1_234' title='bbox 2232 1639 2246 1664; x_wconf 93' lang='lat'><strong>,</strong></span> <span class='ocrx_word' id='word_1_235' title='bbox 2279 1598 2372 1668; x_wconf 93' lang='lat' dir='ltr'><strong>qui</strong></span> <span class='ocrx_word' id='word_1_236' title='bbox 2406 1597 2458 1651; x_wconf 90' lang='lat' dir='ltr'><strong>in</strong></span> <span class='ocrx_word' id='word_1_237' title='bbox 2487 1611 2550 1651; x_wconf 87' lang='lat' dir='ltr'><strong>ea</strong></span> <span class='ocrx_word' id='word_1_238' title='bbox 2579 1599 2816 1668; x_wconf 89' lang='lat' dir='ltr'><strong>primum</strong></span> <span class='ocrx_word' id='word_1_239' title='bbox 2843 1603 3024 1657; x_wconf 83' lang='lat' dir='ltr'><strong>sortiti</strong></span> <span class='ocrx_word' id='word_1_240' title='bbox 3067 1612 3194 1658; x_wconf 90' lang='lat' dir='ltr'><strong>sunt</strong></span> <span class='ocrx_word' id='word_1_241' title='bbox 3223 1604 3422 1670; x_wconf 91' lang='lat' dir='ltr'><strong>locum,</strong></span> <span class='ocrx_word' id='word_1_242' title='bbox 3456 1620 3519 1660; x_wconf 91' lang='lat' dir='ltr'><strong>ac</strong></span> 
     </span>
    </p>
   </div>
   <div class='ocr_carea' id='block_1_32' title="bbox 246 1688 1825 1778">
    <p class='ocr_par' dir='ltr' id='par_1_32' title="bbox 246 1695 1825 1778">
     <span class='ocr_line' id='line_1_32' title="bbox 246 1695 1825 1778; baseline 0.007 -29"><span class='ocrx_word' id='word_1_243' title='bbox 246 1695 346 1749; x_wconf 72' lang='grc' dir='ltr'>καὶ</span> <span class='ocrx_word' id='word_1_244' title='bbox 383 1697 536 1768; x_wconf 83' lang='grc' dir='ltr'>παρὰ</span> <span class='ocrx_word' id='word_1_245' title='bbox 584 1697 644 1751; x_wconf 84' lang='lat'><strong>16</strong></span> <span class='ocrx_word' id='word_1_246' title='bbox 687 1698 792 1751; x_wconf 84' lang='grc' dir='ltr'><strong>ὑπὸ</strong></span> <span class='ocrx_word' id='word_1_247' title='bbox 833 1699 942 1753; x_wconf 81' lang='grc' dir='ltr'><strong>τῶν</strong></span> <span class='ocrx_word' id='word_1_248' title='bbox 990 1699 1200 1754; x_wconf 83' lang='grc' dir='ltr'>πολλῶν</span> <span class='ocrx_word' id='word_1_249' title='bbox 1233 1703 1553 1773; x_wconf 85' lang='grc' dir='ltr'>νενοημένον</span> <span class='ocrx_word' id='word_1_250' title='bbox 1624 1704 1825 1778; x_wconf 72' lang='grc' dir='ltr'><strong>(2⁵2νοῦ</strong></span> 
     </span>
    </p>
   </div>
   <div class='ocr_carea' id='block_1_33' title="bbox 1929 1688 3516 1778">
    <p class='ocr_par' dir='ltr' id='par_1_33' title="bbox 1937 1688 3516 1762">
     <span class='ocr_line' id='line_1_33' title="bbox 1937 1688 3516 1762; baseline 0.004 -18"><span class='ocrx_word' id='word_1_251' title='bbox 1937 1700 2057 1761; x_wconf 86' lang='lat' dir='ltr'><strong>post</strong></span> <span class='ocrx_word' id='word_1_252' title='bbox 2097 1690 2413 1762; x_wconf 84' lang='lat' dir='ltr'><strong>prophetas,</strong></span> <span class='ocrx_word' id='word_1_253' title='bbox 2449 1688 2542 1757; x_wconf 92' lang='lat' dir='ltr'><strong>qui</strong></span> <span class='ocrx_word' id='word_1_254' title='bbox 2590 1693 2885 1746; x_wconf 87' lang='lat' dir='ltr'><strong>secundum</strong></span> <span class='ocrx_word' id='word_1_255' title='bbox 2921 1694 2986 1747; x_wconf 75' lang='lat'><strong>&quot;.</strong></span> <span class='ocrx_word' id='word_1_256' title='bbox 3023 1695 3118 1750; x_wconf 92' lang='lat' dir='ltr'><strong>Sin</strong></span> <span class='ocrx_word' id='word_1_257' title='bbox 3153 1711 3282 1752; x_wconf 87' lang='lat' dir='ltr'><strong>vero</strong></span> <span class='ocrx_word' id='word_1_258' title='bbox 3311 1696 3516 1753; x_wconf 82' lang='lat' dir='ltr'><strong>dictum</strong></span> 
     </span>
    </p>
   </div>
   <div class='ocr_carea' id='block_1_34' title="bbox 248 1769 1825 1864">
    <p class='ocr_par' dir='ltr' id='par_1_34' title="bbox 248 1769 1825 1864">
     <span class='ocr_line' id='line_1_34' title="bbox 248 1769 1825 1864; baseline 0.008 -28"><span class='ocrx_word' id='word_1_259' title='bbox 248 1785 390 1837; x_wconf 79' lang='grc' dir='ltr'>πᾶσι</span> <span class='ocrx_word' id='word_1_260' title='bbox 418 1784 528 1857; x_wconf 84' lang='grc' dir='ltr'><strong>γὰρ</strong></span> <span class='ocrx_word' id='word_1_261' title='bbox 549 1789 661 1848; x_wconf 86' lang='grc' dir='ltr'>τοῖς</span> <span class='ocrx_word' id='word_1_262' title='bbox 693 1785 933 1856; x_wconf 90' lang='grc' dir='ltr'>λέγουσι,</span> <span class='ocrx_word' id='word_1_263' title='bbox 981 1808 1000 1840; x_wconf 79' lang='grc' dir='ltr'><strong>ι</strong></span> <span class='ocrx_word' id='word_1_264' title='bbox 1024 1789 1217 1862; x_wconf 86' lang='grc' dir='ltr'>Κύριε,</span> <span class='ocrx_word' id='word_1_265' title='bbox 1245 1769 1437 1862; x_wconf 79' lang='grc' dir='ltr'>Κύριε,</span> <span class='ocrx_word' id='word_1_266' title='bbox 1463 1811 1481 1843; x_wconf 90' lang='lat'><strong>1</strong></span> <span class='ocrx_word' id='word_1_267' title='bbox 1512 1769 1825 1864; x_wconf 80' lang='grc' dir='ltr'>λεχθήσεται</span> 
     </span>
    </p>
   </div>
   <div class='ocr_carea' id='block_1_35' title="bbox 1929 1769 3518 1864">
    <p class='ocr_par' dir='ltr' id='par_1_35' title="bbox 1937 1783 3518 1857">
     <span class='ocr_line' id='line_1_35' title="bbox 1937 1783 3518 1857; baseline 0.004 -19"><span class='ocrx_word' id='word_1_268' title='bbox 1937 1784 2060 1849; x_wconf 89' lang='lat' dir='ltr'><strong>hoc,</strong></span> <span class='ocrx_word' id='word_1_269' title='bbox 2121 1801 2140 1834; x_wconf 76' lang='grc' dir='ltr'><strong>ι</strong></span> <span class='ocrx_word' id='word_1_270' title='bbox 2177 1783 2356 1838; x_wconf 83' lang='lat' dir='ltr'><strong>Fratri</strong></span> <span class='ocrx_word' id='word_1_271' title='bbox 2396 1789 2488 1836; x_wconf 91' lang='lat' dir='ltr'><strong>tuo</strong></span> <span class='ocrx_word' id='word_1_272' title='bbox 2513 1783 2718 1838; x_wconf 89' lang='lat' dir='ltr'><strong>servies</strong></span> <span class='ocrx_word' id='word_1_273' title='bbox 2744 1785 2810 1848; x_wconf 72' lang='lat'><strong>“,</strong></span> <span class='ocrx_word' id='word_1_274' title='bbox 2851 1803 2870 1836; x_wconf 91' lang='lat'><strong>1</strong></span> <span class='ocrx_word' id='word_1_275' title='bbox 2911 1785 3102 1841; x_wconf 88' lang='lat' dir='ltr'><strong>referri</strong></span> <span class='ocrx_word' id='word_1_276' title='bbox 3127 1796 3303 1857; x_wconf 85' lang='lat' dir='ltr'><strong>potest</strong></span> <span class='ocrx_word' id='word_1_277' title='bbox 3333 1791 3398 1843; x_wconf 90' lang='lat' dir='ltr'><strong>ad</strong></span> <span class='ocrx_word' id='word_1_278' title='bbox 3421 1804 3518 1844; x_wconf 84' lang='lat' dir='ltr'><strong>eos</strong></span> 
     </span>
    </p>
   </div>
   <div class='ocr_carea' id='block_1_36' title="bbox 247 1875 1828 1959">
    <p class='ocr_par' dir='ltr' id='par_1_36' title="bbox 247 1875 1828 1959">
     <span class='ocr_line' id='line_1_36' title="bbox 247 1875 1828 1959; baseline 0.008 -32"><span class='ocrx_word' id='word_1_279' title='bbox 247 1875 358 1928; x_wconf 80' lang='grc' dir='ltr'><strong>ὑπὸ</strong></span> <span class='ocrx_word' id='word_1_280' title='bbox 385 1875 478 1929; x_wconf 92' lang='grc' dir='ltr'><strong>τοῦ</strong></span> <span class='ocrx_word' id='word_1_281' title='bbox 519 1877 693 1948; x_wconf 88' lang='grc' dir='ltr'>Ἰησοῦ</span> <span class='ocrx_word' id='word_1_282' title='bbox 722 1879 818 1932; x_wconf 80' lang='grc' dir='ltr'>τό’</span> <span class='ocrx_word' id='word_1_283' title='bbox 856 1899 874 1932; x_wconf 83' lang='grc' dir='ltr'><strong>ι</strong></span> <span class='ocrx_word' id='word_1_284' title='bbox 915 1881 1102 1953; x_wconf 76' lang='grc' dir='ltr'>Ὑμεῖς</span> <span class='ocrx_word' id='word_1_285' title='bbox 1143 1885 1367 1951; x_wconf 79' lang='grc' dir='ltr'>φωνεῖτέ</span> <span class='ocrx_word' id='word_1_286' title='bbox 1405 1902 1492 1954; x_wconf 92' lang='grc' dir='ltr'><strong>με,</strong></span> <span class='ocrx_word' id='word_1_287' title='bbox 1535 1886 1564 1938; x_wconf 90' lang='lat'><strong>6</strong></span> <span class='ocrx_word' id='word_1_288' title='bbox 1606 1885 1828 1959; x_wconf 83' lang='grc' dir='ltr'>Κύριος,</span> 
     </span>
    </p>
   </div>
   <div class='ocr_carea' id='block_1_37' title="bbox 246 1969 1831 2050">
    <p class='ocr_par' dir='ltr' id='par_1_37' title="bbox 246 1969 1831 2050">
     <span class='ocr_line' id='line_1_37' title="bbox 246 1969 1831 2050; baseline 0.008 -29"><span class='ocrx_word' id='word_1_289' title='bbox 246 1969 345 2022; x_wconf 61' lang='grc' dir='ltr'><strong>καὶ⁸</strong></span> <span class='ocrx_word' id='word_1_290' title='bbox 369 1969 548 2034; x_wconf 82' lang='grc' dir='ltr'>καλῶς</span> <span class='ocrx_word' id='word_1_291' title='bbox 576 1970 815 2040; x_wconf 73' lang='grc' dir='ltr'>λέγετε.»</span> <span class='ocrx_word' id='word_1_292' title='bbox 839 1974 912 2027; x_wconf 85' lang='grc' dir='ltr'><strong>Οὐ</strong></span> <span class='ocrx_word' id='word_1_293' title='bbox 937 1973 1113 2038; x_wconf 89' lang='grc' dir='ltr'>καλῶς</span> <span class='ocrx_word' id='word_1_294' title='bbox 1137 1971 1227 2031; x_wconf 82' lang='grc' dir='ltr'><strong>οῦν</strong></span> <span class='ocrx_word' id='word_1_295' title='bbox 1242 1976 1478 2046; x_wconf 89' lang='grc' dir='ltr'>λέγουσι,</span> <span class='ocrx_word' id='word_1_296' title='bbox 1500 1979 1755 2050; x_wconf 62' lang='grc' dir='ltr'>«Κύριεμ</span> <span class='ocrx_word' id='word_1_297' title='bbox 1782 1981 1831 2034; x_wconf 85' lang='grc' dir='ltr'>οἱ</span> 
     </span>
    </p>
   </div>
   <div class='ocr_carea' id='block_1_38' title="bbox 249 2061 1832 2144">
    <p class='ocr_par' dir='ltr' id='par_1_38' title="bbox 249 2061 1832 2144">
     <span class='ocr_line' id='line_1_38' title="bbox 249 2061 1832 2144; baseline 0.008 -30"><span class='ocrx_word' id='word_1_298' title='bbox 249 2061 308 2114; x_wconf 78' lang='grc' dir='ltr'>ἐν</span> <span class='ocrx_word' id='word_1_299' title='bbox 339 2064 404 2131; x_wconf 86' lang='grc' dir='ltr'>τῇ</span> <span class='ocrx_word' id='word_1_300' title='bbox 445 2063 630 2135; x_wconf 76' lang='grc' dir='ltr'>ἡμέρᾳ</span> <span class='ocrx_word' id='word_1_301' title='bbox 657 2065 841 2140; x_wconf 80' lang='grc' dir='ltr'>ἐκείνῃ</span> <span class='ocrx_word' id='word_1_302' title='bbox 883 2069 1176 2139; x_wconf 83' lang='grc' dir='ltr'>φήσοντες·</span> <span class='ocrx_word' id='word_1_303' title='bbox 1219 2088 1237 2120; x_wconf 82' lang='lat' dir='ltr'><strong>t</strong></span> <span class='ocrx_word' id='word_1_304' title='bbox 1267 2070 1463 2142; x_wconf 86' lang='grc' dir='ltr'>Κύριε,</span> <span class='ocrx_word' id='word_1_305' title='bbox 1511 2071 1704 2144; x_wconf 85' lang='grc' dir='ltr'>Κύριε,</span> <span class='ocrx_word' id='word_1_306' title='bbox 1732 2073 1832 2127; x_wconf 87' lang='grc' dir='ltr'><strong>ούκ</strong></span> 
     </span>
    </p>
   </div>
   <div class='ocr_carea' id='block_1_39' title="bbox 246 2151 1830 2234">
    <p class='ocr_par' dir='ltr' id='par_1_39' title="bbox 246 2151 1830 2234">
     <span class='ocr_line' id='line_1_39' title="bbox 246 2151 1830 2234; baseline 0.009 -30"><span class='ocrx_word' id='word_1_307' title='bbox 246 2151 307 2204; x_wconf 82' lang='grc' dir='ltr'>ὲν</span> <span class='ocrx_word' id='word_1_308' title='bbox 332 2152 408 2223; x_wconf 81' lang='grc' dir='ltr'><strong>τῷ</strong></span> <span class='ocrx_word' id='word_1_309' title='bbox 437 2154 657 2224; x_wconf 86' lang='grc' dir='ltr'>ὀνόματί</span> <span class='ocrx_word' id='word_1_310' title='bbox 692 2173 786 2209; x_wconf 94' lang='grc' dir='ltr'><strong>σου</strong></span> <span class='ocrx_word' id='word_1_311' title='bbox 825 2158 1124 2229; x_wconf 72' lang='grc' dir='ltr'><strong>ἐφάγομεν,</strong></span> <span class='ocrx_word' id='word_1_312' title='bbox 1166 2163 1262 2214; x_wconf 73' lang='grc' dir='ltr'>καὶ</span> <span class='ocrx_word' id='word_1_313' title='bbox 1293 2163 1350 2214; x_wconf 82' lang='grc' dir='ltr'>ὲν</span> <span class='ocrx_word' id='word_1_314' title='bbox 1374 2161 1451 2234; x_wconf 80' lang='grc' dir='ltr'>τῷ</span> <span class='ocrx_word' id='word_1_315' title='bbox 1483 2163 1706 2233; x_wconf 81' lang='grc' dir='ltr'>ὀνόματί</span> <span class='ocrx_word' id='word_1_316' title='bbox 1737 2181 1830 2218; x_wconf 92' lang='grc' dir='ltr'><strong>σου</strong></span> 
     </span>
    </p>
   </div>
   <div class='ocr_carea' id='block_1_40' title="bbox 247 2241 1827 2326">
    <p class='ocr_par' dir='ltr' id='par_1_40' title="bbox 247 2241 1827 2326">
     <span class='ocr_line' id='line_1_40' title="bbox 247 2241 1827 2326; baseline 0.011 -33"><span class='ocrx_word' id='word_1_317' title='bbox 247 2241 493 2313; x_wconf 78' lang='grc' dir='ltr'>ἐπίομεν,</span> <span class='ocrx_word' id='word_1_318' title='bbox 530 2245 623 2297; x_wconf 71' lang='grc' dir='ltr'><strong>καὶ</strong></span> <span class='ocrx_word' id='word_1_319' title='bbox 651 2247 708 2298; x_wconf 82' lang='grc' dir='ltr'>ὲν</span> <span class='ocrx_word' id='word_1_320' title='bbox 729 2245 807 2318; x_wconf 82' lang='grc' dir='ltr'><strong>τῷ</strong></span> <span class='ocrx_word' id='word_1_321' title='bbox 830 2247 1054 2318; x_wconf 75' lang='grc' dir='ltr'>ὀνόματί</span> <span class='ocrx_word' id='word_1_322' title='bbox 1084 2267 1176 2302; x_wconf 87' lang='grc' dir='ltr'><strong>σου</strong></span> <span class='ocrx_word' id='word_1_323' title='bbox 1199 2250 1449 2322; x_wconf 85' lang='grc' dir='ltr'>δαιμόνια</span> <span class='ocrx_word' id='word_1_324' title='bbox 1478 2253 1827 2326; x_wconf 76' lang='grc' dir='ltr'>ἐξεϐάλομεν,</span> 
     </span>
    </p>
   </div>
   <div class='ocr_carea' id='block_1_41' title="bbox 248 2332 1831 2413">
    <p class='ocr_par' dir='ltr' id='par_1_41' title="bbox 248 2332 1831 2413">
     <span class='ocr_line' id='line_1_41' title="bbox 248 2332 1831 2413; baseline 0.011 -30"><span class='ocrx_word' id='word_1_325' title='bbox 248 2333 346 2384; x_wconf 75' lang='grc' dir='ltr'>καὶ</span> <span class='ocrx_word' id='word_1_326' title='bbox 389 2332 644 2405; x_wconf 87' lang='grc' dir='ltr'>δυνάμεις</span> <span class='ocrx_word' id='word_1_327' title='bbox 688 2337 1099 2410; x_wconf 78' lang='grc' dir='ltr'>πεποιήκαμεν;</span> <span class='ocrx_word' id='word_1_328' title='bbox 1128 2359 1145 2390; x_wconf 86' lang='lat'><strong>1</strong></span> <span class='ocrx_word' id='word_1_329' title='bbox 1190 2342 1355 2413; x_wconf 85' lang='grc' dir='ltr'>Φήσει</span> <span class='ocrx_word' id='word_1_330' title='bbox 1396 2343 1526 2412; x_wconf 88' lang='grc' dir='ltr'>γοῦν</span> <span class='ocrx_word' id='word_1_331' title='bbox 1571 2345 1753 2410; x_wconf 77' lang='grc' dir='ltr'>αὐτοῖς</span> <span class='ocrx_word' id='word_1_332' title='bbox 1802 2347 1831 2399; x_wconf 88' lang='lat'><strong>6</strong></span> 
     </span>
    </p>
   </div>
   <div class='ocr_carea' id='block_1_42' title="bbox 261 2423 1828 2508">
    <p class='ocr_par' dir='ltr' id='par_1_42' title="bbox 261 2423 1828 2508">
     <span class='ocr_line' id='line_1_42' title="bbox 261 2423 1828 2508; baseline 0.01 -32"><span class='ocrx_word' id='word_1_333' title='bbox 261 2423 495 2495; x_wconf 73' lang='grc' dir='ltr'>Ἰησοῦςο</span> <span class='ocrx_word' id='word_1_334' title='bbox 549 2445 566 2478; x_wconf 84' lang='grc' dir='ltr'><strong>ι</strong></span> <span class='ocrx_word' id='word_1_335' title='bbox 603 2429 964 2501; x_wconf 85' lang='grc' dir='ltr'>Ἀποχωρεῖτε</span> <span class='ocrx_word' id='word_1_336' title='bbox 1007 2434 1102 2486; x_wconf 82' lang='grc' dir='ltr'><strong>ἀπ’</strong></span> <span class='ocrx_word' id='word_1_337' title='bbox 1135 2432 1305 2505; x_wconf 81' lang='grc' dir='ltr'>ἐμοῦ·</span> <span class='ocrx_word' id='word_1_338' title='bbox 1356 2437 1609 2492; x_wconf 79' lang='grc' dir='ltr'>οὐδέποτε</span> <span class='ocrx_word' id='word_1_339' title='bbox 1659 2438 1828 2508; x_wconf 79' lang='grc' dir='ltr'>ἔγνων</span> 
     </span>
    </p>
   </div>
   <div class='ocr_carea' id='block_1_43' title="bbox 243 2511 1828 2597">
    <p class='ocr_par' dir='ltr' id='par_1_43' title="bbox 243 2511 1828 2597">
     <span class='ocr_line' id='line_1_43' title="bbox 243 2511 1828 2597; baseline 0.011 -31"><span class='ocrx_word' id='word_1_340' title='bbox 243 2511 412 2583; x_wconf 74' lang='grc' dir='ltr'>ὑμᾶς,</span> <span class='ocrx_word' id='word_1_341' title='bbox 449 2517 530 2571; x_wconf 83' lang='grc' dir='ltr'>ὅτι</span> <span class='ocrx_word' id='word_1_342' title='bbox 556 2520 782 2590; x_wconf 78' lang='grc' dir='ltr'>ἐργάται</span> <span class='ocrx_word' id='word_1_343' title='bbox 806 2522 926 2574; x_wconf 83' lang='grc' dir='ltr'>ὲστὲ</span> <span class='ocrx_word' id='word_1_344' title='bbox 954 2522 1166 2588; x_wconf 83' lang='grc' dir='ltr'>ἀδικίας</span> <span class='ocrx_word' id='word_1_345' title='bbox 1187 2542 1200 2554; x_wconf 88' lang='grc'><strong>·</strong></span> <span class='ocrx_word' id='word_1_346' title='bbox 1224 2542 1242 2576; x_wconf 85' lang='lat'><strong>1</strong></span> <span class='ocrx_word' id='word_1_347' title='bbox 1277 2525 1377 2579; x_wconf 87' lang='grc' dir='ltr'>οὐκ</span> <span class='ocrx_word' id='word_1_348' title='bbox 1400 2526 1466 2580; x_wconf 83' lang='grc' dir='ltr'>ἂν</span> <span class='ocrx_word' id='word_1_349' title='bbox 1488 2527 1544 2581; x_wconf 86' lang='grc' dir='ltr'>δὲ</span> <span class='ocrx_word' id='word_1_350' title='bbox 1579 2527 1828 2597; x_wconf 84' lang='grc' dir='ltr'>λέγουσιν</span> 
     </span>
    </p>
   </div>
   <div class='ocr_carea' id='block_1_44' title="bbox 241 2605 1829 2685">
    <p class='ocr_par' dir='ltr' id='par_1_44' title="bbox 241 2605 1829 2685">
     <span class='ocr_line' id='line_1_44' title="bbox 241 2605 1829 2685; baseline 0.01 -29"><span class='ocrx_word' id='word_1_351' title='bbox 241 2605 432 2669; x_wconf 84' lang='grc' dir='ltr'>αὐτοῖς</span> <span class='ocrx_word' id='word_1_352' title='bbox 466 2608 645 2674; x_wconf 85' lang='grc' dir='ltr'>καλῶς</span> <span class='ocrx_word' id='word_1_353' title='bbox 689 2611 770 2675; x_wconf 91' lang='lat'><strong>16,</strong></span> <span class='ocrx_word' id='word_1_354' title='bbox 818 2611 1052 2682; x_wconf 75' lang='grc' dir='ltr'>«Κύριε,</span> <span class='ocrx_word' id='word_1_355' title='bbox 1096 2613 1331 2685; x_wconf 78' lang='grc' dir='ltr'>Κύριε,›</span> <span class='ocrx_word' id='word_1_356' title='bbox 1377 2615 1497 2673; x_wconf 79' lang='grc' dir='ltr'>εῐπε</span> <span class='ocrx_word' id='word_1_357' title='bbox 1531 2615 1623 2670; x_wconf 91' lang='grc' dir='ltr'>τό·</span> <span class='ocrx_word' id='word_1_358' title='bbox 1667 2618 1829 2673; x_wconf 73' lang='grc' dir='ltr'>Ἀποο</span> 
     </span>
    </p>
   </div>
   <div class='ocr_carea' id='block_1_45' title="bbox 241 2699 1824 2784">
    <p class='ocr_par' dir='ltr' id='par_1_45' title="bbox 241 2699 1824 2784">
     <span class='ocr_line' id='line_1_45' title="bbox 241 2699 1824 2784; baseline 0.009 -34"><span class='ocrx_word' id='word_1_359' title='bbox 241 2699 483 2768; x_wconf 81' lang='grc' dir='ltr'>χωρεῖτε</span> <span class='ocrx_word' id='word_1_360' title='bbox 517 2703 620 2756; x_wconf 81' lang='grc' dir='ltr'><strong>ἀπ’</strong></span> <span class='ocrx_word' id='word_1_361' title='bbox 648 2705 816 2774; x_wconf 82' lang='grc' dir='ltr'>ἐμοῦ.</span> <span class='ocrx_word' id='word_1_362' title='bbox 862 2706 1023 2761; x_wconf 77' lang='grc' dir='ltr'>Ἀλλὰ</span> <span class='ocrx_word' id='word_1_363' title='bbox 1041 2708 1156 2772; x_wconf 69' lang='grc' dir='ltr'>καὶ,</span> <span class='ocrx_word' id='word_1_364' title='bbox 1193 2728 1211 2761; x_wconf 81' lang='grc' dir='ltr'><strong>ι</strong></span> <span class='ocrx_word' id='word_1_365' title='bbox 1233 2709 1294 2762; x_wconf 84' lang='grc' dir='ltr'><strong>ού</strong></span> <span class='ocrx_word' id='word_1_366' title='bbox 1321 2710 1428 2772; x_wconf 75' lang='grc' dir='ltr'>πᾶς</span> <span class='ocrx_word' id='word_1_367' title='bbox 1455 2710 1482 2762; x_wconf 86' lang='grc' dir='ltr'>ὁ</span> <span class='ocrx_word' id='word_1_368' title='bbox 1510 2709 1686 2780; x_wconf 88' lang='grc' dir='ltr'>λέγων</span> <span class='ocrx_word' id='word_1_369' title='bbox 1714 2731 1824 2784; x_wconf 88' lang='grc' dir='ltr'>μοι,</span> 
     </span>
    </p>
   </div>
   <div class='ocr_carea' id='block_1_46' title="bbox 241 2789 1826 2872">
    <p class='ocr_par' dir='ltr' id='par_1_46' title="bbox 241 2789 1826 2872">
     <span class='ocr_line' id='line_1_46' title="bbox 241 2789 1826 2872; baseline 0.01 -30"><span class='ocrx_word' id='word_1_370' title='bbox 241 2789 414 2862; x_wconf 84' lang='grc' dir='ltr'>Κύριε</span> <span class='ocrx_word' id='word_1_371' title='bbox 440 2831 455 2854; x_wconf 93' lang='grc'><strong>,</strong></span> <span class='ocrx_word' id='word_1_372' title='bbox 489 2793 681 2866; x_wconf 81' lang='grc' dir='ltr'>Κύριε,</span> <span class='ocrx_word' id='word_1_373' title='bbox 726 2797 1090 2853; x_wconf 80' lang='grc' dir='ltr'><strong>εἰσελεύσεται</strong></span> <span class='ocrx_word' id='word_1_374' title='bbox 1129 2801 1210 2863; x_wconf 72' lang='grc' dir='ltr'><strong>εἰς</strong></span> <span class='ocrx_word' id='word_1_375' title='bbox 1263 2801 1360 2872; x_wconf 80' lang='grc' dir='ltr'>τὴν</span> <span class='ocrx_word' id='word_1_376' title='bbox 1402 2799 1676 2870; x_wconf 87' lang='grc' dir='ltr'>βασιλείαν</span> <span class='ocrx_word' id='word_1_377' title='bbox 1719 2804 1826 2858; x_wconf 85' lang='grc' dir='ltr'><strong>τῶν</strong></span> 
     </span>
    </p>
   </div>
   <div class='ocr_carea' id='block_1_47' title="bbox 239 2883 1824 2967">
    <p class='ocr_par' dir='ltr' id='par_1_47' title="bbox 239 2883 1824 2967">
     <span class='ocr_line' id='line_1_47' title="bbox 239 2883 1824 2967; baseline 0.011 -33"><span class='ocrx_word' id='word_1_378' title='bbox 239 2883 541 2954; x_wconf 59' lang='grc' dir='ltr'>ούρανῶνμ</span> <span class='ocrx_word' id='word_1_379' title='bbox 570 2888 921 2961; x_wconf 86' lang='grc' dir='ltr'>παρίστησιν,</span> <span class='ocrx_word' id='word_1_380' title='bbox 953 2892 1113 2944; x_wconf 83' lang='grc' dir='ltr'><strong>ὅτιού</strong></span> <span class='ocrx_word' id='word_1_381' title='bbox 1143 2894 1250 2956; x_wconf 78' lang='grc' dir='ltr'>πᾶς</span> <span class='ocrx_word' id='word_1_382' title='bbox 1291 2893 1320 2945; x_wconf 93' lang='lat'><strong>6</strong></span> <span class='ocrx_word' id='word_1_383' title='bbox 1355 2892 1551 2962; x_wconf 89' lang='grc' dir='ltr'>λέγων,</span> <span class='ocrx_word' id='word_1_384' title='bbox 1582 2913 1599 2946; x_wconf 85' lang='grc' dir='ltr'><strong>ι</strong></span> <span class='ocrx_word' id='word_1_385' title='bbox 1629 2895 1824 2967; x_wconf 86' lang='grc' dir='ltr'>Κύριε.</span> 
     </span>
    </p>
   </div>
   <div class='ocr_carea' id='block_1_48' title="bbox 243 2974 1820 3055">
    <p class='ocr_par' dir='ltr' id='par_1_48' title="bbox 243 2974 1820 3055">
     <span class='ocr_line' id='line_1_48' title="bbox 243 2974 1820 3055; baseline 0.01 -29"><span class='ocrx_word' id='word_1_386' title='bbox 243 2974 437 3045; x_wconf 83' lang='grc' dir='ltr'>Κύριε,</span> <span class='ocrx_word' id='word_1_387' title='bbox 465 2997 484 3028; x_wconf 91' lang='lat'><strong>1</strong></span> <span class='ocrx_word' id='word_1_388' title='bbox 528 2981 902 3055; x_wconf 88' lang='grc' dir='ltr'>μαρτυρηθείη</span> <span class='ocrx_word' id='word_1_389' title='bbox 933 2982 999 3036; x_wconf 84' lang='grc' dir='ltr'>ἂν</span> <span class='ocrx_word' id='word_1_390' title='bbox 1027 2984 1119 3036; x_wconf 78' lang='grc' dir='ltr'>ὑπ’</span> <span class='ocrx_word' id='word_1_391' title='bbox 1148 2983 1334 3048; x_wconf 82' lang='grc' dir='ltr'>αὐτοῦ,</span> <span class='ocrx_word' id='word_1_392' title='bbox 1376 2985 1452 3049; x_wconf 82' lang='grc' dir='ltr'><strong>ὡς</strong></span> <span class='ocrx_word' id='word_1_393' title='bbox 1486 2986 1582 3039; x_wconf 92' lang='grc' dir='ltr'><strong>νῦν</strong></span> <span class='ocrx_word' id='word_1_394' title='bbox 1604 2989 1650 3040; x_wconf 87' lang='grc' dir='ltr'>οί</span> <span class='ocrx_word' id='word_1_395' title='bbox 1681 2988 1820 3042; x_wconf 80' lang='grc' dir='ltr'>ἀπό-</span> 
     </span>
    </p>
   </div>
   <div class='ocr_carea' id='block_1_49' title="bbox 245 3065 1890 3160">
    <p class='ocr_par' dir='ltr' id='par_1_49' title="bbox 245 3065 1890 3160">
     <span class='ocr_line' id='line_1_49' title="bbox 245 3065 1890 3160; baseline 0.01 -42"><span class='ocrx_word' id='word_1_396' title='bbox 245 3065 421 3120; x_wconf 89' lang='grc' dir='ltr'>στολοι</span> <span class='ocrx_word' id='word_1_397' title='bbox 448 3069 582 3142; x_wconf 84' lang='grc' dir='ltr'>πρὸς</span> <span class='ocrx_word' id='word_1_398' title='bbox 621 3071 713 3136; x_wconf 86' lang='grc' dir='ltr'>οὓς</span> <span class='ocrx_word' id='word_1_399' title='bbox 750 3068 870 3127; x_wconf 71' lang='grc' dir='ltr'>εἷπε</span> <span class='ocrx_word' id='word_1_400' title='bbox 891 3091 904 3105; x_wconf 88' lang='grc'><strong>·</strong></span> <span class='ocrx_word' id='word_1_401' title='bbox 950 3094 967 3126; x_wconf 76' lang='grc' dir='ltr'><strong>ι</strong></span> <span class='ocrx_word' id='word_1_402' title='bbox 1000 3075 1197 3138; x_wconf 84' lang='grc' dir='ltr'>Καλῶς</span> <span class='ocrx_word' id='word_1_403' title='bbox 1221 3075 1407 3144; x_wconf 85' lang='grc' dir='ltr'>λέγετε</span> <span class='ocrx_word' id='word_1_404' title='bbox 1432 3095 1444 3108; x_wconf 88' lang='grc'><strong>·</strong></span> <span class='ocrx_word' id='word_1_405' title='bbox 1474 3079 1591 3150; x_wconf 78' lang='grc' dir='ltr'>εἰμὶ</span> <span class='ocrx_word' id='word_1_406' title='bbox 1625 3081 1762 3152; x_wconf 84' lang='grc' dir='ltr'>γάρ·</span> <span class='ocrx_word' id='word_1_407' title='bbox 1797 3100 1815 3134; x_wconf 88' lang='lat'><strong>1</strong></span> <span class='ocrx_word' id='word_1_408' title='bbox 1848 3100 1890 3160; x_wconf 72' lang='grc' dir='ltr'>ο</span> 
     </span>
    </p>
   </div>
   <div class='ocr_carea' id='block_1_50' title="bbox 243 3157 1821 3245">
    <p class='ocr_par' dir='ltr' id='par_1_50' title="bbox 243 3157 1821 3245">
     <span class='ocr_line' id='line_1_50' title="bbox 243 3157 1821 3245; baseline 0.011 -35"><span class='ocrx_word' id='word_1_409' title='bbox 243 3157 341 3212; x_wconf 80' lang='grc' dir='ltr'><strong>καὶ</strong></span> <span class='ocrx_word' id='word_1_410' title='bbox 378 3159 486 3232; x_wconf 84' lang='grc' dir='ltr'><strong>γὰρ</strong></span> <span class='ocrx_word' id='word_1_411' title='bbox 517 3162 731 3235; x_wconf 83' lang='grc' dir='ltr'>άληθῶς</span> <span class='ocrx_word' id='word_1_412' title='bbox 759 3165 925 3218; x_wconf 86' lang='grc' dir='ltr'>κακία</span> <span class='ocrx_word' id='word_1_413' title='bbox 954 3167 1052 3236; x_wconf 84' lang='grc' dir='ltr'>μὲν</span> <span class='ocrx_word' id='word_1_414' title='bbox 1078 3167 1257 3222; x_wconf 82' lang='grc' dir='ltr'>αὐτῶν</span> <span class='ocrx_word' id='word_1_415' title='bbox 1294 3171 1496 3225; x_wconf 79' lang='grc' dir='ltr'>οὐκέτι</span> <span class='ocrx_word' id='word_1_416' title='bbox 1533 3173 1698 3243; x_wconf 83' lang='grc' dir='ltr'>κυρία</span> <span class='ocrx_word' id='word_1_417' title='bbox 1731 3169 1821 3245; x_wconf 78' lang='grc' dir='ltr'>ἦν,</span> 
     </span>
    </p>
   </div>
   <div class='ocr_carea' id='block_1_51' title="bbox 242 3248 1823 3334">
    <p class='ocr_par' dir='ltr' id='par_1_51' title="bbox 242 3248 1823 3334">
     <span class='ocr_line' id='line_1_51' title="bbox 242 3248 1823 3334; baseline 0.009 -33"><span class='ocrx_word' id='word_1_418' title='bbox 242 3249 272 3301; x_wconf 80' lang='lat'><strong>6</strong></span> <span class='ocrx_word' id='word_1_419' title='bbox 311 3248 465 3318; x_wconf 81' lang='grc' dir='ltr'>λόγος</span> <span class='ocrx_word' id='word_1_420' title='bbox 493 3251 550 3304; x_wconf 90' lang='grc' dir='ltr'><strong>δέ</strong></span> <span class='ocrx_word' id='word_1_421' title='bbox 569 3269 582 3282; x_wconf 82' lang='lat'><strong><em>°</em></strong></span> <span class='ocrx_word' id='word_1_422' title='bbox 616 3256 709 3306; x_wconf 74' lang='grc' dir='ltr'>καὶ</span> <span class='ocrx_word' id='word_1_423' title='bbox 740 3255 1074 3321; x_wconf 80' lang='grc' dir='ltr'><strong>ἁπαξαπλῶς</strong></span> <span class='ocrx_word' id='word_1_424' title='bbox 1113 3257 1314 3330; x_wconf 83' lang='grc' dir='ltr'>Κύριος</span> <span class='ocrx_word' id='word_1_425' title='bbox 1343 3262 1376 3331; x_wconf 84' lang='grc' dir='ltr'>ἡ</span> <span class='ocrx_word' id='word_1_426' title='bbox 1410 3263 1556 3314; x_wconf 78' lang='grc' dir='ltr'>πᾶσα</span> <span class='ocrx_word' id='word_1_427' title='bbox 1583 3261 1823 3334; x_wconf 78' lang='grc' dir='ltr'>ἔμψυχος</span> 
     </span>
    </p>
   </div>
   <div class='ocr_carea' id='block_1_52' title="bbox 242 3339 1820 3422">
    <p class='ocr_par' dir='ltr' id='par_1_52' title="bbox 242 3339 1820 3422">
     <span class='ocr_line' id='line_1_52' title="bbox 242 3339 1820 3422; baseline 0.011 -30"><span class='ocrx_word' id='word_1_428' title='bbox 242 3339 339 3393; x_wconf 77' lang='grc' dir='ltr'><strong>καὶ</strong></span> <span class='ocrx_word' id='word_1_429' title='bbox 377 3339 525 3406; x_wconf 82' lang='grc' dir='ltr'>ζῶσα</span> <span class='ocrx_word' id='word_1_430' title='bbox 571 3345 760 3418; x_wconf 84' lang='grc' dir='ltr'>ἀρετή.</span> <span class='ocrx_word' id='word_1_431' title='bbox 815 3347 974 3401; x_wconf 81' lang='grc' dir='ltr'>Ἀλλὰ</span> <span class='ocrx_word' id='word_1_432' title='bbox 1007 3349 1099 3402; x_wconf 71' lang='grc' dir='ltr'><strong>καὶ</strong></span> <span class='ocrx_word' id='word_1_433' title='bbox 1136 3349 1294 3422; x_wconf 81' lang='grc' dir='ltr'>εἴπερ</span> <span class='ocrx_word' id='word_1_434' title='bbox 1338 3371 1356 3402; x_wconf 78' lang='grc' dir='ltr'><strong>ι</strong></span> <span class='ocrx_word' id='word_1_435' title='bbox 1387 3353 1560 3417; x_wconf 79' lang='grc' dir='ltr'>οὐδεὶς</span> <span class='ocrx_word' id='word_1_436' title='bbox 1599 3353 1820 3409; x_wconf 87' lang='grc' dir='ltr'>δύναται</span> 
     </span>
    </p>
   </div>
   <div class='ocr_carea' id='block_1_53' title="bbox 240 3434 1814 3517">
    <p class='ocr_par' dir='ltr' id='par_1_53' title="bbox 240 3434 1814 3517">
     <span class='ocr_line' id='line_1_53' title="bbox 240 3434 1814 3517; baseline 0.009 -32"><span class='ocrx_word' id='word_1_437' title='bbox 240 3434 438 3498; x_wconf 81' lang='grc' dir='ltr'>εἰπεῖν,</span> <span class='ocrx_word' id='word_1_438' title='bbox 479 3435 681 3508; x_wconf 83' lang='grc' dir='ltr'>Κύριος</span> <span class='ocrx_word' id='word_1_439' title='bbox 739 3438 963 3508; x_wconf 80' lang='grc' dir='ltr'>Ἰησοῦς,</span> <span class='ocrx_word' id='word_1_440' title='bbox 995 3442 1044 3493; x_wconf 84' lang='grc' dir='ltr'>εί</span> <span class='ocrx_word' id='word_1_441' title='bbox 1090 3441 1164 3513; x_wconf 87' lang='grc' dir='ltr'>μὴ</span> <span class='ocrx_word' id='word_1_442' title='bbox 1193 3445 1248 3495; x_wconf 78' lang='grc' dir='ltr'>ὲν</span> <span class='ocrx_word' id='word_1_443' title='bbox 1292 3443 1568 3514; x_wconf 90' lang='grc' dir='ltr'>Πνεύματι</span> <span class='ocrx_word' id='word_1_444' title='bbox 1597 3446 1758 3517; x_wconf 83' lang='grc' dir='ltr'>ἁγίῳ,</span> <span class='ocrx_word' id='word_1_445' title='bbox 1795 3466 1814 3499; x_wconf 90' lang='lat'><strong>1</strong></span> 
     </span>
    </p>
   </div>
   <div class='ocr_carea' id='block_1_54' title="bbox 237 3527 1820 3608">
    <p class='ocr_par' dir='ltr' id='par_1_54' title="bbox 237 3527 1820 3608">
     <span class='ocr_line' id='line_1_54' title="bbox 237 3527 1820 3608; baseline 0.009 -29"><span class='ocrx_word' id='word_1_446' title='bbox 237 3527 338 3580; x_wconf 64' lang='grc' dir='ltr'>καὶ</span> <span class='ocrx_word' id='word_1_447' title='bbox 375 3527 602 3600; x_wconf 85' lang='grc' dir='ltr'>νοοῦμεν</span> <span class='ocrx_word' id='word_1_448' title='bbox 649 3531 707 3584; x_wconf 81' lang='grc' dir='ltr'>ὲν</span> <span class='ocrx_word' id='word_1_449' title='bbox 748 3533 921 3604; x_wconf 86' lang='grc' dir='ltr'>τούτῳ</span> <span class='ocrx_word' id='word_1_450' title='bbox 970 3533 1022 3587; x_wconf 89' lang='grc' dir='ltr'><strong>τί</strong></span> <span class='ocrx_word' id='word_1_451' title='bbox 1072 3536 1188 3588; x_wconf 79' lang='grc' dir='ltr'>ἐστι</span> <span class='ocrx_word' id='word_1_452' title='bbox 1217 3535 1278 3588; x_wconf 84' lang='lat'><strong>16</strong></span> <span class='ocrx_word' id='word_1_453' title='bbox 1327 3538 1521 3603; x_wconf 70' lang='grc' dir='ltr'>εἰπεῖν,</span> <span class='ocrx_word' id='word_1_454' title='bbox 1573 3539 1820 3608; x_wconf 81' lang='grc' dir='ltr'>ιΚύριος</span> 
     </span>
    </p>
   </div>
   <div class='ocr_carea' id='block_1_55' title="bbox 251 3620 1820 3702">
    <p class='ocr_par' dir='ltr' id='par_1_55' title="bbox 251 3620 1820 3702">
     <span class='ocr_line' id='line_1_55' title="bbox 251 3620 1820 3702; baseline 0.008 -30"><span class='ocrx_word' id='word_1_455' title='bbox 251 3620 492 3691; x_wconf 83' lang='grc' dir='ltr'>Ἰησοῦς,</span> <span class='ocrx_word' id='word_1_456' title='bbox 524 3642 542 3674; x_wconf 83' lang='lat'><strong>1</strong></span> <span class='ocrx_word' id='word_1_457' title='bbox 601 3623 630 3676; x_wconf 92' lang='lat'><strong>6</strong></span> <span class='ocrx_word' id='word_1_458' title='bbox 678 3624 735 3679; x_wconf 83' lang='grc' dir='ltr'>ὲν</span> <span class='ocrx_word' id='word_1_459' title='bbox 779 3625 1052 3696; x_wconf 88' lang='grc' dir='ltr'>Πνεύματι</span> <span class='ocrx_word' id='word_1_460' title='bbox 1107 3627 1246 3698; x_wconf 82' lang='grc' dir='ltr'>ἁγίῳ</span> <span class='ocrx_word' id='word_1_461' title='bbox 1303 3628 1511 3698; x_wconf 85' lang='grc' dir='ltr'>λέγων,</span> <span class='ocrx_word' id='word_1_462' title='bbox 1579 3631 1820 3702; x_wconf 79' lang='grc' dir='ltr'>«Κύριος</span> 
     </span>
    </p>
   </div>
   <div class='ocr_carea' id='block_1_56' title="bbox 251 3712 1819 3792">
    <p class='ocr_par' dir='ltr' id='par_1_56' title="bbox 251 3712 1819 3792">
     <span class='ocr_line' id='line_1_56' title="bbox 251 3712 1819 3792; baseline 0.007 -27"><span class='ocrx_word' id='word_1_463' title='bbox 251 3712 516 3784; x_wconf 58' lang='grc' dir='ltr'>Ἶησοῦςῃ</span> <span class='ocrx_word' id='word_1_464' title='bbox 545 3714 724 3780; x_wconf 83' lang='grc' dir='ltr'>καλῶς</span> <span class='ocrx_word' id='word_1_465' title='bbox 775 3717 946 3786; x_wconf 87' lang='grc' dir='ltr'>λέγει.</span> <span class='ocrx_word' id='word_1_466' title='bbox 1006 3719 1070 3772; x_wconf 75' lang='lat' dir='ltr'><strong>El</strong></span> <span class='ocrx_word' id='word_1_467' title='bbox 1111 3719 1168 3772; x_wconf 85' lang='grc' dir='ltr'>δὲ</span> <span class='ocrx_word' id='word_1_468' title='bbox 1209 3721 1302 3774; x_wconf 71' lang='grc' dir='ltr'>καὶ</span> <span class='ocrx_word' id='word_1_469' title='bbox 1346 3724 1374 3774; x_wconf 91' lang='lat'><strong>6</strong></span> <span class='ocrx_word' id='word_1_470' title='bbox 1426 3721 1606 3787; x_wconf 88' lang='grc' dir='ltr'>καλῶς</span> <span class='ocrx_word' id='word_1_471' title='bbox 1645 3723 1819 3792; x_wconf 86' lang='grc' dir='ltr'>λέγων</span> 
     </span>
    </p>
   </div>
   <div class='ocr_carea' id='block_1_57' title="bbox 234 3806 1820 3883">
    <p class='ocr_par' dir='ltr' id='par_1_57' title="bbox 234 3806 1820 3883">
     <span class='ocr_line' id='line_1_57' title="bbox 234 3806 1820 3883; baseline 0.005 -24"><span class='ocrx_word' id='word_1_472' title='bbox 234 3806 458 3872; x_wconf 80' lang='grc' dir='ltr'>πάντως</span> <span class='ocrx_word' id='word_1_473' title='bbox 508 3809 564 3863; x_wconf 80' lang='grc' dir='ltr'>ἐν</span> <span class='ocrx_word' id='word_1_474' title='bbox 607 3809 885 3880; x_wconf 89' lang='grc' dir='ltr'>Πνεύματι</span> <span class='ocrx_word' id='word_1_475' title='bbox 923 3810 1062 3880; x_wconf 86' lang='grc' dir='ltr'>ἁγίῳ</span> <span class='ocrx_word' id='word_1_476' title='bbox 1109 3810 1276 3879; x_wconf 82' lang='grc' dir='ltr'>λέγει,</span> <span class='ocrx_word' id='word_1_477' title='bbox 1320 3811 1573 3883; x_wconf 79' lang='grc' dir='ltr'>ζητήσεις</span> <span class='ocrx_word' id='word_1_478' title='bbox 1625 3813 1712 3867; x_wconf 80' lang='grc' dir='ltr'><strong>διὰ</strong></span> <span class='ocrx_word' id='word_1_479' title='bbox 1759 3814 1820 3867; x_wconf 83' lang='grc' dir='ltr'>τὸ</span> 
     </span>
    </p>
   </div>
   <div class='ocr_carea' id='block_1_58' title="bbox 235 3898 1814 3978">
    <p class='ocr_par' dir='ltr' id='par_1_58' title="bbox 235 3898 1814 3978">
     <span class='ocr_line' id='line_1_58' title="bbox 235 3898 1814 3978; baseline 0.007 -27"><span class='ocrx_word' id='word_1_480' title='bbox 235 3898 357 3964; x_wconf 90' lang='grc' dir='ltr'>νῦν,</span> <span class='ocrx_word' id='word_1_481' title='bbox 421 3901 573 3953; x_wconf 74' lang='grc' dir='ltr'>ιΚαὶ</span> <span class='ocrx_word' id='word_1_482' title='bbox 619 3901 800 3965; x_wconf 86' lang='grc' dir='ltr'>καλῶς</span> <span class='ocrx_word' id='word_1_483' title='bbox 849 3903 1056 3972; x_wconf 87' lang='grc' dir='ltr'>λέγετε,</span> <span class='ocrx_word' id='word_1_484' title='bbox 1085 3925 1102 3955; x_wconf 88' lang='lat'><strong>1</strong></span> <span class='ocrx_word' id='word_1_485' title='bbox 1165 3904 1645 3977; x_wconf 79' lang='grc' dir='ltr'>συνεξεταζόμενον</span> <span class='ocrx_word' id='word_1_486' title='bbox 1703 3907 1814 3978; x_wconf 79' lang='grc' dir='ltr'><strong>τῷ·</strong></span> 
     </span>
    </p>
   </div>
   <div class='ocr_carea' id='block_1_59' title="bbox 242 3988 1813 4070">
    <p class='ocr_par' dir='ltr' id='par_1_59' title="bbox 242 3988 1813 4070">
     <span class='ocr_line' id='line_1_59' title="bbox 242 3988 1813 4070; baseline 0.007 -29"><span class='ocrx_word' id='word_1_487' title='bbox 242 4007 266 4040; x_wconf 68' lang='grc' dir='ltr'><em>ς</em></span> <span class='ocrx_word' id='word_1_488' title='bbox 293 3988 459 4044; x_wconf 79' lang='grc' dir='ltr'>Οῦπω</span> <span class='ocrx_word' id='word_1_489' title='bbox 480 3992 589 4064; x_wconf 78' lang='grc' dir='ltr'><strong>γὰρ</strong></span> <span class='ocrx_word' id='word_1_490' title='bbox 611 3989 678 4064; x_wconf 81' lang='grc' dir='ltr'>ἦν</span> <span class='ocrx_word' id='word_1_491' title='bbox 693 3994 939 4066; x_wconf 87' lang='grc' dir='ltr'>Πνεῦμα,</span> <span class='ocrx_word' id='word_1_492' title='bbox 962 3996 1042 4048; x_wconf 87' lang='grc' dir='ltr'>ὃτι</span> <span class='ocrx_word' id='word_1_493' title='bbox 1084 3995 1290 4068; x_wconf 89' lang='grc' dir='ltr'>Ἰησοῦς</span> <span class='ocrx_word' id='word_1_494' title='bbox 1321 3995 1472 4050; x_wconf 80' lang='grc' dir='ltr'>οῦπω</span> <span class='ocrx_word' id='word_1_495' title='bbox 1499 3996 1778 4070; x_wconf 79' lang='grc' dir='ltr'>ἐδοξάσθη.</span> <span class='ocrx_word' id='word_1_496' title='bbox 1795 4019 1813 4051; x_wconf 88' lang='lat'><strong>1</strong></span> 
     </span>
    </p>
   </div>
   <div class='ocr_carea' id='block_1_60' title="bbox 235 4079 1819 4160">
    <p class='ocr_par' dir='ltr' id='par_1_60' title="bbox 235 4079 1819 4160">
     <span class='ocr_line' id='line_1_60' title="bbox 235 4079 1819 4160; baseline 0.007 -28"><span class='ocrx_word' id='word_1_497' title='bbox 235 4080 480 4152; x_wconf 80' lang='grc' dir='ltr'>Γνησὶως</span> <span class='ocrx_word' id='word_1_498' title='bbox 522 4079 614 4138; x_wconf 82' lang='grc' dir='ltr'><strong>οῦν</strong></span> <span class='ocrx_word' id='word_1_499' title='bbox 659 4085 998 4153; x_wconf 82' lang='grc' dir='ltr'>δουλεύοντος</span> <span class='ocrx_word' id='word_1_500' title='bbox 1045 4087 1123 4158; x_wconf 82' lang='grc' dir='ltr'>τῷ</span> <span class='ocrx_word' id='word_1_501' title='bbox 1165 4089 1344 4160; x_wconf 83' lang='grc' dir='ltr'>Λόγῳ,</span> <span class='ocrx_word' id='word_1_502' title='bbox 1390 4087 1549 4160; x_wconf 81' lang='grc' dir='ltr'>ἔργον</span> <span class='ocrx_word' id='word_1_503' title='bbox 1593 4091 1708 4143; x_wconf 74' lang='grc' dir='ltr'>ἐστὶ</span> <span class='ocrx_word' id='word_1_504' title='bbox 1757 4090 1819 4143; x_wconf 82' lang='grc' dir='ltr'>τὸ</span> 
     </span>
    </p>
   </div>
   <div class='ocr_carea' id='block_1_61' title="bbox 239 4171 1818 4249">
    <p class='ocr_par' dir='ltr' id='par_1_61' title="bbox 239 4171 1818 4249">
     <span class='ocr_line' id='line_1_61' title="bbox 239 4171 1818 4249; baseline 0.005 -25"><span class='ocrx_word' id='word_1_505' title='bbox 239 4171 421 4233; x_wconf 77' lang='grc' dir='ltr'>καλῶς</span> <span class='ocrx_word' id='word_1_506' title='bbox 462 4175 655 4246; x_wconf 75' lang='grc' dir='ltr'>εἰπεῖν,</span> <span class='ocrx_word' id='word_1_507' title='bbox 695 4195 712 4227; x_wconf 88' lang='grc' dir='ltr'><strong>ι</strong></span> <span class='ocrx_word' id='word_1_508' title='bbox 739 4175 944 4248; x_wconf 83' lang='grc' dir='ltr'>Κύριος</span> <span class='ocrx_word' id='word_1_509' title='bbox 999 4177 1225 4248; x_wconf 86' lang='grc' dir='ltr'>Ἰησοῦς,</span> <span class='ocrx_word' id='word_1_510' title='bbox 1251 4197 1268 4230; x_wconf 89' lang='lat'><strong>1</strong></span> <span class='ocrx_word' id='word_1_511' title='bbox 1309 4177 1524 4232; x_wconf 78' lang='grc' dir='ltr'>καὶτοῦ</span> <span class='ocrx_word' id='word_1_512' title='bbox 1557 4179 1818 4249; x_wconf 86' lang='grc' dir='ltr'>ἀνάλογον</span> 
     </span>
    </p>
   </div>
   <div class='ocr_carea' id='block_1_62' title="bbox 239 4261 1818 4340">
    <p class='ocr_par' dir='ltr' id='par_1_62' title="bbox 239 4261 1818 4340">
     <span class='ocr_line' id='line_1_62' title="bbox 239 4261 1818 4340; baseline 0.008 -26"><span class='ocrx_word' id='word_1_513' title='bbox 239 4261 415 4335; x_wconf 80' lang='grc' dir='ltr'>τούτῳ</span> <span class='ocrx_word' id='word_1_514' title='bbox 453 4265 693 4337; x_wconf 79' lang='grc' dir='ltr'>μαθητοῦ</span> <span class='ocrx_word' id='word_1_515' title='bbox 724 4268 784 4320; x_wconf 85' lang='grc' dir='ltr'>τὸ</span> <span class='ocrx_word' id='word_1_516' title='bbox 811 4267 991 4332; x_wconf 83' lang='grc' dir='ltr'>καλῶς</span> <span class='ocrx_word' id='word_1_517' title='bbox 1033 4269 1208 4322; x_wconf 74' lang='grc' dir='ltr'>εἰπεῖν</span> <span class='ocrx_word' id='word_1_518' title='bbox 1248 4268 1325 4339; x_wconf 84' lang='grc' dir='ltr'><strong>τῷ</strong></span> <span class='ocrx_word' id='word_1_519' title='bbox 1357 4269 1574 4340; x_wconf 81' lang='grc' dir='ltr'>Σωτῆρι</span> <span class='ocrx_word' id='word_1_520' title='bbox 1604 4271 1696 4324; x_wconf 87' lang='grc' dir='ltr'>τό·</span> <span class='ocrx_word' id='word_1_521' title='bbox 1741 4290 1759 4322; x_wconf 85' lang='grc' dir='ltr'><strong>ι</strong></span> <span class='ocrx_word' id='word_1_522' title='bbox 1788 4272 1818 4326; x_wconf 86' lang='lat'><strong>6</strong></span> 
     </span>
    </p>
   </div>
   <div class='ocr_carea' id='block_1_63' title="bbox 239 4353 1808 4434">
    <p class='ocr_par' dir='ltr' id='par_1_63' title="bbox 239 4353 1808 4434">
     <span class='ocr_line' id='line_1_63' title="bbox 239 4353 1808 4434; baseline 0.005 -28"><span class='ocrx_word' id='word_1_523' title='bbox 239 4353 582 4420; x_wconf 72' lang='grc' dir='ltr'><strong>διδάσκαλος⁸</strong></span> <span class='ocrx_word' id='word_1_524' title='bbox 613 4378 630 4409; x_wconf 88' lang='lat'><strong>1</strong></span> <span class='ocrx_word' id='word_1_525' title='bbox 683 4360 820 4431; x_wconf 70' lang='grc' dir='ltr'>πρὲς</span> <span class='ocrx_word' id='word_1_526' title='bbox 863 4359 922 4412; x_wconf 83' lang='grc' dir='ltr'>ὃν</span> <span class='ocrx_word' id='word_1_527' title='bbox 969 4359 1166 4430; x_wconf 81' lang='grc' dir='ltr'>λέγοιτ’</span> <span class='ocrx_word' id='word_1_528' title='bbox 1205 4359 1270 4414; x_wconf 85' lang='grc' dir='ltr'>ἂν</span> <span class='ocrx_word' id='word_1_529' title='bbox 1303 4359 1384 4425; x_wconf 89' lang='lat'><strong>16,</strong></span> <span class='ocrx_word' id='word_1_530' title='bbox 1425 4379 1444 4412; x_wconf 87' lang='grc' dir='ltr'><strong>ι</strong></span> <span class='ocrx_word' id='word_1_531' title='bbox 1467 4361 1599 4432; x_wconf 77' lang='grc' dir='ltr'><strong>Εἰμὶ</strong></span> <span class='ocrx_word' id='word_1_532' title='bbox 1630 4360 1759 4434; x_wconf 85' lang='grc' dir='ltr'>γὰρ,</span> <span class='ocrx_word' id='word_1_533' title='bbox 1789 4380 1808 4414; x_wconf 88' lang='lat'><strong>1</strong></span> 
     </span>
    </p>
   </div>
   <div class='ocr_carea' id='block_1_64' title="bbox 1933 1872 3514 1946">
    <p class='ocr_par' dir='ltr' id='par_1_64' title="bbox 1933 1872 3514 1946">
     <span class='ocr_line' id='line_1_64' title="bbox 1933 1872 3514 1946; baseline 0.002 -16"><span class='ocrx_word' id='word_1_534' title='bbox 1933 1878 2132 1946; x_wconf 91' lang='lat' dir='ltr'><strong>quibus</strong></span> <span class='ocrx_word' id='word_1_535' title='bbox 2161 1872 2336 1944; x_wconf 81' lang='lat' dir='ltr'><strong>magis</strong></span> <span class='ocrx_word' id='word_1_536' title='bbox 2377 1873 2529 1929; x_wconf 90' lang='lat' dir='ltr'><strong>deest</strong></span> <span class='ocrx_word' id='word_1_537' title='bbox 2560 1891 2575 1941; x_wconf 92' lang='lat'><strong>;</strong></span> <span class='ocrx_word' id='word_1_538' title='bbox 2615 1883 2669 1930; x_wconf 89' lang='lat' dir='ltr'><strong>et</strong></span> <span class='ocrx_word' id='word_1_539' title='bbox 2694 1875 2846 1941; x_wconf 91' lang='lat' dir='ltr'><strong>illud,</strong></span> <span class='ocrx_word' id='word_1_540' title='bbox 2905 1896 2923 1928; x_wconf 80' lang='grc' dir='ltr'><strong>ι</strong></span> <span class='ocrx_word' id='word_1_541' title='bbox 2957 1876 3088 1934; x_wconf 85' lang='lat' dir='ltr'><strong>Esto</strong></span> <span class='ocrx_word' id='word_1_542' title='bbox 3125 1878 3375 1934; x_wconf 88' lang='lat' dir='ltr'><strong>dominus</strong></span> <span class='ocrx_word' id='word_1_543' title='bbox 3402 1881 3514 1934; x_wconf 82' lang='lat' dir='ltr'><strong>fra-</strong></span> 
     </span>
    </p>
   </div>
   <div class='ocr_carea' id='block_1_65' title="bbox 1937 1965 3511 2042">
    <p class='ocr_par' dir='ltr' id='par_1_65' title="bbox 1937 1965 3511 2042">
     <span class='ocr_line' id='line_1_65' title="bbox 1937 1965 3511 2042; baseline 0.003 -21"><span class='ocrx_word' id='word_1_544' title='bbox 1937 1968 2035 2021; x_wconf 92' lang='lat' dir='ltr'><strong>tris</strong></span> <span class='ocrx_word' id='word_1_545' title='bbox 2073 1966 2150 2020; x_wconf 90' lang='lat' dir='ltr'><strong>tui</strong></span> <span class='ocrx_word' id='word_1_546' title='bbox 2178 1966 2243 2030; x_wconf 84' lang='grc'><strong>¹⁵,</strong></span> <span class='ocrx_word' id='word_1_547' title='bbox 2283 1983 2302 2016; x_wconf 88' lang='lat'><strong>1</strong></span> <span class='ocrx_word' id='word_1_548' title='bbox 2338 1965 2403 2019; x_wconf 90' lang='lat' dir='ltr'><strong>ad</strong></span> <span class='ocrx_word' id='word_1_549' title='bbox 2435 1979 2531 2020; x_wconf 87' lang='lat' dir='ltr'><strong>eos</strong></span> <span class='ocrx_word' id='word_1_550' title='bbox 2555 1968 2645 2036; x_wconf 90' lang='lat' dir='ltr'><strong>qui</strong></span> <span class='ocrx_word' id='word_1_551' title='bbox 2673 1966 2842 2023; x_wconf 79' lang='lat' dir='ltr'><strong>Jacob</strong></span> <span class='ocrx_word' id='word_1_552' title='bbox 2882 1968 3061 2024; x_wconf 85' lang='lat' dir='ltr'><strong>instar</strong></span> <span class='ocrx_word' id='word_1_553' title='bbox 3089 1982 3216 2025; x_wconf 92' lang='lat' dir='ltr'><strong>sunt</strong></span> <span class='ocrx_word' id='word_1_554' title='bbox 3246 1981 3511 2042; x_wconf 79' lang='lat' dir='ltr'><strong>praestan-</strong></span> 
     </span>
    </p>
   </div>
   <div class='ocr_carea' id='block_1_66' title="bbox 1935 2055 3512 2131">
    <p class='ocr_par' dir='ltr' id='par_1_66' title="bbox 1935 2055 3512 2131">
     <span class='ocr_line' id='line_1_66' title="bbox 1935 2055 3512 2131; baseline 0.004 -18"><span class='ocrx_word' id='word_1_555' title='bbox 1935 2059 2125 2122; x_wconf 89' lang='lat' dir='ltr'><strong>tiores,</strong></span> <span class='ocrx_word' id='word_1_556' title='bbox 2151 2055 2497 2127; x_wconf 87' lang='lat' dir='ltr'><strong>perspicuum</strong></span> <span class='ocrx_word' id='word_1_557' title='bbox 2529 2067 2614 2111; x_wconf 87' lang='lat' dir='ltr'><strong>est</strong></span> <span class='ocrx_word' id='word_1_558' title='bbox 2654 2074 2869 2114; x_wconf 86' lang='lat' dir='ltr'><strong>servum</strong></span> <span class='ocrx_word' id='word_1_559' title='bbox 2898 2063 2988 2131; x_wconf 89' lang='lat' dir='ltr'><strong>qui</strong></span> <span class='ocrx_word' id='word_1_560' title='bbox 3031 2063 3207 2116; x_wconf 88' lang='lat' dir='ltr'><strong>factus</strong></span> <span class='ocrx_word' id='word_1_561' title='bbox 3239 2065 3401 2118; x_wconf 86' lang='lat' dir='ltr'><strong>fuerit</strong></span> <span class='ocrx_word' id='word_1_562' title='bbox 3430 2066 3512 2118; x_wconf 90' lang='lat' dir='ltr'><strong>si-</strong></span> 
     </span>
    </p>
   </div>
   <div class='ocr_carea' id='block_1_67' title="bbox 1935 2149 3508 2222">
    <p class='ocr_par' dir='ltr' id='par_1_67' title="bbox 1935 2149 3508 2222">
     <span class='ocr_line' id='line_1_67' title="bbox 1935 2149 3508 2222; baseline 0.003 -16"><span class='ocrx_word' id='word_1_563' title='bbox 1935 2159 2027 2206; x_wconf 84' lang='lat' dir='ltr'><strong>cut</strong></span> <span class='ocrx_word' id='word_1_564' title='bbox 2054 2149 2328 2214; x_wconf 89' lang='lat' dir='ltr'><strong>dominus,</strong></span> <span class='ocrx_word' id='word_1_565' title='bbox 2357 2149 2543 2204; x_wconf 88' lang='lat' dir='ltr'><strong>lavare</strong></span> <span class='ocrx_word' id='word_1_566' title='bbox 2572 2151 2736 2220; x_wconf 87' lang='lat' dir='ltr'><strong>pedes</strong></span> <span class='ocrx_word' id='word_1_567' title='bbox 2760 2166 2946 2206; x_wconf 89' lang='lat' dir='ltr'><strong>eorum</strong></span> <span class='ocrx_word' id='word_1_568' title='bbox 2983 2153 3074 2222; x_wconf 90' lang='lat' dir='ltr'><strong>qui</strong></span> <span class='ocrx_word' id='word_1_569' title='bbox 3103 2155 3347 2209; x_wconf 79' lang='lat' dir='ltr'><strong>serviunt</strong></span> <span class='ocrx_word' id='word_1_570' title='bbox 3375 2157 3508 2210; x_wconf 90' lang='lat' dir='ltr'><strong>doc-</strong></span> 
     </span>
    </p>
   </div>
   <div class='ocr_carea' id='block_1_68' title="bbox 1938 2243 3514 2313">
    <p class='ocr_par' dir='ltr' id='par_1_68' title="bbox 1938 2243 3514 2313">
     <span class='ocr_line' id='line_1_68' title="bbox 1938 2243 3514 2313; baseline 0.001 -15"><span class='ocrx_word' id='word_1_571' title='bbox 1938 2245 2095 2298; x_wconf 65' lang='lat' dir='ltr'><strong>trinae</strong></span> <span class='ocrx_word' id='word_1_572' title='bbox 2122 2256 2284 2311; x_wconf 88' lang='lat' dir='ltr'><strong>quam</strong></span> <span class='ocrx_word' id='word_1_573' title='bbox 2318 2255 2482 2310; x_wconf 88' lang='lat' dir='ltr'><strong>penes</strong></span> <span class='ocrx_word' id='word_1_574' title='bbox 2509 2257 2569 2298; x_wconf 87' lang='lat' dir='ltr'><strong>se</strong></span> <span class='ocrx_word' id='word_1_575' title='bbox 2607 2243 2770 2297; x_wconf 84' lang='lat' dir='ltr'><strong>habet</strong></span> <span class='ocrx_word' id='word_1_576' title='bbox 2796 2259 2812 2308; x_wconf 89' lang='lat'><strong>;</strong></span> <span class='ocrx_word' id='word_1_577' title='bbox 2838 2245 3094 2313; x_wconf 88' lang='lat' dir='ltr'><strong>quoniam</strong></span> <span class='ocrx_word' id='word_1_578' title='bbox 3124 2261 3226 2298; x_wconf 90' lang='lat' dir='ltr'><strong>non</strong></span> <span class='ocrx_word' id='word_1_579' title='bbox 3258 2247 3514 2300; x_wconf 82' lang='lat' dir='ltr'><strong>existimo</strong></span> 
     </span>
    </p>
   </div>
   <div class='ocr_carea' id='block_1_69' title="bbox 1934 2332 3515 2404">
    <p class='ocr_par' dir='ltr' id='par_1_69' title="bbox 1934 2332 3515 2404">
     <span class='ocr_line' id='line_1_69' title="bbox 1934 2332 3515 2404; baseline 0.001 -16"><span class='ocrx_word' id='word_1_580' title='bbox 1934 2333 2138 2388; x_wconf 90' lang='lat' dir='ltr'><strong>dictum</strong></span> <span class='ocrx_word' id='word_1_581' title='bbox 2174 2334 2305 2398; x_wconf 93' lang='lat' dir='ltr'><strong>hoc,</strong></span> <span class='ocrx_word' id='word_1_582' title='bbox 2355 2351 2375 2388; x_wconf 82' lang='grc' dir='ltr'><strong>ι</strong></span> <span class='ocrx_word' id='word_1_583' title='bbox 2409 2334 2520 2389; x_wconf 82' lang='lat' dir='ltr'><strong>Vos</strong></span> <span class='ocrx_word' id='word_1_584' title='bbox 2560 2333 2764 2388; x_wconf 79' lang='lat' dir='ltr'><strong>vocatis</strong></span> <span class='ocrx_word' id='word_1_585' title='bbox 2791 2347 2875 2386; x_wconf 90' lang='lat' dir='ltr'><strong>me</strong></span> <span class='ocrx_word' id='word_1_586' title='bbox 2901 2332 3216 2404; x_wconf 81' lang='lat' dir='ltr'><strong>Magistrum</strong></span> <span class='ocrx_word' id='word_1_587' title='bbox 3241 2344 3294 2389; x_wconf 92' lang='lat' dir='ltr'><strong>et</strong></span> <span class='ocrx_word' id='word_1_588' title='bbox 3333 2335 3515 2389; x_wconf 87' lang='lat' dir='ltr'><strong>Domi-</strong></span> 
     </span>
    </p>
   </div>
   <div class='ocr_carea' id='block_1_70' title="bbox 1934 2426 3514 2491">
    <p class='ocr_par' dir='ltr' id='par_1_70' title="bbox 1934 2426 3514 2491">
     <span class='ocr_line' id='line_1_70' title="bbox 1934 2426 3514 2491; baseline 0 -12"><span class='ocrx_word' id='word_1_589' title='bbox 1934 2441 2087 2488; x_wconf 89' lang='lat' dir='ltr'><strong>num,</strong></span> <span class='ocrx_word' id='word_1_590' title='bbox 2117 2434 2170 2480; x_wconf 90' lang='lat' dir='ltr'><strong>et</strong></span> <span class='ocrx_word' id='word_1_591' title='bbox 2203 2427 2346 2481; x_wconf 91' lang='lat' dir='ltr'><strong>bene</strong></span> <span class='ocrx_word' id='word_1_592' title='bbox 2395 2426 2619 2491; x_wconf 81' lang='lat' dir='ltr'><strong>dicitis;</strong></span> <span class='ocrx_word' id='word_1_593' title='bbox 2651 2441 2772 2480; x_wconf 91' lang='lat' dir='ltr'><strong>sum</strong></span> <span class='ocrx_word' id='word_1_594' title='bbox 2819 2426 3043 2490; x_wconf 87' lang='lat' dir='ltr'><strong>etenim,</strong></span> <span class='ocrx_word' id='word_1_595' title='bbox 3079 2446 3097 2479; x_wconf 98' lang='lat'><strong>1</strong></span> <span class='ocrx_word' id='word_1_596' title='bbox 3135 2427 3268 2480; x_wconf 88' lang='lat' dir='ltr'><strong>nihil</strong></span> <span class='ocrx_word' id='word_1_597' title='bbox 3291 2429 3514 2480; x_wconf 85' lang='lat' dir='ltr'><strong>omnino</strong></span> 
     </span>
    </p>
   </div>
   <div class='ocr_carea' id='block_1_71' title="bbox 1933 2516 3514 2586">
    <p class='ocr_par' dir='ltr' id='par_1_71' title="bbox 1933 2516 3514 2586">
     <span class='ocr_line' id='line_1_71' title="bbox 1933 2516 3514 2586; baseline -0.001 -16"><span class='ocrx_word' id='word_1_598' title='bbox 1933 2517 2135 2573; x_wconf 85' lang='lat' dir='ltr'><strong>habere</strong></span> <span class='ocrx_word' id='word_1_599' title='bbox 2186 2517 2513 2586; x_wconf 85' lang='lat' dir='ltr'><strong>profundum</strong></span> <span class='ocrx_word' id='word_1_600' title='bbox 2557 2532 2620 2572; x_wconf 88' lang='lat' dir='ltr'><strong>ac</strong></span> <span class='ocrx_word' id='word_1_601' title='bbox 2660 2531 2822 2585; x_wconf 85' lang='lat' dir='ltr'><strong>supra</strong></span> <span class='ocrx_word' id='word_1_602' title='bbox 2863 2516 3158 2572; x_wconf 90' lang='lat' dir='ltr'><strong>multorum</strong></span> <span class='ocrx_word' id='word_1_603' title='bbox 3211 2517 3514 2586; x_wconf 82' lang='lat' dir='ltr'><strong>intelligen-</strong></span> 
     </span>
    </p>
   </div>
   <div class='ocr_carea' id='block_1_72' title="bbox 1931 2612 3512 2683">
    <p class='ocr_par' dir='ltr' id='par_1_72' title="bbox 1931 2612 3512 2683">
     <span class='ocr_line' id='line_1_72' title="bbox 1931 2612 3512 2683; baseline 0.001 -16"><span class='ocrx_word' id='word_1_604' title='bbox 1931 2612 2085 2676; x_wconf 91' lang='lat' dir='ltr'><strong>tiam,</strong></span> <span class='ocrx_word' id='word_1_605' title='bbox 2120 2613 2562 2683; x_wconf 87' lang='lat' dir='ltr'><strong>quandoquidem</strong></span> <span class='ocrx_word' id='word_1_606' title='bbox 2595 2629 2700 2668; x_wconf 89' lang='lat' dir='ltr'><strong>non</strong></span> <span class='ocrx_word' id='word_1_607' title='bbox 2724 2613 2977 2668; x_wconf 91' lang='lat' dir='ltr'><strong>omnibus</strong></span> <span class='ocrx_word' id='word_1_608' title='bbox 3005 2614 3095 2682; x_wconf 90' lang='lat' dir='ltr'><strong>qui</strong></span> <span class='ocrx_word' id='word_1_609' title='bbox 3116 2615 3325 2678; x_wconf 90' lang='lat' dir='ltr'><strong>dicunt,</strong></span> <span class='ocrx_word' id='word_1_610' title='bbox 3358 2631 3378 2665; x_wconf 76' lang='grc' dir='ltr'><strong>ι</strong></span> <span class='ocrx_word' id='word_1_611' title='bbox 3411 2614 3512 2668; x_wconf 85' lang='lat' dir='ltr'><strong>De-</strong></span> 
     </span>
    </p>
   </div>
   <div class='ocr_carea' id='block_1_73' title="bbox 1932 2706 3510 2773">
    <p class='ocr_par' dir='ltr' id='par_1_73' title="bbox 1932 2706 3510 2773">
     <span class='ocr_line' id='line_1_73' title="bbox 1932 2706 3510 2773; baseline 0.002 -14"><span class='ocrx_word' id='word_1_612' title='bbox 1932 2706 2097 2772; x_wconf 89' lang='lat' dir='ltr'><strong>mine,</strong></span> <span class='ocrx_word' id='word_1_613' title='bbox 2136 2709 2387 2773; x_wconf 87' lang='lat' dir='ltr'><strong>Domine,</strong></span> <span class='ocrx_word' id='word_1_614' title='bbox 2423 2727 2442 2760; x_wconf 92' lang='lat'><strong>1</strong></span> <span class='ocrx_word' id='word_1_615' title='bbox 2472 2708 2677 2763; x_wconf 88' lang='lat' dir='ltr'><strong>dictum</strong></span> <span class='ocrx_word' id='word_1_616' title='bbox 2705 2706 2868 2762; x_wconf 88' lang='lat' dir='ltr'><strong>fuerit</strong></span> <span class='ocrx_word' id='word_1_617' title='bbox 2900 2724 2927 2762; x_wconf 91' lang='lat' dir='ltr'><strong>a</strong></span> <span class='ocrx_word' id='word_1_618' title='bbox 2958 2706 3084 2763; x_wconf 85' lang='lat' dir='ltr'><strong>Jesu</strong></span> <span class='ocrx_word' id='word_1_619' title='bbox 3113 2726 3126 2762; x_wconf 88' lang='lat'>:</span> <span class='ocrx_word' id='word_1_620' title='bbox 3165 2725 3184 2758; x_wconf 80' lang='grc' dir='ltr'><strong>ι</strong></span> <span class='ocrx_word' id='word_1_621' title='bbox 3216 2708 3322 2763; x_wconf 85' lang='lat' dir='ltr'><strong>Vos</strong></span> <span class='ocrx_word' id='word_1_622' title='bbox 3349 2723 3510 2763; x_wconf 83' lang='lat' dir='ltr'><strong>voca-</strong></span> 
     </span>
    </p>
   </div>
   <div class='ocr_carea' id='block_1_74' title="bbox 1931 2796 3504 2871">
    <p class='ocr_par' dir='ltr' id='par_1_74' title="bbox 1931 2796 3504 2871">
     <span class='ocr_line' id='line_1_74' title="bbox 1931 2796 3504 2871; baseline 0.001 -20"><span class='ocrx_word' id='word_1_623' title='bbox 1931 2796 2001 2852; x_wconf 92' lang='lat' dir='ltr'><strong>tis</strong></span> <span class='ocrx_word' id='word_1_624' title='bbox 2041 2812 2128 2854; x_wconf 90' lang='lat' dir='ltr'><strong>me</strong></span> <span class='ocrx_word' id='word_1_625' title='bbox 2168 2798 2457 2854; x_wconf 90' lang='lat' dir='ltr'><strong>Dominum</strong></span> <span class='ocrx_word' id='word_1_626' title='bbox 2487 2813 2548 2853; x_wconf 95' lang='lat' dir='ltr'><strong>ae</strong></span> <span class='ocrx_word' id='word_1_627' title='bbox 2585 2798 2930 2871; x_wconf 85' lang='lat' dir='ltr'><strong>Magistrum,</strong></span> <span class='ocrx_word' id='word_1_628' title='bbox 2973 2809 3026 2855; x_wconf 89' lang='lat' dir='ltr'><strong>et</strong></span> <span class='ocrx_word' id='word_1_629' title='bbox 3061 2801 3200 2854; x_wconf 89' lang='lat' dir='ltr'><strong>bene</strong></span> <span class='ocrx_word' id='word_1_630' title='bbox 3247 2800 3447 2854; x_wconf 88' lang='lat' dir='ltr'><strong>dicitis.</strong></span> <span class='ocrx_word' id='word_1_631' title='bbox 3481 2818 3504 2853; x_wconf 85' lang='lat'><strong>1</strong></span> 
     </span>
    </p>
   </div>
   <div class='ocr_carea' id='block_1_75' title="bbox 1929 2887 3504 2960">
    <p class='ocr_par' dir='ltr' id='par_1_75' title="bbox 1929 2887 3504 2960">
     <span class='ocr_line' id='line_1_75' title="bbox 1929 2887 3504 2960; baseline 0.001 -18"><span class='ocrx_word' id='word_1_632' title='bbox 1929 2887 2116 2960; x_wconf 85' lang='lat' dir='ltr'><strong>Neque</strong></span> <span class='ocrx_word' id='word_1_633' title='bbox 2159 2890 2304 2946; x_wconf 92' lang='lat' dir='ltr'><strong>enim</strong></span> <span class='ocrx_word' id='word_1_634' title='bbox 2336 2890 2473 2946; x_wconf 90' lang='lat' dir='ltr'><strong>bene</strong></span> <span class='ocrx_word' id='word_1_635' title='bbox 2504 2892 2694 2946; x_wconf 89' lang='lat' dir='ltr'><strong>dicunt</strong></span> <span class='ocrx_word' id='word_1_636' title='bbox 2744 2890 2842 2956; x_wconf 91' lang='lat' dir='ltr'><strong>illi,</strong></span> <span class='ocrx_word' id='word_1_637' title='bbox 2897 2911 2914 2942; x_wconf 77' lang='grc' dir='ltr'><strong>ι</strong></span> <span class='ocrx_word' id='word_1_638' title='bbox 2951 2890 3197 2955; x_wconf 90' lang='lat' dir='ltr'><strong>Domine,</strong></span> <span class='ocrx_word' id='word_1_639' title='bbox 3231 2908 3250 2942; x_wconf 94' lang='lat'><strong>1</strong></span> <span class='ocrx_word' id='word_1_640' title='bbox 3307 2892 3399 2960; x_wconf 89' lang='lat' dir='ltr'><strong>qui</strong></span> <span class='ocrx_word' id='word_1_641' title='bbox 3452 2892 3504 2944; x_wconf 87' lang='lat' dir='ltr'><strong>in</strong></span> 
     </span>
    </p>
   </div>
   <div class='ocr_carea' id='block_1_76' title="bbox 1929 2981 3504 3050">
    <p class='ocr_par' dir='ltr' id='par_1_76' title="bbox 1929 2981 3504 3050">
     <span class='ocr_line' id='line_1_76' title="bbox 1929 2981 3504 3050; baseline 0 -14"><span class='ocrx_word' id='word_1_642' title='bbox 1929 2981 2016 3037; x_wconf 92' lang='lat' dir='ltr'><strong>die</strong></span> <span class='ocrx_word' id='word_1_643' title='bbox 2045 2981 2132 3036; x_wconf 92' lang='lat' dir='ltr'><strong>illa</strong></span> <span class='ocrx_word' id='word_1_644' title='bbox 2168 2982 2367 3038; x_wconf 90' lang='lat' dir='ltr'><strong>dicturi</strong></span> <span class='ocrx_word' id='word_1_645' title='bbox 2402 2991 2570 3038; x_wconf 89' lang='lat' dir='ltr'><strong>sunt:</strong></span> <span class='ocrx_word' id='word_1_646' title='bbox 2607 3000 2626 3034; x_wconf 84' lang='grc' dir='ltr'><strong>ι</strong></span> <span class='ocrx_word' id='word_1_647' title='bbox 2659 2982 2905 3050; x_wconf 86' lang='lat' dir='ltr'><strong>Domine,</strong></span> <span class='ocrx_word' id='word_1_648' title='bbox 2942 2981 3186 3048; x_wconf 88' lang='lat' dir='ltr'><strong>Domine,</strong></span> <span class='ocrx_word' id='word_1_649' title='bbox 3233 2996 3412 3036; x_wconf 88' lang='lat' dir='ltr'><strong>nonne</strong></span> <span class='ocrx_word' id='word_1_650' title='bbox 3452 2983 3504 3036; x_wconf 87' lang='lat' dir='ltr'><strong>in</strong></span> 
     </span>
    </p>
   </div>
   <div class='ocr_carea' id='block_1_77' title="bbox 1927 3074 3507 3142">
    <p class='ocr_par' dir='ltr' id='par_1_77' title="bbox 1927 3074 3507 3142">
     <span class='ocr_line' id='line_1_77' title="bbox 1927 3074 3507 3142; baseline 0.001 -14"><span class='ocrx_word' id='word_1_651' title='bbox 1927 3074 2145 3130; x_wconf 89' lang='lat' dir='ltr'><strong>nomine</strong></span> <span class='ocrx_word' id='word_1_652' title='bbox 2176 3085 2269 3130; x_wconf 89' lang='lat' dir='ltr'><strong>tuo</strong></span> <span class='ocrx_word' id='word_1_653' title='bbox 2303 3076 2530 3142; x_wconf 89' lang='lat' dir='ltr'><strong>edimus,</strong></span> <span class='ocrx_word' id='word_1_654' title='bbox 2569 3082 2624 3130; x_wconf 82' lang='lat' dir='ltr'><strong>et</strong></span> <span class='ocrx_word' id='word_1_655' title='bbox 2673 3075 2728 3130; x_wconf 91' lang='lat' dir='ltr'><strong>in</strong></span> <span class='ocrx_word' id='word_1_656' title='bbox 2757 3076 2978 3130; x_wconf 90' lang='lat' dir='ltr'><strong>nomine</strong></span> <span class='ocrx_word' id='word_1_657' title='bbox 3031 3084 3122 3130; x_wconf 93' lang='lat' dir='ltr'><strong>tuo</strong></span> <span class='ocrx_word' id='word_1_658' title='bbox 3168 3074 3423 3139; x_wconf 88' lang='lat' dir='ltr'><strong>bibimus,</strong></span> <span class='ocrx_word' id='word_1_659' title='bbox 3450 3083 3507 3130; x_wconf 79' lang='lat' dir='ltr'><strong>rt</strong></span> 
     </span>
    </p>
   </div>
   <div class='ocr_carea' id='block_1_78' title="bbox 1925 3165 3505 3238">
    <p class='ocr_par' dir='ltr' id='par_1_78' title="bbox 1925 3165 3505 3238">
     <span class='ocr_line' id='line_1_78' title="bbox 1925 3165 3505 3238; baseline -0.002 -16"><span class='ocrx_word' id='word_1_660' title='bbox 1925 3165 1980 3222; x_wconf 89' lang='lat' dir='ltr'><strong>in</strong></span> <span class='ocrx_word' id='word_1_661' title='bbox 2013 3167 2235 3223; x_wconf 84' lang='lat' dir='ltr'><strong>nomine</strong></span> <span class='ocrx_word' id='word_1_662' title='bbox 2267 3177 2360 3224; x_wconf 92' lang='lat' dir='ltr'><strong>tuo</strong></span> <span class='ocrx_word' id='word_1_663' title='bbox 2391 3167 2656 3224; x_wconf 68' lang='lat' dir='ltr'><strong>dmmonia</strong></span> <span class='ocrx_word' id='word_1_664' title='bbox 2691 3166 2975 3238; x_wconf 70' lang='lat' dir='ltr'><strong>eiecimus,</strong></span> <span class='ocrx_word' id='word_1_665' title='bbox 3007 3176 3062 3222; x_wconf 91' lang='lat' dir='ltr'><strong>et</strong></span> <span class='ocrx_word' id='word_1_666' title='bbox 3090 3168 3325 3221; x_wconf 90' lang='lat' dir='ltr'><strong>virtutes</strong></span> <span class='ocrx_word' id='word_1_667' title='bbox 3365 3167 3505 3220; x_wconf 86' lang='lat' dir='ltr'><strong>mul-</strong></span> 
     </span>
    </p>
   </div>
   <div class='ocr_carea' id='block_1_79' title="bbox 1925 3258 3502 3331">
    <p class='ocr_par' dir='ltr' id='par_1_79' title="bbox 1925 3258 3502 3331">
     <span class='ocr_line' id='line_1_79' title="bbox 1925 3258 3502 3331; baseline -0.001 -17"><span class='ocrx_word' id='word_1_668' title='bbox 1925 3267 2007 3315; x_wconf 90' lang='lat' dir='ltr'><strong>tas</strong></span> <span class='ocrx_word' id='word_1_669' title='bbox 2034 3258 2265 3316; x_wconf 78' lang='lat' dir='ltr'><strong>fecimus</strong></span> <span class='ocrx_word' id='word_1_670' title='bbox 2290 3261 2314 3314; x_wconf 89' lang='lat'><strong>?</strong></span> <span class='ocrx_word' id='word_1_671' title='bbox 2345 3282 2364 3312; x_wconf 99' lang='lat'><strong>1</strong></span> <span class='ocrx_word' id='word_1_672' title='bbox 2396 3261 2624 3331; x_wconf 91' lang='lat' dir='ltr'><strong>proinde</strong></span> <span class='ocrx_word' id='word_1_673' title='bbox 2645 3261 2788 3316; x_wconf 85' lang='lat' dir='ltr'><strong>dicet</strong></span> <span class='ocrx_word' id='word_1_674' title='bbox 2816 3260 2923 3315; x_wconf 90' lang='lat' dir='ltr'><strong>illis</strong></span> <span class='ocrx_word' id='word_1_675' title='bbox 2951 3259 3110 3315; x_wconf 83' lang='lat' dir='ltr'><strong>Jesus</strong></span> <span class='ocrx_word' id='word_1_676' title='bbox 3135 3275 3150 3314; x_wconf 88' lang='lat'><strong>:</strong></span> <span class='ocrx_word' id='word_1_677' title='bbox 3185 3278 3204 3311; x_wconf 76' lang='grc' dir='ltr'><strong>ι</strong></span> <span class='ocrx_word' id='word_1_678' title='bbox 3232 3260 3502 3314; x_wconf 83' lang='lat' dir='ltr'><strong>Discedite</strong></span> 
     </span>
    </p>
   </div>
   <div class='ocr_carea' id='block_1_80' title="bbox 1921 3349 3500 3420">
    <p class='ocr_par' dir='ltr' id='par_1_80' title="bbox 1921 3349 3500 3420">
     <span class='ocr_line' id='line_1_80' title="bbox 1921 3349 3500 3420; baseline -0.001 -16"><span class='ocrx_word' id='word_1_679' title='bbox 1921 3363 1952 3403; x_wconf 86' lang='lat' dir='ltr'><strong>a</strong></span> <span class='ocrx_word' id='word_1_680' title='bbox 1981 3364 2107 3418; x_wconf 89' lang='lat' dir='ltr'><strong>me;</strong></span> <span class='ocrx_word' id='word_1_681' title='bbox 2157 3366 2436 3420; x_wconf 90' lang='lat' dir='ltr'><strong>nunquam</strong></span> <span class='ocrx_word' id='word_1_682' title='bbox 2473 3365 2572 3406; x_wconf 90' lang='lat' dir='ltr'><strong>vos</strong></span> <span class='ocrx_word' id='word_1_683' title='bbox 2607 3351 2759 3416; x_wconf 87' lang='lat' dir='ltr'><strong>novi,</strong></span> <span class='ocrx_word' id='word_1_684' title='bbox 2793 3350 2919 3419; x_wconf 91' lang='lat' dir='ltr'><strong>quia</strong></span> <span class='ocrx_word' id='word_1_685' title='bbox 2961 3351 3198 3419; x_wconf 81' lang='lat' dir='ltr'><strong>Operarii</strong></span> <span class='ocrx_word' id='word_1_686' title='bbox 3232 3349 3364 3406; x_wconf 91' lang='lat' dir='ltr'><strong>estis</strong></span> <span class='ocrx_word' id='word_1_687' title='bbox 3395 3351 3500 3404; x_wconf 89' lang='lat' dir='ltr'><strong>iui-</strong></span> 
     </span>
    </p>
   </div>
   <div class='ocr_carea' id='block_1_81' title="bbox 1921 3439 3498 3511">
    <p class='ocr_par' dir='ltr' id='par_1_81' title="bbox 1921 3439 3498 3511">
     <span class='ocr_line' id='line_1_81' title="bbox 1921 3439 3498 3511; baseline 0 -17"><span class='ocrx_word' id='word_1_688' title='bbox 1921 3441 2145 3510; x_wconf 88' lang='lat' dir='ltr'><strong>quitatis</strong></span> <span class='ocrx_word' id='word_1_689' title='bbox 2166 3442 2206 3473; x_wconf 85' lang='lat'>&quot;</span> <span class='ocrx_word' id='word_1_690' title='bbox 2230 3459 2245 3508; x_wconf 90' lang='lat'><strong>;</strong></span> <span class='ocrx_word' id='word_1_691' title='bbox 2279 3459 2297 3493; x_wconf 86' lang='lat'><strong>1</strong></span> <span class='ocrx_word' id='word_1_692' title='bbox 2327 3456 2446 3511; x_wconf 68' lang='lat' dir='ltr'><strong>qua:</strong></span> <span class='ocrx_word' id='word_1_693' title='bbox 2465 3441 2651 3506; x_wconf 86' lang='lat' dir='ltr'><strong>verba,</strong></span> <span class='ocrx_word' id='word_1_694' title='bbox 2680 3455 2874 3510; x_wconf 87' lang='lat' dir='ltr'><strong>nempe</strong></span> <span class='ocrx_word' id='word_1_695' title='bbox 2925 3439 3188 3494; x_wconf 71' lang='lat' dir='ltr'><strong>Discedite</strong></span> <span class='ocrx_word' id='word_1_696' title='bbox 3209 3458 3240 3493; x_wconf 89' lang='lat' dir='ltr'><strong>a</strong></span> <span class='ocrx_word' id='word_1_697' title='bbox 3270 3456 3370 3505; x_wconf 88' lang='lat' dir='ltr'><strong>me,</strong></span> <span class='ocrx_word' id='word_1_698' title='bbox 3393 3455 3498 3494; x_wconf 87' lang='lat' dir='ltr'><strong>non</strong></span> 
     </span>
    </p>
   </div>
   <div class='ocr_carea' id='block_1_82' title="bbox 1923 3530 3494 3595">
    <p class='ocr_par' dir='ltr' id='par_1_82' title="bbox 1923 3530 3494 3595">
     <span class='ocr_line' id='line_1_82' title="bbox 1923 3530 3494 3595; baseline -0.003 -8"><span class='ocrx_word' id='word_1_699' title='bbox 1923 3531 2028 3588; x_wconf 88' lang='lat' dir='ltr'><strong>illis</strong></span> <span class='ocrx_word' id='word_1_700' title='bbox 2045 3533 2267 3587; x_wconf 82' lang='lat' dir='ltr'><strong>dixisset</strong></span> <span class='ocrx_word' id='word_1_701' title='bbox 2290 3532 2334 3587; x_wconf 90' lang='lat' dir='ltr'><strong>si</strong></span> <span class='ocrx_word' id='word_1_702' title='bbox 2358 3532 2431 3586; x_wconf 90' lang='lat' dir='ltr'><strong>illi</strong></span> <span class='ocrx_word' id='word_1_703' title='bbox 2458 3532 2596 3586; x_wconf 85' lang='lat' dir='ltr'><strong>bene</strong></span> <span class='ocrx_word' id='word_1_704' title='bbox 2614 3533 2899 3595; x_wconf 80' lang='lat' dir='ltr'><strong>dixissent,</strong></span> <span class='ocrx_word' id='word_1_705' title='bbox 2923 3549 2938 3580; x_wconf 87' lang='grc' dir='ltr'><strong>ι</strong></span> <span class='ocrx_word' id='word_1_706' title='bbox 2955 3530 3200 3595; x_wconf 90' lang='lat' dir='ltr'><strong>Domine,</strong></span> <span class='ocrx_word' id='word_1_707' title='bbox 3220 3530 3494 3586; x_wconf 61' lang='lat' dir='ltr'><strong>nomint-.1</strong></span> 
     </span>
    </p>
   </div>
   <div class='ocr_carea' id='block_1_83' title="bbox 1920 3621 3496 3691">
    <p class='ocr_par' dir='ltr' id='par_1_83' title="bbox 1920 3621 3496 3691">
     <span class='ocr_line' id='line_1_83' title="bbox 1920 3621 3496 3691; baseline -0.001 -15"><span class='ocrx_word' id='word_1_708' title='bbox 1920 3623 2058 3691; x_wconf 83' lang='lat' dir='ltr'><strong>Quin</strong></span> <span class='ocrx_word' id='word_1_709' title='bbox 2088 3624 2250 3678; x_wconf 91' lang='lat' dir='ltr'><strong>etiam</strong></span> <span class='ocrx_word' id='word_1_710' title='bbox 2286 3623 2389 3678; x_wconf 90' lang='lat' dir='ltr'><strong>hoc</strong></span> <span class='ocrx_word' id='word_1_711' title='bbox 2420 3623 2652 3687; x_wconf 88' lang='lat' dir='ltr'><strong>dictum,</strong></span> <span class='ocrx_word' id='word_1_712' title='bbox 2712 3640 2730 3672; x_wconf 79' lang='grc' dir='ltr'><strong>ι</strong></span> <span class='ocrx_word' id='word_1_713' title='bbox 2760 3621 2877 3674; x_wconf 82' lang='grc' dir='ltr'>Νοιι</span> <span class='ocrx_word' id='word_1_714' title='bbox 2906 3621 3155 3690; x_wconf 87' lang='lat' dir='ltr'><strong>quisquis</strong></span> <span class='ocrx_word' id='word_1_715' title='bbox 3184 3621 3312 3673; x_wconf 87' lang='lat' dir='ltr'><strong>ntihi</strong></span> <span class='ocrx_word' id='word_1_716' title='bbox 3342 3622 3496 3682; x_wconf 90' lang='lat' dir='ltr'><strong>dicit,</strong></span> 
     </span>
    </p>
   </div>
   <div class='ocr_carea' id='block_1_84' title="bbox 1920 3711 3491 3781">
    <p class='ocr_par' dir='ltr' id='par_1_84' title="bbox 1920 3711 3491 3781">
     <span class='ocr_line' id='line_1_84' title="bbox 1920 3711 3491 3781; baseline -0.002 -14"><span class='ocrx_word' id='word_1_717' title='bbox 1920 3714 2167 3776; x_wconf 85' lang='lat' dir='ltr'><strong>Domine,</strong></span> <span class='ocrx_word' id='word_1_718' title='bbox 2195 3712 2445 3780; x_wconf 88' lang='lat' dir='ltr'><strong>Domine,</strong></span> <span class='ocrx_word' id='word_1_719' title='bbox 2487 3712 2712 3767; x_wconf 89' lang='lat' dir='ltr'><strong>intrabit</strong></span> <span class='ocrx_word' id='word_1_720' title='bbox 2746 3712 2801 3765; x_wconf 93' lang='lat' dir='ltr'><strong>in</strong></span> <span class='ocrx_word' id='word_1_721' title='bbox 2834 3727 3056 3781; x_wconf 85' lang='lat' dir='ltr'><strong>regnum</strong></span> <span class='ocrx_word' id='word_1_722' title='bbox 3086 3711 3348 3766; x_wconf 70' lang='lat' dir='ltr'><strong>emlorum</strong></span> <span class='ocrx_word' id='word_1_723' title='bbox 3376 3713 3437 3775; x_wconf 86' lang='lat'><strong>&quot;’,</strong></span> <span class='ocrx_word' id='word_1_724' title='bbox 3471 3731 3491 3764; x_wconf 87' lang='lat'><strong>1</strong></span> 
     </span>
    </p>
   </div>
   <div class='ocr_carea' id='block_1_85' title="bbox 1920 3804 3499 3876">
    <p class='ocr_par' dir='ltr' id='par_1_85' title="bbox 1920 3804 3499 3876">
     <span class='ocr_line' id='line_1_85' title="bbox 1920 3804 3499 3876; baseline -0.003 -18"><span class='ocrx_word' id='word_1_725' title='bbox 1920 3804 2095 3876; x_wconf 88' lang='lat' dir='ltr'><strong>palam</strong></span> <span class='ocrx_word' id='word_1_726' title='bbox 2127 3804 2283 3860; x_wconf 89' lang='lat' dir='ltr'><strong>docet</strong></span> <span class='ocrx_word' id='word_1_727' title='bbox 2331 3820 2436 3858; x_wconf 91' lang='lat' dir='ltr'><strong>non</strong></span> <span class='ocrx_word' id='word_1_728' title='bbox 2460 3819 2676 3860; x_wconf 88' lang='lat' dir='ltr'><strong>omnem</strong></span> <span class='ocrx_word' id='word_1_729' title='bbox 2700 3805 2996 3868; x_wconf 88' lang='lat' dir='ltr'><strong>dicentem,</strong></span> <span class='ocrx_word' id='word_1_730' title='bbox 3037 3821 3056 3854; x_wconf 78' lang='grc' dir='ltr'><strong>ι</strong></span> <span class='ocrx_word' id='word_1_731' title='bbox 3096 3804 3342 3870; x_wconf 88' lang='lat' dir='ltr'><strong>Domine,</strong></span> <span class='ocrx_word' id='word_1_732' title='bbox 3393 3806 3499 3856; x_wconf 82' lang='lat' dir='ltr'><strong>Do-</strong></span> 
     </span>
    </p>
   </div>
   <div class='ocr_carea' id='block_1_86' title="bbox 1920 3893 3500 3964">
    <p class='ocr_par' dir='ltr' id='par_1_86' title="bbox 1920 3893 3500 3964">
     <span class='ocr_line' id='line_1_86' title="bbox 1920 3893 3500 3964; baseline -0.001 -12"><span class='ocrx_word' id='word_1_733' title='bbox 1920 3897 2108 3964; x_wconf 89' lang='lat' dir='ltr'><strong>mine,</strong></span> <span class='ocrx_word' id='word_1_734' title='bbox 2157 3915 2176 3950; x_wconf 85' lang='lat'><strong>1</strong></span> <span class='ocrx_word' id='word_1_735' title='bbox 2229 3895 2602 3951; x_wconf 88' lang='lat' dir='ltr'><strong>testimonium</strong></span> <span class='ocrx_word' id='word_1_736' title='bbox 2651 3893 2969 3951; x_wconf 87' lang='lat' dir='ltr'><strong>habiturum</strong></span> <span class='ocrx_word' id='word_1_737' title='bbox 3035 3895 3102 3950; x_wconf 92' lang='lat' dir='ltr'><strong>ab</strong></span> <span class='ocrx_word' id='word_1_738' title='bbox 3153 3895 3310 3964; x_wconf 91' lang='lat' dir='ltr'><strong>ipso,</strong></span> <span class='ocrx_word' id='word_1_739' title='bbox 3359 3896 3500 3951; x_wconf 80' lang='lat' dir='ltr'><strong>sicut</strong></span> 
     </span>
    </p>
   </div>
   <div class='ocr_carea' id='block_1_87' title="bbox 1920 3983 3492 4056">
    <p class='ocr_par' dir='ltr' id='par_1_87' title="bbox 1920 3983 3492 4056">
     <span class='ocr_line' id='line_1_87' title="bbox 1920 3983 3492 4056; baseline -0.001 -15"><span class='ocrx_word' id='word_1_740' title='bbox 1920 4001 2066 4041; x_wconf 89' lang='lat' dir='ltr'><strong>nunc</strong></span> <span class='ocrx_word' id='word_1_741' title='bbox 2100 3984 2355 4056; x_wconf 90' lang='lat' dir='ltr'><strong>apostoli,</strong></span> <span class='ocrx_word' id='word_1_742' title='bbox 2386 3984 2585 4055; x_wconf 91' lang='lat' dir='ltr'><strong>quibus</strong></span> <span class='ocrx_word' id='word_1_743' title='bbox 2617 3985 2755 4038; x_wconf 81' lang='lat' dir='ltr'><strong>dixit</strong></span> <span class='ocrx_word' id='word_1_744' title='bbox 2788 4005 2800 4040; x_wconf 89' lang='lat'><strong>:</strong></span> <span class='ocrx_word' id='word_1_745' title='bbox 2852 4003 2871 4036; x_wconf 83' lang='grc' dir='ltr'><strong>ι</strong></span> <span class='ocrx_word' id='word_1_746' title='bbox 2918 3983 3062 4040; x_wconf 85' lang='lat' dir='ltr'><strong>Bene</strong></span> <span class='ocrx_word' id='word_1_747' title='bbox 3121 3985 3321 4052; x_wconf 89' lang='lat' dir='ltr'><strong>dicitis,</strong></span> <span class='ocrx_word' id='word_1_748' title='bbox 3373 4000 3492 4040; x_wconf 89' lang='lat' dir='ltr'><strong>sum</strong></span> 
     </span>
    </p>
   </div>
   <div class='ocr_carea' id='block_1_88' title="bbox 1919 4073 3495 4143">
    <p class='ocr_par' dir='ltr' id='par_1_88' title="bbox 1919 4073 3495 4143">
     <span class='ocr_line' id='line_1_88' title="bbox 1919 4073 3495 4143; baseline 0 -13"><span class='ocrx_word' id='word_1_749' title='bbox 1919 4078 2144 4131; x_wconf 87' lang='lat' dir='ltr'><strong>etenim.</strong></span> <span class='ocrx_word' id='word_1_750' title='bbox 2181 4093 2200 4127; x_wconf 85' lang='lat'><strong>1</strong></span> <span class='ocrx_word' id='word_1_751' title='bbox 2235 4073 2376 4130; x_wconf 81' lang='lat' dir='ltr'><strong>Vere</strong></span> <span class='ocrx_word' id='word_1_752' title='bbox 2397 4075 2540 4130; x_wconf 89' lang='lat' dir='ltr'><strong>enim</strong></span> <span class='ocrx_word' id='word_1_753' title='bbox 2573 4073 2764 4128; x_wconf 85' lang='lat' dir='ltr'><strong>vitium</strong></span> <span class='ocrx_word' id='word_1_754' title='bbox 2799 4088 2904 4128; x_wconf 92' lang='lat' dir='ltr'><strong>non</strong></span> <span class='ocrx_word' id='word_1_755' title='bbox 2936 4075 3166 4143; x_wconf 89' lang='lat' dir='ltr'><strong>amplius</strong></span> <span class='ocrx_word' id='word_1_756' title='bbox 3193 4075 3274 4130; x_wconf 89' lang='lat' dir='ltr'><strong>eis</strong></span> <span class='ocrx_word' id='word_1_757' title='bbox 3319 4077 3495 4131; x_wconf 84' lang='lat' dir='ltr'><strong>domi-</strong></span> 
     </span>
    </p>
   </div>
   <div class='ocr_carea' id='block_1_89' title="bbox 1919 4164 3494 4238">
    <p class='ocr_par' dir='ltr' id='par_1_89' title="bbox 1919 4164 3494 4238">
     <span class='ocr_line' id='line_1_89' title="bbox 1919 4164 3494 4238; baseline 0 -18"><span class='ocrx_word' id='word_1_758' title='bbox 1919 4167 2174 4232; x_wconf 90' lang='lat' dir='ltr'><strong>nabatur,</strong></span> <span class='ocrx_word' id='word_1_759' title='bbox 2203 4165 2299 4222; x_wconf 89' lang='lat' dir='ltr'><strong>sed</strong></span> <span class='ocrx_word' id='word_1_760' title='bbox 2324 4166 2517 4235; x_wconf 84' lang='grc' dir='ltr'>Λόγος,</span> <span class='ocrx_word' id='word_1_761' title='bbox 2551 4164 2571 4237; x_wconf 92' lang='grc'>[</span> <span class='ocrx_word' id='word_1_762' title='bbox 2595 4166 2647 4221; x_wconf 90' lang='lat' dir='ltr'><strong>id</strong></span> <span class='ocrx_word' id='word_1_763' title='bbox 2685 4174 2765 4221; x_wconf 91' lang='lat' dir='ltr'><strong>est</strong></span> <span class='ocrx_word' id='word_1_764' title='bbox 2790 4167 2928 4220; x_wconf 89' lang='lat' dir='ltr'><strong>ratio</strong></span> <span class='ocrx_word' id='word_1_765' title='bbox 2954 4183 2967 4231; x_wconf 91' lang='lat'>;</span> <span class='ocrx_word' id='word_1_766' title='bbox 2993 4165 3015 4236; x_wconf 91' lang='lat'>]</span> <span class='ocrx_word' id='word_1_767' title='bbox 3039 4175 3091 4220; x_wconf 88' lang='lat' dir='ltr'><strong>et</strong></span> <span class='ocrx_word' id='word_1_768' title='bbox 3113 4176 3169 4220; x_wconf 89' lang='lat' dir='ltr'><strong>ut</strong></span> <span class='ocrx_word' id='word_1_769' title='bbox 3194 4170 3494 4238; x_wconf 87' lang='lat' dir='ltr'><strong>generatim</strong></span> 
     </span>
    </p>
   </div>
   <div class='ocr_carea' id='block_1_90' title="bbox 1919 4257 3492 4323">
    <p class='ocr_par' dir='ltr' id='par_1_90' title="bbox 1919 4257 3492 4323">
     <span class='ocr_line' id='line_1_90' title="bbox 1919 4257 3492 4323; baseline -0.001 -10"><span class='ocrx_word' id='word_1_770' title='bbox 1919 4258 2120 4323; x_wconf 90' lang='lat' dir='ltr'><strong>dicam,</strong></span> <span class='ocrx_word' id='word_1_771' title='bbox 2149 4257 2430 4323; x_wconf 87' lang='lat' dir='ltr'><strong>Dominus,</strong></span> <span class='ocrx_word' id='word_1_772' title='bbox 2471 4259 2575 4313; x_wconf 91' lang='lat' dir='ltr'><strong>hoc</strong></span> <span class='ocrx_word' id='word_1_773' title='bbox 2608 4265 2713 4322; x_wconf 89' lang='lat' dir='ltr'><strong>est,</strong></span> <span class='ocrx_word' id='word_1_774' title='bbox 2752 4258 3005 4312; x_wconf 89' lang='lat' dir='ltr'><strong>universa</strong></span> <span class='ocrx_word' id='word_1_775' title='bbox 3037 4259 3274 4312; x_wconf 83' lang='lat' dir='ltr'><strong>animata</strong></span> <span class='ocrx_word' id='word_1_776' title='bbox 3317 4266 3372 4311; x_wconf 91' lang='lat' dir='ltr'><strong>et</strong></span> <span class='ocrx_word' id='word_1_777' title='bbox 3412 4260 3492 4312; x_wconf 83' lang='lat' dir='ltr'><strong>vi-</strong></span> 
     </span>
    </p>
   </div>
   <div class='ocr_carea' id='block_1_91' title="bbox 1918 4349 3491 4418">
    <p class='ocr_par' dir='ltr' id='par_1_91' title="bbox 1918 4349 3491 4418">
     <span class='ocr_line' id='line_1_91' title="bbox 1918 4349 3491 4418; baseline 0.002 -16"><span class='ocrx_word' id='word_1_778' title='bbox 1918 4363 2052 4405; x_wconf 89' lang='lat' dir='ltr'><strong>vens</strong></span> <span class='ocrx_word' id='word_1_779' title='bbox 2100 4349 2294 4404; x_wconf 89' lang='lat' dir='ltr'><strong>virtus.</strong></span> <span class='ocrx_word' id='word_1_780' title='bbox 2328 4349 2469 4416; x_wconf 86' lang='lat' dir='ltr'><strong>Quin</strong></span> <span class='ocrx_word' id='word_1_781' title='bbox 2501 4350 2666 4406; x_wconf 90' lang='lat' dir='ltr'><strong>etiam</strong></span> <span class='ocrx_word' id='word_1_782' title='bbox 2704 4350 2749 4404; x_wconf 93' lang='lat' dir='ltr'><strong>si</strong></span> <span class='ocrx_word' id='word_1_783' title='bbox 2791 4367 2810 4400; x_wconf 80' lang='grc' dir='ltr'><strong>ι</strong></span> <span class='ocrx_word' id='word_1_784' title='bbox 2847 4350 3028 4404; x_wconf 89' lang='lat' dir='ltr'><strong>nullus</strong></span> <span class='ocrx_word' id='word_1_785' title='bbox 3058 4358 3238 4418; x_wconf 79' lang='lat' dir='ltr'><strong>potest</strong></span> <span class='ocrx_word' id='word_1_786' title='bbox 3285 4349 3491 4412; x_wconf 87' lang='lat' dir='ltr'><strong>dicere.</strong></span> 
     </span>
    </p>
   </div>
   <div class='ocr_carea' id='block_1_92' title="bbox 241 4439 1825 4524">
    <p class='ocr_par' dir='ltr' id='par_1_92' title="bbox 241 4446 1809 4524">
     <span class='ocr_line' id='line_1_92' title="bbox 241 4446 1809 4524; baseline 0.007 -27"><span class='ocrx_word' id='word_1_787' title='bbox 241 4446 339 4499; x_wconf 81' lang='grc' dir='ltr'><strong>οὐκ</strong></span> <span class='ocrx_word' id='word_1_788' title='bbox 369 4446 435 4502; x_wconf 82' lang='grc' dir='ltr'>ἂν</span> <span class='ocrx_word' id='word_1_789' title='bbox 466 4447 859 4521; x_wconf 82' lang='grc' dir='ltr'>λεχθησόμενον</span> <span class='ocrx_word' id='word_1_790' title='bbox 906 4451 1010 4504; x_wconf 84' lang='grc' dir='ltr'><strong>ὑπὸ</strong></span> <span class='ocrx_word' id='word_1_791' title='bbox 1052 4450 1146 4504; x_wconf 89' lang='grc' dir='ltr'><strong>τοῦ</strong></span> <span class='ocrx_word' id='word_1_792' title='bbox 1195 4451 1368 4520; x_wconf 84' lang='grc' dir='ltr'>Λόγου</span> <span class='ocrx_word' id='word_1_793' title='bbox 1401 4452 1480 4524; x_wconf 82' lang='grc' dir='ltr'><strong>τῷ</strong></span> <span class='ocrx_word' id='word_1_794' title='bbox 1509 4453 1809 4508; x_wconf 84' lang='grc' dir='ltr'>δυυλεύοντι</span> 
     </span>
    </p>
   </div>
   <div class='ocr_carea' id='block_1_93' title="bbox 1929 4439 3494 4524">
    <p class='ocr_par' dir='ltr' id='par_1_93' title="bbox 1929 4439 3494 4512">
     <span class='ocr_line' id='line_1_93' title="bbox 1929 4439 3494 4512; baseline -0.001 -14"><span class='ocrx_word' id='word_1_795' title='bbox 1929 4443 2177 4498; x_wconf 83' lang='lat' dir='ltr'><strong>Dominus</strong></span> <span class='ocrx_word' id='word_1_796' title='bbox 2205 4441 2386 4509; x_wconf 87' lang='lat' dir='ltr'><strong>Jesus,</strong></span> <span class='ocrx_word' id='word_1_797' title='bbox 2419 4441 2522 4497; x_wconf 90' lang='lat' dir='ltr'><strong>nisi</strong></span> <span class='ocrx_word' id='word_1_798' title='bbox 2549 4442 2602 4496; x_wconf 89' lang='lat' dir='ltr'><strong>in</strong></span> <span class='ocrx_word' id='word_1_799' title='bbox 2634 4439 2838 4512; x_wconf 78' lang='lat' dir='ltr'><strong>Spiritu</strong></span> <span class='ocrx_word' id='word_1_800' title='bbox 2873 4450 3062 4495; x_wconf 90' lang='lat' dir='ltr'><strong>sancto</strong></span> <span class='ocrx_word' id='word_1_801' title='bbox 3101 4441 3170 4508; x_wconf 84' lang='grc'><strong>¹⁸,</strong></span> <span class='ocrx_word' id='word_1_802' title='bbox 3208 4461 3226 4493; x_wconf 89' lang='lat'><strong>1</strong></span> <span class='ocrx_word' id='word_1_803' title='bbox 3273 4452 3328 4496; x_wconf 92' lang='lat' dir='ltr'><strong>et</strong></span> <span class='ocrx_word' id='word_1_804' title='bbox 3363 4459 3494 4498; x_wconf 87' lang='lat' dir='ltr'><strong>con-</strong></span> 
     </span>
    </p>
   </div>
   <div class='ocr_carea' id='block_1_94' title="bbox 240 4539 1810 4614">
    <p class='ocr_par' dir='ltr' id='par_1_94' title="bbox 240 4539 1810 4614">
     <span class='ocr_line' id='line_1_94' title="bbox 240 4539 1810 4614; baseline 0.005 -23"><span class='ocrx_word' id='word_1_805' title='bbox 240 4539 308 4606; x_wconf 73' lang='grc' dir='ltr'>τῇ</span> <span class='ocrx_word' id='word_1_806' title='bbox 361 4539 626 4610; x_wconf 83' lang='grc' dir='ltr'>ἁμαρτίᾳ,</span> <span class='ocrx_word' id='word_1_807' title='bbox 669 4541 763 4594; x_wconf 76' lang='grc' dir='ltr'><strong>καὶ</strong></span> <span class='ocrx_word' id='word_1_808' title='bbox 802 4541 880 4612; x_wconf 82' lang='grc' dir='ltr'><strong>τῷ</strong></span> <span class='ocrx_word' id='word_1_809' title='bbox 938 4541 1360 4614; x_wconf 81' lang='grc' dir='ltr'>μαθητευομένῳ</span> <span class='ocrx_word' id='word_1_810' title='bbox 1406 4545 1519 4607; x_wconf 85' lang='grc' dir='ltr'><strong>τοὶς</strong></span> <span class='ocrx_word' id='word_1_811' title='bbox 1569 4543 1810 4614; x_wconf 72' lang='grc' dir='ltr'>ψεύδεσι.</span> 
     </span>
    </p>
   </div>
   <div class='ocr_carea' id='block_1_95' title="bbox 244 4627 1814 4704">
    <p class='ocr_par' dir='ltr' id='par_1_95' title="bbox 244 4627 1814 4704">
     <span class='ocr_line' id='line_1_95' title="bbox 244 4627 1814 4704; baseline 0.006 -25"><span class='ocrx_word' id='word_1_812' title='bbox 244 4627 387 4697; x_wconf 78' lang='grc' dir='ltr'>Πλὴν</span> <span class='ocrx_word' id='word_1_813' title='bbox 419 4632 513 4682; x_wconf 76' lang='grc' dir='ltr'>καὶ</span> <span class='ocrx_word' id='word_1_814' title='bbox 555 4629 707 4699; x_wconf 79' lang='grc' dir='ltr'>ἅγιον</span> <span class='ocrx_word' id='word_1_815' title='bbox 745 4630 873 4684; x_wconf 70' lang='grc' dir='ltr'>ὄντα</span> <span class='ocrx_word' id='word_1_816' title='bbox 917 4631 1186 4702; x_wconf 74' lang='grc' dir='ltr'>ἐνδέχεται</span> <span class='ocrx_word' id='word_1_817' title='bbox 1237 4632 1438 4687; x_wconf 84' lang='grc' dir='ltr'>δεῖσθαι</span> <span class='ocrx_word' id='word_1_818' title='bbox 1470 4633 1570 4703; x_wconf 80' lang='grc' dir='ltr'><strong>τῆς</strong></span> <span class='ocrx_word' id='word_1_819' title='bbox 1615 4633 1814 4704; x_wconf 76' lang='grc' dir='ltr'>νίψεως</span> 
     </span>
    </p>
   </div>
   <div class='ocr_carea' id='block_1_96' title="bbox 240 4720 1814 4796">
    <p class='ocr_par' dir='ltr' id='par_1_96' title="bbox 240 4720 1814 4796">
     <span class='ocr_line' id='line_1_96' title="bbox 240 4720 1814 4796; baseline 0.004 -24"><span class='ocrx_word' id='word_1_820' title='bbox 240 4720 349 4772; x_wconf 82' lang='grc' dir='ltr'><strong>τῶν</strong></span> <span class='ocrx_word' id='word_1_821' title='bbox 379 4721 554 4775; x_wconf 84' lang='grc' dir='ltr'>ποδῶν</span> <span class='ocrx_word' id='word_1_822' title='bbox 569 4739 582 4753; x_wconf 75' lang='grc'><strong>⁸</strong></span> <span class='ocrx_word' id='word_1_823' title='bbox 607 4725 727 4776; x_wconf 78' lang='grc' dir='ltr'>ἐπεὶ</span> <span class='ocrx_word' id='word_1_824' title='bbox 745 4725 838 4777; x_wconf 74' lang='grc' dir='ltr'>καὶ</span> <span class='ocrx_word' id='word_1_825' title='bbox 863 4726 896 4795; x_wconf 78' lang='grc' dir='ltr'><strong>ἡ</strong></span> <span class='ocrx_word' id='word_1_826' title='bbox 918 4723 1322 4795; x_wconf 86' lang='grc' dir='ltr'>καταλεγομένη</span> <span class='ocrx_word' id='word_1_827' title='bbox 1341 4727 1418 4788; x_wconf 87' lang='grc' dir='ltr'><strong>είς</strong></span> <span class='ocrx_word' id='word_1_828' title='bbox 1436 4725 1814 4796; x_wconf 77' lang='grc' dir='ltr'>ἐκκλησιαστι-</span> 
     </span>
    </p>
   </div>
   <div class='ocr_carea' id='block_1_97' title="bbox 241 4809 1811 4886">
    <p class='ocr_par' dir='ltr' id='par_1_97' title="bbox 241 4809 1811 4886">
     <span class='ocr_line' id='line_1_97' title="bbox 241 4809 1811 4886; baseline 0.003 -23"><span class='ocrx_word' id='word_1_829' title='bbox 241 4809 342 4881; x_wconf 81' lang='grc' dir='ltr'>κὴν</span> <span class='ocrx_word' id='word_1_830' title='bbox 383 4812 545 4884; x_wconf 83' lang='grc' dir='ltr'>τιμὴν</span> <span class='ocrx_word' id='word_1_831' title='bbox 585 4813 695 4883; x_wconf 71' lang='grc'><strong>(25)</strong></span> <span class='ocrx_word' id='word_1_832' title='bbox 744 4815 889 4886; x_wconf 81' lang='grc' dir='ltr'>χήρα</span> <span class='ocrx_word' id='word_1_833' title='bbox 939 4814 1251 4881; x_wconf 77' lang='grc' dir='ltr'>ἐξετάζεται</span> <span class='ocrx_word' id='word_1_834' title='bbox 1299 4814 1437 4884; x_wconf 86' lang='grc' dir='ltr'>μετὰ</span> <span class='ocrx_word' id='word_1_835' title='bbox 1479 4814 1587 4868; x_wconf 86' lang='grc' dir='ltr'><strong>τῶν</strong></span> <span class='ocrx_word' id='word_1_836' title='bbox 1637 4815 1811 4870; x_wconf 75' lang='grc' dir='ltr'>ἄλλων</span> 
     </span>
    </p>
   </div>
   <div class='ocr_carea' id='block_1_98' title="bbox 241 4902 1812 4976">
    <p class='ocr_par' dir='ltr' id='par_1_98' title="bbox 241 4902 1812 4976">
     <span class='ocr_line' id='line_1_98' title="bbox 241 4902 1812 4976; baseline 0.002 -22"><span class='ocrx_word' id='word_1_837' title='bbox 241 4902 419 4955; x_wconf 84' lang='grc' dir='ltr'>καλῶν</span> <span class='ocrx_word' id='word_1_838' title='bbox 449 4904 541 4956; x_wconf 69' lang='grc' dir='ltr'>καὶ</span> <span class='ocrx_word' id='word_1_839' title='bbox 571 4905 627 4956; x_wconf 86' lang='grc' dir='ltr'>ὲν</span> <span class='ocrx_word' id='word_1_840' title='bbox 659 4903 758 4975; x_wconf 82' lang='grc' dir='ltr'>τῷ,</span> <span class='ocrx_word' id='word_1_841' title='bbox 793 4906 842 4957; x_wconf 84' lang='grc' dir='ltr'>εί</span> <span class='ocrx_word' id='word_1_842' title='bbox 872 4905 1040 4970; x_wconf 83' lang='grc' dir='ltr'>ἁγίων</span> <span class='ocrx_word' id='word_1_843' title='bbox 1073 4905 1238 4968; x_wconf 86' lang='grc' dir='ltr'>πόδας</span> <span class='ocrx_word' id='word_1_844' title='bbox 1266 4903 1442 4974; x_wconf 72' lang='grc' dir='ltr'>ἐνιψε·</span> <span class='ocrx_word' id='word_1_845' title='bbox 1477 4904 1682 4972; x_wconf 84' lang='grc' dir='ltr'>γελοῖον</span> <span class='ocrx_word' id='word_1_846' title='bbox 1703 4904 1812 4976; x_wconf 87' lang='grc' dir='ltr'><strong>γὰρ</strong></span> 
     </span>
    </p>
   </div>
   <div class='ocr_carea' id='block_1_99' title="bbox 240 4985 1812 5068">
    <p class='ocr_par' dir='ltr' id='par_1_99' title="bbox 240 4985 1812 5068">
     <span class='ocr_line' id='line_1_99' title="bbox 240 4985 1812 5068; baseline 0.004 -25"><span class='ocrx_word' id='word_1_847' title='bbox 240 4985 393 5063; x_wconf 83' lang='grc' dir='ltr'>οἶμαι</span> <span class='ocrx_word' id='word_1_848' title='bbox 423 4995 707 5065; x_wconf 89' lang='grc' dir='ltr'>τυγχάνειν</span> <span class='ocrx_word' id='word_1_849' title='bbox 736 4996 797 5048; x_wconf 87' lang='lat'><strong>16</strong></span> <span class='ocrx_word' id='word_1_850' title='bbox 838 4997 1028 5066; x_wconf 78' lang='grc' dir='ltr'>στῆναι</span> <span class='ocrx_word' id='word_1_851' title='bbox 1059 4996 1153 5050; x_wconf 75' lang='grc' dir='ltr'><strong>ἐπὶ</strong></span> <span class='ocrx_word' id='word_1_852' title='bbox 1197 4995 1288 5049; x_wconf 89' lang='grc' dir='ltr'><strong>τοῦ</strong></span> <span class='ocrx_word' id='word_1_853' title='bbox 1317 4996 1502 5068; x_wconf 81' lang='grc' dir='ltr'>ῥητοῦ,</span> <span class='ocrx_word' id='word_1_854' title='bbox 1537 4998 1650 5060; x_wconf 77' lang='grc' dir='ltr'>καὶ,</span> <span class='ocrx_word' id='word_1_855' title='bbox 1679 4998 1812 5068; x_wconf 79' lang='grc' dir='ltr'>φέρε</span> 
     </span>
    </p>
   </div>
   <div class='ocr_carea' id='block_1_100' title="bbox 241 5089 1812 5166">
    <p class='ocr_par' dir='ltr' id='par_1_100' title="bbox 241 5089 1812 5166">
     <span class='ocr_line' id='line_1_100' title="bbox 241 5089 1812 5166; baseline 0.004 -28"><span class='ocrx_word' id='word_1_856' title='bbox 241 5089 435 5154; x_wconf 78' lang='grc' dir='ltr'>εἰπεῖν,</span> <span class='ocrx_word' id='word_1_857' title='bbox 486 5090 582 5160; x_wconf 85' lang='grc' dir='ltr'>τὴν</span> <span class='ocrx_word' id='word_1_858' title='bbox 616 5090 841 5161; x_wconf 73' lang='grc' dir='ltr'>ἔχουσαν</span> <span class='ocrx_word' id='word_1_859' title='bbox 877 5093 1054 5148; x_wconf 89' lang='grc' dir='ltr'>πάντα</span> <span class='ocrx_word' id='word_1_860' title='bbox 1094 5093 1162 5148; x_wconf 80' lang='grc' dir='ltr'><strong>τά</strong></span> <span class='ocrx_word' id='word_1_861' title='bbox 1205 5094 1676 5166; x_wconf 80' lang='grc' dir='ltr'>χαρακτηρίζοντα</span> <span class='ocrx_word' id='word_1_862' title='bbox 1713 5093 1812 5164; x_wconf 78' lang='grc' dir='ltr'>τὴν</span> 
     </span>
    </p>
   </div>
   <div class='ocr_carea' id='block_1_101' title="bbox 239 5180 1813 5257">
    <p class='ocr_par' dir='ltr' id='par_1_101' title="bbox 239 5180 1813 5257">
     <span class='ocr_line' id='line_1_101' title="bbox 239 5180 1813 5257; baseline 0.004 -26"><span class='ocrx_word' id='word_1_863' title='bbox 239 5180 403 5246; x_wconf 83' lang='grc' dir='ltr'>ἁγίαν</span> <span class='ocrx_word' id='word_1_864' title='bbox 433 5183 624 5254; x_wconf 84' lang='grc' dir='ltr'>χήραν,</span> <span class='ocrx_word' id='word_1_865' title='bbox 658 5185 750 5237; x_wconf 77' lang='grc' dir='ltr'>καὶ</span> <span class='ocrx_word' id='word_1_866' title='bbox 787 5183 960 5256; x_wconf 84' lang='grc' dir='ltr'>τούτῳ</span> <span class='ocrx_word' id='word_1_867' title='bbox 1007 5186 1152 5257; x_wconf 86' lang='grc' dir='ltr'>μόνῳ</span> <span class='ocrx_word' id='word_1_868' title='bbox 1191 5185 1503 5248; x_wconf 87' lang='grc' dir='ltr'>λείπουσαν,</span> <span class='ocrx_word' id='word_1_869' title='bbox 1539 5185 1614 5255; x_wconf 83' lang='grc' dir='ltr'>μὴ</span> <span class='ocrx_word' id='word_1_870' title='bbox 1647 5202 1813 5239; x_wconf 85' lang='grc' dir='ltr'>κατα-</span> 
     </span>
    </p>
   </div>
   <div class='ocr_carea' id='block_1_102' title="bbox 239 5269 1810 5346">
    <p class='ocr_par' dir='ltr' id='par_1_102' title="bbox 239 5269 1810 5346">
     <span class='ocr_line' id='line_1_102' title="bbox 239 5269 1810 5346; baseline 0.005 -27"><span class='ocrx_word' id='word_1_871' title='bbox 239 5269 496 5340; x_wconf 71' lang='grc' dir='ltr'>τετάχθαι</span> <span class='ocrx_word' id='word_1_872' title='bbox 541 5273 622 5335; x_wconf 83' lang='grc' dir='ltr'><strong>εἰς</strong></span> <span class='ocrx_word' id='word_1_873' title='bbox 667 5274 1122 5346; x_wconf 82' lang='grc' dir='ltr'>ἐκκλησιαστικὴν</span> <span class='ocrx_word' id='word_1_874' title='bbox 1168 5275 1352 5346; x_wconf 80' lang='grc' dir='ltr'>τιμὴν,</span> <span class='ocrx_word' id='word_1_875' title='bbox 1407 5274 1666 5339; x_wconf 88' lang='grc' dir='ltr'>πολλάκις</span> <span class='ocrx_word' id='word_1_876' title='bbox 1723 5273 1810 5328; x_wconf 83' lang='grc' dir='ltr'>διὰ</span> 
     </span>
    </p>
   </div>
   <div class='ocr_carea' id='block_1_103' title="bbox 1915 4530 3493 4601">
    <p class='ocr_par' dir='ltr' id='par_1_103' title="bbox 1915 4530 3493 4601">
     <span class='ocr_line' id='line_1_103' title="bbox 1915 4530 3493 4601; baseline 0.001 -11"><span class='ocrx_word' id='word_1_877' title='bbox 1915 4535 2218 4590; x_wconf 88' lang='lat' dir='ltr'><strong>sideremus</strong></span> <span class='ocrx_word' id='word_1_878' title='bbox 2243 4533 2371 4601; x_wconf 89' lang='lat' dir='ltr'><strong>quid</strong></span> <span class='ocrx_word' id='word_1_879' title='bbox 2401 4533 2474 4588; x_wconf 91' lang='lat' dir='ltr'><strong>sit</strong></span> <span class='ocrx_word' id='word_1_880' title='bbox 2513 4532 2697 4588; x_wconf 89' lang='lat' dir='ltr'><strong>dicere</strong></span> <span class='ocrx_word' id='word_1_881' title='bbox 2734 4530 2786 4584; x_wconf 93' lang='lat' dir='ltr'><strong>in</strong></span> <span class='ocrx_word' id='word_1_882' title='bbox 2821 4530 2924 4585; x_wconf 90' lang='lat' dir='ltr'><strong>hoc</strong></span> <span class='ocrx_word' id='word_1_883' title='bbox 2973 4530 3117 4596; x_wconf 93' lang='lat' dir='ltr'><strong>loco,</strong></span> <span class='ocrx_word' id='word_1_884' title='bbox 3169 4550 3188 4584; x_wconf 81' lang='grc' dir='ltr'><strong>ι</strong></span> <span class='ocrx_word' id='word_1_885' title='bbox 3231 4531 3493 4591; x_wconf 88' lang='lat' dir='ltr'><strong>Dominus</strong></span> 
     </span>
    </p>
   </div>
   <div class='ocr_carea' id='block_1_104' title="bbox 1913 4625 3488 4698">
    <p class='ocr_par' dir='ltr' id='par_1_104' title="bbox 1913 4625 3488 4698">
     <span class='ocr_line' id='line_1_104' title="bbox 1913 4625 3488 4698; baseline -0.001 -14"><span class='ocrx_word' id='word_1_886' title='bbox 1913 4629 2073 4686; x_wconf 86' lang='lat' dir='ltr'><strong>Jesus</strong></span> <span class='ocrx_word' id='word_1_887' title='bbox 2102 4646 2118 4692; x_wconf 84' lang='lat'><strong>;</strong></span> <span class='ocrx_word' id='word_1_888' title='bbox 2152 4646 2170 4679; x_wconf 95' lang='lat'><strong>1</strong></span> <span class='ocrx_word' id='word_1_889' title='bbox 2205 4626 2368 4698; x_wconf 67' lang='grc'><strong>422</strong></span> <span class='ocrx_word' id='word_1_890' title='bbox 2421 4626 2511 4695; x_wconf 91' lang='lat' dir='ltr'><strong>qui</strong></span> <span class='ocrx_word' id='word_1_891' title='bbox 2568 4625 2722 4693; x_wconf 87' lang='lat' dir='ltr'><strong>dicit,</strong></span> <span class='ocrx_word' id='word_1_892' title='bbox 2771 4645 2790 4679; x_wconf 82' lang='grc' dir='ltr'><strong>ι</strong></span> <span class='ocrx_word' id='word_1_893' title='bbox 2843 4627 3102 4684; x_wconf 89' lang='lat' dir='ltr'><strong>Dominus</strong></span> <span class='ocrx_word' id='word_1_894' title='bbox 3148 4628 3329 4696; x_wconf 86' lang='lat' dir='ltr'><strong>Jesus,</strong></span> <span class='ocrx_word' id='word_1_895' title='bbox 3364 4649 3382 4682; x_wconf 92' lang='lat'><strong>1</strong></span> <span class='ocrx_word' id='word_1_896' title='bbox 3435 4629 3488 4682; x_wconf 89' lang='lat' dir='ltr'><strong>in</strong></span> 
     </span>
    </p>
   </div>
   <div class='ocr_carea' id='block_1_105' title="bbox 1917 4717 3486 4792">
    <p class='ocr_par' dir='ltr' id='par_1_105' title="bbox 1917 4717 3486 4792">
     <span class='ocr_line' id='line_1_105' title="bbox 1917 4717 3486 4792; baseline -0.002 -16"><span class='ocrx_word' id='word_1_897' title='bbox 1917 4719 2125 4792; x_wconf 90' lang='lat' dir='ltr'><strong>Spiritu</strong></span> <span class='ocrx_word' id='word_1_898' title='bbox 2157 4727 2368 4784; x_wconf 89' lang='lat' dir='ltr'><strong>sancto,</strong></span> <span class='ocrx_word' id='word_1_899' title='bbox 2405 4717 2546 4772; x_wconf 89' lang='lat' dir='ltr'><strong>bene</strong></span> <span class='ocrx_word' id='word_1_900' title='bbox 2583 4717 2736 4773; x_wconf 92' lang='lat' dir='ltr'><strong>dicit.</strong></span> <span class='ocrx_word' id='word_1_901' title='bbox 2770 4718 2853 4784; x_wconf 81' lang='lat' dir='ltr'><strong>An</strong></span> <span class='ocrx_word' id='word_1_902' title='bbox 2890 4734 3021 4775; x_wconf 90' lang='lat' dir='ltr'><strong>vero</strong></span> <span class='ocrx_word' id='word_1_903' title='bbox 3052 4722 3143 4790; x_wconf 93' lang='lat' dir='ltr'><strong>qui</strong></span> <span class='ocrx_word' id='word_1_904' title='bbox 3174 4723 3310 4776; x_wconf 89' lang='lat' dir='ltr'><strong>bene</strong></span> <span class='ocrx_word' id='word_1_905' title='bbox 3333 4722 3486 4784; x_wconf 92' lang='lat' dir='ltr'><strong>dicit,</strong></span> 
     </span>
    </p>
   </div>
   <div class='ocr_carea' id='block_1_106' title="bbox 1915 4807 3486 4882">
    <p class='ocr_par' dir='ltr' id='par_1_106' title="bbox 1915 4807 3486 4882">
     <span class='ocr_line' id='line_1_106' title="bbox 1915 4807 3486 4882; baseline -0.001 -13"><span class='ocrx_word' id='word_1_906' title='bbox 1915 4814 1962 4870; x_wconf 88' lang='lat' dir='ltr'><strong>is</strong></span> <span class='ocrx_word' id='word_1_907' title='bbox 1987 4813 2210 4868; x_wconf 91' lang='lat' dir='ltr'><strong>omnino</strong></span> <span class='ocrx_word' id='word_1_908' title='bbox 2234 4811 2380 4864; x_wconf 88' lang='lat' dir='ltr'><strong>dicat</strong></span> <span class='ocrx_word' id='word_1_909' title='bbox 2408 4807 2570 4862; x_wconf 90' lang='lat' dir='ltr'><strong>etiam</strong></span> <span class='ocrx_word' id='word_1_910' title='bbox 2603 4809 2656 4863; x_wconf 89' lang='lat' dir='ltr'><strong>in</strong></span> <span class='ocrx_word' id='word_1_911' title='bbox 2686 4808 2892 4881; x_wconf 86' lang='lat' dir='ltr'><strong>Spiritu</strong></span> <span class='ocrx_word' id='word_1_912' title='bbox 2926 4821 3140 4879; x_wconf 85' lang='lat' dir='ltr'><strong>sancto,</strong></span> <span class='ocrx_word' id='word_1_913' title='bbox 3171 4821 3225 4867; x_wconf 92' lang='lat' dir='ltr'><strong>tu</strong></span> <span class='ocrx_word' id='word_1_914' title='bbox 3254 4829 3486 4882; x_wconf 82' lang='lat' dir='ltr'><strong>quaeres,</strong></span> 
     </span>
    </p>
   </div>
   <div class='ocr_carea' id='block_1_107' title="bbox 1916 4901 3490 4976">
    <p class='ocr_par' dir='ltr' id='par_1_107' title="bbox 1916 4901 3490 4976">
     <span class='ocr_line' id='line_1_107' title="bbox 1916 4901 3490 4976; baseline -0.001 -18"><span class='ocrx_word' id='word_1_915' title='bbox 1916 4912 2142 4976; x_wconf 85' lang='lat' dir='ltr'><strong>propter</strong></span> <span class='ocrx_word' id='word_1_916' title='bbox 2173 4901 2327 4966; x_wconf 90' lang='lat' dir='ltr'><strong>illud,</strong></span> <span class='ocrx_word' id='word_1_917' title='bbox 2383 4923 2401 4956; x_wconf 86' lang='grc' dir='ltr'><strong>ι</strong></span> <span class='ocrx_word' id='word_1_918' title='bbox 2432 4903 2499 4958; x_wconf 87' lang='lat' dir='ltr'><strong>Et</strong></span> <span class='ocrx_word' id='word_1_919' title='bbox 2531 4903 2668 4959; x_wconf 90' lang='lat' dir='ltr'><strong>bene</strong></span> <span class='ocrx_word' id='word_1_920' title='bbox 2697 4903 2902 4970; x_wconf 88' lang='lat' dir='ltr'><strong>dicitis,</strong></span> <span class='ocrx_word' id='word_1_921' title='bbox 2939 4923 2958 4957; x_wconf 92' lang='lat'><strong>1</strong></span> <span class='ocrx_word' id='word_1_922' title='bbox 3003 4905 3146 4974; x_wconf 90' lang='lat' dir='ltr'><strong>quod</strong></span> <span class='ocrx_word' id='word_1_923' title='bbox 3180 4921 3325 4958; x_wconf 90' lang='lat' dir='ltr'><strong>nunc</strong></span> <span class='ocrx_word' id='word_1_924' title='bbox 3362 4919 3490 4959; x_wconf 61' lang='lat' dir='ltr'><strong>cx»-</strong></span> 
     </span>
    </p>
   </div>
   <div class='ocr_carea' id='block_1_108' title="bbox 1918 4993 3491 5063">
    <p class='ocr_par' dir='ltr' id='par_1_108' title="bbox 1918 4993 3491 5063">
     <span class='ocr_line' id='line_1_108' title="bbox 1918 4993 3491 5063; baseline -0.002 -13"><span class='ocrx_word' id='word_1_925' title='bbox 1918 4998 2160 5050; x_wconf 90' lang='lat' dir='ltr'><strong>miuatur</strong></span> <span class='ocrx_word' id='word_1_926' title='bbox 2193 5011 2314 5051; x_wconf 87' lang='lat' dir='ltr'><strong>cum</strong></span> <span class='ocrx_word' id='word_1_927' title='bbox 2347 4995 2438 5050; x_wconf 93' lang='lat' dir='ltr'><strong>illo</strong></span> <span class='ocrx_word' id='word_1_928' title='bbox 2463 4995 2649 5051; x_wconf 88' lang='lat' dir='ltr'><strong>dicto:</strong></span> <span class='ocrx_word' id='word_1_929' title='bbox 2694 5013 2712 5046; x_wconf 82' lang='grc' dir='ltr'><strong>ι</strong></span> <span class='ocrx_word' id='word_1_930' title='bbox 2747 4993 2994 5051; x_wconf 79' lang='lat' dir='ltr'><strong>Nondum</strong></span> <span class='ocrx_word' id='word_1_931' title='bbox 3037 4996 3180 5050; x_wconf 88' lang='lat' dir='ltr'><strong>enim</strong></span> <span class='ocrx_word' id='word_1_932' title='bbox 3225 5006 3344 5049; x_wconf 88' lang='lat' dir='ltr'><strong>erat</strong></span> <span class='ocrx_word' id='word_1_933' title='bbox 3373 4996 3491 5063; x_wconf 81' lang='lat' dir='ltr'><strong>Spi-</strong></span> 
     </span>
    </p>
   </div>
   <div class='ocr_carea' id='block_1_109' title="bbox 1917 5086 3481 5159">
    <p class='ocr_par' dir='ltr' id='par_1_109' title="bbox 1917 5086 3481 5159">
     <span class='ocr_line' id='line_1_109' title="bbox 1917 5086 3481 5159; baseline -0.003 -17"><span class='ocrx_word' id='word_1_934' title='bbox 1917 5089 2056 5143; x_wconf 88' lang='lat' dir='ltr'><strong>ritus</strong></span> <span class='ocrx_word' id='word_1_935' title='bbox 2075 5088 2251 5155; x_wconf 82' lang='lat' dir='ltr'><strong>datus,</strong></span> <span class='ocrx_word' id='word_1_936' title='bbox 2276 5087 2400 5158; x_wconf 90' lang='lat' dir='ltr'><strong>quia</strong></span> <span class='ocrx_word' id='word_1_937' title='bbox 2426 5088 2664 5142; x_wconf 91' lang='lat' dir='ltr'><strong>nondum</strong></span> <span class='ocrx_word' id='word_1_938' title='bbox 2683 5097 2828 5143; x_wconf 88' lang='lat' dir='ltr'><strong>esset</strong></span> <span class='ocrx_word' id='word_1_939' title='bbox 2849 5086 3003 5143; x_wconf 79' lang='lat' dir='ltr'><strong>Jesus</strong></span> <span class='ocrx_word' id='word_1_940' title='bbox 3023 5087 3430 5159; x_wconf 78' lang='lat' dir='ltr'><strong>gloriﬁcatus&quot;.</strong></span> <span class='ocrx_word' id='word_1_941' title='bbox 3461 5105 3481 5138; x_wconf 91' lang='lat'><strong>1</strong></span> 
     </span>
    </p>
   </div>
   <div class='ocr_carea' id='block_1_110' title="bbox 1915 5175 3485 5251">
    <p class='ocr_par' dir='ltr' id='par_1_110' title="bbox 1915 5175 3485 5251">
     <span class='ocr_line' id='line_1_110' title="bbox 1915 5175 3485 5251; baseline -0.004 -15"><span class='ocrx_word' id='word_1_942' title='bbox 1915 5181 2062 5236; x_wconf 82' lang='lat' dir='ltr'><strong>Illius</strong></span> <span class='ocrx_word' id='word_1_943' title='bbox 2103 5182 2291 5251; x_wconf 87' lang='lat' dir='ltr'><strong>itaque</strong></span> <span class='ocrx_word' id='word_1_944' title='bbox 2318 5180 2407 5250; x_wconf 88' lang='lat' dir='ltr'><strong>qui</strong></span> <span class='ocrx_word' id='word_1_945' title='bbox 2445 5181 2660 5236; x_wconf 84' lang='lat' dir='ltr'><strong>sincere</strong></span> <span class='ocrx_word' id='word_1_946' title='bbox 2712 5189 2770 5236; x_wconf 88' lang='lat' dir='ltr'><strong>et</strong></span> <span class='ocrx_word' id='word_1_947' title='bbox 2809 5194 2878 5234; x_wconf 76' lang='lat' dir='ltr'><strong>ex</strong></span> <span class='ocrx_word' id='word_1_948' title='bbox 2928 5179 3110 5232; x_wconf 90' lang='lat' dir='ltr'><strong>animo</strong></span> <span class='ocrx_word' id='word_1_949' title='bbox 3141 5177 3307 5231; x_wconf 87' lang='lat' dir='ltr'><strong>servit</strong></span> <span class='ocrx_word' id='word_1_950' title='bbox 3348 5175 3485 5230; x_wconf 89' lang='lat' dir='ltr'><strong>Filio</strong></span> 
     </span>
    </p>
   </div>
   <div class='ocr_carea' id='block_1_111' title="bbox 1919 5263 3480 5336">
    <p class='ocr_par' dir='ltr' id='par_1_111' title="bbox 1919 5263 3480 5336">
     <span class='ocr_line' id='line_1_111' title="bbox 1919 5263 3480 5336; baseline -0.005 -9"><span class='ocrx_word' id='word_1_951' title='bbox 1919 5273 2038 5336; x_wconf 90' lang='lat' dir='ltr'><strong>Dei,</strong></span> <span class='ocrx_word' id='word_1_952' title='bbox 2079 5271 2319 5328; x_wconf 81' lang='lat' dir='ltr'><strong>officium</strong></span> <span class='ocrx_word' id='word_1_953' title='bbox 2349 5281 2431 5327; x_wconf 90' lang='lat' dir='ltr'><strong>est</strong></span> <span class='ocrx_word' id='word_1_954' title='bbox 2455 5271 2595 5326; x_wconf 91' lang='lat' dir='ltr'><strong>bene</strong></span> <span class='ocrx_word' id='word_1_955' title='bbox 2635 5271 2840 5334; x_wconf 87' lang='lat' dir='ltr'><strong>dicere,</strong></span> <span class='ocrx_word' id='word_1_956' title='bbox 2877 5287 2896 5321; x_wconf 82' lang='grc' dir='ltr'><strong>ι</strong></span> <span class='ocrx_word' id='word_1_957' title='bbox 2949 5267 3207 5322; x_wconf 90' lang='lat' dir='ltr'><strong>Dominus</strong></span> <span class='ocrx_word' id='word_1_958' title='bbox 3243 5263 3420 5329; x_wconf 82' lang='lat' dir='ltr'><strong>Jesus,</strong></span> <span class='ocrx_word' id='word_1_959' title='bbox 3459 5286 3480 5319; x_wconf 83' lang='lat'><strong>1</strong></span> 
     </span>
    </p>
   </div>
   <div class='ocr_carea' id='block_1_112' title="bbox 315 5430 1825 5503">
    <p class='ocr_par' dir='ltr' id='par_1_112' title="bbox 315 5432 1825 5501">
     <span class='ocr_line' id='line_1_112' title="bbox 315 5432 1825 5501; baseline 0.001 -15"><span class='ocrx_word' id='word_1_960' title='bbox 315 5435 357 5465; x_wconf 80' lang='lat'>&quot;</span> <span class='ocrx_word' id='word_1_961' title='bbox 378 5432 533 5489; x_wconf 82' lang='lat' dir='ltr'><strong>Rom.</strong></span> <span class='ocrx_word' id='word_1_962' title='bbox 552 5451 671 5501; x_wconf 81' lang='lat' dir='ltr'><strong>vui,</strong></span> <span class='ocrx_word' id='word_1_963' title='bbox 699 5436 784 5490; x_wconf 83' lang='lat' dir='ltr'><strong>l5.</strong></span> <span class='ocrx_word' id='word_1_964' title='bbox 863 5435 907 5467; x_wconf 86' lang='grc'><strong>¹³</strong></span> <span class='ocrx_word' id='word_1_965' title='bbox 934 5435 950 5488; x_wconf 93' lang='lat' dir='ltr'><strong>l</strong></span> <span class='ocrx_word' id='word_1_966' title='bbox 979 5435 1102 5490; x_wconf 89' lang='lat' dir='ltr'><strong>Cor.</strong></span> <span class='ocrx_word' id='word_1_967' title='bbox 1126 5451 1227 5500; x_wconf 69' lang='grc' dir='ltr'>ιιι,</span> <span class='ocrx_word' id='word_1_968' title='bbox 1255 5435 1347 5491; x_wconf 76' lang='lat'><strong>28.</strong></span> <span class='ocrx_word' id='word_1_969' title='bbox 1425 5436 1468 5467; x_wconf 69' lang='grc' dir='ltr'>ιδ</span> <span class='ocrx_word' id='word_1_970' title='bbox 1499 5436 1635 5491; x_wconf 89' lang='lat' dir='ltr'><strong>Gen.</strong></span> <span class='ocrx_word' id='word_1_971' title='bbox 1663 5451 1825 5495; x_wconf 72' lang='lat' dir='ltr'><strong>xxvu.</strong></span> 
     </span>
    </p>
   </div>
   <div class='ocr_carea' id='block_1_113' title="bbox 1929 5430 3485 5503">
    <p class='ocr_par' dir='ltr' id='par_1_113' title="bbox 1933 5430 3485 5503">
     <span class='ocr_line' id='line_1_113' title="bbox 1933 5430 3485 5503; baseline -0.002 -15"><span class='ocrx_word' id='word_1_972' title='bbox 1933 5474 1946 5488; x_wconf 92' lang='lat'><strong>.</strong></span> <span class='ocrx_word' id='word_1_973' title='bbox 2026 5437 2070 5467; x_wconf 78' lang='grc'>³³</span> <span class='ocrx_word' id='word_1_974' title='bbox 2089 5436 2217 5493; x_wconf 87' lang='lat' dir='ltr'><strong>ibid.</strong></span> <span class='ocrx_word' id='word_1_975' title='bbox 2240 5436 2330 5489; x_wconf 76' lang='lat'><strong>29.</strong></span> <span class='ocrx_word' id='word_1_976' title='bbox 2407 5435 2450 5467; x_wconf 83' lang='lat'>“</span> <span class='ocrx_word' id='word_1_977' title='bbox 2475 5434 2669 5489; x_wconf 88' lang='lat' dir='ltr'><strong>Matth.</strong></span> <span class='ocrx_word' id='word_1_978' title='bbox 2693 5432 2897 5502; x_wconf 74' lang='lat' dir='ltr'><strong>vtt,22,</strong></span> <span class='ocrx_word' id='word_1_979' title='bbox 2920 5433 3026 5501; x_wconf 69' lang='lat'><strong>23;</strong></span> <span class='ocrx_word' id='word_1_980' title='bbox 3055 5431 3188 5489; x_wconf 84' lang='lat' dir='ltr'><strong>Luc.</strong></span> <span class='ocrx_word' id='word_1_981' title='bbox 3231 5446 3352 5497; x_wconf 86' lang='lat' dir='ltr'><strong>xm,</strong></span> <span class='ocrx_word' id='word_1_982' title='bbox 3390 5430 3485 5503; x_wconf 71' lang='lat'><em>26,</em></span> 
     </span>
    </p>
   </div>
   <div class='ocr_carea' id='block_1_114' title="bbox 238 5503 1912 5572">
    <p class='ocr_par' dir='ltr' id='par_1_114' title="bbox 238 5503 1912 5572">
     <span class='ocr_line' id='line_1_114' title="bbox 238 5503 1912 5572; baseline 0.002 -16"><span class='ocrx_word' id='word_1_983' title='bbox 238 5503 329 5558; x_wconf 77' lang='lat'><strong>9.7.</strong></span> <span class='ocrx_word' id='word_1_984' title='bbox 377 5505 418 5535; x_wconf 84' lang='lat'>&quot;</span> <span class='ocrx_word' id='word_1_985' title='bbox 449 5504 641 5559; x_wconf 85' lang='lat' dir='ltr'><strong>Matth.</strong></span> <span class='ocrx_word' id='word_1_986' title='bbox 671 5521 762 5572; x_wconf 78' lang='lat' dir='ltr'><strong>vti,</strong></span> <span class='ocrx_word' id='word_1_987' title='bbox 785 5505 877 5560; x_wconf 71' lang='grc'><strong>21.</strong></span> <span class='ocrx_word' id='word_1_988' title='bbox 954 5506 1175 5561; x_wconf 76' lang='lat' dir='ltr'><strong>“lCor.</strong></span> <span class='ocrx_word' id='word_1_989' title='bbox 1205 5521 1303 5569; x_wconf 87' lang='lat' dir='ltr'><strong>xu,</strong></span> <span class='ocrx_word' id='word_1_990' title='bbox 1327 5506 1382 5560; x_wconf 80' lang='grc'>5.</span> <span class='ocrx_word' id='word_1_991' title='bbox 1459 5507 1501 5538; x_wconf 83' lang='grc'><strong>¹⁹</strong></span> <span class='ocrx_word' id='word_1_992' title='bbox 1527 5505 1678 5562; x_wconf 83' lang='lat' dir='ltr'><strong>Joan.</strong></span> <span class='ocrx_word' id='word_1_993' title='bbox 1703 5521 1801 5572; x_wconf 86' lang='lat' dir='ltr'><strong>vtt,</strong></span> <span class='ocrx_word' id='word_1_994' title='bbox 1821 5505 1912 5560; x_wconf 78' lang='lat'><strong>39.</strong></span> 
     </span>
    </p>
   </div>
   <div class='ocr_carea' id='block_1_115' title="bbox 315 5599 1448 5672">
    <p class='ocr_par' dir='ltr' id='par_1_115' title="bbox 315 5599 1448 5672">
     <span class='ocr_line' id='line_1_115' title="bbox 315 5599 1448 5672; baseline -0.001 -18"><span class='ocrx_word' id='word_1_995' title='bbox 315 5599 428 5672; x_wconf 46' lang='grc' dir='ltr'><strong>(ᾗ)</strong></span> <span class='ocrx_word' id='word_1_996' title='bbox 450 5599 643 5672; x_wconf 14' lang='lat' dir='ltr'><strong>Codex,</strong></span> <span class='ocrx_word' id='word_1_997' title='bbox 663 5600 1008 5664; x_wconf 82' lang='lat' dir='ltr'><strong>Bodleianus,</strong></span> <span class='ocrx_word' id='word_1_998' title='bbox 1033 5600 1448 5672; x_wconf 80' lang='grc' dir='ltr'>νενομισμένον.</span> 
     </span>
    </p>
   </div>
   <div class='ocr_carea' id='block_1_116' title="bbox 314 5668 1810 5741">
    <p class='ocr_par' dir='ltr' id='par_1_116' title="bbox 314 5668 1810 5741">
     <span class='ocr_line' id='line_1_116' title="bbox 314 5668 1810 5741; baseline 0 -19"><span class='ocrx_word' id='word_1_999' title='bbox 314 5669 421 5740; x_wconf 75' lang='lat'><strong>(25)</strong></span> <span class='ocrx_word' id='word_1_1000' title='bbox 458 5669 568 5724; x_wconf 81' lang='lat' dir='ltr'><strong>Kal</strong></span> <span class='ocrx_word' id='word_1_1001' title='bbox 613 5671 668 5741; x_wconf 14' lang='grc' dir='ltr'><strong>ἠέ</strong></span> <span class='ocrx_word' id='word_1_1002' title='bbox 678 5671 1119 5741; x_wconf 59' lang='grc' dir='ltr'>καταλεγομένη</span> <span class='ocrx_word' id='word_1_1003' title='bbox 1164 5668 1810 5738; x_wconf 72' lang='grc' dir='ltr'>εἰς’ὲκκλησιαστικὴγ</span> 
     </span>
    </p>
   </div>
   <div class='ocr_carea' id='block_1_117' title="bbox 243 5739 1808 5813">
    <p class='ocr_par' dir='ltr' id='par_1_117' title="bbox 243 5739 1808 5813">
     <span class='ocr_line' id='line_1_117' title="bbox 243 5739 1808 5813; baseline 0 -20"><span class='ocrx_word' id='word_1_1004' title='bbox 243 5739 437 5813; x_wconf 66' lang='grc' dir='ltr'>τιμὴν,</span> <span class='ocrx_word' id='word_1_1005' title='bbox 491 5751 601 5799; x_wconf 88' lang='lat' dir='ltr'><strong>etc.</strong></span> <span class='ocrx_word' id='word_1_1006' title='bbox 655 5739 835 5797; x_wconf 79' lang='lat' dir='ltr'><strong>Vidute</strong></span> <span class='ocrx_word' id='word_1_1007' title='bbox 895 5739 1069 5798; x_wconf 81' lang='lat' dir='ltr'><strong>autem</strong></span> <span class='ocrx_word' id='word_1_1008' title='bbox 1113 5741 1218 5798; x_wconf 76' lang='lat' dir='ltr'><strong>illae</strong></span> <span class='ocrx_word' id='word_1_1009' title='bbox 1253 5743 1319 5797; x_wconf 90' lang='lat' dir='ltr'><strong>ad</strong></span> <span class='ocrx_word' id='word_1_1010' title='bbox 1373 5742 1808 5800; x_wconf 87' lang='lat' dir='ltr'><strong>ecclesiasticum</strong></span> 
     </span>
    </p>
   </div>
   <div class='ocr_carea' id='block_1_118' title="bbox 1918 5594 3483 5664">
    <p class='ocr_par' dir='ltr' id='par_1_118' title="bbox 1918 5594 3483 5664">
     <span class='ocr_line' id='line_1_118' title="bbox 1918 5594 3483 5664; baseline -0.001 -10"><span class='ocrx_word' id='word_1_1011' title='bbox 1918 5598 2182 5654; x_wconf 89' lang='lat' dir='ltr'><strong>honorem</strong></span> <span class='ocrx_word' id='word_1_1012' title='bbox 2219 5594 2430 5659; x_wconf 68' lang='lat' dir='ltr'><strong>ascitm,</strong></span> <span class='ocrx_word' id='word_1_1013' title='bbox 2470 5609 2548 5650; x_wconf 77' lang='lat' dir='ltr'><strong>ea:</strong></span> <span class='ocrx_word' id='word_1_1014' title='bbox 2590 5605 2750 5650; x_wconf 85' lang='lat' dir='ltr'><strong>erant</strong></span> <span class='ocrx_word' id='word_1_1015' title='bbox 2771 5611 2888 5664; x_wconf 74' lang='lat' dir='ltr'><strong>qua:</strong></span> <span class='ocrx_word' id='word_1_1016' title='bbox 2939 5596 3258 5653; x_wconf 66' lang='lat' dir='ltr'><strong>diaconissm</strong></span> <span class='ocrx_word' id='word_1_1017' title='bbox 3322 5596 3483 5652; x_wconf 69' lang='lat' dir='ltr'><strong>dicta</strong></span> 
     </span>
    </p>
   </div>
   <div class='ocr_carea' id='block_1_119' title="bbox 1917 5665 3478 5733">
    <p class='ocr_par' dir='ltr' id='par_1_119' title="bbox 1917 5665 3478 5733">
     <span class='ocr_line' id='line_1_119' title="bbox 1917 5665 3478 5733; baseline 0 -13"><span class='ocrx_word' id='word_1_1018' title='bbox 1917 5675 2080 5732; x_wconf 85' lang='lat' dir='ltr'><strong>sunt;</strong></span> <span class='ocrx_word' id='word_1_1019' title='bbox 2140 5665 2436 5733; x_wconf 71' lang='lat' dir='ltr'><strong>cuiusmodi</strong></span> <span class='ocrx_word' id='word_1_1020' title='bbox 2489 5677 2609 5719; x_wconf 78' lang='lat' dir='ltr'><strong>erat</strong></span> <span class='ocrx_word' id='word_1_1021' title='bbox 2671 5665 2876 5724; x_wconf 72' lang='lat' dir='ltr'><strong>Plimbe</strong></span> <span class='ocrx_word' id='word_1_1022' title='bbox 2931 5667 3020 5725; x_wconf 87' lang='lat' dir='ltr'><strong>illa</strong></span> <span class='ocrx_word' id='word_1_1023' title='bbox 3080 5667 3478 5725; x_wconf 82' lang='lat' dir='ltr'><strong>Cenchreensis</strong></span> 
     </span>
    </p>
   </div>
   <div class='ocr_carea' id='block_1_120' title="bbox 1917 5735 2802 5796">
    <p class='ocr_par' dir='ltr' id='par_1_120' title="bbox 1917 5735 2802 5796">
     <span class='ocr_line' id='line_1_120' title="bbox 1917 5735 2802 5796; baseline -0.001 -3"><span class='ocrx_word' id='word_1_1024' title='bbox 1917 5736 2170 5794; x_wconf 73' lang='lat' dir='ltr'><strong>Ecclesia-</strong></span> <span class='ocrx_word' id='word_1_1025' title='bbox 2194 5735 2513 5794; x_wconf 76' lang='lat' dir='ltr'><strong>diacouisSa.</strong></span> <span class='ocrx_word' id='word_1_1026' title='bbox 2547 5735 2802 5796; x_wconf 76' lang='lat' dir='ltr'><strong>llusrws.</strong></span> 
     </span>
    </p>
   </div>
  </div>
