3866 6200
418 298 523 357 ’Πί

1869 279 2188 338 οιιιςΕΝιδ

3553 281 3650 337 77?.

417 428 543 472 cum
573 413 640 468 ad
676 409 1000 481 diScipulum
1028 421 1185 476 atque
1218 407 1487 475 pertineat
1515 401 1674 473 hujus
1705 403 1878 458 instar
1905 403 1988 456 di-

2100 395 2396 452 παιδ.σκῶν
2455 397 2550 451 καὶ
2593 396 2822 450 οἰκετῶν
2871 395 3396 469 φιλοφρονησαμένων
3419 437 3438 462 ,
3504 399 3565 452 ὲν
3613 393 3654 468 ᾧ

419 519 569 568 cere,
631 522 650 554 ‹
706 501 958 569 Magister
1005 514 1019 562 ;
1076 514 1095 548 ι
1151 497 1214 549 ad
1265 509 1424 564 quem
1483 496 1600 564 ipse
1649 494 1992 564 respondeat,

425 593 608 648 (Sum
660 590 883 653 etenim,
933 605 953 640 ι
1009 587 1062 640 id
1111 586 1254 655 quod
1304 586 1544 654 alioquin
1587 585 1832 640 dicturus
1887 598 1994 638 non

422 683 598 739 fuerat
621 680 782 735 Jes‘us
810 679 1068 734 servienti
1113 689 1357 747 peccato,
1384 687 1440 732 et
1471 676 1738 746 discipulo
1770 677 1993 731 menda-

420 775 656 828 ciorum.
693 771 975 841 Contiugit
1024 780 1260 824 attamen
1311 780 1555 824 sanctum
1602 781 1816 837 quoque
1860 781 1995 837 opus

421 864 650 926 habere,
681 871 739 915 ut
767 861 869 916 sihi
910 861 1160 915 laventur
1181 860 1346 930 pedes
1375 876 1390 913 :
1419 857 1672 928 quoniam
1703 857 1996 926 requiritur

419 957 590 1010 etiam
626 971 655 1008 a
689 954 852 1008 vidua
895 953 966 1018 ",
999 966 1122 1020 quae
1175 959 1597 1004 counumeratur
1640 949 1691 1002 in
1736 949 1994 1002 honorem

423 1044 880 1107 ecclesiasticum,
915 1056 981 1095 an
1022 1042 1165 1095 inter
1193 1039 1297 1092 alia
1328 1039 1489 1100 bona,
1525 1045 1838 1090 sanctorum
1866 1047 1997 1101 quo-

422 1155 529 1207 que
573 1139 742 1208 pedes
795 1137 1011 1190 laverit.
1055 1132 1186 1188 Nam
1221 1129 1512 1185 ridiculum
1557 1127 1814 1182 existimo
1843 1126 1992 1195 alligi

421 1231 646 1296 litterae,
675 1230 1004 1296 viduamque
1045 1227 1157 1280 lia‘c
1194 1223 1398 1286 omnia,
1440 1230 1501 1274 ut
1536 1220 1608 1273 ita
1664 1219 1863 1281 dicam,
1901 1217 1996 1273 ha-

426 1324 644 1376 bentem
699 1335 820 1389 quae
871 1328 1117 1373 sanctam
1165 1313 1442 1369 delineent
1491 1313 1732 1375 viduam,
1783 1311 1995 1378 hacque

421 1427 527 1465 una
578 1426 636 1465 re
689 1421 989 1473 carentem,
1042 1421 1146 1461 non
1196 1402 1450 1472 conjungi
1498 1402 1689 1457 honori
1735 1403 1988 1457 ecclesia-

422 1503 587 1561 stico,
617 1514 736 1552 cum
771 1499 887 1567 ipsa
921 1497 1255 1565 frequenter,
1293 1491 1657 1547 mediantibus
1692 1492 1903 1547 ancillis
1941 1501 1996 1548 et

422 1589 626 1650 vernis,
655 1590 951 1657 prudenter
1005 1585 1177 1651 egerit
1229 1591 1476 1650 tempore
1517 1595 1624 1649 quo
1663 1581 1991 1646 abundabat,

424 1679 762 1745 habebatque
801 1686 1106 1745 opportuna
1137 1673 1332 1744 quibus
1363 1671 1687 1728 beneﬁcium
1720 1671 1994 1727 conferret

2094 489 2273 560 καιρῷ
2307 489 2540 559 ηὐπόρει
2569 489 2704 559 (24).
2732 489 2829 542 καὶ
2860 486 2972 557 εἶχε
3004 488 3073 542 τὰ
3105 487 3394 559 ἐπιτήδεια,
3422 489 3552 552 τοὺς
3578 490 3658 554 ξέ-

2095 598 2239 644 νους,
2271 580 2306 651 ἢ
2340 580 2463 642 τοὺς
2483 578 2822 643 ἁπαξαπλῶς
2849 580 3136 649 δεομένους
3160 579 3254 633 τοῦ
3289 580 3652 654 φιλάνθρωπόν

2093 688 2147 726 τι
2189 670 2348 740 ἔργον
2390 672 2495 724 ἀπ’
2537 671 2708 740 αὑτῆς
2751 670 2964 725 παθεῖν.
3011 672 3122 725 Καὶ
3178 672 3253 742 μὴ
3297 671 3577 744 Θαυμὰσης
3607 676 3651 726 εἰ

2094 763 2317 830 ἀνάγειν
2365 777 2426 814 σε
2467 761 2550 814 δεῖ
2585 761 2645 814 τὸ
2665 801 2680 827 ,
2723 780 2742 811 ι
2761 760 2827 814 Εἰ
2859 762 3031 829 ἁγίων
3057 763 3226 825 πόδας
3255 761 3450 832 ἔνιψεν,
3477 783 3497 815 ι
3529 765 3652 818 ὅπου

2095 851 2407 908 κελεύονται
2438 851 2698 920 ἀνάλογον
2732 855 2846 916 τοῖς
2878 852 3269 923 πρεσϐυτέροις
3311 854 3652 923 πρεσϐύτιᾶς

2095 942 2233 998 εἰναι
2266 944 2359 997 καὶ
2405 943 2584 996 καλῶν
2615 943 2918 998 διδάσκαλοι
2941 944 3073 1014 (25).
3111 947 3256 1018 Ὅρα
3290 945 3347 998 δὲ
3373 948 3420 1000 εἰ
3453 946 3530 1017 μὴ
3569 949 3652 1002 καὶ

2093 1037 2330 1109 ἐργῶδές
2370 1039 2485 1092 ἐστι
2531 1036 2592 1089 τὸ
2632 1035 2791 1090 πάνθ’
2826 1035 3065 1091 ὁντινοῦν
3113 1036 3546 1108 μαθητευόμενον
3584 1039 3652 1110 τῷ

2093 1128 2333 1199 Χριστῷ,
2389 1127 2607 1180 θέλοντα
2659 1125 2900 1196 πληροῦν
2947 1129 3045 1197 τὴν
3097 1127 3358 1195 λέγουσαν
3405 1128 3648 1199 ἐντολὴν,

2101 1239 2119 1271 ι
2148 1212 2258 1272 Καὶ
2291 1220 2447 1289 ὑμεῖς
2478 1217 2720 1286 ὀφείλετε
2749 1217 2988 1288 ἀλλήλων
3016 1219 3225 1274 νίπτειν
3251 1222 3374 1280 τοὺς
3411 1220 3608 1282 πόδας,
3629 1239 3646 1272 ι

2092 1311 2168 1375 ὡς
2218 1311 2562 1380 ὀφειλόμενον
2609 1309 2766 1379 ἔργον
2807 1309 3009 1364 ἐθέλειν
3038 1313 3235 1376 ποιεῖν,
3261 1312 3326 1364 τὸ
3354 1311 3506 1378 νῖψαι
3541 1314 3650 1374 τοὺς

2097 1401 2439 1472 σωματικοὺς
2467 1401 2559 1452 καὶ
2593 1399 2882 1470 αἰσθητοὺς
2915 1401 3078 1463 πόδας
3098 1400 3207 1454 τῶν
3232 1401 3494 1469 ἀδελφῶν,
3525 1401 3649 1456 ὥστε

2094 1492 2218 1555 τοὺς
2300 1491 2357 1542 ὲν
2439 1488 2763 1560 ποιᾳποτοῦν
2819 1490 3070 1544 ὑποθέσει
3128 1491 3242 1560 βίου
3299 1492 3650 1560 τυγχάνοντας

2096 1582 2318 1645 πιστοὺς
2362 1581 2521 1634 τοῦτο
2573 1583 2740 1634 ποιεῖν
2764 1621 2780 1646 ,
2845 1581 2953 1635 εἴτε
2999 1584 3058 1635 ὲν
3109 1583 3532 1656 ἐκκλησιαστικῇ
3575 1589 3648 1639 δο-

2095 1669 2322 1734 κοῦντας
2367 1665 2504 1724 εἶναι
2552 1669 2790 1740 ὑπεροχῇ
2837 1670 3168 1734 ἐπισκόπους
3218 1673 3316 1726 καὶ
3363 1673 3648 1742 πρεσὸυτέ⁸

428 1770 750 1837 hospitibus,
789 1777 952 1836 atque
1006 1767 1172 1821 etiam
1215 1764 1325 1828 his,
1373 1773 1431 1818 ut
1461 1765 1761 1834 generatim
1787 1763 1990 1825 dicam,

2100 1778 2243 1832 ρους,
2277 1759 2387 1813 εἴτε
2413 1759 2506 1815 καὶ
2533 1761 2591 1813 ὲν
2615 1759 2795 1824 ἄλλοις
2827 1763 3107 1830 κοσμικοῖς
3151 1777 3293 1813 τισιν
3322 1760 3613 1831 ἀξιώμασιν
3633 1781 3646 1796 ·

421 1859 519 1930 qui
560 1873 696 1927 opus
739 1859 1012 1913 habebant
1061 1865 1118 1911 ut
1167 1857 1234 1910 ab
1284 1869 1348 1910 ea
1396 1854 1743 1923 perciperent
1785 1853 1992 1923 aliquid

423 1947 589 2003 ofﬁcii
620 1947 862 2004 humani.
900 1947 1007 2003 Nec
1057 1947 1273 2001 mireris
1322 1946 1366 2000 si
1401 1944 1497 1999 tibi
1521 1945 1894 2014 exponendum
1924 1943 1996 1999 sit

424 2038 723 2107 anagogieo
777 2052 941 2092 sensu
1017 2036 1119 2090 hoc
1175 2035 1426 2099 dictum,
1481 2053 1500 2088 ι
1538 2033 1597 2089 Si
1673 2042 1984 2088 sanctorum

425 2129 589 2198 pedes
617 2128 765 2192 lavit,
799 2147 818 2181 ι
855 2143 977 2183 cum
1008 2141 1146 2181 anus
1172 2127 1468 2196 iubeantur
1497 2125 1613 2194 pari
1640 2125 1849 2180 ratione
1870 2138 1992 2178 cum

427 2219 792 2290 presbysteris
836 2220 1065 2273 honesta
1120 2216 1316 2272 docere
1364 2218 1433 2269 ιι.
1466 2211 1599 2271 Vide
1627 2229 1756 2272 vero
1786 2231 1853 2270 an
1890 2231 1994 2271 non

427 2310 592 2366 etiam
647 2324 938 2380 operosum
975 2310 1049 2364 sit
1098 2308 1322 2364 cuilibet
1347 2306 1553 2364 Christi
1600 2307 1866 2378 discipulo
1897 2323 1996 2362 vo-

427 2402 560 2458 lenti
593 2403 820 2472 implere
872 2402 1188 2456 mandatum
1217 2400 1431 2466 dicens,
1498 2415 1520 2450 ι
1555 2398 1620 2454 Et
1661 2414 1758 2454 vos
1787 2399 1996 2455 debetis

427 2493 522 2549 alii
552 2493 782 2550 aliorum
819 2494 1000 2548 lavare
1047 2493 1211 2561 pedes
1256 2492 1325 2558 ",
1377 2509 1395 2542 ι
1445 2490 1492 2545 si
1527 2490 1661 2545 velit
1686 2489 1996 2560 corporales

433 2599 500 2640 ac
529 2584 815 2640 sensibiles
846 2583 1078 2638 fratrum
1111 2581 1274 2652 pedes
1309 2581 1512 2646 lavare,
1545 2596 1645 2637 ceu
1675 2597 1808 2650 opus
1839 2581 1996 2638 delii-

433 2683 572 2740 tum,
625 2683 684 2729 ut
735 2673 919 2728 ﬁdeles
956 2673 1014 2725 in
1043 2673 1236 2742 quovis
1261 2671 1388 2725 vita:
1432 2685 1633 2740 genere
1678 2670 1999 2726 exsistentes

433 2766 538 2820 hoc
565 2767 786 2833 faciant,
829 2765 942 2819 sive
971 2763 1066 2834 qui
1107 2762 1356 2817 videntur
1396 2776 1520 2817 esse
1565 2761 1617 2816 in
1669 2761 2000 2818 sublimitate

432 2856 802 2912 ecclesiastica
830 2853 1094 2925 cpiscOpi,
1126 2863 1181 2910 et
1215 2854 1540 2925 pr’esbyteri,
1569 2855 1684 2909 sive
1709 2856 1762 2910 iit
1785 2854 2000 2924 quibus-

431 2946 560 3002 dam
592 2946 714 3000 aliis
747 2947 1034 3002 mundanis
1057 2945 1452 3017 dignitatibus;
1485 2949 1618 3002 adeo
1661 2957 1719 3002 ut
1749 2947 1890 3002 hanc
1928 2947 1999 3002 ob

433 3049 654 3089 causam
707 3035 874 3090 herus
931 3049 1148 3104 quoque
1203 3035 1383 3089 veniat
1437 3036 1504 3090 ad
1551 3036 1807 3092 lavandos
1853 3036 2068 3124 servio

431 3124 702 3180 credentis
740 3125 924 3193 pedes,
952 3134 1007 3178 et
1034 3133 1290 3195 parentes
1319 3125 1436 3180 lilii.
1487 3125 1586 3194 Qui
1625 3141 1740 3182 tuos
1779 3126 1996 3197 quidem

435 3225 576 3284 erat,
631 3217 726 3274 sed
763 3233 902 3272 nunc
932 3232 1036 3272 non
1093 3219 1174 3282 ﬁt,
1224 3219 1329 3275 nisi
1370 3233 1532 3288 supra
1565 3219 1780 3272 modum
1833 3217 2000 3274 raris-

433 3309 590 3373 sime,
625 3317 682 3364 et
711 3310 852 3378 apud
891 3309 1179 3364 admodum
1227 3309 1510 3380 simplices
1544 3310 1996 3380 rusticioresque.

429 3397 593 3470 523
619 3397 822 3455 Praeter
851 3401 964 3456 lucc
991 3409 1169 3456 autem
1201 3400 1512 3456 meminisse
1539 3401 1796 3456 debemus
1811 3413 1999 3455 eorum

432 3506 556 3561 quae
581 3493 934 3548 disseruimus
959 3493 1013 3546 in
1037 3493 1178 3546 hunc
1204 3501 1519 3547 contextum
1537 3491 1611 3558 ⁸³,
1641 3489 1784 3544 «Nisi
1818 3489 2000 3546 lavero

434 3590 508 3645 te,
543 3596 651 3635 non
680 3581 847 3637 habes
873 3590 1081 3652 partem
1113 3595 1350 3646 mecum,
1376 3597 1394 3630 ι
1422 3589 1585 3650 atque
1615 3579 1778 3634 etiam
1807 3577 1994 3634 illius:

440 3691 460 3726 ι
497 3673 661 3728 Scitis
691 3673 820 3743 quid
842 3673 1061 3728 fecerim
1091 3671 1280 3728 vobis?
1303 3689 1322 3724 ι
1350 3657 1513 3726 Decet
1538 3670 1684 3726 enim
1703 3668 1884 3726 Jesum
1908 3669 2002 3724 de-

435 3764 579 3818 disse
606 3765 764 3820 nobis
792 3764 1096 3833 exemplum
1123 3763 1188 3820 de
1217 3762 1461 3818 lavandis
1485 3762 1711 3833 pedibus
1729 3761 1994 3831 principa-

435 3855 596 3919 libus,
624 3856 768 3926 quod
810 3859 1102 3924 respondet
1134 3855 1217 3909 his
1239 3869 1360 3924 qua:
1387 3853 1594 3924 tropice
1615 3853 1755 3908 dicta
1784 3851 2003 3908 fuerunt

435 3961 466 4000 a
493 3961 689 4016 sponsa
723 3947 778 4000 in
805 3947 1039 4000 Cantico
1062 3948 1418 4012 canticorum,
1447 3948 1576 4002 dum
1602 3945 1734 4002 dicit
1765 3961 1778 4000 :
1813 3961 1833 3995 ι
1868 3944 2000 4000 Lavi

435 4037 599 4104 pedes
626 4049 795 4098 meos,
820 4038 1090 4106 quomodo
1135 4037 1426 4107 inquinabo
1457 4036 1575 4091 illos
1602 4037 1728 4104 "1"»
1763 4036 2001 4091 Attende

438 4133 617 4180 autem
651 4125 776 4178 huic
796 4125 958 4189 dicto,
1008 4143 1026 4176 ι
1064 4124 1134 4181 Ut
1173 4127 1620 4195 quemadmodum
1651 4139 1750 4194 ego
1778 4123 1879 4179 feci
1905 4140 2002 4179 vo-

434 4215 538 4280 bis,
569 4217 644 4270 ita
672 4229 770 4271 vos
799 4214 962 4270 etiam
993 4214 1205 4268 faciatis
1227 4215 1294 4279 ²³,
1322 4232 1340 4265 ι
1369 4228 1490 4269 cum
1517 4215 1619 4268 hoc
1644 4215 1849 4284 pariter
1870 4229 2000 4270 exa-

435 4308 652 4362 minans
685 4325 700 4362 ;
743 4324 762 4358 ι
796 4306 910 4361 Nisi
956 4306 1138 4362 lavero
1170 4315 1244 4370 te,
1295 4321 1399 4360 non
1439 4307 1606 4361 habes
1637 4315 1842 4374 partem
1886 4321 2002 4361 me-

2094 1851 2234 1905 ὥστε
2277 1851 2418 1906 κατὰ
2468 1850 2628 1904 τοῦτο
2675 1851 2770 1905 καὶ
2815 1851 2906 1905 τὸν
2952 1851 3220 1923 δεσπότην
3261 1853 3418 1922 ἥκειν
3463 1853 3554 1906 ἐπὶ
3593 1853 3648 1908 τὺ

2092 1944 2302 1998 νίπτειν
2351 1944 2478 2008 τοὺς
2543 1943 2707 2008 πόδας
2757 1942 2850 1998 τοῦ
2894 1944 3239 2009 πιστεύοντος
3289 1944 3476 1998 δούλου
3501 1984 3517 2007 ,
3567 1947 3649 1999 καὶ

2093 2035 2220 2098 τοὺς
2265 2037 2442 2104 γονεῖς
2488 2033 2581 2087 τοῦ
2630 2033 2777 2087 υἰοῦο
2821 2035 2959 2106 ὅπερ
2989 2035 3109 2098 ἔθος
3138 2031 3227 2106 ἦν,
3261 2036 3320 2088 οὑ
3364 2035 3569 2103 γίνεται
3603 2033 3650 2088 δὲ

2095 2124 2211 2189 νῦν,
2255 2125 2288 2196 ἢ
2323 2127 2402 2190 εἰς
2445 2123 2745 2195 ὑπερϐολὴν
2795 2125 2906 2197 (26)
2953 2123 3321 2188 σπανιώτατα,
3370 2125 3466 2178 καὶ
3519 2125 3652 2195 παρά

2093 2220 2208 2280 τοῖς
2251 2217 2392 2271 πάνυ
2431 2216 2816 2288 ἁπλουστέροις
2857 2219 2951 2271 καὶ
2999 2217 3404 2289 ἀγροικοτέροις
3437 2217 3651 2285 γίνεται.

2096 2308 2509 2378 Μνημονευτέον
2541 2307 2597 2360 δὲ
2643 2308 2722 2371 εἰς
2755 2306 2925 2362 ταῦτα
2963 2309 3057 2362 καὶ
3090 2308 3199 2361 τῶν
3244 2309 3544 2380 εἰρημένων
3583 2309 3652 2369 εἰς

2096 2399 2182 2453 τόο
2213 2419 2231 2452 ι
2278 2401 2403 2453 Ἐὰν
2432 2399 2507 2471 μὴ
2539 2399 2677 2469 νίψω
2707 2415 2786 2466 σε,
2813 2403 2916 2459 οὐκ
2939 2399 3082 2470 ἔχεις
3109 2400 3273 2471 μέρος
3298 2403 3418 2472 μετ’
3453 2398 3599 2470 ὲμοῦο
3632 2419 3647 2449 ι

2097 2489 2232 2545 ἀλλὰ
2261 2491 2354 2544 καὶ
2381 2490 2504 2544 τοῦ·
2537 2509 2556 2542 ι
2595 2489 2897 2545 Γινώσκετε
2928 2492 2980 2546 τί
3010 2493 3288 2562 πεποίηκα
3320 2493 3485 2562 ὑμῖν;
3515 2511 3534 2543 ι
3556 2491 3653 2543 Καὶ

2097 2582 2206 2654 γὰρ
2239 2582 2437 2653 πρέπει
2490 2582 2795 2654 ὑπόδειγμα
2839 2584 2967 2654 ἡμῖν
3013 2582 3218 2653 Ἰησοῦν
3250 2583 3541 2636 δεδωκέναι
3569 2580 3652 2633 τοῦ

2099 2673 2305 2726 νίπτειν
2359 2672 2527 2736 πόδας
2582 2673 2916 2744 ἡγουμένους
2963 2673 3097 2744 (27),
3153 2673 3215 2725 τὸ
3259 2673 3523 2740 ἀνάλογον
3552 2672 3651 2733 τοῖς

2100 2763 2373 2834 τροπικῶς
2404 2764 2508 2817 ὑπὸ
2535 2764 2635 2833 τῆς
2664 2762 2879 2835 νύμφης
2903 2764 2960 2816 ὲν
2979 2762 3054 2834 τῷ
3089 2765 3329 2834 ’ᾼσματι
3358 2763 3470 2816 τῶν
3494 2761 3654 2833 ᾀσμά-

2099 2871 2206 2909 των
2235 2854 2542 2928 εἰρημένοις
2565 2855 2622 2907 ὲν
2645 2854 2749 2925 τῷο
2787 2873 2805 2905 ι
2846 2855 3145 2926 Ἐνιψὰμην
3177 2855 3303 2920 τοὺς
3345 2854 3512 2917 πόδας
3543 2870 3652 2924 μου,

2100 2944 2216 3008 πῶς
2247 2945 2454 3016 μολυνῶ
2481 2944 2706 3010 αὑτούςς
2747 2962 2766 2996 ι
2806 2945 3048 3016 Πρόσχες
3093 2944 3148 2997 δὲ
3175 2944 3290 3016 τῷ,
3333 2963 3351 2996 ι
3397 2946 3534 3009 Ἵνα,
3565 2959 3654 2996 κα-

2101 3035 2208 3099 Θὼς
2239 3039 2348 3104 ἐγὼ
2387 3036 2614 3106 ἐποίησα
2643 3036 2794 3106 ὑμῖν,
2825 3036 2919 3088 καὶ
2951 3037 3109 3105 ὑμεῖς
3136 3036 3352 3107 ποιῆτε,
3396 3055 3416 3088 ι
3462 3035 3655 3100 συνεξε-

2098 3125 2276 3192 τάζων
2307 3127 2438 3180 αὐτὸ
2465 3125 2574 3196 τῷ·
2609 3145 2627 3179 ι
2672 3126 2796 3180 Ἐὰν
2821 3125 2895 3198 μὴ
2923 3125 3060 3195 νίψω
3091 3144 3170 3191 σε,
3203 3127 3303 3180 οὑκ
3326 3126 3476 3197 ἔχεις
3509 3123 3654 3196 μέρος

2101 3221 2220 3292 μετ’
2247 3219 2402 3290 ἐμοῦ.
2439 3238 2458 3271 ι
2506 3217 2629 3272 Ἐὰν
2654 3218 2710 3272 δέ
2739 3234 2820 3280 τις
2856 3217 2992 3288 πρὸς
3029 3217 3200 3271 ταῦτα
3244 3217 3399 3290 λέγῃ,
3431 3219 3534 3279 ὅτι,
3563 3215 3652 3270 κᾶν

2099 3312 2487 3385 ἁλληγορῆται,
2536 3309 2685 3364 οὐδὲν
2727 3303 2892 3382 ἦττον
2935 3310 3215 3380 γεγονέναι
3256 3309 3370 3382 (28)
3424 3308 3562 3365 κατὰ
3601 3307 3655 3359 τὸ

2102 3403 2288 3480 ῥητὸν,
2313 3400 2602 3456 ἀκουστέον
2627 3401 2761 3471 μετὰ
2793 3400 2885 3455 τοῦ
2916 3401 3176 3474 τροπικοῦ
3197 3402 3414 3474 καὶτῆς
3437 3397 3656 3472 φασκού-

2103 3511 2204 3564 σης
2225 3493 2451 3560 λέξεως’
2493 3512 2512 3548 t
2547 3494 2610 3548 Ei
2631 3487 2895 3562 οὖνενιψα
2929 3495 3056 3556 τοὺς
3095 3492 3260 3554 πόδας
3295 3489 3479 3561 ὑμῶν,
3505 3491 3532 3542 ό
3553 3487 3654 3541 Κύ-

2101 3603 2236 3657 ριος,
2273 3586 2367 3640 καὶ
2397 3587 2425 3638 ό
2456 3584 2792 3649 διδάσκαλος,
2824 3584 2921 3638 καὶ
2949 3583 3106 3654 ὑμεῖς
3143 3581 3384 3652 ὀφείλετε
3428 3579 3655 3650 ἀλλήὶωί

2101 3678 2306 3731 νίπτειν
2335 3677 2462 3739 τοὺς
2492 3675 2690 3739 πόδας*
2721 3675 3023 3743 ὑπόδειγμα
3045 3674 3152 3744 γὰρ
3185 3673 3359 3728 ἔδωκα
3385 3673 3537 3744 ὑμῖν,
3560 3671 3653 3731 ἵνα,

2102 3768 2283 3832 καθὼς
2312 3767 2422 3836 ἐγὼ
2451 3767 2679 3836 ἐποίησα
2703 3766 2851 3837 ὑμῖν,
2877 3765 2971 3818 καὶ
3005 3765 3161 3837 ὑμεῖς
3181 3766 3422 3836 ποιῆτεοι
3457 3761 3654 3818 λεκτέον

2102 3859 2236 3932 πρὸς
2269 3857 2358 3911 τὸν
2398 3857 2662 3912 τοιοῦτον·
2700 3857 2820 3927 ’Ἆρ’
2862 3856 2983 3908 ἐπεὶ
3025 3855 3166 3910 κατὰ
3189 3855 3250 3910 τὸ
3286 3855 3454 3927 ῥητὸν
3486 3855 3652 3924 γέγονε

2100 3951 2160 4004 τὸ
2183 3947 2466 4020 εἰρημένον
2489 3946 2623 4020 πρὸς
2645 3948 2735 4001 τὸν
2759 3948 2978 4002 εἰπόντα
2999 3948 3229 4019 Πέτρον,
3261 3967 3278 3998 ι
3309 3948 3384 4001 Οὐ
3411 3946 3495 4018 μὴ
3514 3944 3650 4016 νίψῃς

2105 4058 2206 4113 μου
2229 4041 2354 4103 τοὺς
2384 4039 2551 4103 πόδας
2572 4041 2649 4103 εἰς
2681 4040 2772 4093 τὸν
2799 4039 2988 4104 αἰῶνα,
3031 4059 3047 4090 ι
3075 4041 3136 4093 τὸ
3154 4079 3171 4105 ,
3202 4059 3221 4090 ι
3265 4039 3393 4093 Ἐὰν
3429 4039 3509 4111 μὴ
3532 4036 3651 4104 νίψω

2105 4148 2182 4196 σε,
2220 4132 2320 4184 οὐκ
2361 4131 2502 4202 ἔχεις
2543 4130 2705 4202 μέρος
2737 4130 2850 4201 μετ’
2874 4130 3030 4201 ἐμοῦ,
3071 4149 3088 4182 ι
3116 4130 3209 4183 καί
3231 4131 3394 4201 ἡμεῖς
3435 4129 3571 4184 κατὰ
3599 4125 3648 4178 τὸ

2104 4221 2264 4293 ῥητὸν
2295 4223 2407 4284 τοῖς
2433 4223 2552 4274 κατ’
2584 4220 2864 4274 εὐλάϐειαν
2903 4220 2976 4290 μὴ
3017 4221 3414 4292 ἐμπαρέχουσιν
3465 4216 3648 4274 ἑαυτῶν

2103 4313 2228 4374 τοὺς
2266 4311 2430 4374 πόδας
2457 4312 2609 4382 ἡμῖν,
2648 4309 2734 4361 ἵνα
2768 4309 2963 4371 αὐτοὺς
2996 4308 3255 4378 νίψωμεν,
3287 4311 3531 4380 φήσομεν
3569 4306 3648 4360 καὶ

433 4415 577 4456 cum.
609 4417 630 4452 ι
664 4395 862 4453 Verum
889 4397 934 4453 si
964 4396 1232 4469 quispiam
1259 4405 1452 4452 contra
1483 4397 1597 4452 haec
1622 4397 1786 4461 dicat,
1806 4411 1995 4467 quam-

2102 4400 2442 4472 τολμήσομεν
2470 4402 2638 4454 εἰπεῖν
2667 4401 2777 4463 τοῖς
2799 4399 3057 4463 τοιούτοις
3090 4399 3181 4452 τό·
3216 4417 3235 4451 ι
3275 4399 3400 4452 Ἐὰν
3429 4401 3507 4471 μὴ
3530 4398 3644 4468 νίψω

500 4532 872 4610 ³⁶ῙΤίωον,9,
903 4541 986 4597 l0.
1062 4541 1106 4572 “
1136 4539 1244 4596 Tit.
1271 4555 1333 4606 ιι,
1354 4541 1410 4596 '5.
1485 4539 1532 4571 “
1553 4537 1710 4595 Joan.
1738 4554 1856 4608 xm,
1897 4541 1985 4596 ll.

2100 4542 2283 4598 'Joan.
2313 4558 2436 4610 xui,
2461 4543 2514 4610 8,
2553 4543 2638 4597 l2.
2712 4542 2759 4574 “
2783 4541 2940 4596 Cant.
2968 4555 3020 4610 ν,
3045 4541 3101 4598 3.
3175 4541 3220 4574 "
3239 4537 3398 4596 Joan.
3426 4556 3542 4604 xm,
3569 4537 3642 4594 l5.

505 4681 618 4754 (ει)
652 4681 831 4754 Codex
867 4681 1090 4754 Regius.
1118 4680 1362 4754 εὑπορεῖ.

527 4745 810 4823 25)]ιίοιιι
838 4745 1016 4823 code}
1051 4745 1290 4823 {legitis}
1322 4748 1686 4823 πρεσϐύτεραι
1720 4745 1856 4805 εἶναι
1904 4753 2002 4808 καὶ⁹

435 4819 902 4881 καλοδιδάσκαλοι,
929 4821 1021 4875 sed
1047 4819 1377 4875 Bodleianus
1402 4831 1458 4872 ut
1483 4822 1532 4873 in
1568 4819 1760 4876 nostro
1784 4832 1951 4877 texui.

500 4891 614 4964 (i6)
639 4892 820 4947 Codex
857 4891 1076 4964 Regius.
1104 4895 1201 4964 τοῦ
1262 4889 1606 4964 πιστεύοντος
1649 4890 1861 4964 δούλου,
1901 4893 1998 4946 καὶ

436 4958 560 5026 soi};
596 4958 770 5033 γονεῖς
821 4959 915 5013 τοῦ
943 4958 1087 5033 υἰοῦ·
1134 4960 1271 5031 ὅπερ
1309 4959 1482 5033 ἔθοςῇ
1513 4961 1575 5013 οὑ
1603 4960 1810 5030 γίνεται
1837 4963 1870 5033 ἢ
1917 4964 1998 5026 εἰς

438 5029 761 5102 ὑπερϐολὴν,
791 5039 899 5102 etc.
939 5030 1204 5102 Caeterum
1229 5029 1293 5083 ex
1330 5031 1432 5085 hoc
1458 5031 1574 5102 loco
1603 5029 1869 5102 discimus
1929 5032 1998 5086 ab

437 5097 787 5171 optimatibus
811 5100 876 5152 ad
908 5097 1267 5171 simpliciores
1300 5108 1382 5171 ct_
1406 5099 1641 5154 rusticos
1679 5101 1850 5171 hunc,
1878 5115 1998 5154 mo-

435 5167 549 5226 rem
575 5167 1095 5236 fuissetraductiu’u;
1123 5177 1178 5222 at
1205 5169 1272 5221 ab
1309 5167 1415 5222 illis
1449 5183 1662 5221 rursum
1715 5169 1782 5223 ad
1817 5170 2000 5224 Eccle~

437 5241 531 5294 size
592 5241 821 5310 primum
857 5249 1121 5302 rectores,
1171 5239 1365 5310 deinde
1413 5237 1575 5292 etiam
1620 5239 1686 5310 ad
1728 5240 1998 5309 principrs

441 5308 897 5380 transiit;qnibus
931 5310 1203 5380 hodieque
1244 5309 1484 5380 solemne
1506 5308 1752 5380 estleria
1806 5308 1990 5380 quinta

439 5379 492 5432 iu
541 5377 942 5434 Coena'Domini
997 5393 1288 5448 pauperum
1337 5377 1500 5448 pedes
1553 5379 1792 5432 abluere.
1841 5378 2022 5433 llanc‘

437 5453 883 5504 consuetudinem
933 5447 1128 5516 priscis
1175 5447 1508 5517 temporibus
1545 5449 1838 5517 arripuisse
1881 5447 1989 5502 Me-

439 5517 1148 5580 diolancnseuiEcclesium,
1177 5527 1229 5571 et
1285 5516 1590 5582 retinuisse,
1648 5516 1881 5586 indeque
1923 5518 1991 5572 ad

439 5587 884 5666 aliasplerasque
914 5588 1078 5666 fuisse
1128 5596 1474 5666 prepagatant
1529 5588 1725 5666 docent
1783 5599 1992 5666 veteres

439 5657 734 5711 meruerim.
792 5656 990 5711 Morem
1039 5656 1177 5710 hunc
1237 5655 1377 5712 inter
1429 5655 1681 5714 Ecclesiae
1729 5659 1992 5729 primores

2108 4686 2421 4742 inusitatum
2467 4685 2634 4743 fuisse
2682 4684 2932 4756 Origcnis
2968 4683 3305 4756 temporibus
3347 4682 3646 4756 intelligitur

2107 4757 2274 4811 etiam
2299 4771 2363 4810 ex
2395 4757 2564 4826 ipsius
2588 4755 2774 4812 homil.
2807 4755 2839 4810 6
2873 4754 3159 4826 ιηίΙεοίὰηι
3182 4796 3196 4820 ,
3229 4771 3377 4810 num.
3410 4755 3484 4826 ὃς
3514 4772 3530 4805 ι
3559 4755 3644 4806 Νο-

2107 4841 2194 4882 mo
2253 4825 2668 4894 quibuscunque
2716 4825 3060 4880 venientibus
3105 4837 3389 4894 assumens
3449 4825 3640 4894 linteum

2105 4892 2387 4963 diaconus,
2411 4897 2494 4950 vel
2526 4892 2835 4965 presbyter,
2862 4895 2976 4950 sive
3003 4895 3289 4964 episcopus
3315 4893 3458 4948 lavat
3479 4892 3639 4962 pedes.

2107 4966 2212 5019 Sed
2240 4967 2283 5020 si
2318 4981 2421 5020 non
2451 4966 2718 5034 intelligas
2745 4981 2807 5020 ea
2830 4980 2949 5035 quae
2983 4965 3181 5035 scripta
3209 4973 3338 5035 sunt
3364 5003 3381 5029 ,
3420 4965 3509 5035 qui
3533 4972 3640 5014 vere

2101 5035 2244 5090 beati
2302 5044 2428 5090 sunt
2481 5031 2721 5105 episcopi
2779 5031 3390 5105 servientes’Ec‘clesim
3442 5031 3637 5105 inittunt

2103 5119 2299 5173 aquam
2339 5107 2405 5160 de
2448 5099 2824 5174 Sc'ripturisin
2889 5104 3086 5173 pelviut
3135 5103 3344 5163 anitum.
3391 5099 3526 5174 quod
3567 5105 3634 5174 est

2101 5168 2396 5230 secundum
2420 5168 2750 5245 scripturas,
2786 5184 2842 5228 et
2867 5168 3078 5245 tenuant
3120 5175 3312 5245 pedum
3377 5168 3635 5245 discipulo-

2105 5259 2220 5300 rum
2249 5247 2436 5301 sordcs
2481 5241 2698 5307 lavare,
2733 5253 2788 5298 et
2833 5243 3036 5313 eluere,
3065 5241 3530 5313 et’projicerenlit
3569 5241 3634 5290 sis

2101 5315 2416 5370 custodiunt
2473 5314 2711 5384 episcopi
2771 5312 3080 5367 mandatum
3127 5308 3399 5365 iiuitantes
3442 5308 3628 5367 Jcsutn;

2099 5385 2176 5440 sic
2205 5395 2258 5438 et
2306 5384 2626 5454 presbyteri.
2639 5402 2660 5434 ι

2164 5454 2276 5523 (27)
2307 5445 2915 5523 ’Ἠγοῠμένουςλκοει
2972 5450 3028 5506 in
3081 5450 3272 5506 codice
3323 5448 3503 5520 Regio,
3554 5445 3632 5501 sed

2103 5521 2407 5578 restituitur
2428 5521 2493 5576 ex
2527 5521 2838 5577 Bodleiano.

2170 5593 2282 5664 (28)
2323 5590 2662 5664 Ferorérat.
2702 5591 2866 5648 Forte
2889 5593 3234 5648 scribendum
3280 5595 3485 5664 γέγονε-

3859 5639 3861 5740 l
