  <div class='ocr_page' id='page_1' title='image "/cluster/home/n/w/nwhite01/storage/ocr_20150623/14/hvd.32044073501363/392.png"; bbox 0 0 3924 6196; ppageno 0'>
   <div class='ocr_carea' id='block_1_1' title="bbox 237 237 2476 302">
    <p class='ocr_par' dir='ltr' id='par_1_1' title="bbox 237 237 2476 302">
     <span class='ocr_line' id='line_1_1' title="bbox 237 237 2476 302; baseline 0.001 -5"><span class='ocrx_word' id='word_1_1' title='bbox 237 239 358 298; x_wconf 80' lang='lat'><strong>773</strong></span> <span class='ocrx_word' id='word_1_2' title='bbox 1251 237 1608 302; x_wconf 70' lang='lat' dir='ltr'><strong>COMMENT.</strong></span> <span class='ocrx_word' id='word_1_3' title='bbox 1650 239 1717 295; x_wconf 82' lang='lat' dir='ltr'><strong>IN</strong></span> <span class='ocrx_word' id='word_1_4' title='bbox 1755 239 1950 299; x_wconf 77' lang='lat' dir='ltr'><strong>JOAN.</strong></span> <span class='ocrx_word' id='word_1_5' title='bbox 1986 240 2227 298; x_wconf 78' lang='lat' dir='ltr'><strong>TOMUS</strong></span> <span class='ocrx_word' id='word_1_6' title='bbox 2261 243 2476 300; x_wconf 78' lang='lat' dir='ltr'><strong>XXXII.</strong></span> 
     </span>
    </p>
   </div>
   <div class='ocr_carea' id='block_1_2' title="bbox 3408 260 3519 316">
    <p class='ocr_par' dir='ltr' id='par_1_2' title="bbox 3408 260 3519 316">
     <span class='ocr_line' id='line_1_2' title="bbox 3408 260 3519 316; baseline 0.018 -2"><span class='ocrx_word' id='word_1_7' title='bbox 3408 260 3519 316; x_wconf 67' lang='grc'><strong>774</strong></span> 
     </span>
    </p>
   </div>
   <div class='ocr_carea' id='block_1_3' title="bbox 233 358 1826 444">
    <p class='ocr_par' dir='ltr' id='par_1_3' title="bbox 233 358 1826 433">
     <span class='ocr_line' id='line_1_3' title="bbox 233 358 1826 433; baseline -0.001 -15"><span class='ocrx_word' id='word_1_8' title='bbox 233 382 327 425; x_wconf 82' lang='grc' dir='ltr'><strong>σε,</strong></span> <span class='ocrx_word' id='word_1_9' title='bbox 367 358 472 414; x_wconf 79' lang='grc' dir='ltr'>οὐκ</span> <span class='ocrx_word' id='word_1_10' title='bbox 500 358 645 431; x_wconf 77' lang='grc' dir='ltr'>ἔχεις</span> <span class='ocrx_word' id='word_1_11' title='bbox 682 359 846 433; x_wconf 81' lang='grc' dir='ltr'>μέρος</span> <span class='ocrx_word' id='word_1_12' title='bbox 887 362 1004 432; x_wconf 83' lang='grc' dir='ltr'>μετ’</span> <span class='ocrx_word' id='word_1_13' title='bbox 1047 358 1205 432; x_wconf 69' lang='grc' dir='ltr'>ἐμοῦ.</span> <span class='ocrx_word' id='word_1_14' title='bbox 1247 380 1266 414; x_wconf 79' lang='grc' dir='ltr'><strong>ι</strong></span> <span class='ocrx_word' id='word_1_15' title='bbox 1315 362 1380 416; x_wconf 77' lang='grc' dir='ltr'><strong>Εἰ</strong></span> <span class='ocrx_word' id='word_1_16' title='bbox 1413 362 1470 416; x_wconf 77' lang='grc' dir='ltr'>δὲ</span> <span class='ocrx_word' id='word_1_17' title='bbox 1504 361 1740 418; x_wconf 79' lang='grc' dir='ltr'>ἐνταῦθα</span> <span class='ocrx_word' id='word_1_18' title='bbox 1773 362 1826 416; x_wconf 70' lang='grc' dir='ltr'>οιῖ</span> 
     </span>
    </p>
   </div>
   <div class='ocr_carea' id='block_1_4' title="bbox 1932 358 3527 444">
    <p class='ocr_par' dir='ltr' id='par_1_4' title="bbox 1938 363 3527 444">
     <span class='ocr_line' id='line_1_4' title="bbox 1938 363 3527 444; baseline 0.011 -27"><span class='ocrx_word' id='word_1_19' title='bbox 1938 363 2022 419; x_wconf 91' lang='lat' dir='ltr'><strong>vis</strong></span> <span class='ocrx_word' id='word_1_20' title='bbox 2083 369 2179 434; x_wconf 84' lang='lat' dir='ltr'><strong>per</strong></span> <span class='ocrx_word' id='word_1_21' title='bbox 2250 363 2568 437; x_wconf 78' lang='lat' dir='ltr'><strong>allegoriam</strong></span> <span class='ocrx_word' id='word_1_22' title='bbox 2623 365 2898 434; x_wconf 85' lang='lat' dir='ltr'><strong>dicantur,</strong></span> <span class='ocrx_word' id='word_1_23' title='bbox 2967 367 3323 430; x_wconf 77' lang='lat' dir='ltr'><strong>nihilominus</strong></span> <span class='ocrx_word' id='word_1_24' title='bbox 3370 373 3527 444; x_wconf 84' lang='lat' dir='ltr'><strong>juxta</strong></span> 
     </span>
    </p>
   </div>
   <div class='ocr_carea' id='block_1_5' title="bbox 229 449 1826 532">
    <p class='ocr_par' dir='ltr' id='par_1_5' title="bbox 229 449 1826 526">
     <span class='ocr_line' id='line_1_5' title="bbox 229 449 1826 526; baseline 0.001 -21"><span class='ocrx_word' id='word_1_25' title='bbox 229 453 490 507; x_wconf 76' lang='grc' dir='ltr'>δυσωπεί</span> <span class='ocrx_word' id='word_1_26' title='bbox 513 453 576 506; x_wconf 78' lang='grc' dir='ltr'>τὸ</span> <span class='ocrx_word' id='word_1_27' title='bbox 603 453 632 506; x_wconf 82' lang='grc' dir='ltr'>ὃ</span> <span class='ocrx_word' id='word_1_28' title='bbox 660 449 836 518; x_wconf 74' lang='grc' dir='ltr'>εἶπαν,</span> <span class='ocrx_word' id='word_1_29' title='bbox 865 453 1160 524; x_wconf 68' lang='grc' dir='ltr'>ἐπίσκεψαι</span> <span class='ocrx_word' id='word_1_30' title='bbox 1189 453 1241 508; x_wconf 86' lang='grc' dir='ltr'><strong>τί</strong></span> <span class='ocrx_word' id='word_1_31' title='bbox 1268 468 1327 506; x_wconf 88' lang='grc' dir='ltr'><strong>σε</strong></span> <span class='ocrx_word' id='word_1_32' title='bbox 1351 453 1458 526; x_wconf 79' lang='grc' dir='ltr'>χρὴ</span> <span class='ocrx_word' id='word_1_33' title='bbox 1487 453 1667 522; x_wconf 83' lang='grc' dir='ltr'>λέγειν</span> <span class='ocrx_word' id='word_1_34' title='bbox 1699 454 1826 526; x_wconf 84' lang='grc' dir='ltr'>πρὸς</span> 
     </span>
    </p>
   </div>
   <div class='ocr_carea' id='block_1_6' title="bbox 1932 449 3526 532">
    <p class='ocr_par' dir='ltr' id='par_1_6' title="bbox 1941 456 3526 532">
     <span class='ocr_line' id='line_1_6' title="bbox 1941 456 3526 532; baseline 0.008 -20"><span class='ocrx_word' id='word_1_35' title='bbox 1941 465 2258 512; x_wconf 87' lang='lat' dir='ltr'><strong>contextum</strong></span> <span class='ocrx_word' id='word_1_36' title='bbox 2287 456 2430 513; x_wconf 69' lang='lat' dir='ltr'><strong>facta</strong></span> <span class='ocrx_word' id='word_1_37' title='bbox 2465 459 2665 525; x_wconf 82' lang='lat' dir='ltr'><strong>fuisse,</strong></span> <span class='ocrx_word' id='word_1_38' title='bbox 2700 461 3086 532; x_wconf 84' lang='lat' dir='ltr'><strong>moraliterque</strong></span> <span class='ocrx_word' id='word_1_39' title='bbox 3117 465 3282 521; x_wconf 89' lang='lat' dir='ltr'><strong>etiam</strong></span> <span class='ocrx_word' id='word_1_40' title='bbox 3318 467 3526 524; x_wconf 88' lang='lat' dir='ltr'><strong>intelli-</strong></span> 
     </span>
    </p>
   </div>
   <div class='ocr_carea' id='block_1_7' title="bbox 235 543 1826 627">
    <p class='ocr_par' dir='ltr' id='par_1_7' title="bbox 235 543 1826 619">
     <span class='ocr_line' id='line_1_7' title="bbox 235 543 1826 619; baseline 0.002 -22"><span class='ocrx_word' id='word_1_41' title='bbox 235 543 346 616; x_wconf 78' lang='grc' dir='ltr'>τὴν</span> <span class='ocrx_word' id='word_1_42' title='bbox 381 547 514 616; x_wconf 76' lang='grc' dir='ltr'>περὶ</span> <span class='ocrx_word' id='word_1_43' title='bbox 552 543 650 598; x_wconf 89' lang='grc' dir='ltr'><strong>τοῦ</strong></span> <span class='ocrx_word' id='word_1_44' title='bbox 685 545 733 598; x_wconf 83' lang='grc' dir='ltr'><strong>εί</strong></span> <span class='ocrx_word' id='word_1_45' title='bbox 763 545 868 618; x_wconf 80' lang='grc' dir='ltr'>χρὴ</span> <span class='ocrx_word' id='word_1_46' title='bbox 916 545 1010 599; x_wconf 73' lang='grc' dir='ltr'>καὶ</span> <span class='ocrx_word' id='word_1_47' title='bbox 1060 545 1159 618; x_wconf 80' lang='grc' dir='ltr'>τὴν</span> <span class='ocrx_word' id='word_1_48' title='bbox 1205 545 1348 612; x_wconf 81' lang='grc' dir='ltr'><strong>λέξιν</strong></span> <span class='ocrx_word' id='word_1_49' title='bbox 1392 545 1612 611; x_wconf 83' lang='grc' dir='ltr'>πάντως</span> <span class='ocrx_word' id='word_1_50' title='bbox 1645 551 1826 619; x_wconf 82' lang='grc' dir='ltr'>τηρεῖν</span> 
     </span>
    </p>
   </div>
   <div class='ocr_carea' id='block_1_8' title="bbox 1932 543 3517 627">
    <p class='ocr_par' dir='ltr' id='par_1_8' title="bbox 1942 548 3517 627">
     <span class='ocr_line' id='line_1_8' title="bbox 1942 548 3517 627; baseline 0.01 -27"><span class='ocrx_word' id='word_1_51' title='bbox 1942 548 2116 615; x_wconf 75' lang='lat' dir='ltr'><strong>genita</strong></span> <span class='ocrx_word' id='word_1_52' title='bbox 2158 562 2277 603; x_wconf 87' lang='lat' dir='ltr'><strong>esse</strong></span> <span class='ocrx_word' id='word_1_53' title='bbox 2309 549 2427 604; x_wconf 71' lang='lat' dir='ltr'><strong>hmo</strong></span> <span class='ocrx_word' id='word_1_54' title='bbox 2479 551 2680 606; x_wconf 86' lang='lat' dir='ltr'><strong>verba:</strong></span> <span class='ocrx_word' id='word_1_55' title='bbox 2724 567 2744 602; x_wconf 82' lang='grc' dir='ltr'><strong>ι</strong></span> <span class='ocrx_word' id='word_1_56' title='bbox 2773 549 2830 606; x_wconf 90' lang='lat' dir='ltr'><strong>Si</strong></span> <span class='ocrx_word' id='word_1_57' title='bbox 2880 551 3042 621; x_wconf 91' lang='lat' dir='ltr'><strong>igitur</strong></span> <span class='ocrx_word' id='word_1_58' title='bbox 3083 569 3182 623; x_wconf 83' lang='lat' dir='ltr'><strong>ego</strong></span> <span class='ocrx_word' id='word_1_59' title='bbox 3214 555 3318 611; x_wconf 93' lang='lat' dir='ltr'><strong>lavi</strong></span> <span class='ocrx_word' id='word_1_60' title='bbox 3347 559 3517 627; x_wconf 82' lang='lat' dir='ltr'><strong>pedes</strong></span> 
     </span>
    </p>
   </div>
   <div class='ocr_carea' id='block_1_9' title="bbox 229 631 1826 710">
    <p class='ocr_par' dir='ltr' id='par_1_9' title="bbox 229 631 1826 710">
     <span class='ocr_line' id='line_1_9' title="bbox 229 631 1826 710; baseline 0.002 -22"><span class='ocrx_word' id='word_1_61' title='bbox 229 635 611 708; x_wconf 69' lang='grc' dir='ltr'>ιπαπὸρησιν.</span> <span class='ocrx_word' id='word_1_62' title='bbox 649 637 768 690; x_wconf 80' lang='grc' dir='ltr'>Ὀτι</span> <span class='ocrx_word' id='word_1_63' title='bbox 811 631 911 708; x_wconf 77' lang='grc' dir='ltr'>μὲν</span> <span class='ocrx_word' id='word_1_64' title='bbox 955 633 1049 692; x_wconf 83' lang='grc' dir='ltr'>οὖν</span> <span class='ocrx_word' id='word_1_65' title='bbox 1098 652 1230 691; x_wconf 83' lang='grc' dir='ltr'>ποτε</span> <span class='ocrx_word' id='word_1_66' title='bbox 1275 637 1502 709; x_wconf 75' lang='grc' dir='ltr'>καθήξει</span> <span class='ocrx_word' id='word_1_67' title='bbox 1545 637 1682 708; x_wconf 84' lang='grc' dir='ltr'>τῷδε</span> <span class='ocrx_word' id='word_1_68' title='bbox 1735 639 1826 710; x_wconf 84' lang='grc' dir='ltr'>μὲν</span> 
     </span>
    </p>
   </div>
   <div class='ocr_carea' id='block_1_10' title="bbox 1932 631 3524 710">
    <p class='ocr_par' dir='ltr' id='par_1_10' title="bbox 1941 635 3524 706">
     <span class='ocr_line' id='line_1_10' title="bbox 1941 635 3524 706; baseline 0.008 -18"><span class='ocrx_word' id='word_1_69' title='bbox 1941 645 2154 691; x_wconf 89' lang='lat' dir='ltr'><strong>vestros</strong></span> <span class='ocrx_word' id='word_1_70' title='bbox 2179 635 2436 706; x_wconf 73' lang='lat' dir='ltr'><strong>Magister</strong></span> <span class='ocrx_word' id='word_1_71' title='bbox 2467 645 2524 691; x_wconf 92' lang='lat' dir='ltr'><strong>et</strong></span> <span class='ocrx_word' id='word_1_72' title='bbox 2556 638 2834 706; x_wconf 89' lang='lat' dir='ltr'><strong>Dominus,</strong></span> <span class='ocrx_word' id='word_1_73' title='bbox 2849 648 2902 692; x_wconf 90' lang='lat' dir='ltr'><strong>et</strong></span> <span class='ocrx_word' id='word_1_74' title='bbox 2920 653 3013 695; x_wconf 78' lang='lat' dir='ltr'><strong>vos</strong></span> <span class='ocrx_word' id='word_1_75' title='bbox 3042 640 3248 698; x_wconf 88' lang='lat' dir='ltr'><strong>debetis</strong></span> <span class='ocrx_word' id='word_1_76' title='bbox 3269 642 3360 697; x_wconf 85' lang='lat' dir='ltr'><strong>alii</strong></span> <span class='ocrx_word' id='word_1_77' title='bbox 3386 643 3524 700; x_wconf 87' lang='lat' dir='ltr'><strong>alio-</strong></span> 
     </span>
    </p>
   </div>
   <div class='ocr_carea' id='block_1_11' title="bbox 228 725 1826 800">
    <p class='ocr_par' dir='ltr' id='par_1_11' title="bbox 228 725 1826 800">
     <span class='ocr_line' id='line_1_11' title="bbox 228 725 1826 800; baseline 0.003 -22"><span class='ocrx_word' id='word_1_78' title='bbox 228 725 397 795; x_wconf 76' lang='grc' dir='ltr'>νῖψαι</span> <span class='ocrx_word' id='word_1_79' title='bbox 427 727 554 790; x_wconf 74' lang='grc' dir='ltr'>τοὺς</span> <span class='ocrx_word' id='word_1_80' title='bbox 592 727 759 790; x_wconf 81' lang='grc' dir='ltr'>πόδας</span> <span class='ocrx_word' id='word_1_81' title='bbox 793 727 888 780; x_wconf 87' lang='grc' dir='ltr'><strong>τοῦ</strong></span> <span class='ocrx_word' id='word_1_82' title='bbox 929 728 1078 783; x_wconf 85' lang='grc' dir='ltr'>δεῖνα</span> <span class='ocrx_word' id='word_1_83' title='bbox 1115 726 1360 800; x_wconf 83' lang='grc' dir='ltr'><strong>μαθητοῦ</strong></span> <span class='ocrx_word' id='word_1_84' title='bbox 1419 728 1614 799; x_wconf 83' lang='grc' dir='ltr'><strong>Ἰησοῦ,</strong></span> <span class='ocrx_word' id='word_1_85' title='bbox 1655 728 1736 800; x_wconf 82' lang='grc' dir='ltr'>τῷ</span> <span class='ocrx_word' id='word_1_86' title='bbox 1774 729 1826 782; x_wconf 78' lang='grc' dir='ltr'>δὲ</span> 
     </span>
    </p>
   </div>
   <div class='ocr_carea' id='block_1_12' title="bbox 1932 725 3525 800">
    <p class='ocr_par' dir='ltr' id='par_1_12' title="bbox 1940 726 3525 799">
     <span class='ocr_line' id='line_1_12' title="bbox 1940 726 3525 799; baseline 0.004 -17"><span class='ocrx_word' id='word_1_87' title='bbox 1940 744 2060 782; x_wconf 90' lang='lat' dir='ltr'><strong>rum</strong></span> <span class='ocrx_word' id='word_1_88' title='bbox 2096 726 2278 783; x_wconf 86' lang='lat' dir='ltr'><strong>lavare</strong></span> <span class='ocrx_word' id='word_1_89' title='bbox 2308 729 2471 796; x_wconf 86' lang='lat' dir='ltr'><strong>pedes</strong></span> <span class='ocrx_word' id='word_1_90' title='bbox 2500 745 2516 783; x_wconf 89' lang='lat'><strong>:</strong></span> <span class='ocrx_word' id='word_1_91' title='bbox 2553 729 2862 799; x_wconf 82' lang='lat' dir='ltr'><strong>exemplum</strong></span> <span class='ocrx_word' id='word_1_92' title='bbox 2911 730 3059 784; x_wconf 91' lang='lat' dir='ltr'><strong>enim</strong></span> <span class='ocrx_word' id='word_1_93' title='bbox 3105 732 3228 786; x_wconf 84' lang='lat' dir='ltr'><strong>dedi</strong></span> <span class='ocrx_word' id='word_1_94' title='bbox 3262 732 3434 797; x_wconf 85' lang='lat' dir='ltr'><strong>vobis,</strong></span> <span class='ocrx_word' id='word_1_95' title='bbox 3463 743 3525 788; x_wconf 84' lang='lat' dir='ltr'><strong>ut</strong></span> 
     </span>
    </p>
   </div>
   <div class='ocr_carea' id='block_1_13' title="bbox 233 817 1834 891">
    <p class='ocr_par' dir='ltr' id='par_1_13' title="bbox 233 817 1834 891">
     <span class='ocr_line' id='line_1_13' title="bbox 233 817 1834 891; baseline 0.002 -23"><span class='ocrx_word' id='word_1_96' title='bbox 233 817 625 888; x_wconf 76' lang='grc' dir='ltr'><strong>ἐμπαρασχεῖν</strong></span> <span class='ocrx_word' id='word_1_97' title='bbox 670 819 866 882; x_wconf 74' lang='grc' dir='ltr'>αὐτοὺς</span> <span class='ocrx_word' id='word_1_98' title='bbox 923 818 1351 891; x_wconf 75' lang='grc' dir='ltr'>νιφθησομένους</span> <span class='ocrx_word' id='word_1_99' title='bbox 1395 819 1486 873; x_wconf 81' lang='grc' dir='ltr'><strong>ὑπ’</strong></span> <span class='ocrx_word' id='word_1_100' title='bbox 1521 819 1710 884; x_wconf 85' lang='grc' dir='ltr'>αὐτοῦ,</span> <span class='ocrx_word' id='word_1_101' title='bbox 1756 819 1834 886; x_wconf 76' lang='grc' dir='ltr'>ὡς</span> 
     </span>
    </p>
   </div>
   <div class='ocr_carea' id='block_1_14' title="bbox 227 909 1831 984">
    <p class='ocr_par' dir='ltr' id='par_1_14' title="bbox 227 909 1831 984">
     <span class='ocr_line' id='line_1_14' title="bbox 227 909 1831 984; baseline 0.002 -22"><span class='ocrx_word' id='word_1_102' title='bbox 227 909 355 962; x_wconf 77' lang='grc' dir='ltr'>ἀπὸ</span> <span class='ocrx_word' id='word_1_103' title='bbox 381 909 603 981; x_wconf 83' lang='grc' dir='ltr'>ἀγάπης</span> <span class='ocrx_word' id='word_1_104' title='bbox 635 911 729 963; x_wconf 76' lang='grc' dir='ltr'>καὶ</span> <span class='ocrx_word' id='word_1_105' title='bbox 756 911 1156 984; x_wconf 79' lang='grc' dir='ltr'><strong>φιλοφροσύνης</strong></span> <span class='ocrx_word' id='word_1_106' title='bbox 1185 911 1278 965; x_wconf 86' lang='grc' dir='ltr'>τὸν</span> <span class='ocrx_word' id='word_1_107' title='bbox 1319 913 1416 984; x_wconf 86' lang='grc' dir='ltr'>μὲν</span> <span class='ocrx_word' id='word_1_108' title='bbox 1457 913 1703 983; x_wconf 91' lang='grc' dir='ltr'>ποιῆσαι,</span> <span class='ocrx_word' id='word_1_109' title='bbox 1739 911 1831 966; x_wconf 87' lang='grc' dir='ltr'><strong>τὺν</strong></span> 
     </span>
    </p>
   </div>
   <div class='ocr_carea' id='block_1_15' title="bbox 225 1001 1831 1078">
    <p class='ocr_par' dir='ltr' id='par_1_15' title="bbox 225 1001 1831 1078">
     <span class='ocr_line' id='line_1_15' title="bbox 225 1001 1831 1078; baseline 0.002 -22"><span class='ocrx_word' id='word_1_110' title='bbox 225 1001 301 1056; x_wconf 69' lang='grc' dir='ltr'>δὲ</span> <span class='ocrx_word' id='word_1_111' title='bbox 340 1006 664 1074; x_wconf 83' lang='grc' dir='ltr'>παρασχεῖν,</span> <span class='ocrx_word' id='word_1_112' title='bbox 711 1004 806 1057; x_wconf 76' lang='grc' dir='ltr'>καὶ</span> <span class='ocrx_word' id='word_1_113' title='bbox 860 1005 1024 1069; x_wconf 81' lang='grc' dir='ltr'>αὐτὸς</span> <span class='ocrx_word' id='word_1_114' title='bbox 1062 1005 1129 1060; x_wconf 81' lang='grc' dir='ltr'>ἂν</span> <span class='ocrx_word' id='word_1_115' title='bbox 1200 1006 1625 1078; x_wconf 85' lang='grc' dir='ltr'>όμολογήσαιμι.</span> <span class='ocrx_word' id='word_1_116' title='bbox 1671 1008 1734 1060; x_wconf 81' lang='lat' dir='ltr'><strong>Ei</strong></span> <span class='ocrx_word' id='word_1_117' title='bbox 1772 1007 1831 1060; x_wconf 77' lang='grc' dir='ltr'>δὲ</span> 
     </span>
    </p>
   </div>
   <div class='ocr_carea' id='block_1_16' title="bbox 223 1094 1830 1170">
    <p class='ocr_par' dir='ltr' id='par_1_16' title="bbox 223 1094 1830 1170">
     <span class='ocr_line' id='line_1_16' title="bbox 223 1094 1830 1170; baseline 0.005 -25"><span class='ocrx_word' id='word_1_118' title='bbox 223 1094 495 1165; x_wconf 74' lang='grc' dir='ltr'>φήσομεν</span> <span class='ocrx_word' id='word_1_119' title='bbox 545 1095 775 1148; x_wconf 68' lang='grc' dir='ltr'>ἕκαστον</span> <span class='ocrx_word' id='word_1_120' title='bbox 828 1096 937 1149; x_wconf 86' lang='grc' dir='ltr'><strong>τῶν</strong></span> <span class='ocrx_word' id='word_1_121' title='bbox 990 1097 1063 1169; x_wconf 80' lang='grc' dir='ltr'>μὴ</span> <span class='ocrx_word' id='word_1_122' title='bbox 1125 1098 1440 1151; x_wconf 74' lang='grc' dir='ltr'>συνειδότων</span> <span class='ocrx_word' id='word_1_123' title='bbox 1495 1099 1605 1168; x_wconf 76' lang='grc'><strong>(29)</strong></span> <span class='ocrx_word' id='word_1_124' title='bbox 1651 1099 1830 1170; x_wconf 82' lang='grc' dir='ltr'>ἑαυτῷ</span> 
     </span>
    </p>
   </div>
   <div class='ocr_carea' id='block_1_17' title="bbox 221 1184 1831 1256">
    <p class='ocr_par' dir='ltr' id='par_1_17' title="bbox 221 1184 1831 1256">
     <span class='ocr_line' id='line_1_17' title="bbox 221 1184 1831 1256; baseline 0.005 -20"><span class='ocrx_word' id='word_1_125' title='bbox 221 1184 407 1238; x_wconf 65' lang='grc' dir='ltr'>τοῦτο</span> <span class='ocrx_word' id='word_1_126' title='bbox 427 1186 806 1256; x_wconf 78' lang='grc' dir='ltr'><strong>πεποιηκέναι,</strong></span> <span class='ocrx_word' id='word_1_127' title='bbox 846 1186 940 1240; x_wconf 79' lang='grc' dir='ltr'>καὶ</span> <span class='ocrx_word' id='word_1_128' title='bbox 972 1187 1142 1256; x_wconf 83' lang='grc' dir='ltr'><strong>ἁγίων</strong></span> <span class='ocrx_word' id='word_1_129' title='bbox 1170 1187 1313 1242; x_wconf 76' lang='grc' dir='ltr'>οὕτω</span> <span class='ocrx_word' id='word_1_130' title='bbox 1337 1191 1464 1253; x_wconf 82' lang='grc' dir='ltr'>τοὺς</span> <span class='ocrx_word' id='word_1_131' title='bbox 1491 1190 1660 1254; x_wconf 86' lang='grc' dir='ltr'>πόδας</span> <span class='ocrx_word' id='word_1_132' title='bbox 1688 1209 1831 1244; x_wconf 83' lang='grc' dir='ltr'>νενι-</span> 
     </span>
    </p>
   </div>
   <div class='ocr_carea' id='block_1_18' title="bbox 223 1273 1833 1350">
    <p class='ocr_par' dir='ltr' id='par_1_18' title="bbox 223 1273 1833 1350">
     <span class='ocr_line' id='line_1_18' title="bbox 223 1273 1833 1350; baseline 0.004 -23"><span class='ocrx_word' id='word_1_133' title='bbox 223 1273 429 1342; x_wconf 73' lang='grc' dir='ltr'>τρέναι,</span> <span class='ocrx_word' id='word_1_134' title='bbox 475 1275 830 1347; x_wconf 75' lang='grc' dir='ltr'>ὀφειλομένην</span> <span class='ocrx_word' id='word_1_135' title='bbox 879 1278 1003 1332; x_wconf 82' lang='grc' dir='ltr'>τινὰ</span> <span class='ocrx_word' id='word_1_136' title='bbox 1053 1278 1272 1350; x_wconf 77' lang='grc' dir='ltr'>ἐντολὴν</span> <span class='ocrx_word' id='word_1_137' title='bbox 1313 1280 1388 1350; x_wconf 83' lang='grc' dir='ltr'>μὴ</span> <span class='ocrx_word' id='word_1_138' title='bbox 1432 1279 1833 1334; x_wconf 77' lang='grc' dir='ltr'><strong>ἀποδεδωκέναι</strong></span> 
     </span>
    </p>
   </div>
   <div class='ocr_carea' id='block_1_19' title="bbox 221 1365 1830 1444">
    <p class='ocr_par' dir='ltr' id='par_1_19' title="bbox 221 1365 1830 1444">
     <span class='ocr_line' id='line_1_19' title="bbox 221 1365 1830 1444; baseline 0.006 -27"><span class='ocrx_word' id='word_1_139' title='bbox 221 1365 376 1437; x_wconf 71' lang='grc' dir='ltr'>τὴν,</span> <span class='ocrx_word' id='word_1_140' title='bbox 406 1384 425 1417; x_wconf 84' lang='grc' dir='ltr'><strong>ι</strong></span> <span class='ocrx_word' id='word_1_141' title='bbox 480 1366 751 1436; x_wconf 74' lang='grc' dir='ltr'>Ὀφείλετε</span> <span class='ocrx_word' id='word_1_142' title='bbox 784 1367 1027 1440; x_wconf 81' lang='grc' dir='ltr'>ἀλλήλων</span> <span class='ocrx_word' id='word_1_143' title='bbox 1053 1369 1263 1424; x_wconf 77' lang='grc' dir='ltr'>νίπτειν</span> <span class='ocrx_word' id='word_1_144' title='bbox 1289 1371 1415 1433; x_wconf 80' lang='grc' dir='ltr'>τοὺς</span> <span class='ocrx_word' id='word_1_145' title='bbox 1439 1371 1628 1434; x_wconf 82' lang='grc' dir='ltr'>πόδας,</span> <span class='ocrx_word' id='word_1_146' title='bbox 1658 1390 1676 1424; x_wconf 81' lang='grc' dir='ltr'><strong>ι</strong></span> <span class='ocrx_word' id='word_1_147' title='bbox 1709 1371 1830 1444; x_wconf 83' lang='grc' dir='ltr'>ὥρα</span> 
     </span>
    </p>
   </div>
   <div class='ocr_carea' id='block_1_20' title="bbox 224 1457 1830 1532">
    <p class='ocr_par' dir='ltr' id='par_1_20' title="bbox 224 1457 1830 1532">
     <span class='ocr_line' id='line_1_20' title="bbox 224 1457 1830 1532; baseline 0.006 -23"><span class='ocrx_word' id='word_1_148' title='bbox 224 1473 350 1516; x_wconf 77' lang='grc' dir='ltr'>’που</span> <span class='ocrx_word' id='word_1_149' title='bbox 386 1457 494 1528; x_wconf 76' lang='lat'><strong>(30)</strong></span> <span class='ocrx_word' id='word_1_150' title='bbox 527 1457 704 1528; x_wconf 86' lang='grc' dir='ltr'>λέγειν</span> <span class='ocrx_word' id='word_1_151' title='bbox 752 1461 918 1529; x_wconf 81' lang='grc' dir='ltr'>ἐγγύς</span> <span class='ocrx_word' id='word_1_152' title='bbox 963 1480 1070 1515; x_wconf 88' lang='grc' dir='ltr'><strong>που</strong></span> <span class='ocrx_word' id='word_1_153' title='bbox 1111 1462 1320 1527; x_wconf 82' lang='grc' dir='ltr'>πάντας</span> <span class='ocrx_word' id='word_1_154' title='bbox 1367 1463 1653 1532; x_wconf 81' lang='grc' dir='ltr'>ὀφειλέτας</span> <span class='ocrx_word' id='word_1_155' title='bbox 1689 1459 1830 1518; x_wconf 82' lang='grc' dir='ltr'>εἶναι</span> 
     </span>
    </p>
   </div>
   <div class='ocr_carea' id='block_1_21' title="bbox 227 1544 832 1621">
    <p class='ocr_par' dir='ltr' id='par_1_21' title="bbox 227 1544 832 1621">
     <span class='ocr_line' id='line_1_21' title="bbox 227 1544 832 1621; baseline 0.015 -22"><span class='ocrx_word' id='word_1_156' title='bbox 227 1544 344 1617; x_wconf 74' lang='grc' dir='ltr'><strong>τῆς</strong></span> <span class='ocrx_word' id='word_1_157' title='bbox 365 1547 584 1620; x_wconf 79' lang='grc' dir='ltr'>ἐντολῆς</span> <span class='ocrx_word' id='word_1_158' title='bbox 607 1549 832 1621; x_wconf 80' lang='grc' dir='ltr'>ταῦτης.</span> 
     </span>
    </p>
   </div>
   <div class='ocr_carea' id='block_1_22' title="bbox 1936 819 3521 890">
    <p class='ocr_par' dir='ltr' id='par_1_22' title="bbox 1936 819 3521 890">
     <span class='ocr_line' id='line_1_22' title="bbox 1936 819 3521 890; baseline 0.004 -19"><span class='ocrx_word' id='word_1_159' title='bbox 1936 820 2395 890; x_wconf 82' lang='lat' dir='ltr'><strong>quemadmodum</strong></span> <span class='ocrx_word' id='word_1_160' title='bbox 2418 833 2518 888; x_wconf 85' lang='lat' dir='ltr'><strong>ego</strong></span> <span class='ocrx_word' id='word_1_161' title='bbox 2542 819 2643 876; x_wconf 81' lang='lat' dir='ltr'><strong>feci</strong></span> <span class='ocrx_word' id='word_1_162' title='bbox 2671 821 2845 886; x_wconf 85' lang='lat' dir='ltr'><strong>vobis,</strong></span> <span class='ocrx_word' id='word_1_163' title='bbox 2867 821 2939 876; x_wconf 87' lang='lat' dir='ltr'><strong>ita</strong></span> <span class='ocrx_word' id='word_1_164' title='bbox 2959 832 3014 876; x_wconf 86' lang='lat' dir='ltr'><strong>et</strong></span> <span class='ocrx_word' id='word_1_165' title='bbox 3037 837 3134 878; x_wconf 88' lang='lat' dir='ltr'><strong>vos</strong></span> <span class='ocrx_word' id='word_1_166' title='bbox 3162 821 3381 889; x_wconf 70' lang='lat' dir='ltr'><strong>faciatis</strong></span> <span class='ocrx_word' id='word_1_167' title='bbox 3402 824 3449 856; x_wconf 77' lang='grc'><strong>³⁸</strong></span> <span class='ocrx_word' id='word_1_168' title='bbox 3471 837 3521 878; x_wconf 72' lang='grc' dir='ltr'><strong>ιι</strong></span> 
     </span>
    </p>
   </div>
   <div class='ocr_carea' id='block_1_23' title="bbox 1937 910 3525 984">
    <p class='ocr_par' dir='ltr' id='par_1_23' title="bbox 1937 910 3525 984">
     <span class='ocr_line' id='line_1_23' title="bbox 1937 910 3525 984; baseline 0.002 -17"><span class='ocrx_word' id='word_1_169' title='bbox 1937 911 2006 967; x_wconf 89' lang='lat' dir='ltr'><strong>ad</strong></span> <span class='ocrx_word' id='word_1_170' title='bbox 2053 910 2366 982; x_wconf 76' lang='lat' dir='ltr'><strong>huiusmodi</strong></span> <span class='ocrx_word' id='word_1_171' title='bbox 2419 913 2854 982; x_wconf 88' lang='lat' dir='ltr'><strong>respondendum</strong></span> <span class='ocrx_word' id='word_1_172' title='bbox 2902 923 2990 969; x_wconf 89' lang='lat' dir='ltr'><strong>est</strong></span> <span class='ocrx_word' id='word_1_173' title='bbox 3036 932 3049 968; x_wconf 91' lang='lat'><strong>:</strong></span> <span class='ocrx_word' id='word_1_174' title='bbox 3101 929 3232 984; x_wconf 87' lang='lat' dir='ltr'><strong>ergo</strong></span> <span class='ocrx_word' id='word_1_175' title='bbox 3267 915 3525 984; x_wconf 88' lang='lat' dir='ltr'><strong>quoniam</strong></span> 
     </span>
    </p>
   </div>
   <div class='ocr_carea' id='block_1_24' title="bbox 1932 1001 3515 1072">
    <p class='ocr_par' dir='ltr' id='par_1_24' title="bbox 1932 1001 3515 1072">
     <span class='ocr_line' id='line_1_24' title="bbox 1932 1001 3515 1072; baseline 0.004 -16"><span class='ocrx_word' id='word_1_176' title='bbox 1932 1001 2085 1071; x_wconf 80' lang='lat' dir='ltr'><strong>juxta</strong></span> <span class='ocrx_word' id='word_1_177' title='bbox 2119 1011 2330 1058; x_wconf 88' lang='lat' dir='ltr'><strong>textum</strong></span> <span class='ocrx_word' id='word_1_178' title='bbox 2362 1003 2567 1059; x_wconf 81' lang='lat' dir='ltr'><strong>factum</strong></span> <span class='ocrx_word' id='word_1_179' title='bbox 2599 1013 2684 1059; x_wconf 85' lang='lat' dir='ltr'><strong>est</strong></span> <span class='ocrx_word' id='word_1_180' title='bbox 2713 1004 2858 1072; x_wconf 90' lang='lat' dir='ltr'><strong>quod</strong></span> <span class='ocrx_word' id='word_1_181' title='bbox 2890 1003 3052 1060; x_wconf 71' lang='lat' dir='ltr'><strong>l‘etro</strong></span> <span class='ocrx_word' id='word_1_182' title='bbox 3071 1005 3274 1061; x_wconf 89' lang='lat' dir='ltr'><strong>dicenti</strong></span> <span class='ocrx_word' id='word_1_183' title='bbox 3294 1045 3310 1070; x_wconf 94' lang='lat'><strong>,</strong></span> <span class='ocrx_word' id='word_1_184' title='bbox 3340 1024 3359 1058; x_wconf 89' lang='grc' dir='ltr'><strong>ι</strong></span> <span class='ocrx_word' id='word_1_185' title='bbox 3398 1003 3515 1062; x_wconf 83' lang='lat' dir='ltr'><strong>Non</strong></span> 
     </span>
    </p>
   </div>
   <div class='ocr_carea' id='block_1_25' title="bbox 1934 1093 3523 1178">
    <p class='ocr_par' dir='ltr' id='par_1_25' title="bbox 1934 1093 3523 1178">
     <span class='ocr_line' id='line_1_25' title="bbox 1934 1093 3523 1178; baseline 0.002 -30"><span class='ocrx_word' id='word_1_186' title='bbox 1934 1093 2138 1149; x_wconf 86' lang='lat' dir='ltr'><strong>lavabis</strong></span> <span class='ocrx_word' id='word_1_187' title='bbox 2166 1094 2298 1148; x_wconf 89' lang='lat' dir='ltr'><strong>tnihi</strong></span> <span class='ocrx_word' id='word_1_188' title='bbox 2325 1095 2490 1163; x_wconf 80' lang='lat' dir='ltr'><strong>pedes</strong></span> <span class='ocrx_word' id='word_1_189' title='bbox 2512 1095 2566 1150; x_wconf 92' lang='lat' dir='ltr'><strong>in</strong></span> <span class='ocrx_word' id='word_1_190' title='bbox 2591 1103 2882 1178; x_wconf 63' lang='lat' dir='ltr'><strong>aeternum,</strong></span> <span class='ocrx_word' id='word_1_191' title='bbox 2920 1113 2941 1147; x_wconf 74' lang='grc' dir='ltr'><strong>ι</strong></span> <span class='ocrx_word' id='word_1_192' title='bbox 2976 1096 3180 1152; x_wconf 88' lang='lat' dir='ltr'><strong>dictum</strong></span> <span class='ocrx_word' id='word_1_193' title='bbox 3220 1095 3343 1162; x_wconf 81' lang='lat' dir='ltr'><strong>fuit,</strong></span> <span class='ocrx_word' id='word_1_194' title='bbox 3369 1113 3523 1154; x_wconf 82' lang='lat' dir='ltr'><strong>nern-</strong></span> 
     </span>
    </p>
   </div>
   <div class='ocr_carea' id='block_1_26' title="bbox 1934 1185 3522 1257">
    <p class='ocr_par' dir='ltr' id='par_1_26' title="bbox 1934 1185 3522 1257">
     <span class='ocr_line' id='line_1_26' title="bbox 1934 1185 3522 1257; baseline 0 -18"><span class='ocrx_word' id='word_1_195' title='bbox 1934 1201 2002 1256; x_wconf 88' lang='lat' dir='ltr'><strong>pe</strong></span> <span class='ocrx_word' id='word_1_196' title='bbox 2031 1227 2050 1250; x_wconf 90' lang='lat'><strong>,</strong></span> <span class='ocrx_word' id='word_1_197' title='bbox 2094 1205 2113 1239; x_wconf 83' lang='grc' dir='ltr'><strong>ι</strong></span> <span class='ocrx_word' id='word_1_198' title='bbox 2143 1185 2255 1242; x_wconf 76' lang='lat' dir='ltr'><strong>Nisi</strong></span> <span class='ocrx_word' id='word_1_199' title='bbox 2286 1186 2472 1242; x_wconf 82' lang='lat' dir='ltr'><strong>lavero</strong></span> <span class='ocrx_word' id='word_1_200' title='bbox 2505 1195 2580 1251; x_wconf 91' lang='lat' dir='ltr'><strong>te,</strong></span> <span class='ocrx_word' id='word_1_201' title='bbox 2617 1202 2726 1242; x_wconf 92' lang='lat' dir='ltr'><strong>non</strong></span> <span class='ocrx_word' id='word_1_202' title='bbox 2769 1187 2938 1243; x_wconf 83' lang='lat' dir='ltr'><strong>habes</strong></span> <span class='ocrx_word' id='word_1_203' title='bbox 2972 1199 3184 1257; x_wconf 89' lang='lat' dir='ltr'><strong>partem</strong></span> <span class='ocrx_word' id='word_1_204' title='bbox 3231 1203 3468 1255; x_wconf 90' lang='lat' dir='ltr'><strong>mecum,</strong></span> <span class='ocrx_word' id='word_1_205' title='bbox 3500 1207 3522 1239; x_wconf 75' lang='grc' dir='ltr'><strong>ι</strong></span> 
     </span>
    </p>
   </div>
   <div class='ocr_carea' id='block_1_27' title="bbox 1932 1277 3517 1349">
    <p class='ocr_par' dir='ltr' id='par_1_27' title="bbox 1932 1277 3517 1349">
     <span class='ocr_line' id='line_1_27' title="bbox 1932 1277 3517 1349; baseline 0.002 -15"><span class='ocrx_word' id='word_1_206' title='bbox 1932 1280 2096 1334; x_wconf 81' lang='lat' dir='ltr'><strong>etiam</strong></span> <span class='ocrx_word' id='word_1_207' title='bbox 2130 1293 2250 1340; x_wconf 90' lang='lat' dir='ltr'><strong>nos.</strong></span> <span class='ocrx_word' id='word_1_208' title='bbox 2275 1277 2428 1345; x_wconf 90' lang='lat' dir='ltr'><strong>juxta</strong></span> <span class='ocrx_word' id='word_1_209' title='bbox 2464 1289 2810 1343; x_wconf 83' lang='lat' dir='ltr'><strong>contextum,</strong></span> <span class='ocrx_word' id='word_1_210' title='bbox 2845 1280 2917 1336; x_wconf 90' lang='lat' dir='ltr'><strong>ob</strong></span> <span class='ocrx_word' id='word_1_211' title='bbox 2949 1281 3315 1334; x_wconf 89' lang='lat' dir='ltr'><strong>reverentiam</strong></span> <span class='ocrx_word' id='word_1_212' title='bbox 3350 1281 3517 1349; x_wconf 82' lang='lat' dir='ltr'><strong>pedes</strong></span> 
     </span>
    </p>
   </div>
   <div class='ocr_carea' id='block_1_28' title="bbox 1932 1371 3527 1442">
    <p class='ocr_par' dir='ltr' id='par_1_28' title="bbox 1932 1371 3527 1442">
     <span class='ocr_line' id='line_1_28' title="bbox 1932 1371 3527 1442; baseline 0 -15"><span class='ocrx_word' id='word_1_213' title='bbox 1932 1386 2064 1427; x_wconf 87' lang='lat' dir='ltr'><strong>suos</strong></span> <span class='ocrx_word' id='word_1_214' title='bbox 2113 1371 2378 1426; x_wconf 80' lang='lat' dir='ltr'><strong>lavandos</strong></span> <span class='ocrx_word' id='word_1_215' title='bbox 2420 1385 2527 1426; x_wconf 92' lang='lat' dir='ltr'><strong>non</strong></span> <span class='ocrx_word' id='word_1_216' title='bbox 2562 1373 2934 1442; x_wconf 62' lang='lat' dir='ltr'><strong>praebentibus</strong></span> <span class='ocrx_word' id='word_1_217' title='bbox 2988 1372 3255 1439; x_wconf 86' lang='lat' dir='ltr'><strong>dicemus,</strong></span> <span class='ocrx_word' id='word_1_218' title='bbox 3295 1373 3527 1427; x_wconf 71' lang='lat' dir='ltr'><strong>audebi~</strong></span> 
     </span>
    </p>
   </div>
   <div class='ocr_carea' id='block_1_29' title="bbox 1937 1461 3525 1532">
    <p class='ocr_par' dir='ltr' id='par_1_29' title="bbox 1937 1461 3525 1532">
     <span class='ocr_line' id='line_1_29' title="bbox 1937 1461 3525 1532; baseline -0.001 -14"><span class='ocrx_word' id='word_1_219' title='bbox 1937 1478 2170 1532; x_wconf 85' lang='lat' dir='ltr'><strong>musque</strong></span> <span class='ocrx_word' id='word_1_220' title='bbox 2198 1463 2396 1518; x_wconf 76' lang='lat' dir='ltr'><strong>talibus</strong></span> <span class='ocrx_word' id='word_1_221' title='bbox 2424 1465 2610 1520; x_wconf 86' lang='lat' dir='ltr'><strong>dicere</strong></span> <span class='ocrx_word' id='word_1_222' title='bbox 2637 1482 2651 1520; x_wconf 93' lang='lat'><strong>:</strong></span> <span class='ocrx_word' id='word_1_223' title='bbox 2693 1483 2711 1516; x_wconf 83' lang='grc' dir='ltr'><strong>ι</strong></span> <span class='ocrx_word' id='word_1_224' title='bbox 2746 1463 2858 1519; x_wconf 82' lang='lat' dir='ltr'><strong>Nisi</strong></span> <span class='ocrx_word' id='word_1_225' title='bbox 2889 1465 3069 1520; x_wconf 83' lang='lat' dir='ltr'><strong>lavero</strong></span> <span class='ocrx_word' id='word_1_226' title='bbox 3101 1474 3154 1519; x_wconf 92' lang='lat' dir='ltr'><strong>te</strong></span> <span class='ocrx_word' id='word_1_227' title='bbox 3174 1503 3188 1526; x_wconf 92' lang='lat'><strong>,</strong></span> <span class='ocrx_word' id='word_1_228' title='bbox 3219 1478 3321 1518; x_wconf 87' lang='lat' dir='ltr'><strong>non</strong></span> <span class='ocrx_word' id='word_1_229' title='bbox 3358 1461 3525 1519; x_wconf 87' lang='lat' dir='ltr'><strong>habes</strong></span> 
     </span>
    </p>
   </div>
   <div class='ocr_carea' id='block_1_30' title="bbox 1937 1553 3522 1624">
    <p class='ocr_par' dir='ltr' id='par_1_30' title="bbox 1937 1553 3522 1624">
     <span class='ocr_line' id='line_1_30' title="bbox 1937 1553 3522 1624; baseline -0.001 -16"><span class='ocrx_word' id='word_1_230' title='bbox 1937 1564 2150 1624; x_wconf 87' lang='lat' dir='ltr'><strong>partem</strong></span> <span class='ocrx_word' id='word_1_231' title='bbox 2179 1567 2450 1610; x_wconf 64' lang='lat' dir='ltr'><strong>mecum.»</strong></span> <span class='ocrx_word' id='word_1_232' title='bbox 2487 1553 2639 1621; x_wconf 84' lang='lat' dir='ltr'><strong>Quod</strong></span> <span class='ocrx_word' id='word_1_233' title='bbox 2669 1555 2716 1609; x_wconf 96' lang='lat' dir='ltr'><strong>si</strong></span> <span class='ocrx_word' id='word_1_234' title='bbox 2749 1557 2855 1612; x_wconf 89' lang='lat' dir='ltr'><strong>hoc</strong></span> <span class='ocrx_word' id='word_1_235' title='bbox 2881 1555 2935 1610; x_wconf 93' lang='lat' dir='ltr'><strong>in</strong></span> <span class='ocrx_word' id='word_1_236' title='bbox 2971 1555 3090 1609; x_wconf 92' lang='lat' dir='ltr'><strong>loco</strong></span> <span class='ocrx_word' id='word_1_237' title='bbox 3133 1555 3226 1609; x_wconf 88' lang='lat' dir='ltr'><strong>tibi</strong></span> <span class='ocrx_word' id='word_1_238' title='bbox 3263 1568 3368 1608; x_wconf 83' lang='lat' dir='ltr'><strong>non</strong></span> <span class='ocrx_word' id='word_1_239' title='bbox 3396 1567 3522 1622; x_wconf 87' lang='lat' dir='ltr'><strong>per-</strong></span> 
     </span>
    </p>
   </div>
   <div class='ocr_carea' id='block_1_31' title="bbox 229 1640 3525 1717">
    <p class='ocr_par' dir='ltr' id='par_1_31' title="bbox 229 1640 3525 1717">
     <span class='ocr_line' id='line_1_31' title="bbox 229 1640 3525 1717; baseline 0.002 -22"><span class='ocrx_word' id='word_1_240' title='bbox 229 1640 433 1696; x_wconf 86' lang='lat' dir='ltr'><strong>suadet</strong></span> <span class='ocrx_word' id='word_1_241' title='bbox 455 1641 596 1710; x_wconf 86' lang='lat' dir='ltr'><strong>quod</strong></span> <span class='ocrx_word' id='word_1_242' title='bbox 625 1643 756 1709; x_wconf 88' lang='lat' dir='ltr'><strong>dixi,</strong></span> <span class='ocrx_word' id='word_1_243' title='bbox 794 1647 1072 1714; x_wconf 87' lang='lat' dir='ltr'><strong>perpende</strong></span> <span class='ocrx_word' id='word_1_244' title='bbox 1109 1645 1240 1716; x_wconf 89' lang='lat' dir='ltr'><strong>quid</strong></span> <span class='ocrx_word' id='word_1_245' title='bbox 1272 1645 1455 1702; x_wconf 87' lang='lat' dir='ltr'><strong>dicere</strong></span> <span class='ocrx_word' id='word_1_246' title='bbox 1512 1654 1564 1703; x_wconf 88' lang='lat' dir='ltr'><strong>te</strong></span> <span class='ocrx_word' id='word_1_247' title='bbox 1617 1657 1871 1717; x_wconf 83' lang='lat' dir='ltr'><strong>oporteat</strong></span> <span class='ocrx_word' id='word_1_248' title='bbox 1925 1658 2116 1703; x_wconf 88' lang='lat' dir='ltr'><strong>contra</strong></span> <span class='ocrx_word' id='word_1_249' title='bbox 2148 1645 2572 1710; x_wconf 87' lang='lat' dir='ltr'><strong>dubitationem,</strong></span> <span class='ocrx_word' id='word_1_250' title='bbox 2598 1662 2668 1702; x_wconf 86' lang='lat' dir='ltr'><strong>an</strong></span> <span class='ocrx_word' id='word_1_251' title='bbox 2706 1647 2935 1701; x_wconf 90' lang='lat' dir='ltr'><strong>omnino</strong></span> <span class='ocrx_word' id='word_1_252' title='bbox 2975 1645 3130 1714; x_wconf 82' lang='lat' dir='ltr'><strong>juxta</strong></span> <span class='ocrx_word' id='word_1_253' title='bbox 3165 1652 3374 1700; x_wconf 88' lang='lat' dir='ltr'><strong>textum</strong></span> <span class='ocrx_word' id='word_1_254' title='bbox 3406 1644 3525 1700; x_wconf 63' lang='lat' dir='ltr'><strong>hac</strong></span> 
     </span>
    </p>
   </div>
   <div class='ocr_carea' id='block_1_32' title="bbox 226 1733 3523 1811">
    <p class='ocr_par' dir='ltr' id='par_1_32' title="bbox 226 1733 3523 1811">
     <span class='ocr_line' id='line_1_32' title="bbox 226 1733 3523 1811; baseline 0.001 -23"><span class='ocrx_word' id='word_1_255' title='bbox 226 1733 354 1788; x_wconf 88' lang='lat' dir='ltr'><strong>sint</strong></span> <span class='ocrx_word' id='word_1_256' title='bbox 393 1736 682 1791; x_wconf 88' lang='lat' dir='ltr'><strong>servanda.</strong></span> <span class='ocrx_word' id='word_1_257' title='bbox 719 1737 902 1806; x_wconf 83' lang='lat' dir='ltr'><strong>Atque</strong></span> <span class='ocrx_word' id='word_1_258' title='bbox 929 1739 1074 1807; x_wconf 91' lang='lat' dir='ltr'><strong>quod</strong></span> <span class='ocrx_word' id='word_1_259' title='bbox 1106 1739 1234 1795; x_wconf 87' lang='lat' dir='ltr'><strong>huic</strong></span> <span class='ocrx_word' id='word_1_260' title='bbox 1275 1743 1492 1810; x_wconf 87' lang='lat' dir='ltr'><strong>quidem</strong></span> <span class='ocrx_word' id='word_1_261' title='bbox 1525 1741 1818 1811; x_wconf 84' lang='lat' dir='ltr'><strong>aliquando</strong></span> <span class='ocrx_word' id='word_1_262' title='bbox 1877 1739 2170 1796; x_wconf 83' lang='lat' dir='ltr'><strong>conveniat</strong></span> <span class='ocrx_word' id='word_1_263' title='bbox 2196 1739 2384 1794; x_wconf 90' lang='lat' dir='ltr'><strong>lavare</strong></span> <span class='ocrx_word' id='word_1_264' title='bbox 2421 1739 2587 1808; x_wconf 85' lang='lat' dir='ltr'><strong>pedes</strong></span> <span class='ocrx_word' id='word_1_265' title='bbox 2641 1739 2790 1793; x_wconf 90' lang='lat' dir='ltr'><strong>illius</strong></span> <span class='ocrx_word' id='word_1_266' title='bbox 2832 1737 3083 1807; x_wconf 87' lang='lat' dir='ltr'><strong>discipuli</strong></span> <span class='ocrx_word' id='word_1_267' title='bbox 3116 1735 3365 1803; x_wconf 83' lang='lat' dir='ltr'><strong>.lesu,illi</strong></span> <span class='ocrx_word' id='word_1_268' title='bbox 3392 1751 3523 1791; x_wconf 86' lang='lat' dir='ltr'><strong>vero</strong></span> 
     </span>
    </p>
   </div>
   <div class='ocr_carea' id='block_1_33' title="bbox 229 1822 3515 1900">
    <p class='ocr_par' dir='ltr' id='par_1_33' title="bbox 229 1822 3515 1900">
     <span class='ocr_line' id='line_1_33' title="bbox 229 1822 3515 1900; baseline 0.001 -22"><span class='ocrx_word' id='word_1_269' title='bbox 229 1822 532 1894; x_wconf 83' lang='lat' dir='ltr'><strong>aliquando</strong></span> <span class='ocrx_word' id='word_1_270' title='bbox 566 1841 695 1881; x_wconf 89' lang='lat' dir='ltr'><strong>suos</strong></span> <span class='ocrx_word' id='word_1_271' title='bbox 722 1825 792 1881; x_wconf 87' lang='lat' dir='ltr'><strong>ab</strong></span> <span class='ocrx_word' id='word_1_272' title='bbox 827 1827 942 1898; x_wconf 92' lang='lat' dir='ltr'><strong>ipso</strong></span> <span class='ocrx_word' id='word_1_273' title='bbox 969 1829 1225 1886; x_wconf 82' lang='lat' dir='ltr'><strong>lavandos</strong></span> <span class='ocrx_word' id='word_1_274' title='bbox 1264 1833 1528 1900; x_wconf 77' lang='lat' dir='ltr'><strong>przebere,</strong></span> <span class='ocrx_word' id='word_1_275' title='bbox 1581 1833 1653 1888; x_wconf 87' lang='lat' dir='ltr'><strong>ita</strong></span> <span class='ocrx_word' id='word_1_276' title='bbox 1691 1841 1750 1887; x_wconf 92' lang='lat' dir='ltr'><strong>ut</strong></span> <span class='ocrx_word' id='word_1_277' title='bbox 1788 1831 1880 1888; x_wconf 89' lang='lat' dir='ltr'><strong>ille</strong></span> <span class='ocrx_word' id='word_1_278' title='bbox 1931 1831 2003 1886; x_wconf 89' lang='lat' dir='ltr'><strong>ob</strong></span> <span class='ocrx_word' id='word_1_279' title='bbox 2034 1830 2362 1885; x_wconf 86' lang='lat' dir='ltr'><strong>charitatem</strong></span> <span class='ocrx_word' id='word_1_280' title='bbox 2389 1838 2443 1884; x_wconf 88' lang='lat' dir='ltr'><strong>et</strong></span> <span class='ocrx_word' id='word_1_281' title='bbox 2469 1829 2787 1885; x_wconf 85' lang='lat' dir='ltr'><strong>comitatem</strong></span> <span class='ocrx_word' id='word_1_282' title='bbox 2823 1828 2984 1895; x_wconf 87' lang='lat' dir='ltr'><strong>lavet,</strong></span> <span class='ocrx_word' id='word_1_283' title='bbox 3021 1829 3110 1884; x_wconf 86' lang='lat' dir='ltr'><strong>hic</strong></span> <span class='ocrx_word' id='word_1_284' title='bbox 3141 1843 3200 1882; x_wconf 88' lang='lat' dir='ltr'><strong>se</strong></span> <span class='ocrx_word' id='word_1_285' title='bbox 3225 1825 3515 1882; x_wconf 88' lang='lat' dir='ltr'><strong>lavandum</strong></span> 
     </span>
    </p>
   </div>
   <div class='ocr_carea' id='block_1_34' title="bbox 224 1915 3518 1990">
    <p class='ocr_par' dir='ltr' id='par_1_34' title="bbox 224 1915 3518 1990">
     <span class='ocr_line' id='line_1_34' title="bbox 224 1915 3518 1990; baseline 0.001 -25"><span class='ocrx_word' id='word_1_286' title='bbox 224 1915 518 1981; x_wconf 77' lang='lat' dir='ltr'><strong>exhibeat,</strong></span> <span class='ocrx_word' id='word_1_287' title='bbox 553 1917 718 1970; x_wconf 87' lang='lat' dir='ltr'><strong>etiam</strong></span> <span class='ocrx_word' id='word_1_288' title='bbox 755 1917 872 1988; x_wconf 90' lang='lat' dir='ltr'><strong>ipse</strong></span> <span class='ocrx_word' id='word_1_289' title='bbox 895 1916 1091 1973; x_wconf 83' lang='lat' dir='ltr'><strong>fateor.</strong></span> <span class='ocrx_word' id='word_1_290' title='bbox 1139 1919 1234 1974; x_wconf 88' lang='lat' dir='ltr'><strong>Sin</strong></span> <span class='ocrx_word' id='word_1_291' title='bbox 1281 1935 1412 1978; x_wconf 91' lang='lat' dir='ltr'><strong>vero</strong></span> <span class='ocrx_word' id='word_1_292' title='bbox 1460 1922 1707 1978; x_wconf 87' lang='lat' dir='ltr'><strong>dicemus</strong></span> <span class='ocrx_word' id='word_1_293' title='bbox 1765 1933 2212 1990; x_wconf 88' lang='lat' dir='ltr'><strong>unumquemque</strong></span> <span class='ocrx_word' id='word_1_294' title='bbox 2261 1934 2371 1973; x_wconf 90' lang='lat' dir='ltr'><strong>non</strong></span> <span class='ocrx_word' id='word_1_295' title='bbox 2419 1918 2697 1974; x_wconf 86' lang='lat' dir='ltr'><strong>conscium</strong></span> <span class='ocrx_word' id='word_1_296' title='bbox 2735 1917 2841 1974; x_wconf 88' lang='lat' dir='ltr'><strong>sibi</strong></span> <span class='ocrx_word' id='word_1_297' title='bbox 2893 1918 2995 1972; x_wconf 91' lang='lat' dir='ltr'><strong>hoc</strong></span> <span class='ocrx_word' id='word_1_298' title='bbox 3043 1915 3264 1980; x_wconf 79' lang='lat' dir='ltr'><strong>fecisse,</strong></span> <span class='ocrx_word' id='word_1_299' title='bbox 3297 1925 3518 1972; x_wconf 88' lang='lat' dir='ltr'><strong>sancto-</strong></span> 
     </span>
    </p>
   </div>
   <div class='ocr_carea' id='block_1_35' title="bbox 230 2007 3517 2084">
    <p class='ocr_par' dir='ltr' id='par_1_35' title="bbox 230 2007 3517 2084">
     <span class='ocr_line' id='line_1_35' title="bbox 230 2007 3517 2084; baseline 0.001 -25"><span class='ocrx_word' id='word_1_300' title='bbox 230 2021 472 2076; x_wconf 78' lang='lat' dir='ltr'><strong>rutnque</strong></span> <span class='ocrx_word' id='word_1_301' title='bbox 527 2009 631 2064; x_wconf 89' lang='lat' dir='ltr'><strong>isto</strong></span> <span class='ocrx_word' id='word_1_302' title='bbox 662 2010 820 2066; x_wconf 90' lang='lat' dir='ltr'><strong>modo</strong></span> <span class='ocrx_word' id='word_1_303' title='bbox 851 2009 1015 2080; x_wconf 87' lang='lat' dir='ltr'><strong>pedes</strong></span> <span class='ocrx_word' id='word_1_304' title='bbox 1055 2026 1160 2067; x_wconf 90' lang='lat' dir='ltr'><strong>non</strong></span> <span class='ocrx_word' id='word_1_305' title='bbox 1199 2012 1414 2082; x_wconf 89' lang='lat' dir='ltr'><strong>lavisse,</strong></span> <span class='ocrx_word' id='word_1_306' title='bbox 1471 2016 1710 2072; x_wconf 91' lang='lat' dir='ltr'><strong>debitum</strong></span> <span class='ocrx_word' id='word_1_307' title='bbox 1766 2013 2040 2084; x_wconf 87' lang='lat' dir='ltr'><strong>quoddam</strong></span> <span class='ocrx_word' id='word_1_308' title='bbox 2069 2012 2389 2066; x_wconf 88' lang='lat' dir='ltr'><strong>mandatum</strong></span> <span class='ocrx_word' id='word_1_309' title='bbox 2426 2025 2534 2066; x_wconf 92' lang='lat' dir='ltr'><strong>non</strong></span> <span class='ocrx_word' id='word_1_310' title='bbox 2575 2009 2939 2078; x_wconf 88' lang='lat' dir='ltr'><strong>persolvissc,</strong></span> <span class='ocrx_word' id='word_1_311' title='bbox 2971 2021 3184 2076; x_wconf 85' lang='lat' dir='ltr'><strong>nempe,</strong></span> <span class='ocrx_word' id='word_1_312' title='bbox 3251 2026 3270 2060; x_wconf 90' lang='grc' dir='ltr'><strong>ι</strong></span> <span class='ocrx_word' id='word_1_313' title='bbox 3301 2007 3517 2063; x_wconf 84' lang='lat' dir='ltr'><strong>Debetis</strong></span> 
     </span>
    </p>
   </div>
   <div class='ocr_carea' id='block_1_36' title="bbox 231 2101 3124 2176">
    <p class='ocr_par' dir='ltr' id='par_1_36' title="bbox 231 2101 3124 2176">
     <span class='ocr_line' id='line_1_36' title="bbox 231 2101 3124 2176; baseline 0 -20"><span class='ocrx_word' id='word_1_314' title='bbox 231 2101 331 2156; x_wconf 83' lang='lat' dir='ltr'><strong>alii</strong></span> <span class='ocrx_word' id='word_1_315' title='bbox 357 2101 589 2157; x_wconf 91' lang='lat' dir='ltr'><strong>aliorum</strong></span> <span class='ocrx_word' id='word_1_316' title='bbox 615 2101 794 2159; x_wconf 86' lang='lat' dir='ltr'><strong>lavare</strong></span> <span class='ocrx_word' id='word_1_317' title='bbox 816 2103 1032 2174; x_wconf 59' lang='lat' dir='ltr'><strong>pedes,»</strong></span> <span class='ocrx_word' id='word_1_318' title='bbox 1055 2115 1269 2174; x_wconf 91' lang='lat' dir='ltr'><strong>tempus</strong></span> <span class='ocrx_word' id='word_1_319' title='bbox 1292 2116 1376 2162; x_wconf 89' lang='lat' dir='ltr'><strong>est</strong></span> <span class='ocrx_word' id='word_1_320' title='bbox 1393 2108 1606 2165; x_wconf 85' lang='lat' dir='ltr'><strong>dicendi</strong></span> <span class='ocrx_word' id='word_1_321' title='bbox 1627 2122 1818 2163; x_wconf 88' lang='lat' dir='ltr'><strong>omnes</strong></span> <span class='ocrx_word' id='word_1_322' title='bbox 1837 2107 2020 2176; x_wconf 90' lang='lat' dir='ltr'><strong>aliquo</strong></span> <span class='ocrx_word' id='word_1_323' title='bbox 2042 2105 2202 2160; x_wconf 90' lang='lat' dir='ltr'><strong>modo</strong></span> <span class='ocrx_word' id='word_1_324' title='bbox 2232 2105 2394 2173; x_wconf 87' lang='lat' dir='ltr'><strong>hujus</strong></span> <span class='ocrx_word' id='word_1_325' title='bbox 2424 2103 2663 2159; x_wconf 84' lang='lat' dir='ltr'><strong>mandati</strong></span> <span class='ocrx_word' id='word_1_326' title='bbox 2685 2103 2960 2159; x_wconf 82' lang='lat' dir='ltr'><strong>debitores</strong></span> <span class='ocrx_word' id='word_1_327' title='bbox 2988 2117 3124 2158; x_wconf 83' lang='lat' dir='ltr'><strong>esse.</strong></span> 
     </span>
    </p>
   </div>
   <div class='ocr_carea' id='block_1_37' title="bbox 313 2190 1826 2272">
    <p class='ocr_par' dir='ltr' id='par_1_37' title="bbox 313 2190 1826 2272">
     <span class='ocr_line' id='line_1_37' title="bbox 313 2190 1826 2272; baseline 0.007 -28"><span class='ocrx_word' id='word_1_328' title='bbox 313 2190 374 2244; x_wconf 90' lang='lat'><strong>8.</strong></span> <span class='ocrx_word' id='word_1_329' title='bbox 399 2209 418 2242; x_wconf 85' lang='grc' dir='ltr'><strong>ι</strong></span> <span class='ocrx_word' id='word_1_330' title='bbox 452 2193 508 2245; x_wconf 74' lang='grc' dir='ltr'><strong>’Δ</strong></span> <span class='ocrx_word' id='word_1_331' title='bbox 517 2192 640 2264; x_wconf 82' lang='grc' dir='ltr'>μὴν,</span> <span class='ocrx_word' id='word_1_332' title='bbox 656 2193 804 2265; x_wconf 80' lang='grc' dir='ltr'>ἀμὴν</span> <span class='ocrx_word' id='word_1_333' title='bbox 823 2194 965 2263; x_wconf 85' lang='grc' dir='ltr'>λέγω</span> <span class='ocrx_word' id='word_1_334' title='bbox 980 2195 1108 2267; x_wconf 85' lang='grc' dir='ltr'>ὑμῖν</span> <span class='ocrx_word' id='word_1_335' title='bbox 1127 2213 1140 2227; x_wconf 86' lang='lat'><strong><em>°</em></strong></span> <span class='ocrx_word' id='word_1_336' title='bbox 1161 2197 1275 2251; x_wconf 78' lang='grc' dir='ltr'><strong>Οὐκ</strong></span> <span class='ocrx_word' id='word_1_337' title='bbox 1296 2198 1411 2252; x_wconf 76' lang='grc' dir='ltr'>ἐστι</span> <span class='ocrx_word' id='word_1_338' title='bbox 1424 2199 1610 2264; x_wconf 89' lang='grc' dir='ltr'>δοῦλος</span> <span class='ocrx_word' id='word_1_339' title='bbox 1625 2199 1826 2272; x_wconf 80' lang='grc' dir='ltr'>μείζων</span> 
     </span>
    </p>
   </div>
   <div class='ocr_carea' id='block_1_38' title="bbox 1932 2190 3522 2272">
    <p class='ocr_par' dir='ltr' id='par_1_38' title="bbox 2000 2195 3522 2265">
     <span class='ocr_line' id='line_1_38' title="bbox 2000 2195 3522 2265; baseline 0.001 -13"><span class='ocrx_word' id='word_1_340' title='bbox 2000 2197 2057 2252; x_wconf 91' lang='grc'><strong>8.</strong></span> <span class='ocrx_word' id='word_1_341' title='bbox 2104 2216 2124 2250; x_wconf 86' lang='grc' dir='ltr'><strong>ι</strong></span> <span class='ocrx_word' id='word_1_342' title='bbox 2157 2198 2354 2265; x_wconf 81' lang='lat' dir='ltr'><strong>Amen,</strong></span> <span class='ocrx_word' id='word_1_343' title='bbox 2380 2212 2538 2258; x_wconf 87' lang='lat' dir='ltr'><strong>amen</strong></span> <span class='ocrx_word' id='word_1_344' title='bbox 2569 2198 2689 2252; x_wconf 80' lang='lat' dir='ltr'><strong>dico</strong></span> <span class='ocrx_word' id='word_1_345' title='bbox 2712 2196 2906 2252; x_wconf 89' lang='lat' dir='ltr'><strong>vobis:</strong></span> <span class='ocrx_word' id='word_1_346' title='bbox 2937 2195 3056 2252; x_wconf 83' lang='lat' dir='ltr'><strong>Non</strong></span> <span class='ocrx_word' id='word_1_347' title='bbox 3082 2204 3166 2252; x_wconf 89' lang='lat' dir='ltr'><strong>est</strong></span> <span class='ocrx_word' id='word_1_348' title='bbox 3188 2211 3382 2252; x_wconf 84' lang='lat' dir='ltr'><strong>servus</strong></span> <span class='ocrx_word' id='word_1_349' title='bbox 3405 2213 3522 2254; x_wconf 80' lang='lat' dir='ltr'><strong>ma-</strong></span> 
     </span>
    </p>
   </div>
   <div class='ocr_carea' id='block_1_39' title="bbox 233 2281 1826 2362">
    <p class='ocr_par' dir='ltr' id='par_1_39' title="bbox 233 2281 1826 2362">
     <span class='ocr_line' id='line_1_39' title="bbox 233 2281 1826 2362; baseline 0.007 -28"><span class='ocrx_word' id='word_1_350' title='bbox 233 2281 335 2336; x_wconf 83' lang='grc' dir='ltr'><strong>τοῦ</strong></span> <span class='ocrx_word' id='word_1_351' title='bbox 376 2283 564 2353; x_wconf 82' lang='grc' dir='ltr'>κυρίου</span> <span class='ocrx_word' id='word_1_352' title='bbox 597 2283 766 2338; x_wconf 81' lang='grc' dir='ltr'>αὑτοῦ</span> <span class='ocrx_word' id='word_1_353' title='bbox 789 2325 805 2351; x_wconf 94' lang='grc'><strong>,</strong></span> <span class='ocrx_word' id='word_1_354' title='bbox 842 2286 965 2340; x_wconf 79' lang='grc' dir='ltr'>οὐδὲ</span> <span class='ocrx_word' id='word_1_355' title='bbox 994 2286 1293 2352; x_wconf 80' lang='grc' dir='ltr'>ἀπόστολος</span> <span class='ocrx_word' id='word_1_356' title='bbox 1329 2289 1534 2360; x_wconf 76' lang='grc' dir='ltr'>μείζων</span> <span class='ocrx_word' id='word_1_357' title='bbox 1561 2290 1660 2344; x_wconf 87' lang='grc' dir='ltr'><strong>τοῦ</strong></span> <span class='ocrx_word' id='word_1_358' title='bbox 1690 2292 1826 2362; x_wconf 79' lang='grc' dir='ltr'>πέμ-</span> 
     </span>
    </p>
   </div>
   <div class='ocr_carea' id='block_1_40' title="bbox 1932 2281 3520 2362">
    <p class='ocr_par' dir='ltr' id='par_1_40' title="bbox 1932 2286 3520 2359">
     <span class='ocr_line' id='line_1_40' title="bbox 1932 2286 3520 2359; baseline 0 -16"><span class='ocrx_word' id='word_1_359' title='bbox 1932 2287 2022 2358; x_wconf 92' lang='lat' dir='ltr'><strong>jor</strong></span> <span class='ocrx_word' id='word_1_360' title='bbox 2050 2287 2274 2344; x_wconf 86' lang='lat' dir='ltr'><strong>domino</strong></span> <span class='ocrx_word' id='word_1_361' title='bbox 2322 2304 2444 2355; x_wconf 89' lang='lat' dir='ltr'><strong>suo,</strong></span> <span class='ocrx_word' id='word_1_362' title='bbox 2477 2302 2655 2358; x_wconf 88' lang='lat' dir='ltr'><strong>neque</strong></span> <span class='ocrx_word' id='word_1_363' title='bbox 2701 2286 2915 2358; x_wconf 86' lang='lat' dir='ltr'><strong>legatus</strong></span> <span class='ocrx_word' id='word_1_364' title='bbox 2967 2287 3140 2356; x_wconf 85' lang='lat' dir='ltr'><strong>major</strong></span> <span class='ocrx_word' id='word_1_365' title='bbox 3181 2299 3267 2343; x_wconf 90' lang='lat' dir='ltr'><strong>est</strong></span> <span class='ocrx_word' id='word_1_366' title='bbox 3310 2305 3376 2344; x_wconf 74' lang='lat' dir='ltr'><strong>en</strong></span> <span class='ocrx_word' id='word_1_367' title='bbox 3425 2290 3520 2359; x_wconf 86' lang='lat' dir='ltr'><strong>qui</strong></span> 
     </span>
    </p>
   </div>
   <div class='ocr_carea' id='block_1_41' title="bbox 236 2375 1826 2452">
    <p class='ocr_par' dir='ltr' id='par_1_41' title="bbox 236 2375 1826 2452">
     <span class='ocr_line' id='line_1_41' title="bbox 236 2375 1826 2452; baseline 0.006 -26"><span class='ocrx_word' id='word_1_368' title='bbox 236 2376 443 2444; x_wconf 79' lang='grc' dir='ltr'>ψαντος</span> <span class='ocrx_word' id='word_1_369' title='bbox 467 2375 659 2429; x_wconf 79' lang='grc' dir='ltr'>αὐτόν’</span> <span class='ocrx_word' id='word_1_370' title='bbox 699 2378 748 2430; x_wconf 83' lang='grc' dir='ltr'><strong>εί</strong></span> <span class='ocrx_word' id='word_1_371' title='bbox 775 2376 948 2432; x_wconf 87' lang='grc' dir='ltr'>ταῦτα</span> <span class='ocrx_word' id='word_1_372' title='bbox 988 2377 1188 2443; x_wconf 79' lang='grc' dir='ltr'>οῐδατε,</span> <span class='ocrx_word' id='word_1_373' title='bbox 1232 2381 1497 2452; x_wconf 83' lang='grc' dir='ltr'>μακάριοί</span> <span class='ocrx_word' id='word_1_374' title='bbox 1538 2383 1684 2447; x_wconf 78' lang='grc' dir='ltr'>ἐστε,</span> <span class='ocrx_word' id='word_1_375' title='bbox 1735 2383 1826 2436; x_wconf 79' lang='grc' dir='ltr'>ἐὰν</span> 
     </span>
    </p>
   </div>
   <div class='ocr_carea' id='block_1_42' title="bbox 1932 2375 3523 2452">
    <p class='ocr_par' dir='ltr' id='par_1_42' title="bbox 1938 2376 3523 2448">
     <span class='ocr_line' id='line_1_42' title="bbox 1938 2376 3523 2448; baseline -0.002 -16"><span class='ocrx_word' id='word_1_376' title='bbox 1938 2378 2143 2448; x_wconf 80' lang='lat' dir='ltr'><strong>legavit</strong></span> <span class='ocrx_word' id='word_1_377' title='bbox 2175 2379 2353 2448; x_wconf 89' lang='lat' dir='ltr'><strong>ipsum</strong></span> <span class='ocrx_word' id='word_1_378' title='bbox 2382 2396 2396 2433; x_wconf 90' lang='lat'><strong>:</strong></span> <span class='ocrx_word' id='word_1_379' title='bbox 2424 2378 2468 2432; x_wconf 91' lang='lat' dir='ltr'><strong>si</strong></span> <span class='ocrx_word' id='word_1_380' title='bbox 2505 2377 2622 2434; x_wconf 64' lang='lat' dir='ltr'><strong>haec</strong></span> <span class='ocrx_word' id='word_1_381' title='bbox 2657 2377 2916 2444; x_wconf 87' lang='lat' dir='ltr'><strong>novistis,</strong></span> <span class='ocrx_word' id='word_1_382' title='bbox 2946 2376 3090 2431; x_wconf 85' lang='lat' dir='ltr'><strong>beati</strong></span> <span class='ocrx_word' id='word_1_383' title='bbox 3120 2379 3276 2439; x_wconf 83' lang='lat' dir='ltr'><strong>estis.</strong></span> <span class='ocrx_word' id='word_1_384' title='bbox 3304 2395 3350 2432; x_wconf 82' lang='lat' dir='ltr'><strong>SI</strong></span> <span class='ocrx_word' id='word_1_385' title='bbox 3380 2378 3523 2434; x_wconf 77' lang='lat' dir='ltr'><strong>fece-</strong></span> 
     </span>
    </p>
   </div>
   <div class='ocr_carea' id='block_1_43' title="bbox 238 2467 1832 2542">
    <p class='ocr_par' dir='ltr' id='par_1_43' title="bbox 238 2467 1832 2542">
     <span class='ocr_line' id='line_1_43' title="bbox 238 2467 1832 2542; baseline 0.006 -25"><span class='ocrx_word' id='word_1_386' title='bbox 238 2467 435 2536; x_wconf 84' lang='grc' dir='ltr'>ποιῆτε</span> <span class='ocrx_word' id='word_1_387' title='bbox 465 2467 620 2521; x_wconf 81' lang='grc' dir='ltr'>αὐτά.</span> <span class='ocrx_word' id='word_1_388' title='bbox 664 2469 740 2521; x_wconf 88' lang='grc' dir='ltr'><strong>Οὐ</strong></span> <span class='ocrx_word' id='word_1_389' title='bbox 775 2471 904 2541; x_wconf 76' lang='grc' dir='ltr'>περὶ</span> <span class='ocrx_word' id='word_1_390' title='bbox 927 2470 1141 2524; x_wconf 81' lang='grc' dir='ltr'>πάντων</span> <span class='ocrx_word' id='word_1_391' title='bbox 1170 2471 1325 2542; x_wconf 81' lang='grc' dir='ltr'>ὑμῶν</span> <span class='ocrx_word' id='word_1_392' title='bbox 1360 2472 1536 2542; x_wconf 81' lang='grc' dir='ltr'>λέγω’</span> <span class='ocrx_word' id='word_1_393' title='bbox 1571 2473 1683 2542; x_wconf 71' lang='grc' dir='ltr'><strong>ἐγὼ</strong></span> <span class='ocrx_word' id='word_1_394' title='bbox 1712 2469 1832 2527; x_wconf 80' lang='grc' dir='ltr'>οἶδα</span> 
     </span>
    </p>
   </div>
   <div class='ocr_carea' id='block_1_44' title="bbox 232 2558 1833 2639">
    <p class='ocr_par' dir='ltr' id='par_1_44' title="bbox 232 2558 1833 2639">
     <span class='ocr_line' id='line_1_44' title="bbox 232 2558 1833 2639; baseline 0.006 -29"><span class='ocrx_word' id='word_1_395' title='bbox 232 2558 393 2622; x_wconf 80' lang='grc' dir='ltr'>τίνας</span> <span class='ocrx_word' id='word_1_396' title='bbox 405 2559 751 2631; x_wconf 79' lang='grc' dir='ltr'><strong>ἐξελεξάμην·</strong></span> <span class='ocrx_word' id='word_1_397' title='bbox 764 2561 879 2615; x_wconf 81' lang='grc' dir='ltr'>ἀλλ’</span> <span class='ocrx_word' id='word_1_398' title='bbox 893 2562 977 2616; x_wconf 81' lang='grc' dir='ltr'><strong>ἵνα</strong></span> <span class='ocrx_word' id='word_1_399' title='bbox 989 2564 1021 2634; x_wconf 83' lang='grc' dir='ltr'>ἡ</span> <span class='ocrx_word' id='word_1_400' title='bbox 1034 2564 1223 2636; x_wconf 76' lang='grc' dir='ltr'>Γραφὴ</span> <span class='ocrx_word' id='word_1_401' title='bbox 1235 2564 1340 2636; x_wconf 82' lang='grc' dir='ltr'><strong>πλη</strong></span> <span class='ocrx_word' id='word_1_402' title='bbox 1349 2565 1519 2637; x_wconf 77' lang='grc' dir='ltr'>ρωθῇο</span> <span class='ocrx_word' id='word_1_403' title='bbox 1536 2565 1594 2619; x_wconf 81' lang='lat'><strong>&#39;0</strong></span> <span class='ocrx_word' id='word_1_404' title='bbox 1606 2563 1833 2639; x_wconf 88' lang='grc' dir='ltr'>τρώγων</span> 
     </span>
    </p>
   </div>
   <div class='ocr_carea' id='block_1_45' title="bbox 229 2649 1826 2728">
    <p class='ocr_par' dir='ltr' id='par_1_45' title="bbox 229 2649 1826 2728">
     <span class='ocr_line' id='line_1_45' title="bbox 229 2649 1826 2728; baseline 0.004 -26"><span class='ocrx_word' id='word_1_405' title='bbox 229 2667 345 2721; x_wconf 74' lang='grc' dir='ltr'><strong>μου</strong></span> <span class='ocrx_word' id='word_1_406' title='bbox 361 2649 452 2703; x_wconf 75' lang='grc' dir='ltr'><strong>τὸν</strong></span> <span class='ocrx_word' id='word_1_407' title='bbox 473 2651 635 2721; x_wconf 80' lang='grc' dir='ltr'>ἄρτον</span> <span class='ocrx_word' id='word_1_408' title='bbox 655 2651 864 2724; x_wconf 79' lang='grc' dir='ltr'>ἐπῆρεν</span> <span class='ocrx_word' id='word_1_409' title='bbox 882 2655 1092 2722; x_wconf 72' lang='grc' dir='ltr'><strong>(⁸51)ὲπ’</strong></span> <span class='ocrx_word' id='word_1_410' title='bbox 1111 2658 1136 2708; x_wconf 82' lang='grc' dir='ltr'>ὲ</span> <span class='ocrx_word' id='word_1_411' title='bbox 1143 2655 1210 2726; x_wconf 84' lang='grc' dir='ltr'>μὲ</span> <span class='ocrx_word' id='word_1_412' title='bbox 1226 2656 1324 2728; x_wconf 78' lang='grc' dir='ltr'>τὴν</span> <span class='ocrx_word' id='word_1_413' title='bbox 1348 2655 1587 2728; x_wconf 80' lang='grc' dir='ltr'>πτέρναν</span> <span class='ocrx_word' id='word_1_414' title='bbox 1603 2655 1792 2711; x_wconf 82' lang='grc' dir='ltr'>αὐτοῦ.</span> <span class='ocrx_word' id='word_1_415' title='bbox 1805 2674 1826 2709; x_wconf 77' lang='grc' dir='ltr'><strong>ι</strong></span> 
     </span>
    </p>
   </div>
   <div class='ocr_carea' id='block_1_46' title="bbox 231 2741 1832 2819">
    <p class='ocr_par' dir='ltr' id='par_1_46' title="bbox 231 2741 1832 2819">
     <span class='ocr_line' id='line_1_46' title="bbox 231 2741 1832 2819; baseline 0.004 -26"><span class='ocrx_word' id='word_1_416' title='bbox 231 2741 364 2794; x_wconf 79' lang='grc' dir='ltr'>Ἔτι</span> <span class='ocrx_word' id='word_1_417' title='bbox 399 2742 494 2795; x_wconf 73' lang='grc' dir='ltr'>καὶ</span> <span class='ocrx_word' id='word_1_418' title='bbox 527 2741 698 2796; x_wconf 81' lang='grc' dir='ltr'>ταῦτα</span> <span class='ocrx_word' id='word_1_419' title='bbox 726 2744 946 2815; x_wconf 76' lang='grc' dir='ltr'>ἔχεσθαί</span> <span class='ocrx_word' id='word_1_420' title='bbox 983 2764 1071 2818; x_wconf 90' lang='grc' dir='ltr'><strong>μοι</strong></span> <span class='ocrx_word' id='word_1_421' title='bbox 1099 2747 1249 2810; x_wconf 81' lang='grc' dir='ltr'>δοκεῖ</span> <span class='ocrx_word' id='word_1_422' title='bbox 1284 2746 1382 2801; x_wconf 89' lang='grc' dir='ltr'><strong>τοῦ</strong></span> <span class='ocrx_word' id='word_1_423' title='bbox 1421 2749 1554 2802; x_wconf 82' lang='grc' dir='ltr'>ίδεῐν</span> <span class='ocrx_word' id='word_1_424' title='bbox 1595 2747 1665 2801; x_wconf 81' lang='grc' dir='ltr'>τὰ</span> <span class='ocrx_word' id='word_1_425' title='bbox 1702 2747 1832 2819; x_wconf 73' lang='grc' dir='ltr'>περὶ</span> 
     </span>
    </p>
   </div>
   <div class='ocr_carea' id='block_1_47' title="bbox 229 2831 1831 2913">
    <p class='ocr_par' dir='ltr' id='par_1_47' title="bbox 229 2831 1831 2913">
     <span class='ocr_line' id='line_1_47' title="bbox 229 2831 1831 2913; baseline 0.009 -30"><span class='ocrx_word' id='word_1_426' title='bbox 229 2831 339 2902; x_wconf 83' lang='grc' dir='ltr'><strong>τῆς</strong></span> <span class='ocrx_word' id='word_1_427' title='bbox 381 2831 490 2886; x_wconf 89' lang='grc' dir='ltr'><strong>τῶν</strong></span> <span class='ocrx_word' id='word_1_428' title='bbox 537 2834 716 2889; x_wconf 83' lang='grc' dir='ltr'>ποδῶν</span> <span class='ocrx_word' id='word_1_429' title='bbox 761 2835 958 2906; x_wconf 80' lang='grc' dir='ltr'>νίψεως</span> <span class='ocrx_word' id='word_1_430' title='bbox 1004 2840 1357 2911; x_wconf 74' lang='grc' dir='ltr'>τροπολογεῖν</span> <span class='ocrx_word' id='word_1_431' title='bbox 1377 2860 1392 2874; x_wconf 78' lang='grc' dir='ltr'><strong>ο</strong></span> <span class='ocrx_word' id='word_1_432' title='bbox 1440 2842 1500 2895; x_wconf 79' lang='grc' dir='ltr'>τὸ</span> <span class='ocrx_word' id='word_1_433' title='bbox 1531 2843 1670 2913; x_wconf 83' lang='grc' dir='ltr'>γὰρ,</span> <span class='ocrx_word' id='word_1_434' title='bbox 1713 2861 1732 2893; x_wconf 85' lang='grc' dir='ltr'><strong>ι</strong></span> <span class='ocrx_word' id='word_1_435' title='bbox 1767 2843 1831 2897; x_wconf 76' lang='lat' dir='ltr'><strong>El</strong></span> 
     </span>
    </p>
   </div>
   <div class='ocr_carea' id='block_1_48' title="bbox 231 2920 1823 3004">
    <p class='ocr_par' dir='ltr' id='par_1_48' title="bbox 231 2920 1823 3004">
     <span class='ocr_line' id='line_1_48' title="bbox 231 2920 1823 3004; baseline 0.01 -31"><span class='ocrx_word' id='word_1_436' title='bbox 231 2922 412 2976; x_wconf 86' lang='grc' dir='ltr'>ταῦτα</span> <span class='ocrx_word' id='word_1_437' title='bbox 451 2920 656 2990; x_wconf 70' lang='grc' dir='ltr'>οἴδατε,</span> <span class='ocrx_word' id='word_1_438' title='bbox 704 2927 966 2998; x_wconf 82' lang='grc' dir='ltr'>μακάριοί</span> <span class='ocrx_word' id='word_1_439' title='bbox 1015 2931 1160 2995; x_wconf 80' lang='grc' dir='ltr'>ἐστε,</span> <span class='ocrx_word' id='word_1_440' title='bbox 1207 2932 1302 2985; x_wconf 71' lang='grc' dir='ltr'><strong>ἐὰν</strong></span> <span class='ocrx_word' id='word_1_441' title='bbox 1354 2933 1552 3004; x_wconf 78' lang='grc' dir='ltr'>ποιῆτε</span> <span class='ocrx_word' id='word_1_442' title='bbox 1601 2933 1762 3000; x_wconf 80' lang='grc' dir='ltr'>αὐτὰ,</span> <span class='ocrx_word' id='word_1_443' title='bbox 1803 2954 1823 2988; x_wconf 77' lang='grc' dir='ltr'><strong>ι</strong></span> 
     </span>
    </p>
   </div>
   <div class='ocr_carea' id='block_1_49' title="bbox 231 3012 1827 3096">
    <p class='ocr_par' dir='ltr' id='par_1_49' title="bbox 231 3012 1827 3096">
     <span class='ocr_line' id='line_1_49' title="bbox 231 3012 1827 3096; baseline 0.01 -32"><span class='ocrx_word' id='word_1_444' title='bbox 231 3012 453 3076; x_wconf 59' lang='lat' dir='ltr'><strong>essm;</strong></span> <span class='ocrx_word' id='word_1_445' title='bbox 492 3015 746 3086; x_wconf 85' lang='grc' dir='ltr'>ποιητέον</span> <span class='ocrx_word' id='word_1_446' title='bbox 790 3020 1193 3090; x_wconf 84' lang='grc' dir='ltr'>προειρημένου</span> <span class='ocrx_word' id='word_1_447' title='bbox 1233 3023 1266 3094; x_wconf 76' lang='grc' dir='ltr'>ἢ</span> <span class='ocrx_word' id='word_1_448' title='bbox 1307 3025 1440 3093; x_wconf 76' lang='grc' dir='ltr'>περὶ</span> <span class='ocrx_word' id='word_1_449' title='bbox 1491 3025 1592 3096; x_wconf 83' lang='grc' dir='ltr'><strong>τῆς</strong></span> <span class='ocrx_word' id='word_1_450' title='bbox 1629 3026 1827 3096; x_wconf 83' lang='grc' dir='ltr'>νίψεως</span> 
     </span>
    </p>
   </div>
   <div class='ocr_carea' id='block_1_50' title="bbox 232 3101 1827 3184">
    <p class='ocr_par' dir='ltr' id='par_1_50' title="bbox 232 3101 1827 3184">
     <span class='ocr_line' id='line_1_50' title="bbox 232 3101 1827 3184; baseline 0.01 -30"><span class='ocrx_word' id='word_1_451' title='bbox 232 3101 349 3155; x_wconf 83' lang='grc' dir='ltr'><strong>τῶν</strong></span> <span class='ocrx_word' id='word_1_452' title='bbox 378 3103 574 3168; x_wconf 82' lang='grc' dir='ltr'>ποδῶν,</span> <span class='ocrx_word' id='word_1_453' title='bbox 609 3106 697 3158; x_wconf 78' lang='grc' dir='ltr'><strong>ἐπ’</strong></span> <span class='ocrx_word' id='word_1_454' title='bbox 743 3108 958 3178; x_wconf 77' lang='grc' dir='ltr'>ἐκείνην</span> <span class='ocrx_word' id='word_1_455' title='bbox 999 3108 1100 3180; x_wconf 76' lang='grc' dir='ltr'>τὴν</span> <span class='ocrx_word' id='word_1_456' title='bbox 1145 3110 1426 3184; x_wconf 72' lang='grc' dir='ltr'>ἀναφορὰν</span> <span class='ocrx_word' id='word_1_457' title='bbox 1475 3112 1611 3184; x_wconf 77' lang='grc' dir='ltr'>ἔχει.</span> <span class='ocrx_word' id='word_1_458' title='bbox 1659 3113 1743 3169; x_wconf 83' lang='grc' dir='ltr'><strong>Τὰ</strong></span> <span class='ocrx_word' id='word_1_459' title='bbox 1769 3117 1827 3170; x_wconf 80' lang='grc' dir='ltr'>δὲ</span> 
     </span>
    </p>
   </div>
   <div class='ocr_carea' id='block_1_51' title="bbox 236 3195 1826 3278">
    <p class='ocr_par' dir='ltr' id='par_1_51' title="bbox 236 3195 1826 3278">
     <span class='ocr_line' id='line_1_51' title="bbox 236 3195 1826 3278; baseline 0.009 -32"><span class='ocrx_word' id='word_1_460' title='bbox 236 3198 383 3250; x_wconf 82' lang='grc' dir='ltr'>κατὰ</span> <span class='ocrx_word' id='word_1_461' title='bbox 413 3195 505 3249; x_wconf 80' lang='grc' dir='ltr'>τὸν</span> <span class='ocrx_word' id='word_1_462' title='bbox 542 3197 705 3250; x_wconf 81' lang='grc' dir='ltr'>τόπον</span> <span class='ocrx_word' id='word_1_463' title='bbox 744 3198 1061 3270; x_wconf 87' lang='grc' dir='ltr'>μαθήματα,</span> <span class='ocrx_word' id='word_1_464' title='bbox 1113 3201 1230 3266; x_wconf 82' lang='grc' dir='ltr'><strong>πῶς</strong></span> <span class='ocrx_word' id='word_1_465' title='bbox 1279 3220 1338 3256; x_wconf 86' lang='grc' dir='ltr'><strong>τε</strong></span> <span class='ocrx_word' id='word_1_466' title='bbox 1379 3205 1536 3268; x_wconf 80' lang='grc' dir='ltr'>πόδες</span> <span class='ocrx_word' id='word_1_467' title='bbox 1570 3205 1826 3278; x_wconf 77' lang='grc' dir='ltr'>μαθητῶν</span> 
     </span>
    </p>
   </div>
   <div class='ocr_carea' id='block_1_52' title="bbox 243 3285 1825 3370">
    <p class='ocr_par' dir='ltr' id='par_1_52' title="bbox 243 3285 1825 3370">
     <span class='ocr_line' id='line_1_52' title="bbox 243 3285 1825 3370; baseline 0.009 -32"><span class='ocrx_word' id='word_1_468' title='bbox 243 3285 585 3356; x_wconf 75' lang='grc' dir='ltr'>μολόνονται,</span> <span class='ocrx_word' id='word_1_469' title='bbox 625 3289 729 3360; x_wconf 71' lang='grc' dir='ltr'>ήδη</span> <span class='ocrx_word' id='word_1_470' title='bbox 758 3290 1129 3362; x_wconf 83' lang='grc' dir='ltr'>λουσαμένων,</span> <span class='ocrx_word' id='word_1_471' title='bbox 1171 3295 1267 3348; x_wconf 77' lang='grc' dir='ltr'>καὶ</span> <span class='ocrx_word' id='word_1_472' title='bbox 1300 3296 1424 3350; x_wconf 87' lang='grc' dir='ltr'>τίνα</span> <span class='ocrx_word' id='word_1_473' title='bbox 1450 3298 1653 3370; x_wconf 80' lang='grc' dir='ltr'>τρόπον</span> <span class='ocrx_word' id='word_1_474' title='bbox 1689 3299 1825 3353; x_wconf 78' lang='grc' dir='ltr'>πλύ-</span> 
     </span>
    </p>
   </div>
   <div class='ocr_carea' id='block_1_53' title="bbox 146 3380 1825 3456">
    <p class='ocr_par' dir='ltr' id='par_1_53' title="bbox 146 3380 1825 3456">
     <span class='ocr_line' id='line_1_53' title="bbox 146 3380 1825 3456; baseline 0.013 -31"><span class='ocrx_word' id='word_1_475' title='bbox 146 3423 148 3425; x_wconf 74' lang='lat'><strong>.</strong></span> <span class='ocrx_word' id='word_1_476' title='bbox 241 3395 443 3443; x_wconf 81' lang='grc' dir='ltr'>νονται,</span> <span class='ocrx_word' id='word_1_477' title='bbox 476 3380 671 3434; x_wconf 79' lang='grc' dir='ltr'>εἰδέναι</span> <span class='ocrx_word' id='word_1_478' title='bbox 693 3382 767 3446; x_wconf 83' lang='grc' dir='ltr'>ὡς</span> <span class='ocrx_word' id='word_1_479' title='bbox 813 3385 841 3437; x_wconf 87' lang='grc' dir='ltr'><strong>ό</strong></span> <span class='ocrx_word' id='word_1_480' title='bbox 873 3384 1046 3452; x_wconf 84' lang='grc' dir='ltr'>Λόγος</span> <span class='ocrx_word' id='word_1_481' title='bbox 1081 3385 1349 3454; x_wconf 77' lang='grc' dir='ltr'>βούλεται,</span> <span class='ocrx_word' id='word_1_482' title='bbox 1397 3390 1492 3443; x_wconf 75' lang='grc' dir='ltr'>καὶ</span> <span class='ocrx_word' id='word_1_483' title='bbox 1530 3394 1703 3445; x_wconf 84' lang='grc' dir='ltr'>ποιεῖν</span> <span class='ocrx_word' id='word_1_484' title='bbox 1746 3392 1825 3456; x_wconf 81' lang='grc' dir='ltr'>ὡς</span> 
     </span>
    </p>
   </div>
   <div class='ocr_carea' id='block_1_54' title="bbox 242 3471 1823 3554">
    <p class='ocr_par' dir='ltr' id='par_1_54' title="bbox 242 3471 1823 3554">
     <span class='ocr_line' id='line_1_54' title="bbox 242 3471 1823 3554; baseline 0.008 -30"><span class='ocrx_word' id='word_1_485' title='bbox 242 3471 387 3525; x_wconf 72' lang='grc' dir='ltr'>θέλει</span> <span class='ocrx_word' id='word_1_486' title='bbox 407 3474 436 3526; x_wconf 84' lang='grc' dir='ltr'><strong>ό</strong></span> <span class='ocrx_word' id='word_1_487' title='bbox 479 3473 708 3544; x_wconf 82' lang='grc' dir='ltr'>Ἰησοῦς,</span> <span class='ocrx_word' id='word_1_488' title='bbox 739 3475 956 3548; x_wconf 82' lang='grc' dir='ltr'>ἀληθῶς</span> <span class='ocrx_word' id='word_1_489' title='bbox 989 3479 1276 3551; x_wconf 88' lang='grc' dir='ltr'>μακαρίων</span> <span class='ocrx_word' id='word_1_490' title='bbox 1299 3481 1449 3534; x_wconf 75' lang='grc' dir='ltr'>ἐστὶν</span> <span class='ocrx_word' id='word_1_491' title='bbox 1475 3483 1686 3554; x_wconf 71' lang='grc' dir='ltr'>ἀνδρῶν</span> <span class='ocrx_word' id='word_1_492' title='bbox 1710 3482 1823 3554; x_wconf 65' lang='lat'><strong>(&#39;59)</strong></span> 
     </span>
    </p>
   </div>
   <div class='ocr_carea' id='block_1_55' title="bbox 241 3562 1822 3644">
    <p class='ocr_par' dir='ltr' id='par_1_55' title="bbox 241 3562 1822 3644">
     <span class='ocr_line' id='line_1_55' title="bbox 241 3562 1822 3644; baseline 0.009 -29"><span class='ocrx_word' id='word_1_493' title='bbox 241 3562 434 3634; x_wconf 70' lang='grc' dir='ltr'>ιργον·</span> <span class='ocrx_word' id='word_1_494' title='bbox 469 3566 530 3618; x_wconf 73' lang='grc' dir='ltr'>οὐ</span> <span class='ocrx_word' id='word_1_495' title='bbox 563 3566 674 3637; x_wconf 67' lang='grc' dir='ltr'><strong>γὰρ</strong></span> <span class='ocrx_word' id='word_1_496' title='bbox 709 3567 770 3620; x_wconf 84' lang='grc' dir='ltr'><strong>τὺ</strong></span> <span class='ocrx_word' id='word_1_497' title='bbox 805 3568 1124 3640; x_wconf 87' lang='grc' dir='ltr'>τηλικοῦτον</span> <span class='ocrx_word' id='word_1_498' title='bbox 1162 3573 1352 3644; x_wconf 79' lang='grc' dir='ltr'>ὄνομα,</span> <span class='ocrx_word' id='word_1_499' title='bbox 1394 3575 1456 3628; x_wconf 81' lang='grc' dir='ltr'>τὸ</span> <span class='ocrx_word' id='word_1_500' title='bbox 1499 3575 1822 3644; x_wconf 79' lang='grc' dir='ltr'>μακάριον,</span> 
     </span>
    </p>
   </div>
   <div class='ocr_carea' id='block_1_56' title="bbox 246 3653 1824 3736">
    <p class='ocr_par' dir='ltr' id='par_1_56' title="bbox 246 3653 1824 3736">
     <span class='ocr_line' id='line_1_56' title="bbox 246 3653 1824 3736; baseline 0.008 -30"><span class='ocrx_word' id='word_1_501' title='bbox 246 3653 459 3724; x_wconf 75' lang='grc' dir='ltr'>εὔλογον</span> <span class='ocrx_word' id='word_1_502' title='bbox 485 3656 578 3709; x_wconf 76' lang='grc' dir='ltr'>ἐπὶ</span> <span class='ocrx_word' id='word_1_503' title='bbox 618 3660 730 3722; x_wconf 81' lang='grc' dir='ltr'>τοῖς</span> <span class='ocrx_word' id='word_1_504' title='bbox 757 3660 980 3731; x_wconf 80' lang='grc' dir='ltr'>τυχοῦσι</span> <span class='ocrx_word' id='word_1_505' title='bbox 1028 3663 1201 3734; x_wconf 86' lang='grc' dir='ltr'>φῆσαι</span> <span class='ocrx_word' id='word_1_506' title='bbox 1234 3665 1486 3736; x_wconf 77' lang='grc' dir='ltr'>παρεῖναί</span> <span class='ocrx_word' id='word_1_507' title='bbox 1527 3683 1692 3733; x_wconf 83' lang='grc' dir='ltr'>τισιν,</span> <span class='ocrx_word' id='word_1_508' title='bbox 1737 3667 1824 3736; x_wconf 80' lang='grc' dir='ltr'><strong>ἐφ’</strong></span> 
     </span>
    </p>
   </div>
   <div class='ocr_carea' id='block_1_57' title="bbox 238 3737 1820 3824">
    <p class='ocr_par' dir='ltr' id='par_1_57' title="bbox 238 3737 1820 3824">
     <span class='ocr_line' id='line_1_57' title="bbox 238 3737 1820 3824; baseline 0.009 -27"><span class='ocrx_word' id='word_1_509' title='bbox 238 3737 285 3814; x_wconf 81' lang='grc' dir='ltr'>ᾧ</span> <span class='ocrx_word' id='word_1_510' title='bbox 310 3746 404 3800; x_wconf 72' lang='grc' dir='ltr'>καὶ</span> <span class='ocrx_word' id='word_1_511' title='bbox 425 3747 643 3820; x_wconf 80' lang='grc' dir='ltr'>οἰκέτης</span> <span class='ocrx_word' id='word_1_512' title='bbox 676 3750 744 3805; x_wconf 74' lang='grc' dir='ltr'>ἂν</span> <span class='ocrx_word' id='word_1_513' title='bbox 787 3751 1006 3806; x_wconf 85' lang='grc' dir='ltr'>πλύνων</span> <span class='ocrx_word' id='word_1_514' title='bbox 1033 3755 1161 3818; x_wconf 73' lang='grc' dir='ltr'>τοὺς</span> <span class='ocrx_word' id='word_1_515' title='bbox 1200 3756 1367 3820; x_wconf 82' lang='grc' dir='ltr'>πόδας</span> <span class='ocrx_word' id='word_1_516' title='bbox 1408 3755 1503 3810; x_wconf 90' lang='grc' dir='ltr'><strong>τοῦ</strong></span> <span class='ocrx_word' id='word_1_517' title='bbox 1539 3757 1820 3824; x_wconf 88' lang='grc' dir='ltr'>δεσπότου,</span> 
     </span>
    </p>
   </div>
   <div class='ocr_carea' id='block_1_58' title="bbox 243 3839 1824 3920">
    <p class='ocr_par' dir='ltr' id='par_1_58' title="bbox 243 3839 1824 3920">
     <span class='ocr_line' id='line_1_58' title="bbox 243 3839 1824 3920; baseline 0.01 -29"><span class='ocrx_word' id='word_1_518' title='bbox 243 3839 515 3910; x_wconf 86' lang='grc' dir='ltr'>μακάριος</span> <span class='ocrx_word' id='word_1_519' title='bbox 555 3840 622 3895; x_wconf 79' lang='grc' dir='ltr'>ἂν</span> <span class='ocrx_word' id='word_1_520' title='bbox 659 3844 780 3896; x_wconf 87' lang='grc' dir='ltr'>κατ’</span> <span class='ocrx_word' id='word_1_521' title='bbox 812 3844 945 3898; x_wconf 77' lang='grc' dir='ltr'>αὐτὸ</span> <span class='ocrx_word' id='word_1_522' title='bbox 986 3845 1146 3900; x_wconf 88' lang='grc' dir='ltr'>τοῦτο</span> <span class='ocrx_word' id='word_1_523' title='bbox 1186 3847 1334 3915; x_wconf 83' lang='grc' dir='ltr'>δόξαι</span> <span class='ocrx_word' id='word_1_524' title='bbox 1366 3850 1678 3920; x_wconf 84' lang='grc' dir='ltr'>τυγχάνειν,</span> <span class='ocrx_word' id='word_1_525' title='bbox 1729 3853 1824 3908; x_wconf 76' lang='grc' dir='ltr'>καὶ</span> 
     </span>
    </p>
   </div>
   <div class='ocr_carea' id='block_1_59' title="bbox 239 3929 1822 4015">
    <p class='ocr_par' dir='ltr' id='par_1_59' title="bbox 239 3929 1822 4015">
     <span class='ocr_line' id='line_1_59' title="bbox 239 3929 1822 4015; baseline 0.01 -32"><span class='ocrx_word' id='word_1_526' title='bbox 239 3929 430 3996; x_wconf 78' lang='grc' dir='ltr'>κόλαξ,</span> <span class='ocrx_word' id='word_1_527' title='bbox 489 3933 585 3986; x_wconf 72' lang='grc' dir='ltr'>καὶ</span> <span class='ocrx_word' id='word_1_528' title='bbox 641 3933 976 4006; x_wconf 77' lang='grc' dir='ltr'>ὑποκριτήςο</span> <span class='ocrx_word' id='word_1_529' title='bbox 1031 3936 1060 3990; x_wconf 86' lang='grc' dir='ltr'><strong>δ</strong></span> <span class='ocrx_word' id='word_1_530' title='bbox 1105 3939 1216 4011; x_wconf 79' lang='grc' dir='ltr'><strong>γὰρ</strong></span> <span class='ocrx_word' id='word_1_531' title='bbox 1263 3941 1425 4012; x_wconf 77' lang='grc' dir='ltr'>ἡμεῖς</span> <span class='ocrx_word' id='word_1_532' title='bbox 1476 3943 1822 4015; x_wconf 80' lang='grc' dir='ltr'>ἀποδίδομεν,</span> 
     </span>
    </p>
   </div>
   <div class='ocr_carea' id='block_1_60' title="bbox 241 4021 1826 4102">
    <p class='ocr_par' dir='ltr' id='par_1_60' title="bbox 241 4021 1826 4102">
     <span class='ocr_line' id='line_1_60' title="bbox 241 4021 1826 4102; baseline 0.009 -28"><span class='ocrx_word' id='word_1_533' title='bbox 241 4021 452 4075; x_wconf 83' lang='grc' dir='ltr'>νίπτειν</span> <span class='ocrx_word' id='word_1_534' title='bbox 484 4024 610 4088; x_wconf 73' lang='grc' dir='ltr'>τοὺς</span> <span class='ocrx_word' id='word_1_535' title='bbox 645 4025 814 4089; x_wconf 86' lang='grc' dir='ltr'>πόδας</span> <span class='ocrx_word' id='word_1_536' title='bbox 850 4027 1107 4099; x_wconf 81' lang='grc' dir='ltr'>μαθητῶν</span> <span class='ocrx_word' id='word_1_537' title='bbox 1157 4031 1352 4101; x_wconf 81' lang='grc' dir='ltr'>Ἰησοῦ,</span> <span class='ocrx_word' id='word_1_538' title='bbox 1393 4032 1634 4102; x_wconf 83' lang='grc' dir='ltr'>μεγάλου</span> <span class='ocrx_word' id='word_1_539' title='bbox 1677 4035 1826 4099; x_wconf 88' lang='grc' dir='ltr'>τινός</span> 
     </span>
    </p>
   </div>
   <div class='ocr_carea' id='block_1_61' title="bbox 244 4114 1823 4192">
    <p class='ocr_par' dir='ltr' id='par_1_61' title="bbox 244 4114 1823 4192">
     <span class='ocr_line' id='line_1_61' title="bbox 244 4114 1823 4192; baseline 0.009 -27"><span class='ocrx_word' id='word_1_540' title='bbox 244 4115 381 4177; x_wconf 68' lang='grc' dir='ltr'>ἐστι,</span> <span class='ocrx_word' id='word_1_541' title='bbox 417 4114 510 4168; x_wconf 78' lang='grc' dir='ltr'>καὶ</span> <span class='ocrx_word' id='word_1_542' title='bbox 553 4115 760 4187; x_wconf 82' lang='grc' dir='ltr'>Ἰησοῦν</span> <span class='ocrx_word' id='word_1_543' title='bbox 791 4119 850 4172; x_wconf 80' lang='grc' dir='ltr'>ὲν</span> <span class='ocrx_word' id='word_1_544' title='bbox 874 4119 1054 4190; x_wconf 75' lang='grc' dir='ltr'>ἑαυτῷ</span> <span class='ocrx_word' id='word_1_545' title='bbox 1095 4120 1332 4192; x_wconf 72' lang='grc' dir='ltr'>ἔχοντος,</span> <span class='ocrx_word' id='word_1_546' title='bbox 1361 4125 1456 4177; x_wconf 75' lang='grc' dir='ltr'>καὶ</span> <span class='ocrx_word' id='word_1_547' title='bbox 1484 4124 1823 4191; x_wconf 79' lang='grc' dir='ltr'>ἁπαξαπλῶς</span> 
     </span>
    </p>
   </div>
   <div class='ocr_carea' id='block_1_62' title="bbox 249 4203 1824 4285">
    <p class='ocr_par' dir='ltr' id='par_1_62' title="bbox 249 4203 1824 4285">
     <span class='ocr_line' id='line_1_62' title="bbox 249 4203 1824 4285; baseline 0.008 -31"><span class='ocrx_word' id='word_1_548' title='bbox 249 4203 538 4274; x_wconf 85' lang='grc' dir='ltr'>μακαρίου.</span> <span class='ocrx_word' id='word_1_549' title='bbox 571 4205 691 4277; x_wconf 82' lang='grc' dir='ltr'><strong>Χρὴ</strong></span> <span class='ocrx_word' id='word_1_550' title='bbox 721 4205 780 4260; x_wconf 79' lang='grc' dir='ltr'>δὲ</span> <span class='ocrx_word' id='word_1_551' title='bbox 816 4207 1016 4263; x_wconf 79' lang='grc' dir='ltr'>εἰδέναι</span> <span class='ocrx_word' id='word_1_552' title='bbox 1045 4209 1226 4278; x_wconf 89' lang='grc' dir='ltr'>τοῦτο,</span> <span class='ocrx_word' id='word_1_553' title='bbox 1264 4211 1347 4266; x_wconf 83' lang='grc' dir='ltr'>ὅτι</span> <span class='ocrx_word' id='word_1_554' title='bbox 1386 4213 1824 4285; x_wconf 72' lang='grc' dir='ltr'>παράκειταιιτῷ</span> 
     </span>
    </p>
   </div>
   <div class='ocr_carea' id='block_1_63' title="bbox 251 4293 1821 4372">
    <p class='ocr_par' dir='ltr' id='par_1_63' title="bbox 251 4293 1821 4372">
     <span class='ocr_line' id='line_1_63' title="bbox 251 4293 1821 4372; baseline 0.008 -26"><span class='ocrx_word' id='word_1_555' title='bbox 251 4293 395 4367; x_wconf 77' lang='grc' dir='ltr'>ῥητῷ</span> <span class='ocrx_word' id='word_1_556' title='bbox 431 4295 605 4368; x_wconf 78' lang='grc' dir='ltr'>τούτῳ</span> <span class='ocrx_word' id='word_1_557' title='bbox 642 4297 823 4368; x_wconf 82' lang='grc' dir='ltr'>ὅμοια,</span> <span class='ocrx_word' id='word_1_558' title='bbox 862 4300 920 4352; x_wconf 77' lang='grc' dir='ltr'>ὲν</span> <span class='ocrx_word' id='word_1_559' title='bbox 966 4300 1064 4370; x_wconf 84' lang='grc' dir='ltr'>μὲν</span> <span class='ocrx_word' id='word_1_560' title='bbox 1101 4300 1178 4372; x_wconf 84' lang='grc' dir='ltr'><strong>τῷ</strong></span> <span class='ocrx_word' id='word_1_561' title='bbox 1216 4302 1357 4357; x_wconf 81' lang='grc' dir='ltr'>κατὰ</span> <span class='ocrx_word' id='word_1_562' title='bbox 1409 4303 1688 4359; x_wconf 83' lang='grc' dir='ltr'>Ματθαϊον</span> <span class='ocrx_word' id='word_1_563' title='bbox 1725 4304 1788 4358; x_wconf 91' lang='grc' dir='ltr'><strong>τό</strong></span> <span class='ocrx_word' id='word_1_564' title='bbox 1807 4322 1821 4336; x_wconf 92' lang='grc'><strong>·</strong></span> 
     </span>
    </p>
   </div>
   <div class='ocr_carea' id='block_1_64' title="bbox 255 4386 1823 4464">
    <p class='ocr_par' dir='ltr' id='par_1_64' title="bbox 255 4386 1823 4464">
     <span class='ocr_line' id='line_1_64' title="bbox 255 4386 1823 4464; baseline 0.009 -28"><span class='ocrx_word' id='word_1_565' title='bbox 255 4403 276 4436; x_wconf 88' lang='grc' dir='ltr'><strong>ι</strong></span> <span class='ocrx_word' id='word_1_566' title='bbox 320 4386 432 4439; x_wconf 73' lang='grc' dir='ltr'><strong>Οὐκ</strong></span> <span class='ocrx_word' id='word_1_567' title='bbox 483 4386 598 4441; x_wconf 81' lang='grc' dir='ltr'>ἐστι</span> <span class='ocrx_word' id='word_1_568' title='bbox 649 4389 897 4461; x_wconf 74' lang='grc' dir='ltr'>μαθητὴς</span> <span class='ocrx_word' id='word_1_569' title='bbox 949 4391 1095 4464; x_wconf 81' lang='grc' dir='ltr'>ὑπὲρ</span> <span class='ocrx_word' id='word_1_570' title='bbox 1150 4394 1239 4449; x_wconf 81' lang='grc' dir='ltr'><strong>τὸν</strong></span> <span class='ocrx_word' id='word_1_571' title='bbox 1290 4394 1642 4461; x_wconf 79' lang='grc' dir='ltr'>διδάσκαλον,</span> <span class='ocrx_word' id='word_1_572' title='bbox 1700 4397 1823 4452; x_wconf 82' lang='grc' dir='ltr'>οὐδὲ</span> 
     </span>
    </p>
   </div>
   <div class='ocr_carea' id='block_1_65' title="bbox 249 4475 1821 4562">
    <p class='ocr_par' dir='ltr' id='par_1_65' title="bbox 249 4475 1821 4562">
     <span class='ocr_line' id='line_1_65' title="bbox 249 4475 1821 4562; baseline 0.01 -34"><span class='ocrx_word' id='word_1_573' title='bbox 249 4475 427 4542; x_wconf 83' lang='grc' dir='ltr'>δοῦλος</span> <span class='ocrx_word' id='word_1_574' title='bbox 469 4479 608 4551; x_wconf 75' lang='grc' dir='ltr'>ὑπὲρ</span> <span class='ocrx_word' id='word_1_575' title='bbox 639 4479 732 4534; x_wconf 84' lang='grc' dir='ltr'>τὸν</span> <span class='ocrx_word' id='word_1_576' title='bbox 775 4481 963 4552; x_wconf 84' lang='grc' dir='ltr'>κύριον</span> <span class='ocrx_word' id='word_1_577' title='bbox 998 4483 1196 4537; x_wconf 84' lang='grc' dir='ltr'>αὐτοῦ·</span> <span class='ocrx_word' id='word_1_578' title='bbox 1231 4486 1460 4557; x_wconf 71' lang='grc' dir='ltr'>ἀρκετὸν</span> <span class='ocrx_word' id='word_1_579' title='bbox 1491 4487 1570 4559; x_wconf 84' lang='grc' dir='ltr'><strong>τῷ</strong></span> <span class='ocrx_word' id='word_1_580' title='bbox 1606 4489 1821 4562; x_wconf 84' lang='grc' dir='ltr'>μαθητῇ</span> 
     </span>
    </p>
   </div>
   <div class='ocr_carea' id='block_1_66' title="bbox 255 4567 1824 4645">
    <p class='ocr_par' dir='ltr' id='par_1_66' title="bbox 255 4567 1824 4645">
     <span class='ocr_line' id='line_1_66' title="bbox 255 4567 1824 4645; baseline 0.01 -26"><span class='ocrx_word' id='word_1_581' title='bbox 255 4567 334 4620; x_wconf 84' lang='grc' dir='ltr'>ἵνα</span> <span class='ocrx_word' id='word_1_582' title='bbox 364 4569 588 4640; x_wconf 79' lang='grc' dir='ltr'>γένηται</span> <span class='ocrx_word' id='word_1_583' title='bbox 615 4570 692 4635; x_wconf 84' lang='grc' dir='ltr'><strong>ὡς</strong></span> <span class='ocrx_word' id='word_1_584' title='bbox 722 4573 751 4626; x_wconf 85' lang='grc' dir='ltr'>ὁ</span> <span class='ocrx_word' id='word_1_585' title='bbox 783 4572 1100 4638; x_wconf 80' lang='grc' dir='ltr'>διδάσκαλος</span> <span class='ocrx_word' id='word_1_586' title='bbox 1130 4576 1318 4641; x_wconf 81' lang='grc' dir='ltr'>αὐτοῦ,</span> <span class='ocrx_word' id='word_1_587' title='bbox 1354 4577 1448 4631; x_wconf 73' lang='grc' dir='ltr'>καὶ</span> <span class='ocrx_word' id='word_1_588' title='bbox 1475 4579 1504 4631; x_wconf 90' lang='grc' dir='ltr'><strong>ό</strong></span> <span class='ocrx_word' id='word_1_589' title='bbox 1535 4578 1721 4644; x_wconf 88' lang='grc' dir='ltr'>δοῦλος</span> <span class='ocrx_word' id='word_1_590' title='bbox 1748 4581 1824 4645; x_wconf 79' lang='grc' dir='ltr'>ὡς</span> 
     </span>
    </p>
   </div>
   <div class='ocr_carea' id='block_1_67' title="bbox 254 4660 1825 4738">
    <p class='ocr_par' dir='ltr' id='par_1_67' title="bbox 254 4660 1825 4738">
     <span class='ocr_line' id='line_1_67' title="bbox 254 4660 1825 4738; baseline 0.011 -27"><span class='ocrx_word' id='word_1_591' title='bbox 254 4660 281 4712; x_wconf 85' lang='grc' dir='ltr'><strong>ὸ</strong></span> <span class='ocrx_word' id='word_1_592' title='bbox 315 4660 499 4731; x_wconf 74' lang='grc' dir='ltr'>κύριος</span> <span class='ocrx_word' id='word_1_593' title='bbox 537 4663 701 4717; x_wconf 82' lang='grc' dir='ltr'>αὐτοῦ</span> <span class='ocrx_word' id='word_1_594' title='bbox 722 4679 737 4696; x_wconf 93' lang='grc'><strong>·</strong></span> <span class='ocrx_word' id='word_1_595' title='bbox 779 4685 797 4717; x_wconf 81' lang='grc' dir='ltr'><strong>ι</strong></span> <span class='ocrx_word' id='word_1_596' title='bbox 837 4667 896 4720; x_wconf 79' lang='grc' dir='ltr'>ὲν</span> <span class='ocrx_word' id='word_1_597' title='bbox 923 4666 980 4720; x_wconf 79' lang='grc' dir='ltr'>δὲ</span> <span class='ocrx_word' id='word_1_598' title='bbox 1005 4665 1083 4738; x_wconf 82' lang='grc' dir='ltr'>τῷ</span> <span class='ocrx_word' id='word_1_599' title='bbox 1104 4667 1244 4722; x_wconf 83' lang='grc' dir='ltr'>κατὰ</span> <span class='ocrx_word' id='word_1_600' title='bbox 1283 4670 1496 4724; x_wconf 81' lang='grc' dir='ltr'>Λουκᾶν</span> <span class='ocrx_word' id='word_1_601' title='bbox 1526 4672 1618 4726; x_wconf 80' lang='grc' dir='ltr'>τό’</span> <span class='ocrx_word' id='word_1_602' title='bbox 1659 4691 1678 4725; x_wconf 87' lang='grc' dir='ltr'><strong>ι</strong></span> <span class='ocrx_word' id='word_1_603' title='bbox 1711 4673 1825 4728; x_wconf 80' lang='grc' dir='ltr'><strong>Οὐκ</strong></span> 
     </span>
    </p>
   </div>
   <div class='ocr_carea' id='block_1_68' title="bbox 255 4752 1824 4836">
    <p class='ocr_par' dir='ltr' id='par_1_68' title="bbox 255 4752 1824 4836">
     <span class='ocr_line' id='line_1_68' title="bbox 255 4752 1824 4836; baseline 0.008 -30"><span class='ocrx_word' id='word_1_604' title='bbox 255 4752 362 4806; x_wconf 77' lang='grc' dir='ltr'>ἔστι</span> <span class='ocrx_word' id='word_1_605' title='bbox 397 4753 642 4827; x_wconf 83' lang='grc' dir='ltr'>μαθητὴς</span> <span class='ocrx_word' id='word_1_606' title='bbox 671 4756 812 4829; x_wconf 82' lang='grc' dir='ltr'>ὑπὲρ</span> <span class='ocrx_word' id='word_1_607' title='bbox 855 4758 948 4812; x_wconf 84' lang='grc' dir='ltr'>τὸν</span> <span class='ocrx_word' id='word_1_608' title='bbox 989 4759 1336 4814; x_wconf 82' lang='grc' dir='ltr'>διδάσκαλον·</span> <span class='ocrx_word' id='word_1_609' title='bbox 1392 4765 1824 4836; x_wconf 82' lang='grc' dir='ltr'>κατηρτισμένος</span> 
     </span>
    </p>
   </div>
   <div class='ocr_carea' id='block_1_69' title="bbox 1937 2468 3522 2538">
    <p class='ocr_par' dir='ltr' id='par_1_69' title="bbox 1937 2468 3522 2538">
     <span class='ocr_line' id='line_1_69' title="bbox 1937 2468 3522 2538; baseline 0.001 -15"><span class='ocrx_word' id='word_1_610' title='bbox 1937 2469 2058 2524; x_wconf 85' lang='lat' dir='ltr'><strong>ritis</strong></span> <span class='ocrx_word' id='word_1_611' title='bbox 2086 2485 2173 2525; x_wconf 90' lang='lat' dir='ltr'><strong>ea.</strong></span> <span class='ocrx_word' id='word_1_612' title='bbox 2201 2469 2315 2525; x_wconf 82' lang='lat' dir='ltr'><strong>Non</strong></span> <span class='ocrx_word' id='word_1_613' title='bbox 2369 2469 2437 2524; x_wconf 90' lang='lat' dir='ltr'><strong>de</strong></span> <span class='ocrx_word' id='word_1_614' title='bbox 2473 2469 2731 2524; x_wconf 85' lang='lat' dir='ltr'><strong>omnibus</strong></span> <span class='ocrx_word' id='word_1_615' title='bbox 2783 2468 2939 2523; x_wconf 87' lang='lat' dir='ltr'><strong>vobis</strong></span> <span class='ocrx_word' id='word_1_616' title='bbox 2972 2468 3209 2537; x_wconf 86' lang='lat' dir='ltr'><strong>loquor:</strong></span> <span class='ocrx_word' id='word_1_617' title='bbox 3251 2484 3352 2538; x_wconf 79' lang='lat' dir='ltr'><strong>ego</strong></span> <span class='ocrx_word' id='word_1_618' title='bbox 3403 2473 3522 2524; x_wconf 74' lang='lat' dir='ltr'><strong>seio</strong></span> 
     </span>
    </p>
   </div>
   <div class='ocr_carea' id='block_1_70' title="bbox 1937 2560 3521 2634">
    <p class='ocr_par' dir='ltr' id='par_1_70' title="bbox 1937 2560 3521 2634">
     <span class='ocr_line' id='line_1_70' title="bbox 1937 2560 3521 2634; baseline -0.001 -18"><span class='ocrx_word' id='word_1_619' title='bbox 1937 2577 2074 2634; x_wconf 90' lang='lat' dir='ltr'><strong>quos</strong></span> <span class='ocrx_word' id='word_1_620' title='bbox 2110 2562 2404 2632; x_wconf 83' lang='lat' dir='ltr'><strong>elegerim;</strong></span> <span class='ocrx_word' id='word_1_621' title='bbox 2434 2563 2528 2618; x_wconf 86' lang='lat' dir='ltr'><strong>sed</strong></span> <span class='ocrx_word' id='word_1_622' title='bbox 2582 2571 2644 2617; x_wconf 85' lang='lat' dir='ltr'><strong>ut</strong></span> <span class='ocrx_word' id='word_1_623' title='bbox 2691 2560 3015 2630; x_wconf 84' lang='lat' dir='ltr'><strong>impleretur</strong></span> <span class='ocrx_word' id='word_1_624' title='bbox 3059 2561 3339 2632; x_wconf 83' lang='lat' dir='ltr'><strong>Scriptura</strong></span> <span class='ocrx_word' id='word_1_625' title='bbox 3377 2562 3521 2628; x_wconf 86' lang='lat' dir='ltr'><strong>:Qui</strong></span> 
     </span>
    </p>
   </div>
   <div class='ocr_carea' id='block_1_71' title="bbox 1935 2652 3520 2724">
    <p class='ocr_par' dir='ltr' id='par_1_71' title="bbox 1935 2652 3520 2724">
     <span class='ocr_line' id='line_1_71' title="bbox 1935 2652 3520 2724; baseline -0.002 -14"><span class='ocrx_word' id='word_1_626' title='bbox 1935 2656 2048 2710; x_wconf 88' lang='lat' dir='ltr'><strong>edit</strong></span> <span class='ocrx_word' id='word_1_627' title='bbox 2073 2670 2251 2712; x_wconf 90' lang='lat' dir='ltr'><strong>meum</strong></span> <span class='ocrx_word' id='word_1_628' title='bbox 2280 2669 2499 2724; x_wconf 87' lang='lat' dir='ltr'><strong>panem,</strong></span> <span class='ocrx_word' id='word_1_629' title='bbox 2525 2652 2745 2709; x_wconf 83' lang='lat' dir='ltr'><strong>sustulit</strong></span> <span class='ocrx_word' id='word_1_630' title='bbox 2763 2652 3053 2706; x_wconf 86' lang='lat' dir='ltr'><strong>adversum</strong></span> <span class='ocrx_word' id='word_1_631' title='bbox 3080 2665 3169 2705; x_wconf 88' lang='lat' dir='ltr'><strong>me</strong></span> <span class='ocrx_word' id='word_1_632' title='bbox 3203 2654 3520 2708; x_wconf 85' lang='lat' dir='ltr'><strong>calcancum</strong></span> 
     </span>
    </p>
   </div>
   <div class='ocr_carea' id='block_1_72' title="bbox 1934 2742 3522 2821">
    <p class='ocr_par' dir='ltr' id='par_1_72' title="bbox 1934 2742 3522 2821">
     <span class='ocr_line' id='line_1_72' title="bbox 1934 2742 3522 2821; baseline -0.004 -16"><span class='ocrx_word' id='word_1_633' title='bbox 1934 2763 2096 2806; x_wconf 84' lang='lat' dir='ltr'><strong>suum</strong></span> <span class='ocrx_word' id='word_1_634' title='bbox 2116 2746 2384 2821; x_wconf 55' lang='grc' dir='ltr'><strong>’τμηθῇ</strong></span> <span class='ocrx_word' id='word_1_635' title='bbox 2399 2746 2589 2801; x_wconf 81' lang='lat' dir='ltr'><strong>Adhuc</strong></span> <span class='ocrx_word' id='word_1_636' title='bbox 2617 2754 2674 2800; x_wconf 91' lang='lat' dir='ltr'><strong>et</strong></span> <span class='ocrx_word' id='word_1_637' title='bbox 2702 2745 2819 2799; x_wconf 68' lang='lat' dir='ltr'><strong>haec</strong></span> <span class='ocrx_word' id='word_1_638' title='bbox 2851 2742 3131 2799; x_wconf 63' lang='lat' dir='ltr'><strong>cohaerere</strong></span> <span class='ocrx_word' id='word_1_639' title='bbox 3167 2743 3297 2798; x_wconf 89' lang='lat' dir='ltr'><strong>mihi</strong></span> <span class='ocrx_word' id='word_1_640' title='bbox 3334 2744 3522 2798; x_wconf 82' lang='lat' dir='ltr'><strong>viden-</strong></span> 
     </span>
    </p>
   </div>
   <div class='ocr_carea' id='block_1_73' title="bbox 1936 2833 3520 2904">
    <p class='ocr_par' dir='ltr' id='par_1_73' title="bbox 1936 2833 3520 2904">
     <span class='ocr_line' id='line_1_73' title="bbox 1936 2833 3520 2904; baseline -0.003 -10"><span class='ocrx_word' id='word_1_641' title='bbox 1936 2847 2048 2904; x_wconf 86' lang='lat' dir='ltr'><strong>tur,</strong></span> <span class='ocrx_word' id='word_1_642' title='bbox 2078 2844 2139 2892; x_wconf 90' lang='lat' dir='ltr'><strong>ut</strong></span> <span class='ocrx_word' id='word_1_643' title='bbox 2187 2837 2426 2893; x_wconf 87' lang='lat' dir='ltr'><strong>sciamus</strong></span> <span class='ocrx_word' id='word_1_644' title='bbox 2477 2836 2546 2891; x_wconf 89' lang='lat' dir='ltr'><strong>ad</strong></span> <span class='ocrx_word' id='word_1_645' title='bbox 2579 2849 2759 2892; x_wconf 89' lang='lat' dir='ltr'><strong>mores</strong></span> <span class='ocrx_word' id='word_1_646' title='bbox 2808 2833 3068 2890; x_wconf 89' lang='lat' dir='ltr'><strong>reducere</strong></span> <span class='ocrx_word' id='word_1_647' title='bbox 3101 2849 3226 2904; x_wconf 73' lang='lat' dir='ltr'><strong>qua;</strong></span> <span class='ocrx_word' id='word_1_648' title='bbox 3260 2835 3520 2890; x_wconf 85' lang='lat' dir='ltr'><strong>dicuntur</strong></span> 
     </span>
    </p>
   </div>
   <div class='ocr_carea' id='block_1_74' title="bbox 1932 2923 3520 2998">
    <p class='ocr_par' dir='ltr' id='par_1_74' title="bbox 1932 2923 3520 2998">
     <span class='ocr_line' id='line_1_74' title="bbox 1932 2923 3520 2998; baseline -0.004 -13"><span class='ocrx_word' id='word_1_649' title='bbox 1932 2929 2001 2985; x_wconf 89' lang='lat' dir='ltr'><strong>de</strong></span> <span class='ocrx_word' id='word_1_650' title='bbox 2055 2927 2328 2983; x_wconf 86' lang='lat' dir='ltr'><strong>lavatione</strong></span> <span class='ocrx_word' id='word_1_651' title='bbox 2378 2927 2596 2998; x_wconf 87' lang='lat' dir='ltr'><strong>pedum.</strong></span> <span class='ocrx_word' id='word_1_652' title='bbox 2631 2927 2755 2983; x_wconf 78' lang='lat' dir='ltr'><strong>llaec</strong></span> <span class='ocrx_word' id='word_1_653' title='bbox 2808 2923 2952 2980; x_wconf 88' lang='lat' dir='ltr'><strong>enim</strong></span> <span class='ocrx_word' id='word_1_654' title='bbox 2990 2925 3185 2990; x_wconf 78' lang='lat' dir='ltr'><strong>verba,</strong></span> <span class='ocrx_word' id='word_1_655' title='bbox 3249 2945 3268 2977; x_wconf 82' lang='grc' dir='ltr'><strong>ι</strong></span> <span class='ocrx_word' id='word_1_656' title='bbox 3304 2926 3359 2981; x_wconf 88' lang='lat' dir='ltr'><strong>Si</strong></span> <span class='ocrx_word' id='word_1_657' title='bbox 3403 2925 3520 2981; x_wconf 65' lang='lat' dir='ltr'><strong>han:</strong></span> 
     </span>
    </p>
   </div>
   <div class='ocr_carea' id='block_1_75' title="bbox 1932 3017 3521 3088">
    <p class='ocr_par' dir='ltr' id='par_1_75' title="bbox 1932 3017 3521 3088">
     <span class='ocr_line' id='line_1_75' title="bbox 1932 3017 3521 3088; baseline -0.006 -9"><span class='ocrx_word' id='word_1_658' title='bbox 1932 3022 2186 3088; x_wconf 86' lang='lat' dir='ltr'><strong>novistis,</strong></span> <span class='ocrx_word' id='word_1_659' title='bbox 2227 3019 2369 3075; x_wconf 88' lang='lat' dir='ltr'><strong>beati</strong></span> <span class='ocrx_word' id='word_1_660' title='bbox 2413 3021 2567 3086; x_wconf 88' lang='lat' dir='ltr'><strong>estis,</strong></span> <span class='ocrx_word' id='word_1_661' title='bbox 2593 3020 2638 3075; x_wconf 88' lang='lat' dir='ltr'><strong>si</strong></span> <span class='ocrx_word' id='word_1_662' title='bbox 2684 3019 2927 3075; x_wconf 74' lang='lat' dir='ltr'><strong>feceritis</strong></span> <span class='ocrx_word' id='word_1_663' title='bbox 2970 3033 3032 3074; x_wconf 88' lang='lat' dir='ltr'><strong>ea</strong></span> <span class='ocrx_word' id='word_1_664' title='bbox 3062 3018 3128 3082; x_wconf 78' lang='grc'><strong>’⁸,</strong></span> <span class='ocrx_word' id='word_1_665' title='bbox 3164 3036 3184 3070; x_wconf 80' lang='grc' dir='ltr'><strong>ι</strong></span> <span class='ocrx_word' id='word_1_666' title='bbox 3223 3033 3343 3073; x_wconf 88' lang='lat' dir='ltr'><strong>cum</strong></span> <span class='ocrx_word' id='word_1_667' title='bbox 3387 3017 3521 3073; x_wconf 87' lang='lat' dir='ltr'><strong>nihil</strong></span> 
     </span>
    </p>
   </div>
   <div class='ocr_carea' id='block_1_76' title="bbox 1929 3106 3518 3178">
    <p class='ocr_par' dir='ltr' id='par_1_76' title="bbox 1929 3106 3518 3178">
     <span class='ocr_line' id='line_1_76' title="bbox 1929 3106 3518 3178; baseline -0.004 -14"><span class='ocrx_word' id='word_1_668' title='bbox 1929 3117 2091 3164; x_wconf 83' lang='lat' dir='ltr'><strong>antea</strong></span> <span class='ocrx_word' id='word_1_669' title='bbox 2123 3107 2499 3178; x_wconf 64' lang='lat' dir='ltr'><strong>praescriptum</strong></span> <span class='ocrx_word' id='word_1_670' title='bbox 2549 3109 2620 3162; x_wconf 88' lang='lat' dir='ltr'><strong>sit</strong></span> <span class='ocrx_word' id='word_1_671' title='bbox 2660 3106 2806 3177; x_wconf 89' lang='lat' dir='ltr'><strong>quod</strong></span> <span class='ocrx_word' id='word_1_672' title='bbox 2840 3122 3001 3178; x_wconf 82' lang='lat' dir='ltr'><strong>agere</strong></span> <span class='ocrx_word' id='word_1_673' title='bbox 3046 3107 3343 3163; x_wconf 85' lang='lat' dir='ltr'><strong>debeamus</strong></span> <span class='ocrx_word' id='word_1_674' title='bbox 3373 3123 3518 3176; x_wconf 80' lang='lat' dir='ltr'><strong>pra:-</strong></span> 
     </span>
    </p>
   </div>
   <div class='ocr_carea' id='block_1_77' title="bbox 1932 3197 3518 3269">
    <p class='ocr_par' dir='ltr' id='par_1_77' title="bbox 1932 3197 3518 3269">
     <span class='ocr_line' id='line_1_77' title="bbox 1932 3197 3518 3269; baseline -0.001 -16"><span class='ocrx_word' id='word_1_675' title='bbox 1932 3207 2180 3269; x_wconf 82' lang='lat' dir='ltr'><strong>terquam</strong></span> <span class='ocrx_word' id='word_1_676' title='bbox 2216 3200 2283 3254; x_wconf 90' lang='lat' dir='ltr'><strong>de</strong></span> <span class='ocrx_word' id='word_1_677' title='bbox 2325 3199 2528 3256; x_wconf 91' lang='lat' dir='ltr'><strong>lotione</strong></span> <span class='ocrx_word' id='word_1_678' title='bbox 2574 3198 2797 3269; x_wconf 88' lang='lat' dir='ltr'><strong>pedum,</strong></span> <span class='ocrx_word' id='word_1_679' title='bbox 2827 3198 2895 3254; x_wconf 85' lang='lat' dir='ltr'><strong>ad</strong></span> <span class='ocrx_word' id='word_1_680' title='bbox 2939 3197 3027 3254; x_wconf 87' lang='lat' dir='ltr'><strong>illa</strong></span> <span class='ocrx_word' id='word_1_681' title='bbox 3055 3198 3258 3254; x_wconf 82' lang='lat' dir='ltr'><strong>habent</strong></span> <span class='ocrx_word' id='word_1_682' title='bbox 3293 3197 3518 3252; x_wconf 82' lang='lat' dir='ltr'><strong>relatio-</strong></span> 
     </span>
    </p>
   </div>
   <div class='ocr_carea' id='block_1_78' title="bbox 1928 3288 3521 3360">
    <p class='ocr_par' dir='ltr' id='par_1_78' title="bbox 1928 3288 3521 3360">
     <span class='ocr_line' id='line_1_78' title="bbox 1928 3288 3521 3360; baseline -0.004 -12"><span class='ocrx_word' id='word_1_683' title='bbox 1928 3291 2358 3349; x_wconf 73' lang='lat' dir='ltr'><strong>nem.C;eterutn</strong></span> <span class='ocrx_word' id='word_1_684' title='bbox 2392 3292 2676 3360; x_wconf 83' lang='lat' dir='ltr'><strong>praesentis</strong></span> <span class='ocrx_word' id='word_1_685' title='bbox 2699 3289 2802 3346; x_wconf 91' lang='lat' dir='ltr'><strong>loci</strong></span> <span class='ocrx_word' id='word_1_686' title='bbox 2825 3289 3105 3346; x_wconf 87' lang='lat' dir='ltr'><strong>doctrinas</strong></span> <span class='ocrx_word' id='word_1_687' title='bbox 3129 3290 3269 3346; x_wconf 85' lang='lat' dir='ltr'><strong>scire</strong></span> <span class='ocrx_word' id='word_1_688' title='bbox 3295 3298 3353 3343; x_wconf 89' lang='lat' dir='ltr'><strong>ut</strong></span> <span class='ocrx_word' id='word_1_689' title='bbox 3390 3288 3521 3347; x_wconf 71' lang='grc' dir='ltr'>δῦτ-</span> 
     </span>
    </p>
   </div>
   <div class='ocr_carea' id='block_1_79' title="bbox 1928 3381 3514 3450">
    <p class='ocr_par' dir='ltr' id='par_1_79' title="bbox 1928 3381 3514 3450">
     <span class='ocr_line' id='line_1_79' title="bbox 1928 3381 3514 3450; baseline -0.003 -12"><span class='ocrx_word' id='word_1_690' title='bbox 1928 3399 2018 3439; x_wconf 84' lang='grc' dir='ltr'>ιιιο</span> <span class='ocrx_word' id='word_1_691' title='bbox 2063 3383 2199 3450; x_wconf 87' lang='lat' dir='ltr'><strong>vult,</strong></span> <span class='ocrx_word' id='word_1_692' title='bbox 2227 3394 2282 3440; x_wconf 91' lang='lat' dir='ltr'><strong>et</strong></span> <span class='ocrx_word' id='word_1_693' title='bbox 2320 3383 2503 3439; x_wconf 73' lang='lat' dir='ltr'><strong>facere</strong></span> <span class='ocrx_word' id='word_1_694' title='bbox 2555 3391 2615 3440; x_wconf 90' lang='lat' dir='ltr'><strong>ut</strong></span> <span class='ocrx_word' id='word_1_695' title='bbox 2648 3381 2762 3437; x_wconf 85' lang='lat' dir='ltr'><strong>vult</strong></span> <span class='ocrx_word' id='word_1_696' title='bbox 2789 3382 2984 3446; x_wconf 84' lang='lat' dir='ltr'><strong>Jcsus,</strong></span> <span class='ocrx_word' id='word_1_697' title='bbox 3017 3396 3211 3450; x_wconf 85' lang='lat' dir='ltr'><strong>nempe</strong></span> <span class='ocrx_word' id='word_1_698' title='bbox 3237 3383 3514 3450; x_wconf 88' lang='lat' dir='ltr'><strong>quomodo</strong></span> 
     </span>
    </p>
   </div>
   <div class='ocr_carea' id='block_1_80' title="bbox 1928 3471 3515 3544">
    <p class='ocr_par' dir='ltr' id='par_1_80' title="bbox 1928 3471 3515 3544">
     <span class='ocr_line' id='line_1_80' title="bbox 1928 3471 3515 3544; baseline -0.003 -15"><span class='ocrx_word' id='word_1_699' title='bbox 1928 3473 2349 3544; x_wconf 86' lang='lat' dir='ltr'><strong>discipulorum,</strong></span> <span class='ocrx_word' id='word_1_700' title='bbox 2376 3473 2470 3543; x_wconf 91' lang='lat' dir='ltr'><strong>qui</strong></span> <span class='ocrx_word' id='word_1_701' title='bbox 2490 3473 2604 3544; x_wconf 87' lang='lat' dir='ltr'><strong>jam</strong></span> <span class='ocrx_word' id='word_1_702' title='bbox 2645 3471 2918 3536; x_wconf 86' lang='lat' dir='ltr'><strong>laverant,</strong></span> <span class='ocrx_word' id='word_1_703' title='bbox 2943 3473 3109 3542; x_wconf 86' lang='lat' dir='ltr'><strong>pedes</strong></span> <span class='ocrx_word' id='word_1_704' title='bbox 3134 3471 3515 3540; x_wconf 79' lang='lat' dir='ltr'><strong>inquinentur,</strong></span> 
     </span>
    </p>
   </div>
   <div class='ocr_carea' id='block_1_81' title="bbox 1926 3564 3517 3638">
    <p class='ocr_par' dir='ltr' id='par_1_81' title="bbox 1926 3564 3517 3638">
     <span class='ocr_line' id='line_1_81' title="bbox 1926 3564 3517 3638; baseline -0.004 -15"><span class='ocrx_word' id='word_1_705' title='bbox 1926 3577 1982 3623; x_wconf 92' lang='lat' dir='ltr'><strong>et</strong></span> <span class='ocrx_word' id='word_1_706' title='bbox 2014 3583 2248 3638; x_wconf 82' lang='lat' dir='ltr'><strong>quonam</strong></span> <span class='ocrx_word' id='word_1_707' title='bbox 2289 3579 2448 3636; x_wconf 90' lang='lat' dir='ltr'><strong>pacto</strong></span> <span class='ocrx_word' id='word_1_708' title='bbox 2497 3566 2772 3629; x_wconf 85' lang='lat' dir='ltr'><strong>laventur,</strong></span> <span class='ocrx_word' id='word_1_709' title='bbox 2801 3579 2929 3620; x_wconf 88' lang='lat' dir='ltr'><strong>vere</strong></span> <span class='ocrx_word' id='word_1_710' title='bbox 2980 3578 3118 3634; x_wconf 88' lang='lat' dir='ltr'><strong>opus</strong></span> <span class='ocrx_word' id='word_1_711' title='bbox 3160 3573 3244 3618; x_wconf 90' lang='lat' dir='ltr'><strong>est</strong></span> <span class='ocrx_word' id='word_1_712' title='bbox 3275 3564 3517 3616; x_wconf 82' lang='lat' dir='ltr'><strong>virorum</strong></span> 
     </span>
    </p>
   </div>
   <div class='ocr_carea' id='block_1_82' title="bbox 1929 3654 3516 3722">
    <p class='ocr_par' dir='ltr' id='par_1_82' title="bbox 1929 3654 3516 3722">
     <span class='ocr_line' id='line_1_82' title="bbox 1929 3654 3516 3722; baseline -0.007 -9"><span class='ocrx_word' id='word_1_713' title='bbox 1929 3657 2214 3713; x_wconf 89' lang='lat' dir='ltr'><strong>beatorum</strong></span> <span class='ocrx_word' id='word_1_714' title='bbox 2246 3655 2385 3712; x_wconf 89' lang='lat' dir='ltr'><strong>:hoc</strong></span> <span class='ocrx_word' id='word_1_715' title='bbox 2413 3655 2559 3712; x_wconf 89' lang='lat' dir='ltr'><strong>enim</strong></span> <span class='ocrx_word' id='word_1_716' title='bbox 2586 3654 2693 3710; x_wconf 86' lang='lat' dir='ltr'><strong>talo</strong></span> <span class='ocrx_word' id='word_1_717' title='bbox 2718 3661 3039 3722; x_wconf 87' lang='lat' dir='ltr'><strong>tantumque</strong></span> <span class='ocrx_word' id='word_1_718' title='bbox 3062 3665 3280 3712; x_wconf 76' lang='lat' dir='ltr'><strong>nomen.</strong></span> <span class='ocrx_word' id='word_1_719' title='bbox 3302 3663 3516 3719; x_wconf 76' lang='lat' dir='ltr'><strong>netrpe.</strong></span> 
     </span>
    </p>
   </div>
   <div class='ocr_carea' id='block_1_83' title="bbox 1929 3736 3519 3811">
    <p class='ocr_par' dir='ltr' id='par_1_83' title="bbox 1929 3736 3519 3811">
     <span class='ocr_line' id='line_1_83' title="bbox 1929 3736 3519 3811; baseline -0.008 -9"><span class='ocrx_word' id='word_1_720' title='bbox 1929 3749 2139 3803; x_wconf 76' lang='lat' dir='ltr'><strong>beatum</strong></span> <span class='ocrx_word' id='word_1_721' title='bbox 2160 3786 2176 3811; x_wconf 92' lang='lat'><strong>,</strong></span> <span class='ocrx_word' id='word_1_722' title='bbox 2209 3751 2638 3800; x_wconf 86' lang='lat' dir='ltr'><strong>consentaneum</strong></span> <span class='ocrx_word' id='word_1_723' title='bbox 2690 3755 2795 3796; x_wconf 88' lang='lat' dir='ltr'><strong>non</strong></span> <span class='ocrx_word' id='word_1_724' title='bbox 2831 3747 2914 3796; x_wconf 90' lang='lat' dir='ltr'><strong>est</strong></span> <span class='ocrx_word' id='word_1_725' title='bbox 2944 3739 3127 3793; x_wconf 90' lang='lat' dir='ltr'><strong>dicere</strong></span> <span class='ocrx_word' id='word_1_726' title='bbox 3177 3736 3369 3791; x_wconf 89' lang='lat' dir='ltr'><strong>adesse</strong></span> <span class='ocrx_word' id='word_1_727' title='bbox 3398 3737 3519 3805; x_wconf 88' lang='lat' dir='ltr'><strong>qui-</strong></span> 
     </span>
    </p>
   </div>
   <div class='ocr_carea' id='block_1_84' title="bbox 1926 3826 3518 3904">
    <p class='ocr_par' dir='ltr' id='par_1_84' title="bbox 1926 3826 3518 3904">
     <span class='ocr_line' id='line_1_84' title="bbox 1926 3826 3518 3904; baseline -0.01 -8"><span class='ocrx_word' id='word_1_728' title='bbox 1926 3839 2160 3896; x_wconf 87' lang='lat' dir='ltr'><strong>busdam</strong></span> <span class='ocrx_word' id='word_1_729' title='bbox 2187 3834 2543 3904; x_wconf 74' lang='lat' dir='ltr'><strong>vulgaribus;</strong></span> <span class='ocrx_word' id='word_1_730' title='bbox 2572 3831 2710 3888; x_wconf 88' lang='lat' dir='ltr'><strong>adeo</strong></span> <span class='ocrx_word' id='word_1_731' title='bbox 2737 3838 2797 3884; x_wconf 91' lang='lat' dir='ltr'><strong>ut</strong></span> <span class='ocrx_word' id='word_1_732' title='bbox 2825 3829 2908 3884; x_wconf 87' lang='lat' dir='ltr'><strong>vel</strong></span> <span class='ocrx_word' id='word_1_733' title='bbox 2937 3843 3099 3886; x_wconf 83' lang='lat' dir='ltr'><strong>servo</strong></span> <span class='ocrx_word' id='word_1_734' title='bbox 3123 3826 3325 3882; x_wconf 85' lang='lat' dir='ltr'><strong>lavanti</strong></span> <span class='ocrx_word' id='word_1_735' title='bbox 3353 3831 3518 3896; x_wconf 75' lang='lat' dir='ltr'><strong>pedes</strong></span> 
     </span>
    </p>
   </div>
   <div class='ocr_carea' id='block_1_85' title="bbox 1928 3917 3516 3987">
    <p class='ocr_par' dir='ltr' id='par_1_85' title="bbox 1928 3917 3516 3987">
     <span class='ocr_line' id='line_1_85' title="bbox 1928 3917 3516 3987; baseline -0.01 -1"><span class='ocrx_word' id='word_1_736' title='bbox 1928 3929 2134 3987; x_wconf 88' lang='lat' dir='ltr'><strong>domini</strong></span> <span class='ocrx_word' id='word_1_737' title='bbox 2156 3927 2407 3982; x_wconf 88' lang='lat' dir='ltr'><strong>videatur</strong></span> <span class='ocrx_word' id='word_1_738' title='bbox 2423 3925 2566 3980; x_wconf 87' lang='lat' dir='ltr'><strong>hanc</strong></span> <span class='ocrx_word' id='word_1_739' title='bbox 2592 3923 2664 3979; x_wconf 90' lang='lat' dir='ltr'><strong>oh</strong></span> <span class='ocrx_word' id='word_1_740' title='bbox 2682 3934 2904 3976; x_wconf 80' lang='lat' dir='ltr'><strong>causam</strong></span> <span class='ocrx_word' id='word_1_741' title='bbox 2938 3919 3082 3976; x_wconf 87' lang='lat' dir='ltr'><strong>beati</strong></span> <span class='ocrx_word' id='word_1_742' title='bbox 3109 3935 3307 3976; x_wconf 86' lang='lat' dir='ltr'><strong>nomen</strong></span> <span class='ocrx_word' id='word_1_743' title='bbox 3333 3917 3516 3973; x_wconf 82' lang='lat' dir='ltr'><strong>obtin-</strong></span> 
     </span>
    </p>
   </div>
   <div class='ocr_carea' id='block_1_86' title="bbox 1927 4011 3516 4093">
    <p class='ocr_par' dir='ltr' id='par_1_86' title="bbox 1927 4011 3516 4093">
     <span class='ocr_line' id='line_1_86' title="bbox 1927 4011 3516 4093; baseline -0.011 -12"><span class='ocrx_word' id='word_1_744' title='bbox 1927 4037 2078 4093; x_wconf 83' lang='lat' dir='ltr'><strong>gere,</strong></span> <span class='ocrx_word' id='word_1_745' title='bbox 2099 4018 2313 4076; x_wconf 89' lang='lat' dir='ltr'><strong>etiamsi</strong></span> <span class='ocrx_word' id='word_1_746' title='bbox 2329 4015 2583 4072; x_wconf 77' lang='lat' dir='ltr'><strong>adulator</strong></span> <span class='ocrx_word' id='word_1_747' title='bbox 2600 4024 2655 4070; x_wconf 91' lang='lat' dir='ltr'><strong>et</strong></span> <span class='ocrx_word' id='word_1_748' title='bbox 2670 4013 2957 4086; x_wconf 79' lang='lat' dir='ltr'><strong>hypocrita</strong></span> <span class='ocrx_word' id='word_1_749' title='bbox 2974 4011 3156 4078; x_wconf 78' lang='lat' dir='ltr'><strong>fuerit,</strong></span> <span class='ocrx_word' id='word_1_750' title='bbox 3175 4025 3324 4076; x_wconf 89' lang='lat' dir='ltr'><strong>cum,</strong></span> <span class='ocrx_word' id='word_1_751' title='bbox 3341 4018 3399 4063; x_wconf 87' lang='lat' dir='ltr'><strong>ut</strong></span> <span class='ocrx_word' id='word_1_752' title='bbox 3417 4025 3516 4063; x_wconf 79' lang='lat' dir='ltr'><strong>nos</strong></span> 
     </span>
    </p>
   </div>
   <div class='ocr_carea' id='block_1_87' title="bbox 1926 4103 3512 4186">
    <p class='ocr_par' dir='ltr' id='par_1_87' title="bbox 1926 4103 3512 4186">
     <span class='ocr_line' id='line_1_87' title="bbox 1926 4103 3512 4186; baseline -0.009 -14"><span class='ocrx_word' id='word_1_753' title='bbox 1926 4113 2344 4186; x_wconf 80' lang='lat' dir='ltr'><strong>explicavimus,</strong></span> <span class='ocrx_word' id='word_1_754' title='bbox 2373 4109 2556 4166; x_wconf 88' lang='lat' dir='ltr'><strong>lavare</strong></span> <span class='ocrx_word' id='word_1_755' title='bbox 2578 4106 2745 4179; x_wconf 85' lang='lat' dir='ltr'><strong>pedes</strong></span> <span class='ocrx_word' id='word_1_756' title='bbox 2767 4104 3152 4177; x_wconf 88' lang='lat' dir='ltr'><strong>discipulorum</strong></span> <span class='ocrx_word' id='word_1_757' title='bbox 3185 4103 3312 4160; x_wconf 81' lang='lat' dir='ltr'><strong>Jesu</strong></span> <span class='ocrx_word' id='word_1_758' title='bbox 3332 4104 3512 4173; x_wconf 67' lang='lat' dir='ltr'><strong>magni</strong></span> 
     </span>
    </p>
   </div>
   <div class='ocr_carea' id='block_1_88' title="bbox 1926 4196 3512 4277">
    <p class='ocr_par' dir='ltr' id='par_1_88' title="bbox 1926 4196 3512 4277">
     <span class='ocr_line' id='line_1_88' title="bbox 1926 4196 3512 4277; baseline -0.009 -14"><span class='ocrx_word' id='word_1_759' title='bbox 1926 4206 2210 4277; x_wconf 83' lang='lat' dir='ltr'><strong>cujusdam</strong></span> <span class='ocrx_word' id='word_1_760' title='bbox 2230 4203 2324 4268; x_wconf 86' lang='lat' dir='ltr'><strong>sit,</strong></span> <span class='ocrx_word' id='word_1_761' title='bbox 2338 4211 2393 4258; x_wconf 86' lang='lat' dir='ltr'><strong>et</strong></span> <span class='ocrx_word' id='word_1_762' title='bbox 2406 4200 2588 4258; x_wconf 73' lang='lat' dir='ltr'><strong>Iesum</strong></span> <span class='ocrx_word' id='word_1_763' title='bbox 2605 4201 2659 4256; x_wconf 92' lang='lat' dir='ltr'><strong>in</strong></span> <span class='ocrx_word' id='word_1_764' title='bbox 2680 4214 2737 4256; x_wconf 86' lang='lat' dir='ltr'><strong>se</strong></span> <span class='ocrx_word' id='word_1_765' title='bbox 2749 4197 3028 4264; x_wconf 81' lang='lat' dir='ltr'><strong>habentis,</strong></span> <span class='ocrx_word' id='word_1_766' title='bbox 3042 4207 3092 4254; x_wconf 92' lang='lat' dir='ltr'><strong>et</strong></span> <span class='ocrx_word' id='word_1_767' title='bbox 3107 4196 3331 4252; x_wconf 91' lang='lat' dir='ltr'><strong>omnino</strong></span> <span class='ocrx_word' id='word_1_768' title='bbox 3345 4196 3512 4250; x_wconf 72' lang='lat' dir='ltr'><strong>beat‘.</strong></span> 
     </span>
    </p>
   </div>
   <div class='ocr_carea' id='block_1_89' title="bbox 1925 4285 3512 4354">
    <p class='ocr_par' dir='ltr' id='par_1_89' title="bbox 1925 4285 3512 4354">
     <span class='ocr_line' id='line_1_89' title="bbox 1925 4285 3512 4354; baseline -0.011 0"><span class='ocrx_word' id='word_1_769' title='bbox 1925 4298 2035 4354; x_wconf 87' lang='lat' dir='ltr'><strong>Sed</strong></span> <span class='ocrx_word' id='word_1_770' title='bbox 2064 4296 2306 4354; x_wconf 85' lang='lat' dir='ltr'><strong>sciamus</strong></span> <span class='ocrx_word' id='word_1_771' title='bbox 2326 4305 2554 4352; x_wconf 87' lang='lat' dir='ltr'><strong>necesse</strong></span> <span class='ocrx_word' id='word_1_772' title='bbox 2579 4298 2663 4348; x_wconf 84' lang='lat' dir='ltr'><strong>est</strong></span> <span class='ocrx_word' id='word_1_773' title='bbox 2678 4289 2882 4346; x_wconf 90' lang='lat' dir='ltr'><strong>similia</strong></span> <span class='ocrx_word' id='word_1_774' title='bbox 2899 4289 3026 4346; x_wconf 85' lang='lat' dir='ltr'><strong>huic</strong></span> <span class='ocrx_word' id='word_1_775' title='bbox 3049 4286 3221 4343; x_wconf 82' lang='lat' dir='ltr'><strong>textui</strong></span> <span class='ocrx_word' id='word_1_776' title='bbox 3249 4285 3428 4341; x_wconf 90' lang='lat' dir='ltr'><strong>inesse</strong></span> <span class='ocrx_word' id='word_1_777' title='bbox 3461 4287 3512 4338; x_wconf 90' lang='lat' dir='ltr'><strong>in</strong></span> 
     </span>
    </p>
   </div>
   <div class='ocr_carea' id='block_1_90' title="bbox 1925 4375 3512 4457">
    <p class='ocr_par' dir='ltr' id='par_1_90' title="bbox 1925 4375 3512 4457">
     <span class='ocr_line' id='line_1_90' title="bbox 1925 4375 3512 4457; baseline -0.009 -13"><span class='ocrx_word' id='word_1_778' title='bbox 1925 4385 2226 4457; x_wconf 83' lang='lat' dir='ltr'><strong>Evangelio</strong></span> <span class='ocrx_word' id='word_1_779' title='bbox 2243 4399 2273 4440; x_wconf 90' lang='lat' dir='ltr'><strong>a</strong></span> <span class='ocrx_word' id='word_1_780' title='bbox 2293 4381 2546 4440; x_wconf 66' lang='lat' dir='ltr'><strong>Matthaao</strong></span> <span class='ocrx_word' id='word_1_781' title='bbox 2565 4380 2790 4449; x_wconf 87' lang='lat' dir='ltr'><strong>tradito;</strong></span> <span class='ocrx_word' id='word_1_782' title='bbox 2815 4380 2896 4435; x_wconf 89' lang='lat' dir='ltr'><strong>sic</strong></span> <span class='ocrx_word' id='word_1_783' title='bbox 2915 4379 3060 4434; x_wconf 88' lang='lat' dir='ltr'><strong>enim</strong></span> <span class='ocrx_word' id='word_1_784' title='bbox 3077 4376 3298 4432; x_wconf 78' lang='lat' dir='ltr'><strong>habet&quot;</strong></span> <span class='ocrx_word' id='word_1_785' title='bbox 3322 4393 3335 4430; x_wconf 91' lang='lat'>:</span> <span class='ocrx_word' id='word_1_786' title='bbox 3364 4375 3512 4429; x_wconf 80' lang='grc' dir='ltr'>ιΝοιι</span> 
     </span>
    </p>
   </div>
   <div class='ocr_carea' id='block_1_91' title="bbox 1926 4475 3511 4548">
    <p class='ocr_par' dir='ltr' id='par_1_91' title="bbox 1926 4475 3511 4548">
     <span class='ocr_line' id='line_1_91' title="bbox 1926 4475 3511 4548; baseline -0.011 -12"><span class='ocrx_word' id='word_1_787' title='bbox 1926 4489 2008 4535; x_wconf 81' lang='lat' dir='ltr'><strong>est</strong></span> <span class='ocrx_word' id='word_1_788' title='bbox 2023 4475 2321 4548; x_wconf 89' lang='lat' dir='ltr'><strong>discipulus</strong></span> <span class='ocrx_word' id='word_1_789' title='bbox 2336 4488 2498 4544; x_wconf 89' lang='lat' dir='ltr'><strong>supra</strong></span> <span class='ocrx_word' id='word_1_790' title='bbox 2518 4477 2908 4542; x_wconf 81' lang='lat' dir='ltr'><strong>praeceptorem</strong></span> <span class='ocrx_word' id='word_1_791' title='bbox 2921 4510 2936 4534; x_wconf 87' lang='lat'><strong>,</strong></span> <span class='ocrx_word' id='word_1_792' title='bbox 2957 4481 3130 4538; x_wconf 85' lang='lat' dir='ltr'><strong>neque</strong></span> <span class='ocrx_word' id='word_1_793' title='bbox 3143 4479 3336 4522; x_wconf 74' lang='lat' dir='ltr'><strong>servus</strong></span> <span class='ocrx_word' id='word_1_794' title='bbox 3351 4479 3511 4536; x_wconf 85' lang='lat' dir='ltr'><strong>supra</strong></span> 
     </span>
    </p>
   </div>
   <div class='ocr_carea' id='block_1_92' title="bbox 1926 4555 3514 4633">
    <p class='ocr_par' dir='ltr' id='par_1_92' title="bbox 1926 4555 3514 4633">
     <span class='ocr_line' id='line_1_92' title="bbox 1926 4555 3514 4633; baseline -0.014 -6"><span class='ocrx_word' id='word_1_795' title='bbox 1926 4571 2204 4627; x_wconf 88' lang='lat' dir='ltr'><strong>dominum</strong></span> <span class='ocrx_word' id='word_1_796' title='bbox 2220 4581 2380 4622; x_wconf 89' lang='lat' dir='ltr'><strong>suum</strong></span> <span class='ocrx_word' id='word_1_797' title='bbox 2405 4583 2420 4633; x_wconf 91' lang='lat'><strong>;</strong></span> <span class='ocrx_word' id='word_1_798' title='bbox 2453 4562 2657 4619; x_wconf 78' lang='lat' dir='ltr'><strong>sufﬁcit</strong></span> <span class='ocrx_word' id='word_1_799' title='bbox 2685 4558 2958 4632; x_wconf 89' lang='lat' dir='ltr'><strong>discipulo</strong></span> <span class='ocrx_word' id='word_1_800' title='bbox 2978 4567 3039 4612; x_wconf 89' lang='lat' dir='ltr'><strong>ut</strong></span> <span class='ocrx_word' id='word_1_801' title='bbox 3059 4557 3130 4612; x_wconf 91' lang='lat' dir='ltr'><strong>sit</strong></span> <span class='ocrx_word' id='word_1_802' title='bbox 3161 4555 3358 4612; x_wconf 86' lang='lat' dir='ltr'><strong>similis</strong></span> <span class='ocrx_word' id='word_1_803' title='bbox 3374 4571 3514 4626; x_wconf 78' lang='lat' dir='ltr'><strong>pra--</strong></span> 
     </span>
    </p>
   </div>
   <div class='ocr_carea' id='block_1_93' title="bbox 1926 4648 3506 4734">
    <p class='ocr_par' dir='ltr' id='par_1_93' title="bbox 1926 4648 3506 4734">
     <span class='ocr_line' id='line_1_93' title="bbox 1926 4648 3506 4734; baseline -0.013 -14"><span class='ocrx_word' id='word_1_804' title='bbox 1926 4661 2166 4733; x_wconf 80' lang='lat' dir='ltr'><strong>ceptoris</strong></span> <span class='ocrx_word' id='word_1_805' title='bbox 2198 4659 2387 4734; x_wconf 84' lang='lat' dir='ltr'><strong>ipsius,</strong></span> <span class='ocrx_word' id='word_1_806' title='bbox 2425 4665 2480 4714; x_wconf 88' lang='lat' dir='ltr'><strong>et</strong></span> <span class='ocrx_word' id='word_1_807' title='bbox 2502 4666 2559 4712; x_wconf 91' lang='lat' dir='ltr'><strong>ut</strong></span> <span class='ocrx_word' id='word_1_808' title='bbox 2589 4671 2785 4712; x_wconf 90' lang='lat' dir='ltr'><strong>servus</strong></span> <span class='ocrx_word' id='word_1_809' title='bbox 2819 4649 3012 4709; x_wconf 88' lang='lat' dir='ltr'><strong>similis</strong></span> <span class='ocrx_word' id='word_1_810' title='bbox 3032 4649 3234 4706; x_wconf 91' lang='lat' dir='ltr'><strong>domini</strong></span> <span class='ocrx_word' id='word_1_811' title='bbox 3262 4648 3453 4718; x_wconf 89' lang='lat' dir='ltr'><strong>ipsius.</strong></span> <span class='ocrx_word' id='word_1_812' title='bbox 3487 4667 3506 4700; x_wconf 79' lang='grc' dir='ltr'><strong>ι</strong></span> 
     </span>
    </p>
   </div>
   <div class='ocr_carea' id='block_1_94' title="bbox 1926 4743 3509 4814">
    <p class='ocr_par' dir='ltr' id='par_1_94' title="bbox 1926 4743 3509 4814">
     <span class='ocr_line' id='line_1_94' title="bbox 1926 4743 3509 4814; baseline -0.011 -3"><span class='ocrx_word' id='word_1_813' title='bbox 1926 4756 2104 4812; x_wconf 83' lang='lat' dir='ltr'><strong>Lucas</strong></span> <span class='ocrx_word' id='word_1_814' title='bbox 2117 4765 2247 4808; x_wconf 87' lang='lat' dir='ltr'><strong>vero</strong></span> <span class='ocrx_word' id='word_1_815' title='bbox 2265 4748 2561 4806; x_wconf 88' lang='lat' dir='ltr'><strong>sichabet:</strong></span> <span class='ocrx_word' id='word_1_816' title='bbox 2588 4745 2736 4808; x_wconf 70' lang='lat' dir='ltr'><strong>«Non</strong></span> <span class='ocrx_word' id='word_1_817' title='bbox 2752 4758 2835 4803; x_wconf 89' lang='lat' dir='ltr'><strong>est</strong></span> <span class='ocrx_word' id='word_1_818' title='bbox 2856 4743 3155 4814; x_wconf 87' lang='lat' dir='ltr'><strong>discipulus</strong></span> <span class='ocrx_word' id='word_1_819' title='bbox 3178 4756 3342 4811; x_wconf 87' lang='lat' dir='ltr'><strong>supra</strong></span> <span class='ocrx_word' id='word_1_820' title='bbox 3366 4755 3509 4811; x_wconf 72' lang='lat' dir='ltr'><strong>prm-</strong></span> 
     </span>
    </p>
   </div>
   <div class='ocr_carea' id='block_1_95' title="bbox 254 4834 1826 4941">
    <p class='ocr_par' dir='ltr' id='par_1_95' title="bbox 254 4834 1824 4923">
     <span class='ocr_line' id='line_1_95' title="bbox 254 4834 1824 4923; baseline 0.01 -29"><span class='ocrx_word' id='word_1_821' title='bbox 254 4843 306 4895; x_wconf 79' lang='grc' dir='ltr'>δὲ</span> <span class='ocrx_word' id='word_1_822' title='bbox 331 4845 434 4906; x_wconf 78' lang='grc' dir='ltr'>πᾶς</span> <span class='ocrx_word' id='word_1_823' title='bbox 466 4843 607 4897; x_wconf 80' lang='grc' dir='ltr'>ἔστω</span> <span class='ocrx_word' id='word_1_824' title='bbox 651 4844 727 4908; x_wconf 87' lang='grc' dir='ltr'><strong>ὡς</strong></span> <span class='ocrx_word' id='word_1_825' title='bbox 761 4847 790 4897; x_wconf 88' lang='grc' dir='ltr'><strong>ό</strong></span> <span class='ocrx_word' id='word_1_826' title='bbox 821 4846 1138 4913; x_wconf 82' lang='grc' dir='ltr'>διδάσκαλος</span> <span class='ocrx_word' id='word_1_827' title='bbox 1184 4849 1373 4904; x_wconf 87' lang='grc' dir='ltr'>αὑτοῦ.</span> <span class='ocrx_word' id='word_1_828' title='bbox 1427 4867 1447 4902; x_wconf 76' lang='grc' dir='ltr'><strong>ι</strong></span> <span class='ocrx_word' id='word_1_829' title='bbox 1507 4834 1676 4923; x_wconf 76' lang='grc' dir='ltr'>Ἑξῆς</span> <span class='ocrx_word' id='word_1_830' title='bbox 1698 4855 1824 4908; x_wconf 81' lang='grc' dir='ltr'>τού-</span> 
     </span>
    </p>
   </div>
   <div class='ocr_carea' id='block_1_96' title="bbox 1932 4834 3512 4941">
    <p class='ocr_par' dir='ltr' id='par_1_96' title="bbox 1932 4834 3512 4915">
     <span class='ocr_line' id='line_1_96' title="bbox 1932 4834 3512 4915; baseline -0.009 -11"><span class='ocrx_word' id='word_1_831' title='bbox 1932 4857 2209 4915; x_wconf 87' lang='lat' dir='ltr'><strong>ceptorem</strong></span> <span class='ocrx_word' id='word_1_832' title='bbox 2231 4857 2390 4898; x_wconf 89' lang='lat' dir='ltr'><strong>suum</strong></span> <span class='ocrx_word' id='word_1_833' title='bbox 2413 4859 2430 4909; x_wconf 89' lang='lat'><strong>;</strong></span> <span class='ocrx_word' id='word_1_834' title='bbox 2463 4840 2740 4912; x_wconf 78' lang='lat' dir='ltr'><strong>perfectus</strong></span> <span class='ocrx_word' id='word_1_835' title='bbox 2764 4847 2944 4895; x_wconf 88' lang='lat' dir='ltr'><strong>autem</strong></span> <span class='ocrx_word' id='word_1_836' title='bbox 2975 4837 3155 4892; x_wconf 90' lang='lat' dir='ltr'><strong>omnis</strong></span> <span class='ocrx_word' id='word_1_837' title='bbox 3181 4834 3287 4890; x_wconf 84' lang='lat' dir='ltr'><strong>erit</strong></span> <span class='ocrx_word' id='word_1_838' title='bbox 3313 4835 3512 4890; x_wconf 69' lang='lat' dir='ltr'><strong>similis</strong></span> 
     </span>
    </p>
   </div>
   <div class='ocr_carea' id='block_1_97' title="bbox 258 4931 1826 5016">
    <p class='ocr_par' dir='ltr' id='par_1_97' title="bbox 258 4933 1823 5016">
     <span class='ocr_line' id='line_1_97' title="bbox 258 4933 1823 5016; baseline 0.01 -31"><span class='ocrx_word' id='word_1_839' title='bbox 258 4951 331 5004; x_wconf 84' lang='grc' dir='ltr'>τῳ</span> <span class='ocrx_word' id='word_1_840' title='bbox 364 4933 476 5004; x_wconf 78' lang='grc'><strong>(55)</strong></span> <span class='ocrx_word' id='word_1_841' title='bbox 517 4935 632 4988; x_wconf 78' lang='grc' dir='ltr'>ἐστι</span> <span class='ocrx_word' id='word_1_842' title='bbox 666 4936 897 5008; x_wconf 79' lang='grc' dir='ltr'>ζητῆσαι</span> <span class='ocrx_word' id='word_1_843' title='bbox 927 4939 1022 5005; x_wconf 76' lang='grc' dir='ltr'>τὸ,</span> <span class='ocrx_word' id='word_1_844' title='bbox 1058 4959 1078 4993; x_wconf 82' lang='grc' dir='ltr'><strong>ι</strong></span> <span class='ocrx_word' id='word_1_845' title='bbox 1123 4941 1200 4994; x_wconf 84' lang='grc' dir='ltr'><strong>Οὐ</strong></span> <span class='ocrx_word' id='word_1_846' title='bbox 1238 4941 1367 5013; x_wconf 80' lang='grc' dir='ltr'>περὶ</span> <span class='ocrx_word' id='word_1_847' title='bbox 1411 4943 1630 5000; x_wconf 84' lang='grc' dir='ltr'>πάντων</span> <span class='ocrx_word' id='word_1_848' title='bbox 1669 4945 1823 5016; x_wconf 85' lang='grc' dir='ltr'>ὑμῶν</span> 
     </span>
    </p>
   </div>
   <div class='ocr_carea' id='block_1_98' title="bbox 1932 4931 3509 5016">
    <p class='ocr_par' dir='ltr' id='par_1_98' title="bbox 1932 4931 3509 5013">
     <span class='ocr_line' id='line_1_98' title="bbox 1932 4931 3509 5013; baseline -0.007 -17"><span class='ocrx_word' id='word_1_849' title='bbox 1932 4935 2280 5013; x_wconf 70' lang='lat' dir='ltr'><strong>prmceptoris</strong></span> <span class='ocrx_word' id='word_1_850' title='bbox 2302 4934 2473 5006; x_wconf 87' lang='lat' dir='ltr'><strong>ipsius</strong></span> <span class='ocrx_word' id='word_1_851' title='bbox 2494 4933 2560 4988; x_wconf 80' lang='grc'><strong>³⁸.</strong></span> <span class='ocrx_word' id='word_1_852' title='bbox 2591 4951 2612 4986; x_wconf 79' lang='grc' dir='ltr'><strong>ι</strong></span> <span class='ocrx_word' id='word_1_853' title='bbox 2651 4931 2784 4988; x_wconf 85' lang='lat' dir='ltr'><strong>Iluic</strong></span> <span class='ocrx_word' id='word_1_854' title='bbox 2809 4932 3117 5002; x_wconf 88' lang='lat' dir='ltr'><strong>proximum</strong></span> <span class='ocrx_word' id='word_1_855' title='bbox 3145 4939 3249 4995; x_wconf 90' lang='lat' dir='ltr'><strong>est,</strong></span> <span class='ocrx_word' id='word_1_856' title='bbox 3278 4937 3339 4983; x_wconf 92' lang='lat' dir='ltr'><strong>ut</strong></span> <span class='ocrx_word' id='word_1_857' title='bbox 3357 4945 3509 4997; x_wconf 74' lang='lat' dir='ltr'><strong>qua:-</strong></span> 
     </span>
    </p>
   </div>
   <div class='ocr_carea' id='block_1_99' title="bbox 259 5025 1828 5110">
    <p class='ocr_par' dir='ltr' id='par_1_99' title="bbox 259 5025 1828 5110">
     <span class='ocr_line' id='line_1_99' title="bbox 259 5025 1828 5110; baseline 0.008 -33"><span class='ocrx_word' id='word_1_858' title='bbox 259 5025 412 5095; x_wconf 73' lang='grc' dir='ltr'>λέγω,</span> <span class='ocrx_word' id='word_1_859' title='bbox 426 5045 442 5076; x_wconf 84' lang='grc' dir='ltr'><strong>ι</strong></span> <span class='ocrx_word' id='word_1_860' title='bbox 460 5028 552 5081; x_wconf 77' lang='grc' dir='ltr'><strong>ἐπὶ</strong></span> <span class='ocrx_word' id='word_1_861' title='bbox 568 5028 620 5080; x_wconf 86' lang='grc' dir='ltr'><strong>τί</strong></span> <span class='ocrx_word' id='word_1_862' title='bbox 638 5028 958 5101; x_wconf 82' lang='grc' dir='ltr'>λελεγμένον</span> <span class='ocrx_word' id='word_1_863' title='bbox 986 5032 1294 5106; x_wconf 79' lang='grc' dir='ltr'>ἀνοίσομεν.</span> <span class='ocrx_word' id='word_1_864' title='bbox 1313 5035 1371 5088; x_wconf 85' lang='lat'><strong>&#39;0</strong></span> <span class='ocrx_word' id='word_1_865' title='bbox 1394 5036 1492 5107; x_wconf 74' lang='grc' dir='ltr'>μὲν</span> <span class='ocrx_word' id='word_1_866' title='bbox 1512 5031 1604 5090; x_wconf 75' lang='grc' dir='ltr'>οὖν</span> <span class='ocrx_word' id='word_1_867' title='bbox 1620 5054 1702 5101; x_wconf 86' lang='grc' dir='ltr'><strong>τις</strong></span> <span class='ocrx_word' id='word_1_868' title='bbox 1723 5039 1828 5110; x_wconf 82' lang='grc' dir='ltr'><strong>φή-</strong></span> 
     </span>
    </p>
   </div>
   <div class='ocr_carea' id='block_1_100' title="bbox 261 5119 1818 5200">
    <p class='ocr_par' dir='ltr' id='par_1_100' title="bbox 261 5119 1818 5200">
     <span class='ocr_line' id='line_1_100' title="bbox 261 5119 1818 5200; baseline 0.007 -30"><span class='ocrx_word' id='word_1_869' title='bbox 261 5135 336 5171; x_wconf 84' lang='grc' dir='ltr'><strong>σει</strong></span> <span class='ocrx_word' id='word_1_870' title='bbox 359 5119 577 5189; x_wconf 64' lang='grc' dir='ltr'>(διυὲπὶ</span> <span class='ocrx_word' id='word_1_871' title='bbox 599 5120 686 5172; x_wconf 76' lang='grc' dir='ltr'>τό”</span> <span class='ocrx_word' id='word_1_872' title='bbox 725 5141 743 5172; x_wconf 84' lang='grc' dir='ltr'><strong>ι</strong></span> <span class='ocrx_word' id='word_1_873' title='bbox 780 5123 1056 5196; x_wconf 77' lang='grc' dir='ltr'>Μακάριοί</span> <span class='ocrx_word' id='word_1_874' title='bbox 1089 5127 1234 5192; x_wconf 77' lang='grc' dir='ltr'>ἐστε,</span> <span class='ocrx_word' id='word_1_875' title='bbox 1261 5127 1354 5181; x_wconf 80' lang='grc' dir='ltr'>ἐὰν</span> <span class='ocrx_word' id='word_1_876' title='bbox 1384 5128 1573 5200; x_wconf 86' lang='grc' dir='ltr'>ποιῆτε</span> <span class='ocrx_word' id='word_1_877' title='bbox 1599 5129 1760 5182; x_wconf 78' lang='grc' dir='ltr'><strong>αὐτάο</strong></span> <span class='ocrx_word' id='word_1_878' title='bbox 1800 5148 1818 5181; x_wconf 78' lang='grc' dir='ltr'><strong>ι</strong></span> 
     </span>
    </p>
   </div>
   <div class='ocr_carea' id='block_1_101' title="bbox 259 5207 1824 5287">
    <p class='ocr_par' dir='ltr' id='par_1_101' title="bbox 259 5207 1824 5287">
     <span class='ocr_line' id='line_1_101' title="bbox 259 5207 1824 5287; baseline 0.005 -25"><span class='ocrx_word' id='word_1_879' title='bbox 259 5209 314 5262; x_wconf 80' lang='grc' dir='ltr'>οὐ</span> <span class='ocrx_word' id='word_1_880' title='bbox 354 5207 459 5280; x_wconf 77' lang='grc' dir='ltr'><strong>γὰρ</strong></span> <span class='ocrx_word' id='word_1_881' title='bbox 492 5208 760 5280; x_wconf 79' lang='grc' dir='ltr'>μακάριος</span> <span class='ocrx_word' id='word_1_882' title='bbox 817 5212 1034 5278; x_wconf 78' lang='grc' dir='ltr'>Ἰούδας.</span> <span class='ocrx_word' id='word_1_883' title='bbox 1085 5215 1159 5267; x_wconf 84' lang='grc' dir='ltr'><strong>Οὐ</strong></span> <span class='ocrx_word' id='word_1_884' title='bbox 1207 5214 1413 5287; x_wconf 79' lang='grc' dir='ltr'>νομίζω</span> <span class='ocrx_word' id='word_1_885' title='bbox 1438 5215 1494 5268; x_wconf 84' lang='grc' dir='ltr'>δὲ</span> <span class='ocrx_word' id='word_1_886' title='bbox 1522 5215 1691 5285; x_wconf 83' lang='grc' dir='ltr'>ὑγιῶς</span> <span class='ocrx_word' id='word_1_887' title='bbox 1730 5217 1824 5270; x_wconf 69' lang='grc' dir='ltr'><strong>ἐπὶ</strong></span> 
     </span>
    </p>
   </div>
   <div class='ocr_carea' id='block_1_102' title="bbox 325 5325 928 5396">
    <p class='ocr_par' dir='ltr' id='par_1_102' title="bbox 325 5325 928 5396">
     <span class='ocr_line' id='line_1_102' title="bbox 325 5325 928 5396; baseline 0.008 -15"><span class='ocrx_word' id='word_1_888' title='bbox 325 5328 368 5358; x_wconf 75' lang='grc'><strong>’⁸</strong></span> <span class='ocrx_word' id='word_1_889' title='bbox 393 5325 556 5396; x_wconf 71' lang='lat' dir='ltr'><strong>Joau.</strong></span> <span class='ocrx_word' id='word_1_890' title='bbox 584 5341 700 5392; x_wconf 78' lang='lat' dir='ltr'><strong>xm,</strong></span> <span class='ocrx_word' id='word_1_891' title='bbox 725 5326 788 5380; x_wconf 69' lang='lat' dir='ltr'><strong>l4</strong></span> <span class='ocrx_word' id='word_1_892' title='bbox 809 5329 928 5391; x_wconf 72' lang='lat'><strong>,15.</strong></span> 
     </span>
    </p>
   </div>
   <div class='ocr_carea' id='block_1_103' title="bbox 267 5398 491 5459">
    <p class='ocr_par' dir='ltr' id='par_1_103' title="bbox 267 5398 491 5459">
     <span class='ocr_line' id='line_1_103' title="bbox 267 5398 491 5459; baseline 0.013 -11"><span class='ocrx_word' id='word_1_893' title='bbox 267 5412 374 5459; x_wconf 76' lang='lat' dir='ltr'><strong>xm,</strong></span> <span class='ocrx_word' id='word_1_894' title='bbox 407 5398 491 5451; x_wconf 73' lang='grc'><strong>18.</strong></span> 
     </span>
    </p>
   </div>
   <div class='ocr_carea' id='block_1_104' title="bbox 327 5480 1826 5553">
    <p class='ocr_par' dir='ltr' id='par_1_104' title="bbox 327 5480 1826 5553">
     <span class='ocr_line' id='line_1_104' title="bbox 327 5480 1826 5553; baseline 0.001 -15"><span class='ocrx_word' id='word_1_895' title='bbox 327 5485 437 5553; x_wconf 75' lang='lat'><strong>(‘29)</strong></span> <span class='ocrx_word' id='word_1_896' title='bbox 480 5485 604 5539; x_wconf 73' lang='grc' dir='ltr'>Τῶν</span> <span class='ocrx_word' id='word_1_897' title='bbox 624 5485 711 5553; x_wconf 78' lang='grc' dir='ltr'>μὴ</span> <span class='ocrx_word' id='word_1_898' title='bbox 769 5482 1155 5540; x_wconf 69' lang='grc' dir='ltr'>συνειδότων.</span> <span class='ocrx_word' id='word_1_899' title='bbox 1209 5480 1565 5537; x_wconf 86' lang='lat' dir='ltr'><strong>Scribendum</strong></span> <span class='ocrx_word' id='word_1_900' title='bbox 1610 5483 1826 5539; x_wconf 86' lang='lat' dir='ltr'><strong>videtur</strong></span> 
     </span>
    </p>
   </div>
   <div class='ocr_carea' id='block_1_105' title="bbox 263 5556 774 5625">
    <p class='ocr_par' dir='ltr' id='par_1_105' title="bbox 263 5556 774 5625">
     <span class='ocr_line' id='line_1_105' title="bbox 263 5556 774 5625; baseline -0.004 -15"><span class='ocrx_word' id='word_1_901' title='bbox 263 5556 345 5610; x_wconf 76' lang='grc' dir='ltr'>τὸν</span> <span class='ocrx_word' id='word_1_902' title='bbox 377 5556 452 5625; x_wconf 85' lang='grc' dir='ltr'>μὴ</span> <span class='ocrx_word' id='word_1_903' title='bbox 479 5556 774 5608; x_wconf 84' lang='grc' dir='ltr'>συνειδότα.</span> 
     </span>
    </p>
   </div>
   <div class='ocr_carea' id='block_1_106' title="bbox 327 5623 1189 5770">
    <p class='ocr_par' dir='ltr' id='par_1_106' title="bbox 327 5623 1189 5770">
     <span class='ocr_line' id='line_1_106' title="bbox 327 5623 1189 5695; baseline -0.001 -18"><span class='ocrx_word' id='word_1_904' title='bbox 327 5623 414 5695; x_wconf 73' lang='lat'><strong>(30</strong></span> <span class='ocrx_word' id='word_1_905' title='bbox 442 5623 638 5680; x_wconf 74' lang='lat' dir='ltr'><strong>Codex</strong></span> <span class='ocrx_word' id='word_1_906' title='bbox 681 5625 901 5693; x_wconf 71' lang='lat' dir='ltr'><strong>llegius.</strong></span> <span class='ocrx_word' id='word_1_907' title='bbox 934 5623 1035 5694; x_wconf 81' lang='grc' dir='ltr'>ὅρα</span> <span class='ocrx_word' id='word_1_908' title='bbox 1067 5638 1189 5676; x_wconf 88' lang='grc' dir='ltr'>που.</span> 
     </span>
     <span class='ocr_line' id='line_1_107' title="bbox 331 5631 1189 5770; baseline -0.007 -21"><span class='ocrx_word' id='word_1_909' title='bbox 331 5631 441 5770; x_wconf 51' lang='grc' dir='ltr'>(εις</span> <span class='ocrx_word' id='word_1_910' title='bbox 471 5694 649 5753; x_wconf 76' lang='lat' dir='ltr'><strong>Codex</strong></span> <span class='ocrx_word' id='word_1_911' title='bbox 680 5693 900 5764; x_wconf 68' lang='lat' dir='ltr'><strong>Regius,</strong></span> <span class='ocrx_word' id='word_1_912' title='bbox 930 5692 1154 5763; x_wconf 83' lang='grc' dir='ltr'>τρώγων</span> <span class='ocrx_word' id='word_1_913' title='bbox 1185 5711 1189 5723; x_wconf 72' lang='grc' dir='ltr'><strong>ι</strong></span> 
     </span>
    </p>
   </div>
   <div class='ocr_carea' id='block_1_107' title="bbox 331 5692 1737 5768">
    <p class='ocr_par' dir='ltr' id='par_1_107' title="bbox 331 5692 1737 5768">
     <span class='ocr_line' id='line_1_108' title="bbox 331 5692 1737 5768; baseline -0.002 -19"><span class='ocrx_word' id='word_1_914' title='bbox 331 5692 441 5768; x_wconf 77' lang='grc'><strong>(51)</strong></span> <span class='ocrx_word' id='word_1_915' title='bbox 471 5694 649 5753; x_wconf 76' lang='lat' dir='ltr'><strong>Codex</strong></span> <span class='ocrx_word' id='word_1_916' title='bbox 680 5692 900 5764; x_wconf 67' lang='lat' dir='ltr'><strong>Regius,</strong></span> <span class='ocrx_word' id='word_1_917' title='bbox 930 5692 1154 5763; x_wconf 83' lang='grc' dir='ltr'>τρώγων</span> <span class='ocrx_word' id='word_1_918' title='bbox 1185 5692 1276 5746; x_wconf 86' lang='grc' dir='ltr'>τὸν</span> <span class='ocrx_word' id='word_1_919' title='bbox 1306 5692 1490 5764; x_wconf 81' lang='grc' dir='ltr'>ἄρτον,</span> <span class='ocrx_word' id='word_1_920' title='bbox 1515 5692 1737 5766; x_wconf 70' lang='grc' dir='ltr'>ἐπῆρεν.</span> 
     </span>
    </p>
   </div>
   <div class='ocr_carea' id='block_1_108' title="bbox 1933 5020 3507 5098">
    <p class='ocr_par' dir='ltr' id='par_1_108' title="bbox 1933 5020 3507 5098">
     <span class='ocr_line' id='line_1_109' title="bbox 1933 5020 3507 5098; baseline -0.01 -11"><span class='ocrx_word' id='word_1_921' title='bbox 1933 5045 2118 5088; x_wconf 88' lang='lat' dir='ltr'><strong>ramus</strong></span> <span class='ocrx_word' id='word_1_922' title='bbox 2167 5027 2233 5082; x_wconf 91' lang='lat' dir='ltr'><strong>ad</strong></span> <span class='ocrx_word' id='word_1_923' title='bbox 2266 5025 2394 5098; x_wconf 86' lang='lat' dir='ltr'><strong>quid</strong></span> <span class='ocrx_word' id='word_1_924' title='bbox 2423 5024 2724 5080; x_wconf 80' lang='lat' dir='ltr'><strong>referemus</strong></span> <span class='ocrx_word' id='word_1_925' title='bbox 2757 5023 2810 5078; x_wconf 90' lang='lat' dir='ltr'><strong>id</strong></span> <span class='ocrx_word' id='word_1_926' title='bbox 2855 5023 2998 5093; x_wconf 90' lang='lat' dir='ltr'><strong>quod</strong></span> <span class='ocrx_word' id='word_1_927' title='bbox 3034 5022 3086 5076; x_wconf 91' lang='lat' dir='ltr'><strong>in</strong></span> <span class='ocrx_word' id='word_1_928' title='bbox 3123 5022 3228 5075; x_wconf 88' lang='lat' dir='ltr'><strong>line</strong></span> <span class='ocrx_word' id='word_1_929' title='bbox 3259 5020 3462 5075; x_wconf 77' lang='lat' dir='ltr'><strong>dicitur</strong></span> <span class='ocrx_word' id='word_1_930' title='bbox 3493 5034 3507 5072; x_wconf 92' lang='lat'><strong>:</strong></span> 
     </span>
    </p>
   </div>
   <div class='ocr_carea' id='block_1_109' title="bbox 1937 5111 3511 5180">
    <p class='ocr_par' dir='ltr' id='par_1_109' title="bbox 1937 5111 3511 5180">
     <span class='ocr_line' id='line_1_110' title="bbox 1937 5111 3511 5180; baseline -0.008 -1"><span class='ocrx_word' id='word_1_931' title='bbox 1937 5144 1955 5178; x_wconf 88' lang='grc' dir='ltr'><strong>ι</strong></span> <span class='ocrx_word' id='word_1_932' title='bbox 1985 5123 2099 5178; x_wconf 84' lang='lat' dir='ltr'><strong>Non</strong></span> <span class='ocrx_word' id='word_1_933' title='bbox 2147 5120 2213 5176; x_wconf 90' lang='lat' dir='ltr'><strong>de</strong></span> <span class='ocrx_word' id='word_1_934' title='bbox 2252 5117 2504 5174; x_wconf 90' lang='lat' dir='ltr'><strong>omnibus</strong></span> <span class='ocrx_word' id='word_1_935' title='bbox 2552 5116 2705 5171; x_wconf 85' lang='lat' dir='ltr'><strong>vobis</strong></span> <span class='ocrx_word' id='word_1_936' title='bbox 2759 5114 2882 5170; x_wconf 90' lang='lat' dir='ltr'><strong>dico</strong></span> <span class='ocrx_word' id='word_1_937' title='bbox 2907 5115 2975 5168; x_wconf 83' lang='grc'><strong>³³.</strong></span> <span class='ocrx_word' id='word_1_938' title='bbox 3007 5131 3028 5167; x_wconf 75' lang='grc' dir='ltr'><strong>ι</strong></span> <span class='ocrx_word' id='word_1_939' title='bbox 3085 5113 3266 5180; x_wconf 83' lang='lat' dir='ltr'><strong>Atque</strong></span> <span class='ocrx_word' id='word_1_940' title='bbox 3310 5111 3511 5178; x_wconf 84' lang='lat' dir='ltr'><strong>aliquis</strong></span> 
     </span>
    </p>
   </div>
   <div class='ocr_carea' id='block_1_110' title="bbox 1928 5201 3508 5287">
    <p class='ocr_par' dir='ltr' id='par_1_110' title="bbox 1928 5201 3508 5287">
     <span class='ocr_line' id='line_1_111' title="bbox 1928 5201 3508 5287; baseline -0.011 -16"><span class='ocrx_word' id='word_1_941' title='bbox 1928 5215 2147 5287; x_wconf 88' lang='lat' dir='ltr'><strong>quidem</strong></span> <span class='ocrx_word' id='word_1_942' title='bbox 2183 5211 2327 5266; x_wconf 86' lang='lat' dir='ltr'><strong>dicet</strong></span> <span class='ocrx_word' id='word_1_943' title='bbox 2375 5209 2576 5264; x_wconf 91' lang='lat' dir='ltr'><strong>dictum</strong></span> <span class='ocrx_word' id='word_1_944' title='bbox 2612 5209 2714 5265; x_wconf 90' lang='lat' dir='ltr'><strong>hoc</strong></span> <span class='ocrx_word' id='word_1_945' title='bbox 2746 5205 2941 5263; x_wconf 84' lang='lat' dir='ltr'><strong>referri</strong></span> <span class='ocrx_word' id='word_1_946' title='bbox 2988 5203 3056 5260; x_wconf 85' lang='lat' dir='ltr'><strong>ad</strong></span> <span class='ocrx_word' id='word_1_947' title='bbox 3092 5201 3265 5257; x_wconf 89' lang='lat' dir='ltr'><strong>illud:</strong></span> <span class='ocrx_word' id='word_1_948' title='bbox 3305 5219 3325 5252; x_wconf 81' lang='grc' dir='ltr'><strong>ι</strong></span> <span class='ocrx_word' id='word_1_949' title='bbox 3351 5201 3394 5254; x_wconf 85' lang='grc' dir='ltr'>Β</span> <span class='ocrx_word' id='word_1_950' title='bbox 3431 5201 3508 5254; x_wconf 87' lang='lat' dir='ltr'><strong>ati</strong></span> 
     </span>
    </p>
   </div>
   <div class='ocr_carea' id='block_1_111' title="bbox 1040 5313 3505 5401">
    <p class='ocr_par' dir='ltr' id='par_1_111' title="bbox 1040 5313 3505 5401">
     <span class='ocr_line' id='line_1_112' title="bbox 1040 5313 3505 5401; baseline -0.008 -16"><span class='ocrx_word' id='word_1_951' title='bbox 1040 5332 1083 5362; x_wconf 78' lang='grc'><strong>’⁷</strong></span> <span class='ocrx_word' id='word_1_952' title='bbox 1106 5329 1237 5388; x_wconf 90' lang='lat' dir='ltr'><strong>ibid.</strong></span> <span class='ocrx_word' id='word_1_953' title='bbox 1269 5331 1334 5386; x_wconf 71' lang='lat'><strong>{6</strong></span> <span class='ocrx_word' id='word_1_954' title='bbox 1359 5347 1473 5401; x_wconf 85' lang='lat' dir='ltr'><strong>seq.</strong></span> <span class='ocrx_word' id='word_1_955' title='bbox 1551 5333 1597 5364; x_wconf 81' lang='lat'><strong>&quot;</strong></span> <span class='ocrx_word' id='word_1_956' title='bbox 1620 5331 1777 5388; x_wconf 84' lang='lat' dir='ltr'><strong>Joan.</strong></span> <span class='ocrx_word' id='word_1_957' title='bbox 1799 5332 2021 5398; x_wconf 78' lang='lat' dir='ltr'><strong>xttt,l7.</strong></span> <span class='ocrx_word' id='word_1_958' title='bbox 2096 5329 2142 5364; x_wconf 81' lang='grc'><strong>²⁹</strong></span> <span class='ocrx_word' id='word_1_959' title='bbox 2171 5328 2363 5385; x_wconf 82' lang='lat' dir='ltr'><strong>Matth.</strong></span> <span class='ocrx_word' id='word_1_960' title='bbox 2393 5342 2450 5392; x_wconf 84' lang='lat' dir='ltr'><strong>x,</strong></span> <span class='ocrx_word' id='word_1_961' title='bbox 2480 5324 2568 5392; x_wconf 70' lang='grc' dir='ltr'><strong>ει,</strong></span> <span class='ocrx_word' id='word_1_962' title='bbox 2599 5323 2686 5379; x_wconf 68' lang='lat'><strong>25.-</strong></span> <span class='ocrx_word' id='word_1_963' title='bbox 2765 5322 2812 5354; x_wconf 82' lang='lat'>“</span> <span class='ocrx_word' id='word_1_964' title='bbox 2838 5319 2972 5376; x_wconf 80' lang='lat' dir='ltr'><strong>Luc.</strong></span> <span class='ocrx_word' id='word_1_965' title='bbox 3004 5333 3079 5386; x_wconf 82' lang='lat' dir='ltr'><strong>vt,</strong></span> <span class='ocrx_word' id='word_1_966' title='bbox 3111 5313 3202 5371; x_wconf 70' lang='grc' dir='ltr'>ιίθ.</span> <span class='ocrx_word' id='word_1_967' title='bbox 3279 5315 3321 5348; x_wconf 73' lang='grc'><strong>³⁸</strong></span> <span class='ocrx_word' id='word_1_968' title='bbox 3347 5313 3505 5374; x_wconf 82' lang='lat' dir='ltr'><strong>Joan.</strong></span> 
     </span>
    </p>
   </div>
   <div class='ocr_carea' id='block_1_112' title="bbox 1995 5475 3506 5555">
    <p class='ocr_par' dir='ltr' id='par_1_112' title="bbox 1995 5475 3506 5555">
     <span class='ocr_line' id='line_1_113' title="bbox 1995 5475 3506 5555; baseline -0.004 -17"><span class='ocrx_word' id='word_1_969' title='bbox 1995 5483 2107 5555; x_wconf 71' lang='lat'><strong>(&#39;52)</strong></span> <span class='ocrx_word' id='word_1_970' title='bbox 2143 5482 2423 5555; x_wconf 73' lang='grc' dir='ltr'>Ἀνδρῶν.</span> <span class='ocrx_word' id='word_1_971' title='bbox 2453 5481 2804 5555; x_wconf 60' lang='grc' dir='ltr'>θεεῖςίςηιιιιι*</span> <span class='ocrx_word' id='word_1_972' title='bbox 2828 5481 2880 5537; x_wconf 82' lang='grc' dir='ltr'>ἰη</span> <span class='ocrx_word' id='word_1_973' title='bbox 2906 5477 3149 5538; x_wconf 86' lang='lat' dir='ltr'><strong>editione</strong></span> <span class='ocrx_word' id='word_1_974' title='bbox 3182 5475 3382 5545; x_wconf 84' lang='lat' dir='ltr'><strong>lluctii,</strong></span> <span class='ocrx_word' id='word_1_975' title='bbox 3413 5478 3506 5534; x_wconf 86' lang='lat' dir='ltr'><strong>sed</strong></span> 
     </span>
    </p>
   </div>
   <div class='ocr_carea' id='block_1_113' title="bbox 1931 5552 2778 5623">
    <p class='ocr_par' dir='ltr' id='par_1_113' title="bbox 1931 5552 2778 5623">
     <span class='ocr_line' id='line_1_114' title="bbox 1931 5552 2778 5623; baseline -0.005 -15"><span class='ocrx_word' id='word_1_976' title='bbox 1931 5552 2130 5623; x_wconf 67' lang='lat' dir='ltr'><strong>legitur</strong></span> <span class='ocrx_word' id='word_1_977' title='bbox 2158 5555 2211 5607; x_wconf 87' lang='lat' dir='ltr'><strong>iu</strong></span> <span class='ocrx_word' id='word_1_978' title='bbox 2240 5553 2429 5607; x_wconf 80' lang='lat' dir='ltr'><strong>codice</strong></span> <span class='ocrx_word' id='word_1_979' title='bbox 2464 5552 2778 5623; x_wconf 63' lang='lat' dir='ltr'><strong>Bodleiano.</strong></span> 
     </span>
    </p>
   </div>
   <div class='ocr_carea' id='block_1_114' title="bbox 2001 5619 2778 5694">
    <p class='ocr_par' dir='ltr' id='par_1_114' title="bbox 2001 5619 2778 5694">
     <span class='ocr_line' id='line_1_115' title="bbox 2001 5619 2778 5694; baseline -0.004 -17"><span class='ocrx_word' id='word_1_980' title='bbox 2001 5623 2114 5694; x_wconf 70' lang='grc'><strong>(55)</strong></span> <span class='ocrx_word' id='word_1_981' title='bbox 2140 5623 2316 5677; x_wconf 78' lang='lat' dir='ltr'><strong>Codex</strong></span> <span class='ocrx_word' id='word_1_982' title='bbox 2351 5619 2778 5694; x_wconf 45' lang='lat' dir='ltr'><strong>Regiumﬁot&#39;ito.</strong></span> 
     </span>
    </p>
   </div>
   <div class='ocr_carea' id='block_1_115' title="bbox 2011 5689 2954 5766">
    <p class='ocr_par' dir='ltr' id='par_1_115' title="bbox 2011 5689 2954 5766">
     <span class='ocr_line' id='line_1_116' title="bbox 2011 5689 2954 5766; baseline -0.011 -15"><span class='ocrx_word' id='word_1_983' title='bbox 2011 5689 2124 5766; x_wconf 62' lang='grc' dir='ltr'>ζει)</span> <span class='ocrx_word' id='word_1_984' title='bbox 2167 5694 2308 5749; x_wconf 89' lang='lat' dir='ltr'><strong>Idem</strong></span> <span class='ocrx_word' id='word_1_985' title='bbox 2357 5689 2523 5750; x_wconf 82' lang='lat' dir='ltr'><strong>codcx</strong></span> <span class='ocrx_word' id='word_1_986' title='bbox 2553 5690 2772 5762; x_wconf 66' lang='lat' dir='ltr'><strong>lli-gius,</strong></span> <span class='ocrx_word' id='word_1_987' title='bbox 2803 5689 2954 5762; x_wconf 75' lang='grc' dir='ltr'>φησι.</span> 
     </span>
    </p>
   </div>
  </div>
