3866 6200
484 248 590 304 775

1961 249 2284 307 ORIGENIS

3609 263 3690 320 Titi

481 369 636 435 estis,
668 370 714 426 si
745 371 986 427 feceritis
1010 385 1071 426 ea
1100 372 1182 435 ³²;
1221 389 1240 421 ι
1281 383 1458 440 neque
1481 369 1628 426 enim
1656 370 1845 426 beatus
1869 369 2046 425 Judas.

2161 371 2319 423 τοῦτο
2344 368 2713 443 ἀναφέρεσθαι
2751 370 2814 424 τὸ
2832 370 3149 442 λεγόμενον
3182 367 3339 422 τοῦτο
3357 367 3464 439 γὰρ
3481 368 3593 424 ὅλον
3621 376 3694 428 καὶ

481 460 555 514 At
592 475 693 530 ego
728 476 834 514 non
864 461 1118 515 existimo
1153 469 1303 514 recte
1350 460 1453 514 hoc
1490 460 1696 514 dictum
1755 473 1821 513 eo
1861 458 2056 514 referri

481 549 550 603 ad
593 549 720 602 illud
775 549 978 603 dictum
1015 566 1029 602 :
1075 569 1094 600 ι
1129 549 1276 604 Beati
1327 551 1480 616 estis,
1514 551 1559 604 si
1618 550 1863 606 feceritis
1916 566 2001 604 ea.
2033 569 2052 604 ι

484 638 597 696 lloc
622 639 766 692 enim
800 648 995 704 totum,
1023 650 1080 694 et
1109 642 1176 696 de
1199 640 1430 708 Juda,et
1459 642 1525 697 de
1565 643 1778 712 quovis,
1811 643 2058 712 quamvis

478 731 833 798 pravissimus
883 734 974 798 sit,
1031 750 1216 790 verum
1260 745 1392 790 est:
1431 736 1629 791 Beatus
1679 751 1762 803 es,
1813 735 2058 805 quisquis

478 819 593 872 haec
650 819 880 888 feceris;
937 832 1193 894 tanquam
1246 827 1290 880 si
1365 826 1602 882 dicerem
1676 825 2052 897 intemperanti

476 906 714 978 (etiamsi
767 925 874 964 non
920 914 1208 971 auditurus
1251 917 1325 971 sit
1369 931 1490 986 qua:
1547 917 1826 982 dicuntur,
1879 932 2058 986 neque

475 1001 837 1067 temperantia
875 1005 1116 1074 usurus),
1158 1005 1355 1060 Beatus
1406 1020 1487 1071 es,
1539 1007 1583 1062 si
1641 1015 1940 1076 temperate
1977 1007 2057 1061 vi-

475 1091 660 1156 xeris;
687 1100 744 1145 et
781 1094 1109 1162 sapientiam
1134 1098 1445 1173 sperpenti,
1480 1100 1695 1155 etiamsi
1727 1101 2058 1169 ingrediatur

476 1182 578 1237 lioc
609 1186 948 1254 propositum
975 1206 988 1242 :
1025 1187 1222 1244 Beatus
1246 1205 1304 1245 es
1335 1200 1415 1256 tu,
1443 1192 1489 1246 si
1531 1192 1852 1259 sapientiam
1885 1200 1941 1245 et
1967 1191 2053 1244 di-

473 1275 761 1345 scipliuam
810 1282 1140 1350 susceperis.
1191 1283 1422 1339 Proinde
1473 1284 1593 1338 vide
1651 1298 1719 1338 ne
1763 1283 1902 1339 forte
1941 1285 2056 1340 haec

471 1369 664 1436 verba,
725 1389 744 1422 ι
775 1369 889 1425 Non
918 1373 984 1427 de
1015 1375 1269 1430 omnibus
1300 1376 1454 1430 vobis
1481 1374 1685 1442 dico”,
1724 1393 1743 1426 ι
1773 1374 2053 1429 referenda

472 1463 582 1516 sint
608 1462 674 1517 ad
701 1463 830 1518 illud
853 1484 865 1518 :
906 1483 925 1515 ι
950 1465 1068 1519 Non
1087 1476 1172 1522 est
1196 1482 1385 1522 servus
1407 1466 1581 1534 major
1603 1466 1821 1521 domino
1839 1466 2049 1522 suo”.n

473 1555 742 1621 Quoniam
773 1558 920 1612 enim
956 1575 973 1608 ι
1007 1559 1254 1628 quisquis
1281 1569 1562 1630 peccaturo
1599 1559 1914 1626 committit,
1939 1574 2056 1614 ser-

472 1662 572 1702 vus
623 1657 707 1703 est
751 1651 963 1717 peccati
985 1649 1053 1716 ³⁸,
1085 1669 1104 1701 ι
1139 1652 1517 1707 committebat
1559 1659 1738 1704 autem
1768 1661 2052 1720 peccatum

469 1738 660 1806 Judas,
684 1750 739 1796 et
779 1743 1011 1799 maxime
1043 1759 1167 1799 cum
1192 1743 1439 1799 diabolus
1487 1744 1806 1798 inuuisisset
1857 1745 1910 1798 iu
1955 1759 2054 1800 eor

470 1829 591 1900 ejus
633 1840 691 1884 ut
731 1830 1080 1888 Servatorem
1128 1835 1386 1905 proderet
1407 1836 1476 1903 “,
1517 1850 1710 1890 servus
1733 1844 1854 1890 erat
1886 1835 2052 1892 Judas

470 1922 704 1989 peccati.
737 1920 938 1977 Servus
963 1932 1144 1979 autem
1174 1927 1384 1994 peccati
1419 1941 1544 1981 cum
1580 1935 1747 1992 esset,
1783 1941 1888 1980 non
1933 1937 2053 1983 erat

473 2011 635 2068 Verbi
674 2013 763 2067 Dei
798 2028 1038 2069 servus:
1092 2016 1309 2087 istoque
1360 2018 1520 2073 modo
1570 2033 1636 2073 ne
1669 2017 1794 2073 Jesu
1835 2019 2050 2089 quidem

470 2103 704 2174 amplius
731 2105 1010 2175 apostolus
1049 2117 1201 2175 erat;
1231 2108 1348 2178 jam
1382 2109 1529 2163 enim
1577 2107 1755 2164 factus
1787 2119 1904 2164 erat
1931 2109 2051 2164 dia-

471 2195 602 2264 boli,
631 2199 722 2266 qui
749 2198 800 2252 in
836 2213 933 2253 cor
967 2199 1087 2268 ejus
1117 2201 1427 2257 immiserat
1459 2211 1518 2256 ut
1546 2202 1896 2258 Servatorem
1921 2217 2051 2273 pro-

467 2287 646 2342 deret.
681 2286 842 2359 525
873 2290 1082 2346 Idcirco
1118 2307 1328 2363 negans
1354 2291 1618 2348 Servator
1639 2309 1763 2348 cum
1790 2308 1910 2349 esse
1937 2309 2054 2350 ser-

468 2394 594 2432 vum
641 2395 798 2435 suum
831 2391 888 2435 et
921 2382 1253 2450 apostolum.
1281 2398 1406 2439 cum
1443 2383 1696 2449 dixisset,
1761 2400 1782 2434 ι
1813 2383 1928 2438 Non
1971 2393 2054 2438 est

468 2485 662 2527 servus
701 2471 879 2540 major
903 2473 1122 2528 domino
1171 2489 1293 2538 suo,
1326 2489 1500 2544 neque
1547 2475 1827 2542 apostolus
1879 2477 2054 2546 major

465 2577 535 2618 eo
565 2563 656 2632 qui
689 2563 835 2618 misit
859 2563 1035 2631 ipsum
1063 2563 1132 2630 ³⁷,
1159 2583 1176 2613 ι
1212 2563 1419 2619 addidit
1447 2583 1461 2619 :
1501 2585 1519 2618 ι
1549 2565 1670 2622 Non
1695 2570 1763 2624 de
1794 2572 2050 2626 omnibus

469 2654 626 2710 vobis
684 2655 943 2710 (ἥσθη.)
1000 2654 1129 2710 Post
1189 2656 1292 2710 hoc
1348 2657 1630 2714 videamus
1679 2662 1781 2716 hoc
1820 2662 2049 2730 dictum,

472 2765 493 2796 ε
519 2747 630 2817 Ego
681 2747 794 2801 scio
829 2762 970 2816 quos
1001 2749 1260 2819 elegerim
1286 2790 1302 2815 ,
1340 2768 1359 2802 ι
1410 2751 1555 2820 quod
1599 2753 1904 2826 simplicius
1947 2756 2052 2812 tale

464 2843 554 2890 est
583 2854 597 2890 :
626 2835 752 2891 Scio
772 2838 952 2908 qualis
982 2841 1054 2896 sit
1083 2844 1460 2913 unusquisque
1487 2859 1680 2901 eorum
1707 2862 1842 2916 quos
1867 2847 2003 2918 elegi
2033 2867 2048 2904 :

469 2930 838 2998 quamobrem
897 2931 1010 2987 scio
1055 2935 1224 2988 etiam
1277 2935 1456 3004 qualis
1496 2936 1569 2991 sit
1614 2935 1802 3004 ludas,
1833 2953 1933 2995 nec
1966 2955 2050 2994 me

2161 463 2292 533 περὶ
2334 462 2500 514 Ἰούδα
2539 462 2632 515 καὶ
2677 463 2877 526 παντὸς
2913 462 3242 525 οὑτινοσοῦν,
3271 460 3376 515 κᾶν
3411 462 3695 530 φαυλότατος

2159 551 2216 629 ᾗ,
2247 555 2466 624 ἀληθὲς,
2486 555 2574 608 τό·
2607 552 2890 622 Μακάριος
2951 545 3003 604 εί
3059 554 3088 606 ὁ
3139 551 3322 619 δεῖνα,
3367 553 3461 607 ὲάν
3501 558 3697 628 ποιήσῃς

2157 647 2314 700 τάδε·
2358 648 2433 710 ὡς
2494 647 2542 698 εἰ
2598 647 2812 717 λέγοιμι
2855 641 3058 713 καὶτῷ
3099 643 3384 715 ἀκολάστῳ
3429 646 3496 715 (εί
3527 647 3612 699 καὶ
3640 648 3696 718 μὴ

2159 736 2460 807 ἀκούσηται
2483 735 2590 789 τῶν
2620 735 2949 804 λεγομένων,
2980 735 3113 805 μηδὲ
3151 737 3514 809 σωφρονήσῃ)·
3549 739 3699 791 Maxi-

2160 844 2274 898 ριος
2303 823 2373 890 εἷ,
2425 825 2519 878 ἐὰν
2569 825 2956 896 σωφρονήσῃς·
3016 824 3111 878 καὶ
3162 824 3238 894 τῷ
3289 824 3479 893 σοφίαν
3529 825 3697 889 eam.

2158 917 2358 983 νοῦντι,
2390 917 2439 968 εί
2466 917 2560 969 καὶ
2589 914 2858 968 ἐπιϐαίνει
2899 917 2966 986 τῇ
3008 915 3329 985 προαιρέσει
3373 916 3572 988 ταύτῃ·
3614 919 3699 971 Ma-

2158 1008 2348 1080 κάριος
2385 1003 2454 1071 εἷ,
2492 1007 2585 1059 sev
2635 1007 2826 1075 σοφίαν
2855 1006 2949 1059 καὶ
2981 1006 3224 1058 παιδείαν
3270 1007 3564 1078 ἀναλάϐῃς.
3599 1011 3694 1081 Μή.

2158 1114 2287 1150 ποτε
2309 1093 2402 1150 οὖν
2429 1097 2518 1160 τὸ,
2548 1115 2567 1147 ι
2609 1096 2683 1149 Ού
2723 1096 2853 1165 περὶ
2888 1094 3109 1148 πάντων
3143 1095 3296 1166 ὑμῶν
3335 1095 3500 1165 λέγω,
3532 1117 3550 1147 ι
3578 1101 3694 1150 ἀνοί-

2159 1205 2324 1259 σομεν
2359 1189 2438 1250 είς
2471 1186 2530 1239 τὸ
2575 1184 2888 1256 εἰρημένον,
2919 1184 3008 1236 τό·
3047 1204 3065 1234 ι
3107 1186 3220 1238 Ούκ
3252 1185 3367 1238 ἐστι
3399 1187 3577 1252 δοῦλος
3603 1192 3692 1263 μεί.

2157 1279 2264 1340 ζων
2295 1277 2388 1332 τοῦ
2413 1279 2600 1348 κυρίου
2627 1275 2789 1330 αὑτοῦ
2811 1293 2824 1306 °
2863 1296 2883 1331 ι
2918 1277 3042 1329 ἐπεὶ
3071 1277 3181 1350 γὰρ
3207 1296 3227 1329 ι
3260 1279 3368 1343 πᾶς
3389 1282 3417 1332 ὁ
3444 1281 3600 1335 ποιῶν
3621 1283 3694 1352 τὴν

2159 1369 2451 1440 ἁμαρτίαν,
2484 1368 2668 1432 δοῦλός
2695 1369 2811 1420 ἐστι
2836 1367 2936 1438 τῆς
2966 1369 3263 1438 ἁμαρτίας,
3301 1389 3320 1422 ι
3359 1372 3525 1424 ἐποίει
3552 1371 3602 1425 δὲ

2157 1461 2430 1532 ἁμαρτίαν
2451 1462 2480 1513 ὁ
2518 1460 2737 1525 Ἰούδας,
2761 1460 2854 1512 καὶ
2887 1458 3124 1530 μάλιστα
3153 1461 3246 1514 τοῦ
3277 1461 3518 1517 διαϐόλου
3541 1463 3697 1534 βεϐλη-

2157 1552 2312 1616 κότος
2337 1555 2417 1616 είς
2444 1552 2544 1622 τὴν
2589 1552 2818 1622 καρδίαν
2862 1553 3050 1621 αὐτοῦ,
3098 1553 3184 1606 ἵνα
3235 1555 3464 1625 παραδῷ
3494 1557 3575 1610 τὸν
3603 1559 3694 1609 Σω-

2154 1645 2296 1716 τῆρα
2318 1687 2335 1714 ,
2366 1645 2552 1708 δοῦλος
2586 1640 2654 1714 ἦν
2712 1644 2914 1709 Ἰούδας
2955 1646 3055 1717 τῆς
3097 1647 3390 1717 ἁμαρτίας.
3449 1648 3624 1712 Δοῦλος
3655 1649 3696 1702 δὲ

2085 1729 2129 1782 Β
2156 1738 2232 1792 ὢν
2263 1739 2364 1808 τῆς
2397 1739 2688 1811 ἁμαρτίας,
2720 1737 2820 1791 οὐκ
2847 1734 2915 1810 ἦν
2964 1738 3060 1792 τοῦ
3103 1741 3275 1808 Λόγου
3323 1739 3418 1793 τοῦ
3451 1739 3574 1794 Θεοῦ
3601 1717 3697 1794 δούς

2153 1830 2263 1895 λος
2310 1830 2452 1884 οὕτω
2490 1831 2545 1884 δὲ
2574 1831 2695 1884 οὐδὲ
2724 1831 3020 1894 ἀπόστολος
3041 1831 3135 1886 τοῦ
3183 1832 3359 1904 Ἰησοῦ
3392 1832 3470 1885 ἔτι
3499 1829 3584 1902 ἦν·
3611 1833 3691 1904 ἤδη

2153 1925 2262 1996 γὰρ
2293 1923 2386 1978 τοῦ
2411 1924 2658 1978 διαϐόλου
2689 1927 2952 1996 ἐγεγόνει,
3001 1924 3328 1996 βεϐληκότος
3355 1927 3433 1988 εἰς
3469 1925 3562 1998 τὴν
3590 1942 3696 1989 καρ-

2152 2017 2270 2070 δίαν
2300 2017 2464 2070 αὑτοῦ
2495 2017 2583 2071 ἵνα
2623 2017 2848 2090 παραδῷ
2871 2018 2961 2070 τὸν
2992 2018 3216 2088 Σωτῆρα
3235 2034 3247 2046 ·
3287 2017 3370 2070 διὸ
3403 2018 3694 2090 ἀρνούμενος

2153 2107 2316 2162 αὐτὸν
2344 2103 2482 2161 εἶναι
2511 2107 2696 2161 δοῦλον
2744 2107 2937 2161 ἑαυτοῦ
2977 2110 3005 2162 ὁ
3035 2109 3228 2180 Σωτὴρ
3273 2110 3367 2163 καὶ
3414 2109 3693 2172 ἀπόστολον,

2153 2194 2274 2252 εἷπε
2300 2199 2394 2253 καὶ
2426 2199 2514 2253 τό·
2555 2218 2573 2250 ι
2623 2201 2737 2254 υύκ
2779 2199 2894 2252 ἐστι
2934 2199 3118 2264 δοῦλος
3155 2201 3359 2271 μείζων
3400 2201 3492 2254 τοῦ
3533 2202 3693 2272 κυρίου

2151 2291 2339 2356 αὑτοῦ,
2383 2293 2503 2345 οῦδὲ
2549 2292 2842 2357 ἀπόστολος
2895 2291 3094 2364 μείζων
3139 2291 3231 2344 τοῦ
3277 2292 3580 2363 πέμψαντος
3618 2294 3693 2346 αὖ·

2154 2381 2264 2449 τὸν,
2293 2401 2312 2432 ι
2349 2382 2408 2436 τό
2431 2382 2562 2454 (55)·
2595 2402 2613 2434 ι
2647 2383 2722 2436 Ού
2746 2382 2874 2454 περὶ
2907 2382 3124 2436 πάντων
3149 2381 3301 2452 ὑμῶν
3335 2381 3493 2450 λέγω.
3523 2402 3540 2433 ι
3568 2384 3694 2437 Μετὰ

2151 2472 2311 2528 τοῦτο
2354 2474 2550 2544 ἴδωμεν
2574 2475 2663 2527 τό·
2701 2493 2720 2524 ι
2773 2472 2913 2542 Ἐγὼ
2953 2469 3069 2527 οἶδα
3115 2473 3268 2539 τίνας
3318 2473 3691 2544 ἐξελεξάμην.»

2151 2567 2291 2638 ὅπερ
2310 2564 2672 2637 ἁπλούστερον
2692 2567 2790 2636 μὲν
2812 2564 3043 2620 τοιοῦτόν
3059 2565 3174 2618 ἐστι
3188 2583 3200 2595 ·
3218 2567 3313 2630 Τίς
3330 2569 3478 2619 ἐστιν
3502 2567 3590 2619 Ex:
3600 2581 3696 2628 στος

2151 2650 2229 2712 ὧν
2255 2657 2587 2728 ἐξελεξάμην
2617 2653 2752 2710 οἴδα·
2787 2653 2905 2709 οῖδα
2937 2652 3029 2710 οῦν
3057 2658 3152 2711 καὶ
3171 2657 3254 2722 τίς
3273 2659 3418 2710 ἐστιν
3443 2660 3470 2710 ὁ
3506 2659 3691 2721 Ἰούξας.

2155 2750 2251 2805 καὶ
2283 2751 2343 2804 οὐ
2378 2750 2628 2804 λανθάνει
2667 2767 2754 2820 με²
2783 2749 2876 2802 τοῦ
2903 2749 3148 2802 διαϐόλου
3174 2750 3276 2820 ἤδη
3303 2749 3611 2820 βεϐληκότος
3631 2751 3692 2811 είς

2151 2841 2252 2912 τὴν
2294 2841 2522 2912 καρδίαν
2560 2841 2723 2894 αὑτοῦ
2763 2841 2829 2895 τά
2875 2841 2994 2894 κατ’
3040 2840 3195 2911 ἐμοῦ.
3253 2842 3366 2894 Κα)⁵
3400 2841 3622 2894 τοιοῦτον
3648 2839 3694 2893 δὲ

2151 2932 2266 3004 ἔχει
2291 2931 2416 2986 νοῦν
2439 2932 2530 2987 διά
2577 2950 2696 2986 τινα
2724 2932 2820 3003 τῆς
2846 2932 3068 3004 Γραφῆς
3121 2932 3248 3002 περὶ
3279 2931 3374 2984 τοῦ
3408 2931 3534 2986 οῖδα
3557 2931 3695 3001 σἰνή-

467 3019 609 3073 clam
641 3029 878 3091 estquae
915 3023 1167 3079 diabolus
1215 3023 1326 3092 jam
1377 3026 1670 3083 immiserit
1721 3030 1773 3084 in
1815 3044 1912 3084 cor
1935 3031 2046 3101 ejus

2156 3026 2324 3092 θειαν,
2366 3029 2460 3082 καὶ
2497 3027 2606 3081 τῶν
2633 3027 2834 3099 ὁμοίων
2865 3030 2930 3097 τῇ
2979 3025 3119 3090 λέξει
3155 3026 3332 3100 ταύτῃ
3352 3044 3364 3056 ·
3387 3027 3564 3080 οποῖόν
3591 3029 3692 3078 ἐστι

469 3111 762 3166 adversum
828 3129 934 3168 me.
988 3114 1166 3184 Atque
1205 3115 1371 3171 talem
1422 3117 1592 3172 babet
1640 3118 2044 3189 intelligentiam

468 3215 697 3274 propter
722 3207 1015 3276 quamdam
1063 3209 1512 3263 consuetudinem
1561 3209 1878 3280 Scriptum,
1921 3225 2045 3266 cum

465 3295 640 3351 utitur
689 3296 954 3353 vocabulo
1008 3298 1142 3364 scio,
1195 3307 1358 3368 atque
1388 3299 1466 3354 illi
1508 3300 1812 3366 similibus;
1861 3301 2046 3372 cujus-

466 3388 610 3442 modi
669 3388 832 3442 etiam
873 3397 978 3455 est,
1032 3390 1182 3455 novi,
1228 3390 1524 3447 Servatore
1595 3391 1792 3447 alicubi
1833 3392 2046 3448 dicente

466 3478 708 3534 futurum
743 3490 801 3535 ut
831 3481 979 3536 dicat
1017 3483 1267 3547 dicturis,
1307 3501 1327 3536 ι
1355 3482 1412 3538 in
1438 3483 1660 3538 nomine
1697 3493 1788 3537 tuo
1818 3484 2046 3537 mandu-

463 3573 728 3641 cavimus,
747 3584 802 3629 et
828 3575 1089 3640 bibimus,
1113 3583 1167 3630 et
1189 3574 1457 3631 damonia
1485 3574 1828 3643 ejeeimus”,
1861 3591 1879 3624 ι
1919 3573 2041 3640 hoc,

469 3681 489 3715 ι
522 3662 809 3731 Nunquam
867 3665 991 3719 novi
1028 3679 1122 3720 vos
1147 3665 1230 3730 δ’,
1259 3683 1278 3718 ι
1323 3675 1378 3720 et
1432 3665 1560 3722 illud
1593 3682 1609 3719 :
1653 3683 1670 3716 ι
1701 3664 1898 3720 Nescio
1949 3679 2045 3720 vos

464 3758 606 3812 unde
633 3759 755 3814 sitis
779 3758 824 3790 ⁴¹
857 3777 869 3814 :
899 3777 918 3810 ι
945 3761 1090 3828 quod
1133 3759 1178 3814 si
1225 3757 1526 3829 simplicius
1573 3757 1924 3826 intelligatur,
1957 3757 2040 3810 vi-

465 3852 712 3908 debimur
725 3853 864 3907 infra
887 3855 1206 3924 dignitatem
1225 3853 1524 3909 Salvatoris
1535 3855 1796 3923 cogitare.
1811 3852 2046 3908 Proinde

464 3942 588 3996 vide
613 3957 679 3998 ne
707 3943 870 4008 forte,
894 3947 1152 4014 quoniam
1185 3963 1204 3996 ι
1229 3947 1484 4015 cognovit
1506 3944 1770 4000 Dominus
1798 3943 1890 4014 qui
1918 3951 2046 3998 sunt

462 4033 582 4102 ejus
601 4033 671 4096 “,
707 4051 726 4084 ι
765 4047 873 4087 non
905 4044 1170 4100 agnoscat
1198 4036 1363 4090 etiam
1404 4036 1497 4104 qui
1529 4050 1636 4090 non
1663 4035 1773 4090 sint
1809 4034 1956 4104 ejus;
1988 4043 2045 4089 et

463 4126 734 4195 quomodo
787 4126 853 4180 de
899 4126 1223 4194 quibusdam
1278 4127 1471 4195 inquit,
1529 4145 1550 4178 ι
1585 4127 1873 4198 Nunquam
1919 4127 2042 4183 novi

463 4231 582 4282 vos,
619 4234 638 4269 ι
671 4216 750 4271 sic
783 4216 926 4271 dicat
973 4216 1138 4270 etiam
1197 4217 1263 4271 de
1307 4216 1469 4282 Iuda,
1497 4216 1544 4272 si
1575 4232 1679 4272 non
1712 4227 1798 4274 est
1831 4219 2038 4289 ipsius:

464 4307 746 4376 Nunquam
800 4307 923 4362 novi
979 4316 1050 4362 te.
1083 4306 1240 4373 Quod
1274 4309 1321 4362 si
1359 4321 1482 4362 cum
1526 4317 1671 4363 esset
1697 4308 1824 4364 Jesu
1851 4308 2040 4377 ludas,

2152 3116 2248 3169 καὶ
2280 3114 2340 3168 τὸ
2365 3116 2575 3185 ἔγνων.
2603 3116 2740 3186 (ban
2765 3133 2865 3171 που
2893 3116 2920 3166 ό
2947 3115 3134 3188 Σωτὴρ
3160 3118 3304 3188 ἐρεῖν
3333 3121 3446 3181 τοῖς
3485 3115 3693 3181 λέξουσι,

2153 3227 2172 3259 ι
2211 3207 2301 3279 Τῷ
2341 3208 2564 3280 ὀνόματί
2598 3226 2691 3261 σου
2741 3208 3017 3278 ἐφάγομεν
3057 3207 3192 3281 (56),
3228 3210 3322 3263 καὶ
3354 3208 3584 3280 ἐπίομεν,
3614 3209 3694 3262 καὶ

2146 3299 2400 3370 δαιμόνια
2431 3299 2779 3371 ἐξεϐάλομεν,
2808 3319 2825 3350 ι
2851 3300 2932 3363 τὸ,
2963 3319 2980 3350 ι
3013 3299 3279 3353 Οὐδέποτε
3311 3301 3479 3370 ἔγνων
3507 3302 3686 3370 ύμάς,ι

2147 3390 2243 3444 κα)⁹
2285 3390 2374 3443 τό·
2417 3408 2436 3441 ι
2483 3391 2596 3444 Οὐκ
2636 3385 2750 3443 οἶδα
2795 3390 2941 3459 ὑμᾶς
2980 3389 3142 3443 πόθεν
3185 3389 3343 3442 ὲστέο
3394 3410 3414 3442 ι
3451 3392 3575 3462 ὅπερ
3611 3390 3689 3444 sitv

2148 3479 2512 3553 ἁπλούστερον
2561 3481 2765 3552 νοῆται,
2821 3480 2972 3552 παρὰ
3011 3481 3071 3534 τὸ
3107 3483 3322 3553 ἀξίωμα
3364 3484 3576 3556 δόξομεν
3611 3483 3689 3538 τοῦ

2148 3573 2398 3644 Σωτῆρος
2431 3573 2852 3643 ὑπολαμϐάνειν.
2913 3573 3070 3626 Ἀλλά
3106 3580 3336 3646 μήποτε,
3372 3577 3489 3628 ἐπεὶ
3520 3596 3538 3626 ‹
3569 3576 3689 3645 ἕγνω

2146 3666 2351 3737 Κύριος
2382 3667 2505 3729 τοὺς
2529 3666 2688 3728 ὄντας
2715 3664 2899 3729 αὑτοῦ,
2933 3684 2951 3716 ι
2984 3667 3110 3728 τοὺς
3146 3667 3220 3738 μὴ
3240 3666 3400 3731 ὄντας
3431 3668 3580 3720 αὐτοῦ
3607 3669 3691 3720 οὐκ

2147 3757 2316 3827 ἔγνω·
2354 3760 2448 3812 καὶ
2479 3757 2555 3821 ὣς
2580 3775 2710 3828 φησι
2739 3756 2867 3828 περί
2889 3774 3048 3810 τινων
3075 3757 3164 3823 τὸ,
3193 3775 3212 3808 ι
3253 3758 3513 3812 Οὐδέποτε
3541 3759 3689 3826 ἔγνων

2146 3851 2310 3921 ὑμᾶς,
2355 3868 2372 3901 ι
2415 3849 2557 3903 οὕτω
2587 3851 2730 3904 εἴποι
2757 3849 2824 3902 ἂν
2861 3851 2956 3902 καὶ
2993 3850 3122 3921 περὶ
3152 3849 3248 3903 τοῦ
3295 3851 3485 3914 Ἰούδα,
3521 3853 3564 3903 εἰ
3602 3849 3689 3920 μὲν

2163 3943 2236 4014 μὴ
2293 3941 2444 4004 ὄντος
2497 3941 2661 3994 αὑτοῦ
2685 3957 2697 3970 °
2737 3939 3002 3994 Οὐδέποτε
3036 3941 3147 4012 (57)
3181 3940 3352 4010 ἔγνων
3409 3959 3495 3994 σε·
3547 3942 3587 3993 εἰ
3639 3939 3686 3992 δὲ

2145 4033 2437 4104 γενόμενος
2487 4033 2906 4103 μεταπέπτωκε,
2954 4033 3169 4104 λεχθείη
3217 4033 3285 4087 ἂν
3336 4034 3470 4106 πρὸς
3515 4033 3684 4087 αὐτόν·

2147 4122 2259 4176 οὐκ
2299 4117 2416 4176 οἶδά
2449 4139 2508 4175 σε
2537 4123 2700 4176 πόθεν
2729 4119 2798 4178 sl.
2830 4125 2940 4177 Καὶ
2969 4123 3064 4176 νῦν
3086 4119 3198 4188 οὖν,
3225 4123 3320 4177 τοῦ
3343 4124 3574 4178 διαϐόλου
3597 4123 3683 4194 ἠδη

2148 4213 2473 4296 βεϐληκότος
2501 4217 2582 4279 εἰς
2605 4215 2705 4286 τὴν
2727 4215 2954 4288 καρδίαν
2986 4214 3151 4268 αὐτοῦ
3184 4215 3254 4268 τὰ
3287 4217 3425 4270 κατὰ
3461 4214 3549 4269 τοῦ
3596 4215 3683 4282 Ἰη-

2147 4307 2261 4372 σοῦ,
2298 4307 2398 4360 οὐκ
2428 4303 2567 4360 οἶδεν
2608 4307 2768 4360 αὑτὸν
2801 4308 2830 4360 ὁ
2875 4306 3104 4379 Ἰησοῦς.
3150 4306 3242 4360 Διό
3282 4309 3382 4361 οὐκ
3423 4303 3560 4360 εἴπεο
3589 4305 3683 4359 Νῦν

463 4411 649 4472 postea
696 4399 878 4471 lapsus
926 4400 1049 4467 fuit,
1097 4400 1343 4454 dicturus
1389 4405 1539 4455 certe
1586 4409 1671 4456 est
1705 4401 1777 4454 illi
1831 4401 2034 4458 vaus:

2152 4401 2258 4470 ἐγὼ
2285 4396 2403 4455 οἶδα
2437 4401 2642 4463 πάντας
2666 4401 2792 4464 τοὺς
2831 4400 3124 4472 παρόντας,
3170 4400 3306 4464 ἀλλ’,
3349 4421 3368 4452 ι
3429 4402 3558 4470 Ἐγὼ
3584 4396 3682 4452 οἴδα

462 4493 654 4549 Nescio
681 4502 733 4550 te
763 4495 904 4548 unde
930 4494 1026 4548 sis.
1059 4491 1212 4548 Unde
1243 4493 1563 4557 etiamnum,
1591 4493 1718 4564 quia
1748 4493 2038 4549 immiserit

459 4585 706 4642 diabolus
752 4585 804 4639 in
841 4599 937 4639 cor
983 4584 1100 4654 ejus
1139 4584 1252 4639 haec
1301 4583 1561 4640 adversus
1600 4582 1816 4650 Jesum,
1863 4586 2038 4641 nescit

460 4675 612 4730 illum
643 4674 841 4742 Iesus;
895 4673 1248 4743 quamobrem
1281 4687 1384 4726 non
1416 4671 1573 4740 dixit,
1605 4670 1758 4726 Nunc
1784 4687 1884 4742 ego
1917 4671 2034 4726 scio

459 4787 650 4826 omnes
671 4779 995 4840 praesentes,
1032 4769 1126 4824 sed
1155 4788 1170 4824 :
1205 4787 1222 4820 ι
1258 4768 1369 4839 Ego
1399 4768 1512 4823 scio
1544 4782 1681 4838 quos
1705 4767 1960 4838 elegerim
1987 4766 2034 4798 ⁸³

457 4864 743 4932 (tanquam
785 4863 1011 4927 diceret,
1043 4861 1248 4916 electos
1301 4857 1492 4932 meos).
1529 4857 1645 4913 Non
1691 4859 1756 4914 de
1783 4858 2036 4913 omnibus

457 4963 642 5007 autem
678 4953 1037 5021 prasentibus
1077 4952 1287 5020 inquio,
1328 4967 1346 5000 ι
1382 4949 1498 5020 Ego
1545 4952 1660 5005 scio
1687 4963 1822 5019 quos
1857 4949 2034 5018 elege-

2141 4493 2294 4557 τίνας
2331 4493 2680 4564 ἐξελεξάμην,
2727 4512 2746 4544 ι
2797 4493 2872 4555 ὡς
2923 4493 2972 4544 εί
3015 4491 3186 4561 ἔλεγε,
3259 4494 3383 4557 τοὺς
3427 4490 3680 4550 ἐκλεκτούς

2145 4602 2268 4657 μου.
2315 4585 2390 4638 Οὐ
2438 4584 2568 4655 περὶ
2614 4583 2830 4636 πάντων
2873 4581 2930 4634 δὲ
2971 4581 3078 4636 τῶν
3130 4583 3409 4652 παρόντων
3448 4581 3575 4652 φημὶ
3605 4577 3674 4630 τό·

2147 4693 2166 4726 ι
2220 4672 2360 4742 Ἐγὼ
2405 4671 2523 4726 οἶδα
2567 4672 2716 4737 τίνας
2769 4671 3136 4744 ἐξελεξάμην
3191 4691 3210 4724 ι
3258 4673 3350 4725 καὶ
3399 4672 3587 4740 γίνεται
3626 4663 3680 4718 τὸ

2139 4767 2430 4836 γενόμενον
2457 4764 2561 4819 ὑπὸ
2594 4764 2687 4818 τοῦ
2733 4761 2850 4827 ἐνὸς
2889 4762 2948 4828 ἐξ
2990 4762 3142 4834 ύμῷν
3182 4761 3578 4835 παραδώσοντός
3601 4773 3675 4828 με,

2145 4859 2232 4912 ενα
2282 4857 2543 4930 πληρωθῇ
2577 4857 2869 4929 ήλὲγουσα
2915 4856 3142 4927 Γραφή·
3182 4872 3202 4905 ι
3247 4855 3304 4908 Ὀ
3344 4853 3554 4925 τρώγων
3591 4863 3676 4918 μου

2143 4948 2236 5003 τὸν
2264 4949 2427 5020 ἄρτον
2453 4948 2657 5019 ἐπῆρεν
2687 4949 2772 5000 ἐπ’
2805 4948 2903 5018 ἐμὲ
2932 4947 3030 5018 τὴν
3057 4945 3293 5018 πτέρναν
3326 4944 3502 4999 αὑτοῦ.
3537 4959 3554 4993 ι
3585 4941 3674 4993 ll:-

529 5092 573 5123 ³⁹
603 5089 764 5150 Joan.
795 5110 910 5162 xui,
949 5096 1035 5149 l7.
1095 5097 1160 5128 ”⁸³
1187 5097 1318 5152 ibid.
1343 5097 1430 5152 18.
1506 5095 1550 5127 ³⁸
1580 5095 1710 5150 ibid.
1747 5094 1830 5148 l6.
1906 5095 1950 5126 ³³
1979 5093 2042 5149 Jo

2154 5111 2273 5162 vm,
2297 5095 2386 5150 54.
2426 5092 2642 5148 ³⁸]οτιιι.
2674 5092 2912 5164 xm,_2.__
2944 5090 2993 5164 ξ
3023 5088 3176 5144 Joan.
3203 5103 3322 5164 xiii,
3349 5087 3430 5164 lii:
3460 5079 3669 5164 “fﬂihjg.

460 5161 544 5215 ιδ.
625 5149 1003 5232 ³⁹Μιιιιιι.’νιι,
1031 5166 1130 5231 se;
1166 5149 1585 5230 uisimus.
1643 5166 1685 5196 ιο
1721 5164 1908 5219 Matth.
1938 5181 2030 5230 vn,

2152 5206 2155 5217 .
2192 5149 2278 5236 ,δῖ
2307 5149 2438 5220 Luc.
2467 5179 2588 5232 xui,
2635 5164 2727 5218 27.
2780 5149 2847 5195 ἰ’
2875 5161 2918 5216 ll
2944 5159 3086 5215 Tun.
3117 5175 3176 5227 ιι,
3223 5149 3318 5214 i9.
3387 5158 3430 5189 “
3460 5155 3570 5210 ibid.
3598 5149 3668 5204 18.

532 5281 646 5352 (55)
679 5280 1039 5352 Βοτίιιεηιίιιηι
1075 5284 1282 5337 videtur
1307 5282 1402 5336 καὶ
1423 5281 1503 5336 τό.

535 5349 646 5424 (56)
681 5351 765 5418 Τῷ
797 5353 1041 5424 ὀνόματί
1095 5369 1209 5408 σου
1261 5352 1587 5424 ἐφάγομεν,
1609 5360 1717 5424 etc.
1759 5349 1909 5424 _llaec
1965 5365 2033 5406 ex

459 5420 711 5476 Manliano
735 5420 981 5478 simulet
1001 5422 1148 5478 Luca
1181 5425 1232 5478 in
1263 5420 1428 5478 ιιίιιιίιι
1446 5420 1705 5478 confudit
1740 5420 2031 5490 Origenes.

457 5490 743 5566 Ferrarius
771 5493 970 5561 legisse
1002 5496 1215 5566 videtur
1255 5513 1269 5548 :
1311 5493 1503 5566 Κύριε,
1543 5493 1646 5566 ούκ
1671 5562 1682 5566 _
1704 5493 1761 5566 ἐν
1809 5491 1885 5566 τῷ
1915 5491 2032 5545 ὀνόο

461 5560 714 5636 ματίβου
747 5560 1256 5636 προεφητεύσαμεν,
1281 5565 1374 5617 καὶ
1404 5560 1480 5617 ’ὲν
1526 5563 1605 5634 τῷ
1659 5560 1882 5636 ὀνόματί
1922 5579 2031 5636 ,σου

455 5630 736 5703 δαιμόνια,
767 5630 908 5697 δια,
931 5630 1197 5704 siquidem
1233 5630 1622 5704 interpretatur
1655 5651 1666 5687 :
1705 5652 1722 5684 ι
1755 5630 2028 5698 Ὧωηὶηο,

2143 5296 2325 5338 nonne
2348 5279 2568 5335 nomine
2601 5287 2692 5334 tuo
2727 5276 3185 5348 proplietavimus.
3208 5283 3261 5348 et
3289 5285 3459 5327 nonne
3489 5266 3671 5324 nomine

2145 5363 2237 5407 tuo
2267 5350 2554 5420 daeumnia,
2574 5368 2608 5420 Δι
2633 5345 2763 5420 etei,
2795 5365 2860 5403 ex
2889 5347 3133 5401 Mattbmo
3155 5345 3289 5420 solo.
3385 5413 3396 5420 _
3441 5411 3463 5420 _
3620 5403 3634 5420 ,

2205 5419 2536 5501 ςόηρφιιεκ
2571 5418 2918 5501 Bodleianus,
2948 5426 3124 5501 recte,
3137 5417 3185 5467 si
3215 5415 3309 5501 μεν
3341 5413 3414 5498 μὴ
3440 5411 3667 5501 ὅχτοίξξέ

2138 5475 2266 5544 τοῦ·
2298 5475 2570 5558 οὐδέποτε,
2609 5499 2740 5552 etc.;
2773 5475 2990 5560 liegius,
3023 5475 3161 5542 male
3195 5475 3285 5552 ,ἐξ
3437 5477 3522 5536 οὖν
3539 5475 3666 5530 οὐδέ-

2141 5579 2292 5630 ποτε,
2320 5571 2426 5616 etc.
