3924 6196
188 297 336 354 783
1270 302 1629 360 COMMENT.
1673 301 1740 360 IN
1777 301 1970 360 JOAN.
2009 301 2245 361 TOMUS
2278 303 2492 362 XXXII.
3395 308 3500 366 786

191 410 385 465 ἔστιν
426 411 460 482 ὴ
484 411 626 467 κατά
651 413 751 485 τὴν
779 414 958 469 πᾶσαν
983 416 1165 470 πίστιν
1194 415 1384 488 ἀρετὴ,
1423 417 1519 470 καὶ
1557 394 1807 471 ότιίσπαι

1929 418 2150 473 ducitur
2178 419 2383 485 navis;_
2405 420 2488 475 sic
2528 418 2691 475 veluti
2736 419 2889 479 multi
2924 420 3316 478 transferentes
3346 438 3499 485 num-

190 501 358 565 νίως
400 503 798 577 εὐρισκομένηο
838 507 989 579 πόσῳ
1015 507 1059 562 δ’
1092 508 1320 574 ἕκαστος
1350 507 1506 580 ήμῶν
1534 508 1807 563 ἀπολείπεε

1929 519 2011 565 tes
2049 519 2141 565 est
2172 510 2635 577 omnisihles,.in
2663 527 2776 582 qua
2800 514 2893 582 qui
2928 512 3091 568 fuerit
3116 513 3496 582 imperfectus.

189 610 311 647 ται
347 594 457 648 τοῦ
488 596 589 667 τὴν
634 600 815 651 πᾶσαν
861 598 1004 669 ἔχειν
1034 600 1239 665 πίστιν,
1263 598 1404 652 ὥστε
1429 599 1530 671 ὅρη
1566 599 1807 670 μεθιστά·

1926 616 2037 672 quo
2071 602 2249 658 minus
2281 602 2537 659 habuerit
2557 619 2773 659 onmem
2812 604 2999 669 tidem,
3030 619 3097 659 eo
3134 604 3307 673 magis
3328 604 3521 659 aberit.

197 701 367 740 νειν.
405 687 553 758 Πλὴν
578 688 680 741 οὐκ
709 689 1184 762 εὐκαταφρόνητον
1221 689 1358 761 πρὸς
1399 689 1461 742 τὸ
1507 691 1679 741 ποιεῖν
1728 706 1807 741 πι¹

1927 708 1958 747 a
1995 696 2241 763 polentia
2298 694 2665 752 transferendi
2714 705 2950 752 montes.
3002 695 3240 751 Proinde
3277 696 3398 750 vide
3432 713 3517 750 an.

201 777 455 831 στεύειν
484 782 604 834 ἐστὶ
632 780 773 835 κατά
799 782 866 835 τά
896 783 993 838 νῦν
1036 783 1395 855 προκείμενα,
1433 780 1495 833 τὸ
1533 782 1660 845 τοὺς
1684 796 1821 851 προ-

199 872 417 942 φήτας
447 873 547 943 μὲν
570 875 1057 945 προτεθεσπικέναι
1080 876 1151 929 τὰ
1169 875 1300 947 περὶ
1322 873 1414 928 τοῦ
1440 871 1613 943 Ἰησοῦ
1636 887 1651 903 ⁸
1680 870 1821 925 κατά

195 962 271 1017 δὲ
307 964 417 1017 τὸν
436 964 595 1035 λόγον
622 966 1201 1041 αῠτῶνηάπηντηκέναι
1230 968 1309 1039 τῷ
1340 967 1553 1039 Σωτῆρι
1580 966 1648 1021 τὰ
1687 984 1807 1039 προ-

1925 965 2043 1037 des)
2077 968 2429 1038 utsuspicari
2464 978 2648 1040 posset
2689 970 2970 1040 negligens
3016 971 3210 1033 lector,
3243 970 3402 1040 quasi
3434 970 3503 1024 ad

196 1057 521 1127 ιιρημὲνα.
1926 1059 2166 1114 nondum
2196 1062 2703 1129 credentes,,dixit:
2742 1080 2762 1114 ι
2788 1062 2943 1118 Nunc
2980 1064 3103 1118 dico
3136 1064 3289 1119 vobis
3321 1054 3503 1134 priusé

201 1164 399 1218 quam
438 1149 553 1215 fiat,
585 1160 645 1205 ut
672 1166 795 1206 cum
850 1151 1053 1208 factum
1080 1153 1267 1219 fuerit,
1328 1152 1568 1210 credatis
1595 1150 1723 1222 quia
1749 1163 1851 1220 ego
1888 1164 2012 1205 sum
2029 1151 2098 1206 “'.~
2122 1170 2143 1204 ι
2179 1151 2393 1209 Pariter
2448 1170 2577 1209 vero
2605 1154 2769 1210 etiam
2798 1155 3069 1226 esplicata
3094 1155 3292 1220 oratio,
3326 1170 3501 1224 quan,

1928 784 2303 841 nonsutiliter‘
2335 787 2454 842 hac
2505 786 2691 842 omnia
2735 786 2988 856 indagata
3026 785 3503 855 fuerintpropter

1927 875 2247 946 discipulos,
2268 877 2349 934 ad
2387 892 2531 948 quos
2564 877 2710 949 (cum
2734 877 2965 934 lavisset
3000 875 3160 933 Jesus
3186 891 3375 932 eorum
3408 890 3504 947 per

209 1250 278 1296 ta
324 1257 423 1297 res
475 1243 548 1298 sit
575 1244 752 1300 virtus
786 1259 1004 1299 omnem
1035 1247 1326 1301 continens
1374 1247 1534 1300 ﬁdem
1591 1243 1852 1309 ostendit,
1888 1252 1944 1296 et
1994 1244 2138 1312 quod
2186 1260 2338 1302 raro.
2365 1245 2716 1304 inveniatur:
2746 1246 2986 1305 ostendit
3021 1258 3283 1317 praeterea
3338 1261 3501 1317 quam

207 1336 424 1405 procul
475 1336 617 1392 absit
659 1339 844 1407 quivis
890 1348 1178 1404 nostrum,
1227 1350 1289 1393 ut
1338 1340 1536 1395 habeat
1578 1336 1724 1392 illam
1765 1348 1981 1390 omnem
2047 1334 2231 1403 fidem,
2294 1351 2400 1407 qua
2462 1348 2673 1395 montes
2724 1339 3037 1396 transferat.
3084 1341 3351 1396 Cmterum
3393 1354 3505 1393 non

207 1429 634 1484 contemnenda
669 1445 754 1485 res
783 1440 868 1486 est
904 1446 1025 1501 qua:
1056 1447 1157 1488 nos
1185 1432 1254 1487 ad
1283 1429 1614 1487 credendum
1642 1424 1871 1489 inducit,
1900 1424 2054 1494 juxta
2072 1442 2474 1500 .eaqqaenanc
2515 1442 2643 1487 sunt
2682 1434 2979 1503 proposita,
3034 1436 3177 1505 quod
3225 1435 3505 1504 pmpheta:

205 1522 518 1576 vaticinati
558 1532 737 1579 antea
770 1523 979 1580 fuerint
1026 1540 1149 1595 qua:
1191 1526 1259 1580 ad
1295 1522 1481 1580 Iesum
1512 1520 1814 1595 pertinent,
1843 1526 1899 1575 et
1924 1522 2071 1590 quod
2103 1521 2262 1596 juxta
2290 1540 2603 1582 sermonem
2634 1525 2847 1582 illorum
2896 1527 3177 1582 Servatori
3204 1528 3502 1583 acciderint

207 1632 357 1687 quae
381 1616 453 1671 ab
483 1616 616 1687 ipsis
647 1617 917 1688 praedicta
950 1616 1194 1673 fuerunt.

298 1711 395 1766 10.
437 1728 457 1763 ι
492 1711 687 1782 Ἀμὴν,
718 1710 866 1782 ἀμὴν
912 1710 1059 1779 λέγω
1112 1712 1273 1781 ὑμῖνο
1318 1710 1375 1763 '0
1410 1708 1703 1779 λαμϐάνων
1733 1705 1807 1759 ὄν-

1998 1702 2085 1758 ιο.
2133 1721 2153 1755 ι
2179 1704 2375 1766 Amen,
2402 1717 2567 1759 amen
2592 1703 2715 1760 dico
2742 1703 2898 1761 vobis
2924 1720 2937 1760 :
2963 1704 3067 1772 Qui
3096 1706 3288 1776 recipit
3313 1724 3501 1787 quern-

211 1820 351 1858 τινα
414 1801 640 1872 πέμψω,
701 1800 804 1871 ἐμὲ
836 1800 1140 1870 λαμϐάνειο
1196 1800 1225 1852 ό
1267 1799 1323 1852 δὲ
1373 1799 1474 1869 ἐμὲ
1525 1795 1807 1867 λαμϐάνων

1922 1808 2139 1862 cunque
2179 1793 2402 1857 misero,
2436 1794 2750 1865 ωειεοίρῆ
2783 1814 2796 1851 :
2836 1795 2927 1865 qui
2953 1805 3137 1850 autem
3166 1813 3252 1853 me
3279 1800 3519 1870 recipit,.

217 1891 511 1964 λαμὸἀνει
535 1891 626 1944 τὸν
656 1890 952 1962 πέμψαντά
978 1907 1066 1961 με.
1102 1908 1122 1942 ι
1165 1890 1221 1943 '0
1266 1887 1470 1960 Ἰησοῦς
1507 1887 1717 1958 πέμπει
1754 1885 1807 1939 οξ

1923 1885 2117 1957 recipit
2140 1900 2265 1941 eum
2297 1886 2400 1955 qui
2420 1885 2571 1942 misit
2595 1900 2680 1942 me
2703 1886 2771 1940 ⁸⁸.
2806 1904 2825 1938 ι
2867 1885 3032 1941 Mittit
3080 1884 3241 1944 Iesus
3283 1906 3391 1946 non
3417 1907 3502 1945 so-

216 1986 397 2058 μόνον
442 1983 653 2053 ἀγίους,
700 1983 838 2038 ἀλλά
874 1983 967 2037 καὶ
1005 1982 1195 2051 ἁγίους
1247 1982 1342 2035 καὶ
1378 1980 1644 2050 ἀγγέλους
1665 1996 1679 2010 ·
1724 1978 1807 2034 καὶ

1922 1977 2028 2031 Ιιιιη
2062 1986 2306 2043 sanctos,
2338 1992 2530 2034 verum
2581 1978 2748 2033 etiam
2796 1987 2851 2034 et
2908 1992 3126 2036 sanctos
3146 1991 3199 2035 et
3230 1983 3450 2053 angelus
3471 2002 3507 2039 ιι

213 2077 445 2146 πέμπει
477 2074 574 2144 μὲν
617 2074 744 2137 τοὺς
790 2072 878 2127 διὰ
923 2071 985 2126 τδ
1034 2070 1462 2126 ἀποστέλλεσθαι
1504 2070 1595 2125 ὑπ’
1650 2069 1807 2124 αὐτοί

1923 2068 2395 2139 nominanturque
2447 2068 2501 2124 hi
2540 2084 2681 2140 quos
2730 2069 2922 2136 mittit,
2967 2087 3033 2127 eo
3070 2074 3214 2144 quod
3261 2076 3328 2130 ab
3377 2074 3505 2146 ipso

215 2164 568 2228 ἀποστόλους
599 2160 1050 2235 ὀνομαζομένους.
1086 2162 1225 2234 Ἤδη
1280 2162 1343 2239 δέ
1383 2161 1587 2217 τούτων
1624 2161 1675 2215 οἱ
1720 2160 1807 2232 μὲι

1921 2161 2229 2225 mittantur,
2262 2162 2516 2232 apostoli,
2553 2160 2682 2236 [hoc
2720 2172 2806 2221 est
2842 2164 3042 2238 missi.]
3072 2163 3203 2233 Δλιιιιι
3236 2182 3364 2221 vero
3396 2168 3496 2222 ho-

215 2256 512 2330 ἄνθρωποί
542 2258 697 2324 είσιν,
731 2256 783 2309 oi
829 2256 888 2309 δὲ
927 2255 1187 2326 δυνάμεις
1232 2254 1551 2326 κρείττουςσ
1605 2254 1667 2306 οὐ
1710 2252 1807 2325 γάε

1921 2268 2043 2310 rum
2089 2253 2468 2326 apostolOrum
2521 2254 2613 2311 alii
2664 2265 2793 2311 sunt
2833 2258 3118 2325 homines;
3164 2259 3258 2313 alii
3292 2260 3496 2316 virtute

221 2349 669 2421 ἁμαρτησόμεθα
700 2348 786 2413 τδ,
825 2344 1144 2411 ἀπόστολος,
1188 2346 1359 2418 ὄνομα
1399 2346 1692 2410 τάσσοντες
1725 2346 1807 2400 xci

1919 2345 2329 2415 praestantiores
2362 2364 2377 2401 :
2406 2360 2508 2403 nec
2537 2347 2687 2402 enim
2728 2363 2758 2403 a
2789 2363 2919 2404 vero
2948 2348 3323 2407 aberravimus
3375 2369 3502 2424 apo-

1921 2436 2050 2494 8toli
2086 2451 2283 2491 nomen
2318 2436 2405 2492 his
2449 2438 2660 2509 angelis
2697 2440 2861 2494 etiam
2895 2450 3181 2510 ponentes,
3212 2442 3278 2497 de
3300 2445 3500 2514 quibus

1922 2527 2183 2594 scriptum
2216 2536 2299 2584 est
2316 2527 2386 2595 ⁸⁸,
2425 2531 2569 2601 quod
2607 2548 2625 2583 ι
2660 2544 2853 2587 omnes
2891 2531 3002 2587 sint
3048 2533 3496 2590 administratorii

1918 2619 2171 2690 spiritus,
2203 2621 2297 2690 qui
2343 2622 2397 2676 in
2452 2622 2815 2677 ministerium
2868 2624 3222 2692 emittuntur,
3275 2637 3497 2699 propter

1917 2726 2014 2771 eos
2064 2712 2157 2782 qui
2208 2712 2454 2770 haeredes
2506 2724 2666 2771 erunt
2695 2715 2907 2772 salutis.
2949 2735 2969 2769 ι
3009 2715 3145 2772 Nam
3171 2720 3220 2774 si
3254 2720 3407 2793 παρά
3432 2720 3497 2774 re

1916 2804 2405 2862 ἀποστέλλεσθαι
2421 2807 2706 2862 ἀπόστολοι
2722 2808 2847 2882 {hoc
2868 2820 2974 2877 est,
2992 2826 3020 2869 a
3039 2813 3293 2867 mittendo
3320 2812 3494 2887 missi]
3526 2858 3527 2861 η

1918 2911 2219 2968 omnesque
2260 2898 2329 2954 ab
2378 2914 2444 2955 eo
2478 2920 2497 2953 ι
2530 2900 2619 2970 qui
2650 2900 2779 2957 facit
2816 2903 3037 2974 angelos
3072 2918 3200 2960 suos
3244 2905 3495 2974 spiritus,

1917 2997 1971 3041 et
2020 2989 2299 3046 ministros
2343 3005 2473 3046 suos
2506 2992 2646 3061 ignis
2701 2991 3063 3061 flammam",
3094 3014 3116 3053 ι
3152 2997 3206 3051 in
3242 2998 3497 3057 ministe-

1918 3079 2059 3134 rium
2094 3080 2876 3141 mittuutur.administratorii
2925 3086 3174 3157 spiritus,
3211 3088 3266 3143 hi
3325 3089 3491 3143 etiam

1912 3171 2141 3241 apostoli
2180 3171 2311 3249 [hoc
2355 3183 2441 3231 est
2488 3174 2659 3250 missi]
2697 3175 2949 3233 dicentur
2992 3177 3111 3253 ejus
3141 3193 3173 3233 a
3216 3194 3326 3250 quo
3369 3182 3494 3235 mit.-

1914 3270 2124 3319 tuntur.
2167 3264 2349 3335 Atque
2396 3267 2773 3340 unusquisque
2821 3268 3070 3338 profecto
3114 3272 3207 3341 qui
3255 3273 3493 3328 mittitur

220 2444 361 2515 περὶ
386 2441 595 2495 τούτων
621 2441 750 2514 περὶ
776 2436 852 2497 ὧν
884 2440 1194 2512 γέγραπται
1213 2456 1229 2471 ο
1271 2458 1290 2493 ι
1329 2439 1538 2502 Πάντες
1576 2438 1682 2493 είσὶ
1712 2438 1821 2493 λει-

216 2550 321 2604 του
332 2532 502 2606 ργικά
531 2532 824 2603 πνεύματα
843 2532 924 2595 είς
953 2530 1227 2586 διακονίαν
1249 2528 1691 2601 ἀποστελλόμενα
1727 2528 1821 2583 sua

217 2624 356 2687 τοὺς
406 2623 704 2695 μέλλοντας
754 2623 1114 2695 κληρονομεῖν
1158 2622 1459 2695 σωτηρίανο
1506 2641 1529 2676 ι
1591 2624 1658 2676 El
1708 2622 1816 2695 γὰρ

220 2714 379 2787 παρά
425 2714 536 2787 (56)
572 2716 633 2768 τὸ
673 2714 1163 2769 ἀποστέλλεσθαι
1206 2714 1516 2779 ἀπόστολοι,
1537 2714 1737 2778 πάντες
1759 2715 1816 2769 δέ

220 2808 366 2861 εἰσιν
395 2806 501 2859 ὑπὸ
532 2824 550 2856 ι
578 2804 674 2858 τοῦ
693 2804 978 2868 ποιοῦντος
1009 2806 1135 2869 τοὺς
1168 2804 1437 2875 ἀγγέλους
1462 2803 1625 2859 αὐτοῦ
1649 2804 1816 2859 matis

228 2918 399 2972 ματα,
442 2900 538 2953 καὶ
571 2900 700 2963 τοὺς
745 2898 1113 2970 λειτουργοὺς
1142 2897 1312 2952 αὐτοῦ
1347 2897 1518 2969 πυρὸς
1554 2896 1747 2967 φλόγα,
1791 2917 1809 2950 ι

228 2995 310 3056 εἰς
337 2991 609 3054 διακονίας
639 2990 753 3062 (57)
800 2989 1256 3061 ἀποστελλόμενοι
1283 2990 1436 3053 ὄντες
1467 2989 1814 3062 λειτουργικά

230 3083 538 3153 πνεύματα,
593 3082 688 3135 καὶ
748 3074 893 3134 οὗτοι
930 3080 1006 3135 ἀν
1052 3076 1162 3134 εἷεν
1212 3079 1518 3135 ἀπόστολοις
1544 3078 1641 3133 τοῦ
1676 3081 1813 3135 ἀπογ

232 3173 541 3237 στέλλοντος
580 3171 810 3235 αὐτούς’
845 3172 939 3225 καὶ
977 3171 1210 3236 ἔκαστός
1261 3188 1326 3242 γε
1378 3171 1812 3244 τῶνπεμπομέ-

230 3286 338 3321 νων
360 3267 465 3320 ἀπό
498 3283 644 3328 τινος
668 3264 966 3327 ἀπόστολός
997 3265 1113 3317 ἐστι
1140 3264 1235 3318 τοῦ
1280 3264 1596 3336 πέμψαντος
1614 3281 1627 3296 ⁸
1673 3264 1809 3319 καθὸ

1837 3048 1883 3110 C

233 3364 290 3416 ὲν
344 3364 451 3427 τοῖς
510 3360 768 3432 ἀνωτέρω
821 3359 1072 3415 λέλεκται
1123 3360 1263 3432 μετά
1309 3360 1407 3414 τό·
1452 3378 1471 3414 ι
1532 3361 1647 3416 οὐκ
1692 3360 1809 3415 ἐστι

233 3452 408 3515 δοῦλος
463 3451 664 3523 μείζων
717 3449 813 3504 τοῦ
877 3451 1069 3522 κυρίου
1139 3448 1330 3517 αὐτοῦ,
1371 3450 1507 3505 οὐδὲΔ
1576 3450 1809 3505 ἀπόστο-

234 3546 322 3610 λος
352 3546 551 3618 μείζων
572 3544 668 3599 τοῦ
691 3545 1004 3617 πέμψαντος
1051 3547 1234 3603 αὐτόν.
1279 3566 1298 3599 ι
1345 3546 1506 3602 Κατά
1550 3546 1708 3601 τοῦτο
1750 3547 1809 3602 δι

241 3640 336 3709 οὐχ
362 3639 663 3711 ἁμαρτήσει
712 3639 806 3692 καὶ
852 3639 946 3692 τὸν
990 3640 1241 3711 Ἰωάννην
1292 3638 1590 3693 ἀπόστολον
1632 3637 1808 3708 λέγων

246 3730 374 3785 Θεοῦ
416 3729 503 3785 διὰ
526 3730 614 3783 τόο
672 3749 691 3783 ι
770 3730 1015 3800 Ἐγένετο
1059 3729 1346 3801 ἄνθρωπος
1399 3729 1808 3801 ἀπεσταλμένος

246 3821 387 3894 παρὰ
410 3820 564 3884 Θεοῦ,
588 3820 938 3892 ὅνομα.αὐτῷ
980 3822 1233 3891 Ἰωάννης
1250 3837 1265 3855 ο
1296 3839 1316 3873 ι
1344 3819 1547 3875 καὶτὸν
1580 3820 1806 3875 Ἡσαΐαν

240 3911 323 3966 διὰ
344 3912 433 3965 τό”
475 3930 501 3963 ι
530 3912 663 3965 τίνα
708 3909 1013 3975 ἀποστελῶ,
1064 3910 1160 3964 καὶ
1201 3910 1289 3975 τίς
1318 3909 1641 3982 πορεύσεται
1670 3910 1809 3981 πρὸς

238 4004 324 4058 τδν
353 4003 472 4057 λαδν
501 4002 720 4070 τοῦτον;
766 4022 784 4055 ι
820 4004 909 4057 ὅτε
958 4002 1293 4072 ἀπεκρίνατο
1335 4002 1540 4073 λέγων·
1598 4021 1617 4054 ι
1677 4001 1805 4057 Ἰδού

240 4097 346 4166 ειμι
369 4095 495 4165 ἐγὼ,
528 4094 846 4149 ἀπόστειλόν
884 4110 973 4165 με.
1017 4112 1036 4146 ι
1075 4092 1141 4145 Τί
1166 4093 1223 4146 δὲ
1255 4092 1613 4164 περὶτούτων
1640 4092 1805 4161 λέγω,

241 4192 321 4242 ὅτε
348 4188 435 4242 καὶ
453 4189 511 4241 ὲν
534 4189 602 4257 τῇ
629 4186 766 4257 πρὸς
812 4184 1099 4256 Ἐϐραίους
1148 4183 1574 4255 Ἐπιστολῇ-(58)
1600 4184 1805 4256 ὁτηλι-

246 4278 417 4343 κοῦτος
446 4276 603 4349 ἡμῶν
632 4276 825 4349 Σωτὴρ
857 4275 1159 4339 ἀπόστολος
1183 4275 1400 4348 εῐρηται
1428 4275 1524 4329 τοῦ
1553 4276 1805 4347 Πατρός;

1914 3354 1983 3409 ab
2004 3355 2208 3426 aliquo,
2228 3359 2529 3428 apostolus,
2558 3358 2689 3433 [hoc
2714 3368 2799 3416 est
2817 3361 3079 3435 misum]
3098 3373 3192 3433 ,est
3223 3364 3367 3420 illius
3395 3365 3489 3434 qui

1914 3445 2063 3503 misit
2082 3465 2095 3513 ;
2108 3444 2262 3515 juxta
2281 3450 2427 3520 quod
2459 3450 2513 3504 in
2530 3450 2911 3520 superioribus
2933 3460 3033 3507 est.
3053 3453 3259 3508 dictum
3273 3464 3398 3524 post
3424 3470 3488 3509 ea
3508 3484 3527 3500 -ι

1909 3540 2095 3594 verba:
2108 3558 2127 3592 ι
2141 3539 2255 3596 Νοιι
2278 3550 2362 3596 est
2386 3556 2575 3599 servus
2598 3545 2772 3613 major
2786 3543 3015 3599 domino
3036 3559 3160 3612 suo,
3178 3561 3351 3615 neque
3368 3560 3493 3615 apo-
3508 3583 3523 3586 κ

1911 3632 2082 3688 stolus
2126 3632 2288 3704 5.31
2319 3638 2495 3701 major
2525 3650 2592 3690 eo
2620 3636 2711 3703 qui
2761 3636 2915 3691 misit
2938 3637 3133 3706 ipsum.
3173 3658 3193 3692 ι
3216 3637 3389 3694 .llanc
3419 3643 3496 3696 ob

1911 3740 2134 3780 causam
2181 3742 2287 3781 non
2340 3727 2621 3783 aberrabit
2667 3741 2696 3780 ιι
2725 3743 2857 3784 vero
2893 3730 2982 3798 qui
3025 3727 3288 3786 Joannem
3318 3732 3487 3787 etiam

1909 3814 2111 3872 dixerit
2137 3814 2232 3870 Dei
2267 3815 2569 3885 apostolum
2598 3827 2823 3888 propter
2864 3818 3032 3875 illud:
3095 3836 3113 3873 ι
3148 3819 3273 3877 Fui:
3329 3822 3491 3879 homo
3522 3864 3523 3867 η

1910 3905 2110 3961 missus
2146 3920 2178 3959 a
2213 3904 2361 3971 Deo,
2389 3905 2476 3960 cui
2506 3921 2699 3961 nomen
2743 3916 2863 3963 erat
2902 3908 3138 3967 Joannes
3169 3911 3234 3967 ⁷³.
3285 3931 3304 3966 ι
3347 3914 3486 3980 Quin

1908 3995 2073 4054 Isaias
2100 4012 2316 4068 quoque
2335 3997 2611 4067 apostolus
2641 4000 2766 4065 erit,
2799 4010 3019 4071 propter
3047 4003 3174 4058 illud
3207 4022 3221 4060 :
3263 4022 3281 4056 ι
3313 4006 3496 4073 Quem

1908 4091 2153 4157 mittam,
2183 4091 2391 4161 etquis
2426 4090 2524 4147 ibit
2555 4093 2621 4145 ad
2664 4094 2921 4163 populum
2968 4095 3150 4152 hunc?
3190 4116 3211 4154 ι
3264 4102 3511 4168 quando

1909 4183 2450 4254 respondiLdicens:
2507 4202 2526 4235 ι
2577 4183 2655 4239 En
2702 4201 2801 4257 ego
2852 4202 3007 4254 sum,
3051 4188 3206 4242 tnitte
3251 4204 3337 4243 me
3358 4190 3422 4242 τ’.
3456 4210 3476 4241 ι

1908 4275 2017 4332 Sed
2044 4275 2173 4346 quid
2206 4276 2272 4332 de
2316 4275 2464 4332 hisce
2500 4276 2622 4331 dico
2644 4315 2661 4343 ,
2694 4277 2911 4347 quando
2954 4287 3007 4333 et
3040 4279 3093 4331 in
3130 4278 3366 4346 Epistola
3416 4280 3484 4331 ad
3514 4313 3521 4325 .

245 4371 529 4443 γέγραπται
557 4370 695 4442 γάρ·
728 4387 746 4421 ι
774 4370 1034 4439 Ἔχοντες
1058 4362 1150 4422 οῦν
1182 4367 1443 4440 ἀρχιερέα
1474 4366 1649 4439 μέγαν
1667 4368 1805 4441 (59),

1913 4368 2166 4427 llebrzeos
2192 4369 2314 4425 talis
2352 4378 2640 4438 tantusque
2673 4367 2931 4424 Servator
2969 4378 3153 4423 noster
3195 4369 3377 4423 dictus
3413 4370 3498 4421 sit-

247 4464 328 4516 καὶ
352 4462 638 4516 ἀπόστολον
666 4459 876 4533 Ἰησοῦν
902 4460 1158 4532 Χριστόν.
1194 4479 1214 4512 ι
1252 4460 1363 4514 Καὶ
1394 4458 1490 4515 νῦν
1512 4457 1605 4515 οῦν
1625 4461 1684 4515 ὃν
1706 4461 1827 4517 saw.

246 4554 522 4626 ἀποστέλλῃ
563 4557 592 4609 ό
622 4554 813 4626 Σωτὴρ
841 4553 1297 4625 διακοησάμενον
1328 4555 1397 4625 τῇ
1425 4570 1585 4608 τινων
1625 4570 1801 4626 σωτη-

255 4647 357 4719 ρίᾳ,
387 4646 415 4699 ὁ
445 4646 907 4717 ἀποστελλόμενος
936 4644 1245 4709 ἀπόστολός
1263 4644 1410 4698 ἐστιν
1457 4644 1632 4715 Ἰησοῦ
1663 4644 1801 4719 Χρισ-

253 4739 377 4794 στοῦ.
426 4739 591 4793 Ἀλλ““
626 4743 654 4794 ό
688 4737 1005 4803 ἀπόστολος,
1045 4735 1234 4808 ὥσπερ
1257 4734 1352 4789 τοῦ
1383 4736 1798 4802 ἀποστείλαντός

251 4832 374 4884 ἐστιν
406 4831 701 4894 ἀπόστολος
724 4871 740 4897 ,
783 4828 958 4893 οὕτως
982 4827 1101 4881 τισὶ
1123 4826 1259 4897 πρὸς
1285 4825 1380 4891 οὓς
1410 4828 1796 4883 ἀποστέλλεται

251 4924 411 4995 μόνοις
446 4924 557 4996 (60)
591 4924 738 4978 ἐστὶν
785 4921 1110 4986 ἀπόστολος⁹
1165 4922 1304 4992 ὅπερ
1335 4920 1470 4974 νοῶν
1509 4921 1538 4973 ό
1587 4920 1799 4985 Παῦλος

247 5017 437 5086 ελεγεν·
477 5036 496 5068 ι
549 5018 614 5071 Εἰ
646 5016 742 5070 καὶ
783 5014 962 5078 ἄλλοις
1002 5014 1104 5067 οὐκ
1144 5013 1261 5085 εἰμὶ
1304 5012 1626 5076 ἀπόστολος,
1661 5011 1799 5066 ἀλλά

248 5126 302 5179 γι
336 5109 450 5179 ὑμῖν
494 5109 636 5179 εἰμι·
687 5110 721 5179 ἡ
776 5107 887 5179 γὰρ
937 5105 1172 5177 σφραγίς
1224 5121 1323 5177 μου
1355 5104 1459 5174 τῆς
1491 5102 1797 5175 ἀποστολῆς

249 5202 380 5271 ὑμεῖς
408 5201 529 5253 ἐστε
558 5200 617 5253 ὲν
647 5199 855 5270 Κυρίῳ.
898 5216 916 5248 ι
953 5196 1201 5263 Ἔξεστιν
1229 5190 1322 5250 οὖν
1350 5211 1473 5249 τινα
1499 5190 1635 5250 εἶναι
1660 5194 1796 5248 ἀπό-

1909 4463 2184 4533 apostolus
2212 4479 2244 4517 a
2277 4461 2482 4518 Patre?
2508 4460 2784 4530 Scriptum
2812 4469 2897 4514 est
2924 4460 3069 4513 enim
3099 4476 3114 4512 :
3149 4477 3168 4511 ι
3207 4457 3487 4516 Habentes

1908 4556 2070 4625 igitur
2090 4554 2408 4610 I’ontificem
2429 4568 2678 4622 magnum
2708 4551 3091 4621 etapostolum
3116 4549 3301 4605 Iesum
3327 4551 3485 4625 Chri-
3508 4588 3513 4593 .

1905 4655 2051 4699 stum
2088 4644 2156 4699 ⁷³.
2196 4662 2215 4696 ι
2250 4642 2614 4710 Quamobrem
2657 4642 2702 4697 si
2737 4642 2997 4697 Servator
3038 4641 3270 4708 aliquem
3315 4641 3482 4696 mise-

1906 4736 1979 4790 rit
2026 4733 2121 4804 qui
2173 4732 2479 4803 aliquorum
2538 4732 2783 4789 salutem.
2819 4731 3254 4799 administrarit,
3302 4732 3349 4788 is
3387 4733 3480 4802 qui

1905 4828 2174 4889 mittitur.
2221 4824 2502 4897 apostolus
2551 4835 2636 4882 est
2678 4824 2814 4884 Iesu
2864 4825 3089 4882 Christi.
3164 4823 3362 4881 Verum
3424 4835 3503 4881 ut.

1903 4917 2181 4988 apostolus
2208 4915 2484 4987 apostolus
2511 4925 2595 4973 est
2632 4914 2753 4986 ejus
2784 4918 2876 4988 qui
2913 4916 3094 4982 misit,
3145 4915 3225 4970 sic
3257 4914 3481 4985 quibus-

1904 5011 2032 5065 dam
2072 5008 2203 5065 solis
2257 5008 2326 5064 ad
2368 5022 2504 5079 quos
2549 5007 2820 5074 mittitur,
2867 5015 2952 5064 est
2993 5004 3289 5077 apostolus.
3329 5006 3481 5065 itane

1905 5117 2019 5158 rem
2064 5100 2420 5157 considerans
2458 5098 2677 5155 Paulus
2705 5097 2922 5155 dicebat
2959 5112 2970 5145 :
3024 5115 3044 5149 ι
3085 5097 3311 5153 Etiamsi
3354 5096 3480 5173 aliis

1902 5211 2009 5249 non
2032 5194 2132 5249 sim
2163 5193 2437 5264 apostolus
2461 5231 2477 5258 ,
2525 5191 2679 5247 vobis
2711 5205 2835 5249 sum
2866 5199 3087 5255 tamen;
3121 5203 3247 5245 nam
3292 5190 3480 5260 signa-

300 5313 773 5379 "J‘uan.xttt,I9.
846 5312 891 5344 οη
923 5311 1053 5367 ibid.
1114 5311 1206 5367 εδ.
1282 5310 1676 5377 "lichr.t,14.
1754 5272 1800 5343 τὸ

1915 5312 1968 5364 d.
2001 5310 2035 5365 7
2067 5320 2123 5365 et
2152 5308 2294 5365 Psai.
2357 5324 2474 5375 cm,
2506 5306 2557 5361 4.
2635 5307 2677 5337 '”
2712 5304 2869 5361 Joan.
2901 5321 2940 5371 ι,
2975 5305 3028 5361 6.
3105 5305 3151 5338 "'
3184 5304 3285 5361 lsa.
3320 5321 3393 5371 vt,
3422 5305 3478 5361 8.

247 5386 287 5419 ⁷³
309 5386 450 5440 ilebr.
488 5400 570 5447 ιιι,
604 5384 627 5437 I
656 5402 670 5449 ;
698 5398 772 5447 tv,
808 5383 894 5438 14.

437 5474 621 5544 "apd.
660 5476 819 5529 Deest
842 5474 895 5528 in
930 5474 1119 5530 codice
1154 5472 1323 5542 [legio
1343 5515 1358 5539 ,
1388 5473 1483 5528 sed
1513 5473 1707 5545 legitur
1734 5474 1788 5531 in

249 5547 533 5601 Bodleiano.

308 5615 399 5685 (57)
423 5613 761 5685 Amxorlac.
785 5613 948 5685 Forte
983 5612 1268 5685 legendum
1294 5612 1585 5685 δ;ακονίαν.

310 5682 402 5746 (58)
445 5682 783 5753 Ἐπιστολῇ.
827 5684 984 5738 Deest
1015 5684 1068 5737 in
1108 5684 1294 5739 codice
1329 5684 1516 5752 llcgio,
1560 5686 1654 5740 sed
1706 5696 1789 5741 est

253 5758 297 5813 in
331 5755 623 5810 Bodleiano.

1972 5472 2407 5555 (59),Ἕχοντες
2438 5469 2549 5527 οὖν
2597 5467 2873 5555 ἀρχιερέα
2914 5468 3127 5555 μέγαν,
3177 5477 3298 5555 etc;
3332 5468 3511 5525 Duos.

1900 5540 2046 5598 int-os
2099 5542 2150 5592 in
2196 5540 2399 5601 unum,
2461 5545 2722 5593 memoria
2780 5540 2981 5609 lapsus,
3036 5550 3095 5593 ut
3151 5540 3474 5609 contingere

1902 5613 2282 5667 festinantibus
2320 5611 2476 5673 solet,
2518 5610 2764 5681 confudit
2798 5609 2884 5663 hit:
2910 5608 3205 5681 Origenes;
3242 5611 3503 5665 alterunt~

1903 5683 2067 5737 Hebr.
2104 5697 2185 5741 ιιι.
2223 5682 2274 5743 1,
2304 5684 2359 5733 et
2392 5696 2464 5742 tv.
2508 5682 2590 5743 t4,
2632 5679 2882 5735 alterum.

1970 5752 2083 5825 (ϐυ)
2124 5754 2301 5809 Codex
2334 5749 2554 5824 Regius,
2585 5751 2765 5824 μόνος.
