3974 6206
477 311 590 370 791’

1941 313 2262 369 ORIGENIS

3601 320 3685 376 πη

478 431 886 501 intelligentiam
915 473 932 498 ,
995 448 1187 502 nempe
1223 434 1371 489 illam
1394 449 1514 503 quin
1537 435 1659 490 dicit
1692 477 1706 500 ,
1738 456 1756 486 ι
1797 437 1934 491 Caro
1971 446 2048 492 cst

2169 433 2366 506 εἴρηται
2388 435 2447 488 τό
2467 452 2479 464 ο
2519 455 2536 485 ι
2564 434 2672 487 Καὶ
2696 433 2802 487 ἰδοὺ
2832 433 3078 508 συλλήψῃ
3107 435 3162 486 ὲν
3197 434 3410 503 γαστρὶ,
3439 435 3523 488 καὶ
3550 439 3682 491 καλέ.

477 526 691 580 inﬁrma
722 525 790 590 ἰ,
840 544 859 577 ›
895 541 1025 580 caro
1045 527 1210 580 etiam
1241 529 1550 596 perturbata
1578 537 1693 585 est:
1727 529 1840 582 haec
1873 540 2052 582 ιιυιυιιι

479 633 609 670 caro
641 627 759 669 erat
785 615 944 671 (Iesus
966 617 1156 686 ,juxta
1194 619 1320 671 ilhid
1347 619 1488 688 quod
1518 635 1550 673 a
1580 619 1830 676 Gabriele
1874 621 2054 675 Mariae

478 705 680 759 dictum
710 715 831 760 est:
873 725 892 758 ι
927 705 1068 762 Ecce
1109 709 1386 776 coneipies
1419 711 1472 763 in
1504 719 1659 765 utero
1685 751 1700 775 ,
1753 721 1801 766 et
1837 712 2054 766 vocabis

478 810 672 850 nomen
695 796 812 866 cjns
839 797 1049 854 Jesum.
1091 798 1188 854 ilic
1211 801 1322 865 erit
1350 817 1599 872 magnus,
1634 811 1689 858 et
1722 803 1862 856 ﬁlius
1891 802 2054 857 Altis-

476 885 599 939 simi
627 888 912 942 vocabitur
934 889 1003 943 ⁸³.
1039 907 1059 940 ι
1084 891 1350 944 Caeterum
1386 892 1600 947 notabis
1623 892 1675 946 iu
1705 893 1788 947 his
1820 907 1940 962 qua:
1968 891 2052 945 in-

475 974 827 1046 dagavimus,
873 980 1146 1048 quomodo
1186 997 1285 1035 vox
1331 992 1551 1036 testatus
1589 994 1662 1037 est
1696 983 1964 1038 referatur
1987 982 2054 1036 ad

475 1082 538 1121 ea
600 1070 786 1133 verba,
842 1088 861 1122 ι
912 1071 1062 1127 Unus
1097 1086 1164 1126 ex
1199 1073 1354 1127 vobis
1399 1089 1485 1129 me
1514 1075 1826 1144 proditurus
1875 1084 1980 1132 est.
2029 1094 2048 1128 ι

476 1159 592 1216 Hoc
627 1163 827 1216 etenim
857 1162 1060 1218 dictum
1104 1164 1420 1236 discipulis,
1462 1174 1518 1222 et
1560 1167 1941 1235 prophetatum
1988 1166 2056 1222 de

475 1251 633 1336 .liuda,
664 1252 756 1322 qui
785 1253 952 1327 434
983 1270 1122 1311 unus
1151 1266 1268 1310 erat
1300 1272 1366 1310 ex
1391 1257 1500 1324 eis,
1545 1257 1911 1312 testimonium
1937 1267 2057 1312 erat

475 1345 788 1414 :eqiiivoce,
814 1346 1042 1415 opinor,
1069 1363 1189 1402 cuin
1227 1347 1316 1400 illa
1341 1347 1746 1418 signiﬁcatione
1768 1362 1888 1418 qua:
1915 1362 1944 1402 a
1971 1356 2056 1402 te-
2081 1403 2086 1410 _

475 1435 674 1489 stando
721 1444 776 1490 et
823 1437 1104 1493 moriendo
1134 1453 1232 1508 pro
1274 1437 1370 1492 Dei
1411 1437 1559 1492 cultu
1602 1437 1910 1494 deducitur.
1948 1437 2058 1494 Nec

475 1527 619 1582 enim
651 1529 901 1584 eamdem
928 1529 1382 1600 signiﬁcationem
1414 1530 1580 1586 fuisse
1605 1535 1728 1585 rear
1753 1545 1848 1600 per
1871 1545 2056 1585 vocem

476 1628 700 1698 testam:
726 1630 802 1674 est
827 1661 842 1686 ,
866 1621 1086 1689 quando
1115 1621 1426 1676 declaratur
1455 1623 1676 1677 verbum
1705 1623 1858 1689 illud,
1888 1637 1920 1676 a
1950 1637 2058 1692 quo

475 1713 508 1784 ὁ,
533 1711 746 1788 μάρτυς
781 1710 917 1783 [hoc
947 1721 1032 1767 est
1061 1711 1250 1785 testia]
1280 1713 1373 1769 Dei
1411 1723 1466 1770 et
1495 1713 1698 1769 Christi
1737 1715 1820 1770 sui
1853 1714 2056 1785 ﬁgura-

479 1813 716 1868 tnsrst,
765 1813 820 1859 et
862 1821 1007 1860 nunc
1031 1806 1247 1876 quando
1301 1807 1540 1860 refertur
1594 1806 1661 1860 ad
1704 1806 1819 1861 hinc
1870 1805 2056 1872 verba,

483 1913 502 1943 ι
543 1894 686 1948 Unus
726 1911 792 1950 ex
843 1895 998 1950 vobis
1041 1911 1125 1950 me
1170 1895 1488 1966 proditurus
1527 1881 1632 1951 est.
1675 1915 1694 1948 ι
1734 1896 1926 1950 Adhuc
1961 1910 2060 1965 pro

478 1985 686 2040 viribus
731 1987 989 2048 observo,
1048 2005 1067 2038 ι
1112 1985 1264 2041 Unus
1311 2002 1377 2041 ex
1427 1987 1582 2042 vobis
1624 2001 1710 2042 me
1747 1986 2060 2056 proditurus

480 2091 562 2130 es:
583 2117 598 2140 ,
647 2096 664 2128 ι
704 2077 846 2146 quod
876 2075 1110 2132 refertur
1147 2080 1214 2133 ad
1239 2075 1456 2142 Judam,
1484 2093 1552 2132 ne
1579 2077 1720 2132 forte
1749 2078 1853 2150 huc
1878 2087 2066 2134 osten-

480 2166 570 2218 dat
600 2182 722 2220 eum
755 2165 822 2220 ab
850 2167 1046 2222 ordine
1083 2167 1386 2238 apostolico
1412 2167 1702 2232 decidisse,
1739 2169 1794 2242 in
1824 2182 1930 2239 quo
1956 2169 2062 2224 fuit

481 2270 533 2312 et
561 2257 677 2326 ipse
700 2257 1062 2324 sublimatus,
1112 2259 1257 2336 quod
1305 2258 1602 2328 aliquando
1646 2273 1798 2330 aeque
1835 2259 2064 2315 affectus

483 2351 644 2406 fuerit
673 2360 838 2421 atque
869 2352 957 2406 alii
993 2337 1250 2422 apostoli.
1295 2353 1386 2408 Sic
1421 2353 1568 2407 enim
1609 2368 1710 2424 ego
1739 2353 1981 2426 intelligo
2011 2362 2067 2408 et

483 2444 650 2499 illud:
679 2463 698 2496 ι
730 2445 805 2500 Ειι
828 2445 999 2500 Adam
1023 2444 1198 2500 factus
1225 2453 1309 2501 est
1330 2445 1484 2516 quasi
1509 2462 1650 2502 unus
1671 2461 1736 2501 ex
1759 2446 1918 2504 nobis
1939 2447 2014 2514 ⁸⁶;
2039 2465 2062 2500 ι

483 2539 742 2606 quoniam
794 2553 862 2592 ne
911 2537 1022 2593 illic
1072 2536 1291 2606 quidem
1337 2537 1540 2592 dictum
1582 2538 2064 2609 fueritquasinos,

483 2625 568 2678 vel
595 2627 748 2695 quasi
775 2642 906 2695 ego;
942 2625 1035 2680 sed
1069 2631 1290 2694 propter
1324 2639 1490 2677 unum
1520 2624 1612 2693 qui
1656 2624 1854 2678 cecidit
1882 2640 1910 2676 a
1933 2625 2070 2692 bea-~

487 2718 737 2794 titudine,
774 2715 930 2786 quasi
967 2731 1106 2770 unus
1129 2731 1194 2768 ea:
1241 2714 1390 2769 nobis
1415 2758 1427 2779 ,
1457 2714 1714 2784 quoniam
1755 2729 1894 2768 unus
1922 2715 2066 2769 ceci-

487 2807 602 2872 dit;
641 2808 782 2876 quod
829 2807 994 2862 etiam
1044 2807 1338 2862 concinere
1371 2807 1500 2861 mihi
1551 2805 1765 2861 videtur
1806 2820 1930 2861 cum
1963 2804 2068 2860 hoc

489 2913 650 2954 versu
679 2914 692 2950 :
740 2915 759 2949 ι
802 2897 908 2953 Vos
931 2908 1110 2953 autem
1143 2898 1301 2966 quasi
1334 2897 1584 2952 homines
1640 2896 1942 2950 moriemini
1965 2935 1982 2960 ,
2013 2907 2070 2950 et

488 2989 646 3058 quasi
677 3005 819 3068 unus
845 2991 912 3046 de
935 2991 1274 3061 principibus
1313 2988 1523 3044 cadetis
1549 2988 1616 3045 ⁸⁷.
1654 3005 1673 3040 i
1704 2987 1892 3044 Plures
1921 2987 2067 3043 enim

2159 543 2270 591 σεις
2297 526 2356 580 τὸ
2383 527 2553 597 ὄνομα
2577 525 2741 579 αὑτοῦ
2787 525 3012 596 Ἰησοῦν.
3038 520 3207 589 Οὗτος
3233 527 3383 579 ἔσται
3412 527 3586 596 μέγας,
3609 532 3686 584 καὶ

2157 617 2272 681 υἱὸς
2317 617 2569 687 Ὑψίστου
2602 616 2953 688 κληθήσεται.
2993 636 3011 668 ι
3049 617 3342 689 Σημειώση
3371 619 3428 670 δὲ
3455 619 3565 674 τινα
3594 624 3688 693 τρόο

2157 728 2257 764 πον
2308 712 2365 763 ἐν
2407 713 2518 774 τοῖς
2555 707 2966 780 ὲξεταζομένοις
3007 709 3088 774 τὸ,
3127 710 3549 778 ἐμαρτύρησεν,
3583 715 3686 766 ἀνα-

2155 802 2377 874 φέρεται
2407 803 2500 855 ἐπὶ
2527 801 2638 872 (66)
2667 801 2727 854 τό
2750 818 2764 832 ο
2803 819 2822 852 ι
2861 794 2957 865 Εἷς
2989 800 3048 868 ἐξ
3073 802 3225 874 ὑμῶν
3249 802 3546 874 παραδώσει
3578 822 3678 873 με.»

2157 896 2268 950 Καὶ
2323 895 2481 950 τοῦτο
2515 895 2616 966 μὲν
2661 893 2950 963 λεγόμενον
2992 895 3086 947 καὶ
3117 894 3575 965 προφητευόμενον
3601 899 3689 958 τοῖς

2160 987 2429 1058 μαθηταῖς
2470 987 2597 1059 περ).
2631 984 2723 1038 τοῦ
2760 983 2929 1038 Ἰούδα
2957 984 3051 1038 τοῦ
3078 985 3194 1048 ἐνὸς
3221 983 3282 1049 ἐξ
3310 984 3487 1037 αὐτῶν
3525 1003 3690 1056 μαρτυ-

2159 1081 2250 1153 ρία
2296 1076 2366 1152 ἦν
2415 1080 2720 1152 ὁμώνυμος,
2755 1075 2931 1152 οἶμαι,
2966 1079 3043 1150 τῷ
3099 1077 3250 1150 παρά
3297 1077 3360 1130 τὺ
3415 1084 3690 1149 μαρτυρεῖν,

2157 1173 2251 1227 καὶ
2291 1172 2656 1244 ἀποθνήσκειν
2695 1171 2835 1243 ὑπὲρ
2869 1170 3178 1234 θεοσεϐείας
3224 1169 3615 1241 σημαινομένῳ·
3641 1173 3688 1223 οὗ

2157 1264 2268 1337 γὰρ
2292 1263 2464 1318 ταῦτα
2482 1263 2687 1335 νομίζω
2712 1261 3076 1335 σημφεσθαι
3104 1263 3162 1315 ὲν
3177 1259 3276 1330 τῷ,
3300 1259 3690 1329 ἐμαρτύρησεν,

2158 1359 2247 1412 ὅτε
2291 1356 2546 1428 δηλοῦται
2571 1356 2632 1410 τὸ
2673 1357 2824 1428 ῥῆμα
2871 1356 2999 1426 παρ’
3029 1353 3058 1407 δ
3098 1355 3308 1426 μάρτυς
3340 1352 3700 1423 ἐσχημάτισται

2157 1448 2254 1502 τοῦ
2286 1447 2422 1502 Θεοῦ
2444 1489 2458 1514 ,
2492 1449 2588 1501 καὶ
2613 1446 2708 1500 τοῦ
2745 1445 2980 1518 Χριστοῦ
3013 1443 3202 1510 αὐτοῦ,
3238 1444 3333 1496 καὶ
3361 1443 3454 1496 νῦν
3483 1444 3560 1496 ὅτε
3588 1446 3696 1498 ἀνα-

2160 1539 2382 1611 φέρεται
2419 1538 2512 1592 ἐπὶ
2544 1537 2655 1610 (67)
2687 1538 2778 1591 τό·
2820 1557 2838 1588 ι
2871 1531 2967 1600 Εἷς
2991 1536 3050 1601 ἐξ
3078 1535 3230 1607 ὑμῶν
3261 1533 3560 1605 παραδώσει
3581 1552 3652 1605 με.
3676 1553 3692 1586 ι

2165 1631 2285 1684 Ἔτι
2308 1629 2450 1684 κατά
2491 1628 2720 1700 δύναμιν
2750 1628 2861 1698 ἐγὼ
2903 1629 3166 1699 ἐφιστημι
3198 1627 3292 1682 καὶ
3324 1625 3432 1697 τῷ’
3487 1645 3504 1677 ε
3542 1621 3624 1689 Εἷς
3652 1626 3699 1690 ἐξ

2161 1722 2334 1794 ὑμῶν,
2377 1742 2396 1774 ι
2450 1723 2840 1794 ἀναφερομένῳ
2883 1721 2976 1775 ἐπὶ
3014 1721 3106 1776 τὸν
3143 1720 3365 1786 Ἰούδαν,
3400 1719 3593 1790 μήποτε
3618 1719 3700 1788 έμ-

2162 1815 2342 1886 φαίνει
2393 1815 2454 1869 τὸ
2493 1815 2601 1871 ἀπὸ
2641 1815 2848 1882 τάξεως
2888 1814 3275 1884 ἀποπολικῆς,
3297 1815 3357 1878 ὲν
3455 1813 3540 1866 καὶ
3567 1812 3702 1876 αὐτὸς

2162 1905 2372 1978 ὖψωται
2409 1906 2516 1978 (68)
2550 1905 2628 1978 τῷ
2649 1905 2887 1960 διάθεσίν
2922 1924 3053 1960 ποτε
3082 1904 3464 1976 παραπλησίαν
3489 1906 3586 1967 τοῖς
3611 1903 3700 1956 λοι-

2161 1999 2283 2061 ποῖς
2315 1996 2630 2060 ἀποστόλοις
2655 1995 2799 2068 ἔχειν
2830 1995 3012 2062 αὑτὸν,
3044 1995 3496 2050 ἀποπεπτωκέναι
3514 2006 3529 2021 ⁸
3557 1993 3702 2056 οὕτως

2161 2087 2271 2160 γάρ
2312 2087 2424 2157 ἐγὼ
2447 2089 2658 2160 ηκουσα
2689 2090 2783 2142 καὶ
2809 2087 2904 2141 τοῦ
2923 2105 2936 2118 ·
2979 2107 2998 2140 ι
3021 2088 3152 2142 Ἰδοὺ
3201 2087 3372 2158 Ἀδὰμ
3401 2086 3608 2156 γέγονεν
3640 2085 3704 2148 ὡς

2164 2178 2245 2246 εἷς
2275 2181 2335 2247 ἐξ
2359 2181 2543 2254 ἡμῶν·
2587 2201 2606 2235 i
2635 2181 2757 2234 ἐπεὶ
2788 2179 2920 2250 μηδὲ
2947 2180 3062 2234 ἐκεῖ
3092 2178 3328 2250 εἴρηται,
3359 2178 3437 2244 ὠς
3463 2176 3634 2246 ἡμεῖς,
3655 2173 3706 2245 ἦν

2163 2274 2244 2342 ὡς
2269 2273 2405 2344 ἐγὼ,
2445 2273 2580 2329 ἀλλά
2610 2273 2699 2328 διά
2732 2272 2824 2327 τὸν
2864 2272 2959 2325 ἕνα
3003 2270 3307 2326 ἐκπεσόντα
3351 2271 3448 2342 τῆς
3481 2267 3706 2342 μακαριό-

2162 2381 2344 2435 τητος,
2385 2364 2473 2418 τόο
2516 2365 2613 2430 Ὠς
2641 2361 2722 2430 εἷς
2764 2363 2835 2427 ἐξ
2865 2363 3066 2432 ἡμῶν,
3099 2361 3174 2425 ὡς
3206 2356 3288 2424 εἷς
3323 2359 3602 2414 πέπτωκε·
3631 2358 3712 2411 καὶ

2167 2457 2411 2528 συνᾴδειν
2441 2474 2530 2528 μοι
2561 2455 2709 2510 δοκεῖ
2729 2457 2822 2509 καὶ
2847 2452 2984 2527 μετά
3017 2453 3109 2508 τοῦ
3128 2470 3142 2484 ο
3171 2473 3189 2504 ι
3236 2453 3426 2523 Ὑμεῖς
3459 2451 3560 2522 (69)
3584 2448 3709 2512 δὲὼς

2166 2545 2440 2618 ἅνθρωποι
2465 2544 2858 2616 ἀποθνήσκετε,
2884 2545 2978 2597 καὶ
3003 2543 3078 2607 ὼς
3103 2537 3182 2606 εἷς
3210 2541 3317 2594 τῶν
3352 2539 3614 2612 ἀρχόντων
3638 2537 3708 2589 πί-

2169 2653 2330 2690 πτετε
2350 2652 2363 2666 ·
2405 2654 2424 2688 ›
2456 2633 2718 2689 πλειόνων
2768 2633 2877 2704 γὰρ
2931 2631 3203 2704 ἀρχόντων
3230 2629 3551 2700 γενομένων,
3579 2628 3606 2678 ό
3645 2621 3709 2688 εἷς

2170 2726 2479 2791 πέπτωκεν,
2526 2719 2572 2795 ᾧ
2617 2725 3008 2797 παραπλησίως
3056 2720 3382 2795 μιμούμενοι
3406 2719 3501 2791 τὴν
3531 2717 3716 2772 ἐκείνου

2169 2819 2378 2874 πτῶσιν
2415 2818 2702 2872 πίπτουσιν
2737 2817 2787 2870 οἱ
2816 2815 3222 2890 ἁμαρτάνοντες
3241 2829 3255 2842 ο
3295 2811 3372 2875 ὼς
3400 2809 3505 2880 γάρ
3535 2809 3710 2870 ἐκεῖνος

2169 2914 2226 2966 ὲν
2271 2911 2488 2982 θεότητι
2531 2909 2810 2982 τυγχάνων
2839 2905 3144 2970 πέπτωκεν,
3196 2904 3339 2958 οὕτω
3371 2901 3614 2972 καὶπρὸς
3637 2897 3711 2960 οὓς

2169 3003 2198 3056 ό
2233 3002 2404 3071 Λόγος
2435 3000 2569 3071 φησὶ
2601 2999 2662 3053 τό
2689 3016 2701 3029 ·
2745 3015 2764 3050 ι
2809 2995 2949 3065 Ἐγὼ
2984 2991 3144 3048 εἶπα·
3179 2992 3303 3046 Θεοί
3339 2993 3484 3055 ὲστε,
3515 2988 3602 3042 καὶ
3627 2982 3713 3037 υἱοὶ

489 3098 612 3154 cum
635 3090 816 3138 essent
846 3083 1146 3152 principes,
1175 3097 1313 3136 unus
1347 3081 1490 3147 ruit,
1529 3079 1680 3147 cuius
1710 3081 1921 3134 ruinam
1953 3079 2066 3134 fere

2183 3094 2436 3166 Ὑψίστου
2455 3094 2653 3155 πάντες
2675 3107 2686 3118 ·
2711 3109 2730 3142 ι
2763 3088 3129 3149 ἀποπεσόντες
3150 3085 3207 3138 δὲ
3232 3083 3331 3154 τῆς
3349 3079 3713 3154 μακαριότητος

491 3173 767 3231 innitentes
795 3183 1135 3247 peccatores,
1169 3175 1312 3230 illius
1342 3174 1495 3230 ruina
1544 3182 1730 3228 ruunt.
1801 3172 1874 3229 Ut
1918 3173 2065 3228 enim

491 3270 580 3325 ille
601 3271 655 3324 iii
679 3269 958 3324 divinitate
980 3267 1252 3324 exsistens
1274 3269 1403 3334 ruit,
1429 3267 1509 3322 sic
1532 3275 1586 3322 et
1608 3265 1644 3320 ii
1669 3267 1864 3336 quibus
1888 3281 2068 3322 sermo

493 3363 584 3418 ille
607 3363 825 3435 inquit:
863 3381 883 3416 ι
918 3363 1028 3432 Ego
1063 3361 1215 3416 dixi:
1282 3359 1366 3415 Dii
1416 3360 1587 3426 estis,
1631 3369 1688 3416 et
1735 3358 1830 3413 ﬁlii
1857 3359 2068 3415 Excelsi

493 3471 684 3514 omnes
706 3456 774 3512 ⁸⁸.
811 3475 833 3512 ι
889 3457 1026 3512 Cum
1080 3465 1262 3510 autem
1298 3452 1596 3510 ceciderint
1635 3467 1665 3506 a
1714 3452 2068 3519 beatitudine,

495 3565 617 3608 cum
652 3548 1028 3620 principaliter
1069 3563 1174 3602 non
1207 3554 1392 3602 essent
1442 3545 1692 3601 homines
1715 3584 1732 3608 ,
1765 3544 2072 3600 moriuntur

494 3640 650 3707 quasi
681 3639 948 3707 homines,
973 3647 1029 3694 et
1051 3637 1208 3710 quasi
1234 3651 1371 3692 unus
1397 3651 1464 3691 ex
1487 3635 1822 3707 principibus
1845 3635 2066 3690 cadunt.

495 3728 763 3784 Existimo
790 3743 918 3784 vero
947 3729 1110 3784 etiam
1139 3743 1261 3783 eum
1293 3727 1655 3782 admiratione
1706 3725 1848 3780 dicta
1901 3724 2072 3780 fuisse

497 3821 616 3875 haec
650 3821 816 3876 verba
844 3821 938 3876 tali
970 3835 1133 3876 sensu
1165 3835 1178 3871 :
1219 3817 1324 3887 Qui
1365 3833 1449 3872 me
1486 3817 1799 3887 proditurus
1825 3825 1934 3880 est,
1964 3829 2069 3871 non

495 3919 580 3964 est
607 3910 816 3965 alienus
841 3926 871 3964 a
899 3909 1181 3979 discipulis
1211 3909 1366 3973 meis,
1401 3923 1465 3964 ac
1494 3924 1562 3963 ne
1589 3921 1730 3962 unus
1755 3906 1972 3976 quidem
2003 3919 2069 3960 ex

497 3999 683 4055 multis
707 4010 763 4055 et
802 3999 1113 4068 vulgaribus
1143 3998 1444 4069 discipulis,
1477 4001 1572 4053 sed
1601 4013 1740 4052 unus
1762 4012 1829 4051 ex
1856 3995 2071 4052 illorum

499 4090 870 4158 apostolorum
907 4104 1134 4145 numero
1161 4105 1298 4160 quos
1345 4105 1444 4158 ego
1477 4091 1605 4146 mihi
1634 4089 1952 4145 honorando
1981 4088 2074 4142 de-

501 4185 760 4254 legeram.
797 4184 976 4253 Atque
995 4181 1146 4236 inulti
1177 4181 1394 4250 quidem
1425 4182 1514 4252 qui
1539 4181 1724 4236 Jesum
1746 4181 2074 4235 condemna-

502 4283 666 4339 runt,
695 4275 882 4331 dicunt
915 4291 928 4327 :
965 4292 984 4326 ι
1021 4273 1292 4344 Cruciﬁge
1315 4313 1330 4339 ,
1364 4273 1622 4344 eruciﬁge
1660 4289 1784 4328 cum
1819 4273 1900 4340 '9,
1941 4293 1960 4325 ι
1995 4283 2072 4334 et.

505 4387 523 4416 ι
562 4365 714 4422 Tolle
744 4366 890 4422 hunc
915 4381 946 4421 e
977 4376 1122 4420 terra
1153 4365 1235 4430 ὀς
1275 4381 1294 4415 ι
1332 4373 1389 4417 at
1415 4376 1538 4417 eum
1583 4362 1796 4417 tradere
1848 4376 1984 4430 opus
2013 4361 2076 4415 il-

2174 3185 2235 3258 ού
2279 3173 2704 3256 προηγουμένως
2749 3180 2902 3244 ὄντες
2955 3178 3232 3248 ἄνθρωποι
3256 3215 3272 3240 ,
3326 3172 3710 3243 ἀποθνήσκουσι,

2175 3281 2272 3336 καὶ
2309 3278 2386 3343 ὡς
2413 3273 2494 3342 εἷς
2521 3276 2630 3330 τῶν
2672 3275 2948 3348 ἀρχόντων
2991 3271 3270 3324 πίπτουσι.
3318 3263 3541 3336 Νομίζω
3565 3263 3615 3315 δὲ
3640 3259 3716 3313 καὶ

2177 3367 2564 3443 θαυμαστικῶς
2592 3365 2844 3440 εἰρῆσθαι.
2871 3364 3095 3435 τοιούτῳ
3128 3361 3205 3431 νῷ
3231 3359 3292 3413 τὸ
3318 3359 3630 3428 λεγόμενον’
3667 3352 3714 3443 :0

2176 3462 2515 3538 παραδώσων
2563 3477 2632 3530 με
2682 3460 2781 3513 οὐκ
2832 3455 3111 3526 ἀλλότριος
3154 3453 3263 3507 τῶν
3311 3450 3461 3522 ἐμῶν
3494 3442 3715 3538 μαθητῶν

2177 3525 2344 3617 ἐστιν,
2395 3549 2511 3604 ἀλλ’
2549 3525 2670 3602 οὐδὲ
2697 3543 2777 3611 εἷς
2808 3545 2916 3600 τῶν
2941 3525 3150 3598 πολλῶν
3189 3538 3468 3613 μαθητῶν,
3508 3533 3636 3588 ἀλλά
3655 3525 3715 3592 εἷς

2177 3641 2285 3695 τῶν
2317 3642 2376 3694 ὲν
2409 3639 2605 3709 ἐκλογῇ
2646 3654 2735 3708 μοι
2775 3634 3151 3707 τετιμημένων
3189 3628 3523 3684 ἀποστόλων.
3558 3621 3716 3677 Πολλοὶ

2181 3732 2278 3805 μὲν
2312 3727 2405 3786 οὖν
2435 3727 2933 3800 καταψηφιζόμενοι
2972 3724 3065 3779 τοῦ
3109 3721 3283 3793 Ἰησοῦ
3316 3735 3478 3792 φασι·
3517 3737 3535 3769 ι
3573 3712 3714 3768 Σταύ-

2181 3841 2297 3897 ρου,
2326 3822 2559 3893 σταύρου
2593 3820 2774 3886 αὑτὸν,
2813 3838 2832 3871 ι
2880 3818 3006 3872 καί*
3047 3835 3066 3868 ‹
3111 3810 3244 3885 Αἶρε
3272 3812 3382 3868 ἀπὸ
3412 3812 3506 3883 τῆς
3531 3809 3624 3878 γῆς
3643 3805 3714 3857 τὸν

2178 3913 2416 3969 τοιοῦτον
2432 3928 2444 3941 ⁶
2470 3931 2488 3964 i
2509 3911 2570 3965 τὸ
2589 3911 2645 3965 δὲ
2663 3907 2998 3981 παραδοῦναι
3018 3903 3178 3960 αὐτὸν
3196 3905 3354 3975 ἔργον
3378 3897 3445 3972 ἦν
3464 3898 3553 3953 τοῦ
3574 3899 3714 3966 ἑωρα-

2180 4008 2335 4070 κότος
2381 4003 2478 4057 κα).
2517 4000 2832 4072 νενοηκότος
2874 3997 3035 4052 αὐτόν
3055 4013 3066 4024 ·
3115 3992 3432 4049 διδάσκαλον
3459 3989 3560 4060 γὰρ
3582 3983 3713 4040 αὑτὸν

2180 4097 2542 4168 ὲπιστάμενος
2568 4093 2676 4147 τῶν
2712 4089 3046 4164 τηλικούτων
3075 4087 3168 4141 καὶ
3199 4084 3468 4139 τοσούτων
3501 4081 3601 4152 (70)
3629 4092 3712 4148 μα-

2182 4189 2462 4262 θημάτων,
2493 4187 2530 4241 θ.
2561 4185 2680 4240 κατ’
2709 4183 2844 4237 ἰδίαν
2879 4180 3020 4254 μετὰ
3051 4179 3158 4232 τῶν
3186 4175 3494 4232 ἀποστόλων
3526 4173 3711 4262 ἤκουσε,

2181 4261 2274 4334 καὶ
2301 4279 2505 4351 Κύριον
2527 4276 2688 4330 αὑτὸν
2715 4272 2892 4338 εἰδὼς,
2918 4271 3191 4344 παραδοὺς
3223 4269 3335 4339 (71)
3358 4267 3536 4326 αὐτὸν,
3556 4263 3582 4314 ὃ

2185 4371 2411 4443 μέγεθος
2451 4367 2613 4422 αὐτοῦ
2643 4365 2979 4436 παρέδωκεν,
3007 4363 3106 4416 οὐκ
3140 4360 3206 4414 ἂν
3236 4359 3554 4428 ποιήσαντος
3583 4346 3714 4403 τοῦτό

501 4461 608 4514 lius
659 4460 758 4514 fuit
799 4459 890 4529 qui
943 4457 1078 4513 vidit
1129 4467 1182 4512 et
1206 4455 1463 4525 cognovit
1496 4469 1618 4509 eum
1656 4469 1669 4505 :
1702 4453 1884 4508 talium
1929 4454 2066 4507 enim

2175 4441 2320 4530 τινος
2360 4464 2422 4516 τὸ
2463 4461 2692 4532 μέγεθος
2737 4457 2900 4512 αὐτοῦ
2941 4456 3016 4528 μὴ
3064 4452 3494 4525 τεθεωρηκότος·
3529 4445 3609 4499 τὸν
3633 4441 3712 4532 μὲν

501 4562 887 4618 tantarumque
912 4548 1347 4618 disciplinarum,
1373 4561 1512 4616 quas
1543 4544 1772 4600 seorsim
1799 4560 1924 4600 cum
1949 4559 2078 4614 apo-

498 4644 655 4699 stolis
678 4642 948 4707 audierat,
998 4655 1122 4696 cum
1175 4640 1346 4696 sciret
1386 4653 1510 4692 eum
1557 4647 1982 4708 praeceptorem,
2015 4653 2078 4692 ac

500 4737 788 4791 Dominum
823 4747 946 4788 cum
975 4731 1310 4806 agnovisset,
1351 4733 1588 4802 prodens
1621 4744 1768 4794 eum,
1810 4731 2077 4800 magnitu-

502 4829 686 4881 dinem
723 4825 889 4890 illius,
920 4841 1080 4894 quam
1113 4834 1288 4889 norat,
1321 4822 1578 4894 prodidit,
1611 4837 1733 4876 cum
1767 4821 1946 4876 nullus
1978 4822 2068 4890 qui

499 4917 927 4988 magnitudinem
945 4915 1092 4970 illius
1114 4930 1218 4970 non
1233 4914 1481 4981 vidisset,
1503 4923 1724 4968 acturus
1747 4912 1936 4971 fuisset
1953 4913 2072 4967 hoc.

501 5011 639 5064 Nam
664 5007 897 5078 prodens
924 5007 1179 5077 proderet
1200 5007 1288 5061 ille
1317 5006 1534 5075 quidem
1564 5019 1854 5073 maguum;
1891 5012 1946 5056 at
1970 5020 2072 5058 non

503 5101 554 5152 in
580 5107 843 5168 quantum
885 5106 968 5152 est
1005 5111 1264 5167 magnus,
1292 5111 1414 5151 cum
1449 5094 1634 5150 Jesum
1678 5109 1784 5148 nou
1809 5103 1991 5148 nosset
2021 5092 2071 5146 in

2177 4529 2492 4626 γὰρμὲγαν
2525 4529 2929 4622 παραδέδωκεν,
2965 4547 3025 4600 οὺ
3060 4545 3194 4600 καθὸ
3231 4541 3404 4614 μέγας
3434 4537 3586 4600 ἐστὶν,
3613 4529 3713 4626 ἐπεὶ

2179 4621 2559 4720 μὴψείδεκαθὸ
2593 4621 2767 4715 μέγας
2796 4641 2970 4695 ἐστίνο
3007 4641 3036 4692 ὁ
3067 4638 3122 4691 δὲ
3153 4637 3246 4691 καὶ
3281 4629 3466 4706 μαθὼν
3486 4628 3600 4724 Δπῶς
3635 4621 3711 4724 μέ-

2174 4756 2276 4808 γας
2303 4734 2391 4809 ἦν,
2439 4738 2535 4791 καὶ
2581 4734 2856 4808 ἀκροατὴς
2883 4733 3172 4802 γενόμενος
3201 4727 3295 4781 τοῦ
3341 4722 3590 4797 μεγέθους

2174 4806 2230 4884 ἓν
2263 4806 2410 4902 αὐτῷ
2438 4806 2770 4898 σοφίαςίκαὶ
2802 4825 2981 4893 λόγου,
3011 4822 3105 4876 καὶ
3132 4821 3375 4893 χάριτος,
3404 4817 3492 4870 καὶ
3517 4806 3710 4902 προδθπ

2183 4923 2342 4977 αὑτὸν
2382 4897 2686 4991 προέδωκεν
2732 4918 2792 4970 οὐ
2828 4915 2948 4970 καθ’
2997 4913 3116 4968 ὅλον
3153 4911 3181 4964 ὃ
3211 4907 3320 4962 εἶδε
3353 4906 3461 4996 (72)
3499 4897 3708 4996 uersos;-

2181 5011 2281 5066 Διά
2318 4990 2474 5064 τοῦτο
2505 5007 2796 5078 συνέφερεν
2830 5003 2978 5074 αὐτῷ
3010 5003 3060 5054 εἰ
3097 5000 3172 5072 μὴ
3198 4995 3482 5067 ἐγεννήθη,
3515 4990 3607 5043 εἴτε
3632 4990 3710 5051 τὴν

2181 5105 2280 5174 τῆς
2329 5099 2744 5169 παλιγγενεσίας
2786 5097 2997 5167 γένεσιν
3021 5134 3038 5159 ,
3079 5094 3153 5157 ὡς
3209 5092 3275 5144 ἂν
3334 5080 3606 5159 βαθύτερόν
3645 5089 3708 5134 τις

568 5261 616 5291 ⁸⁸
653 5259 843 5314 Matth.
874 5273 1025 5325 xxvi,
1057 5257 1150 5315 ll;
1224 5255 1390 5310 Marc.
1419 5269 1533 5314 xiv.
1557 5253 1659 5325 75$.
1736 5255 1782 5286 ⁸⁸
1811 5253 1942 5308 Luc.
1965 5268 2006 5320 ι,
2035 5254 2066 5308 5

2169 5258 2246 5314 52.
2321 5259 2369 5290 ⁸⁸
2392 5258 2528 5314 Gen.
2563 5272 2645 5320 tu,
2674 5255 2766 5310 22.
2844 5251 3104 5309 l"’Psahn.
3129 5264 3320 5314 LXXXI,
3345 5247 3398 5302 7.
3468 5239 3640 5295 "ibid.
3661 5232 3705 5289 6.

503 5329 548 5361 ⁸³
587 5329 716 5386 Luc.
747 5345 904 5398 mu,
935 5324 1028 5382 σιμ
1106 5328 1154 5359 ⁹⁰
1183 5328 1303 5382 Act.
1341 5341 1477 5392 xxii,
1506 5324 1597 5379 22.

582 5467 692 5536 (66)
738 5468 891 5522 Ἐπί.
921 5467 1079 5522 Deest
1111 5468 1163 5520 in
1196 5465 1388 5522 codice
1419 5465 1618 5535 Regio.

575 5537 688 5608 (67)
729 5538 875 5608 Ἐπί.
908 5537 1069 5608 Deest
1100 5538 1152 5590 in
1183 5539 1373 5608 codice
1412 5537 1606 5608 Regio.

573 5598 685 5677 (68)
719 5607 900 5677 Codex
941 5605 1139 5677 Regius
1181 5607 1377 5677 habet,
1421 5598 1571 5677 ὲνξῇ
1617 5605 1779 5677 αὐτος
1813 5601 1952 5670 ὕψω,
1987 5598 2084 5677 τέῖλ

575 5667 688 5745 (69)
716 5676 858 5746 Idem
887 5667 1067 5746 eode},
1088 5675 1308 5746 Regius,
1339 5667 1414 5739 ὡς
1440 5667 1821 5746 εἷς,”συνᾴδειν
1862 5667 1958 5743 ’μοι
2001 5667 2090 5722 δο-

507 5743 594 5804 κεῖ
623 5743 712 5802 καὶ
731 5745 869 5818 μετὰ
900 5743 991 5796 τό·
1040 5743 1245 5814 Ὑμεῖς.

2262 5459 2375 5530 (70)
2406 5460 2584 5530 Codex
2613 5457 2839 5530 Regius,
2872 5437 3386 5530 eqktxoutdw‘Be‘xai.
3415 5439 3636 5500 τοσῶνδε.

2263 5517 2376 5597 (71)
2405 5529 2548 5584 idem
2580 5517 2750 5581 code}:
2787 5517 3013 5597 Regius,
3047 5517 3396 5597 παραδιδούς.
3441 5587 3472 5597 ,Α
3564 5579 3575 5597 ε

2265 5587 2376 5670 (72)
2405 5600 2508 5670 Pro
2535 5599 2596 5650 ού
2627 5597 2752 5670 δια-θ’
2779 5587 2901 5670 δλον
2927 5592 2974 5670 ,ὃ
3001 5587 3153 5670 ἐῖδεξ,
3182 5587 3537 5670 quod_legi'tur
3563 5587 3607 5633 in
3635 5587 3707 5627 κο·

2193 5651 2313 5729 uice
2327 5651 2660 5735 'Dodieiano,
2682 5666 2887 5738 Regius
2924 5663 3088 5720 habet
3117 5651 3147 5714 ὃ
3173 5651 3387 5722 Ᾰουκᾶς
3409 5651 3528 5710 me.
