3936 6196
228 248 360 303 ἰεη
1320 241 1678 302 COMMENT.
1712 245 1781 300 IN
1813 244 2008 304 JOAN.
2040 244 2287 303 TOMUS
2323 244 2539 301 XXXII.
3437 247 3541 305 793
3582 278 3589 285 -

233 358 548 431 cipqxévat
571 376 586 391 ’
614 379 632 412 ι
669 361 863 433 Ἀμὴν,
890 358 1039 432 ἀμὴν
1061 357 1206 429 λέγω
1235 358 1387 428 ὑμῖν,
1409 360 1493 413 ὅτι
1511 352 1594 423 εἷς
1616 359 1678 424 ἐξ
1703 358 1857 432 ὑμῶν

1959 358 2108 429 quod
2130 358 2455 428 simpliciter
2479 355 2820 427 intelligitur,
2850 356 2966 413 Itale
2994 356 3250 426 quiddam
3270 356 3538 419 declarat.

239 449 580 519 παραδώσει
630 468 722 523 με,
758 470 779 503 ι
810 453 902 505 ἐπὶ
952 450 1208 505 τοσοῦτον
1264 452 1546 523 τραπῆναι
1596 453 1690 506 καὶ
1734 452 1856 504 ἑπι-

1966 450 2113 519 quod
2140 448 2516 517 unusquisque
2556 446 2713 516 juxta
2760 446 2906 501 vires
2950 447 3199 501 humana:
3238 456 3447 504 natura:
3483 450 3539 503 in

230 541 526 596 λαθέσθαι
563 543 671 596 τῶν
699 543 794 598 τοῦ
843 544 1175 599 Διδασκάλου
1227 544 1601 617 μαθημάτων,
1637 542 1714 607 ὡς
1760 544 1857 597 καὶ

1960 540 2301 610 propositum
2330 540 2555 595 alterius
2579 540 2905 605 intueretur,
2937 537 3259 593 addubitans
3277 554 3345 592 an
3368 540 3543 610 possit

239 634 353 687 ἐπὶ
400 634 506 706 τὴν
528 634 815 705 προδοσίαν
854 633 1020 689 αὐτοῦ
1062 636 1307 706 φθάσαι·
1340 633 1653 707 ἑμφαντικὴ
1684 635 1793 706 γὰρ
1820 639 1854 708 ἡ

1963 634 2146 691 anima
2185 648 2302 701 qna:
2332 631 2465 687 talia
2492 633 2788 703 peregerit,
2822 640 2880 686 et
2910 631 2990 687 sic
3016 629 3215 686 ail’ecta
3265 648 3392 702 erga
3448 648 3542 689 ve-

243 726 391 796 περὶ
416 726 528 779 τῶν
554 725 810 798 μαθητῶν
828 726 973 793 λέξις
1003 728 1059 798 ἡ,
1084 745 1107 781 t
1130 725 1521 798 ’Δπορούμενοι
1554 725 1684 795 περὶ
1710 724 1856 789 τίνος

1964 739 2143 779 racent
2168 722 2510 793 Magistrum,
2542 723 2637 793 qui
2667 737 2795 780 vere
2820 732 3050 778 testatus
3081 722 3242 777 fuerit
3268 723 3538 780 dicendo:

232 816 446 886 λέγει⁸
490 837 508 869 ι
559 817 620 869 οὗ
658 816 770 888 γάρ
811 817 1077 888 εὐπόρουν
1116 816 1372 888 ἒννοῆσαι
1425 816 1552 887 περὶ
1600 814 1745 877 τίνος
1793 815 1857 868 τὸ

1970 834 1989 866 ι
2029 816 2226 877 Antea,
2255 830 2414 871 anteu
2441 814 2564 868 dico
2592 814 2769 879 vobis,
2800 813 2946 883 quod
2980 829 3123 867 unus
3154 828 3218 866 ex
3250 814 3405 869 vobis
3450 828 3543 870 me

245 908 663 980 προειρημένον
834 907 950 962 ἀλλ’
996 903 1137 980 ἦσαν
1165 909 1296 980 περὶ
1318 907 1511 962 τούτου
1534 907 1856 980 ἀπορούμε-

1959 904 2276 976 proditurus
2300 917 2406 969 est,
2439 923 2458 957 ι
2486 903 2539 958 in
2570 914 2783 959 tantum
2833 904 3137 968 immutari,
3185 916 3238 958 et
3270 904 3540 960 σοι)ιίνίεοί

240 1014 375 1061 τοι,
413 997 510 1051 καὶ
561 996 712 1052 οὐδὲν
756 995 882 1052 οὔτε
912 1000 1055 1051 νοεῖν
1075 1036 1090 1063 ,
1118 996 1247 1052 οὔτε
1278 996 1463 1066 λέγειν
1498 997 1672 1068 σαφὲς
1703 995 1857 1067 εὐρε-

1959 997 2326 1053 doctrinarutn
2354 996 2622 1069 Magistri,
2654 1006 2716 1051 ut
2748 995 2817 1050 ad
2855 1011 2977 1050 eum
3034 996 3359 1051 tradendum
3408 1011 3541 1066 per-

249 1104 512 1151 σκοντες.
1958 1089 2264 1146 venirent:
2312 1090 2597 1159 empbasiu
2658 1090 2809 1145 enim
2865 1090 3030 1145 habet
3084 1089 3252 1144 dictio
3308 1089 3421 1143 lucc
3472 1089 3542 1142 de

248 1183 570 1253 discipulis,
627 1202 648 1237 ι
702 1182 1021 1241 dubitantes
1071 1183 1140 1239 de
1188 1196 1302 1253 quo
1353 1181 1593 1247 diceret,
1639 1201 1660 1235 ι
1722 1197 1831 1237 non
1883 1182 2028 1237 enim
2116 1184 2397 1239 habebant
2446 1184 2657 1252 capiam
2722 1184 2996 1254 cogitandi
3046 1183 3135 1239 cui
3211 1192 3545 1253 competeret

250 1276 409 1348 quod
449 1275 763 1345 przedictum
833 1275 1043 1341 fuerat,
1067 1277 1165 1331 sed
1201 1275 1272 1330 de
1303 1274 1408 1330 hoc
1452 1273 1792 1339 dubitabant,
1832 1272 1972 1328 nibil
2016 1286 2265 1340 apertum
2321 1274 2407 1330 vel
2438 1275 2685 1345 cogitare
2738 1275 2821 1329 vel
2863 1275 3046 1329 dicere
3081 1275 3434 1330 invenientes.

333 1368 422 1423 15.
458 1358 598 1422 «Ἦν
627 1367 987 1437 ἀνακείμενος
1023 1362 1105 1430 εἷς
1137 1368 1204 1421 ἑκ
1248 1365 1355 1420 τῶν
1402 1365 1660 1438 μαθητῶν
1689 1364 1855 1419 αὐτοῦ

2039 1366 2126 1422 15.
2159 1385 2181 1420 ι
2215 1366 2345 1421 Erat
2370 1376 2555 1422 autem
2586 1381 2727 1423 unus
2758 1381 2825 1422 ex
2856 1366 3139 1438 discipulis
3164 1365 3295 1422 Jesu
3330 1384 3540 1423 recont-

235 1460 317 1513 έν
343 1455 430 1529 τῷ
458 1456 642 1528 κόλπῳ
666 1456 764 1511 τοῦ
802 1455 979 1529 Ἰησοῦ
1000 1497 1015 1523 ,
1048 1457 1108 1510 ὃν
1132 1456 1327 1526 ἠγάπα
1353 1458 1383 1512 6
1430 1454 1657 1527 Ἰησοῦς.
1692 1453 1857 1508 Νεύει

1963 1456 2178 1513 bensiu
2208 1457 2330 1513 sinu
2383 1458 2573 1529 ipsius,
2617 1472 2779 1527 quem
2826 1457 3087 1526 diligebat
3133 1457 3315 1514 Jesus.
3361 1460 3544 1514 lnuttit

238 1545 351 1605 οὖν
382 1548 559 1620 τούτῳ
592 1550 775 1621 Σίμων
801 1549 1012 1621 Πέτρος
1034 1591 1051 1617 ,
1078 1551 1174 1603 καὶ
1205 1549 1353 1620 λέγει
1392 1549 1577 1620 αὐτῷ·
1608 1550 1745 1603 Εἰπὲ
1768 1549 1855 1615 τίς

1959 1563 2089 1619 ergo
2119 1550 2249 1605 buic
2280 1550 2468 1604 Simon
2501 1547 2718 1613 Petrus,
2741 1558 2794 1603 et
2816 1547 2958 1602 dixit
2983 1548 3056 1615 ei,
3084 1557 3141 1601 ut
3168 1549 3543 1605 sciscitaretur

242 1645 376 1697 ἐστι
409 1642 540 1714 περὶ
566 1636 628 1698 οῦ
656 1641 827 1711 λέγει.
868 1640 1183 1696 ’Λναπεωὼν
1213 1643 1419 1706 ἐκεῖνος
1442 1641 1536 1695 ἐπὶ
1568 1640 1631 1695 τὸ
1659 1641 1857 1713 στῆθος

239 1732 350 1787 τοῦ
397 1732 595 1805 Ἰησοῦ,
624 1733 775 1803 λέγει
803 1733 953 1806 αὐτῷ
971 1750 987 1765 ·
1022 1734 1226 1807 Κύριε,
1250 1732 1335 1798 τίς
1363 1735 1515 1788 ἐστιν
1540 1748 1555 1799 ;
1595 1733 1855 1805 Ἀποκρί-

241 1840 410 1879 νεται
434 1820 529 1879 οὖν
554 1826 586 1879 6
628 1824 874 1897 Ἰησοῦς-
925 1826 1165 1893 Ἐκετνός
1199 1828 1348 1880 ἔστιν
1391 1820 1437 1897 ᾧ
1465 1824 1577 1896 ἐγὼ
1608 1824 1763 1897 βάψω
1792 1825 1855 1881 τὸ

239 1913 491 1993 ψωμίον.
529 1912 718 1984 Βάψας
739 1912 835 1971 οὖν
864 1915 927 1970 τὸ
950 1914 1168 1987 ψωμίον
1198 1914 1488 1987 λαμᾶάνει,
1513 1915 1611 1970 καὶ
1635 1915 1854 1970 δίδωσιν

256 2000 444 2074 Ἰούδᾳ
469 2002 672 2073 Σίμωνι
712 2002 1037 2077 ’Ῑσιαριώτῃ
1066 2003 1177 2077 (83)
1198 2020 1215 2038 ο
1245 2005 1344 2060 καὶ
1382 2003 1523 2077 μετά
1551 2004 1616 2059 τὸ
1634 2004 1852 2076 ψωμίον

243 2092 379 2148 τότε
410 2090 661 2163 εἰσῆλθεν
687 2093 768 2156 εἰς
803 2094 1014 2148 ἐκεῖνον
1045 2096 1075 2148 6
1101 2093 1366 2158 Σατανᾶς.
1397 2093 1562 2165 Λέγει
1588 2090 1680 2150 οὖν
1704 2095 1856 2167 αὐτῷ

255 2184 291 2240 6
316 2182 530 2256 Ἰησοῦς
553 2200 567 2218 ·
596 2185 662 2240 ὀ
685 2187 878 2253 ποιεῖς,
902 2186 1134 2258 ποίησον
1161 2187 1368 2258 τάχιον.
1395 2187 1570 2242 Τοῦτο
1594 2188 1653 2243 δὲ
1682 2188 1857 2252 οὐδεὶς

252 2282 404 2344 ἔγνω
420 2277 534 2332 τῶν
557 2279 935 2351 ἀνακειμένων
956 2279 1095 2351 πρὸς
1123 2280 1175 2335 τί
1190 2276 1353 2338 ἐἶπεν
1374 2280 1553 2353 αὐτῷ·
1574 2280 1724 2345 τινὲς
1747 2280 1856 2353 γάρ

254 2361 507 2433 “how,
526 2369 649 2423 ἐπεὶ
674 2369 737 2424 τὸ
764 2369 1152 2442 γλωσσόκομον
1177 2366 1325 2442 εἶχεν
1356 2371 1578 2437 Ἰούδας,
1600 2372 1684 2426 ὅτι
1707 2369 1856 2439 λέγει

253 2454 412 2530 αὐτῷ
455 2459 695 2532 Ἰησοῦς·
740 2460 1036 2534 Ἀγόρασον
1075 2455 1153 2518 ὧν
1184 2463 1378 2535 χρείαν
1420 2462 1618 2534 ἔχομεν
1642 2463 1727 2527 εἰς
1755 2462 1858 2535 τὴν

253 2545 489 2619 ἑορτήν·
521 2549 555 2620 ἢ
586 2552 699 2614 τοῖς
724 2555 959 2624 πτωχοῖς
998 2553 1085 2607 ἵνα
1103 2570 1162 2607 τι
1200 2553 1298 2625 δῷ.
1333 2571 1353 2607 ι
1392 2554 1453 2608 '0
1478 2554 1537 2607 ιν
1562 2553 1643 2624 τῷ
1670 2551 1857 2624 κόλπῳ

251 2636 355 2692 τοῦ
402 2639 578 2709 Ἰησοῦ
606 2642 969 2715 ἀνακείμενος
999 2639 1083 2710 εἷς
1118 2645 1229 2699 τῶν
1270 2645 1550 2717 μαθητῶν,
1576 2645 1635 2700 ὃν
1664 2646 1858 2716 ἠγάπα

261 2733 288 2785 6
323 2729 553 2803 Ἰησοῦς,
577 2731 752 2787 ἔοικεν
775 2736 805 2787 6
826 2735 1044 2806 γράψας
1066 2735 1125 2790 τὸ
1151 2737 1483 2809 Εὕαγγιλιον
1500 2734 1640 2792 εἶναι
1671 2737 1856 2794 Ἰωάνα

264 2842 363 2897 νης
381 2843 395 2857 ·
429 2826 522 2880 ἐπὶ
544 2827 652 2898 γὰρ
689 2827 769 2899 τῷ
795 2828 939 2882 τέλει
962 2829 1056 2882 τοῦ
1086 2830 1421 2899 Εὑαγγελίον
1447 2821 1756 2902 γέγραπται
1776 2829 1858 2896 ὡς

269 2938 288 2970 ι
313 2918 700 2989 Ἐπιστραφεὶς
720 2921 750 2972 6
769 2919 975 2993 Πέτρος
995 2920 1184 2991 βλέπει
1206 2922 1296 2975 τὸν
1319 2922 1569 2993 μαθητὴν
1580 2920 1644 2977 δν
1663 2922 1858 2992 ἠγάπα

266 3004 298 3057 6
325 3006 529 3076 Ἰησοῦς
542 3007 959 3074 ἀκολουθοῦντα,
974 3008 1033 3074 ὃς
1057 3010 1152 3063 καὶ
1183 3009 1447 3063 ἀνέπεσεν
1472 3013 1529 3065 ἐν
1548 3010 1631 3083 τῷ
1652 3011 1858 3083 δείπνῳ

267 3096 359 3150 ἐπὶ
389 3097 448 3151 τὸ
492 3097 688 3169 στῆθος
718 3098 916 3165 αὑτοῦ,
950 3100 1047 3154 καὶ
1090 3096 1246 3155 εἷπε·
1284 3102 1461 3174 Κύριε
1481 3141 1496 3167 ,
1538 3102 1625 3168 τίς
1648 3103 1799 3159 ἔστιν
1828 3107 1859 3161 6

268 3187 592 3259 παραδιδούς
620 3206 683 3243 σε
708 3208 723 3257 ;
752 3190 952 3247 Τοῦτον
987 3186 1081 3246 οῦν
1102 3192 1229 3249 ἰδὼν
1260 3195 1289 3247 6
1319 3193 1558 3265 Πέτρος,
1589 3194 1737 3263 λέγει
1776 3196 1859 3268 τῷ

279 3280 488 3351 Ἰησοῦ·
524 3280 724 3354 Κύριε,
759 3278 912 3348 οὗτος
936 3283 998 3338 δὲ
1020 3284 1117 3352 ct;
1150 3285 1315 3355 Λέγει
1362 3286 1513 3356 αὐτῷ
1538 3287 1570 3339 6
1607 3288 1852 3360 Ίησοῦςο

281 3374 407 3429 Ἓάν
429 3375 592 3430 αὑτὸν
620 3376 759 3430 θέλω
789 3376 969 3448 μένειν
999 3377 1104 3441 ἕως
1126 3376 1379 3450 ἔρχομαι,
1404 3379 1460 3433 τί
1489 3377 1624 3450 πρὸς
1652 3381 1751 3446 si;
1781 3380 1854 3436 Σύ

279 3483 366 3538 μοι
391 3467 689 3523 ἀκολούθει.
726 3469 977 3541 Ἐξῆλθεν
996 3464 1088 3525 οὖν
1108 3471 1137 3524 6
1158 3469 1315 3539 λόγος
1324 3473 1408 3535 εἰς
1426 3471 1555 3535 τοὺς
1574 3470 1855 3541 ἀδελφοὺς,

274 3558 356 3615 ὅτι
379 3560 411 3612 6
439 3558 688 3631 μαθητὴς
732 3560 937 3623 tutuo;
966 3559 1069 3613 οὐκ
1102 3560 1435 3632 ἀποθνήσκει
1454 3579 1469 3592 ο
1495 3562 1596 3615 οὐκ
1632 3556 1755 3616 εἷπε
1799 3562 1858 3618 δὲ

273 3649 417 3721 αὐτῷ
444 3652 473 3704 6
509 3650 737 3723 Ἰησοῦς,
765 3652 985 3706 ὄτι·οὑκ
1012 3651 1367 3723 ἀποθνήσκει,
1389 3650 1501 3706 ἀλλ’
1536 3651 1664 3705 Ἐὰν
1695 3652 1857 3707 αὑτὸν

277 3742 408 3796 θέλω
441 3743 621 3815 μένειν
647 3743 754 3806 ἕως
782 3742 1033 3815 ἔρχομαι,
1052 3742 1106 3797 τί
1126 3742 1263 3815 πρὸς
1291 3743 1353 3796 σέ
1377 3757 1392 3811 ;
1424 3763 1442 3795 ι
1472 3745 1594 3799 Ὅτι
1616 3743 1678 3798 δὲ
1704 3747 1733 3799 6
1762 3762 1860 3816 ματ

278 3833 439 3906 θητης
466 3829 621 3899 οὗτος
646 3838 677 3889 6
697 3834 917 3906 γράψας
936 3834 999 3888 τὸ
1038 3834 1369 3903 Εὑαγγέλιον
1408 3836 1663 3905 Ἰωάννης
1688 3837 1855 3901 ἐστὶν,

276 3926 424 3997 δῆλον
446 3928 510 3980 ἐκ
530 3926 640 3979 τῶν
660 3926 1093 3998 ἐπιφερομένων,
1117 3926 1290 3992 οὕτως
1314 3926 1545 3999 ἑχόντων
1560 3943 1575 3959 ο
1604 3926 1687 3981 ὅτι
1715 3944 1735 3977 ι
1763 3917 1861 3979 Ob-

278 4018 365 4083 τός
398 4023 544 4074 ἐστιν
584 4022 613 4075 6
659 4019 907 4093 μαθητὴς
933 4023 962 4074 6
1002 4021 1299 4093 μαρτυρῶν
1322 4022 1452 4093 περὶ
1486 4020 1731 4087 τούτων,
1763 4019 1859 4075 καὶ

281 4111 487 4183 γράψας
527 4112 719 4167 ταῦτα.
760 4131 781 4165 ι
826 4114 1142 4185 Παρατήρει
1187 4114 1244 4167 δὲ
1284 4115 1343 4166 ἐν
1374 4113 1706 4185 ἀμφοτέροις
1742 4115 1857 4177 τοῖς

1959 1641 2082 1710 quis
2121 1652 2268 1696 esset
2315 1640 2383 1695 de
2425 1654 2538 1710 qtto
2595 1638 2930 1708 loqueretur.
2967 1637 3159 1710 itaque
3201 1655 3324 1696 cum
3385 1657 3544 1697 recns

1956 1728 2163 1785 buisset
2204 1728 2292 1785 ille
2345 1744 2512 1799 super
2553 1737 2747 1799 pectus
2784 1725 2939 1795 Jesu,
2988 1729 3121 1785 dicit
3147 1730 3196 1785 ei
3222 1748 3241 1785 ε
3287 1731 3539 1797 Domine,

1955 1822 2079 1890 quis
2099 1822 2224 1878 est!
2240 1821 2542 1894 Respondit
2569 1818 2736 1876 Iesus
2756 1839 2771 1877 :
2800 1820 2893 1878 Ille
2908 1830 2992 1877 est
3011 1822 3097 1879 cui
3119 1838 3224 1895 ego
3251 1824 3538 1882 intinctam

1954 1914 2175 1974 oﬂ‘ulasn
2200 1929 2523 1987 perrexere.
2557 1914 2623 1970 Et
2648 1929 2777 1971 cum
2823 1914 3137 1973 intinxisset
3160 1915 3404 1985 ollulam,
3438 1918 3538 1975 de-

1956 2007 2036 2063 dit
2062 2011 2211 2063 illam
2249 2006 2404 2064 .luda:
2434 2005 2646 2063 Simoni
2693 2004 3004 2066 [seat-ioue:
3052 2018 3110 2065 et
3152 2019 3276 2081 post
3318 2010 3539 2066 oﬂulam

1958 2098 2238 2167 ingressus
2261 2109 2347 2156 est
2381 2100 2434 2155 in
2464 2116 2593 2157 eum
2627 2101 2878 2158 Satanas.
2904 2101 3046 2159 Dicit
3077 2103 3242 2175 igitur
3267 2107 3319 2159 ei
3340 2102 3501 2161 Iesus
3520 2121 3539 2160 :

1958 2190 2112 2257 Quod
2146 2189 2301 2257 facis,
2326 2190 2415 2247 lac
2440 2191 2617 2248 ocius.
2652 2190 2769 2247 Hoc
2788 2201 2977 2249 autem
3009 2209 3172 2251 nemo
3193 2194 3542 2251 discumben-

1959 2282 2096 2339 tium
2126 2282 2470 2354 intelligebat
2498 2285 2567 2339 ad
2598 2283 2733 2353 quid
2761 2282 2813 2339 ei
2840 2283 3077 2342 dixisset
3096 2301 3114 2338 :
3142 2286 3368 2355 quidam
3392 2286 3541 2342 enim

1958 2374 2225 2445 putabunt
2244 2375 2375 2444 quia
2405 2375 2615 2432 loculos
2643 2375 2883 2432 habebat
2909 2373 3102 2443 ludas,
3132 2376 3341 2435 dixisse
3364 2377 3414 2433 ei
3451 2376 3544 2432 Je-

1956 2480 2076 2522 ειιιιι
2097 2484 2113 2522 :
2132 2465 2266 2523 Eme
2282 2480 2349 2522 ea
2374 2481 2500 2536 qua
2524 2482 2669 2540 opus
2698 2477 2830 2525 sunt
2853 2467 3014 2524 nobis
3045 2468 3114 2523 ad
3148 2468 3293 2524 diem
3316 2468 3542 2535 festum,

1958 2566 2053 2612 aut
2088 2558 2282 2627 egenis
2312 2566 2371 2613 ut
2400 2558 2606 2629 aliquid
2631 2560 2792 2615 daret
2819 2560 2863 2625 ⁸,,
2893 2577 2915 2612 ι
2947 2558 3042 2616 Ille
3062 2559 3157 2629 qui
3187 2559 3240 2615 in
3267 2560 3389 2615 sinu
3412 2559 3542 2617 Jesu

1956 2646 2445 2717 erat'recumbens,
2474 2666 2617 2707 unus
2655 2665 2723 2707 ex
2752 2650 3064 2720 discipulis,
3088 2665 3253 2720 quem
3284 2651 3543 2722 diligebat

1957 2738 2137 2808 Jews,
2183 2742 2398 2797 videtur
2442 2757 2567 2799 esse
2603 2742 2844 2799 Joannes
2871 2743 2963 2813 qui
3000 2741 3356 2812 Evangeliutu
3402 2743 3543 2798 scri-

1884 2867 1927 2925 C
1961 2831 2100 2925 psit,
2143 2832 2291 2902 quod
2335 2832 2389 2925 in
2432 2832 2539 2889 ﬁne
2570 2832 2850 2925 Evangelii
2890 2833 3153 2925 scriptum
3201 2834 3272 2889 sit
3305 2834 3450 2888 bone
3484 2833 3541 2889 in

1958 2923 2178 2977 inodum
2196 2925 2217 2957 ⁷
2236 2937 2251 2976 :
2283 2942 2304 2976 ι
2327 2924 2636 2979 Conversus
2662 2923 2853 2979 Petrus
2873 2924 3018 2980 videt
3042 2924 3196 2980 illum
3211 2925 3542 2993 discipulum

1957 3028 2118 3083 quem
2165 3014 2427 3083 diligebat
2463 3014 2644 3080 lesus,
2662 3022 3006 3085 sequentem,
3051 3016 3147 3086 qui
3192 3025 3250 3072 et
3289 3017 3544 3074 recubuit

1960 3104 2014 3159 in
2049 3119 2205 3159 (mna
2237 3120 2403 3175 super
2432 3117 2622 3174 pectus
2648 3105 2792 3174 eius,
2826 3116 2883 3162 et
2917 3106 3094 3162 dixit:
3135 3107 3380 3175 Domine,
3418 3110 3543 3178 quis

1956 3207 2038 3253 est
2058 3197 2147 3251 ille
2171 3196 2247 3251 tui
2277 3196 2559 3266 proditor?
2587 3196 2742 3252 nunc
2765 3212 2899 3266 ergo
2920 3213 3050 3254 cum
3072 3198 3295 3255 vidisset
3323 3200 3542 3266 Petrus,

1957 3287 2090 3343 dicit
2111 3285 2472 3358 ιεωεωε
2524 3287 2778 3353 Domine.
2826 3288 2918 3343 llic
2955 3298 3144 3346 autem
3192 3289 3361 3358 quid?
3401 3289 3543 3346 Dicit

1957 3378 2008 3433 ei
2036 3377 2194 3435 Jesus
2219 3393 2234 3432 :
2266 3376 2322 3434 Si
2342 3393 2469 3433 eum
2493 3378 2651 3433 velim
2678 3394 2923 3446 manere,
2955 3382 3129 3437 donec
3159 3380 3544 3451 veniam,quid

1958 3470 2027 3524 ad
2065 3470 2157 3525 te?
2185 3468 2267 3524 Tu
2298 3485 2385 3525 me
2416 3482 2667 3539 sequere.
2695 3469 2845 3525 Exiit
2877 3484 3009 3537 ergo
3035 3485 3219 3526 sermo
3260 3472 3353 3525 ille
3397 3472 3542 3527 inter

1959 3560 2176 3624 fratres,
2207 3562 2351 3630 quod
2383 3560 2685 3631 discipulus
2714 3560 2802 3616 ille
2829 3578 2936 3616 non
2974 3572 3313 3627 moreretur,
3349 3569 3406 3614 et
3432 3575 3539 3616 non

1958 3653 2168 3711 dixerat
2196 3652 2245 3706 ei
2295 3650 2490 3706 Jesus:
2526 3651 2646 3706 Non
2694 3651 2953 3716 moritur,
2996 3650 3091 3706 sed
3134 3650 3181 3705 si
3221 3651 3381 3705 velim
3414 3665 3540 3705 eum

1960 3758 2206 3806 manere,
2239 3742 2412 3797 donec
2448 3743 2690 3807 veniam,
2720 3741 2849 3811 quid
2883 3744 2949 3795 ad
2978 3742 3069 3796 te?
3097 3759 3119 3793 ›
3156 3742 3312 3809 Quod
3359 3752 3539 3796 autem

1960 3833 2257 3903 discipulus
2285 3834 2387 3889 iste
2410 3834 2502 3904 qui
2531 3833 2756 3903 scripsit
2785 3833 3158 3903 Evangelium,
3182 3834 3255 3890 sit
3277 3833 3541 3895 Joannes.

1959 3926 2135 3995 liquet
2173 3941 2239 3981 ex
2271 3926 2358 3981 bis
2388 3942 2509 3997 qua:
2537 3925 3021 3994 subiunguntur":
3080 3942 3098 3976 ι
3135 3924 3232 3979 llic
3262 3935 3346 3980 est
3378 3924 3544 3979 disci-

1959 4017 2124 4088 pulus
2153 4017 2241 4071 ille
2264 4019 2359 4088 qui
2390 4016 2761 4073 testimonium
2781 4016 3028 4085 perbibet
3052 4016 3119 4070 de
3146 4017 3230 4072 bis
3247 4026 3301 4071 et
3321 4016 3544 4087 scripsit

1960 4113 2133 4166 lucc.)
2185 4110 2425 4167 Observa
2458 4122 2640 4164 autem
2686 4110 2740 4165 in
2795 4110 3038 4179 utrisque
3074 4108 3348 4179 Evangelii
3384 4108 3544 4177 locis,

282 4203 454 4268 τόποις
480 4204 574 4258 τοῦ
616 4204 949 4274 Εὐάγγελίου
981 4206 1104 4260 τινα
1136 4206 1338 4277 τρόπον
1380 4205 1408 4257 6
1435 4204 1640 4275 Πέτρος
1665 4204 1740 4268 ὠς
1764 4204 1856 4258 ἐπὶ

1959 4218 2194 4273 quonam
2221 4214 2377 4271 pacto
2402 4202 2597 4256 Petrus
2617 4202 2757 4255 velut
2776 4201 3230 4271 quamplurimum
3251 4200 3324 4253 illi
3348 4201 3543 4266 ﬁdens,

284 4294 453 4348 πλεῖον
494 4294 646 4365 αὐτῷ
683 4293 939 4368 θαρρῶν,
976 4295 1069 4349 καὶ
1118 4293 1546 4364 ἀνακεκλιμένος
1576 4291 1684 4364 (84)
1723 4293 1855 4346 ὅπου

287 4387 378 4457 μὲν
397 4385 540 4439 νεύει
571 4386 755 4457 αὐτῷ,
792 4386 885 4441 καὶ⁵
926 4385 1073 4455 λέγει
1095 4403 1109 4417 ·
1152 4404 1172 4438 ι
1207 4385 1305 4448 Τίς
1343 4388 1462 4440 ἐστι
1487 4385 1599 4456 (85)
1632 4385 1760 4457 περὶ
1794 4380 1856 4440 οὗ

285 4479 313 4531 6
344 4476 539 4548 Ἰησοῦς
572 4475 943 4549 προδώσοντός
978 4494 1142 4548 φησιν
1169 4494 1185 4544 ;
1223 4496 1243 4530 ι
1272 4478 1407 4530 ὅπου
1431 4477 1490 4530 δὲ
1534 4475 1657 4531 ἰδὼν
1692 4477 1855 4531 αὑτὸν

290 4569 686 4637 ἀκολουθοῦντα,
703 4570 780 4634 ὡς
806 4572 1104 4641 φροντίζων
1127 4571 1292 4624 αὑτοῦ
1325 4571 1523 4641 μᾶλλον
1547 4572 1699 4642 παρὰ
1728 4572 1855 4635 τοὺς

288 4661 512 4727 λοιποὺς,
543 4662 690 4731 λέγει
718 4662 798 4734 τῷ
838 4662 1013 4735 Ἰησοῦ
1040 4664 1170 4735 περὶ
1191 4664 1356 4718 αὐτοῦ
1381 4681 1395 4695 ο
1441 4684 1459 4715 ι
1488 4663 1680 4734 Κύριε,
1705 4656 1861 4728 οὗτος

289 4751 338 4805 δὲ
361 4754 446 4817 τίς
486 4775 504 4805 ι
540 4755 861 4825 βουλόμενος
896 4755 1087 4828 μαθεῖν
1131 4757 1226 4810 καὶ
1265 4756 1328 4809 τὸ
1373 4754 1517 4809 κατά
1547 4754 1637 4809 τὸν
1679 4755 1862 4811 Ἰωάν-

292 4861 376 4913 νην
401 4845 549 4909 τέλος
572 4887 587 4910 ,
617 4847 820 4918 ὁμοίως
844 4847 922 4918 τῷ
952 4849 1249 4916 ἐγνωκέναι
1267 4846 1336 4901 τά
1366 4847 1498 4919 περὶ
1536 4846 1724 4911 αὐτοῦ,
1750 4847 1854 4911 ὅτι,

294 4934 404 4987 ὃταν
432 4938 671 5009 γηράσῃ,
703 4939 912 4991 ὲκτενεῖ
934 4938 1048 5009 (86)
1082 4938 1179 5002 τὰς
1205 4940 1395 5010 χεῖρας
1422 4935 1612 5000 αὐτοῦ,
1642 4937 1736 4989 καὶ
1765 4935 1859 4990 άλ-

295 5026 373 5089 λος
402 5028 557 5081 αὐτὸν
584 5028 767 5092 ζώσει,
802 5030 896 5083 καὶ
924 5029 1061 5083 οἴσει
1088 5032 1224 5084 ὅπου
1250 5031 1312 5084 οὑ
1342 5026 1503 5084 θέλει.
1533 5028 1710 5099 Εἴπερ
1739 5026 1797 5081 δὲ
1825 5024 1863 5082 ἃ

298 5118 454 5173 ἐλάλει
483 5122 706 5192 ῥήματα
731 5124 760 5174 6
796 5123 1025 5194 Ἰησοῦς,
1053 5124 1272 5195 πνεῦμά
1302 5126 1438 5188 ἐστι,
1474 5124 1568 5178 καὶ
1588 5122 1651 5176 οὐ
1685 5121 1864 5192 γράμ-

304 5223 387 5277 μα,
409 5208 474 5262 δι’
505 5210 640 5265 ὅλων
666 5210 777 5285 ζωή
805 5214 943 5280 ἐστι,
966 5214 1061 5267 καὶ
1091 5214 1343 5284 οὐδαμῶς
1374 5213 1623 5279 θάνατος,
1647 5210 1742 5266 καὶ
1774 5227 1864 5282 μι-

363 5373 553 5448 ‘_.|oan.
579 5376 807 5448 χιιι.ῒὸ
841 5393 959 5448 seq.

1036 5380 1055 5410 ⁷
1086 5376 1246 5433 Joun.
1287 5394 1403 5443 nt,
1435 5380 1527 5444 9.0,
1561 5391 1678 5447 seq.

305 5445 340 5475 “
373 5443 525 5499 Juan.
556 5461 631 5511 VI,
659 5446 746 5501 6i.

366 5576 472 5644 (83)
496 5577 672 5629 Codex
705 5578 928 5647 Regius,
963 5577 1203 5647 Σίμωνος
1244 5576 1609 5644 Ἰσκαριώτου.

367 5647 471 5713 (Bri)
502 5646 682 5701 Codex
715 5646 936 5715 lli-gius,
969 5647 1448 5723 προσκεκλιμένος.

1960 4307 2017 4349 et
2044 4302 2398 4360 accumbens,
2425 4295 2723 4366 aliquando
2757 4295 2971 4363 quidem
3010 4293 3195 4345 innuat
3228 4289 3422 4345 Joanni
3463 4293 3545 4344 di-

1960 4400 2131 4442 cens:
2161 4404 2180 4437 ι
2206 4384 2341 4452 Quis
2357 4394 2462 4449 est,
2484 4386 2549 4437 de
2569 4398 2677 4453 quo
2692 4382 2978 4449 prodituro
2999 4376 3157 4433 lesus
3182 4376 3427 4446 loquitur
3444 4377 3465 4407 ’
3485 4377 3540 4429 ?a

1957 4476 2257 4545 aliquando
2288 4488 2421 4528 vero
2449 4488 2575 4527 eum
2608 4470 2838 4524 intuitus
2870 4476 3214 4538 sequentem,
3262 4465 3429 4521 veluti
3481 4467 3546 4521 il-

1958 4568 2064 4622 lius
2100 4567 2388 4635 plusquam
2421 4573 2740 4618 cmterorutn
2777 4574 2965 4614 curam
2995 4558 3221 4623 babens,
3246 4558 3389 4612 dicat
3414 4556 3543 4612 .lcsu

1963 4658 2030 4711 de
2059 4669 2165 4709 eo:
2221 4672 2241 4706 ι
2274 4653 2526 4717 Domine,
2567 4652 2654 4706 bic
2698 4659 2880 4703 autem
2926 4649 3056 4719 quid
3082 4648 3169 4702 “ll
3199 4667 3218 4702 ι
3256 4648 3417 4703 ﬁnem
3449 4647 3543 4704 Jo—

1960 4746 2120 4803 annis
2148 4745 2362 4801 discere
2403 4742 2609 4810 volens,
2653 4741 2882 4812 perinde
2919 4751 3082 4812 atque
3110 4755 3270 4794 suum
3294 4754 3544 4809 agnove-

1960 4848 2084 4904 rat,
2120 4852 2317 4907 nempe
2345 4836 2494 4905 quod
2519 4850 2643 4890 cum
2698 4832 2987 4899 senuisset,
3043 4834 3285 4887 futurum
3330 4840 3451 4885 erat
3485 4838 3546 4883 ut

1966 4945 2163 4986 manus
2212 4944 2344 4984 suas
2387 4926 2733 4992 extenderet,
2761 4934 2817 4979 et
2856 4925 2995 4979 alius
3026 4938 3148 4979 eum
3197 4923 3460 4993 cingeret,
3492 4926 3548 4973 et

1972 5024 2196 5081 duceret
2229 5037 2337 5092 quo
2372 5034 2481 5076 non
2514 5018 2674 5073 vellet
2699 5018 2763 5073 “.
2797 5019 2952 5085 Quod
2982 5019 3027 5073 si
3071 5032 3201 5073 vero
3234 5015 3395 5069 verba
3423 5027 3548 5082 qua:

1973 5114 2185 5171 locutus
2208 5124 2293 5170 est
2317 5112 2497 5177 Jesus,
2523 5111 2749 5182 spiritus
2778 5119 2906 5165 sunt
2928 5109 3000 5174 ”,
3027 5118 3080 5162 et
3114 5123 3218 5163 non
3255 5107 3455 5170 littera,
3493 5105 3547 5158 in

1974 5209 2169 5282 quibus
2196 5207 2450 5262 omnilms
2478 5205 2584 5258 vita
2630 5216 2736 5268 est,
2765 5212 2819 5256 et
2872 5216 3139 5271 nusquam
3176 5213 3354 5265 mors,
3386 5206 3441 5250 et
3468 5196 3550 5250 di-

1756 5375 1777 5407 ⁸
1813 5372 1944 5429 ibid.
1973 5372 2063 5427 τι.
2143 5372 2162 5402 ⁸
2188 5369 2345 5425 Joan.
2384 5382 2505 5429 ιιιι,
2528 5365 2621 5419 2i.
2700 5364 2741 5395 ¹⁰
2757 5362 2916 5417 Joattt.
2940 5359 3145 5426 Htﬂl.
3223 5357 3267 5393 “
3292 5358 3423 5417 ibid.
3461 5362 3537 5417 l8.

2046 5576 2159 5635 (85)
2201 5569 2347 5626 Idem
2384 5570 2548 5622 mdes
2585 5570 2808 5638 llegins,
2833 5568 2953 5623 εἰπὲ
2986 5568 3067 5633 τις
3096 5571 3237 5626 ἐστι.

2045 5646 2160 5714 (86)
2196 5648 2337 5702 Idem
2365 5641 2536 5697 codex
2563 5640 2780 5714 Regius,
2818 5640 3068 5697 ἐκτείνει.
