3974 6206
445 312 550 371 799

1904 305 2228 368 ORIGENIS

3591 307 3684 364 800

449 429 691 499 Sclpultts
708 442 868 501 qnem
899 427 1154 499 diligebat
1177 423 1358 493 Jesus,
1384 425 1564 496 ipsum
1592 424 1835 494 imitans,
1859 427 2017 496 spiri-

2145 426 2405 496 μούμενος
2439 421 2602 479 αὑτὸν
2639 423 2670 476 6
2715 421 2962 496 μαθητὴς
2989 419 3050 477 ὃν
3094 421 3287 494 ὴγάτια
3308 461 3326 486 ,
3367 419 3575 494 πνεῦμα
3606 427 3684 478 καὶ

453 533 566 576 tum
589 533 643 578 et
673 524 837 576 vitam
860 519 1098 589 scripsit,
1126 516 1529 589 intelligendum
1555 528 1640 572 est
1661 517 1791 573 iHud
1816 537 1830 572 :
1866 518 2027 573 tErat

455 614 774 670 recumbens
797 627 937 666 unus
965 626 1032 666 ex
1059 610 1336 679 discipulis
1351 610 1469 679 ejus
1493 609 1548 663 in
1572 610 1692 664 sinu
1720 608 1902 675 Jesu,»
1931 625 2028 679 pro

454 707 715 775 dignitate
767 703 1013 767 honoris,
1065 717 1228 772 quem
1275 704 1608 758 conveniens
1637 712 1721 759 est
1757 701 1894 758 Filio
1931 702 2026 757 Del

453 796 606 857 dare,
640 804 694 847 et
714 794 760 846 ei
785 807 945 862 quem
969 794 1085 863 ipse
1115 793 1387 859 dilexerit,
1408 794 1678 864 accipere,
1701 802 1756 850 et
1775 794 2030 849 existimo

453 885 598 952 quod
628 883 882 954 quamvis
912 882 1212 955 symbolice
1250 884 1594 941 recumberet
1634 895 1744 940 tum
1771 885 2030 956 temporis

452 976 690 1032 .loanves
745 975 798 1030 in
849 977 969 1029 sinu
1019 973 1173 1039 Jesn',
1226 975 1328 1029 hoc
1367 991 1595 1032 munere
1629 976 1882 1048 dignatus
1929 991 2030 1032 cett

457 1067 728 1138 praecipuo
755 1083 942 1121 amore
971 1065 1215 1135 Magistri
1247 1066 1466 1121 habitus
1508 1068 1726 1138 dignus,
1755 1068 1857 1123 hoc
1883 1082 2034 1138 sym-

457 1159 689 1215 bolicum
717 1160 976 1214 denotare
1000 1157 1288 1225 Joannem,
1322 1159 1591 1216 addictum
1625 1161 1676 1216 itt
1710 1161 2033 1216 Sermonem

459 1252 654 1306 Filium
683 1251 796 1316 Dei,
831 1265 1180 1321 propensum,
1209 1259 1264 1305 et
1294 1249 1369 1304 illi
1403 1249 1629 1305 multum
1659 1249 1954 1316 faventem,
1984 1251 2036 1307 in

461 1343 732 1412 rebusque
761 1342 1154 1396 secretioribus
1198 1342 1667 1411 acquiescentetn,
1717 1344 2038 1400 recubuisse

461 1436 514 1486 in
548 1433 758 1488 sinibus
783 1433 1077 1488 Sermonis
1109 1431 1254 1505 [Filii
1288 1432 1431 1506 Dei].
1464 1435 1690 1504 perinde
1721 1443 1886 1504 atque
1920 1435 2039 1504 ipse

464 1525 555 1580 llei
589 1527 780 1578 Sermo
821 1527 981 1581 estin
1011 1526 1220 1580 sinibus
1245 1524 1442 1591 Patris,
1471 1527 1627 1597 juxta
1658 1527 1824 1583 illud:
1857 1545 1877 1579 ι
1911 1527 2043 1584 Uni-

462 1617 680 1687 genitus
714 1617 878 1682 Deus,
911 1616 1002 1684 qui
1041 1625 1126 1671 cst
1158 1616 1211 1670 in
1242 1617 1362 1672 sinu
1405 1615 1608 1684 Patris,
1656 1619 1772 1687 ipse
1818 1634 2045 1675 enarra-

463 1709 539 1762 vit
562 1707 659 1762 ".i
691 1708 830 1774 Quin
860 1706 963 1761 nisi
989 1706 1252 1776 abiectius
1288 1707 1654 1778 intelligamus
1680 1711 1782 1766 hoc
1805 1710 2039 1766 dictum:

2129 513 2273 585 ζωὴν
2304 513 2644 584 ἀναγράφει·
2676 510 2971 567 ἀκουστέον
3013 508 3140 564 τοῦθ
3177 528 3196 560 ι
3220 505 3329 562 Ἦν
3359 509 3684 579 ἀνακείμενος

2129 602 2208 668 εἷς
2235 606 2302 658 ὲκ
2328 604 2436 659 τῶν
2468 603 2724 676 μαθητῶν
2751 603 2917 657 αὑτοῦ
2945 603 3003 656 ὲν
3029 601 3107 673 τῷ
3131 601 3320 671 κόλπῳ
3351 600 3456 666 τοῦ,
3480 601 3681 671 Ἰησοῦ..

2129 697 2295 764 ἀξίως
2320 697 2419 768 τῆς
2451 696 2614 767 τιμῆς
2637 695 2706 767 ἢν
2733 693 2934 766 πρέπει
2967 692 3080 762 (87)
3106 691 3306 744 διδόναι
3337 690 3430 743 τὸν
3463 691 3582 743 Υίὺν
3608 691 3683 743 τοῦ

2129 788 2286 853 Θεοῦ,
2314 789 2406 843 καὶ
2432 787 2728 859 λαμϐἀνειν
2753 785 2843 840 τὸν
2869 782 3234 856 ἀγαπώμενον
3263 783 3355 836 ὑπ’
3379 781 3540 836 αὖτοῦ
3562 799 3576 814 ·
3607 783 3684 835 καὶ

2130 878 2375 951 νομίζω,
2412 880 2524 945 ὅτι,
2565 881 2616 933 εί
2659 878 2753 933 καὶ
2797 875 3142 948 συμϐολικῶς
3191 874 3316 928 τότε
3357 874 3684 943 ἀνακείμενος

2145 972 2399 1042 Ἰωάννης
2443 968 2512 1043 ἦν
2545 974 2605 1026 ὲν
2644 970 2724 1042 τῷ
2765 971 2954 1041 κόλπῳ
2993 969 3086 1023 τοῦ
3136 967 3348 1037 Ἰησοῦ,
3401 966 3497 1020 τοῦ
3537 966 3685 1037 γέρως

2133 1061 2321 1117 τούτου
2353 1063 2604 1128 ἀξιωθεὶς
2635 1063 2712 1128 ὡς
2747 1062 3027 1134 ὲξαιρέτου
3068 1061 3290 1132 ἀγάπης
3319 1058 3528 1130 κριθεὶς
3565 1058 3688 1123 ἄξιος

2134 1155 2233 1226 τῆς
2257 1155 2366 1208 ἀπὸ
2394 1155 2486 1208 τοῦ
2515 1153 2848 1208 Διδασκάλου
2869 1193 2884 1216 ,
2926 1153 2988 1206 τὸ
3024 1150 3348 1222 συμϐολικὸν
3376 1149 3530 1202 τοῦτο
3573 1165 3687 1219 παρ-

2141 1248 2372 1320 ίστησιν,
2402 1249 2484 1302 ὅτι
2519 1248 2770 1318 ’ῐωάννης
2794 1245 3150 1317 ἀνακείμενος
3176 1243 3257 1314 τῷ
3283 1243 3462 1312 Λόγῳ,
3495 1243 3580 1296 καὶ
3599 1243 3689 1307 τοῖς

2143 1341 2568 1413 μυστικωτέροις
2599 1338 3001 1409 ὲναπαυόμενος
3023 1377 3039 1400 ,
3078 1335 3325 1390 ἀνέκειτο
3371 1335 3438 1413 ὲν.
3459 1335 3566 1396 τοῖς
3592 1331 3693 1386 κόλ-

2143 1453 2263 1499 ποις
2289 1433 2385 1488 τοῦ
2418 1433 2614 1501 Λόγου,
2636 1430 2896 1500 ἀνάλογον
2929 1428 3008 1500 τῷ
3037 1428 3132 1482 καὶ
3162 1427 3327 1481 αὐτὸν
3359 1421 3496 1480 εἶναι
3519 1426 3572 1477 έν
3599 1426 3692 1488 τοῖς

2144 1527 2363 1589 κόλποις
2389 1523 2482 1578 τοῦ
2517 1521 2751 1594 Πατρός,
2781 1521 2925 1576 κατά
2951 1520 3014 1574 τό
3038 1537 3052 1551 ’
3091 1538 3112 1572 ι
3151 1519 3210 1572 '0
3243 1516 3535 1589 μονογενὴς
3559 1513 3691 1580 Θεὸς,

2143 1625 2173 1678 6
2199 1623 2273 1675 ὢν
2292 1623 2372 1685 εἰς
2402 1620 2494 1674 τὸν
2521 1618 2722 1673 κόλπον
2741 1615 2831 1671 τοῦ
2861 1613 3096 1686 Πατρός,
3119 1613 3328 1674 ἐκεῖνος
3346 1611 3647 1680 ἐξηγήσατο.
3673 1625 3689 1658 ι

2147 1717 2211 1769 Ei
2243 1715 2317 1786 μὴ
2354 1710 2738 1782 ταπεινότερον
2758 1708 2815 1762 δὲ
2840 1705 3110 1777 ἀκούομεν
3138 1705 3244 1758 καὶ
3275 1701 3372 1756 τοῦ
3391 1719 3405 1732 ·
3440 1721 3458 1752 ι
3481 1701 3698 1768 Ἐγένετο

469 1797 716 1852 σ-Ενοηῑι
747 1806 928 1852 autem
965 1804 1024 1851 ut
1053 1805 1365 1850 moreretur
1395 1798 1696 1863 mendicus,
1727 1809 1782 1854 et
1811 1800 2043 1856 deduce-

2145 1806 2198 1859 δὲ
2222 1781 2516 1859 ἀποθανεῖν
2537 1801 2628 1854 τὸν
2650 1781 2884 1869 πτωχὸν,
2908 1799 3004 1851 καὶ
3035 1794 3401 1866 ἀπενεχθῆναι
3431 1791 3580 1847 αὑτὸν
3601 1790 3696 1843 ἀπὸ

465 1903 616 1948 retur
640 1895 706 1946 ab
730 1892 938 1964 angelis
967 1893 1020 1946 itt
1050 1892 1228 1946 sinum
1260 1890 1736 1957 Abrahze“,ttale
1777 1894 2038 1964 quiddam

465 1985 532 2037 de
563 1985 683 2036 sinu
712 1982 942 2037 Abrahae
971 1983 1132 2037 etiam
1165 1979 1660 2046 considerabimus,
1723 1985 1870 2053 quod
1897 1985 2042 2042 hunc

466 2073 520 2125 in
575 2071 792 2125 modum
850 2071 1254 2131 enarrabimtls,
1305 2082 1404 2124 nos
1458 2067 1811 2128 defendentes
1849 2082 2040 2128 contra

464 2163 860 2219 dubitationem
879 2179 944 2218 ex
965 2162 1271 2233 ignorantia
1300 2161 1604 2232 Scriptura:
1633 2164 1853 2218 ductam
1885 2163 1954 2218 ab
1975 2178 2048 2220 eo

465 2254 555 2321 qui
571 2269 833 2324 spernere
844 2254 1014 2307 voluit
1026 2253 1432 2307 enarrationem
1453 2252 1520 2308 de
1536 2252 1703 2306 divite
1715 2261 1770 2307 et
1782 2268 2044 2322 paupere.

472 2364 492 2397 σ
517 2344 646 2397 Nam
661 2344 704 2398 si
726 2345 1090 2411 recumbebat,
1111 2344 1307 2414 inquit,
1326 2342 1563 2398 Lazarus
1576 2343 1629 2397 in
1645 2343 1767 2400 sinu
1786 2344 2044 2411 Abrahae,

463 2433 632 2503 [3.99
680 2434 821 2490 alter
849 2445 1139 2506 antequam
1187 2435 1274 2490 bic
1319 2449 1385 2489 ex
1430 2435 1531 2490 bac
1561 2435 1669 2488 vita
1723 2437 2043 2502 excederet,

467 2535 584 2579 erat
609 2527 662 2580 in
686 2529 918 2582 Abralne
935 2529 1080 2593 sinu,
1103 2537 1160 2583 et
1190 2527 1494 2584 anteillum
1517 2528 1656 2583 alius
1681 2544 1700 2582 :
1719 2529 1853 2598 quin
1875 2529 2043 2584 etiam

467 2617 597 2683 alio,
653 2618 869 2686 inquit,
902 2618 1052 2686 justo
1096 2633 1161 2672 ex
1218 2619 1328 2672 vita
1366 2619 1660 2674 decedente
1689 2657 1706 2684 ,
1759 2621 2046 2676 mendicus

469 2720 743 2776 assurget.
783 2727 800 2760 ι
835 2707 942 2762 Sed
978 2709 1070 2777 qui
1104 2709 1172 2763 de
1201 2709 1352 2765 Itisce
1382 2712 1619 2777 dubitat,
1659 2728 1766 2768 non
1800 2713 1935 2768 vidit
1965 2714 2046 2768 si-

469 2813 598 2852 nutu
626 2798 896 2863 Abraltm;
933 2813 1034 2853 nec
1081 2798 1244 2854 facile
1289 2799 1436 2855 factu
1459 2817 1581 2858 esse
1611 2803 1763 2872 vidit,
1798 2812 1858 2857 ut
1885 2803 2046 2857 iuun-

471 2890 604 2943 nteri
637 2890 690 2943 in
739 2890 860 2943 sinu
892 2891 1125 2946 Abrahae
1157 2907 1262 2945 una
1295 2893 1712 2963 conquiescant,
1755 2894 2047 2964 participes

472 2995 652 3034 rerum
686 2979 764 3034 illi
798 2990 1148 3040 retectarum.
1197 2982 1293 3038 Sin
1325 2998 1456 3039 vero
1502 2985 1680 3039 locum
1733 2986 1898 3039 alium
1948 3001 2046 3055 pro

2142 1891 2252 1951 τῶν
2281 1894 2527 1964 ἀγγέλων
2563 1895 2644 1956 εἰς
2670 1891 2762 1946 τὸν
2793 1889 2992 1944 κόλπον
3033 1886 3318 1960 ’Δϐραάμ,
3355 1904 3374 1936 ι
3408 1881 3630 1937 τοιοῦτόν
3651 1897 3699 1934 τι

2143 1989 2238 2044 καὶ
2263 1989 2394 2060 περὶ
2423 1985 2516 2040 τοῦ
2548 1987 2748 2040 κόλπου
2790 1983 3044 2056 Ἀϐραὰμ
3071 1983 3335 2054 νοήσομεν
3376 1977 3486 2050 (88)
3506 1993 3518 2006 θ
3559 1978 3700 2046 ὅπερ,

2143 2081 2238 2135 ἐὰν
2271 2079 2442 2142 οὕτως
2470 2075 2858 2149 διηγησώμεθα
2883 2116 2897 2136 ,
2928 2073 3401 2143 ἀπολογησόμενοι
3448 2069 3578 2140 πρὸς
3615 2067 3704 2135 τὴν

2143 2174 2264 2227 κατ’
2309 2171 2530 2240 ἀγνοιαν
2565 2171 2692 2241 περὶ
2719 2169 2821 2239 τῆς
2853 2167 3073 2239 Γραφῆς
3106 2165 3480 2237 έπαπόρησιν,
3507 2159 3705 2230 λεχθείη

2145 2263 2213 2317 ἀν
2241 2261 2346 2316 ὑπὸ
2373 2260 2467 2314 τοῦ
2503 2258 2853 2330 βουληθέντος
2883 2257 3144 2326 ἀθετῆσαι
3173 2254 3273 2326 τὴν
3301 2255 3430 2326 περὶ
3451 2252 3541 2305 τὸν
3565 2249 3708 2304 πλοόο

2147 2369 2261 2406 σιον
2297 2347 2392 2406 καὶ
2444 2350 2536 2403 τὸν
2569 2349 2776 2419 πένητα
2806 2348 3060 2418 διήγησιν
3081 2361 3096 2375 ο
3154 2363 3174 2396 ι
3215 2345 3278 2397 Ei
3310 2342 3421 2414 γὰρ
3460 2341 3708 2404 ἀνέκειτο,

2146 2443 2312 2514 φησὶν
2334 2480 2350 2506 ,
2411 2443 2492 2505 είς
2535 2439 2628 2494 τὸν
2693 2439 2890 2492 κόλπον
2946 2436 3040 2490 τοῦ
3081 2435 3336 2508 Ἀϐραὰμ
3377 2436 3408 2486 6
3454 2432 3728 2503 Λάζαρος-

2145 2536 2334 2608 ἕτερος
2365 2534 2474 2606 πρὸ
2509 2532 2604 2586 τοῦ
2638 2531 2826 2586 τοῦτον
2868 2530 3103 2598 ἐξελθεῖν
3142 2527 3238 2582 τοῦ
3273 2526 3414 2597 βίου,
3451 2521 3522 2596 ἦν
3558 2527 3612 2577 έν
3641 2522 3728 2592 τῷυ

2147 2627 2332 2697 κόλπῳ
2372 2624 2466 2679 τοῦ
2495 2623 2784 2696 Ἀϐραὰμ,
2838 2624 2931 2676 καὶ
2986 2622 3094 2695 πρὸ
3123 2621 3331 2675 ἐκείνου
3366 2619 3545 2681 ἄλλος’
3594 2615 3722 2669 ἀλλὰ

2147 2720 2242 2774 καλ⁵
2269 2717 2452 2783 ἀλλου,
2466 2718 2620 2789 φησι,
2641 2716 2850 2771 δικαίου
2881 2714 3208 2782 ἐξελθόντος,
3229 2715 3259 2767 6
3274 2712 3489 2783 πτωχὸς
3523 2712 3711 2765 ὑπαναρ

2149 2811 2437 2883 στήσεταιο
2481 2828 2502 2861 ο
2553 2809 2616 2862 οὐ
2649 2808 2758 2880 γὰρ
2810 2805 2957 2876 ἑώρα
3002 2807 3093 2861 τὸν
3123 2805 3322 2860 κόλπον
3348 2803 3445 2858 τοῦ
3478 2800 3727 2872 ’Δϐραὰμν

2147 2901 2178 2954 6
2210 2901 2340 2973 περὶ
2367 2898 2571 2953 τούτων
2598 2896 2926 2970 ἐπαπορῶν,
2970 2896 3066 2950 καὶ
3107 2897 3190 2951 ὅτι
3223 2893 3450 2948 δυνατόν
3481 2895 3595 2946 ἐστι
3633 2908 3713 2962 μυ-

2154 2989 2302 3063 ρίους
2333 2992 2392 3043 έν
2417 2989 2496 3060 τῷ
2525 2989 2712 3060 κόλπῳ
2734 2987 2830 3041 τοῦ
2859 2986 3112 3059 ’Δϐραάμ
3157 2987 3280 3056 ἅμα
3318 2982 3726 3039 ἀναπαύσεσθαι.

471 3076 621 3129 sinus
645 3075 1052 3129 nomenelatura
1088 3077 1140 3130 in
1183 3077 1420 3132 medium
1454 3077 1700 3146 proferre
1720 3093 1854 3148 opus
1880 3078 2043 3135 fuerit

2153 3077 2544 3142 κοινωνοῦντας
2584 3077 2693 3130 τῶν
2719 3075 3214 3145 ἀποκαλοφθέντων
3251 3073 3424 3144 αὐτῷ.
3463 3075 3525 3126 Εἰ
3551 3073 3612 3126 δὲ
3633 3071 3716 3125 καὶ

470 3182 536 3222 ex
567 3167 872 3236 Scriptura,
905 3184 1002 3238 age
1028 3168 1409 3223 exantinemus
1439 3183 1684 3236 qttouam-
1709 3179 1866 3238 pacto
1897 3170 2050 3226 dixe-

476 3260 545 3314 rit
581 3260 838 3315 Dominus
890 3259 1101 3332 Moysi:
1142 3277 1163 3311 ι
1200 3257 1412 3312 Rursus
1459 3258 1601 3314 infer
1649 3275 1865 3314 ntanum
1900 3275 2046 3317 tuam

476 3349 528 3404 itt
582 3351 758 3404 sinntn
798 3359 980 3416 tuum;
1041 3360 1096 3405 et
1120 3349 1306 3404 intulit
1336 3364 1556 3404 manum
1600 3365 1754 3406 suam
1787 3351 1838 3405 in
1869 3353 2048 3407 sinum

473 3457 666 3508 suum;
718 3456 953 3508 cumque
1005 3442 1315 3498 exemisset
1361 3457 1482 3498 eam
1532 3458 1563 3496 e
1608 3443 1728 3496 sitttt
1778 3458 1897 3508 suo,
1933 3453 2051 3499 erat

478 3550 663 3589 manus
694 3533 810 3602 ejus
838 3534 1082 3603 leprosa,
1105 3533 1251 3590 velut
1273 3534 1388 3589 uix.
1420 3533 1487 3588 Et
1515 3533 1654 3588 dixit
1681 3550 1696 3586 :
1727 3532 1910 3588 lusere
1935 3551 2051 3589 ma-

475 3640 602 3679 num
633 3633 776 3680 tttattt
803 3625 856 3679 in
896 3625 1074 3679 sinum
1105 3634 1277 3693 tuum,
1309 3634 1365 3680 et
1396 3625 1624 3681 inseruit
1652 3641 1870 3680 manum
1897 3641 2050 3681 suam

477 3721 528 3775 in
564 3721 742 3776 sinum
771 3737 949 3788 suum,
987 3731 1042 3778 et
1069 3737 1192 3776 cum
1217 3725 1523 3780 exeruisset
1563 3739 1684 3780 eam
1719 3740 1750 3780 e
1783 3725 1904 3780 sinu
1928 3739 2049 3788 suo,

477 3831 689 3870 rursum
727 3817 978 3870 restituta
1025 3826 1110 3873 est
1154 3817 1206 3872 in
1261 3817 1496 3874 colorem
1548 3819 1732 3874 carnis
1766 3834 1877 3873 sua:
1911 3819 1976 3873 ".
2027 3837 2046 3870 ι

477 3913 655 3978 Atque
679 3909 894 3965 dillicile
915 3911 1134 3979 quidem
1163 3920 1350 3977 est,ac
1376 3928 1538 3982 supra
1565 3921 1780 3981 captum
1809 3923 2051 3967 nostrum

477 3999 683 4064 videre,
713 4000 870 4067 cujus
899 4002 971 4053 rei
996 4011 1125 4054 ttota
1157 4003 1327 4072 possit
1353 4018 1474 4058 esse
1509 4003 1610 4058 hoc
1637 4004 1875 4074 signum.
1905 4003 2054 4071 Quo-

479 4091 622 4143 niam
681 4104 810 4142 vero
861 4105 967 4143 non
1018 4102 1232 4158 oportet
1262 4102 1316 4146 et
1360 4109 1458 4148 nos
1485 4111 1514 4148 a
1547 4095 1842 4164 qumrendo
1868 4096 2052 4150 dolere

475 4181 619 4248 quod
671 4178 827 4232 nobis
855 4180 1127 4233 succurrit
1178 4183 1454 4238 tradentes
1489 4185 1554 4236 ad
1590 4184 1944 4253 judicandum
1971 4185 2053 4241 le-

476 4278 653 4336 cturo,
687 4269 929 4324 dicemus
960 4285 1176 4324 manum
1203 4270 1525 4342 plerumque
1554 4277 1930 4340 operationnm
1957 4291 2057 4331 no-

477 4370 586 4413 tam
619 4374 770 4424 esse;
802 4360 984 4414 sinum
1013 4374 1143 4414 vero
1182 4362 1381 4432 Moysis
1413 4363 1549 4416 duas
1577 4367 1850 4433 potentias
1881 4367 2050 4421 babe-

2149 3172 2306 3229 ἄλλον
2325 3171 2490 3224 τόπον
2535 3169 2663 3242 περὶ
2693 3169 2795 3240 τῆς
2831 3168 2926 3222 τοῦ
2960 3168 3159 3224 κόλπου
3211 3165 3505 3237 ὀνομασίας
3550 3164 3726 3234 δεήσει,

2149 3264 2488 3339 παραθέσθαι
2548 3262 2656 3317 ἀπὸ
2703 3262 2805 3333 τῆς
2872 3261 3098 3334 Γραφῇ
3122 3301 3138 3326 ,
3196 3259 3329 3332 φέρε
3388 3259 3726 3328 ἐξετάσωμεν»

2146 3356 2268 3410 τίνα
2314 3356 2514 3427 τρόπον
2544 3349 2668 3408 εἶπε
2695 3353 2902 3427 Κύριος
2939 3353 3017 3425 τῷ
3057 3354 3266 3425 Μωῦσῇ
3295 3371 3309 3384 ο
3351 3371 3371 3404 ι
3415 3351 3718 3406 Πάλιν-εισι

2148 3447 2370 3516 ένεγκον
2401 3445 2501 3518 τὴν
2556 3445 2716 3518 χεῖρά
2748 3463 2842 3500 σου
2873 3446 2954 3510 είς
2982 3444 3074 3499 τὸν
3107 3443 3308 3499 κόλπον
3335 3460 3430 3497 σου
3448 3461 3462 3474 ο
3491 3442 3586 3497 καὶ
3613 3443 3718 3495 εισ-

2149 3541 2349 3612 ήνεγκε
2399 3539 2500 3610 τὴν
2539 3542 2698 3611 χεῖρα
2723 3539 2889 3593 αὑτοῦ
2926 3539 3006 3603 είς
3041 3537 3132 3592 τὸν
3159 3538 3360 3592 κόλπον
3400 3536 3602 3591 αὑτοῦ·
3635 3536 3724 3590 καὶ

2148 3631 2441 3703 ἐξήνεγκεν
2468 3630 2638 3703 αὐτὴν
2669 3632 2735 3684 ὲκ
2763 3629 2856 3684 τοῦ
2878 3630 3080 3684 κόλπου
3106 3629 3295 3686 αὑτοῦ·
3329 3631 3424 3683 καὶ
3453 3629 3666 3697 ἐγένετο
3687 3629 3720 3697 ἢ

2149 3724 2269 3795 χεὶρ
2323 3722 2486 3776 αὑτοῦ
2529 3722 2787 3793 λεπρῶσα
2837 3721 2950 3795 (89)
2989 3722 3124 3776 ὡσεὶ
3175 3721 3332 3793 χιών.
3381 3721 3493 3774 Καὶ
3535 3716 3715 3772 εἶπεν

2149 3814 2439 3884 Είσένεγκε
2467 3814 2567 3886 τὴν
2601 3815 2759 3886 χεῖρά
2788 3831 2881 3868 σου
2904 3815 2985 3879 είς
3003 3815 3096 3868 τὸν
3128 3815 3328 3868 κόλπον
3355 3831 3468 3868 σου·
3488 3813 3584 3866 καὶ
3617 3814 3718 3865 εισ-

2149 3908 2347 3978 ήνεγκε
2384 3907 2484 3978 τὴν
2531 3908 2690 3978 χεῖρα
2741 3906 2906 3960 αὑτοῦ
2949 3909 3029 3970 είς
3061 3907 3152 3960 τὸν
3179 3906 3380 3960 κόλπον
3414 3904 3600 3960 αὐτοῦ’
3634 3903 3720 3958 καὶ

2149 3997 2438 4069 ἐξήνεγκεν
2487 3998 2658 4069 αὐτὴν
2713 3999 2779 4051 ὲκ
2825 3997 2919 4051 τοῦ
2953 3998 3156 4052 κόλπου
3190 3997 3379 4062 αὑτοῦ,
3429 3998 3525 4051 κα)⁸
3571 3995 3721 4050 πάλιν

2149 4089 2567 4161 ἀπεκατεστάθη
2637 4090 2719 4154 είς
2779 4089 2880 4161 τὴν
2952 4090 3120 4161 χρόαν
3181 4088 3285 4158 τῆς
3355 4087 3555 4159 σαρκὸς
3633 4086 3715 4138 ati-

2150 4181 2266 4235 τοῦ.
2293 4200 2312 4234 ι
2365 4180 2618 4234 Χαλεπὸν
2654 4181 2752 4252 μὲν
2780 4177 2874 4234 οὖν
2923 4181 3050 4234 ἰδεῖν
3102 4181 3197 4234 καὶ
3225 4181 3364 4251 ὑπὲρ
3399 4181 3546 4250 ἡμᾶς
3588 4179 3714 4236 τινος

2152 4274 2420 4347 σύμϐολον
2453 4270 2592 4328 εἷναι
2624 4273 2850 4328 δύναται
2896 4272 2957 4327 τὸ
3002 4274 3226 4343 σημεῖον
3281 4271 3458 4326 τοῦτο.
3509 4268 3716 4337 Ἐπειδὴ

2151 4368 2258 4438 χρὴ
2314 4367 2408 4420 καὶ
2457 4367 2606 4436 ἡμᾶς
2649 4365 2724 4436 μὴ
2753 4364 2939 4433 ἀλγεῖν
2966 4364 3078 4418 ἀπὸ
3128 4363 3222 4416 τοῦ
3271 4361 3454 4433 ζητεῖν
3498 4362 3559 4414 τὸ
3597 4361 3713 4412 ὑπο-

478 4467 536 4505 re
567 4467 582 4505 :
610 4451 844 4521 priorem
875 4451 1093 4521 quidem
1141 4451 1431 4506 facientem
1473 4453 1627 4521 juxta
1663 4455 1858 4509 littera:
1889 4471 2043 4511 sensa

2155 4461 2351 4514 πίπτον
2385 4461 2464 4523 είς
2500 4458 2679 4530 κρίσιν
2719 4455 3049 4530 παραδοῦναι
3089 4455 3167 4526 τῷ
3213 4454 3604 4525 ὲντευξομένῳ,
3628 4453 3715 4520 φὴ-

475 4544 751 4612 operaulis
785 4542 1076 4607 actionem,
1124 4541 1398 4612 leprosatn
1439 4544 1606 4599 veluti
1637 4546 1750 4611 nix,
1782 4555 2046 4614 quantum

471 4634 542 4687 ad
575 4633 919 4688 Hebraeorum
949 4649 1173 4702 vocem;
1208 4635 1562 4704 posteriorem
1598 4652 1724 4692 vero
1756 4637 2048 4693 ostenden—

477 4735 581 4780 tctn
609 4725 916 4780 institutum
945 4728 1068 4781 vita:
1089 4726 1386 4792 sincerum,
1407 4727 1562 4798 juxta
1592 4729 1930 4798 spiritualem
1961 4731 2045 4786 le-

471 4832 617 4885 gent,
652 4817 954 4871 restitutum
983 4817 1048 4872 ad
1097 4817 1427 4873 voluntatem
1476 4830 1686 4875 natura:
1715 4829 1767 4876 et
1796 4820 2046 4876 rationis.

467 4897 540 4962 Et
582 4909 809 4963 observa
845 4910 989 4979 quod
1022 4910 1109 4965 bis
1139 4911 1503 4982 snbjungatur
1532 4928 1546 4967 :
1584 4930 1604 4964 t
1637 4912 1691 4966 Si
1728 4929 1834 4968 non
1872 4913 2049 4968 credi-

473 5001 653 5054 derint
682 4998 802 5063 tibi,
850 5014 1026 5068 neque
1063 5001 1412 5057 exandierint
1443 5017 1634 5057 vocent
1669 5003 1832 5072 primi
1879 5003 2041 5073 signi,

473 5093 694 5148 credent
723 5101 900 5146 tamen
935 5092 1052 5147 voci
1085 5093 1404 5160 posterioris
1435 5094 1575 5163 signi
1605 5095 1690 5160 “';
1723 5113 1744 5148 ι
1783 5111 1908 5148 nam
1947 5094 2042 5164 qui

475 5200 580 5236 tton
626 5182 923 5239 crediderit
971 5183 1410 5254 interpretationi
1443 5185 1658 5251 littera,
1697 5187 1743 5241 is
1767 5188 1838 5242 ob
1872 5187 2038 5243 animi

2155 4569 2320 4622 σομεν
2353 4549 2484 4621 (90),
2523 4550 2606 4602 ὅτι
2645 4551 2678 4621 ἡ
2720 4550 2842 4620 χεὶρ
2871 4549 3124 4621 πράξεων
3152 4545 3422 4617 πολλαχοῦ
3464 4543 3712 4616 σύμϐολόν

2153 4642 2298 4694 ἐστιν
2318 4657 2332 4670 ·
2367 4642 2396 4694 6
2424 4639 2481 4692 δὲ
2514 4639 2712 4702 κόλπος
2751 4639 3025 4701 Μωῦσέως
3055 4638 3149 4692 δύο
3177 4637 3437 4705 δυνάμεις
3466 4636 3598 4705 ἔχει,
3629 4631 3712 4701 τὴν

2159 4733 2257 4804 μὲν
2312 4731 2581 4803 προτέραν
2634 4730 2904 4784 καὶκατὰ
2951 4729 3021 4783 τά
3075 4729 3168 4782 τοῦ
3229 4729 3557 4799 γράμματος
3607 4725 3712 4792 νοή·

2159 4840 2306 4895 ματα
2359 4822 2619 4875 ποιοῦσαν
2678 4820 2776 4893 τὴν
2841 4822 3042 4892 πρᾶξιν
3079 4818 3172 4872 τοῦ
3213 4819 3544 4889 πράττοντος
3595 4811 3709 4866 ὡσεὶ

2155 4913 2288 4985 χιὼν
2312 4952 2328 4978 ,
2378 4913 2502 4966 ὅσον
2556 4911 2650 4965 ἐπὶ
2679 4915 2748 4983 τῇ
2788 4910 3056 4983 Ἐϐραίων
3089 4912 3238 4980 φωνῇ
3258 4947 3273 4970 ,
3301 4908 3336 4979 ἢ
3369 4908 3465 4960 καὶ
3517 4900 3709 4972 λεπρῶ-

2155 5021 2288 5060 σαν·
2322 5005 2422 5076 τὴν
2455 5003 2712 5073 δευτέραν
2741 5001 2836 5054 καὶ
2868 5000 3012 5054 κατά
3041 4999 3132 5053 τὸν
3161 4996 3527 5068 πνευματικὸν
3565 4992 3706 5062 νόμον

2149 5097 2416 5166 καθαρὰν,
2445 5091 2844 5149 ἀποδεικνῦσαν
2887 5091 2987 5163 τὴν
3017 5089 3323 5152 πολιτείαν,
3359 5088 3453 5141 καὶ
3485 5081 3704 5140 ἀποκαθο

2151 5185 2504 5257 ιστανομένην
2558 5186 2638 5249 είς
2685 5184 2746 5238 τὸ
2791 5183 3040 5255 βούλημα
3104 5181 3202 5252 τῆς
3237 5179 3452 5250 φύσεως
3497 5174 3583 5230 τοῦ
3629 5172 3703 5226 λό-

545 5325 588 5356 "
613 5324 928 5390 Joatt.t,i8.
1001 5325 1048 5358 ¹⁶
1073 5324 1203 5380 Luc.
1249 5342 1360 5391 nrt,
1385 5326 1477 5382 22.
1557 5327 1600 5359 ⁸⁸
1641 5327 1812 5385 Exod.
1849 5344 1922 5396 Iv,
1973 5329 2026 5396 6,

2205 5333 2247 5363 ¹⁶
2287 5331 2413 5383 ibid.
2437 5328 2490 5383 8.

546 5437 655 5505 (87)
687 5435 832 5492 Idem
877 5438 1048 5494 codex
1111 5437 1328 5511 Regius,
1373 5439 1541 5506 ἀξίως
1586 5441 1752 5513 τιμῆς
1791 5437 1861 5513 ἧς
1908 5443 2042 5514 πρέ-

473 5525 584 5561 πει.

475 5647 489 5654 Δ
543 5573 876 5654 (88)ACodex_
913 5577 1133 5654 Regius,
1183 5579 1499 5652 νοήσωμεν·
1558 5583 1695 5654 ὅπερ
1741 5581 1834 5636 ὲάν
1873 5582 2043 5647 οὕτως

472 5645 727 5716 ἐσόμεθα,
754 5645 1242 5716 ἀπολογησάμενοι.

544 5713 657 5788 (89)
693 5715 872 5772 Codex
901 5713 1123 5786 Regius,
1145 5717 1445 5788 λεπρωσία.

2221 5442 2330 5509 (90)
2356 5439 2463 5496 Καί
2500 5439 2651 5508 ὑπὲρ
2689 5436 2842 5509 ἡμᾶς
2885 5438 3048 5509 τίνος
3079 5438 3165 5502 εἰς
3190 5435 3392 5509 κρίσιν
3434 5426 3699 5509 παριδοῦ-

2151 5531 2248 5567 ναι
2302 5507 2381 5576 τῷ
2421 5507 2832 5578 ἐντευξομένῳ
2858 5508 3158 5577 φήσομεν.
3187 5509 3279 5559 Sic
3331 5507 3471 5558 Itunc
3519 5507 3697 5578 lerunt:

2153 5585 2243 5652 qni
2304 5573 2359 5634 in
2409 5583 2596 5652 codice
2618 5573 2820 5652 pllegio
2858 5573 3082 5632 immitto
3113 5592 3339 5632 tnattcua
3371 5584 3476 5639 est,
3504 5573 3698 5624 sanitati

2159 5649 2396 5709 restituit
2427 5649 2599 5707 codex
2630 5649 2980 5705 Bodleiattus.
