3936 6196
218 346 330 401 861
1266 349 1623 407 COMMENT.
1668 349 1734 407 IN
1773 350 1968 414 ιοιΝ.
2009 352 2251 412 TOMUS
2291 354 2509 411 XXXII.
3389 353 3496 409 802

217 481 350 533 γου.
375 465 483 520 Καὶ
508 466 665 537 τήρει
694 484 778 537 γε,
810 468 891 523 ὅτι
914 468 1232 542 ἐπιφέρεται
1261 472 1473 536 τούτοις
1499 473 1580 525 τό·
1624 492 1642 523 ι
1679 471 1771 526 Ἑά

1934 478 2282 533 ιτωειιιηιῑιιιῐι
2348 476 2536 531 credet
2594 471 2865 543 spirituali
2925 469 3061 541 legis
3130 467 3488 523 enarrationi.

219 557 308 627 μὴ
336 557 667 612 πιστεύσωσί
699 578 801 625 σοι,
832 562 964 632 μηδὲ
988 564 1349 618 είσακούσωσι
1381 567 1479 637 τῆς
1502 567 1684 637 φωνῆς
1716 585 1773 620 το

1934 569 2072 634 Juod
2105 570 2147 624 si
2178 570 2301 639 quis
2327 584 2454 623 vero
2490 569 2573 622 his
2600 567 2812 620 duobus
2841 564 3009 634 signis
3036 578 3142 616 non
3165 559 3488 623 crediderit,

217 647 462 717 σημείου
490 648 585 701 τοῦ
624 649 858 721 πρῶτον,
889 654 1238 708 πιστεύσουσί
1266 674 1347 710 σοι
1381 658 1478 727 τῆς
1508 658 1693 728 φωνῆς
1716 676 1771 712 το

1938 660 2081 714 ηιυτι
2129 661 2371 729 quidem,
2407 661 2532 729 quia
2574 660 2841 726 leprosam
2872 654 3004 708 facit
3046 656 3348 715 actionem;
3405 666 3492 705 se-

217 739 464 808 σημείου
495 739 589 793 τοῦ
617 740 890 814 δευτέρου·
923 763 942 795 ι
974 747 1003 798 ό
1032 746 1143 818 γάρ
1178 748 1252 819 μὴ
1291 749 1587 814 πιστεύσας
1614 754 1679 821 τῇ
1717 754 1771 804 ὲκ

1937 755 2093 807 τιιιιιιο
2120 764 2322 818 autem,
2348 755 2476 824 quia
2505 767 2626 807 eam
2668 748 2908 804 restituit
2948 748 3001 799 in
3041 755 3283 800 naturam
3309 758 3491 806 suam,

212 830 356 900 δοχῇ
386 829 481 883 τοῦ
515 832 863 903 γράμματος,
903 834 992 889 διὰ
1022 837 1376 907 μεγαλόνοιαν
1411 840 1689 893 πιστεύσει
1742 859 1766 895 τ

1936 862 2055 916 tqua
2093 847 2219 901 huic
2245 846 2475 901 edicitur
2508 845 2771 914 sanguis;
2803 841 3066 910 scriptum
3109 846 3192 892 est
3221 837 3364 891 enim
3401 835 3442 867 ¹⁶⁷
3473 848 3490 890 :

215 928 575 997 πνευματικῇ
628 925 723 979 τοῦ
779 927 946 998 νόμου
1000 928 1270 1001 διηγήσει.
1320 931 1445 985 Ἐἀν
1486 932 1542 986 δέ
1600 951 1686 997 τις
1734 952 1769 1005 μ

1973 938 2038 993 Et
2064 941 2193 1003 erit,
2220 940 2264 993 si
2296 954 2401 993 non
2435 937 2645 991 duobus
2695 934 2779 989 his
2804 932 2977 1001 signis
3009 929 3361 991 crediderint,
3399 926 3495 982 nte-'-

216 1016 494 1087 πιστεύσῃ
538 1020 649 1081 τοῖς
685 1017 807 1071 δυσὶ
857 1020 1101 1090 σημείοις
1146 1022 1389 1087 τούτοις,
1417 1023 1495 1094 τῷ
1534 1025 1633 1095 μὲν
1680 1042 1770 1097 πρι

1938 1050 2020 1103 [ue
2070 1032 2345 1087 audierint
2374 1044 2558 1084 vocem
2588 1038 2745 1082 tuam
2772 1042 2788 1090 ;
2824 1023 3064 1091 accipies
3093 1022 3159 1076 de
3190 1022 3348 1089 aquis
3392 1019 3492 1072 liu-

212 1107 279 1158 τέ
291 1124 393 1177 ρῳ,
435 1109 516 1161 ὃτι
548 1108 756 1180 λεπράν
785 1113 930 1164 ποιεῖ
957 1112 1057 1184 τὴν
1088 1114 1310 1185 πρᾶξιν,
1340 1114 1419 1186 τῷ
1451 1115 1508 1168 δὲ
1535 1117 1766 1188 δευτέρῳ

1937 1126 2098 1189 ninis,
2135 1136 2191 1179 et
2212 1123 2461 1178 cﬂ'uudes
2486 1122 2538 1175 iu
2571 1120 2772 1174 siccam
2803 1119 3025 1171 humum
3053 1130 3070 1180 ;
3110 1114 3322 1182 eritque
3352 1126 3491 1182 aqua

212 1200 309 1252 ὅτι
343 1200 775 1273 ἀποκαθίστησιν
794 1204 962 1276 αὐτὴν
994 1207 1074 1270 είς
1105 1206 1166 1259 rb
1194 1207 1335 1261 κατά
1362 1208 1545 1277 φύσιν,
1577 1210 1638 1261 rb
1666 1209 1766 1264 ῦδω

1936 1215 2024 1278 Ila,
2055 1231 2219 1284 quam
2263 1214 2332 1269 de
2380 1212 2602 1268 ﬂumine
2631 1208 2928 1277 acceperis,
2956 1206 3123 1279 M0
3165 1206 3390 1275 sanguis
3437 1205 3490 1257 in

212 1289 402 1360 τούτῳ
448 1285 588 1361 αἷμα
637 1292 879 1359 γίνεται·
913 1296 1221 1367 γέγραπται.
1255 1299 1395 1371 γάρ·
1440 1318 1460 1350 ι
1502 1301 1614 1353 Καὶ
1658 1300 1766 1355 ἔστι

1942 1307 2116 1361 iccam
2149 1307 2392 1360 humum.
2426 1324 2444 1358 ι
2482 1305 2549 1359 Et
2576 1315 2812 1359 mentem
2841 1301 3056 1360 adhibe,
3098 1299 3244 1367 quod
3285 1297 3337 1349 in
3391 1296 3493 1349 hoc

213 1381 324 1434 ἐὰν
356 1381 429 1452 μὴ
462 1382 791 1437 πιστεύσωσί
849 1402 932 1438 σοι
962 1390 1075 1450 τοῖς
1110 1388 1230 1440 δυσὶ
1262 1391 1509 1460 σημείοις
1554 1392 1764 1456 τούτοις

1945 1400 2069 1467 igno
2101 1413 2206 1451 non
2249 1397 2484 1464 amplius
2506 1397 2721 1450 dicatur
2752 1393 3049 1451 :Credent.
3082 1388 3189 1451 vel,
3227 1386 3342 1440 Non
3374 1400 3492 1439 cre'

217 1474 365 1544 μηδὲ
422 1475 782 1530 εἰσακούσωσι
830 1480 929 1549 τῆς
975 1479 1163 1550 φωνῆς
1210 1498 1329 1545 σου,
1380 1482 1540 1553 λήψει
1573 1485 1681 1537 ἀπὸ
1716 1503 1771 1538 το

1941 1496 2039 1545 lcnt
2087 1490 2207 1544 tibi.
2236 1489 2489 1544 lunuitur
2521 1488 2691 1551 enim,
2738 1484 2882 1555 quod
2920 1499 3025 1538 non
3066 1478 3316 1535 credenti
3362 1481 3495 1531 duo-

215 1565 420 1629 ῦδατος
462 1566 556 1619 τοῦ
605 1569 883 1640 ποταμοῦ,
915 1574 1010 1626 καὶ
1059 1574 1238 1643 ἐκχεῖς
1280 1573 1384 1627 ἐπὶο
1408 1574 1472 1627 rb
1500 1574 1683 1646 ξηρόν·
1716 1593 1769 1629 κε

1935 1599 2017 1637 HIS
2047 1580 2238 1651 signis,
2270 1596 2411 1650 aqua
2462 1580 2527 1634 de
2563 1579 2786 1633 ﬂumine
2829 1584 3044 1643 sumpta
3096 1571 3190 1626 ﬁat
3244 1569 3489 1639 sanguis,

212 1658 376 1714 ἔσται
411 1661 471 1713 rb
501 1660 647 1733 ὕδωρ
686 1662 715 1715 ὅ
758 1663 853 1716 ἐὰν
904 1664 1075 1736 λάϐῃς
1108 1666 1217 1719 ἀπὸ
1255 1666 1349 1720 τοῦ
1392 1667 1640 1739 ποταμοῦ
1669 1663 1766 1739 αἷμ

1938 1674 2205 1743 nequeunti
2257 1682 2481 1741 propter
2512 1671 2892 1725 inﬁdelitatem
2926 1666 3032 1720 frui
3066 1664 3280 1717 ratione
3332 1671 3492 1728 pota-

213 1754 319 1805 ἐπὶ
340 1751 434 1805 τοῦ
465 1751 653 1823 ξηροῦ.
690 1772 708 1804 ι
736 1754 845 1808 Καὶ
891 1754 1126 1825 πρόσχες
1150 1756 1238 1821 δὲ,
1267 1757 1347 1810 δτι
1370 1758 1463 1808 ἐπὶ
1494 1756 1682 1810 τούτου
1712 1775 1767 1811 το

1934 1768 2029 1820 iiIi.
2055 1765 2162 1819 Sed
2192 1764 2479 1819 redeamus
2501 1762 2646 1816 unde
2662 1761 2943 1815 aberrarat
2971 1758 3172 1817 oratio,
3191 1768 3312 1808 cum
3335 1754 3488 1824 plura

216 1845 457 1915 σημείου
514 1845 615 1898 οὐκ
658 1844 738 1898 ἐτι
786 1845 1004 1914 λέγεται
1045 1847 1124 1911 rb,
1158 1847 1212 1919 ἢ,
1245 1847 1581 1901 Πιστεύσωσί
1614 1849 1770 1920 σοι,ῆ

1935 1874 2068 1928 [nam
2088 1872 2323 1927 praesens
2350 1855 2499 1911 locns
2523 1854 2781 1923 postulet,
2805 1854 2869 1905 de
2887 1849 3004 1905 sinu
3027 1847 3155 1902 .iesu
3181 1859 3489 1910 assumpse-

213 1938 302 1989 Οὐ
360 1936 693 1990 πιστεύσωσι
714 1956 728 1969 ·
761 1937 1013 2008 δηλοῦται
1059 1939 1188 2009 γὰρ,
1222 1940 1304 1991 ὅτι
1337 1939 1416 2010 τῷ
1449 1940 1525 2011 μὴ
1577 1940 1767 1994 πιστεύ

1933 1952 2107 2015 imus;
2148 1964 2383 2018 cumque
2421 1946 2776 2002 didicerimus
2802 1958 2925 1997 emn
2956 1955 3118 2010 quem
3150 1946 3298 1991 autat
3329 1935 3487 1990 Iesus

217 2045 384 2082 σαντι
411 2030 522 2090 τοῖς
560 2026 679 2081 δυσὶ
729 2028 975 2099 σημείοις
1023 2029 1088 2082 rb
1126 2028 1537 2100 λαμϐανόμενον
1562 2030 1670 2084 ἀπὸ
1706 2047 1770 2083 το

1932 2046 2221 2101 ecumbere
2243 2044 2296 2097 itt
2312 2044 2435 2097 sinu
2456 2039 2605 2104 Jesn,
2624 2037 2757 2093 nihil
2783 2053 2888 2092 non
2905 2048 3270 2102 agamus,an
3293 2031 3486 2101 pra‘ci-

216 2121 477 2193 ποταμοῦ
514 2121 658 2195 ὕδωρ
686 2118 824 2193 αἷμα
858 2123 1065 2191 γίνεται
1087 2164 1102 2188 ,
1152 2125 1220 2178 δι’
1262 2126 1519 2179 ἀπιστίαν
1572 2127 1770 2197 ποτίμο

1933 2137 2200 2207 »υοίιιείιιε
2222 2149 2409 2189 amore
2426 2133 2570 2201 digni
2595 2130 2933 2200 jndicemur:
2964 2127 3109 2180 hunc
3136 2124 3279 2179 enim
3300 2123 3351 2176 in
3372 2137 3487 2174 mo-

218 2213 521 2269 ἀπολαύειν
558 2215 619 2267 ού
647 2213 927 2287 δυναμένῳ
964 2215 1145 2284 λόγου.
1174 2216 1335 2270 Ἀλλά
1361 2216 1471 2289 γὰρ
1495 2217 1772 2271 ἐπανέλθω

1935 2235 2033 2284 lum
2058 2228 2436 2283 recumbemus
2458 2226 2622 2279 etiam
2653 2221 2753 2290 ipsi
2792 2220 2843 2273 iu
2874 2217 2993 2273 sinu
3022 2214 3169 2269 Jesu.
3201 2213 3271 2266 At
3299 2210 3489 2265 annuit

224 2325 351 2377 μεν,
387 2306 603 2359 πλείονα
657 2306 751 2359 τοῦ
788 2307 996 2372 δέοντος
1027 2307 1117 2360 διὰ
1143 2309 1233 2362 τὸν
1263 2309 1462 2363 κόλπον
1491 2310 1586 2364 τοῦ
1626 2311 1778 2381 Ἰησοέ

1934 2322 2105 2376 lilecto
2140 2318 2408 2388 discipulo
2437 2315 2625 2370 Simon
2657 2312 2874 2374 Petrus,
2921 2322 3019 2363 nec
3054 2305 3311 2360 annuisse
3357 2318 3488 2356 con-

220 2400 635 2471 Μραλαόόντες
660 2402 739 2463 εἰς
763 2400 853 2454 rbv
879 2401 1042 2454 τόπον
1071 2402 1164 2455 ἐπὶ
1207 2402 1269 2455 rb
1302 2404 1680 2475 προκείμενον,
1707 2422 1774 2458 κα

1934 2421 2090 2468 entus
2124 2410 2300 2479 inquit
2329 2408 2403 2462 illi
2438 2424 2453 2461 :
2493 2424 2513 2458 ι
2546 2403 2871 2465 Sciscitarc,
2904 2398 3157 2467 quisnam
3194 2394 3265 2451 sit
3303 2393 3391 2447 ille
3423 2394 3488 2447 de

224 2491 513 2560 μαθόντες,
557 2493 639 2546 ὅτι
679 2491 738 2544 ὃν
789 2492 980 2562 ἠγάπα
1003 2495 1032 2547 ὁ
1069 2493 1296 2564 Ἰησοῦς,
1338 2490 1406 2565 ἦν
1446 2497 1778 2568 ἀνακείμενα

1929 2521 2014 2576 ιιιο
2038 2505 2281 2573 loquitur
2316 2501 2378 2553 ⁸⁸.
2418 2518 2437 2551 ι
2471 2497 2834 2565 Quamobrem
2865 2491 3125 2561 quoniam
3157 2501 3390 2541 (timuere
3432 2484 3483 2537 in

219 2582 283 2635 ἐν
316 2583 396 2654 τῷ
430 2584 614 2655 κόλπῳ
652 2586 746 2639 τοῦ
808 2584 1011 2657 Ἰησοῦ,
1060 2586 1236 2640 πάντα
1291 2587 1618 2660 πράττωμεν
1667 2590 1773 2661 πρὸ

1932 2593 2220 2649 ’roverbiis
2237 2593 2534 2647 assumitur
2553 2589 2604 2641 itt
2630 2586 2985 2645 calumniam,
3006 2597 3126 2634 nam
3149 2578 3324 2632 malus
3349 2594 3369 2627 ι
3389 2591 3486 2629 att-

212 2672 284 2726 τὸ
310 2675 635 2746 ἑγκριθῆναι
669 2679 733 2748 τῇ
770 2676 1035 2749 ἐξαιρέτῳ
1062 2676 1226 2731 αὐτοῦ
1256 2678 1479 2752 ἀγάπῃ·
1513 2680 1657 2734 οὕτω
1694 2680 1766 2751 γά

1929 2687 2022 2741 ιιιίι
2054 2684 2233 2750 oculo,
2276 2682 2469 2737 annuit
2503 2688 2557 2734 et
2592 2676 2752 2749 pede,
2783 2677 3051 2741 docetque
3089 2669 3309 2723 nutibus
3343 2666 3483 2738 digi-

216 2766 501 2819 καῖ-αύτοὶ
534 2768 936 2839 ἀνακεισόμεθα
988 2771 1046 2822 ἐν
1099 2769 1179 2840 τῷ
1221 2770 1409 2841 κόλπῳ
1460 2771 1555 2824 τοῦ
1601 2773 1770 2842 Ἰησοῦ

1929 2792 2108 2840 orum,
2148 2775 2310 2830 corde
2360 2784 2619 2843 perverso
2652 2767 2792 2822 mala
2842 2763 3165 2818 machinans
3196 2762 3285 2823 ";
3328 2777 3347 2810 ι
3384 2768 3481 2813 et:

215 2853 387 2907 Νεύει
416 2854 473 2907 δὲ
499 2854 576 2925 τῷ
598 2857 948 2928 ἀγαπωμένῳ
973 2858 1187 2931 μαθητῇ
1233 2860 1418 2931 Σίμων
1451 2861 1677 2933 Πέτρος,
1710 2880 1769 2916 κο

1931 2889 1933 2896 ι
1976 2865 2077 2932 Qui
2109 2864 2299 2919 annuit
2330 2862 2507 2918 oculis
2550 2875 2671 2914 cum
2717 2858 2861 2918 dolo,
2890 2860 3147 2923 aggregat
3176 2849 3312 2904 viris
3353 2861 3485 2903 mm-

222 2948 302 3019 μὴ
354 2948 691 3019 ἀρκούμενος
739 2949 819 3020 τῷ
858 2951 1087 3022 νεύματι
1127 2970 1259 3025 φησι
1280 2953 1459 3025 αὐτῷ·
1489 2972 1507 3006 ι
1538 2955 1674 3009 Εἰπὲ
1718 2956 1776 3009 τί

1926 2972 2063 3013 'ores
2090 2956 2162 3021 ",
2196 2974 2215 3008 ι
2247 2954 2533 3010 dicendum
2564 2960 2650 3006 est
2682 2947 2879 3002 malum
2912 2958 3018 2998 non
3061 2955 3183 2995 esse
3216 2951 3480 3003 annuere,

218 3040 340 3091 ἐστι
394 3039 523 3109 περὶ
576 3034 637 3093 οὗ
692 3039 861 3109 λέγει.
904 3060 924 3093 ι
978 3042 1130 3095 Ἐπεὶ
1158 3037 1251 3095 οὖν
1275 3043 1335 3096 rb
1372 3046 1572 3099 νεύειν
1599 3047 1657 3100 ἐν
1682 3050 1772 3101 ra!

1929 3050 1999 3104 .ed
2033 3048 2194 3102 oculo
2217 3044 2578 3111 annuere,hoc
2598 3049 2703 3107 est,
2727 3037 2885 3094 oculo
2905 3046 3214 3090 transversa
3239 3029 3403 3093 tueri,
3429 3038 3483 3083 et

221 3129 549 3201 Παροιμίαις
581 3131 673 3195 είς
699 3130 950 3205 διαϐολὴν
981 3132 1336 3204 λαμϐάνεται·
1375 3135 1403 3187 ό
1439 3136 1549 3207 γὰρ
1594 3136 1775 3206 φαῦλα

1930 3154 2009 3194 ιοη
2046 3148 2195 3193 recte
2221 3136 2429 3198 videre,
2456 3144 2511 3188 et
2532 3144 2777 3186 annnere
2800 3143 2923 3182 cum
2949 3124 3094 3189 dolo,
3123 3120 3484 3189 vituperabile

224 3238 244 3271 ι
278 3219 483 3275 ἐννεύει
510 3220 611 3291 μὲν
650 3221 912 3293 ὀφθαλμῷ
936 3265 952 3289 ,
1002 3224 1258 3295 σημαίνει
1287 3225 1346 3279 δὲ
1377 3226 1527 3291 ποδὶ,
1557 3227 1775 3284 διδάσκε

1929 3244 2058 3295 esse;
2084 3236 2136 3282 at
2155 3236 2407 3281 amanter
2425 3237 2685 3287 anuucre,
2705 3220 2849 3276 l’etri
2865 3216 3099 3272 alliciunt
3122 3230 3263 3276 esse,
3282 3221 3336 3265 et
3357 3211 3483 3265 huic

218 3312 279 3365 δέ
340 3312 568 3384 νεύμασι
624 3312 900 3369 δακτύλων
924 3357 941 3382 ,
997 3318 1093 3371 καὶ⁹
1141 3317 1551 3393 διεστραμμένη
1602 3320 1772 3393 καρδία

1928 3331 2299 3389 :ouseqnenter
2348 3316 2499 3370 uutui
2545 3315 2733 3369 dicere
2777 3307 3187 3377 condiscipulo,
3224 3315 3482 3373 tanquam

218 3402 563 3457 τεκταίνεται
618 3402 729 3474 (91)
767 3406 947 3459 κακά·
988 3425 1008 3459 ι
1041 3406 1154 3460 καί·
1197 3427 1217 3459 ι
1258 3409 1317 3461 '0
1347 3408 1577 3463 ἐννεύων
1602 3410 1772 3480 ὀφθαλ

1930 3411 2161 3480 najorcm
2194 3425 2321 3480 erga
2356 3408 2670 3477 Magistrum
2694 3405 3005 3459 libertatem
3028 3398 3247 3454 habenti
3274 3415 3287 3449 :
3323 3416 3340 3446 ι
3366 3395 3484 3450 Sci-

225 3498 348 3565 μοίς
381 3496 519 3565 μετά
558 3495 711 3549 δόλου
754 3499 977 3568 συνάγει
1002 3500 1228 3572 ἀνδράσι
1255 3501 1452 3567 λύπας·
1488 3522 1508 3555 ι
1542 3503 1763 3557 λεκτέον

1929 3504 2121 3565 citare,
2147 3503 2397 3570 quisnam
2430 3501 2497 3554 sit
2520 3499 2629 3561 ille,
2661 3500 2728 3552 de
2754 3512 2863 3567 quo
2893 3496 3150 3564 loquitur.
3197 3512 3216 3544 ι
3252 3490 3483 3546 Volebat

218 3586 305 3639 ὅτι
324 3586 524 3655 φαῦλον
552 3586 614 3640 οὐ
641 3587 708 3641 rb
734 3587 909 3643 νεύειν
936 3592 1101 3655 ἐστὶν,
1132 3591 1267 3646 ἀλλά
1300 3593 1362 3646 rb
1399 3593 1575 3647 νεύειν
1599 3594 1770 3662 aqua)

1930 3598 2046 3650 enim
2078 3594 2331 3649 fortassis
2368 3592 2716 3661 mysterium,
2746 3590 2890 3657 quod
2920 3596 3041 3642 erat
3086 3586 3139 3641 itt
3174 3584 3484 3649 proditione

224 3680 312 3751 μῷ
335 3722 350 3746 ,
384 3681 630 3735 τουτέστι
658 3721 673 3745 ,
713 3681 1032 3750 πλαγιάζειν
1084 3683 1176 3735 τὸν
1224 3684 1538 3754 ὀφθαλμὸν,
1590 3686 1687 3738 καὶ⁸
1724 3685 1778 3755 μί]

1933 3704 2008 3756 ιιιιι
2041 3686 2227 3742 Jesum
2253 3683 2424 3739 Judas
2445 3682 2650 3751 prodit,
2686 3696 2887 3745 nosse;
2920 3678 3066 3748 quod
3096 3687 3154 3731 ut
3182 3677 3357 3731 diseat
3382 3674 3487 3731 Pe-

219 3771 358 3845 ὀρθὰ
413 3772 667 3842 βλέπειν,
722 3774 816 3827 καὶ
858 3772 919 3826 rb
957 3774 1132 3827 νεύειν
1183 3776 1321 3845 μετά
1366 3776 1517 3829 δόλου
1566 3777 1682 3829 ἐστὶ
1738 3794 1773 3830 τι

1928 3795 2045 3844 rus,
2097 3778 2342 3832 Joannes
2371 3777 2465 3846 qui
2503 3776 2656 3845 prius
2709 3776 3037 3829 recnbuerat
3072 3772 3126 3825 in
3162 3770 3283 3823 sinu
3329 3768 3480 3833 Jesu,

218 3865 416 3934 ψεκτόν
435 3881 451 3897 ·
483 3864 658 3918 νεύειν
700 3864 757 3918 δὲ
790 3865 1105 3937 φιλομαθῶς
1148 3867 1355 3939 Πέτρου
1379 3868 1538 3940 ἔργον
1562 3862 1631 3938 ἦν
1653 3907 1668 3933 ,
1705 3886 1772 3921 κα

1926 3870 2314 3941 .uperascendit
2353 3879 2409 3923 et
2457 3866 2705 3924 recubuit
2739 3880 2903 3935 super
2944 3874 3156 3935 pectus.
3189 3862 3250 3916 Et
3278 3862 3480 3916 fortas-

221 3958 529 4022 ἀκολούθως
572 3958 651 4029 τῷ
697 3958 921 4030 τοιούτῳ
969 3958 1199 4030 νεύματι
1246 3960 1423 4028 λέγειν
1454 3959 1531 4030 τῷ
1566 3977 1775 4031 συμφοι·

1926 3962 1979 4015 is
2018 3976 2125 4016 non
2165 3959 2502 4014 recumbenti
2548 3972 2712 4026 super
2741 3967 2953 4027 pectus.
2985 3956 3077 4010 sed
3110 3953 3480 4023 perseveranti

221 4054 393 4122 τητῇ,
438 4052 514 4115 ὠς
560 4053 874 4123 παρρησίαν
922 4051 1144 4104 πλείονα
1174 4052 1350 4122 ἔχοντι
1384 4052 1520 4122 πρὸς
1569 4051 1663 4105 τὸν
1706 4055 1775 4105 Ar

1924 4069 1956 4107 ιι
1978 4052 2098 4105 sinu
2136 4050 2453 4104 recumbere
2487 4048 2909 4117 haudquaquam
2935 4046 3257 4101 reddidisset
3293 4044 3477 4110 Iesus,

220 4144 516 4198 δάπαλον·
571 4163 590 4195 ι
619 4144 753 4197 Eine
798 4144 882 4206 τίς
915 4146 1032 4197 ἐστι
1067 4144 1193 4214 περὶ
1245 4139 1306 4198 οῦ
1350 4144 1517 4213 λέγει.
1553 4164 1572 4195 ι
1618 4143 1771 4198 Ἐδού

1924 4157 2060 4212 [nem
2097 4140 2292 4194 Petrus
2320 4149 2376 4193 et
2418 4139 2660 4195 Joannes
2703 4139 3110 4203 desiderabant,
3142 4152 3478 4193 sermonem.

222 4233 344 4286 λετο
380 4233 491 4304 γὰρ
524 4232 653 4298 ἴσως
682 4233 742 4287 rb
772 4232 914 4286 κατά
956 4233 1056 4304 τὴν
1092 4234 1383 4306 προδοσίαν
1422 4234 1490 4305 ἣν
1539 4234 1776 4306 προδίδω-

1917 4234 2159 4300 Quamvis
2217 4233 2380 4304 igitur
2432 4241 2598 4287 antea
2633 4231 2976 4288 recumberet
3033 4230 3085 4284 in
3141 4230 3264 4283 sinu
3317 4228 3471 4294 Jesu,

226 4340 308 4377 σιν
322 4323 528 4387 Ἰούδας
542 4324 632 4377 τὸν
647 4322 855 4394 Ἰησοῦν
880 4326 1177 4396 μυστήριον
1204 4326 1349 4379 ίδεϊν·
1371 4326 1507 4397 ὅπερ
1534 4326 1619 4379 ἵνα
1652 4326 1780 4400 μάθε

1922 4326 2095 4382 Ieinde
2117 4340 2246 4381 vero
2300 4326 2612 4382 recubuerit
2663 4340 2823 4394 supra
2860 4334 3052 4394 pectus
3102 4321 3255 4384 Jesu,
3294 4332 3476 4378 tamen

223 4417 252 4469 ὁ
302 4417 524 4491 Πέτρος,
573 4416 825 4487 Ἰωάννης
852 4417 1142 4488 ’πρότερον
1197 4418 1555 4488 ἀνακείμενος
1605 4418 1665 4471 ἐν
1719 4418 1777 4489 rt‘;

1919 4434 2000 4474 ter
2025 4420 2322 4475 secundum
2354 4419 2486 4474 illud
2512 4459 2530 4483 ,
2578 4428 2763 4487 utpote
2794 4415 2966 4485 majus
2994 4426 3051 4470 et
3096 4414 3473 4481 excellentius,

224 4507 406 4578 κόλπῳ
441 4508 536 4562 τοῦ
582 4507 757 4579 Ἰησοῦ
791 4509 1170 4580 ἐπαναὸέϐηκε
1194 4551 1209 4576 ,
1257 4510 1352 4563 καὶ
1391 4510 1656 4563 ἀνέπεσεν
1702 4510 1778 4565 imi

1920 4527 2191 4575 germanus
2232 4511 2359 4568 Iesu
2412 4512 2715 4581 discipulus
2768 4511 2820 4564 in
2853 4509 3145 4580 postremis
3195 4506 3474 4581 Evangelii

224 4600 283 4653 rb
327 4599 541 4671 στῆθος.
572 4602 683 4654 Kai.
713 4600 855 4671 τάχα
890 4599 965 4673 μὴ
994 4602 1317 4655 ἀναπεσόντι
1348 4602 1440 4654 ἐπὶ
1468 4602 1529 4655 rb
1554 4600 1751 4671 στῆθος
1776 4643 1778 4652 ,

2011 4613 2235 4673 gnatur;
2262 4608 2524 4674 scriptum
2550 4614 2633 4658 cst
2665 4603 2811 4656 enim
2839 4619 2855 4657 :
2888 4620 2906 4653 ι
2927 4601 3234 4656 Conversus
3260 4599 3478 4664 Petrus,
3536 4626 3560 4636 ε

224 4692 353 4747 ἀλλά
386 4694 632 4766 μείναντι
691 4695 783 4748 ἐπὶ
840 4693 933 4748 τοῦ
992 4694 1305 4748 ἀνακεῖσθαι
1340 4695 1398 4747 ἐν
1442 4693 1520 4765 τῷ
1561 4694 1778 4765 κόλπῳη

1931 4695 2045 4749 idet
2072 4696 2421 4764 discipulum,
2449 4711 2610 4766 quem
2641 4695 2900 4765 diligebat
2924 4692 3100 4757 lesus,
3133 4701 3478 4762 sequentem,

224 4787 320 4839 οὐκ
353 4785 418 4839 ἂν
450 4786 764 4858 παρέδωκεν
808 4786 866 4839 ὃν
916 4785 1097 4839 ἐπόθει
1136 4784 1424 4856 μανθάνειν
1469 4786 1723 4856 Ἰωάννης
1758 4786 1778 4855 ἦ

1918 4785 1988 4854 ιιιὶ
2018 4794 2073 4838 et
2105 4784 2359 4838 recubuit
2382 4785 2436 4838 in
2468 4797 2623 4837 cmna
2657 4798 2821 4849 super
2844 4792 3037 4851 pectus
3061 4779 3199 4848 ejus,
3223 4790 3278 4832 et
3309 4778 3472 4832 dixit:

226 4877 424 4951 Πέτρος
444 4878 619 4946 λόγον.
639 4878 700 4931 Ei
725 4878 818 4931 καὶ
840 4877 1195 4948 ἀνακείμενος
1214 4874 1308 4930 οὖν
1326 4878 1589 4947 πρότερον
1610 4878 1710 4948 μὲν
1725 4874 1780 4950 ῆι

1925 4877 2145 4942 Domine,
2172 4877 2296 4945 quis
2332 4886 2414 4931 est
2439 4877 2527 4945 qni
2554 4876 2730 4929 tradet
2762 4886 2813 4927 te
2838 4876 2881 4907 "
2912 4874 2935 4927 i
2972 4894 2992 4927 ι
3029 4889 3138 4928 non
3167 4873 3310 4928 enim
3341 4870 3479 4931 ει·ιὶ-

226 4972 281 5023 ἐν
308 4970 386 5041 τῷ
416 4970 602 5041 κόλπῳ
628 4970 722 5023 τοῦ
752 4969 950 5040 Ἰησοῦ,
987 4969 1212 5041 ὕστερον
1236 4968 1294 5022 δὲ
1323 4968 1588 5022 ἀνέπεσεν
1616 4968 1709 5021 ἐπὶ
1732 4968 1780 5022 τί

1562 4986 1588 5022 ν
1616 4968 1709 5021 ἐπὶ
1732 4968 1795 5022 rb
1899 4980 2052 5041 ptum
2084 4978 2190 5033 est,
2222 4987 2240 5020 ι
2273 4969 2375 5037 Qui
2406 4969 2655 5023 recubuit
2680 4969 2731 5021 iu
2759 4968 2879 5021 sinu
2910 4964 3062 5021 Jesu.
3098 4986 3116 5019 ι

228 5066 417 5137 στῆθος
449 5066 543 5119 τοῦ
570 5066 783 5139 Ἰησοῦ,
818 5068 906 5121 διὰ
939 5066 1033 5119 τοῦ
1102 5066 1359 5137 δευτέρου
1394 5066 1451 5118 ἐν
1495 5067 1607 5128 τοῖς
1654 5064 1983 5130 τελευταίοις
2042 5066 2374 5135 Εὑαγγελίου
2430 5063 2909 5135 χαρακτηρίζεται,
2980 5061 3055 5124 ὼς
3100 5056 3342 5131 μείζονος
3380 5056 3476 5109 καὶ

225 5158 596 5230 διαφέροντος,
643 5159 673 5211 ό
715 5158 808 5211 τοῦ
869 5157 1044 5228 Ἰησοῦ
1094 5160 1315 5229 γνήσιος
1386 5156 1669 5227 μαθητής·
1722 5156 2030 5229 γέγραπται
2091 5158 2239 5231 γὰρ,
2293 5159 2376 5212 ὅτι
2426 5176 2446 5210 ι
2512 5145 2962 5228 Ἐπιστραφεὶς’ό
3023 5153 3227 5223 Πέτρος
3290 5148 3475 5218 βλέπει

223 5251 308 5305 τὸν
364 5232 613 5320 μαθητῆν
656 5248 715 5301 δν
753 5248 940 5316 ἠγάπα
996 5250 1025 5301 ὁ
1084 5246 1290 5320 Ἰησοῦς
1353 5245 1790 5312 ἀκολουθοῦντα,
1832 5246 1892 5311 ὃς
1931 5249 2025 5302 καὶ
2080 5250 2342 5304 ἀνέπεσεν
2395 5249 2452 5304 ἐν
2504 5249 2583 5320 τῷ
2639 5248 2838 5317 δείπνῳ
2882 5245 2972 5298 ἐπὶ
3020 5244 3079 5296 rb
3129 5240 3323 5311 στῆθος
3379 5240 3476 5293 αὐ-

223 5346 328 5413 τοῦ,
367 5346 461 5399 καὶ
491 5341 638 5398 εἷπε·
673 5344 865 5416 Κύριε,
889 5344 971 5408 τίς
1002 5345 1147 5397 ἐστιν
1177 5347 1205 5397 ὁ
1234 5342 1555 5415 παραδιδούς
1584 5358 1685 5410 σε;
1733 5361 1751 5394 ι
1777 5343 1839 5396 ού
1896 5343 2005 5413 γὰρ
2048 5346 2378 5417 γέγραπται·
2418 5364 2436 5396 ι
2482 5347 2577 5407 ὐς
2628 5337 2696 5411 ἦν
2726 5340 3080 5409 ἀνακείμενος
3131 5336 3189 5388 ὲν
3228 5331 3307 5406 τῷ
3348 5332 3475 5388 κόλ-

226 5459 302 5511 πῳ
329 5440 496 5495 αὑτοῦ
527 5440 658 5511 (9‘2).
693 5461 711 5491 ι

325 5581 363 5613 ¹⁸
412 5581 541 5636 ibid.
580 5581 632 5636 9.
711 5580 754 5612 "
778 5580 932 5635 Joau.
962 5596 1081 5640 xm.
1123 5579 1211 5633 ει.
1312 5581 1353 5613 ¹⁹
1393 5578 1554 5636 Prov.
1588 5593 1665 5644 vr,
1693 5577 1783 5644 1'5,
1819 5576 1879 5630 Η

1454 5594 1554 5636 ·οι·.
1588 5577 1783 5644 νι,1“5,
1819 5576 1907 5631 H.
2010 5577 2054 5607 ’°
2090 5574 2251 5628 Prov.
2285 5589 2340 5637 ιι,
2364 5571 2448 5625 ii).
2526 5569 2567 5599 ¹¹
2593 5567 2725 5624 Joan
2777 5584 2889 5636 ut,
2918 5568 3008 5625 20.

291 5704 402 5769 (ιιι)
427 5705 602 5771 Codex
644 5703 865 5769 Regius.
912 5704 1069 5763 male,
1107 5700 1499 5757 τεκτενεύεται.
1742 5768 1765 5771 _
1802 5768 1836 5771 __

1002 5704 1069 5763 le,
1107 5700 1499 5757 τεκτενεύεται.
1742 5768 1765 5771 _
1802 5768 1836 5771 __
2001 5766 2011 5771 _
2134 5762 2146 5771 ,
2254 5763 2266 5771 ,
2385 5760 2420 5771 ,,
2531 5756 2555 5768 -

292 5760 403 5845 (92)
435 5774 541 5831 Pro
580 5760 768 5840 αὐτοῦ’,
800 5772 967 5831 codex
1001 5760 1199 5841 Regius
1233 5782 1444 5829 tantum
1478 5771 1649 5837 habet
1676 5768 1846 5827 τοῦΛῖι

1025 5760 1199 5841 tegius
1233 5782 1444 5829 tantum
1478 5771 1649 5837 habet
1676 5766 2084 5827 roG.Fcrrarius
2132 5762 2345 5835 legebat
2385 5760 2579 5833 Ἰησοῦ.
