3974 6206
585 331 692 388 sm
1580 299 1590 306 ’
2031 318 2154 375 OM

2216 315 2358 374 ENIS
3703 331 3785 390 80:8

577 451 945 499 convenerunt
977 443 1236 495 adversus
1279 441 1588 503 Dotuinum.
1617 451 1673 496 et
1712 441 1970 496 adversus
1996 439 2146 496 Chric

2216 471 2228 496 ι
2259 452 2356 489 σαν
2379 437 2472 490 ἐπὶ
2489 435 2561 488 -τδ
2593 435 2726 489 αὐτὸ
2755 436 2896 490 κατᾶ
2926 437 3022 492 τοῦ
3057 438 3284 510 Κυρίου,
3304 439 3395 491 καὶ
3420 437 3554 492 κατὰ
3575 441 3658 493 τοῦ
3685 445 3785 516 Χρι-

573 545 714 589 stum
747 534 860 597 eius
880 533 944 598 ³⁸,
986 553 1005 586 ι
1036 533 1210 601 inquit
1238 532 1283 566 ⁸⁸
1309 547 1324 584 :
1346 551 1364 583 ι
1406 533 1663 587 Dominus
1699 533 1787 586 lux
1818 547 1958 593 mea,
1985 541 2035 585 et
2064 547 2142 585 sa-

2259 527 2387 580 στοῦ
2413 527 2600 594 αὑτοῦ,
2639 548 2657 580 ι
2692 529 2826 600 φησί
2860 529 2934 600 (8)
2959 545 2972 560 ⁸
3007 549 3026 581 ι
3058 531 3264 602 Κύριος
3287 531 3560 600 φωτισμός
3590 550 3698 603 μου,
3721 538 3790 590 ml

577 627 657 677 lus
708 640 824 678 mea
850 665 864 685 ,
893 637 921 676 a
955 639 1190 692 quonam
1236 635 1468 678 metuam
1508 623 1532 677 ?
1565 624 1826 680 Dominus
1878 634 2146 692 protector

2257 621 2440 693 σωτήρ
2473 639 2573 692 μου
2602 620 2826 692 Κύριος,
2853 622 2975 676 τίνα
3009 623 3409 694 φοϐηθήσομαι;
3446 625 3636 696 Κύριῖξς
3658 628 3789 700 ὑπερ-

573 719 694 770 vita:
739 731 891 780 mete,
915 732 1080 784 aquo
1121 731 1478 787 expavescam
1503 717 1526 771 ?
1556 718 1686 771 Dum
1717 719 2142 788 appropinquant

2255 712 2528 781 ασπιστὴς
2567 709 2667 781 τῆς
2715 711 2859 782 ζωῆς
2913 729 3038 782 μου,
3082 712 3191 766 ἀπὸ
3233 713 3376 777 τίνος
3417 713 3689 782 δειλιάσως
3723 719 3787 771 Ἐν

569 824 732 875 super
757 823 840 862 me
873 818 1148 871 nocentes,
1183 820 1240 862 ιιι
1268 810 1526 864 devorent
1557 825 1748 865 carnes
1777 826 1941 871 meas.
1977 811 2138 865 tribu-

2253 799 2330 869 τῷ
2361 798 2597 868 ἐγγίζειν
2629 802 2714 853 ἐπ’
2747 801 2848 871 ἐμὲ
2878 801 3204 866 κακοῦντας,
3229 802 3327 856 τοῦ
3361 807 3554 872 φαγεῖν
3581 807 3667 868 τὰς
3691 807 3789 876 σάρ-

570 899 742 955 lantes
777 916 882 966 me,
907 909 960 954 et
983 901 1183 954 inimici
1217 901 1340 963 mei,
1367 900 1464 970 ipsi
1500 902 1758 956 iulirmati
1795 912 1940 968 sunt,
1975 912 2031 957 et
2055 917 2139 958 ce-

2229 907 2354 954 ηκας
2385 908 2486 961 μου
2513 931 2528 957 ,
2563 892 2613 944 οί
2662 890 2936 957 θλίϐοντές
2979 910 3079 965 με·
3112 895 3206 948 καὶ
3235 897 3284 948 οί
3313 895 3497 967 ἐχθροί
3535 913 3646 967 μου,
3671 899 3786 953 αὐτοὶ

567 991 836 1045 ciderunt.
856 990 910 1044 Si
949 992 1116 1050 aciem
1141 1001 1353 1046 struant
1379 993 1665 1046 adversum
1709 1007 1792 1047 me
1813 1002 2014 1060 castra,
2037 1009 2136 1048 non

2250 983 2556 1054 ἠσθένησαν
2603 984 2698 1037 καὶ
2745 983 2971 1040 ἔπεσαν.
3021 985 3148 1040 Ἐὰν
3182 987 3562 1060 παρατάξηται
3606 991 3680 1042 ἐπ’
3710 993 3782 1062 ἐμὲ

567 1083 779 1137 timebit
817 1097 914 1136 cor
952 1095 1174 1148 meum;
1211 1085 1254 1136 si
1298 1082 1543 1152 insurgat
1570 1085 1852 1138 adversum
1889 1101 1973 1140 me
2006 1101 2136 1156 pra:-

2249 1076 2589 1148 παρεμϐολὴ,
2612 1077 2672 1130 οὐ
2702 1078 3071 1148 φοϐηθήσεται
3106 1081 3138 1151 ἡ
3185 1081 3382 1152 καρδία
3417 1099 3520 1153 μου
3542 1100 3555 1113 ·
3602 1083 3684 1137 ἐὰν
3712 1087 3782 1138 ἐτ-

566 1175 716 1246 lium,
746 1175 796 1230 in
825 1175 929 1230 hoc
965 1191 1065 1246 ego
1111 1178 1363 1245 sperabo.
1403 1196 1421 1228 ι
1459 1175 1839 1232 Verumtamen
1871 1179 2013 1248 quod
2057 1177 2135 1232 di-

2248 1173 2450 1242 αναστῇ
2469 1169 2555 1223 ἐπ’
2578 1169 2678 1240 ἐμὲ
2707 1169 2964 1241 πόλεμος,
2983 1173 3040 1225 ἐν
3058 1172 3231 1245 ταύτῃ
3254 1173 3366 1244 ἐγὼ
3391 1175 3610 1238 ἐλπίζοι.
3639 1177 3779 1247 ’Πλὴν

566 1267 643 1319 xit
671 1265 846 1330 Jcsus.
873 1268 987 1322 sive
1014 1265 1167 1323 Juda:
1191 1309 1207 1333 ,
1249 1269 1365 1323 sive
1413 1269 1632 1324 Satanae
1664 1287 1678 1324 :
1713 1289 1730 1320 ι
1764 1271 1917 1338 Quod
1967 1271 2135 1344 facis,

2244 1261 2307 1315 τὸ
2339 1262 2633 1333 λεγόμενον
2655 1263 2764 1316 εἴτε
2794 1262 2871 1334 τῷ
2898 1265 3112 1337 Σατανᾷ
3143 1266 3253 1319 είτε
3283 1264 3364 1337 τῷ
3410 1267 3576 1339 Ἰούδᾳ
3607 1268 3777 1323 {inle

563 1356 652 1412 lac
679 1359 882 1424 ocius,»
902 1375 1060 1415 nemo
1087 1363 1304 1432 agnovit
1335 1363 1786 1418 discumbentium
1819 1365 1884 1417 ad
1909 1365 2034 1433 quid
2057 1365 2132 1418 di-

2259 1351 2432 1422 Ἰησοῦ
2455 1395 2470 1418 ,
2505 1355 2594 1407 τό·
2637 1373 2655 1406 ι
2687 1357 2752 1408 Ὃ
2798 1360 3007 1421 ποιεῖς,
3058 1360 3284 1430 ποίησον
3327 1361 3517 1431 τάχιον
3542 1400 3557 1424 ,
3597 1381 3613 1414 ι
3647 1363 3778 1425 οὐδεὶς

561 1451 700 1504 xerit
725 1468 739 1515 ;
770 1451 988 1521 quidam
1013 1453 1155 1506 enim
1185 1454 1624 1522 putabant,quod
1649 1455 1876 1507 instaret
1897 1451 2130 1508 Pnsrha-

2243 1442 2385 1510 ἕγνω
2416 1442 2524 1497 τῶν
2550 1444 2922 1515 ἀνακειμένων
2950 1446 3088 1518 πρὸς
3115 1449 3170 1501 τί
3208 1449 3427 1521 είρηται
3452 1467 3465 1480 ·
3495 1451 3542 1503 ol
3570 1452 3658 1519 μὲν
3680 1452 3778 1522 γὰρ,

564 1541 632 1594 tis
667 1542 782 1596 dies
837 1541 1029 1604 festus.
1059 1540 1243 1596 Iesum
1292 1544 1494 1599 dixisse
1541 1545 1760 1599 habenti
1808 1544 2133 1614 marsnpium

2241 1530 2328 1584 διὰ
2371 1531 2433 1584 τὸ
2458 1533 2766 1588 ἐπικεῖσθαι
2792 1536 2892 1608 τὴν
2921 1537 3015 1590 τοῦ
3049 1538 3240 1609 Πάσχα
3271 1541 3467 1612 ἑορτὴν
3487 1583 3500 1606 ,
3532 1541 3680 1612 ᾤοντο
3715 1543 3781 1598 λέ-

559 1650 942 1705 expensarum,
973 1645 1024 1690 et
1057 1650 1244 1689 eorum
1275 1653 1394 1704 quae
1418 1638 1685 1691 dabantur
1717 1639 1769 1692 in
1817 1654 1970 1693 usum
2005 1653 2128 1706 pau-

2225 1641 2358 1692 ’γειν
2381 1625 2542 1678 αὐτὸν
2573 1626 2651 1697 τῷ
2689 1627 2865 1698 ἔχοντι
2889 1629 2948 1683 τὸ
2984 1631 3370 1704 γλωσσόκομον
3400 1635 3507 1688 τῶν
3537 1636 3781 1707 ἀναλωμά-

561 1745 774 1798 pernm,
805 1737 866 1783 ut
901 1737 1106 1782 emeret
1137 1743 1200 1782 ea
1231 1727 1426 1797 quibus
1450 1744 1581 1798 opus
1609 1729 1868 1784 haberent
1892 1730 1959 1784 ad
1991 1731 2130 1783 diem

2225 1733 2369 1782 των,
2398 1719 2492 1770 καὶ
2516 1717 2624 1770 τῶν
2649 1721 2730 1782 εἰς
2761 1720 2860 1792 τὴν
2890 1722 3080 1792 χρείαν
3107 1724 3215 1778 τῶν
3249 1726 3479 1797 πτωχῶν
3510 1727 3777 1798 διδομένων,

561 1823 801 1884 ί¹υειιιιη;
836 1819 917 1873 vel
951 1828 1008 1872 ut
1054 1833 1119 1872 ex
1167 1819 1250 1872 his
1274 1835 1392 1889 qua:
1433 1821 1655 1874 collecta
1699 1819 1929 1887 fuerant,
1981 1821 2130 1876 daret

2206 1831 2207 1836 η
2234 1808 2338 1860 ὅτιο
2383 1809 2596 1879 Ὠνήσει
2629 1809 2699 1881 (9)
2732 1805 2887 1875 οὗτος
2925 1805 3002 1866 ὧν
3033 1815 3306 1886 χρῄζομεν
3454 1817 3550 1888 τὴν
3588 1794 3775 1889 ἑορτήν·

558 1910 903 1980 pauperibus.
927 1912 996 1966 At
1023 1909 1180 1966 Jesus
1207 1927 1310 1965 non
1346 1913 1447 1966 hoc
1476 1912 1724 1979 dixerat;
1750 1913 1841 1967 sed
1872 1913 2058 1966 videns
2083 1921 2127 1967 et

2236 1897 2308 1968 ἢ,
2350 1898 2440 1952 Ἐκ
2472 1897 2580 1952 τῶν
2633 1901 3003 1971 συναχθέντων
3032 1906 3120 1970 δὸς
3149 1910 3266 1987 τοῖς
3308 1911 3563 1979 πτωχοῖς.
3603 1912 3654 1962 '0
3691 1911 3779 1982 γὰρ

561 2001 818 2056 Satanam
845 2059 847 2061 ,
879 2003 1208 2072 ingressum,
1239 2011 1294 2057 et
1331 2001 1522 2057 ludam
1571 2004 1948 2058 admittentem
1985 2020 2130 2070 eum,

2250 1988 2454 2060 Ἰησοῦς
2483 1991 2544 2044 οὐ
2569 1991 2728 2046 τοῦτο
2756 1993 2939 2063 ἔλεγεν
2963 2013 2978 2026 ·
3009 1996 3144 2051 ἀλλὰ
3174 1997 3385 2068 βλέπων
3417 2002 3509 2054 καὶ
3538 2002 3621 2055 τὸν
3642 2003 3780 2056 εἰσελ-

555 2108 854 2162 omnesque
893 2095 1152 2149 adversus
1178 2109 1235 2149 se
1264 2094 1508 2159 insidias,
1540 2095 1607 2149 ad
1661 2105 1934 2150 certamen
1968 2096 2124 2150 veluti

2236 2079 2418 2144 θόντα,
2449 2084 2543 2136 καὶ
2567 2083 2658 2136 τὸν
2702 2085 3144 2158 παραδεξάμενον
3177 2089 3358 2154 αὐτὸν,
3384 2091 3478 2146 καὶ
3509 2095 3678 2148 πᾶσαν
3705 2095 3780 2166 τὴν

554 2192 773 2246 exutus,
800 2192 852 2236 et
880 2182 946 2236 ad
975 2193 1193 2237 strenue
1229 2198 1287 2237 se
1311 2183 1604 2250 gerendum
1643 2199 1739 2252 pro
1766 2183 1938 2239 salute
1962 2183 2123 2239 Immi-

2236 2168 2359 2223 καθ’
2409 2172 2573 2225 αὑτοῦ
2620 2173 2909 2247 ἐπιϐουλὴν
2927 2217 2943 2240 ,
2989 2177 3082 2230 ἐπὶ
3143 2179 3236 2233 τὸν
3291 2180 3478 2250 ἀγῶνα
3517 2183 3780 2255 ἀποδυόμε-

557 2286 683 2324 ιιυιη
717 2272 1002 2327 adversum
1033 2273 1254 2337 malum,
1279 2273 1331 2326 id
1371 2282 1456 2328 est
1481 2272 1776 2339 diabolum,
1812 2273 1915 2330 hoc
1948 2273 2084 2329 dixit
2115 2295 2126 2331 :

2233 2273 2324 2321 νος
2345 2300 2359 2324 ,
2396 2259 2490 2312 καὶ⁹
2539 2261 2631 2314 ἐπὶ
2659 2262 2721 2316 τὸ
2767 2265 3090 2335 ἀριστεῦσαι
3121 2267 3262 2340 ὑπὲρ
3303 2272 3578 2344 σωτηρίας
3611 2273 3781 2346 ἀνθρώ-

558 2378 580 2414 ι
611 2361 762 2429 Quod
793 2363 951 2430 lacis,
976 2362 1063 2419 lac
1089 2363 1262 2419 ocius.
1295 2381 1316 2417 ι

2233 2366 2350 2404 πων
2372 2351 2514 2406 κατὰ
2541 2353 2634 2407 τοῦ
2665 2357 2924 2429 πονηροῦ,
2954 2354 3076 2413 εἷπε
3106 2361 3168 2415 τό
3189 2378 3204 2392 ·
3241 2380 3260 2415 ι
3278 2364 3342 2418 ⁸0
3365 2368 3560 2430 ποιεῖς,
3589 2369 3780 2439 ποίησον

2230 2443 2440 2498 τάγιον.
2491 2463 2510 2498 ι

2230 2459 2440 2498 ταγιον.
2491 2463 2510 2498 1

620 2547 710 2604 ιϐ.
748 2566 766 2600 ι
793 2546 924 2604 Cum
951 2546 1250 2617 accepisset
1277 2560 1407 2615 ergo
1430 2545 1518 2601 ille
1547 2544 1786 2612 ollulam,
1812 2545 1978 2600 exivit
2000 2559 2130 2601 con-

2230 2461 2301 2498 τα
2341 2461 2440 2498 ιον.
2491 2463 2510 2498 ι

2301 2461 2401 2586 ξε.
2433 2551 2453 2584 ι
2486 2534 2680 2591 Λαϐὼν
2713 2534 2807 2594 οὖν
2838 2540 2900 2594 τὸ
2936 2539 3144 2613 ψωμίον
3182 2543 3419 2611 ἐκεῖνος,
3456 2547 3666 2618 ἐξῆλθεν
3702 2553 3773 2605 εὗ-

552 2639 737 2693 tinuo:
776 2648 895 2694 erat
925 2649 1106 2692 autem
1142 2654 1250 2692 nox
1279 2639 1345 2691 “.
1389 2657 1407 2691 ι
1443 2637 1662 2692 Dixerat
1685 2638 1900 2708 quidem
1930 2637 2121 2694 Serva-

2241 2619 2356 2685 θῦς’
2381 2618 2449 2694 ἦν
2476 2624 2533 2678 δέ
2564 2625 2679 2693 νύξ.
2716 2647 2736 2681 ι
2776 2629 2836 2682 '0
2867 2632 2963 2701 μὲν
2994 2632 3181 2704 Σωτὴρ
3209 2634 3426 2704 ἔλεγεν·
3459 2655 3480 2688 ι
3521 2641 3584 2691 Ὀ
3609 2644 3770 2704 mag,

553 2741 635 2784 tor
659 2729 808 2784 Judac
845 2746 861 2786 :
895 2747 915 2781 ι
967 2728 1119 2796 Quod
1155 2730 1309 2796 facis,
1359 2729 1446 2784 lac
1495 2729 1687 2795 ocius;
1726 2747 1746 2782 ι
1796 2738 1853 2784 at
1887 2728 2122 2800 proditor

2236 2713 2460 2782 ποίησον
2492 2713 2675 2787 τάχιον
2692 2757 2710 2785 ,
2748 2735 2769 2771 ι
2801 2719 2879 2790 τῷ
2902 2720 3100 2794 Ἰούδᾳ·
3129 2726 3160 2776 6
3181 2724 3240 2776 δὲ
3264 2726 3529 2798 προδότης
3551 2730 3606 2783 ἐν
3628 2731 3771 2801 τούτῳ

525 2807 650 2874 hac
687 2834 790 2873 una
823 2820 874 2874 in
921 2836 980 2874 re
1018 2818 1272 2890 Magistro
1308 2836 1450 2876 nunc
1485 2829 1674 2890 paret;
1709 2830 1922 2891 sumpta
1967 2833 2093 2874 nam

2231 2810 2378 2882 μόνῳ
2408 2811 2501 2866 ἐπί
2523 2812 2602 2883 τῷ
2627 2813 2941 2886 Διδασκάλῳ
2963 2815 3226 2871 πείθεται·
3263 2817 3444 2872 λαϐὼν
3477 2819 3584 2891 γὰρ
3611 2820 3667 2873 τὸ
3687 2820 3781 2889 ψω-

545 2925 652 2979 que
681 2908 839 2964 ollula
865 2926 970 2966 non
1007 2923 1272 2977 moratur,
1305 2913 1422 2978 sed,
1455 2919 1512 2966 ut
1539 2912 1798 2981 scriptum
1822 2921 1926 2977 est,
1953 2930 1974 2965 ι
2004 2910 2114 2967 exi-

2230 2904 2354 2975 μίον
2385 2905 2486 2960 οὐκ
2525 2905 2820 2978 ἐμέλλησεν
2838 2947 2852 2972 ,
2879 2908 2988 2962 οὐδ’
3015 2908 3326 2981 ἐϐράδυνεν,
3359 2911 3477 2966 ἀλλ’
3506 2913 3581 2977 ὡς
3599 2911 3779 2984 γέγραο

547 3005 627 3058 vit
647 3005 928 3071 continuo,
949 3025 968 3058 ι
993 3013 1050 3061 ut
1075 3004 1275 3060 laceret
1293 3006 1448 3061 ocius
1472 3004 1793 3074 proditionis
1817 3019 1952 3076 opus
1967 3003 2116 3075 juxta

2225 3013 2382 3062 πται,
2406 2999 2626 3071 ἐξῆλθεν
2649 2999 2812 3064 εὐθὺς
2832 3000 3056 3071 ποιῆσαι
3081 3001 3266 3072 τάχιον
3287 3003 3433 3058 κατὰ
3453 3005 3551 3076 τὴν
3574 3004 3779 3076 πρόστα-

543 3096 838 3166 ]nssionem
876 3095 1004 3151 Jesu
1033 3113 1048 3162 ;
1081 3105 1132 3150 et
1171 3109 1297 3149 vere
1348 3097 1557 3160 exivit;
1591 3112 1689 3153 nec
1728 3098 1872 3152 enim
1912 3107 2112 3151 tantum

2226 3086 2308 3154 ξιν
2333 3089 2428 3144 τοῦ
2462 3089 2636 3162 Ἰησοῦ
2663 3091 2724 3144 τὸ
2754 3090 2855 3161 τῆς
2898 3092 3187 3162 προδοσίας
3221 3095 3412 3164 ἔργονο
3460 3097 3556 3149 καὶ
3589 3095 3776 3167 άληθῶς

2146 3139 2192 3199 C

543 3189 692 3258 juxta
735 3189 1120 3259 simpliciorem
1177 3203 1393 3244 sensum
1429 3189 1598 3244 exivit
1635 3205 1700 3243 ex
1739 3189 1900 3246 domo
1933 3189 1985 3244 in
2012 3203 2112 3259 qua

2224 3179 2448 3251 ἐξῆλθεν
2467 3199 2483 3212 θ
2511 3183 2572 3236 οὐ
2617 3181 2727 3253 γὰρ
2759 3181 2917 3252 μόνον
2944 3183 3086 3238 κατὰ
3115 3183 3178 3238 τὸ
3207 3184 3578 3259 ἁπλούστερον
3607 3185 3773 3256 ἐξῆλθε

543 3297 697 3337 caena
731 3280 915 3344 ﬁebat,
939 3281 1033 3335 sed
1079 3279 1242 3336 etiam
1285 3281 1506 3336 omnino
1536 3280 1706 3334 exivit
1735 3295 1764 3334 a
1803 3279 1971 3346 .Iesu;
2007 3295 2112 3336 non

2220 3273 2314 3326 τοῦ
2339 3273 2507 3339 οἴκου,
2539 3275 2596 3328 ἐν
2638 3268 2683 3344 ᾧ
2712 3274 2774 3328 τὸ
2821 3275 3036 3330 δεῖπνον
3063 3276 3292 3346 ἐγίνετο,
3335 3278 3474 3334 ἀλλὰ
3511 3280 3600 3334 καὶ
3618 3279 3772 3334 τέλεον

542 3385 702 3426 secus
727 3379 890 3440 atque
914 3369 1041 3424 illud
1076 3388 1091 3425 :
1124 3390 1143 3423 ι
1184 3370 1448 3426 Exierunt
1477 3387 1506 3424 a
1536 3372 1688 3426 nobis
1703 3370 1802 3426 “.i
1842 3371 2111 3427 Arbitror-

2220 3365 2439 3436 ἐξῆλθεν
2474 3366 2582 3420 ἀπὺ
2605 3365 2700 3420 τοῦ
2745 3366 2943 3440 Ἰησοῦ,
2975 3369 3235 3438 ἀνάλογον
3261 3369 3342 3441 τῷ
3363 3385 3378 3401 ο
3407 3390 3428 3422 ι
3469 3370 3699 3442 Ἐξῆλθον
3719 3368 3767 3436 ἐξ

542 3477 650 3532 que
702 3461 956 3518 Satanam
1001 3462 1052 3517 iu
1088 3459 1280 3516 Judam
1329 3461 1632 3532 ingressum
1691 3471 1812 3532 post
1852 3461 2071 3517 ollulam
2098 3502 2111 3528 ,

2219 3459 2393 3531 ἡμῶν.
2430 3480 2449 3512 ι
2495 3459 2636 3529 Ἐγὼ
2667 3461 2715 3515 δ’
2741 3457 2932 3533 οἶμαι,
2961 3464 3043 3517 ὅτι
3069 3463 3192 3518 οὐδὲ
3232 3465 3261 3518 6
3289 3463 3548 3520 εἰσελθὼν
3569 3464 3692 3535 μετὰ
3716 3464 3764 3515 τὸ

543 3551 690 3610 ferre
721 3570 824 3610 non
851 3555 1094 3624 potuisse
1119 3565 1174 3608 ut
1202 3554 1420 3609 essetin
1449 3557 1637 3610 eodem
1660 3554 1778 3610 loco
1807 3569 1926 3608 cum
1951 3553 2112 3620 Jesu;

2217 3551 2432 3622 ψωμίον
2456 3552 2537 3616 είς
2561 3551 2655 3605 τὸν
2693 3552 2894 3606 Ἰούδαν
2924 3554 3168 3617 Σατανᾶς
3199 3554 3398 3626 ἐχώρει
3421 3558 3603 3627 φέρειν
3623 3555 3678 3610 τὸ
3699 3549 3762 3607 εἷο

540 3662 715 3717 neque
758 3647 900 3702 enim
944 3646 1048 3700 ulla
1097 3645 1477 3702 convenientia
1527 3658 1610 3702 est
1642 3645 1860 3703 Christo
1911 3646 1976 3699 ad
2013 3644 2109 3700 Be-

2219 3660 2306 3698 ναι
2331 3644 2388 3696 ὲν
2406 3643 2486 3716 τῷ
2527 3643 2676 3716 αὐτῷ
2699 3644 2852 3716 τόπῳ
2885 3646 3022 3717 μετὰ
3053 3645 3150 3701 τοῦ
3189 3646 3364 3718 Ἰησοῦ
3391 3665 3404 3679 ·
3443 3647 3654 3718 οὐδεμία
3674 3645 3758 3716 γὰρ

542 3737 726 3792 liar“.
762 3737 953 3805 Quaero
985 3737 1223 3804 insuper,
1252 3737 1353 3792 nisi
1385 3737 1437 3792 id
1485 3739 1761 3793 curiosum
1808 3747 1911 3800 est.
1947 3750 2111 3807 quare

2195 3734 2576 3808 ’συμφώνησις
2617 3735 2854 3808 Χριστοῦ
2906 3737 3042 3808 πρὸς
3077 3738 3282 3810 Βελίαρ
3315 3738 3482 3794 ἐστίν.
3517 3741 3578 3794 Εἰ
3613 3739 3662 3792 δέ
3697 3737 3754 3808 μὴ

543 3829 757 3882 tandem
787 3828 908 3884 huic
936 3829 1054 3883 voci
1086 3847 1100 3883 :
1141 3845 1160 3880 ι
1187 3829 1320 3884 Cum
1352 3829 1654 3899 accepisset
1689 3829 1929 3894 ollulam,
1963 3845 1982 3882 ι
2009 3845 2112 3884 non

2218 3827 2527 3898 περιέργως
2549 3825 2718 3898 ζητῶ,
2749 3827 2802 3880 τί
2835 3827 3036 3898 δήποτε
3061 3829 3121 3883 οὐ
3147 3829 3468 3900 πρόσκειται
3490 3830 3596 3901 τῷ·
3621 3849 3639 3882 ι
3669 3832 3753 3890 Δα-

540 3921 792 3982 addatur,
823 3930 872 3974 et
903 3923 1247 3986 comedisset;
1280 3921 1375 3975 sed
1405 3921 1660 3990 inspicies
1697 3921 1859 3976 etiam
1885 3930 1936 3976 tu
1970 3922 2109 3991 ipse;

2219 3916 2329 3969 ϐὼν
2361 3918 2423 3971 τὸ
2454 3917 2688 3989 ψωμίον,
2721 3937 2740 3970 ι
2773 3919 2876 3973 καὶ
2904 3920 3131 3990 φαγὼν,
3151 3921 3251 3975 καὶ
3268 3923 3432 3986 αὐτὸς
3459 3923 3751 3993 ἐπιστήσεις

541 4011 666 4065 huic
691 4011 832 4064 enim
874 4011 1038 4064 verbo
1066 4013 1378 4082 accipiendi,
1410 4013 1716 4067 comedendi
1757 4015 1979 4068 verbum
2015 4013 2106 4066 ad-

2217 4008 2351 4063 ὅπου
2381 4009 2490 4079 γάρ
2520 4007 2787 4078 βούλεται,
2817 4011 3142 4082 προστίθησι
3181 4013 3276 4066 καὶ
3307 4012 3370 4066 τὸ
3405 4012 3609 4082 φαγεῖν
3634 4015 3661 4065 6
3687 4009 3753 4064 λό-

536 4103 670 4156 dunt
699 4101 1062 4171 evangelistte,
1095 4117 1217 4154 cum
1251 4103 1435 4156 volunt
1459 4120 1473 4169 ;
1503 4103 1670 4156 veluti
1699 4104 1751 4158 in
1773 4102 1938 4176 m
1961 4105 2105 4173 panis

2187 4135 2190 4138 ~
2217 4117 2314 4170 γος
2343 4100 2422 4171 τῷ
2460 4099 2671 4154 λαϐεῖν
2693 4116 2707 4131 ·
2735 4100 2926 4173 ὥσπερ
2965 4103 3060 4155 ἐπὶ
3091 4103 3208 4172 τῆς·
3225 4103 3318 4157 τοῦ
3347 4104 3513 4176 ἄρτου
3545 4102 3750 4172 εὐλογίας

539 4187 918 4241 benedictione
957 4188 1216 4257 scriptum
1244 4199 1325 4244 est
1351 4190 1551 4246 dixisse
1578 4190 1761 4246 Jesum
1803 4193 2108 4263 discipulis:

2215 4191 2555 4264 γέγραπται,
2589 4192 2671 4245 ὅτι
2697 4187 2820 4245 εἶπε
2861 4195 2975 4256 τοῖς
3007 4193 3276 4265 μαθηταῖς
3303 4195 3333 4246 6
3372 4193 3598 4265 Ἰησοῦς·
3627 4211 3643 4242 ι
3667 4190 3749 4246 Λᾶ-

540 4297 560 4330 σ
593 4277 859 4346 Accipite,
885 4279 1154 4334 comedite
1185 4281 1252 4332 ".
1288 4298 1306 4332 ι
1341 4283 1452 4350 Age
1495 4281 1677 4352 igitur,
1722 4297 1791 4336 an
1831 4294 2109 4354 acceptam

2189 4284 2360 4348 6m,
2392 4285 2616 4353 φάγετε.
2659 4303 2678 4336 ι
2717 4279 2842 4355 Ἆρ’
2871 4282 2966 4337 οὖν
2993 4283 3176 4338 λαϐὼν
3201 4284 3263 4338 τὸ
3293 4285 3510 4356 ψωμίον
3533 4285 3624 4338 οὐκ

533 4371 749 4426 ollulam
789 4387 893 4427 non
933 4371 1231 4426 comederit
1265 4369 1432 4427 Judas
1465 4372 1713 4446 (etiamsi
1749 4375 1994 4443 quadam
2019 4391 2102 4430 eo-

2212 4391 2307 4445 γεν
2335 4378 2364 4428 6
2392 4373 2625 4442 Ἰούδας;
2659 4375 2792 4446 φέρε
2819 4369 2932 4439 οὖν,
2968 4377 3018 4428 εί
3046 4375 3138 4428 καὶ
3174 4375 3248 4447 μὴ
3280 4377 3526 4448 συνᾴδειν
3555 4373 3660 4428 τινὰ
3680 4372 3747 4426 δό-

536 4479 653 4517 rum
674 4478 793 4534 qua:
811 4461 1006 4516 dicturi
1025 4477 1232 4530 sumus,
1253 4463 1542 4518 convenire
1561 4477 1666 4517 non
1686 4463 1967 4519 videantur
1987 4481 2105 4521 cum

2214 4465 2295 4533 εει
2322 4466 2431 4520 τῶν
2453 4465 2865 4538 λεχθησομένων
2891 4469 3007 4529 τοῖς
3040 4467 3482 4539 προειρημένοις,
3507 4466 3747 4538 γυμνάσω-

535 4553 953 4625 superioribus),
990 4553 1406 4622 explanabimus'
1429 4553 1482 4607 in
1525 4555 1775 4622 ιιι-περηιί
1801 4554 1937 4621 loco,
1968 4557 2104 4624 judi-

2215 4574 2315 4626 μεν
2343 4556 2410 4610 τά
2442 4556 2583 4611 κατὰ
2612 4556 2704 4610 τὸν
2737 4557 2922 4620 τόπον,
2957 4558 3269 4629 κρινοῦντος
3289 4559 3389 4613 τοῦ
3411 4556 3744 4628 ἐντευξομένου

534 4655 695 4701 caute
724 4646 930 4701 lecturo
955 4656 1135 4699 utrum
1183 4654 1432 4716 Oporteat
1461 4647 1746 4702 admittere
1777 4662 1898 4716 qua:
1924 4649 2103 4702 dicen-

2172 4650 2471 4730 ,δπότερον
2515 4651 2655 4721 (10)
2690 4651 2796 4722 χρὴ
2838 4651 3246 4723 παραδέξασθαι
3293 4653 3403 4706 τῶν
3462 4651 3741 4723 λεγομένων.

534 4747 640 4795 tur.
679 4757 699 4792 ι
744 4738 878 4794 Cum
912 4738 1236 4806 intinxisset,
1271 4756 1290 4789 ι
1327 4739 1518 4807 inquit,
1545 4737 1742 4794 Jesusc
1766 4737 2103 4803 ollulam“,i

2222 4759 2241 4792 ι
2281 4741 2487 4806 Βάψας,
2542 4742 2696 4810 φησι,
2768 4742 2830 4795 τὸ
2879 4742 3094 4811 ψωμίον
3141 4762 3159 4796 ι
3200 4745 3230 4798 6
3284 4743 3526 4813 Ἰησοῦς,
3571 4742 3652 4796 καὶ
3675 4739 3745 4808 δῆ-

532 4840 588 4884 et
613 4831 907 4885 dimisisset
958 4844 1101 4894 eam,
1152 4832 1360 4886 scilicet
1415 4832 1466 4885 in
1501 4833 1705 4898 catino,
1761 4832 1961 4901 accipit
2005 4833 2101 4901 (sic

2213 4831 2324 4897 λον,
2357 4832 2460 4895 ὅτι,
2479 4832 2644 4895 ἐάσας
2666 4831 2800 4886 αὐτὸ
2823 4833 2881 4885 ἐν
2909 4831 2986 4903 τῷ
3006 4833 3262 4905 τρυϐλίῳ,
3291 4833 3582 4905 λαμϐάνει·
3614 4830 3744 4902 (οὕτω

531 4920 676 4974 enim
726 4919 991 4990 intelliges
1023 4920 1173 4984 illud,
1206 4939 1224 4972 ι
1255 4936 1375 4976 cum
1415 4939 1434 4972 ι
1468 4935 1598 4990 ergo
1630 4939 1650 4973 ι
1694 4921 2002 4977 intinxisset
2023 4923 2100 4978 ol-

2212 4925 2320 4997 γὰρ
2361 4927 2574 4997 νοήσεις
2609 4925 2702 4978 τό·
2743 4945 2761 4977 ι
2804 4927 2991 4996 Βάψας
3056 4922 3152 4980 οῦν
3205 4927 3269 4980 τὸ
3315 4927 3553 5000 ψωμίον,
3609 4945 3627 4980 ι
3678 4925 3742 4976 ἕνα

530 5011 718 5078 fnlam,
751 5030 769 5063 ι
807 5026 873 5065 ne
913 5012 1176 5066 redundet
1204 5027 1304 5064 vox
1349 5009 1600 5081 accipit);
1635 5012 1828 5068 deinde
1866 5013 2099 5067 dicitur:

2214 5016 2290 5089 μὴ
2319 5017 2566 5090 παρέλκῃ
2591 5017 2672 5083 τὸ,
2690 5017 2954 5088 λαϐεῖν’)
2989 5014 3110 5078 εἶτα
3133 5019 3374 5088 λέγεται,
3397 5022 3478 5074 ὅτι
3507 5038 3524 5070 ι
3557 5017 3740 5071 ams

533 5119 550 5151 ι
591 5101 692 5156 Dat
726 5099 876 5156 Iuda:
906 5100 1114 5156 Simoni
1145 5101 1431 5164 lscariota,
1467 5111 1518 5155 et
1552 5112 1670 5168 post
1705 5101 1946 5166 ollulam,
1977 5113 2102 5158 tunc

2223 5108 2394 5180 Ἰούδᾳ
2426 5109 2630 5179 Σίμωνι
2675 5109 2994 5182 Ἰσκαριώτῃ
3023 5111 3158 5181 (ll),
3188 5112 3283 5164 καὶ
3317 5111 3456 5183 μετὰ
3483 5111 3541 5163 τὸ
3566 5105 3737 5177 ψωμίον

527 5191 805 5260 ingressus
839 5191 1000 5246 estin
1034 5191 1184 5246 illum
1233 5190 1486 5246 Satanas.
1533 5210 1551 5242 ι
1585 5189 1712 5246 Post
1741 5193 1962 5248 ollulam
1999 5195 2096 5264 igi-

2208 5198 2331 5251 τότε
2356 5199 2602 5269 εἰσῆλθεν
2629 5201 2710 5264 είς
2739 5202 2946 5254 ἐκεῖνον
2975 5203 3002 5254 6
3032 5202 3298 5266 Σατανᾶς.
3340 5222 3359 5254 ι
3395 5201 3538 5258 Μετά
3565 5199 3622 5251 τὸ
3641 5197 3724 5264 ψω-

526 5292 632 5348 tur,
657 5283 890 5339 fortasse
914 5298 943 5336 a
968 5280 1102 5337 Juda
1130 5297 1235 5338 non
1273 5293 1596 5348 comestam,
1634 5285 1968 5356 anticipante
1999 5285 2095 5340 Sa-

2213 5290 2333 5360 μίον
2361 5287 2453 5345 οὖν
2483 5291 2624 5362 τάχα
2656 5291 2730 5364 μὴ
2756 5293 2965 5364 βρωθὲν
2994 5293 3098 5346 ὑπὸ
3127 5292 3224 5346 τοῦ
3267 5293 3451 5359 Ἰούδα,
3485 5287 3733 5364 προλαϐὼ-

628 5425 827 5481 ”Psal.
868 5426 1035 5499 tt,_‘2.
1143 5425 1186 5458 ”
1218 5423 1379 5499 Psa_l._
1425 5441 1574 5486 xxv't.
1605 5424 1719 5480 1-5.
1815 5427 1860 5458 ⁸⁸
1893 5424 2050 5484 Joan.
2077 5433 2290 5499 xm,50.
2387 5433 2426 5463 δ’
2469 5432 2484 5486 Ι
2525 5432 2678 5487 Joan.
2711 5432 2874 5499 n.l9.
2943 5431 2988 5464 δ’
3011 5431 3050 5488 ll
3085 5431 3212 5488 Cor.
3248 5433 3439 5498 vi,15.
3513 5425 3733 5482 “Matth.

524 5499 786 5560 Inmiti.
867 5495 912 5528 “
936 5493 1092 5550 Joan.
1149 5511 1245 5559 xu,
1309 5494 1404 5550 ‘26.

597 5614 674 5691 (β)
723 5614 865 5668 ldem
921 5616 1089 5670 codex
1145 5614 1348 5686 Regius
1408 5633 1506 5688 pro
1556 5618 1690 5690 φησί
1752 5617 1918 5676 habet
1971 5619 2089 5688 καί,

1582 5618 1690 5690 moi
1752 5617 1918 5676 habet
1971 5619 2089 5688 καί,
2276 5621 2388 5691 (10)
2420 5619 2601 5675 Codex
2643 5619 2865 5690 Regius.
2895 5619 3151 5691 ὁπότερα.

524 5687 745 5766 ntale.“
945 5751 959 5766 _
1063 5751 1101 5766 ﬁ
1179 5754 1192 5766 .
1331 5755 1346 5766 .
1622 5687 1631 5690 ⁷
2076 5687 2080 5688 ν

2274 5687 2387 5764 (ll)
2413 5693 2554 5747 Idem
2592 5687 2764 5748 codex
2796 5690 3020 5761 llegius,
3049 5687 3294 5761 Σίμωνος
3332 5687 3673 5758 Ἰσκαριώτου.

593 5753 668 5825 t9}
691 5754 834 5808 Idem
863 5751 1030 5808 codex
1063 5751 1281 5823 Regius,
1315 5755 1520 5828 ὠνήσῃ.

3877 4295 3879 4349 ι

3875 4381 3877 4465 1

3871 4479 3875 4579 Ι

3869 4589 3873 4714 l

3869 4715 3871 4799 l
