3974 6206
152 281 250 339 πει

1125 276 1479 336 COMMENT.
1521 275 1587 332 IN
1628 273 1820 332 JOAN.
1863 276 2099 336 TOMUS
2139 279 2356 336 XXXII.

3283 280 3388 339 810

140 415 229 460 υς
252 394 338 450 τοῦ
369 391 702 456 εἰσελθόντος
737 393 816 456 είς
845 392 938 446 16v
981 391 1183 450 Ἰούδαν
1213 396 1429 450 Σατανᾶ
1457 393 1554 466 τὴν
1582 392 1701 464 χρῆ·

1821 402 1969 460 tana,
2004 397 2094 465 qui
2131 397 2410 466 ingressus
2439 393 2616 451 fuerat
2654 398 2706 452 in
2749 395 2963 461 ludam.
2992 395 3171 453 offula:
3206 413 3389 462 usum.

139 504 218 541 σιν
239 484 326 537 τοῦ
357 481 610 552 ψωμίου,
646 483 733 536 ῖνα
765 483 840 554 μὴ
889 483 1078 554 δνηται
1129 487 1158 539 6
1203 485 1403 549 Ἰούδας
1450 487 1548 556 τῆς
1601 485 1708 538 ἀπὸ

135 576 225 630 τοῦ
258 571 427 645 Ἰησοῦ
455 573 659 637 δόσεως
698 573 794 626 τοῦ
842 575 1059 645 ψωμίου
1083 593 1096 606 ·
1123 577 1183 629 16
1210 578 1307 648 μὲν
1345 576 1454 648 γὰρ
1475 573 1589 648 εἶχε
1613 577 1707 631 δύ-

134 688 281 741 ναμιν
308 666 658 739 ὠφελητικὴν
681 667 760 738 τῷ
789 668 1114 739 χρησομένῳ
1134 685 1147 699 ο
1173 670 1202 720 6
1243 670 1320 736 δὲ,
1353 670 1500 737 ἅπαξ
1533 669 1708 741 βαλὼν

134 759 278 814 αὐτοῦ
305 760 383 822 εἰς
413 758 514 828 τὴν
547 757 778 830 καρδίαν
799 799 812 824 ,
855 759 942 811 ἴνα
973 759 1199 830 παραδῷ
1228 762 1319 814 τὸν
1365 761 1703 828 διδάσκαλον,

135 851 444 923 φοϐούμενος
479 848 556 920 μὴ
580 849 643 901 16
675 847 1007 920 βεϐλημένον
1043 850 1253 922 ἐκπέσῃ
1290 850 1382 905 τοῦ
1414 851 1706 923 βληθέντος

133 945 214 998 διὰ
243 945 331 1014 τῆς
358 942 452 996 τοῦ
481 940 700 1012 ψωμίου
732 944 982 1015 χρήσεως
1000 984 1016 1010 ,
1044 943 1332 1014 προλαϐὼν
1366 946 1481 1016 ἅμα
1507 943 1584 1016 τῷ
1607 944 1704 1000 λα-

133 1035 237 1088 ϐεῖν
259 1033 346 1086 τὸν
385 1031 585 1086 Ἰούδαν
611 1032 672 1085 16
704 1031 939 1103 ψωμίον,
970 1034 1220 1104 εἰσῆλθεν
1261 1037 1340 1100 είς
1387 1036 1580 1102 αὐτὸν,
1616 1037 1707 1091 ὅτε

135 1127 220 1179 καὶ
245 1124 526 1197 εἰρημένου
554 1121 652 1176 τοῦ
673 1139 687 1154 ’
723 1141 740 1175 t
758 1125 823 1178 Ὀ
853 1127 1048 1188 ποιεῖς,
1076 1126 1301 1198 ποίησον
1328 1126 1535 1197 τάχιον,
1563 1147 1582 1181 ι
1617 1126 1708 1181 λα-

134 1217 233 1270 ϐὼν
262 1217 319 1270 τὸ
356 1214 569 1285 ψωμίον
612 1213 848 1278 Ἰούδας,
885 1214 1109 1285 ἐξῆλθεν
1152 1215 1333 1280 εὐθύς.
1380 1217 1494 1270 Καὶ
1533 1217 1706 1282 οὕτως

134 1310 172 1363 δ’
197 1310 259 1364 ἂν
282 1309 381 1362 οὐκ
410 1305 696 1370 ἀπιθάνως
723 1309 804 1370 είς
832 1308 923 1362 τὸν
954 1309 1118 1364 τόπον
1165 1309 1379 1380 λέγοιτο
1401 1351 1415 1376 ,
1462 1311 1650 1383 ὥσπερ
1677 1314 1706 1366 6

135 1403 349 1466 ἀναξίως
373 1400 570 1454 ἐσθίων
593 1399 687 1453 τὸν
708 1400 871 1472 ἄρτον
899 1400 991 1454 τοῦ
1023 1400 1251 1472 Κυρίου,
1275 1401 1308 1473 ἢ
1343 1401 1512 1458 πίνων
1539 1405 1703 1458 αὑτοῦ

137 1494 189 1549 τὸ
219 1495 486 1565 ποτήριον,
515 1493 596 1558 είς
621 1495 796 1564 κρῖμα
825 1491 1016 1557 ἐσθίει,
1049 1495 1144 1546 καὶ
1173 1494 1338 1561 πίνει,
1365 1496 1466 1568 τῆς
1493 1500 1620 1568 μιᾶς
1644 1499 1704 1552 ἐν

137 1586 202 1656 τῷ
227 1588 366 1658 ἄρτῳ
409 1584 723 1655 κρείττονος
750 1583 1063 1654 δυνάμεως,
1103 1587 1196 1640 καὶ
1226 1589 1284 1642 ἐν
1314 1590 1393 1662 τῷ
1435 1594 1699 1664 ποτηρίῳ,

138 1678 445 1749 ὑποκειμένῃ
481 1678 580 1748 μὲν
608 1675 846 1731 διαθέσει
879 1678 1148 1748 κρείττονι
1181 1681 1614 1757 ἐνεργαζομένης
1641 1686 1702 1739 τὸ

141 1770 320 1840 βέλτιον
343 1810 358 1832 ,
389 1770 597 1842 χείρονι
647 1769 706 1822 δέ
750 1769 1086 1841 ἐμποιούσης
1122 1772 1184 1825 16
1231 1775 1406 1845 κρῖμα
1428 1792 1442 1806 ο
1473 1777 1616 1831 οὕτω
1641 1778 1702 1831 16

139 1864 229 1916 ἀπὸ
265 1863 356 1916 τοῦ
393 1863 570 1934 Ἰησοῦ
599 1863 812 1934 ψωμίον
851 1867 1107 1935 ὁμογενὲς
1137 1861 1205 1938 ἦν
1229 1866 1308 1937 τῷ
1353 1867 1557 1923 δοθέντι
1589 1870 1700 1942 (-12)

139 1956 217 2009 ni.
237 1958 345 2019 τοῖς
382 1955 591 2020 λοιποῖς
622 1955 940 2021 ἀποστόλοις
966 1996 981 2020 ,
1015 1958 1073 2010 ἐν
1094 1959 1172 2030 τῷ
1195 1976 1210 1991 ο
1251 1980 1269 2013 ι
1311 1961 1523 2016 Λάϐετε
1547 2002 1563 2028 ,
1599 1964 1702 2033 φά-

139 2065 243 2116 γετε
265 2065 278 2078 ο
322 2067 340 2098 ι
375 2047 487 2101 ἀλλ’
516 2048 746 2112 ἐκείνοις
771 2047 869 2118 μὲν
899 2047 979 2111 εἰς
1006 2050 1300 2122 σωτηρίαν,
1333 2051 1410 2123 τῷ
1433 2052 1490 2106 δὲ
1531 2054 1704 2126 Ἰούδᾳ.

139 2143 204 2204 εἰς
228 2142 414 2211 κρῖμα,
445 2139 521 2202 ὡς
556 2139 695 2210 μετά
727 2140 788 2192 16
811 2139 1026 2210 ψωμίον
1066 2142 1472 2214 εἰσεληλυθέναι
1501 2147 1583 2210 εἰς
1612 2147 1704 2199 αύ-

138 2233 212 2286 τδν
234 2231 321 2285 τὸν
352 2232 615 2286 Σατανᾶν.
642 2232 886 2287 Νοείσθω
911 2234 966 2287 δὲ
987 2237 1015 2288 6
1037 2236 1199 2305 ἄρτος
1226 2235 1318 2289 καλ⁸
1350 2235 1412 2290 τδ
1444 2239 1703 2308 ποτήριον

139 2327 232 2386 τοῖς
259 2324 355 2392 μὲν
388 2321 776 2394 ἁπλουστέροις
797 2324 941 2378 κατά
973 2325 1072 2396 τὴν
1103 2327 1414 2398 κοινοτέραν
1444 2329 1571 2400 περὶ
1603 2329 1704 2400 τῆς

141 2415 482 2486 Εὐχαριστίας
514 2416 743 2486 ἐκδοχὴν
762 2433 775 2446 ·
805 2420 919 2480 τοῖς
947 2417 1002 2470 δὲ
1046 2417 1338 2488 βαθύτερον
1371 2419 1589 2473 ἀκούειν
1615 2438 1705 2489 με-

144 2509 391 2577 μαθηκόσι
420 2507 562 2562 κατά
596 2508 691 2579 τὴν
718 2508 993 2581 θειοτέραν
1021 2510 1116 2564 καὶ
1145 2513 1272 2582 περὶ
1313 2512 1407 2565 τοῦ
1435 2515 1701 2585 τροφίμου

139 2597 220 2669 τῆς
243 2598 498 2669 ἀληθείας
523 2597 698 2666 Λόγου
750 2599 1080 2668 ἐπαγγελίαν
1099 2619 1114 2634 ο
1144 2602 1220 2667 ὼς
1261 2604 1311 2656 εί
1356 2605 1414 2658 ἐν
1448 2605 1704 2676 παραδεί-

141 2705 287 2759 γματι
319 2691 431 2761 (l3)
459 2690 666 2758 ἔλεγον,
698 2688 900 2745 ὃτικαὶ
921 2693 950 2744 ὁ
976 2691 1118 2748 κατά
1148 2692 1208 2746 τδ
1246 2696 1556 2765 σωματικὸν
1585 2714 1704 2769 τρο-

142 2781 430 2850 φιμώτατος
459 2783 623 2854 ἄρτος
647 2783 884 2854 πυρετὸν
910 2784 1009 2856 μὲν
1040 2785 1396 2856 ὑποκείμενον
1419 2785 1590 2854 ubist,
1623 2790 1703 2852 εἰς

141 2873 304 2940 ὑγείαν
330 2873 390 2926 δὲ
413 2874 513 2942 τὴν
541 2873 881 2945 εὐεξίανῌιι)
908 2875 1116 2945 ἀνάγει.
1140 2876 1231 2930 Διδ
1257 2876 1516 2942 πολλάκις
1546 2878 1702 2950 λόγος

140 2964 318 3036 ἀληθὴς
357 2963 502 3035 ψυχῇ
535 2964 785 3036 νοσούσῃ,
815 2966 876 3018 ού
927 2967 1158 3040 δεομένῃ
1201 2969 1448 3039 τοιαύτης
1494 2971 1702 3042 τροφῆς

1813 499 1883 540 ne
1907 483 2075 541 Judas
2103 489 2476 558 adjumcntum
2508 490 2814 559 perciperet
2834 505 2900 545 ex
2931 492 3053 545 data
3079 504 3110 545 a
3141 489 3268 548 Jesu
3301 493 3390 548 of-

1811 576 1920 632 fula
1954 579 2208 650 (habebat
2259 581 2406 636 enim
2449 581 2565 635 haec
2591 582 2809 650 quidem
2854 582 2963 637 vim
3004 582 3294 652 adjuvandi
3323 599 3388 640 ea

1809 687 2056 737 usurum,
2092 673 2183 728 sed
2212 684 2498 744 acceperat
2530 674 2641 743 jam
2687 675 2854 731 semel
2891 677 2941 730 in
2968 693 3125 732 suum
3155 693 3250 733 cor
3295 674 3390 734 Ju-

1809 762 1908 818 das
1951 772 2009 817 ut
2051 763 2365 833 Magistrum
2400 764 2719 836 proderet),
2759 768 2954 822 timens
3005 784 3073 824 ne
3111 769 3280 825 telum
3333 770 3389 826 in

1807 851 2001 908 Judam
2027 854 2282 909 emissum
2318 855 2618 920 aberraret,
2647 857 2689 910 si
2723 855 2891 912 Judas
2915 872 3044 912 usus
3065 856 3224 914 offula
3255 859 3396 916 fuis-

1807 953 1911 1010 set,
1942 945 2266 1016 anticipans,
2301 963 2419 1002 mox
2450 958 2613 1017 atque
2636 947 2806 1004 Judas
2836 948 3002 1004 sumit
3027 949 3270 1015 offulam,
3300 951 3392 1006 in-

1807 1049 2030 1104 gressus
2059 1047 2144 1093 est
2171 1039 2221 1092 in
2262 1037 2434 1101 illmn,
2468 1049 2582 1093 tum
2625 1039 2852 1106 scilicet,
2900 1055 3022 1094 cum
3056 1039 3284 1097 dixisset
3310 1042 3388 1097 illi

1809 1129 2070 1186 Servator
2097 1149 2121 1210 ἰ
2136 1149 2154 1181 ι
2181 1130 2333 1198 Quod
2358 1130 2511 1192 facis,
2530 1135 2613 1186 t'ac
2632 1131 2802 1196 ocius,
2822 1150 2840 1183 ι
2869 1132 3277 1203 accepissetque
3301 1135 3365 1189 of
3372 1164 3390 1176 ο

1806 1218 1974 1274 fulam
2010 1221 2198 1288 Judas,
2221 1237 2474 1293 egressus
2499 1232 2584 1278 est
2617 1224 2822 1278 Statim.
2859 1222 3091 1280 Proinde
3125 1226 3268 1280 haud
3293 1226 3391 1282 ab-

1805 1312 2031 1368 surdum
2072 1313 2123 1368 in
2153 1314 2402 1380 prmsenti
2436 1315 2554 1370 loco
2589 1315 2881 1378 diceretur,
2911 1318 3055 1386 quod
3083 1324 3139 1370 ut
3187 1317 3276 1386 qui
3306 1317 3393 1371 in-

1805 1403 1966 1475 digne
1991 1419 2180 1474 panem
2204 1405 2416 1460 Domini
2443 1407 2699 1470 comedit,
2720 1408 2802 1460 vel
2825 1408 3053 1462 calicem
3083 1409 3200 1478 ejus
3228 1409 3388 1472 bibit,

1805 1496 1858 1552 in
1885 1495 2149 1566 judicium
2187 1497 2477 1552 manducat
2500 1506 2554 1550 et
2585 1497 2782 1551 bibit“
2821 1515 2835 1564 ;
2871 1497 2920 1550 in
2957 1512 3096 1568 pane
3119 1508 3175 1553 et
3217 1499 3392 1556 calice

1805 1604 1912 1642 una
1957 1590 2159 1642 virtute
2193 1588 2556 1656 prmstantiori
2603 1596 2862 1657 aperante
2894 1589 3096 1644 bonum
3143 1589 3196 1643 iu
3249 1591 3391 1645 bono

1806 1678 2001 1737 affectu
2032 1681 2352 1743 constituto,
2393 1678 2447 1732 in
2501 1675 2699 1732 affeCtu
2757 1694 2884 1733 vero
2937 1681 3080 1735 man
3128 1692 3392 1751 operante

1803 1769 2310 1825 condemnationem
2335 1786 2350 1834 ;
2378 1769 2457 1824 sic
2479 1768 2698 1824 offulam
2721 1785 2749 1822 a
2776 1767 2900 1824 Jesu
2934 1771 3112 1824 datam
3146 1771 3389 1839 ejusdem

1802 1860 2018 1930 generis
2039 1859 2204 1916 fuisse
2226 1877 2347 1915 cum
2376 1875 2439 1915 ea
2467 1876 2628 1930 quam
2659 1859 2817 1916 Jesus
2839 1859 2987 1916 dedit
3017 1863 3230 1917 cmteris
3258 1877 3388 1933 apo-

1802 1952 1981 2016 stolis,
2010 1953 2134 2006 dum
2172 1953 2378 2007 diceret
2417 1969 2430 2005 :
2465 1971 2482 2004 t
2521 1953 2787 2021 Accipite,
2820 1954 3145 2008 comedite“
3177 1970 3192 2019 ;
3225 1973 3245 2006 ι
3289 1957 3386 2010 sed

1806 2046 1912 2101 illis
1950 2046 2171 2116 quidem
2202 2046 2270 2098 ad
2318 2043 2574 2106 salutem,
2596 2042 2752 2098 Judzn
2781 2059 2909 2098 vero
2947 2046 3014 2098 ad
3047 2047 3385 2102 condemna-

1805 2140 2036 2202 tionem;
2070 2139 2139 2192 ita
2189 2146 2247 2191 ut
2295 2146 2414 2207 post
2465 2134 2684 2190 offulam
2718 2136 3098 2206 ingrederetur
3142 2139 3194 2192 in
3232 2140 3388 2196 illum

1804 2228 2055 2296 Satanas.
2081 2229 2350 2283 Caeterum
2386 2227 2762 2283 consideretur
2789 2227 2876 2281 hic
2902 2228 3058 2296 panis
3077 2238 3132 2284 et
3163 2229 3265 2285 hoc
3290 2245 3389 2300 po-

1801 2321 1981 2377 culum
2005 2336 2034 2375 a
2062 2319 2488 2390 simplicioribus
2539 2318 2688 2388 iuxta
2716 2318 3142 2375 communiorem
3190 2321 3392 2377 intelli-

1803 2413 2036 2483 gentiam
2054 2413 2118 2468 de
2139 2412 2502 2477 Eucharistia,
2537 2409 2588 2466 id
2612 2420 2694 2466 est
2719 2409 2784 2465 de
2812 2411 3108 2480 gratiarum
3132 2413 3345 2469 actione
3369 2431 3386 2479 ;

1805 2515 1861 2560 at
1893 2507 1982 2574 qui
2015 2505 2177 2560 altius
2213 2505 2328 2559 haec
2361 2502 2665 2573 intelligere
2692 2503 3004 2568 didicerint,
3037 2505 3390 2561 considerent

1807 2597 1912 2654 hoc
1939 2599 2140 2653 dictum
2178 2597 2348 2651 fuisse
2394 2597 2549 2667 juxta
2597 2596 2916 2651 diviniorctn
2967 2597 3386 2665 promissionem

1803 2691 1968 2746 etiam
2003 2691 2069 2742 de
2095 2689 2272 2761 Λόγῳ,
2306 2698 2361 2743 et
2411 2689 2591 2744 Verbo
2621 2688 2868 2743 veritatis
2897 2687 3211 2743 alimentum
3251 2690 3389 2746 ube-

1805 2783 1917 2838 rius
1934 2792 2224 2852 prmstante
2244 2799 2259 2849 ;
2282 2793 2536 2852 tauquam
2566 2784 2610 2836 si
2638 2781 2888 2850 exemplo
2905 2781 3141 2836 dicerem
3168 2795 3386 2850 panem,

1805 2875 1946 2945 quod
1980 2877 2046 2930 ad
2076 2889 2273 2945 corpus
2305 2874 2517 2936 attinet,
2537 2873 2850 2928 alimentum
2884 2873 3217 2928 uberrimum
3247 2888 3390 2944 prm-

1804 2980 2060 3036 stantem,
2098 2967 2293 3022 febrim
2329 2967 2628 3034 subjectam
2666 2979 2882 3036 angere,
2915 2981 3036 3020 cum
3064 2974 3251 3021 contra
3286 2967 3390 3019 ho-

139 3053 418 3125 διδόμενος,
450 3055 721 3127 ἐπιτρίϐει
750 3057 921 3130 αὐτὴν
944 3097 960 3122 ,
1000 3059 1094 3112 καὶ
1122 3060 1396 3130 πρόφασις
1423 3062 1535 3132 (15)
1561 3063 1701 3134 αὐτῇ

1810 3077 1932 3115 nam
1985 3059 2234 3129 corporis
2288 3057 2658 3112 habitudinem
2689 3057 2755 3111 ad
2803 3056 3088 3112 sanitatem
3141 3059 3389 3113 reducat.

139 3147 374 3216 γειρόνων
425 3147 664 3215 γίνεται·
714 3148 809 3201 καὶ
842 3147 1016 3212 οὕτως
1065 3150 1159 3202 καὶ
1195 3150 1265 3202 τά
1307 3151 1482 3222 ἀληθῆ
1526 3152 1701 3221 λέγειν

1808 3154 1982 3222 Quam
2005 3155 2073 3208 ob
2098 3167 2314 3207 causam
2357 3151 2674 3222 plerumque
2705 3163 2886 3205 sermo
2915 3163 3075 3205 verus
3103 3148 3390 3220 aegrotanti

141 3238 435 3304 κινδυνῶδές
482 3241 619 3292 ἐστι.
671 3238 843 3291 Τοῦτο
887 3239 943 3292 δέ
997 3257 1083 3309 μοι
1127 3240 1340 3312 εἴρηται
1379 3241 1467 3294 διὰ
1498 3241 1559 3294 τὸ
1595 3241 1701 3311 ψω-

1808 3245 2022 3308 animzc,
2048 3259 2152 3297 non
2186 3240 2448 3310 indigenti
2481 3239 2574 3294 tali
2609 3239 2732 3294 cibo
2784 3239 2966 3302 datus,
3013 3237 3158 3292 illam
3196 3247 3388 3293 conte-

140 3330 239 3399 μίον
262 3331 399 3401 (16),
420 3330 450 3383 ὃ
471 3330 724 3401 ἐμϐάψας
747 3331 962 3384 δίδωσιν
991 3330 1160 3400 Ἰούδα
1189 3331 1392 3402 Σίμωνι
1417 3332 1497 3403 τῷ
1531 3335 1706 3388 Ἰσκα-

142 3421 282 3495 ριὼτη
304 3423 422 3493 (Π)
445 3441 459 3454 ο
484 3424 578 3476 καὶ
602 3425 978 3495 κεκινήκαμεν
1009 3423 1166 3492 λόγον
1202 3425 1294 3477 τὸν
1325 3427 1406 3490 εἰς
1446 3426 1701 3497 ἑκάτερα,

139 3515 226 3566 εἴτε
247 3515 355 3586 χρὴ
383 3514 564 3583 λέγειν
597 3514 758 3568 αὑτὸν
793 3514 1128 3586 βεϐρωκέναι
1169 3515 1406 3571 λαϐόντα
1425 3557 1439 3582 ,
1469 3521 1577 3572 εἴτε
1609 3535 1703 3570 κε-

138 3606 391 3660 κωλύσθαι
418 3607 525 3660 ἀπὸ
543 3606 636 3660 τοῦ
661 3606 994 3670 εἰσελθόντος
1027 3609 1108 3671 εἰς
1134 3607 1222 3660 τὸν
1246 3608 1446 3662 Ἰούδαν
1469 3610 1700 3662 Σατανᾶ.

139 3699 187 3750 Εἰ
206 3700 255 3752 δὲ
280 3700 386 3772 χρὴ
417 3701 496 3762 ὡς
531 3698 605 3770 μὴ
635 3701 753 3770 εἰκῆ
791 3701 1239 3771 παρερῥιμμένον
1268 3700 1374 3754 ὑπὸ
1399 3699 1494 3754 τοῦ
1541 3701 1704 3771 εύαγ-

139 3790 354 3856 γελιποῦ
383 3791 498 3862 (l8)
533 3791 778 3854 ἐξετάσαι
805 3791 861 3844 δὲ
890 3792 971 3856 16,
1003 3787 1139 3845 «Ἦν
1170 3793 1226 3845 δέ
1252 3792 1367 3859 νὺξ,
1399 3813 1417 3844 ι
1455 3793 1700 3859 λεκτέον,

138 3882 202 3933 ὅτι
227 3882 570 3954 συμϐολικῶς
596 3885 719 3938 τότε
754 3886 788 3954 ἡ
814 3883 1048 3954 αἰσθητὴ
1081 3883 1177 3950 νὺξ
1208 3879 1298 3955 ἦν,
1323 3882 1487 3937 εἰκὼν
1507 3886 1705 3956 τυγχά-

138 3989 277 4028 νουσα
321 3976 427 4047 τῆς
478 3975 776 4046 γενομένης
818 3977 875 4028 ἐν
933 3978 1000 4046 τῇ
1048 3976 1196 4046 ψυχῇ
1259 3975 1428 4029 Ἰούδα
1474 3977 1698 4040 νυκτόςσ

139 4065 272 4134 ἡνίκα
296 4068 354 4120 16
385 4067 783 4138 ἐπιφερόμενον
818 4069 1007 4130 σκότος
1043 4068 1232 4121 ἐπάνω
1272 4066 1374 4137 τῆς
1411 4066 1650 4121 ἀϐύσσου
1675 4071 1702 4122 6

146 4157 363 4222 Σατανᾶς
409 4159 658 4230 εἰσῆλθεν
686 4160 765 4223 είς
797 4160 956 4212 αὐτόν
980 4176 995 4191 ’
1023 4160 1249 4212 ἐκάλεσε
1290 4158 1396 4228 γὰρ
1427 4161 1456 4212 6
1479 4159 1609 4223 Θεὸς
1639 4160 1703 4213 16

143 4251 303 4316 σκότος
347 4251 528 4305 νύκτα
551 4267 566 4282 ·
612 4251 752 4304 ὥστε
791 4251 1020 4314 νυκτὸς,
1051 4252 1216 4322 φησιν
1257 4253 1286 4304 6
1324 4250 1532 4316 Παῦλος
1556 4295 1569 4317 ,
1602 4251 1702 4305 οὐκ

140 4341 278 4411 ἐσμὲν
305 4342 496 4406 τέκνα,
534 4343 656 4396 οὐδὲ
690 4342 934 4406 σκότους,
965 4342 1138 4411 λέγων
1163 4359 1175 4372 ·
1217 4342 1370 4413 (Ἆρ’
1400 4339 1516 4407 οὖν,
1546 4343 1701 4398 ἀδελ-

1807 3345 1912 3404 ret,
1938 3336 2014 3390 illi
2047 3345 2104 3389 ut
2137 3334 2288 3404 pejus
2340 3347 2398 3388 se
2446 3331 2642 3387 habeat
2673 3345 2836 3386 causa
2879 3330 3150 3386 exsistens
3178 3345 3193 3383 :
3222 3326 3390 3402 445

1804 3440 1970 3500 atque
2015 3429 2179 3482 etiam
2215 3428 2295 3482 sic
2338 3427 2604 3497 sequitur,
2632 3435 2692 3480 ut
2724 3439 2856 3480 vera
2903 3423 3085 3478 dicere
3122 3421 3391 3492 periculo.

1803 3535 1923 3575 sum
1958 3521 2053 3575 sit.
2091 3518 2204 3574 lloc
2247 3526 2427 3572 autem
2471 3515 2602 3570 mihi
2639 3516 2839 3570 dictum
2882 3523 2966 3568 est
2997 3522 3219 3584 prepter
3251 3510 3387 3567 on‘uo

1803 3612 1910 3667 lam
1931 3627 2094 3680 quam
2120 3610 2402 3664 intinctam
2432 3606 2582 3662 dedit
2606 3604 2767 3662 Jesus
2803 3603 2956 3660 Judze
3003 3603 3210 3658 Simoni
3240 3603 3387 3658 lsca~

1803 3704 1956 3758 riota:
1994 3717 2008 3753 :
2039 3700 2413 3768 movimusque
2445 3699 2709 3751 rationem
2740 3697 2792 3749 in
2821 3704 3105 3762 utramque
3140 3703 3384 3760 partem.

1802 3793 1917 3848 sive
1952 3806 2176 3846 necesse
2210 3791 2282 3844 sit
2313 3789 2495 3844 dicere
2516 3783 2710 3840 Judam
2734 3791 3013 3853 acceptam
3041 3780 3259 3838 offulam
3287 3795 3385 3837 σος

1803 3883 2074 3947 medisse,
2105 3883 2222 3937 sive
2263 3899 2293 3936 a
2336 3879 2533 3936 Satana
2565 3917 2580 3943 ,
2629 3877 2719 3945 qui
2762 3877 2813 3929 in
2867 3875 3044 3942 ipsum
3099 3875 3379 3943 ingressus

1801 3975 2001 4042 fuerat,
2021 3974 2351 4043 prohibitmn
2387 3970 2575 4025 fuisse.
2593 3968 2686 4022 Sin
2715 3982 2840 4023 vero
2861 3967 3196 4036 perpendere
3218 3965 3388 4019 etiam

1803 4063 1931 4118 illud
1954 4072 2193 4134 oportet,
2226 4080 2245 4113 ί
2281 4073 2397 4118 erat
2451 4069 2633 4117 autem
2681 4074 2787 4114 nox
2813 4058 2882 4121 ⁸⁷,
2922 4075 2941 4110 ι
2969 4067 3226 4127 tanquam
3277 4072 3382 4110 non

1803 4164 2006 4210 temere
2029 4154 2361 4224 assignatum
2381 4154 2445 4208 ab
2462 4153 2812 4225 evangelista,
2835 4149 3123 4205 dicendum
3141 4156 3386 4218 estsym-

1800 4247 1975 4302 bolice
2001 4256 2127 4300 tune
2152 4255 2366 4301 noctem
2394 4246 2558 4302 fuisse
2581 4247 2681 4301 sub
2699 4257 2915 4300 sensum
2939 4242 3241 4304 cadentem,
3263 4253 3383 4307 qua:

1802 4338 1979 4407 imago
2001 4337 2287 4392 exsisteret
2306 4337 2481 4392 noctis
2498 4335 2658 4390 facta:
2676 4336 2727 4389 in
2750 4333 2930 4389 anima
2957 4329 3142 4394 ludar;
3167 4325 3386 4397 Quando

142 4433 232 4499 φοί,
256 4437 351 4488 οὐκ
376 4434 548 4506 ὲσμέν
569 4433 783 4499 νυκτὸς,
811 4433 931 4486 οὐδὲ
956 4433 1180 4496 σκότους
1208 4431 1372 4486 τέκνα
1401 4433 1567 4504 (19),ι
1608 4434 1701 4487 καὶ

1808 4445 1925 4500 quae
1959 4429 2274 4484 ferebantur
2301 4443 2465 4499 super
2497 4428 2778 4498 abyssum,
2813 4424 2916 4479 illa:
2946 4421 3204 4486 tenebrze,
3233 4431 3384 4471 nem-

140 4526 209 4576 τό·
235 4544 251 4576 ι
273 4529 467 4598 Ἡμεῖς
497 4527 555 4580 δέ
586 4527 798 4598 ἡμέρας
833 4526 985 4589 ὄντες
1015 4526 1295 4595 νήφωμεν.
1325 4543 1342 4576 ι
1375 4525 1488 4578 Ούκ
1515 4521 1584 4596 ἦν
1609 4522 1702 4580 οὖν

140 4615 219 4681 vi»:
251 4625 357 4682 τοῖς
395 4619 741 4690 νιπτομένοις
795 4619 922 4682 τους
978 4617 1144 4680 πόδας
1196 4615 1300 4668 ὑπὸ
1344 4616 1438 4668 τοῦ
1503 4617 1700 4687 Ἰησοῦ,

142 4705 235 4758 ἀλλ’
270 4711 458 4780 ἡμέρα
488 4710 869 4782 λαμπροτάτη,
913 4706 1361 4779 καθαιρομένοις,
1400 4708 1493 4760 καὶ
1526 4708 1701 4774 ἀποῤ-

144 4798 468 4873 ριπτομένοις
502 4806 626 4867 τοὺς
660 4804 718 4857 ἐν
753 4805 864 4866 τοῖς
905 4801 1031 4856 ποσὶ
1067 4800 1164 4870 τῆς
1197 4798 1376 4869 ψυχῆς
1411 4799 1591 4854 αὐτῶν
1613 4799 1703 4866 ῥύ-

202 4934 244 4966 ⁵³
274 4935 290 4987 1
325 4937 452 4990 Cor.
506 4951 585 5001 xi,
620 4935 713 4991 29.
789 4937 835 4968 “
868 4935 1063 4990 Matth.
1106 4949 1258 5000 xm,
1294 4932 1383 4987 26.

207 5085 308 5154 (ιῖ)
347 5081 663 5154 ὐμοτενέξς
707 5077 787 5153 ἦν
821 5077 901 5154 τῷ
927 5077 1180 5154 δοθέιςτι,
1206 5088 1324 5154 _etc.
1358 5075 1416 5130 In
1447 5089 1514 5130 eo
1540 5083 1698 5154 erant

149 5144 361 5222 utraque
408 5144 668 5224 Epizyevﬁ,
714 5144 882 5224 quod
911 5148 1217 5203 comedenti
1255 5163 1353 5216 pro
1406 5144 1698 5224 sanctitate

150 5240 228 5275 sua
259 5215 338 5276 v'el
373 5215 646 5291 impietate
681 5215 918 5275 salubria
947 5232 1081 5291 esse
1111 5215 1364 5291 poterunt
1395 5215 1480 5270 vel
1512 5215 1692 5291 noxia.

149 5294 194 5344 In
221 5294 336 5346 aliis
368 5284 767 5360 discrepabunt,
798 5299 852 5344 et
876 5296 1038 5360 erant
1064 5286 1372 5358 ἑτερογενῆ,
1406 5299 1470 5338 ac
1522 5284 1575 5336 in
1629 5297 1694 5336 eo

151 5362 427 5429 praesertim
460 5357 602 5429 quod
658 5359 819 5412 offula
867 5357 1018 5412 Juthe
1051 5357 1305 5429 porrecta
1357 5368 1540 5408 merus
1572 5362 1697 5407 erat

151 5424 314 5496 panis;
339 5424 514 5484 offulae
540 5444 670 5483 vero
695 5431 832 5483 datae
857 5427 1116 5497 apostolis
1143 5424 1326 5493 specie
1360 5431 1566 5475 tantum
1598 5437 1693 5492 pa-

151 5501 223 5552 nis
247 5513 420 5562 erant,
441 5514 622 5554 revera
645 5498 845 5552 Christi
877 5513 1073 5566 corpus
1097 5507 1284 5566 eram:
1313 5503 1691 5566 contraquam

149 5571 317 5624 cxhoc
337 5561 451 5623 loco
477 5569 850 5622 ratiocinando
882 5561 1148 5621 conclusit
1169 5561 1694 5617 EdmuudnsAlher-

151 5641 282 5692 tinus
309 5642 359 5691 in
385 5655 544 5705 Opere
573 5637 649 5691 De
666 5647 991 5705 sacramento
1019 5633 1394 5705 Eucharlsliqz,
1549 5645 1613 5692 tt.
1639 5630 1693 5684 in

151 5707 392 5763 Examiue
423 5699 854 5764 testimoniorum
876 5704 1149 5772 Origenis,
1185 5719 1306 5776 cap.
1333 5701 1388 5755 2.
1424 5699 1691 5756 Ιίυετιυε.

447 5802 718 5863 Parnm“
761 5797 877 5880 Gn.
905 5796 1076 5861 XIV.

1803 4536 1871 4591 pe
1923 4520 2173 4588 Satanas,
2233 4521 2489 4591 ingressa:
2537 4528 2662 4573 sunt
2691 4518 2751 4572 in
2790 4529 2951 4578 eum;
2980 4510 3200 4566 vocavit
3235 4507 3384 4564 enim

1805 4614 1945 4670 Deus
2003 4615 2285 4681 tenebras,
2344 4622 2558 4668 noctem
2588 4611 2676 4676 “;
2719 4623 2890 4679 quare
2943 4604 3156 4670 noctis,
3208 4601 3384 4670 inquit

1805 4707 2148 4774 Paulus,non
2190 4720 2380 4760 sumus
2411 4703 2531 4768 lilii,
2559 4715 2730 4770 neque
2761 4698 3128 4760 tenebrarum,
3157 4694 3376 4748 diecns:

1811 4821 1830 4853 ι
1871 4802 2034 4870 Ergo,
2073 4799 2291 4861 fratres,
2329 4809 2434 4848 non
2478 4807 2666 4848 sumus
2693 4791 2890 4855 noctis,
2925 4803 3101 4858 neque
3129 4784 3380 4840 tenebra-

1485 4931 1529 4964 δ’
1562 4930 1720 4988 Joan.
1746 4950 1865 5000 xm,
1897 4932 1988 4988 '50.
2063 4929 2112 4962 ⁸⁸
2153 4927 2350 4984 Cenes.
2377 4942 2414 4992 ι,
2445 4925 2500 4980 5.

1908 5072 1990 5140 l5)
2020 5070 2200 5125 Codex
2221 5065 2465 5140 Regius,
2495 5064 2571 5130 ὡς
2601 5064 2684 5140 ἐνΔ
2703 5059 3131 5140 παραδείγματι.

1903 5127 1988 5212 ui
2026 5141 2130 5196 Pro
2158 5137 2280 5212 τὴν
2319 5127 2754 5204 ἕὺεξίανέοάυι
2787 5127 3010 5203 ἰιεείυε
3064 5127 3252 5197 habet,
3286 5133 3388 5190 καὶ

1804 5210 2039 5276 εὐεξίαν,
2065 5210 2225 5265 male.
2249 5277 2279 5280 _
2345 5275 2375 5280 Α
2417 5275 2429 5280 Α
2713 5271 2727 5280 _
3013 5268 3044 5280 ,,

1879 5267 1992 5366 (ἱὸ)
2021 5267 2200 5336 Codex
2247 5275 2594 5366 bridleianus,
2622 5271 2927 5343 πρόφασιςο
2961 5268 3128 5324 editio
3172 5267 3380 5336 Huetii,

1805 5351 2130 5424 πρὸφάσειςν
2166 5351 2367 5424 malea
2563 5413 2588 5424 -

2019 5406 2206 5495 Codex
2239 5417 2457 5495 Regius,
2489 5412 2754 5495 1aﬁ1a_6é
2788 5429 2876 5483 μοι
2899 5410 3113 5495 εἴρηται
3144 5406 3382 5495 ψωμίου.

1878 5482 1990 5562 (17)
2019 5491 2160 5562 Ideni
2188 5482 2365 5562 co_de'x_
2391 5486 2614 5562 Regius,
2647 5482 2887 5562 Σίμωνος
2933 5482 3278 5551 Ἰσκαριώτῃ.

1901 5552 1990 5624 ίὸδ
2015 5560 2196 5615 Codex
2237 5556 2459 5624 Regius,
2475 5552 2836 5624 εὐαγγελίου.

1905 5620 1992 5701 l9}
2036 5628 2239 5684 Τέκνα.
2277 5620 2437 5681 Deest
2467 5623 2522 5679 in
2555 5620 2746 5680 cedice
2785 5620 2972 5693 ltegio.

3025 5776 3106 5840 26
