3974 6206
540 283 647 339 8l5
1997 275 2317 335 ODIGENIS
3095 337 3100 339 _
3648 275 3734 329 8ὶῦ

547 398 736 452 Exodo
763 397 966 452 dictum
1000 397 1166 454 sit”:
1218 412 1236 446 ι
1274 394 1338 448 Ει
1378 393 1546 463 gloria
1596 393 1804 449 Domini
1847 394 2110 465 repletum

2172 391 2404 454 ιτοῦτον
2441 388 2529 442 τὸν
2558 388 2755 460 τρόπον
2779 403 2793 418 ·
2837 405 2852 437 ι
2877 385 2987 439 Καὶ
3013 383 3248 454 ἐγένετο,
3287 381 3362 447 ὡς
3391 381 3588 452 ἐξῆλθον
3615 385 3657 438 al
3682 388 3741 440 ιε-

539 500 626 544 est
659 490 988 554 tentorium;
1023 501 1122 541 nec
1155 495 1370 556 poterat
1395 486 1602 557 Moyses
1633 487 1845 557 ingredi
1892 487 1946 540 in
2001 496 2108 540 teu-

2221 486 2334 556 ρεῖς
2362 484 2426 536 ὲκ
2449 480 2542 534 τοῦ
2573 481 2752 550 ἁγίου,
2783 479 2878 532 καὶ
2905 479 2938 549 ἡ
2967 476 3162 548 νεφέλη
3189 475 3392 545 ἔπλησε
3412 475 3494 526 τὸν
3514 469 3640 528 οἰκον
3659 479 3743 531 κυ-

547 581 741 634 torium
773 577 1090 640 testimonii,
1121 578 1266 647 quod
1305 577 1690 632 obumbrasset
1735 577 1866 631 illud
1903 579 2111 644 nubes;

2223 578 2360 647 ρίου,
2391 575 2484 626 καὶ
2515 574 2613 626 οὐκ
2657 573 2910 626 ἐδύναντο
2941 571 2989 622 oi
3039 571 3201 640 ἱερεῖς
3237 567 3430 636 στῆναι
3459 566 3743 637 λειτουργίαν

541 681 593 723 et
623 669 790 738 gloria
837 668 1046 722 Domini
1073 668 1291 739 plenum
1325 668 1425 724 fuit
1457 670 1804 724 tentorium.»
1853 669 1906 723 In
1955 672 2110 724 tertio

2219 666 2331 738 (30)
2361 664 2588 719 ἐνώπιον
2643 665 2742 735 τῆς
2771 663 3020 733 νεφέλης,
3067 662 3148 714 ὃτι
3195 660 3398 729 ἔπλησε
3441 658 3555 724 δόξα
3578 659 3741 728 Κυρίου

539 763 700 816 etiam
729 761 933 831 Regum
966 762 1111 816 hunc
1137 762 1186 815 in
1219 761 1434 816 modum
1480 770 1561 815 est
1602 761 1860 831 scriptum
1881 761 1962 818 3';
1997 779 2016 813 ι
2052 763 2108 817 Et

2215 757 2308 812 τὸν
2337 753 2502 812 οἶκον.
2531 777 2549 810 ι
2583 758 2693 810 Keil.
2723 757 2848 829 περὶ
2872 757 2970 828 τῆς
2999 754 3277 817 Μωῦσέως
3313 751 3468 821 δόξης
3498 751 3550 804 ὲν
3570 753 3627 822 τῇ
3656 751 3743 815 Ἐξ-

537 851 740 916 evenit,
776 867 898 906 cum
937 853 1329 924 egrederentur
1369 853 1682 908 sacerdotes
1715 869 1745 908 e
1777 855 2106 921 sanctuario,

2217 851 2322 923 όδῳ
2344 850 2568 905 τοιαῦτα
2591 849 2838 904 λέλεκται
2857 867 2871 880 ο
2909 867 2928 900 ι
2951 849 3040 911 Ὠς
3065 847 3123 900 δὲ
3155 843 3442 899 κατέϐαινε
3472 843 3679 912 Matii-ﬁ;
3697 844 3743 896 ἐκ

541 951 599 996 ut
629 944 798 997 nubes
838 943 1076 1012 repleret
1100 944 1320 998 domum
1348 943 1585 1010 Domini,
1637 953 1692 998 et
1718 959 1824 1000 non
1867 954 2110 1014 poterant

2216 944 2311 998 τοῦ
2339 944 2520 1016 ὅρους,
2549 944 2643 997 καὶ
2672 944 2729 997 αί
2769 941 2863 995 δύο
2895 941 3100 1002 πλάκες
3123 939 3221 1009 τῆς
3263 934 3533 1005 Διαθήκης
3562 935 3644 987 ἐπὶ
3666 936 3744 990 τῶν

531 1034 852 1090 sacerdotes
874 1044 1024 1089 stare
1045 1049 1230 1090 coram
1258 1036 1397 1088 nube
1417 1033 1484 1089 ad
1513 1035 1948 1100 ministrandum,
1974 1051 2100 1105 qum

2218 1035 2415 1106 χειρῶν
2436 1035 2641 1106 Μωῦσῆ
2659 1051 2672 1064 ·
2704 1032 3125 1093 καταϐαίνοντος
3143 1029 3200 1083 δὲ
3221 1027 3386 1082 αὑτοῦ
3411 1026 3475 1079 ὲκ
3504 1027 3589 1081 τοῦ
3606 1027 3744 1099 ὅρους,

543 1125 802 1196 replesset
830 1124 1000 1192 gloria
1038 1125 1248 1179 Domini
1301 1125 1575 1180 domuum
1631 1125 1770 1192 Quin
1821 1132 1886 1181 de
1917 1127 2112 1198 Moysis

2218 1128 2310 1182 καὶ
2335 1128 2574 1199 Μωῢσῆς
2603 1127 2703 1180 οὐκ
2725 1126 2860 1197 ᾔδει,
2888 1125 2970 1178 ὅτι
2997 1122 3306 1188 δεδόξασται
3337 1123 3371 1193 ἡ
3400 1121 3517 1192 δψις
3547 1121 3628 1174 τοῦ
3649 1137 3745 1192 χρυ

541 1217 708 1288 gloria
752 1215 952 1286 scripta
1001 1217 1166 1270 etiam
1213 1226 1342 1270 sunt
1396 1216 1520 1270 talia
1563 1216 1616 1270 iu
1657 1217 1844 1273 Exodo
1866 1220 1950 1272 7°:
1992 1236 2010 1269 ι
2048 1217 2110 1274 [11

2216 1219 2310 1282 τὸς
2339 1217 2434 1270 τοῦ
2467 1217 2759 1289 προσώπου
2799 1213 2988 1279 αὑτοῦ,
3032 1215 3091 1267 ὲν
3121 1213 3201 1284 τῷ
3230 1213 3411 1266 λαλεῖν
3439 1211 3594 1266 αὐτὸν
3617 1211 3740 1282 αὐτῷ.

543 1319 719 1362 autem
750 1307 1031 1362 descendit
1056 1308 1274 1378 Moyses
1305 1307 1374 1362 de
1409 1316 1614 1372 monte,
1659 1310 1885 1378 duaeque
1921 1307 2112 1365 tabulae

2219 1309 2330 1364 Kal.
2375 1304 2515 1362 εἶδεν
2555 1305 2788 1380 Ἀαρὼν,
2836 1307 2931 1361 καὶ
2980 1304 3183 1368 πάντες
3227 1305 3276 1356 οἱ
3317 1303 3424 1356 υἱοὶ
3471 1301 3658 1373 Ἰσραὴλ
3676 1301 3744 1354 τὸν

543 1398 852 1455 testamenti
900 1399 953 1453 in
1006 1399 1259 1454 manibus
1309 1407 1464 1454 erant
1509 1398 1760 1470 Moysis:
1813 1415 2044 1469 cumque
2085 1415 2112 1456 e

2217 1401 2480 1472 Μωῦσῆν,
2519 1401 2613 1454 καὶ
2637 1395 2704 1472 ἦν
2731 1397 3094 1469 δεδοξασμένη
3135 1397 3169 1467 ἡ
3203 1395 3325 1464 δψις
3353 1393 3447 1450 τοῦ
3475 1391 3745 1466 χρωτὸςτοῦ

543 1500 727 1547 monte
753 1490 1106 1546 descenderet
1135 1488 1366 1560 Moyses,
1397 1505 1502 1546 non
1554 1501 1711 1546 norat
1757 1490 2112 1560 glorilicatum

2218 1491 2512 1564 προσώπου
2561 1484 2750 1556 αὐτοῦ,
2796 1492 2890 1544 καὶ
2937 1487 3281 1560 ἐφοϐήθησαν
3324 1486 3541 1556 ἐγγίσαι
3580 1483 3744 1554 ait-.19.:

543 1584 713 1638 fuisse
740 1591 1018 1651 aspectum
1047 1581 1188 1636 cutis
1221 1581 1399 1637 vultus
1425 1583 1532 1648 sui,
1568 1582 1692 1637 dum
1723 1583 1865 1637 Deus
1889 1583 1989 1638 sibi
2035 1583 2112 1638 lo-

2218 1584 2388 1638 Τοῦτο
2413 1584 2474 1638 τὸ
2501 1583 2751 1655 περὶτῆς
2779 1579 2937 1652 δόξης
2965 1579 3360 1652 σημαινόμενον
3390 1579 3484 1630 καὶ
3511 1578 3564 1630 ὲν
3585 1576 3651 1646 τῷ
3675 1593 3747 1628 κα-

542 1681 822 1742 queretur.
859 1671 1115 1739 Viditque
1151 1670 1330 1726 Aaron
1360 1681 1413 1726 et
1447 1687 1636 1728 onmes
1671 1672 1763 1726 lilii
1796 1671 1960 1726 Israel
2001 1673 2111 1727 Mo-

2181 1672 2288 1742 _1:dt
2331 1674 2544 1727 Λουκᾶν
2581 1671 2900 1742 Εὑαγγελίῳ
2945 1669 3035 1724 διὰ
3075 1669 3280 1723 τούτων
3329 1667 3602 1739 δηλοῦταιο
3637 1663 3750 1717 «Kal

543 1778 698 1835 yscn,
726 1772 780 1816 et
817 1771 938 1817 erat
967 1761 1304 1832 glorilicatus
1334 1773 1590 1833 aspectus
1627 1764 1768 1819 cutis
1795 1765 1972 1818 vultus
2011 1766 2112 1832 sui,

2181 1734 2192 1786 ι
2223 1767 2458 1838 ἐγένετο,
2483 1767 2542 1819 ὲν
2567 1765 2645 1837 τῷ
2678 1761 3071 1836 προσεύχεσθαι
3099 1761 3283 1825 αὐτὸν,
3317 1761 3350 1830 ἡ
3377 1759 3492 1813 ἰδέα
3515 1757 3601 1810 τοῦ
3626 1772 3750 1828 προσ-

542 1865 596 1910 et
648 1860 945 1909 timuerunt
991 1853 1041 1908 ei
1077 1854 1534 1923 appropinquare.
1570 1873 1588 1907 ι
1646 1855 1772 1911 Haec
1819 1856 2003 1926 gloria:
2049 1857 2111 1912 si-

2220 1859 2370 1915 ώπου
2415 1856 2581 1912 αὑτοῦ
2633 1857 2827 1928 ἑτέρα·
2862 1855 2960 1908 καὶ
3006 1851 3272 1924 ἠλλοιώθη
3321 1853 3350 1905 ὁ
3396 1849 3662 1921 ίματισμὶνς
3682 1847 3748 1902 αὖα

541 1947 816 2020 gniiicatio
846 1947 897 2000 iu
933 1945 1223 2014 Evangelio
1247 1946 1409 2002 etiam
1439 1947 1595 2003 Luca:
1628 1948 1712 2002 bis
1731 1949 1914 2004 verbis
1939 1949 2110 2004 decla-

2220 1953 2338 2019 τοῦ,
2366 1953 2460 2007 καὶ
2491 1951 2707 2021 ἐγένετο
2744 1948 2935 2011 λευκὸς
2991 1945 3401 2016 ἐξαστράπτων,
3438 1942 3548 1996 Καὶ
3571 1942 3660 1995 ἰδοὺ
3674 1941 3749 1994 ἂν·

519 2046 697 2093 .ratur
721 2037 797 2087 ":
842 2057 861 2090 ι
896 2036 964 2091 Ει
993 2037 1133 2093 facta
1167 2048 1272 2103 est,
1305 2038 1430 2092 dum
1469 2048 1672 2105 oraret,
1701 2041 1911 2111 species
1942 2040 2088 2095 vultu

2221 2046 2346 2118 δρες
2374 2044 2488 2108 δύο,
2521 2042 2840 2098 συνελάλουν
2862 2040 3031 2112 αὐτῷ,
3060 2041 3254 2102 οἵτινες
3276 2034 3418 2108 ἦσαν
3443 2034 3668 2102 ’Μωῦσῆς
3687 2031 3750 2084 καὶ

505 2132 659 2200 «ejus
687 2130 832 2186 alia:
870 2140 926 2186 et
954 2130 1184 2186 vestitus
1232 2129 1352 2200 ejus
1397 2130 1686 2198 candidus,
1720 2146 1784 2188 ac
1821 2131 2074 2203 refulgen:

2235 2139 2418 2203 Ἠλίας
2439 2155 2452 2169 ·
2489 2137 2538 2191 οἳ
2563 2135 2814 2206 ὀφθέντες
2849 2135 2906 2188 ἐν
2928 2130 3054 2204 δόξῃ
3081 2131 3262 2200 ἔλεγον
3292 2130 3392 2202 τὴν
3416 2127 3585 2194 ἔξοδον
3611 2123 3753 2185 αὐτοῦ.

507 2242 513 2262 -·
542 2223 609 2276 Et
634 2236 764 2276 ecce
789 2221 897 2276 duo
930 2221 1031 2275 viri
1060 2219 1422 2288 loquebantur
1447 2234 1570 2274 cum
1594 2235 1682 2287 eo,
1705 2221 1798 2290 qui
1823 2231 1978 2276 erant
2005 2221 2076 2278 Μ(

2222 2231 2288 2302 ἣν
2317 2230 2508 2302 ἔμελλε
2541 2227 2782 2299 πληροῦν
2810 2227 2866 2278 ὲν
2908 2221 3283 2296 Ἰερουσαλήμ.
3319 2240 3337 2272 ι
3385 2219 3497 2298 βαι
3535 2221 3564 2272 ό
3591 2215 3753 2278 Παῦλος

508 2341 513 2348 -
542 2327 666 2382 yses
697 2311 923 2367 et‘Elias
951 2327 967 2365 :
1001 2312 1094 2379 qui
1127 2311 1227 2366 visi
1259 2310 1310 2365 in
1346 2311 1634 2382 majestate
1681 2313 1978 2368 narrabant
2027 2329 2077 2370 et

2220 2322 2277 2375 δὲ
2303 2323 2404 2394 δρα
2451 2320 2544 2373 ἐπὶ
2577 2318 2685 2371 τίσι
2716 2317 2778 2370 τὸ
2810 2315 2980 2386 ὄνομα
3030 2316 3126 2386 τῆς
3157 2313 3312 2382 δόξης
3348 2308 3754 2382 παραλαμϐάνει·

535 2422 756 2462 cessum
787 2406 928 2476 ejus,
953 2403 1128 2476 m
1154 2418 1314 2472 quem
1343 2403 1712 2472 completurus
1759 2415 1876 2460 evat
1906 2403 2104 2462 Jeroso-

2222 2412 2356 2464 ὅπου
2391 2411 2487 2482 μὲν
2516 2408 2626 2481 γὰρ
2654 2409 2805 2478 λέγει
2824 2425 2839 2439 ο
2886 2427 2904 2458 ι
2931 2409 2992 2461 Ei
3017 2408 3074 2460 δὲ
3107 2408 3140 2478 ἠ
3176 2404 3424 2458 διακονία
3448 2403 3544 2456 τοῦ
3573 2399 3757 2455 θανάτου

541 2499 754 2570 Ιγιιιίεδ
797 2498 948 2554 Δὶίίιιιι
981 2512 1109 2552 vero
1141 2495 1194 2549 in
1230 2495 1429 2565 quibus
1475 2496 1639 2550 etiam
1680 2495 1878 2551 Paulus
1925 2513 2110 2552 nomen

2222 2505 2281 2557 ὲν
2305 2503 2646 2575 γράμμασιν,
2673 2497 3089 2570 ἐντετυπωμένη
3119 2495 3308 2559 λίθοις,
3332 2495 3564 2565 ἐγενήθη
3577 2495 3627 2546 ἐν
3645 2490 3758 2560 δόξῃ.

507 2637 510 2641 ,
541 2593 723 2660 gloria:
752 2599 995 2646 assumat
1019 2605 1038 2655 ;
1065 2588 1259 2644 alicubi
1284 2588 1426 2643 enim
1454 2588 1684 2642 dicit":
1724 2607 1742 2640 ι
1779 2589 1932 2657 Quod
1960 2591 2003 2645 si
2029 2607 2076 2645 at

2223 2594 2364 2649 ὥστε
2404 2592 2756 2665 μὴδύνασθαι
2791 2590 3034 2644 ἀτενίσαι
3054 2589 3180 2651 τοὺς
3209 2587 3360 2650 υἱοὺς
3398 2583 3610 2657 Ἰσραὴλ
3631 2585 3695 2644 είς
3713 2579 3759 2632 οδ

542 2683 876 2738 ministratio
906 2681 1120 2746 mortis,
1161 2680 1216 2734 in
1249 2679 1453 2737 litteris
1497 2679 1801 2734 deformata
1849 2681 1903 2734 in
1953 2681 2111 2746 saxis,

2223 2685 2513 2758 πρόσωπον
2543 2684 2824 2748 Μωῦσέως
2856 2682 2944 2736 διὰ
2965 2681 3063 2752 τὴν
3093 2678 3250 2746 δόξαν
3276 2676 3370 2731 τοῦ
3402 2675 3674 2748 προσώπων
3691 2671 3760 2727 αὑ-

509 2775 646 2830 ’ῒυὶι
673 2776 725 2830 in
754 2774 950 2845 gloria,
985 2774 1122 2828 adeo
1153 2780 1210 2827 ut
1255 2786 1364 2826 non
1394 2781 1641 2841 possent
1693 2771 1976 2826 intendere
2029 2771 2078 2824 [il

2222 2777 2316 2834 τοῦ
2348 2779 2447 2850 τὴν
2481 2775 2956 2849 καταργουμένην,
2992 2773 3110 2838 πῶς
3156 2771 3278 2843 οὐχὶ
3329 2771 3530 2843 μᾶλλον
3562 2769 3592 2840 ἡ
3620 2767 3763 2821 διακο-

528 2865 713 2921 .lsrael
741 2866 793 2920 in
823 2864 1014 2919 faciem
1039 2862 1260 2935 Moysis,
1290 2861 1766 2933 pr0pter.gloriam
1787 2861 1966 2916 vultus
1982 2860 2097 2932 ejus

2223 2872 2312 2926 νία
2334 2870 2428 2925 τοῦ
2459 2869 2772 2942 Πνεύματος
2801 2869 2953 2924 ἔσται
2974 2869 3032 2921 ὲν
3050 2867 3208 2940 δόξῃ;
3237 2867 3299 2920 Ei
3330 2864 3440 2938 γὰρ
3464 2866 3534 2939 τῇ
3561 2858 3763 2930 διακονίᾳ

502 2988 514 3002 π.
541 2974 663 3028 quae
695 2957 960 3021 aboletur,
993 2970 1226 3010 curnon
1253 2955 1434 3024 potius
1455 2953 1856 3009 administratio
1885 2953 2071 3023 Spiritt

2223 2964 2325 3034 τῆς
2356 2963 2732 3034 κατακρίσεως
2785 2960 2934 3028 δόξα,
2982 2959 3158 3030 πολλῷ
3186 2958 3386 3030 μᾶλλον
3429 2949 3761 3030 περισσεῦειὴ

510 3048 649 3104 ~erit
705 3048 758 3102 in
814 3046 1034 3118 gloria?
1071 3044 1216 3115 ,Nam
1263 3044 1307 3100 si
1355 3043 1760 3099 administratio
1791 3046 2079 3102 condemns

2221 3054 2463 3109 διακονία
2489 3054 2590 3124 τῆς
2617 3052 2964 3124 δικαιοσύνης
2989 3054 3046 3106 ὲν
3071 3051 3198 3124 δόξῃ
3218 3068 3232 3081 ·
3262 3050 3482 3120 καὶγὰρ
3513 3049 3572 3118 οὐ
3595 3044 3764 3109 δεδόξα-

543 3141 707 3195 tionis
735 3139 902 3208 gloria
936 3147 1042 3203 est,
1069 3138 1238 3192 multo
1269 3135 1441 3206 magis
1472 3136 1693 3191 excellit
1716 3138 2112 3194 administratio

2229 3163 2350 3200 σται
2375 3145 2435 3198 τὸ
2470 3144 2854 3216 δεδοξασμένον
2900 3145 2958 3197 ὲν
2987 3142 3162 3214 τούτῳ
3188 3142 3266 3214 τῷ
3303 3141 3460 3213 μέρει
3488 3142 3658 3193 ἕνεκεν
3684 3135 3763 3204 τῆς

539 3233 767 3302 iustitiae
815 3233 866 3287 in
897 3230 1108 3302 gloria:
1145 3226 1584 3298 quandoquidem
1638 3243 1706 3284 ne
1756 3229 2108 3297 gloriﬁcatqu

2223 3234 2666 3307 ὑπερϐαλλούσης
2711 3233 2902 3306 δόξηςο
2935 3234 2983 3287 εί
3015 3234 3124 3304 γὰρ
3161 3233 3220 3286 τὸ
3252 3230 3674 3303 καταργούμενον
3696 3225 3763 3278 διὰ

541 3327 759 3396 quidem
789 3335 893 3390 est,
925 3321 1066 3392 quod
1097 3319 1290 3375 claruit
1321 3320 1374 3371 in
1403 3317 1505 3372 hac
1528 3329 1703 3389 parte,
1730 3330 1953 3392 propter
1984 3322 2110 3377 emi.

2225 3327 2405 3398 δόξης,
2441 3325 2620 3397 πολλῷ
2653 3325 2852 3396 μᾶλλον
2883 3325 2945 3378 τὸ
2988 3318 3166 3396 μένον
3193 3325 3250 3378 ὲν
3281 3323 3409 3397 δόξῃ
3435 3340 3449 3352 ·
3481 3343 3502 3374 ›
3537 3323 3656 3375 ὅπου
3685 3316 3757 3370 δέ·

534 3427 758 3472 .nentem
787 3415 1016 3486 gloriam
1047 3429 1060 3466 :
1105 3412 1150 3468 si
1185 3411 1332 3467 enim
1367 3411 1510 3481 quod
1547 3410 1819 3478 aboletur,
1863 3412 1918 3466 in
1947 3411 2103 3482 glori:

2227 3437 2246 3471 ι
2269 3420 2458 3490 Ἡμεῖς
2503 3419 2559 3472 δὲ
2591 3418 2812 3482 πάντες,
2845 3417 3351 3488 ἀνακεκαλυμμένῳ
3397 3413 3661 3486 προσώπῳ
3686 3409 3761 3480 τὴν

513 3509 665 3575 Jnit,
718 3506 890 3561 multo
936 3505 1109 3576 magis
1137 3504 1189 3558 id
1213 3503 1359 3574 quod
1399 3513 1606 3569 manet,
1655 3503 1822 3557 estin
1868 3504 2060 3574 gloria.

2219 3509 2377 3578 δόξαν
2403 3510 2608 3582 Κυρίου
2633 3509 3138 3581 κατοπτριζόμενοι,
3168 3507 3267 3578 τὴν
3296 3507 3468 3578 αὐτὴν
3498 3505 3666 3558 είκόνα
3687 3516 3763 3572 με·

535 3601 682 3655 Alibi
715 3614 844 3653 vero
868 3598 952 3652 "z
988 3615 1007 3650 ι
1045 3600 1116 3652 At
1144 3613 1241 3653 nos
1269 3612 1461 3654 omnes
1488 3604 1690 3650 retecta
1721 3596 1858 3651 facie
1888 3597 2104 3668 glorian‘

2219 3601 2646 3674 ταμορφούμεθα
2693 3601 2803 3654 ἀπὸ
2848 3600 3006 3672 δόξης
3055 3601 3136 3662 είς
3180 3597 3358 3665 δόξαν,
3413 3597 3652 3666 καθάπερ
3678 3590 3760 3645 ἀπὺ

517 3691 754 3745 Domini
782 3693 834 3744 in
865 3689 1086 3762 Speculo
1114 3697 1583 3760 repraesentantes,
1613 3689 1680 3742 ad
1709 3687 1956 3742 eamdem
1988 3687 2086 3742 ima

2219 3695 2428 3766 Κυρίου
2460 3693 2778 3764 Πνεύματος
2797 3709 2811 3724 ’
2839 3711 2857 3743 ι
2905 3692 2999 3745 καὶ
3031 3691 3192 3745 πάλιν
3227 3690 3345 3761 μετ’
3377 3687 3535 3757 ὀλίγα
3557 3705 3570 3717 ο
3609 3705 3626 3737 ι
3646 3685 3697 3738 Εἰ
3717 3682 3760 3734 δὲ

515 3784 720 3850 ,εἰιιοιη
756 3781 1209 3836 transformamur
1240 3795 1269 3833 a
1299 3779 1472 3848 gloria
1502 3779 1554 3833 in
1585 3779 1837 3846 gloriam,
1861 3787 2084 3847 tanqnar

2218 3786 2312 3838 καὶ
2342 3784 2458 3838 ἔστι
2480 3784 2894 3856 κεκαλυμμένον
2936 3783 2997 3836 τὸ
3034 3783 3363 3851 Εὐαγγέλιον
3395 3781 3570 3853 ἡμῶν,
3599 3781 3650 3832 ὲν
3675 3777 3760 3836 τοῖς

521 3888 572 3924 .a
603 3872 812 3926 Domini
831 3871 1456 3940 SpirituJRursumque
1481 3877 1602 3938 post
1619 3883 1792 3938 pauca
1815 3868 1894 3922 τις
1921 3887 1939 3919 ι
1965 3867 2090 3934 Quo.

2217 3875 2607 3948 ἀπολλυμένοις
2652 3877 2768 3930 ἐστὶ
2799 3875 3210 3947 κεκαλυμμένον
3230 3891 3244 3905 ⁸
3279 3877 3339 3928 ὲν
3376 3871 3458 3939 οἷς
3488 3874 3517 3926 ὁ
3543 3872 3661 3934 Θεὸς
3685 3865 3757 3921 τοῦ

513 3967 585 4018 -si
617 3965 793 4017 adhuc
819 3963 1056 4016 velatum
1086 3971 1170 4017 est
1200 3961 1552 4032 Evangelium
1589 3969 1833 4016 nostrum
1867 3978 1882 4015 :
1926 3961 1979 4015 in
2034 3961 2082 4016 Iti

2218 3965 2412 4031 αίῶνος
2455 3966 2645 4020 τούτου
2695 3967 2973 4036 ἐτύφλωσε
3012 3967 3080 4022 τὰ
3107 3968 3356 4038 νοήματα
3399 3965 3508 4019 τῶν
3535 3963 3755 4020 ἀπίστων

525 4055 780 4108 «velatum
813 4061 894 4106 est
925 4053 1015 4121 qui
1049 4061 1315 4121 pereunt:
1349 4053 1400 4106 in
1427 4052 1628 4121 quibus
1651 4052 1799 4106 Deus
1823 4050 1981 4119 hujus
2015 4066 2094 4107 sa}

2216 4056 2296 4120 είς
2324 4057 2384 4110 τὸ
2420 4057 2493 4128 μὴ
2528 4059 2870 4128 καταυγάσαι
2916 4058 3006 4112 τὸν
3038 4056 3315 4128 φωτισμὸν
3344 4057 3438 4110 τοῦ
3469 4048 3756 4122 Εὑαγτελίου

511 4145 650 4199 τ-οιιιὶ
690 4143 981 4199 εχειεοιιινίι
1011 4157 1204 4198 sensus
1232 4143 1658 4207 iucrcdulorum,
1689 4158 1755 4198 ne
1784 4143 2080 4199 illucescerc

2215 4147 2315 4217 τῆς
2341 4146 2500 4219 δόξης
2541 4149 2635 4202 τοῦ
2680 4149 2941 4221 Χριστοῦ,
2986 4150 3045 4214 ὃς
3078 4152 3225 4202 ἐστιν
3250 4148 3413 4202 είκὼν
3451 4147 3543 4201 τοῦ
3571 4143 3750 4198 Θεοῦί

515 4238 652 4292 .illis
695 4234 1024 4290 illuminatio
1054 4232 1334 4302 Evangelii
1376 4233 1559 4303 gloriaa
1608 4232 1835 4300 Christi,
1891 4236 1982 4304 qui
2030 4248 2084 4290 es

2215 4243 2310 4297 καὶ
2343 4242 2504 4296 πάλιν
2538 4242 2656 4313 μετ’
2683 4241 2838 4310 ὀλίγα
2856 4259 2869 4271 ·
2911 4259 2931 4293 ι
2964 4241 3083 4295 ’Ότι
3115 4243 3144 4295 ό
3171 4241 3304 4304 Θεὸς
3328 4241 3358 4292 ό
3384 4239 3550 4293 είπὼν
3578 4240 3634 4291 ἐκ
3660 4233 3756 4289 σκό-

543 4330 721 4397 imago
754 4325 879 4391 Dei;
907 4343 928 4378 ι
966 4332 1020 4379 et
1061 4323 1260 4378 iterum
1307 4332 1430 4392 post
1464 4337 1630 4393 pauca
1656 4323 1744 4376 πε
1795 4341 1814 4374 ι
1852 4323 2111 4391 Quoniam

2213 4348 2340 4395 τους
2370 4330 2489 4400 φῶς
2519 4329 2750 4402 λάμψαι,
2784 4331 2843 4394 ὃς
2875 4329 3114 4401 ἔλαμψεν
3137 4330 3196 4383 ὲν
3223 4331 3342 4392 ταῖς
3363 4329 3604 4402 καρδίαις
3629 4322 3754 4396 ἡμῶν

520 4420 709 4483 .Deus,
760 4417 848 4486 qui
893 4415 1053 4485 jussit
1081 4429 1110 4470 e
1140 4415 1377 4470 tenebris
1408 4413 1576 4468 lucem
1610 4413 1945 4480 illucescere,
2002 4415 2089 4484 ipsi

2184 4419 2191 4454 ⁵
2221 4423 2358 4495 πρὸς
2392 4423 2672 4494 φωτισμὸν
2699 4423 2798 4493 τῆς
2823 4422 3079 4493 γνώσεως
3106 4422 3204 4494 τῆς
3231 4420 3390 4493 δόξης
3423 4421 3515 4475 τοῦ
3545 4416 3683 4480 Θεοῦ,
3709 4416 3753 4467 ὲν

523 4512 760 4566 'lnxit'in
795 4509 1050 4565 cordibus
1094 4510 1295 4563 nostris
1323 4510 1388 4561 ad
1432 4505 1888 4561 illuminatiouem
1930 4506 2086 4577 cogni

2221 4512 2498 4586 προσώπῳ
2542 4512 2714 4586 Ἰησοῦ
2765 4513 3022 4585 Χριστοῦ.
3047 4533 3066 4567 ι
3139 4514 3412 4567 Ἕκαστον
3478 4513 3532 4567 δὲ
3584 4507 3752 4563 τούτων

547 4607 707 4661 tionis
733 4604 921 4674 gloriae
965 4602 1082 4669 Dei,
1109 4601 1182 4655 .iu
1223 4599 1365 4656 facie
1401 4598 1530 4654 Jesu
1563 4596 1822 4653 Christi.)
1877 4596 2114 4663 Quorum

2220 4606 2461 4678 ἀκριϐῶς
2483 4606 2580 4678 νῦν
2626 4607 2988 4680 διηγήσασθαι
3019 4607 3118 4660 οὐκ
3146 4609 3370 4661 ἁπαιτεῖ
3400 4608 3434 4678 ἡ
3462 4600 3747 4676 προκειμένη

537 4697 755 4767 singula
793 4693 1040 4765 quamvis
1077 4701 1330 4748 accurate
1366 4704 1510 4746 nunc
1552 4704 1814 4746 enarrare
1853 4704 1960 4746 non
2019 4704 2106 4760 po-

2223 4699 2319 4768 τῆς
2347 4695 2709 4768 εὐαΠελικῆς
2746 4697 2946 4764 λέξεως
2969 4698 3254 4768 διήγησιςο
3285 4696 3426 4769 πλὴν
3451 4696 3522 4761 ὡς
3549 4693 3625 4747 διὰ
3643 4690 3751 4761 βρα-

533 4787 704 4843 stulet
743 4783 1016 4856 proposita
1045 4782 1318 4838 enarratio
1363 4791 1542 4837 textus
1567 4781 1885 4852 evangelici,
1932 4790 2102 4836 tamen

2220 4788 2359 4860 χέων
2384 4787 2608 4842 τοιαῦτα
2654 4787 2906 4843 λεκτέον-⁸
2958 4791 3120 4844 Ὅσον
3144 4788 3250 4860 μὲν
3282 4789 3425 4842 κατὰ
3460 4788 3518 4841 τὸ
3545 4796 3747 4854 σωματι-

545 4880 728 4948 paucis
756 4878 872 4932 haec
901 4876 1126 4932 dicenda
1156 4881 1306 4929 sunt.
1338 4871 1609 4940 Quantum
1637 4875 1703 4929 ad
1747 4888 1966 4929 sensum
2014 4873 2113 4927 bu-

2219 4881 2314 4934 κὸν
2342 4880 2586 4952 θειοτέρα
2607 4899 2692 4944 τις
2716 4881 2937 4950 γέγονεν
2966 4880 3256 4949 έπιςάνεια
3287 4881 3348 4932 ὲν
3383 4883 3449 4951 τῇ
3479 4876 3650 4948 σκηνῇ,
3674 4869 3745 4925 καὶ

546 4967 724 5022 milem
753 4976 808 5022 et
833 4966 1169 5037 corporalem
1198 4966 1411 5028 attinet,
1445 4964 1676 5019 divinior
1711 4965 1959 5033 quaedam
1994 4979 2112 5019 ma-

2219 4974 2278 5027 ὲν
2319 4973 2398 5044 τῷ
2424 4971 2537 5044 ναῷ
2568 4971 2980 5035 συντελεσθεῖσι,
3025 4973 3120 5025 καὶ
3143 4974 3200 5026 ὲν
3228 4970 3307 5042 τῷ
3332 4971 3592 5044 προσώπῳ
3609 4965 3745 5020 Mair

546 5060 823 5116 nifestatio
853 5061 904 5114 in
935 5061 1190 5127 tentorio,
1234 5069 1288 5114 et
1335 5059 1388 5112 in
1433 5057 1632 5126 templo
1669 5057 1940 5126 completo
1965 5056 2109 5111 facta

2221 5061 2356 5126 σέως
2383 5065 2448 5134 τῇ
2495 5063 2614 5134 θείᾳ
2643 5061 2801 5132 φύσει
2847 5062 3210 5133 ὁμιλήσαντος
3231 5079 3245 5092 ·
3293 5062 3417 5114 ὅσον
3443 5061 3498 5120 δὲ
3521 5055 3644 5112 κη’-ὲ
3667 5051 3745 5121 τὴν

545 5154 670 5219 fuit,
693 5164 748 5208 et
774 5154 829 5210 in
855 5153 993 5209 facie
1027 5151 1248 5222 Moysis,
1274 5151 1511 5220 quicum
1537 5150 1718 5204 divina
1751 5158 1941 5203 natura
1980 5164 2112 5204 con-

2217 5154 2505 5225 ὰναγωγὴν
2533 5153 2602 5207 τὰ
2651 5155 2778 5226 περὶ
2806 5153 2940 5206 Θεοῦ
2989 5153 3233 5226 ἀκριϐῶς
3270 5154 3640 5222 γινωσκόμενα,
3667 5141 3745 5196 καὶ

545 5256 795 5299 versatus
824 5244 1032 5309 fuerat,
1065 5251 1327 5312 quantum
1361 5257 1490 5297 vero
1519 5241 1586 5296 ad
1611 5254 1912 5308 auagogen,
1941 5248 1995 5294 et
2031 5238 2112 5292 al-

2217 5242 2293 5313 τῷ
2323 5243 2615 5315 ἐπιτηδείῳ
2646 5243 2703 5297 δὲ
2727 5243 3028 5316 ὑπερϐολὴν
3056 5245 3424 5317 καθαρότητος
3457 5245 3520 5315 νῷ
3547 5234 3745 5310 θεωροὺ-

543 5335 736 5389 tiorem
761 5334 1192 5403 intelligentiam,
1221 5347 1283 5388 ea
1307 5348 1425 5403 qua:
1449 5334 1512 5388 de
1537 5333 1644 5388 Deo
1669 5341 1918 5387 accurate
1948 5346 2112 5402 agno-

2223 5351 2378 5403 μενα,
2411 5335 2538 5400 δόξα
2563 5335 2629 5389 ἂν
2649 5337 2862 5406 λέγοιτο
2888 5335 3026 5392 εἶναι
3059 5337 3192 5392 Θεοῦ
3213 5339 3460 5408 ὀφθεῖσα·
3493 5333 3597 5390 ἐπεὶ
3615 5335 3640 5386 ό
3663 5346 3742 5383 κε-

615 5471 858 5553 "‘_Exod.
891 5471 1231 5553 xt_..,3§.‘
1293 5470 1586 5553 ":_lll_ng.
1627 5487 1759 5553 rm,
1783 5470 1868 5553 ιο,
1901 5471 1984 5553 ll:
2013 5469 2304 5553 __T°_E§od.
2341 5493 2526 5544 xxxiv,
2557 5477 2659 5544 29,
2688 5477 2776 5532 '50.
2851 5478 2895 5510 '“
2920 5477 3052 5533 Luc.
3084 5495 3158 5548 Ix,
3182 5476 3273 5546 29,
3305 5492 3418 5548 seq.
3506 5475 3544 5504 ⁷¹
3571 5471 3607 5525 ΙΙ
3633 5466 3738 5524 (ἔστι

543 5555 626 5603 ιιι,
659 5541 710 5605 7',
739 5557 859 5610 seq.
935 5541 980 5573 ⁷³
1003 5542 1133 5597 ibid.
1165 5543 1254 5600 18.
1332 5543 1376 5574 ⁷⁵
1411 5542 1451 5596 Il
1481 5541 1603 5598 Cur.
1630 5557 1703 5606 Iv,
1731 5543 1782 5606 5,
1941 5541 1984 5571 ⁷⁸
2013 5541 2140 5594 ibid.
2179 5543 2230 5596 6.
2275 5621 2285 5632 .

615 5652 727 5723 ('50)
765 5652 1213 5724 VulgataGrmca,
1241 5657 1458 5729 atque)
1492 5642 1841 5726 λειτουργεῖν.
