3974 6206
536 311 640 368 διο

1979 323 2300 379 ORICENIS
3649 335 3733 384 διο

535 428 904 494 cognitionem
953 437 1006 481 et
1061 431 1144 482 sui
1187 433 1728 499 contemplationem,
1775 451 1895 504 quae
1934 436 2103 506 major

2207 455 2342 505 γειν,
2374 438 2455 490 ὅτι
2505 438 2852 508 εὐφραίνεται
2882 437 3085 504 ἀςατόν
3116 453 3235 489 τινα
3282 435 3637 509 εὐαρέστησιν,
3665 445 3736 498 καὶ

532 529 618 574 eat
653 519 1110 585 contemplatione
1131 535 1251 589 qua:
1280 533 1366 577 est
1391 523 1442 576 in
1470 523 1608 580 Filio
1629 565 1644 589 ,
1676 536 1734 580 ut
1759 526 1824 580 de
1873 525 1978 581 Deo
2016 536 2099 580 ta—

522 597 607 665 lia
630 611 936 679 intelligere
965 626 1064 681 par
1089 623 1210 668 est:
1245 615 1532 672 dicendum
1571 628 1653 674 est
1694 620 1942 690 perfundi
1973 637 2097 678 cum

532 701 792 755 ineffabili
827 701 1058 770 quadam
1082 703 1462 773 delectatione,
1491 719 1544 764 ct
1574 711 1781 780 latitia,
1805 723 1859 767 et
1882 714 2097 784 gaudio,

530 793 586 845 in
622 805 683 845 se
711 792 829 860 ipso
860 793 963 848 sibi
991 796 1207 864 placens
1235 806 1286 851 et
1315 800 1575 868 gaudens.
1602 802 1808 868 Quibus
1831 805 2101 861 vocabulis

531 897 633 952 ego
667 883 885 952 quidem
917 895 1042 942 utor
1073 904 1180 944 nou
1215 900 1469 960 tanquam
1523 894 1741 962 proprie
1773 895 2099 950 convenien-

535 973 679 1027 tibus
708 973 838 1040 Deo,
870 977 963 1032 sed
1000 978 1216 1050 indigus
1266 979 1650 1049 lndiclbilimn,
1693 995 1751 1040 ut
1786 985 1856 1040 ila
1889 985 2098 1056 loquar,

535 1063 848 1134 verborum,
879 1083 999 1135 qua:
1023 1070 1172 1124 solus
1201 1071 1334 1140 ipse,
1359 1081 1412 1127 ct
1441 1073 1754 1145 Unigenitus
1781 1075 1950 1132 Filius
1986 1075 2102 1147 eius

534 1169 659 1210 cum
689 1155 804 1226 ipso
830 1160 1042 1228 propria
1071 1160 1342 1218 locutione
1367 1165 1516 1219 εαξη-ἱ
1551 1176 1726 1236 potest
1752 1168 1833 1222 vel
1863 1168 2104 1238 cogitare

529 1250 601 1305 de
635 1265 719 1305 eo.
743 1249 908 1323 450
930 1252 1196 1308 Caeterum
1233 1257 1488 1324 quoniam
1538 1257 1589 1311 in
1621 1259 1762 1312 hunc
1787 1257 1962 1313 locum
2011 1259 2104 1314 de-

533 1340 806 1406 venimus,
835 1341 924 1397 ubi
968 1343 1113 1400 Deus
1141 1360 1241 1414 per
1283 1345 1558 1402 Christum
1598 1349 1956 1417 gloriﬁcatur,
2005 1365 2102 1420 ap-

534 1434 708 1500 posite
743 1450 1046 1502 qumremus
1079 1437 1346 1506 quomodo
1361 1441 1522 1494 etiam
1563 1457 1658 1512 per
1693 1442 1953 1512 Spiritum
1979 1458 2102 1496 san-

531 1535 678 1577 etum
711 1525 1067 1596 glorilicctur,
1103 1535 1154 1580 et
1187 1543 1284 1596 per
1320 1545 1510 1585 omnes
1539 1548 1566 1584 a
1593 1533 1788 1601 quibus
1815 1543 2103 1602 conspecta

533 1615 696 1671 fuerit
740 1617 823 1671 vel
871 1619 1244 1686 conspiciatur
1272 1623 1441 1693 gloria
1480 1624 1711 1680 Domini.
1740 1625 1916 1694 Atque
1951 1627 2102 1680 arbi-

532 1717 649 1762 trur
677 1723 777 1778 ego
811 1711 1029 1773 quidem
1062 1711 1227 1765 totius
1260 1713 1445 1781 gloriae
1479 1713 1570 1769 Dei
1604 1713 1946 1784 splendorem
1986 1731 2104 1771 esse

2206 529 2561 600 εὐφροσύνην,
2598 529 2692 582 καὶ
2739 527 2934 598 χαρὰν,
2983 527 3068 596 ἐφ’
3101 526 3278 598 ἐαυτῷ
3307 528 3736 601 εὐαρεστούμενος,

2207 619 2299 671 καὶ
2336 618 2426 688 χαί
2435 635 2559 690 ρων.
2597 617 2829 690 Χρῶμαι
2853 617 2907 670 δὲ
2936 615 3142 681 τούτοις
3169 617 3426 688 ὀνόμασιν
3461 621 3554 690 οὐχ
3579 623 3644 686 ὡς
3669 643 3737 679 κν.

2210 709 2340 783 ρίως
2387 711 2453 764 ἂν
2481 709 2897 782 λεχθησομένοις
2924 711 3016 762 ἐπὶ
3045 708 3199 773 Θεοῦ,
3246 709 3384 764 ἀλλά
3408 711 3615 784 ἀπορῶν
3639 717 3735 784 τῶν,

2213 803 2278 854 ἶν’
2311 801 2483 866 οὐτως
2510 801 2780 873 ὀνομάσω,
2824 801 3078 872 ἀρρήτων
3113 800 3395 872 ῥημάτων,
3429 799 3465 855 ἃ
3495 801 3639 873 μόνος
3665 807 3738 861 αὐ-

2207 893 2299 958 τὸς
2324 895 2566 958 δύναται,
2619 893 2714 948 καὶ
2743 895 2859 964 μετ’
2891 891 3051 945 αὐτὸν
3085 893 3192 964 (58)
3227 894 3256 946 6
3281 893 3583 965 Μονογενὴς
3613 897 3739 949 αὐτοῦ

2207 987 2265 1040 ὲν
2293 982 2458 1055 κυρίᾳ
2505 983 2644 1050 λέξει
2676 983 2875 1052 λέγειν,
2924 981 2958 1052 ἢ
2988 985 3202 1054 φρονεῖν
3229 983 3358 1052 περὶ
3398 983 3580 1038 αὐτοῦ.
3623 985 3742 1040 Ἐπεὶ

2205 1073 2262 1128 δὲ
2292 1077 2348 1128 ὲν
2387 1073 2465 1144 τῷ
2492 1076 2639 1143 τόπῳ
2664 1074 2966 1144 γεγόναμεν
2992 1071 3084 1126 τοῦ
3112 1071 3203 1125 τὸν
3231 1072 3364 1127 Θεὸν
3388 1073 3679 1140 δοξάζεσθαι
3696 1075 3742 1128 ἐν

2207 1164 2445 1234 Χριστῷ,
2469 1162 2887 1234 παρακειμένως
2917 1161 2985 1215 ἂν
3007 1163 3340 1235 ζητήσαιμεν
3373 1161 3492 1226 πῶς
3517 1159 3742 1228 δοξάζοιτο

2207 1257 2302 1308 καὶ
2344 1257 2401 1310 ὲν
2439 1255 2516 1326 τῷ
2560 1253 2698 1326 ἁγίῳ
2731 1253 3029 1325 Πνεύματι,
3077 1255 3172 1308 καὶ
3206 1255 3263 1308 ἐν
3305 1255 3472 1308 πᾶσιν
3507 1249 3584 1318 οἷς
3621 1253 3740 1329 ὢςθη

2204 1345 2328 1413 δόξα
2367 1343 2594 1416 Κυρίου,
2635 1344 2670 1415 ἢ
2710 1345 3022 1418 ὀφθήσεται.
3065 1343 3231 1420 Ὀλης
3259 1346 3360 1417 μὲν
3384 1341 3477 1402 οὖν
3506 1342 3744 1418 οἶμαιτῆς

2203 1437 2361 1509 δόξης
2385 1437 2475 1491 τοῦ
2505 1435 2639 1490 Θεοῦ
2666 1437 2828 1491 αὐτοῦ
2857 1436 3198 1509 ἀπαύγασμα
3227 1432 3366 1491 εἶναι
3390 1439 3480 1491 τὸν
3511 1437 3644 1505 Υἱὸν,
3668 1457 3745 1491 κα-

2209 1529 2278 1582 τά
2325 1529 2416 1583 τὸν
2465 1529 2684 1582 εἰπόντα
2721 1527 2962 1582 Παῦλονσ
3021 1547 3039 1578 ι
3074 1531 3170 1591 ὐς
3199 1525 3276 1581 ὣν
3321 1528 3643 1599 ἀπαύγασμα
3665 1529 3744 1601 τῆς

2205 1616 2392 1688 δόξης·
2420 1636 2438 1668 ι
2490 1615 2714 1688 φθάνειν
2765 1616 3007 1688 μέντοιγε
3059 1613 3166 1669 ἀπὸ
3214 1616 3312 1670 τοῦ
3355 1617 3748 1689 ἀπαυγάσματος

2207 1711 2395 1762 τούτου
2426 1707 2527 1778 τῆς
2559 1707 2685 1778 ὅλης
2717 1707 2872 1777 δόξης
2904 1706 3105 1778 μερικὰ
3131 1707 3537 1778 ἀπαυγάσματα
3563 1709 3642 1761 ἐπὶ
3666 1710 3748 1781 τὴν

532 1800 751 1866 Filium,
784 1813 891 1856 uta
916 1803 1084 1858 Paulo
1106 1804 1359 1858 Iraditum
1385 1813 1490 1872 est,
1515 1781 1730 1861 dicente
1756 1831 1768 1864 :
1805 1829 1822 1859 ι
1854 1808 2101 1875 Quicum

2207 1800 2400 1870 λοιπὴν
2442 1799 2667 1872 λογικὴν
2701 1801 2906 1852 κτίσιν·
2963 1797 3062 1852 οὐκ
3088 1795 3241 1870 οἶμαι
3268 1799 3379 1871 γάρ
3414 1815 3531 1854 τινα
3572 1801 3625 1854 τὸ
3656 1801 3745 1854 πᾶν

533 1895 599 1944 sit
618 1894 874 1960 splendor
893 1895 1161 1964 glorite";
1200 1915 1217 1946 ι
1245 1898 1527 1966 pervenire
1551 1907 1727 1950 tamen
1753 1898 2108 1966 particularcs

537 1987 854 2052 splendores
875 1989 940 2040 ab
961 1989 1060 2043 hoc
1077 1991 1360 2058 splendore
1378 1989 1542 2043 totius
1563 1989 1744 2058 gloriae
1761 1990 1826 2043 ad
1841 1990 2097 2058 reliquam

535 2087 782 2131 naturam
805 2090 876 2132 ra:
890 2080 1025 2134 ionis
1043 2081 1538 2150 capacetn.Alioqui
1562 2095 1664 2133 non
1683 2079 1919 2134 arbitror
1935 2082 2104 2150 perci-

533 2182 662 2234 pere
685 2169 918 2237 aliquem
949 2187 1106 2238 posse
1125 2185 1345 2226 omnem
1362 2171 1704 2240 splendorem
1727 2171 1893 2224 totius
1921 2171 2106 2238 gloriae

537 2257 651 2326 Dei,
670 2260 768 2313 nisi
788 2259 978 2316 Filium
999 2261 1112 2316 Dei.
1129 2263 1277 2318 Nunc
1292 2272 1468 2316 autem
1485 2262 1696 2329 quando
1714 2263 2038 2325 oeconomia,
2053 2274 2106 2317 et

532 2353 850 2422 mysterium
899 2354 1168 2422 passionis
1210 2355 1328 2408 Filii
1369 2355 1603 2410 hominis
1629 2371 1728 2424 pro
1765 2355 2016 2409 oumibus
2046 2355 2104 2408 ﬁt

535 2459 649 2498 non
683 2445 802 2499 sine
830 2445 962 2509 Deo,
991 2446 1008 2518 (
1043 2467 1060 2498 ι
1085 2447 1260 2514 Quam
1291 2448 1362 2501 ob
1388 2463 1604 2501 causam
1640 2445 1777 2501 Deus
1824 2447 1974 2500 illum
2019 2463 2105 2501 su-

536 2535 895 2601 perexaltavit
933 2527 1019 2612 ⁷³)
1066 2538 1404 2608 glorificatus
1453 2548 1555 2602 est,
1608 2540 1780 2608 inquit
1813 2539 1880 2605 ‘°,
1935 2537 2106 2593 Filius

535 2628 858 2689 heminis,»
918 2645 1024 2683 non
1088 2629 1280 2693 solus,
1327 2646 1347 2680 ι
1383 2628 1524 2684 Deus
1581 2631 1724 2683 enim
1779 2643 1876 2698 per
1929 2630 2102 2698 ipsum

532 2719 698 2772 etiam
727 2719 1070 2787 gloriﬁcatus
1096 2729 1201 2775 est.
1224 2739 1244 2773 ι
1273 2722 1350 2774 Ad
1377 2720 1534 2787 hujus
1566 2721 1663 2774 loci
1697 2721 2102 2775 similitudinem

527 2823 803 2873 exponere
831 2811 956 2878 quis
980 2814 1174 2881 poterit
1200 2811 1332 2866 illud
1360 2829 1372 2868 :
1411 2830 1429 2864 ι
1460 2811 1626 2867 Nemo
1647 2814 1863 2882 agnovit
1887 2812 2098 2876 Filium,

535 2901 638 2952 nisi
671 2901 829 2954 Pater
851 2903 918 2968 ⁸¹;
949 2923 968 2954 ι
997 2914 1049 2957 et
1073 2905 1244 2958 illud:
1272 2926 1289 2956 ι
1316 2903 1513 2960 Beatus
1536 2921 1614 2968 cs,
1643 2905 1828 2958 Simon
1851 2903 2099 2972 Barjona,

534 2991 660 3052 quia
692 3008 844 3056 caro,
877 3003 930 3046 et
959 2997 1178 3062 sanguis
1218 3011 1324 3050 non
1357 2995 1615 3052 ret-elavit
1656 2995 1773 3057 tibi,
1823 2997 1913 3048 sed
1941 2994 2104 3049 Pater

534 3096 688 3134 meus
721 3083 812 3150 qui
851 3083 902 3136 in
954 3084 1108 3138 cwlis
1139 3095 1222 3139 est
1247 3087 1313 3142 ε’.
1348 3107 1366 3138 ι
1424 3088 1702 3153 Quatenus
1738 3087 1883 3139 enim
1931 3085 2102 3140 Filius

2206 1888 2461 1943 δύνασθαι
2494 1890 2738 1961 χωρῆσαι
2765 1887 2866 1959 τῆς
2906 1889 3034 1959 ὅλης
3064 1887 3225 1960 δόξης
3253 1887 3350 1942 τοῦ
3387 1888 3523 1942 Θεοῦ
3545 1887 3747 1957 mm.

2209 1996 2342 2050 σμα,
2372 1979 2405 2050 ἢ
2433 1980 2526 2032 τὸν
2557 1979 2684 2033 Υἰὸν
2711 1980 2873 2034 αὐτοῦ
2907 1979 3038 2052 (59).
3065 1979 3180 2032 Νῦν
3201 1975 3316 2042 οῦν,
3340 1981 3428 2033 ὅτε
3455 1982 3485 2052 ἡ
3508 1981 3747 2050 οἰκονομία

2205 2070 2296 2124 τοῦ
2331 2071 2472 2143 ὑπὲρ
2518 2074 2732 2124 πάντων
2762 2071 2966 2134 πάθους
2996 2071 3108 2143 (40)
3162 2071 3256 2125 τοῦ
3285 2071 3417 2125 Υίοῦ
3447 2069 3537 2124 τοῦ

2205 2180 2306 2215 που
2328 2164 2533 2231 γίνεται
2553 2163 2612 2217 οὐ
2645 2164 2812 2235 χωρὶς
2844 2163 3000 2227 Θεοῦ,
3034 2164 3079 2234 (t
3105 2164 3196 2216 Διὸ
3226 2165 3254 2217 6
3283 2164 3414 2228 Θεὸς
3438 2164 3592 2220 αὐτὸν
3617 2165 3749 2235 61:9-

2210 2254 2450 2323 ύψωσεν,
2471 2255 2514 2324 ι)
2536 2275 2552 2305 ι
2574 2253 2853 2325 ἐδοξάσθη,
2869 2275 2886 2304 ι
2909 2257 3124 2324 eno-iv“
3145 2257 3176 2307 6
3195 2255 3322 2320 Υἱὸς
3333 2255 3428 2308 τοῦ
3440 2253 3744 2328 ἀνθρώπον,ι

2208 2348 2268 2399 οὐ
2307 2346 2494 2416 μόνος·
2538 2365 2556 2397 ι
2584 2347 2678 2399 καὶ
2708 2347 2738 2398 6
2758 2346 2889 2409 Θεὸς
2916 2345 3177 2417 ἐδοξάσθη
3207 2349 3268 2400 ὲν
3297 2347 3464 2418 αὐτῷ.
3490 2366 3508 2399 ι
3543 2347 3649 2400 Καὶ
3673 2345 3750 2400 οδ-

2203 2452 2310 2500 τως
2337 2436 2384 2490 δ’
2410 2436 2476 2492 ἂν
2505 2438 2572 2491 τά
2605 2437 2744 2490 κατὰ
2775 2437 2868 2490 τὸν
2905 2437 3072 2491 τόπον
3093 2456 3177 2502 τις
3208 2439 3543 2511 διηγήσαιτο.
3568 2437 3754 2510 Γέγρα-

2205 2546 2333 2581 πται
2353 2546 2366 2559 °
2403 2547 2421 2580 ι
2442 2527 2630 2592 Οὐδεὶς
2661 2528 2803 2597 ἔγνω
2844 2529 2935 2582 τὸν
2964 2529 3094 2583 Υἱὸν
3138 2531 3185 2583 εί
3218 2531 3294 2601 μὴ
3336 2532 3366 2585 6
3397 2530 3603 2602 Πατὴρ,
3631 2549 3649 2583 ι
3677 2531 3753 2584 καὶ

2205 2623 2416 2695 εἴρηται
2435 2639 2450 2654 ο
2478 2641 2498 2673 ι
2514 2623 2624 2675 Καὶ
2654 2623 2924 2693 μακάριος
2948 2617 3016 2686 εἴ,
3039 2622 3220 2693 Σίμων
3243 2622 3513 2694 Βαριωνᾶ,
3537 2624 3616 2676 ὅτι
3643 2619 3754 2694 σὰρξ

2204 2715 2296 2766 καὶ
2329 2707 2466 2783 αἷμα
2498 2712 2599 2765 οὐκ
2630 2711 2944 2782 ἀπεκάλυψέ
2977 2727 3079 2775 σοι,
3110 2712 3226 2765 ἀλλ’
3255 2713 3291 2785 ἦ
3325 2714 3352 2766 ό
3391 2713 3585 2786 Πατήρ
3614 2731 3698 2784 μου
3722 2713 3752 2775 ,6

2202 2808 2472 2880 οὐράνιος.
2497 2827 2515 2860 ι
2535 2809 2704 2864 Ὅσον
2721 2804 2814 2863 οὖν
2843 2809 2943 2863 οὐκ
2975 2809 3210 2878 ἔγνωστο
3236 2807 3266 2862 ό
3298 2811 3432 2874 Υἱὸς
3464 2811 3546 2883 τῷ
3573 2813 3750 2882 κόσμῳ,

2203 2897 2249 2967 (ι
2289 2899 2376 2951 Ἐν
2401 2897 2480 2969 τῷ
2509 2897 2696 2970 κόσμῳ
2718 2898 2826 2972 γάρ
2848 2895 2936 2971 ἦν,
2969 2901 3061 2954 καὶ
3093 2902 3120 2954 6
3143 2899 3354 2972 ’κόσμος
3381 2903 3448 2954 δι’
3476 2902 3634 2956 αὐτοῦ
3655 2901 3753 2971 ἐγέο

2204 3007 2343 3055 νετο,
2378 2991 2471 3043 καὶ
2497 2994 2526 3044 6
2554 2991 2753 3062 κόσμος
2772 2989 2932 3045 αὐτὸν
2954 2992 3052 3045 οὐκ
3075 2991 3246 3061 ἔγνωο
3278 2992 3326 3066 ι)
3355 2995 3569 3048 οὐδέπω
3596 2995 3645 3048 ἐν
3679 2992 3754 3048 ιώ-

2207 3101 2327 3154 σμῳ
2359 3083 2668 3150 ἑδεδόξαστο
2699 3083 2832 3154 (Μ),
2860 3083 2953 3136 καὶ
2983 3077 3050 3154 ἦν
3083 3086 3118 3159 η
3151 3082 3321 3154 ζημία
3347 3083 3440 3138 τοῦ
3473 3086 3552 3157 μὴ
3571 3084 3751 3150 656064-

535 3187 641 3226 tton
667 3183 794 3236 erat
824 3177 1023 3230 mundo
1067 3178 1281 3246 agnitus
1303 3179 1322 3248 (
1343 3197 1360 3229 ι
1382 3176 1438 3232 In
1466 3178 1666 3234 mundo
1699 3179 1843 3232 enim
1873 3191 2014 3244 erat,
2046 3189 2100 3232 ct

2207 3173 2331 3226 σθαι
2377 3173 2540 3228 αὐτὸν
2583 3176 2640 3227 ἐν
2674 3173 2750 3244 τῷ
2794 3174 2983 3246 κόσμῳ
3010 3175 3070 3228 οὐ
3111 3173 3205 3227 τοῦ
3243 3176 3317 3246 μὴ
3363 3176 3745 3248 δεδοξασμένον,

536 3265 776 3317 mundus
798 3279 896 3333 per
917 3266 1090 3334 ipsum
1117 3265 1290 3322 lactus
1317 3279 1420 3332 est,
1460 3278 1513 3324 et
1544 3271 1774 3325 mundus
1822 3285 1942 3324 eum
1994 3284 2100 3323 non

535 3356 856 3423 cognovit"
878 3397 894 3422 ,
921 3354 966 3422 ›)
997 3358 1233 3412 nondum
1269 3359 1603 3429 gloriﬁcatus
1639 3370 1759 3414 erat
1807 3375 1901 3429 per
1943 3375 2102 3413 inun-

536 3449 684 3512 (lunt,
714 3449 953 3514 etiamsi,
981 3450 1125 3518 quod
1168 3465 1265 3519 per
1310 3451 1564 3504 mumlum
1611 3451 1948 3522 glorilicatus
1993 3466 2101 3504 non

533 3539 976 3604 esset,damnmn
1009 3557 1111 3594 non
1151 3553 1269 3596 erat
1295 3542 1497 3597 Christi
1532 3559 1636 3598 non
1669 3544 1974 3613 glerilicali,
2010 3544 2106 3599 sed

536 3635 718 3686 mundi
759 3633 1038 3688 Christum
1074 3653 1177 3690 non
1211 3638 1586 3705 glurilicanlis.
1622 3636 1753 3693 Ctttu
1794 3653 1924 3692 vero
1946 3637 2106 3691 Pater

534 3723 776 3777 caelestis
804 3725 1064 3778 revelavit
1101 3726 1185 3779 his
1208 3728 1296 3794 qui
1337 3744 1366 3780 e
1409 3730 1608 3781 mundo
1649 3739 1804 3782 erant
1841 3725 1966 3783 Jesn
2011 3744 2103 3782 co-

537 3812 854 3880 gnitionem,
895 3825 1020 3869 tunc
1051 3815 1390 3884 glorilieatns
1417 3828 1498 3871 est
1534 3817 1704 3872 Filius
1742 3818 1977 3873 hominis
2011 3833 2106 3888 per

536 3902 676 3965 illos,
706 3906 796 3972 qui
827 3920 948 3958 eum
979 3919 1342 3972 cognoverunt
1374 3950 1389 3971 ,
1414 3917 1464 3962 et
1491 3924 1586 3977 per
1608 3908 1852 3964 eamdem
1880 3910 2104 3978 gloriam

535 4007 642 4063 qua
669 3994 1003 4062 glorilleatus
1036 3997 1134 4049 l'nit
1157 3999 1298 4050 inter
1323 4013 1416 4052 eos
1439 4000 1527 4068 qui
1557 4015 1679 4053 eum
1711 4011 2102 4070 cognoverunt,

535 4085 824 4150 acquisivit
853 4086 1077 4153 gloriam
1113 4091 1567 4156 cognoscentibus
1610 4092 1804 4159 ipsum.
1831 4091 1933 4158 Qui
1961 4092 2104 4147 enim

533 4183 738 4226 retecta
767 4161 909 4226 fat-ie
928 4175 1157 4242 gloriam
1205 4179 1412 4232 Domini
1455 4182 1509 4232 in
1539 4183 1758 4248 speculo
1806 4197 2105 4250 reprimen—

2202 3265 2338 3318 ἀλλά
2378 3265 2473 3318 τοῦ
2507 3264 2581 3336 μὴ
2609 3265 2922 3332 δοξάζοντος
2970 3265 3134 3320 αὐτὸν
3161 3259 3370 3338 κόσμου
3390 3285 3404 3298 ο
3449 3269 3542 3321 ὅτε
3571 3268 3619 3321 δὲ
3643 3267 3754 3322 ἀπε-

2203 3358 2439 3428 κάλυψεν
2473 3360 2501 3411 6
2532 3356 2780 3428 οὐράνιος
2827 3357 3015 3428 Πατὴρ
3045 3351 3124 3421 οἷς
3158 3358 3510 3430 ἀπεκάλυψεν
3555 3360 3650 3414 ἀπὸ
3675 3357 3754 3412 τοῦ

2206 3451 2416 3520 κόσμου
2441 3445 2558 3503 οὖσι
2587 3447 2684 3521 τὴν
2723 3450 2816 3502 τοῦ
2858 3450 3030 3520 Ἰησοῦ
3077 3450 3295 3520 γνῶσιν,
3327 3452 3446 3505 τότε
3475 3450 3754 3524 ὲδοξάσθηό

2204 3538 2330 3602 Υἱὸς
2359 3538 2452 3591 τοῦ
2487 3538 2770 3610 ἀνθρώπω
2805 3541 2866 3591 ὲν
2892 3542 3006 3604 τοῖς
3038 3541 3330 3608 ἐγνωκόσιν
3370 3543 3570 3598 αὐτόν·
3603 3544 3682 3596 καὶ
3701 3542 3753 3594 δι’

2203 3627 2271 3703 ἧς
2309 3628 2566 3700 ἐδοξάσθη
2609 3631 2766 3702 δόξης
2799 3635 2857 3685 ὲν
2905 3635 3018 3696 τοῖς
3061 3633 3360 3701 ἐγνωκόσιν
3389 3637 3572 3701 αὐτὸν,
3603 3652 3753 3708 περιε-

2207 3721 2397 3790 ποίησε
2417 3719 2573 3783 δόξαν
2599 3723 2710 3784 τοῖς
2739 3722 3034 3790 ἐγνωκόσιν
3064 3724 3226 3776 αὐτόν
3251 3725 3364 3797 (42)
3388 3742 3404 3758 ο
3439 3728 3492 3780 oi
3522 3726 3621 3799 γὰρ
3650 3728 3754 3780 ἀνα-

2205 3813 2605 3885 κεκαλυμμένῳ
2643 3815 3043 3890 προσώτοῳητὴν
3077 3817 3231 3881 δόξαν
3261 3819 3472 3890 Κυρίου
3499 3833 3753 3891 κατοπτρι·

2207 3904 2422 3978 ζόμενοι
2467 3907 2569 3980 τὴν
2590 3908 2764 3980 αὐτὴν
2800 3907 2986 3963 εἰκόνα
3020 3909 3520 3980 μεταμορφοῦνται.
3557 3914 3681 3984 Ὅρα
3705 3910 3751 3964 δὲ

2217 3999 2380 4054 πόθεν
2409 3999 2516 4054 ἀπὸ
2541 3999 2698 4073 δόξης
2727 4001 2881 4070 φησὶ,
2906 4002 3000 4054 καὶ
3033 4001 3136 4054 ποῦ
3162 4004 3242 4065 εἰς
3272 4001 3430 4067 δόξαν
3452 4021 3466 4034 ·
3499 4005 3599 4058 ἀπὸ
3626 4002 3753 4071 δόξης

2213 4091 2310 4162 τῆς
2341 4092 2433 4146 τοῦ
2465 4091 2839 4164 δοξαζομένου,
2875 4096 2954 4158 είς
2980 4093 3138 4160 δόξαν
3161 4095 3259 4165 τὴν
3291 4093 3401 4148 τῶν
3439 4095 3751 4163 δοξαζόντων.

2221 4183 2410 4236 ’Πνίκα
2443 4178 2534 4237 οῦν
2561 4179 2722 4255 ἦλθεν
2751 4184 2843 4236 ἐπὶ
2867 4182 2963 4254 τὴν
2985 4185 3315 4254 οίκονομίαν,
3345 4185 3444 4255 ἀφ’
3476 4181 3541 4258 ἧς
3570 4185 3752 4256 ἔμελλεν

539 4273 675 4338 tant,
715 4265 780 4318 ad
817 4265 965 4319 illius
1009 4266 1298 4334 imaginem
1352 4271 1810 4326 transformamur
1843 4274 1912 4326 ⁸⁵.
1971 4272 2103 4328 Vide

2210 4273 2516 4327 ἀνατέλλειν
2545 4273 2622 4344 τῷ
2656 4273 2865 4344 κόσμῳ,
2905 4274 2997 4327 καὶ
3027 4271 3432 4344 γινωσκόμενος
3473 4272 3750 4339 δοξάζεσθαι

537 4369 669 4409 vero
691 4359 831 4410 unde
856 4373 884 4409 a
913 4357 1084 4426 gloria
1111 4358 1253 4412 dicat
1280 4369 1331 4412 et
1361 4361 1450 4414 ubi
1477 4362 1542 4415 ad
1575 4362 1822 4431 gloriam,
1853 4363 2103 4418 nimirum

2210 4365 2302 4416 ἐπὶ
2325 4362 2449 4436 δόξῃ
2479 4364 2585 4416 τῶν
2610 4364 2942 4430 δοξαςόντων
2977 4364 3160 4428 αὐτὸν,
3190 4359 3308 4418 εἶπε
3340 4366 3402 4419 τό
3424 4383 3440 4398 ⁸
3490 4385 3508 4420 ι
3536 4366 3639 4419 Νῦν
3664 4361 3757 4415 ἐδο-

539 4467 567 4501 a
599 4450 768 4521 gloria
797 4451 1084 4521 glorilicati
1117 4453 1183 4506 ad
1218 4453 1440 4522 gloriam
1477 4455 1918 4524 gloriﬁcantium.
1971 4459 2103 4513 Cum

2213 4451 2381 4525 ξάσθη
2415 4457 2443 4506 6
2471 4454 2598 4517 Υἱὸς
2624 4455 2717 4507 τοῦ
2750 4453 3040 4524 ἀνθρώπου
3062 4473 3078 4486 ⁸
3105 4473 3122 4506 ι
3167 4455 3261 4509 καὶ
3293 4457 3415 4510 ἐπὶ
3447 4455 3614 4519 οὐδεὶς
3639 4455 3751 4521 ἔγνω

542 4542 707 4610 igitur
735 4543 880 4596 venit
903 4545 968 4596 ad
1003 4548 1383 4608 meouomiam,
1427 4561 1456 4597 δ
1498 4561 1603 4615 qua
1643 4557 1696 4600 et
1735 4549 1935 4600 mumlo
1985 4547 2103 4601 illu-

2207 4545 2299 4598 τὸν
2332 4546 2549 4618 Πατέρα
2575 4549 2622 4600 εί
2655 4547 2728 4617 μὴ
2759 4549 2787 4598 6
2812 4546 2960 4610 Υἱὸς,
3001 4547 3096 4600 καὶ
3125 4541 3170 4616 ᾧ
3207 4547 3273 4602 ἂν
3306 4551 3334 4602 6
3365 4549 3500 4613 Υἱὸς
3524 4539 3751 4602 ἀποκαλύ-

538 4647 766 4688 ccscere
824 4644 989 4704 atque
1046 4638 1212 4691 etiam
1263 4639 1510 4708 cognitus
1585 4637 1880 4707 gloriﬁcari
1947 4639 2103 4692 debe<

2208 4638 2304 4709 ψῃ,
2340 4637 2530 4708 ἔμελλε
2570 4638 2625 4690 δὲ
2670 4640 2732 4692 ἐκ
2776 4638 2876 4709 τῆς
2920 4637 3228 4709 οἰκονομίας
3269 4639 3662 4693 ἀποκαλύπτειν
3678 4635 3750 4686 τὸν

539 4723 654 4791 bat,
697 4737 918 4796 prapter
977 4729 1206 4797 gloriam
1261 4729 1680 4799 gloriﬁcantium
1726 4744 1874 4794 eum,
1930 4729 2103 4782 dixit:

2212 4729 2428 4800 Πατέρα
2451 4733 2480 4783 ὁ
2511 4730 2656 4793 Υἱὸς,
2690 4730 2776 4782 διὰ
2805 4729 2961 4782 τοῦτο
2987 4731 3080 4784 καὶ
3107 4733 3138 4783 6
3169 4731 3302 4795 Θεὸς
3324 4730 3576 4800 ἐδοξάσθη
3601 4730 3649 4780 ὲν
3672 4723 3750 4777 αὐ-

544 4835 565 4866 σ
602 4815 752 4872 [\‘uuc
796 4818 1135 4887 gloriﬁcatus
1168 4831 1252 4874 est
1281 4821 1449 4876 Filias
1492 4821 1727 4875 hominis
1758 4839 1772 4874 :
1804 4839 1822 4871 ι
1874 4829 1928 4874 et
1974 4833 2103 4887 quo-

2209 4821 2309 4890 τῷ.
2336 4821 2405 4872 Ἢ
2430 4821 2490 4873 τό
2510 4838 2522 4850 ο
2563 4841 2580 4872 ι
2608 4821 2716 4874 Καὶ
2746 4823 2778 4874 6
2806 4820 2934 4885 Θεὸς
2959 4818 3218 4893 ἐδοξάσθη
3249 4821 3312 4876 ὲν
3343 4823 3510 4893 αὐτῷ,
3538 4841 3554 4872 ι
3581 4815 3749 4882 συνεξε·

537 4909 682 4961 niam
717 4925 874 4964 nemo
915 4911 1167 4981 cognovit
1218 4913 1458 4976 Patrem,
1509 4914 1610 4967 nisi
1663 4913 1856 4978 Filius,
1902 4922 1958 4964 et
2012 4913 2101 4965 cui

538 4996 708 5053 Filius
757 5001 1080 5055 revelaverit
1110 5003 1179 5066 ⁸⁸,
1233 5003 1679 5072 revelaturusque
1728 5012 1847 5057 erat
1883 4999 2101 5054 Patrem

2207 4911 2390 4974 τάσεις
2418 4911 2496 4982 τῷ
2518 4928 2532 4944 ·
2568 4930 2584 4960 ι
2609 4911 2664 4964 '0
2692 4910 2950 4982 ἑωρακὼς
2978 4912 3078 4982 ἐμὲ
3103 4912 3312 4984 ἑώρακε
3338 4911 3429 4967 τὸν
3451 4911 3649 4982 Πατέρα
3675 4905 3748 4958 τὸν

2216 4999 2502 5070 πέμψαντά
2534 5019 2618 5072 με·
2651 5021 2668 5054 υ
2702 5000 2986 5071 θεωρεῖται
3015 5003 3124 5073 γὰρ
3151 5001 3298 5073 ἐντῷ
3325 5003 3483 5073 Λόγῳ
3509 4995 3744 5066 ὅντιΘεῷο

611 5146 654 5175 ⁷⁸
685 5143 852 5200 Hebr.
888 5161 927 5209 ι,
961 5145 1012 5198 5.
1092 5148 1136 5177 ⁷⁹
1166 5145 1360 5214 Philip.
1393 5163 1452 5209 ll,
1478 5147 1529 5200 9.
1611 5145 1962 5207 ⁸⁰1οοη.ιιιι,
2001 5145 2092 5214 ὅ).

2207 5142 2579 5214 Matthuﬂ'i;
2614 5143 2929 5206 Luc.x,22.
2994 5143 3357 5209 "Mettium,
3383 5143 3469 5198 ΓΙ.
3538 5142 3581 5173 ⁸³
3613 5138 3744 5194 Joan.

536 5231 575 5281 I,
643 5218 724 5271 10.

608 5336 719 5404 (58‘,
755 5338 1121 5390 Μετ”αῠτόν.
1152 5336 1436 5388 Ferrarius
1467 5335 1678 5398 legebat
1708 5337 1824 5404 μετ’
1850 5332 2036 5387 αὐτοῦ.

611 5404 724 5474 (ﬁt!)
757 5407 880 5458 l’ost
914 5407 1097 5470 verba,
1125 5408 1158 5476 ἢ
1187 5405 1276 5458 τὸν
1306 5406 1440 5476 ,Υἱὸν
1470 5404 1659 5476 αὐτοῦ,
1713 5405 1879 5476 editio
1926 5405 2108 5476 iluelii

819 5217 865 5246 “
929 5215 968 5269 ll
1012 5217 1134 5273 Cor.
1189 5232 1267 5280 Ill,
1309 5217 1389 5270 l5.

537 5477 738 5546 habet:
767 5477 814 5546 εί
857 5476 1122 5546 προσέθου
1148 5474 1243 5528 καὶ
1267 5475 1327 5528 τὸ
1358 5475 1572 5546 πνεῦμα
1595 5475 1655 5527 τὸ
1679 5475 1866 5540 αὐτοῦ,
1915 5474 2112 5546 ἄριστά

540 5561 622 5596 σοι
655 5543 1094 5612 ἃνὲθεολογεῖτο,
1148 5548 1240 5599 καὶ
1291 5543 1616 5599 τελεώτατα.
1671 5546 1866 5598 Verum
1918 5543 2030 5599 hinc
2077 5561 2106 5598 τι

541 5613 792 5666 Ferrario
815 5617 1017 5667 omissa
1051 5625 1196 5674 sunt.
1237 5626 1290 5669 ct
1348 5617 1399 5668 in
1447 5618 1636 5670 codice
1684 5614 1976 5669 Bodleiano
2025 5625 2110 5668 est

541 5691 754 5756 tantum
783 5683 1090 5756 observatio
1117 5686 1430 5753 margin-alis
1459 5687 1648 5740 scriba!
1710 5687 1760 5738 in
1818 5686 2108 5756 Origt‘nt'm

542 5750 1042 5805 suintadvcrtcntis.

1501 5216 1546 5246 ⁸⁸
1609 5215 1798 5268 Matth.
1825 5231 1861 5278 ι,
1897 5215 1966 5268 27
1992 5226 2007 5275 ;
2031 5213 2164 5269 Luc.
2194 5229 2251 5278 χ,
2271 5213 2361 5266 22.

2286 5333 2399 5455 (:60)
2429 5333 2608 5388 Codex
2661 5331 3009 5399 Bodleianus,
3068 5331 3308 5396 πάθουςο
3357 5332 3519 5389 editio
3573 5324 3742 5387 ﬂuctii.

2286 5420 2294 5454 ι
2360 5420 2499 5455 ντος.

2217 5419 2499 5465 παυοντος.

2287 5473 2399 5542 (Η)
2432 5473 2608 5528 Codex
2642 5471 2988 5542 Bodleianus,
3021 5472 3347 5536 δεδόξασται.

2285 5534 2396 5613 (49)
2429 5543 2535 5597 Καὶ
2564 5543 2638 5594 δι’
2673 5541 2747 5609 ἧς
2782 5541 3088 5613 ἐδοξάσθη
3107 5534 3292 5609 δόξης
3427 5537 3544 5613 τοῖς

2214 5605 2391 5668 κόὸίνί
2421 5613 2606 5666 αὑτὸν
2650 5605 3029 5680 περιεποίησε
3063 5605 3410 5677 δόξαῖτοῖς
3427 5605 3742 5680 Ῠέγγωπόσιθς

2219 5685 2422 5737 αὐτόν.
2471 5683 2593 5755 Πιιτιι
2651 5671 3030 5755 «μυξςὶιιοτιιηὶιιν
3080 5671 3401 5755 ἰιιίοοάὶοοᾷ
3423 5671 3599 5755 Regio.
3660 5671 3738 5725 sed

2223 5763 2440 5810 exstant
2469 5753 2521 5809 in
2550 5753 2864 5809 Bodleiano.
2905 5769 3076 5823 eaque
3113 5753 3316 5807 viderat
3359 5748 3649 5805 Ferrarius.
