3974 6206
323 271 455 332 825

1330 268 1691 324 COMMENT.
1733 270 1797 323 ΙΝ
1837 269 2030 324 ΜΔΝ.
2074 269 2311 324 ’[οωυὸ
2350 270 2568 324 XXXII.

3487 281 3594 335 826

319 386 363 458 ἢ
385 387 540 460 τρεῖς
561 380 894 453 συνηγμένοι
924 380 1007 446 είς
1034 379 1098 434 τὸ
1130 380 1262 453 ὲμδν
1288 381 1481 453 ὄνομα,
1512 379 1668 451 κάγώ
1696 383 1812 453 είμι
1856 381 1894 434 ἐι

2024 378 2109 434 his
2136 380 2305 435 etiam
2335 395 2464 437 esse
2494 397 2523 435 a
2553 380 2751 450 quibus
2781 396 2887 437 non
2918 392 3301 455 cognoscatur.
3332 385 3441 443 Sed
3472 390 3595 447 vide

322 480 494 552 μέσῳ
530 475 730 531 αὐτῶνθ
761 494 780 527 ι
813 474 910 528 καὶ
950 473 1032 527 τόσ
1068 490 1091 525 t
1137 468 1269 527 Ἰδοὺ
1301 474 1412 543 ἐγὼ
1611 473 1767 545 ὑμῶν
1802 474 1919 545 εἰμι

315 572 514 636 πάσας
536 570 639 634 τὰς
662 568 880 641 ἡμέρας
907 566 1013 630 ἕως
1042 566 1141 640 τῆς
1175 567 1481 632 συντελείας
1516 566 1611 622 τοῦ
1642 567 1858 633 αἰῶνος,
1890 588 1911 621 ι

2018 484 2088 527 ne
2136 468 2277 526 forte
2327 471 2469 525 idem
2510 486 2616 526 non
2665 473 2739 527 sit
2781 487 2902 527 esse
2931 489 3056 529 cum
3102 475 3309 546 aliquo,
3358 481 3500 547 quod
3538 481 3591 536 in

2018 562 2384 631 promissione
2415 572 2669 632 tanquam
2697 564 2880 634 dignis
2915 565 3100 632 datur,
3139 577 3195 623 et
3223 577 3371 623 stare
3395 568 3448 623 in
3482 585 3596 625 me-

315 664 388 718 οὐ
418 662 659 717 τοιοῦτον
701 660 760 716 δὲ
796 660 877 714 τόο
916 678 935 712 ι
971 661 1155 724 Μέσος
1195 659 1351 730 ὑμῶν
1380 661 1621 732 ἑστήκει,
1661 660 1722 714 ὃν
1757 661 1894 732 ὑμεῖι

2016 653 2106 710 dio
2132 669 2238 709 non
2268 655 2681 726 agnoscentinm
2725 669 2876 710 cum.
2915 656 3052 711 Cum
3085 657 3230 713 enim
3261 658 3333 714 sit
3373 660 3426 712 in
3464 674 3592 730 pro-

313 752 432 806 οὐκ
468 750 667 806 οἴδατε.
691 767 714 803 ο
738 749 852 805 Καὶ
878 750 936 803 έν
967 748 1047 821 τῷ
1085 751 1434 821 προκειμένῳ
1462 751 1644 805 τοίνυν
1671 753 1700 806 6
1721 750 1913 807 εἱπιῖινο

319 862 342 895 ι
403 842 541 897 Ἰδοὺ
569 839 679 910 ἐγὼ
701 840 820 912 μεθ’
845 841 1001 913 ὑμῶν
1032 843 1171 913 εἰμι,
1197 861 1217 894 ι
1239 843 1374 913 φησὶ
1403 843 1486 896 τό·
1515 861 1535 893 ι
1576 844 1699 896 Ἔτι
1718 844 1915 916 μικρὸν

314 932 451 1003 μεθ’
489 930 643 1003 ὑμῶν
672 932 808 1002 εἰμι.
844 949 864 983 ι
921 931 982 985 ’0
1014 931 1071 985 δὲ
1101 931 1296 1000 λέγων’
1337 950 1357 984 ι
1398 933 1519 986 Ἔτι
1561 932 1758 1005 μικρὸν
1792 933 1912 1004 μεθ’

309 1021 481 1094 ὑμῶν
517 1024 653 1094 εἰμι,
701 1042 721 1076 ι
756 1023 859 1076 οὐκ
897 1021 965 1077 ἆν
992 1022 1218 1095 παρόντι
1264 1022 1537 1095 αἰσθητῶς
1580 1024 1661 1095 τῷ
1719 1025 1914 1093 Ἰούδᾳ,

305 1114 416 1169 τοῦ
450 1113 693 1168 διαϐόλου
721 1114 823 1185 ήδη
875 1113 1198 1186 βεϐληκότος
1225 1117 1305 1179 είς
1332 1115 1434 1188 τὴν
1470 1115 1700 1188 καρδίαν
1721 1114 1908 1183 αὐτοῦ,

306 1205 408 1261 ἵνα
449 1204 678 1279 παραδῷ
711 1205 804 1259 τὸν
849 1206 1103 1281 Σωτῆρα,
1136 1203 1287 1263 εἶπεν
1335 1206 1401 1261 ἂν
1438 1206 1588 1279 αὐτῷ
1637 1205 1719 1261 τό’
1754 1206 1912 1262 Μετὰ

306 1299 415 1355 σοῦ
448 1299 566 1371 (52)
598 1301 736 1371 εἰμι’
777 1299 878 1353 οὐκ
925 1299 1007 1354 ἔτι
1047 1299 1158 1371 γὰρ
1188 1296 1257 1372 ἢν
1301 1301 1418 1372 μετ’
1456 1298 1644 1363 αὐτοῦ,
1676 1299 1787 1353 οὐδ’
1817 1300 1909 1354 ὅτε

305 1387 497 1461 βάψας
530 1388 591 1443 τὸ
627 1388 842 1460 ψωμίον
863 1387 1034 1442 ἐδίδου
1064 1388 1234 1460 αὐτῷ’
1269 1389 1384 1444 ἀλλ’
1411 1391 1499 1444 ὅτε
1536 1388 1677 1461 μετὰ
1704 1389 1768 1442 τὸ
1793 1387 1910 1459 ψω-

307 1480 462 1551 μίον,
497 1480 589 1533 ὅτε
619 1475 783 1551 ἦλθεν
823 1481 904 1543 είς
952 1481 1158 1534 ἐκεῖνον
1184 1480 1213 1533 6
1237 1480 1505 1546 Σατανᾶς,
1537 1480 1718 1553 πολλῷ
1744 1480 1908 1534 πλέον

300 1571 412 1625 οὐκ
443 1565 522 1642 ἦν
544 1571 575 1622 6
603 1569 839 1644 Χριστὸς
867 1569 1005 1641 μετὰ
1023 1569 1121 1624 τοῦ
1161 1569 1351 1636 Ἰούδα,
1383 1570 1757 1643 μακρύναντος
1779 1573 1907 1626 sau-

300 1662 401 1718 τὸν
445 1663 562 1717 ἀπὺ
602 1662 697 1717 τοῦ
743 1662 1018 1735 Σωτῆρος·
1053 1680 1075 1715 ι
1110 1662 1210 1728 Τίς
1236 1662 1347 1733 γὰρ
1390 1662 1747 1736 συμφώνησις
1776 1664 1906 1735 Χρι-

2014 746 2273 803 missione
2303 746 2435 802 illud
2475 764 2491 801 :
2525 745 2661 803 cUhi
2691 747 2822 812 duo,
2849 748 2931 803 vel
2969 757 3081 804 tres
3112 749 3432 818 congregati
3468 750 3591 806 fue-

2014 838 2126 894 rint
2160 838 2215 894 in
2255 838 2481 894 nomine
2518 854 2661 904 meo,
2706 854 2811 907 ego
2851 840 3015 894 etiam
3074 841 3128 895 in
3176 841 3355 896 medio
3386 856 3591 899 eorum

2011 943 2170 995 sum;
2205 946 2227 982 ι
2251 939 2306 985 et
2337 929 2467 984 illud
2500 949 2516 985 :
2548 929 2724 985 cEcce
2747 943 2849 998 ego
2874 929 3156 987 vobiscum
3195 945 3312 987 sum
3341 934 3593 988 omnibus

2010 1020 2205 1079 diebus
2260 1037 2435 1093 usque
2470 1023 2539 1076 ad
2588 1022 3115 1079 consummationem
3151 1024 3368 1091 smcnli,
3397 1043 3417 1076 ι
3482 1039 3590 1079 non

2009 1111 2274 1182 ejusmodi
2299 1123 2383 1170 est
2406 1115 2536 1171 illud
2570 1134 2586 1171 :
2621 1134 2640 1170 ι
2669 1112 2729 1169 In
2755 1113 2933 1169 medio
2959 1114 3125 1171 vestri
3151 1123 3280 1180 stat,
3308 1131 3471 1184 quem
3495 1131 3592 1172 vos

2010 1202 2255 1261 nescitis.
2278 1222 2297 1253 ι
2323 1201 2556 1261 Proinde
2573 1204 2667 1276 qui
2686 1205 2902 1260 dixerat
2935 1222 2949 1259 :
2994 1205 3166 1262 «Ecce
3183 1220 3283 1278 ego
3309 1205 3590 1263 vobiscum

2009 1310 2152 1360 sum,
2186 1314 2206 1347 ι
2252 1295 2307 1350 in
2354 1297 2611 1366 praesenti
2642 1306 2903 1353 contextu
2937 1299 3114 1369 inquit
3139 1315 3190 1353 ιι
3221 1300 3413 1356 Adhuc
3454 1315 3589 1371 pau-

2009 1385 2174 1457 lisper
2209 1388 2492 1444 vobiscum
2520 1405 2663 1445 sum.
2693 1407 2715 1443 ι
2753 1388 2823 1445 Et
2846 1390 2941 1459 qui
2972 1390 3106 1447 dicit
3135 1409 3151 1447 :
3187 1409 3208 1444 ι
3239 1392 3431 1447 Adhuc
3459 1408 3591 1463 pau-

2007 1477 2174 1546 lisper
2220 1478 2494 1533 vobiscum
2552 1496 2696 1547 sum,
2726 1498 2747 1533 ι
2824 1480 3255 1551 haudquaquam
3324 1484 3589 1551 prmsenti

2007 1568 2348 1626 sensibiliter
2401 1569 2597 1635 Julia,
2670 1572 2727 1628 in
2791 1572 2949 1642 cujus
2994 1588 3092 1628 cor
3138 1573 3252 1641 jam
3284 1575 3590 1633 immiserat

2007 1660 2278 1727 diabolus,
2319 1669 2381 1716 ut
2411 1663 2673 1731 proderet
2722 1662 3076 1721 Servatorem
3101 1705 3118 1729 ,
3167 1665 3306 1720 dixit
3338 1684 3353 1721 :
3381 1665 3586 1723 Tecum

302 1752 440 1808 στοῦ
470 1755 614 1826 πρὸς
649 1754 888 1827 Βελίαρ;
930 1773 951 1809 ι
980 1754 1044 1808 Εί
1070 1754 1166 1808 καὶ
1202 1754 1395 1827 μικρὸν
1420 1755 1479 1808 δὲ
1503 1754 1584 1808 ἔτι
1613 1753 1752 1825 μετὰ
1787 1753 1894 1810 τῶν

2006 1766 2150 1818 sum;
2182 1766 2291 1807 non
2323 1752 2558 1823 amplius
2592 1756 2737 1808 enim
2762 1762 2878 1810 erat
2913 1769 3038 1811 cum
3066 1755 3184 1825 ipso
3208 1794 3225 1820 .
3263 1771 3384 1811 cum
3421 1757 3589 1811 intin-

298 1846 547 1902 τεκνίων
593 1845 815 1918 ἔμελλεν
848 1844 987 1901 εἷναι
1017 1846 1047 1900 6
1075 1846 1260 1920 πατὴρ
1295 1845 1474 1902 αὐτῶν
1519 1845 1746 1918 Ἰησοῦς,
1788 1846 1894 1919 χρὴ

298 1938 516 1993 ειδέναι
554 1938 618 1992 τδ
668 1937 811 2011 μέγα
850 1955 876 1991 ι
915 1937 976 1992 τὸ
1005 1939 1197 2012 μικρὸν
1230 1957 1250 1991 ι
1281 1941 1478 2004 ἐκεῖνο,
1511 1940 1562 1993 εί
1589 1939 1683 1993 καὶ
1724 1938 1798 2010 μὴ
1826 1934 1897 2010 ἦν

301 2029 431 2101 μετ’
466 2029 671 2093 αὐτῶν,
700 2028 855 2083 οὐδὲν
879 2022 1040 2102 ἦττον
1070 2028 1270 2083 ἐκεῖνοι
1295 2028 1479 2101 ζητεῖν
1534 2028 1757 2100 ἔμελλον
1802 2028 1896 2082 τὸν

306 2117 559 2190 Ἰησοῦν⁸
613 2118 691 2183 ὡς
718 2120 748 2173 6
783 2118 994 2191 Πέτρος
1035 2118 1172 2190 μετὰ
1195 2118 1259 2173 τὸ
1294 2119 1634 2191 ἀρνήσασθαι
1680 2119 1897 2191 πικρῶς

294 2209 553 2275 ἔκλαιεν,
580 2207 755 2282 οῐμαι,
792 2208 971 2280 ζητῶν
1010 2209 1103 2263 τὸν
1144 2208 1375 2280 Ἰησοῦν.
1404 2207 1519 2262 Νῦν
1564 2208 1664 2280 μὲν
1689 2204 1785 2262 οὖν
1809 2209 1890 2263 τό·

301 2320 323 2354 ι
361 2300 501 2355 Ἔτι
538 2302 735 2373 μικρὸν
771 2300 891 2372 μεθ’
924 2299 1081 2372 ὑμῶν
1110 2302 1249 2374 είμι,
1286 2320 1307 2355 ι
1349 2300 1618 2355 λέλεκταιο
1642 2300 1809 2372 ὀλίγῳ
1835 2300 1895 2354 δὲ

295 2391 565 2466 ὕστερον,
603 2412 622 2445 ι
665 2391 900 2463 Μικρὸν,
936 2393 1091 2464 φησὶ,
1121 2393 1218 2447 καὶ
1245 2393 1348 2447 οὐκ
1381 2392 1460 2447 ἔτι
1502 2392 1759 2465 θεωρεῖτέ
1801 2408 1891 2463 με·

295 2485 395 2541 καὶ
429 2484 601 2539 πάλιν
629 2484 823 2556 μικρὸν
844 2483 1041 2555 δψεσθέ
1078 2500 1169 2557 με’
1204 2504 1224 2537 ι
1251 2486 1341 2540 ὅτε
1359 2485 1626 2555 λεγόντων
1652 2484 1763 2538 τῶν
1789 2501 1894 2556 μα-

294 2574 508 2648 θητῶν·
534 2594 555 2627 ι
587 2575 653 2629 Τί
689 2577 806 2630 ἐστι
834 2576 993 2630 τοῦτο
1021 2576 1051 2631 δ
1080 2576 1249 2646 λέγει,
1287 2576 1514 2649 μικρόνς
1539 2577 1641 2631 οὐκ
1673 2577 1893 2649 οἴδαμεν

292 2666 349 2724 τί
378 2666 567 2723 λαλεῖ’
598 2667 761 2737 γνοὺς
792 2668 823 2719 6
868 2666 1072 2740 Ἰησοῦς
1109 2668 1204 2722 καὶ
1227 2668 1310 2722 ὅτι
1338 2666 1529 2740 ἠθελον
1558 2668 1721 2722 αὐτὸν
1749 2668 1891 2740 ἐρω-

291 2758 421 2831 τᾷν,
457 2753 615 2812 εἶπεν
636 2758 838 2822 αὐτοῖς’
872 2759 1008 2832 Περὶ⁵
1036 2758 1224 2814 τούτου
1244 2759 1457 2831 ζητεῖτε
1485 2763 1603 2831 μετ’
1623 2758 1888 2830 ἀλλήλων,

292 2850 375 2904 ὅτι
406 2844 592 2916 εἶπον,
623 2849 839 2921 μικρὸν,
870 2852 966 2903 καῖ⁹
990 2851 1055 2904 οὐ
1083 2849 1338 2923 θεωρεῖτέ
1379 2868 1465 2921 με·
1494 2851 1588 2905 καὶ
1610 2851 1772 2906 πάλιν
1802 2869 1893 2924 μι-

291 2941 457 3016 κρὸν,
504 2943 604 2996 καὶ
644 2941 840 3013 ὄψεσθέ
890 2960 980 3013 με·
1015 2943 1209 3015 Ἀμὴν,
1240 2944 1387 3017 ἀμὴν
1425 2944 1569 3015 λέγω
1604 2947 1754 3018 ὑμῖν,
1806 2947 1890 3001 δτι

291 3030 594 3096 κλαύσετε,
628 3032 725 3085 καὶ
753 3030 1048 3103 θρηνήσετε
1072 3034 1250 3104 ὑμεῖς’
1285 3036 1314 3088 6
1338 3034 1545 3106 κόσμος
1569 3036 1626 3090 δὲ
1653 3038 1890 3109 χαρήσε-

2000 1851 2146 1900 ctam
2206 1842 2430 1899 oﬂulam
2478 1844 2580 1914 ipsi
2621 1846 2949 1917 porrigeret.
3018 1846 3247 1914 Quando
3285 1862 3417 1903 vero
3466 1855 3586 1918 past

2002 1933 2226 1991 ollulam
2253 1935 2532 2006 ingressus
2553 1945 2637 1992 est
2659 1936 2713 1992 in
2729 1935 2927 1995 Judam
2954 1936 3207 2003 Satanas,
3224 1937 3393 1993 multo
3408 1943 3587 1994 minus

2000 2035 2124 2082 erat
2162 2042 2287 2083 cum
2322 2028 2416 2084 illo
2442 2027 2637 2095 Jesus,
2683 2029 2988 2085 abducente
3014 2029 3205 2100 procul
3261 2031 3500 2099 scipsnm
3550 2043 3584 2085 a

2002 2116 2336 2186 Servatore;
2378 2120 2549 2187 tQuae
2590 2120 2738 2176 enim
2793 2122 3179 2177 convenientia
3217 2120 3420 2178 Christi
3459 2134 3582 2178 cum

2000 2208 2182 2265 Beliar
2206 2209 2229 2241 δ
2253 2210 2304 2264 ῖι
2339 2209 2601 2277 Quamvis
2639 2220 2883 2268 attamen
2929 2213 3110 2268 adhuc
3138 2212 3413 2283 paulisper
3453 2228 3581 2269 cum

2000 2300 2181 2357 liliolis
2210 2300 2427 2357 futurus
2459 2311 2610 2358 esset
2636 2300 2821 2371 Jesus,
2856 2305 3100 2373 ipsorum
3129 2313 3305 2373 pater,
3339 2303 3581 2359 sciamus

1999 2401 2214 2462 oportet
2260 2391 2394 2447 illud
2456 2411 2476 2445 ι
2512 2392 2805 2463 paulisper,
2836 2411 2856 2444 ι
2911 2409 3160 2464 inagnnm
3224 2407 3362 2448 esse.
3441 2393 3577 2449 Nam

1997 2484 2213 2540 etiamsi
2242 2499 2369 2541 cum
2396 2483 2505 2538 illis
2529 2498 2638 2539 non
2668 2492 2789 2539 erat
2815 2483 3006 2551 Iesus,
3041 2484 3399 2540 nihilominus
3425 2500 3593 2555 quae”.

1998 2575 2156 2631 situri
2209 2586 2370 2630 erant
2422 2574 2650 2640 Jesum;
2702 2576 3158 2645 quemadmodum
3207 2575 3403 2631 Pen-ns
3456 2586 3577 2647 post

2000 2667 2343 2738 negationem
2373 2683 2562 2723 amare
2588 2667 2758 2735 ﬂevit,
2795 2684 3068 2739 quaerens,
3113 2669 3330 2738 opinor,
3367 2667 3576 2725 Jesum.

2000 2758 2158 2816 Nunc
2184 2759 2355 2831 igitur
2378 2759 2512 2814 illud
2543 2777 2558 2814 :
2606 2777 2625 2812 ι
2654 2758 2854 2824 Filioli,
2884 2758 3062 2815 adhuc
3088 2759 3361 2830 paulisper
3392 2759 3578 2815 vobis-

1998 2866 2122 2907 cum
2175 2865 2295 2906 sum
2324 2870 2345 2903 ι
2396 2850 2599 2905 dictum
2661 2860 2792 2906 est:
2827 2850 2988 2917 paulo
3041 2861 3226 2905 autem
3272 2863 3395 2920 post
3439 2851 3517 2906 ait
3557 2869 3573 2907 :

2003 2959 2024 2995 ι
2054 2941 2340 3007 Pusillum,
2400 2950 2455 2997 et
2503 2941 2618 3012 jam
2670 2957 2777 2997 non
2816 2941 3073 2997 videbitis
3117 2957 3236 3007 me;
3274 2951 3330 2996 et
3375 2943 3575 2997 iterum

2000 3034 2255 3104 pusillum
2284 3073 2300 3100 ,
2361 3041 2416 3088 et
2459 3033 2715 3089 videbitis
2767 3048 2899 3088 me:
2938 3052 2957 3086 ι
2986 3037 3205 3105 quando
3263 3036 3577 3091 dicentibus

289 3136 408 3175 ται·
432 3119 598 3191 ὑμεῖς
618 3119 677 3173 δὲ
706 3101 1241 3191 λυπηθήσεσθεβλλ*
1271 3125 1306 3195 ἡ
1328 3101 1473 3195 λύπη
1507 3101 1891 3197 ὑμῶηὶἐῐξχα-

1997 3101 2327 3195 discipulis:
2369 3142 2403 3191 ε,
2421 3123 2558 3190 Quid
2596 3131 2680 3177 est
2714 3124 2852 3188 hoc,
2899 3101 3043 3193 quod
3089 3123 3242 3189 dicit,
3270 3123 3578 3179 Pusillum?

293 3211 397 3284 ράν
432 3212 745 3281 γενήσεται·
791 3228 811 3263 ι
855 3211 918 3265 τὸ
965 3211 1075 3284 γὰρ
1125 3214 1320 3285 μικρὸν
1347 3216 1544 3285 ἐκεῖνο,
1595 3218 1654 3272 ἐν
1701 3211 1747 3286 ᾧ
1787 3220 1889 3274 οὐκ

286 3299 574 3372 ἐθεώρουν
614 3300 796 3365 αὐτὸν,
847 3302 1074 3373 ἐζήτουν
1126 3303 1365 3375 Ἰησοῦνι
1395 3306 1476 3360 διὸ
1516 3307 1749 3373 ἔκλαιον,
1792 3309 1889 3363 καὶ

290 3392 590 3465 ιθρήνουν,
619 3392 720 3463 τῆς
749 3391 926 3464 λύπης
970 3394 1148 3448 αὐτῶν
1197 3397 1278 3460 εἰς
1314 3397 1487 3468 χαρὰν
1519 3399 1887 3470 μεταϐαλλού-

288 3501 421 3558 σης,
453 3486 547 3540 ὅτε
579 3484 880 3558 ἐπληροῦτο
903 3486 982 3539 τό·
1023 3506 1041 3538 ι
1079 3489 1193 3543 Καὶ
1223 3490 1383 3544 πάλιν
1414 3491 1629 3563 μικρὸν,
1649 3492 1742 3545 καὶ⁵
1761 3491 1887 3561 ὅψε-

288 3573 390 3630 σθέ
419 3591 515 3646 με.
548 3594 567 3627 ι
617 3576 706 3629 Ἐν
728 3570 810 3640 οἷς
838 3576 1113 3644 ἐξετάσεις
1135 3581 1184 3632 εί
1206 3581 1235 3632 6
1269 3578 1406 3650 μετὰ
1432 3581 1629 3653 μικρὸν
1661 3580 1736 3652 μὴ
1759 3580 1886 3636 θεω-

288 3666 409 3740 ρῶν
436 3666 624 3734 αὐτὸν,
652 3668 701 3720 εί
737 3667 919 3738 μέλλει
959 3668 1097 3740 μετὰ
1118 3668 1276 3724 τοῦτο
1300 3669 1524 3739 όψεσθαι
1551 3671 1736 3737 αὑτὸν,
1767 3673 1883 3744 μετ’

283 3759 350 3814 οὐ
401 3758 545 3813 πολὺ
570 3758 789 3823 πάντως
830 3758 1021 3831 ὄψεται
1068 3762 1253 3826 αὐτὸν,
1305 3762 1568 3817 νοούντων
1611 3764 1766 3835 ἡμῶν
1799 3765 1879 3819 τόδ

290 3867 314 3905 ι
356 3851 483 3906 Καὶ
510 3852 674 3906 πάλιν
707 3854 923 3927 μικρὸν,
959 3854 1053 3908 καὶ
1085 3853 1283 3925 ὄψεσθέ
1313 3872 1402 3926 με.
1443 3874 1463 3906 ›
1500 3855 1574 3908 Τὸ
1601 3854 1657 3909 δὲ
1699 3855 1883 3926 ζητεῖν

284 3944 386 3999 τὸν
410 3943 625 4016 Ἰησοῦν
652 3945 836 4016 ζητεῖν
862 3947 977 3999 ἐστι
1002 3945 1094 4000 τόν
1108 3946 1285 4015 λόγον,
1317 3948 1411 4001 καὶ
1433 3945 1533 4019 τὴν
1557 3946 1770 4016 σοφίαν,
1788 3946 1884 4000 καὶ

285 4037 394 4111 τὴν
424 4036 794 4110 δικαιοσύνην,
836 4038 930 4090 καὶ
954 4036 1055 4108 τὴν
1080 4036 1360 4109 ἀλήθειαν,
1394 4039 1488 4092 καὶ
1515 4039 1613 4112 τὴν
1655 4039 1882 4111 δύναμιν

286 4129 391 4186 τοῦ
420 4129 580 4195 Θεοῦ,
604 4130 747 4202 ἅπερ
781 4130 959 4186 πάντα
996 4130 1143 4185 ἐστὶν
1167 4134 1197 4185 6
1221 4132 1472 4204 Χριστός.
1498 4132 1653 4198 Τινὲς
1680 4132 1738 4186 δὲ
1786 4132 1883 4205 ζη-

284 4218 483 4275 τοῦσιν
529 4219 692 4272 αὐτόν
735 4219 843 4274 τῶν
881 4222 1202 4294 ἑωρακότων
1238 4226 1460 4295 σημεῖα,
1510 4224 1605 4278 καὶ
1655 4224 1752 4278 σὺν
1802 4223 1882 4296 τῷ

288 4310 605 4383 ἑωρακέναι
642 4310 912 4368 λασόντων
930 4314 1023 4366 ἀπ’
1047 4315 1211 4370 αὐτοῦ
1237 4315 1419 4387 ἄρτον,
1450 4316 1546 4370 καὶ
1579 4316 1877 4387 φαγόντων,

289 4400 472 4456 αἰτίου
512 4399 609 4454 τοῦ
640 4400 826 4473 ζητεῖν
856 4403 1040 4468 αὐτοῖς
1088 4405 1379 4476 γενομένου
1432 4406 1528 4461 τοῦ
1581 4406 1879 4479 τεθράφθαι

290 4492 406 4547 ἀπὸ
437 4490 535 4546 τοῦ
568 4493 762 4563 Λόγοψ
803 4511 824 4544 ι
862 4494 1084 4565 Ζητεῖτε
1128 4496 1237 4567 γάρ
1276 4513 1366 4568 με,
1413 4498 1599 4569 φησὶν,
1643 4499 1744 4570 οὐχ
1797 4499 1879 4552 ὅτι

290 4584 468 4639 εἰδετε
496 4587 717 4657 σημεῖα,
751 4585 868 4641 ἀλλ’
910 4585 992 4640 ὄτι
1028 4588 1261 4657 ἐφάγετε
1287 4590 1353 4643 ἐκ
1397 4591 1505 4645 τῶν
1540 4591 1743 4663 ἄρτων,
1786 4592 1881 4646 καὶ

292 4677 688 4751 ἐχορτάσθητε.
723 4697 743 4731 ι
781 4674 916 4733 Εἶτα
958 4680 1084 4733 ἐπεὶ
1137 4680 1402 4752 πρότερον
1443 4686 1557 4747 τοῖς
1606 4684 1883 4748 Ἰουδαίοις

292 4768 534 4842 εἰρήκει*
566 4788 586 4821 ι
624 4769 768 4839 Ἐγὼ
795 4770 1011 4841 ὑπάγω,
1028 4773 1125 4828 καὶ
1156 4771 1421 4846 ζητήσετέ
1459 4791 1548 4846 με,
1574 4776 1670 4829 καὶ
1696 4779 1755 4830 ἐν
1810 4779 1879 4849 τῇ

295 4860 547 4934 ἁμαρτία
576 4861 729 4933 ὑμῶν
754 4863 1132 4929 ἀποθανεῖσθε,
1158 4884 1178 4917 ι
1213 4866 1327 4930 καὶ,
1360 4884 1380 4917 ι
1417 4867 1591 4920 Ὅπου
1614 4866 1725 4937 ἐγὼ
1753 4867 1884 4922 ὑπά-

296 4971 402 5023 γω,
431 4953 594 5025 ὑμεῖς
618 4954 680 5008 οὐ
712 4954 938 5010 δύνασθε
975 4954 1170 5023 ἐλθεῖν,
1215 4975 1235 5010 ι
1273 4958 1361 5010 ἐπ’
1396 4960 1574 5013 ἐκεῖνο
1593 4960 1882 5031 ἀναφέρων

296 5044 360 5098 τὸ
388 5046 750 5118 προκείμενόν
788 5064 942 5119 φησιο
975 5067 995 5101 ι
1037 5049 1146 5103 Καὶ
1186 5048 1370 5115 καθὼς
1417 5046 1569 5105 εἷπον
1599 5052 1711 5113 τοῖς
1744 5053 1880 5105 ’1ου-

295 5133 488 5199 δαίοις,
581 5135 664 5189 ὅτι
752 5137 927 5191 Ὅπου
966 5138 1078 5208 ἐγὼ
1122 5139 1339 5209 ὑπάγω.
1373 5141 1530 5211 ὑμεῖς
1558 5141 1617 5195 οὐ
1651 5140 1880 5195 δύνασθε

298 5223 496 5288 ἐλθεῖν,
529 5227 623 5279 καὶ
655 5226 783 5297 ὑμῖν
808 5228 952 5298 λέγω
974 5229 1120 5301 ἄρτιο
1165 5249 1185 5281 ι
1207 5232 1283 5295 ὼς
1311 5230 1418 5305 γὰρ
1439 5232 1686 5296 ἐκείνοις,
1723 5232 1877 5303 φησὶ,

298 5314 444 5369 τοῦτ’
475 5312 646 5380 εἷπον,
678 5317 820 5372 οῦτω
841 5322 933 5374 καὶ
967 5321 1117 5392 ύμῐνο
1147 5320 1283 5376 ἀλλὰ
1313 5324 1408 5376 καὶ
1449 5324 1578 5395 ὑμῖν
1605 5324 1764 5378 τοῦτο
1789 5325 1879 5379 λέ-

302 5420 406 5475 τω,
436 5407 499 5460 οὐ
535 5410 665 5463 περὶ
702 5410 944 5476 πλείονος
974 5413 1186 5483 χρόνου⁶
1220 5413 1363 5469 οὕτω
1400 5415 1509 5488 γὰρ
1534 5400 1722 5469 ’ἀκούω
1761 5417 1878 5470 τοῦθ

1995 3217 2276 3273 nescimus
2329 3217 2459 3287 quid
2513 3215 2791 3287 loquatur,
2843 3229 2965 3270 cum
3008 3215 3363 3271 intellexisset
3415 3215 3576 3272 Jesus

1992 3303 2121 3373 quia
2174 3303 2379 3361 vellent
2428 3318 2553 3358 eum
2602 3303 2961 3375 interrogare,
2992 3304 3127 3358 dixit
3172 3305 3321 3360 illis:
3353 3304 3427 3359 De
3471 3306 3577 3362 hoc

1993 3393 2237 3462 quaeritis
2283 3395 2423 3449 inter
2459 3408 2554 3449 vos
2578 3435 2595 3461 ,
2645 3396 2792 3464 quod
2827 3394 2937 3449 dixi
2968 3409 2983 3448 :
3014 3394 3299 3459 Pusillum,
3351 3403 3406 3450 ct
3461 3411 3572 3451 non

1992 3484 2251 3541 videbitis
2286 3500 2417 3551 me;
2451 3495 2507 3540 ct
2544 3486 2737 3541 iterum
2762 3485 3040 3556 pusillum,
3067 3495 3123 3539 et
3152 3486 3401 3540 videbitis
3441 3501 3569 3541 me:

1989 3578 2184 3644 Amen,
2218 3592 2377 3631 amen
2397 3578 2517 3631 dico
2538 3577 2690 3631 vobis
2718 3594 2733 3631 :
2767 3576 3077 3642 l’lorabitis,
3105 3575 3270 3647 454
3291 3587 3343 3631 et
3366 3577 3573 3633 lamen-

1993 3668 2239 3725 tahimini
2273 3684 2402 3732 vos;
2439 3668 2674 3723 mundus
2720 3680 2903 3723 autem
2938 3669 3227 3738 gaudebit;
3263 3685 3358 3723 vos
3385 3682 3568 3726 autem

1990 3775 2228 3817 moerore
2257 3759 2590 3827 alliciemini,
2634 3760 2731 3814 sed
2775 3773 2988 3813 mteror
3018 3768 3197 3814 vester
3230 3769 3473 3815 vcrtetnr
3513 3762 3567 3816 in

1988 3853 2247 3931 gaudium
2269 3849 2354 3904 ⁵-⁸.
2383 3871 2402 3904 ι
2431 3851 2526 3907 lllo
2572 3850 2716 3907 enim
2771 3848 2965 3920 pusillo
2999 3858 3276 3918 tempore,
3317 3868 3424 3921 quo
3458 3867 3566 3908 non

1990 3945 2245 4001 videbant
2275 3959 2424 4010 eum,
2456 3945 2775 4014 quaerebant
2816 3942 3025 3999 Jesum.
3080 3941 3345 4009 Quocirca
3386 3942 3568 4013 plora-

1989 4038 2139 4102 bant,
2184 4047 2242 4093 et
2292 4036 2774 4102 lamentabantur,
2816 4036 2911 4091 sed
2947 4050 3188 4089 mmrore
3236 4044 3568 4091 commutato

1988 4129 2100 4186 illis
2131 4129 2182 4184 in
2213 4130 2494 4200 gaudium,
2522 4129 2998 4200 implebaturtunc
3028 4127 3159 4182 illud
3195 4144 3211 4183 :
3248 4126 3345 4182 «Et
3368 4128 3565 4183 iterum

1987 4222 2271 4293 pusillum,
2305 4231 2363 4278 et
2386 4222 2641 4279 videbitis
2667 4238 2777 4279 me.
2824 4239 2843 4273 ι
2893 4221 2952 4277 In
2980 4223 3180 4293 quibus
3203 4221 3471 4290 disquires
3493 4237 3565 4276 an

1992 4316 2039 4371 is
2061 4316 2153 4387 qui
2184 4324 2306 4386 post
2329 4315 2589 4387 pusillum
2636 4316 2811 4386 ipsum
2840 4315 3057 4371 visurus
3089 4328 3194 4370 non
3225 4323 3331 4379 est,
3361 4315 3407 4367 si
3440 4314 3566 4384 qui-

1989 4407 2110 4462 dem
2136 4418 2323 4478 postea
2353 4407 2503 4462 illum
2532 4408 2747 4462 visurus
2766 4416 2872 4471 est,
2897 4415 3019 4476 post
3061 4414 3273 4474 tempus
3309 4418 3415 4458 non
3443 4404 3563 4459 lon-

1983 4515 2111 4571 gnm
2145 4501 2319 4570 ipsum
2375 4500 2601 4555 omnino
2653 4498 2871 4553 visurus
2922 4498 3038 4565 sit;
3087 4496 3563 4555 considerantibus

1982 4591 2142 4647 nobis
2186 4591 2345 4646 illud:
2372 4608 2392 4642 ι
2426 4590 2493 4644 Et
2533 4589 2729 4644 iterum
2758 4586 3381 4657 pusillum,etvidehitis
3395 4598 3501 4637 me.
3527 4601 3547 4635 ο

1980 4682 2253 4737 Caeterum
2282 4696 2534 4751 quaerere
2561 4678 2747 4736 Jesum
2772 4718 2790 4745 ,
2836 4687 2922 4735 est
2953 4691 3198 4748 quaerere
3231 4690 3561 4741 sermonem,

1981 4774 2334 4844 sapientiam.
2356 4772 2628 4841 justitiam
2662 4813 2678 4839 ,
2721 4770 3006 4824 veritatem
3036 4777 3091 4821 et
3113 4767 3407 4837 potentiam
3442 4765 3558 4835 Dei,
3638 4793 3651 4805 -

1984 4880 2103 4935 qua:
2130 4864 2313 4919 omnia
2340 4872 2426 4919 est
2451 4863 2722 4919 Christus.
2748 4862 3009 4930 Quaerunt
3040 4875 3169 4915 vero
3191 4860 3411 4930 quidam
3434 4873 3557 4913 eum

1988 4971 2054 5011 ex
2084 4956 2171 5013 his
2199 4955 2291 5027 qui
2325 4956 2478 5026 signa
2507 4954 2768 5009 viderunt
2794 4993 2811 5021 ,
2837 4953 3043 5024 quique
3073 4967 3197 5007 cum
3227 4953 3344 5022 ipso
3377 4951 3560 5006 videre

1982 5058 2335 5121 sumpserunt
2365 5051 2432 5105 ab
2451 5065 2517 5105 eo
2538 5063 2756 5120 panem,
2790 5056 2845 5105 et
2874 5047 3205 5103 comedunt:
3230 5045 3564 5101 habentibus

1985 5143 2092 5198 illis
2120 5144 2397 5214 quaerendi
2433 5157 2652 5198 causam
2677 5183 2694 5211 ,
2752 5155 2818 5197 eo
2879 5141 3025 5210 quod
3063 5137 3252 5193 nutriti
3295 5137 3497 5191 fuerint
3529 5153 3561 5192 a

1983 5234 2146 5306 Λόγῳ
2193 5245 2248 5291 et
2282 5235 2424 5291 Filio
2461 5235 2594 5290 Dei:
2633 5252 2653 5286 ι
2687 5232 2942 5301 Quaeritis
2993 5230 3140 5288 enim
3200 5248 3305 5295 tne,
3361 5230 3559 5299 inquit,

1985 5344 2091 5383 non
2135 5330 2258 5399 quia
2297 5331 2449 5401 signa
2482 5331 2754 5396 videritis,
2796 5332 2891 5386 sed
2934 5330 3061 5400 quia
3095 5329 3445 5384 comederitis
3489 5342 3559 5382 ex

1986 5422 2236 5489 panibus,
2276 5431 2329 5479 et
2361 5426 2585 5479 saturati
2621 5424 2743 5481 sitis
2766 5424 2809 5479 ".
2839 5442 2860 5477 ι
2898 5424 3103 5481 Deinde
3124 5423 3377 5495 quoniam
3399 5431 3560 5479 antea

374 5549 397 5579 ⁵
427 5546 471 5600 ll
494 5549 620 5603 Cor.
652 5562 727 5613 vt,
768 5548 851 5603 l5.
922 5549 989 5588 '-°
1016 5548 1172 5604 Joan.
1198 5566 1311 5617 xvi,
1339 5550 1515 5607 16-20.
1590 5554 1609 5585 ⁷
1642 5553 1796 5610 Joan.
1834 5571 1905 5625 vt,
1928 5554 2013 5629 26.

379 5682 487 5750 (52)
519 5683 699 5741 Codex
734 5682 952 5753 Regius,
983 5684 1142 5753 male,
1181 5687 1299 5755 μετ’
1325 5686 1506 5744 αὐτοῦ.
