3936 6196
120 284 267 342 851's

1058 275 1414 335 COMMENT.
1458 276 1526 331 IN
1560 276 1777 333 EPIST.
1817 276 1909 334 AD
1944 279 2115 344 ROM.
2144 284 2536 347 PRIEFATIO.

3336 303 3442 362 854

135 435 3411 481 ____._________________________________

1506 623 2094 717 ORIGENIS

363 818 1145 885 COMMENTARIORUM
1185 822 1267 884 IN
1325 819 1785 883 EPISTOLAM
1832 820 1893 881 S.
1928 821 2165 883 PAULI
2201 823 2310 883 AD
2349 824 2746 887 ROMANOS
2774 828 3229 895 PREFATIO.

209 1164 386 1231 Quod
428 1165 640 1221 caeteris
688 1167 915 1236 apostoli
963 1167 1113 1224 Pauli
1165 1168 1423 1239 Epistolis
1451 1168 1739 1225 'dil‘ficilior
1766 1174 1813 1232 Α
1840 1171 2169 1240 prepositum
2203 1186 2416 1240 sequor,
2461 1168 2532 1223 ad
2570 1169 2806 1237 palmam
2849 1187 3096 1240 superna:
3140 1173 3427 1228 vocationis

122 1265 386 1325 putatur
407 1256 475 1311 ad
502 1255 914 1326 intelligendum
937 1258 1050 1313 haec
1070 1275 1189 1328 quae
1216 1260 1283 1313 ad
1305 1261 1581 1316 Romanos
1603 1262 1739 1316 serio

121 1359 232 1417 pta
263 1357 387 1412 est,
418 1350 629 1406 duabus
677 1351 809 1407 mihi
851 1352 1070 1406 videtur
1097 1352 1213 1407 fieri
1254 1368 1320 1407 ex
1357 1354 1559 1410 causis.
1596 1353 1733 1418 Una,

121 1441 298 1511 quod
331 1441 730 1499 elocutionibus
770 1444 1042 1498 interdum
1070 1444 1313 1500 confusis
1334 1454 1390 1499 et
1422 1446 1603 1499 minus
1632 1459 1737 1501 ex—

122 1534 358 1602 plicitis
384 1535 583 1599 utitur;
616 1534 746 1600 alia,
771 1536 914 1604 quod
945 1536 1277 1604 quzestiunes
1302 1537 1355 1590 in
1379 1552 1441 1591 ea
1472 1537 1737 1607 plurimas

123 1633 361 1690 movet,
388 1634 442 1679 et
470 1640 563 1680 eas
594 1628 902 1697 praecipue,
938 1628 1135 1697 quibus
1169 1628 1459 1683 innitentes
1490 1630 1733 1686 haeretici

126 1727 409 1772 astruere
442 1719 617 1774 solent
643 1721 785 1789 quod
820 1721 1245 1791 uniuscujusque
1269 1731 1544 1792 gestorum
1571 1739 1734 1780 causa

126 1826 252 1863 non
282 1812 353 1863 ad
390 1812 723 1880 propositum
768 1813 989 1878 debeat,
1028 1815 1122 1869 sed
1149 1815 1216 1868 ad
1258 1824 1463 1869 natura:
1496 1814 1729 1870 diversi-

127 1909 319 1952 tatem
349 1900 562 1965 referri;
594 1910 645 1955 et
671 1917 735 1956 ex
766 1903 956 1972 paucis
985 1902 1144 1972 hujus
1180 1904 1432 1972 Epistola‘
1461 1905 1731 1960 sermoni-

128 1991 244 2043 bus
284 1992 451 2047 totitts
474 1992 768 2063 Scriptura:
794 2009 1037 2060 sensum,
1057 1996 1145 2063 q-ti
1173 1996 1384 2049 arbitrii
1418 1996 1727 2053 libertatem

128 2100 471 2138 concessam
505 2099 533 2137 a
578 2085 685 2139 Deo
722 2086 927 2140 homini
961 2088 1140 2152 docet,
1162 2098 1432 2142 conantur
1457 2099 1729 2144 evertere.

132 2176 381 2241 Propter
410 2178 550 2245 quod
598 2176 953 2247 deprecantes
1002 2180 1154 2247 prius
1196 2179 1400 2246 Deum,
1446 2182 1533 2250 qui
1583 2182 1730 2236 docet

134 2268 413 2320 hominem
446 2268 719 2322 scientiam
754 2269 823 2332 ”,
864 2277 917 2324 et
948 2270 1036 2337 qui
1067 2271 1156 2325 dat
1181 2287 1279 2338 per
1314 2269 1574 2337 Spiritum
1610 2288 1727 2325 rer-

138 2357 270 2407 bum
309 2358 577 2421 sapientia:
602 2358 668 2421 “,
695 2359 895 2427 quique
932 2359 1197 2413 illuminat
1232 2376 1434 2412 omnem
1466 2361 1729 2413 hominem

141 2449 442 2501 venientem
473 2450 524 2504 in
554 2451 693 2505 [tunc
728 2451 977 2505 mundum
1010 2453 1077 2517 ³⁷,
1114 2462 1174 2507 ut
1198 2455 1392 2522 dignos
1416 2469 1513 2507 nos
1551 2453 1731 2507 facere

140 2537 415 2606 dignetur
441 2540 745 2611 intelligere
774 2542 1093 2613 parabolas,
1126 2553 1181 2599 et
1222 2546 1487 2599 obscuros
1522 2559 1731 2598 sermo-

140 2645 268 2693 nes,
309 2631 564 2701 dictaque
589 2636 913 2704 sapientium
942 2644 996 2691 et
1016 2636 1301 2705 aenigmata
1324 2636 1393 2700 ’⁸,
1420 2635 1490 2689 ita
1513 2635 1727 2691 demum

139 2721 550 2790 explanationis
588 2725 845 2794 Epistohe
879 2725 989 2795 (69)
1023 2726 1171 2781 Pauli
1200 2726 1264 2780 ad
1302 2726 1572 2780 Romanos
1597 2740 1731 2779 con-

142 2812 423 2882 tiugeuuts
453 2816 758 2880 exordium,
799 2818 1194 2886 praemittentes
1222 2818 1334 2871 haec
1366 2831 1485 2885 qua:
1514 2816 1581 2869 ab
1612 2824 1730 2869 stn-

144 2904 319 2957 diosis
338 2906 565 2958 observa
577 2907 619 2958 ri
639 2907 834 2970 solent,
850 2910 993 2977 quod
1016 2908 1231 2962 videtur
1244 2907 1536 2977 Apostolus
1552 2907 1602 2961 in
1623 2906 1729 2962 hac

146 2992 388 3062 Epistula
430 2993 724 3063 perfectior
760 2997 928 3052 fuisse
952 3013 1117 3067 quam
1147 2998 1198 3051 in
1237 2999 1471 3051 caeteris.
1509 2997 1723 3050 Etenim

149 3099 274 3138 eum
300 3085 530 3153 primam
559 3086 624 3141 ad
644 3086 953 3143 Corinthios
970 3087 1392 3153 scriberet,erat
1424 3087 1641 3155 quidem
1669 3087 1722 3140 in

150 3177 361 3245 magnis
389 3177 739 3245 profectibus;
764 3178 966 3249 aliquid
988 3189 1165 3233 tamen
1195 3178 1262 3231 de
1301 3194 1359 3231 se
1398 3178 1542 3232 velut
1568 3189 1724 3231 nuta-

152 3270 364 3324 bundus
394 3269 503 3341 (70)
539 3271 839 3341 eloquitur,
872 3287 992 3326 cum
1020 3272 1154 3326 dicit
1184 3290 1198 3325 :
1226 3271 1331 3326 Sed
1366 3285 1573 3323 macero
1601 3285 1721 3323 cor-

154 3377 249 3426 pus
270 3377 461 3425 meum,
484 3370 532 3415 et
551 3364 786 3417 servituti
804 3364 1045 3433 subjieio,
1067 3380 1128 3415 ne
1144 3363 1277 3431 forte
1298 3379 1416 3416 cum
1441 3363 1560 3415 aliis
1578 3376 1719 3430 prte-

156 3451 573 3518 dicaverim,ipse
590 3451 837 3520 reprobus
851 3452 1043 3521 efﬁciar
1056 3454 1122 3504 '9.
1147 3451 1250 3505 Sed
1268 3461 1322 3504 et
1336 3452 1400 3504 ad
1417 3451 1724 3519 Philippen-

158 3555 245 3595 ses
265 3538 429 3610 459
446 3542 711 3605 scribens,
743 3541 997 3610 quiddam
1029 3541 1081 3593 in
1112 3556 1171 3595 se
1196 3541 1370 3594 minus
1398 3538 1572 3592 adhuc
1603 3551 1723 3591 esse

162 3631 337 3695 illius,
394 3647 557 3702 quam
612 3642 799 3701 postea
855 3642 1139 3687 assecutus
1193 3643 1314 3695 est,
1373 3628 1723 3699 perfectionis

163 3724 555 3787 ostendit,cum
588 3723 721 3778 dicit
748 3722 1085 3779 conformari
1117 3738 1177 3777 se
1222 3724 1384 3776 morti
1413 3722 1639 3784 Christi,
1674 3723 1723 3774 si

1842 1263 1942 1316 Dei
1979 1265 2033 1315 in
2075 1262 2290 1317 Christo
2336 1261 2508 1326 Jesu;
2550 1271 2604 1315 ct
2631 1271 2752 1329 post
2777 1263 2879 1315 hoc
2913 1262 3083 1317 dicit:
3116 1263 3426 1334 Quicunque

1838 1368 1966 1421 ergo
1996 1352 2215 1420 perfecti
2242 1366 2447 1416 sumus,
2483 1354 2582 1404 hoc
2612 1353 2929 1405 sentiamus.
2966 1351 3020 1405 In
3048 1367 3157 1421 quo
3185 1356 3426 1410 ostendit

1839 1442 2110 1512 duplicem
2146 1457 2267 1496 esse
2293 1442 2681 1511 perfectionem
2710 1462 2722 1496 :
2758 1458 2940 1506 unam,
2973 1460 3094 1513 quae
3135 1455 3219 1499 est
3250 1448 3297 1499 in
3332 1462 3427 1501 ex-

1838 1533 2078 1602 pletione
2112 1533 2393 1597 virtutum,
2440 1534 2738 1587 secundum
2786 1550 2946 1602 quam
2978 1536 3109 1588 dicit
3139 1538 3283 1604 quod
3318 1554 3428 1592 non

1837 1624 1908 1678 sit
1943 1623 2244 1693 perfectus;
2282 1624 2549 1687 etaliam,
2597 1639 2718 1677 cum
2772 1624 2842 1676 ita
2894 1624 3014 1691 quis
3070 1626 3304 1693 proficit,
3367 1637 3425 1681 ttt

1844 1716 2097 1771 decidere
2129 1730 2232 1768 non
2266 1715 2458 1784 possit,
2487 1731 2662 1783 neque
2699 1724 2995 1769 retrorsum
3031 1719 3301 1784 aspicere,
3331 1733 3420 1771 sc-

1836 1808 2075 1860 tzundum
2128 1821 2287 1874 quam
2338 1806 2551 1859 diccbat
2596 1822 2613 1859 :
2668 1804 2982 1875 Quicunque
3039 1824 3162 1877 ergo
3205 1810 3421 1877 perfecti

1833 1915 2037 1963 sumus,
2061 1898 2159 1951 hoc
2184 1898 2494 1951 sentiamus.
2516 1895 2797 1963 Quomodo
2824 1910 2954 1967 ergo
2986 1898 3265 1951 docebitur
3298 1914 3423 1968 per-

1834 1987 2152 2055 fectiorjam
2172 1988 2467 2042 secundam
2500 1989 2565 2039 ad
2589 1987 2909 2042 Corinthios
2932 1989 3219 2057 scripsisse
3246 2005 3412 2059 quam

1835 2081 2112 2150 primam?
2142 2080 2216 2135 Ex
2248 2081 2331 2135 his
2367 2080 2485 2134 sine
2515 2080 2680 2133 dubio
2721 2096 2841 2149 quae
2873 2080 2924 2134 in
2954 2095 3017 2134 ea
3043 2082 3243 2149 scripta
3274 2081 3418 2137 refe-

1835 2181 2050 2236 runtur,
2082 2188 2205 2226 cum
2232 2172 2365 2225 dicit
2392 2188 2404 2223 :
2444 2170 2857 2224 Tribulationem
2902 2172 3158 2239 patimur,
3189 2173 3279 2225 sed
3306 2190 3413 2227 non

1833 2263 2585 2332 angustiamur;aporiamur,
2618 2263 2709 2315 sed
2735 2278 2836 2316 non
2871 2263 3416 2331 exaporiatnurmero

1832 2356 2150 2408 secutionem
2172 2355 2426 2418 patimur,
2460 2354 2550 2406 sed
2579 2370 2679 2406 non
2734 2352 3191 2421 derelinqttimur;
3233 2354 3419 2425 deiici-

1835 2462 1974 2511 mur,
1999 2446 2089 2499 sed
2120 2464 2225 2499 non
2251 2446 2480 2513 perimus
2518 2461 2539 2509 ;
2574 2460 2778 2512 semper
2806 2454 3028 2496 mortem
3068 2443 3196 2497 Iesu
3222 2445 3277 2497 in
3301 2460 3420 2497 cor-

1830 2552 1957 2604 pore
1981 2547 2161 2589 nostro
2186 2535 2643 2603 circumferentes,
2672 2543 2727 2586 ut
2751 2545 2797 2586 et
2839 2534 2943 2586 vita
2968 2534 3095 2586 Iesu
3120 2534 3174 2586 in
3198 2549 3417 2601 corpore

1831 2634 2013 2677 nostro
2074 2626 2443 2693 manifeslelur
2475 2624 2543 2679 ³³.
2594 2623 2693 2689 Qui
2728 2638 2856 2691 ergo
2902 2637 3118 2693 semper
3168 2633 3414 2677 mortem

1828 2712 1957 2770 Jesu
2007 2716 2058 2769 in
2103 2730 2331 2785 corpore
2363 2731 2462 2771 suo
2510 2713 2951 2777 circumferebat,
2990 2729 3262 2782 nunquam
3307 2714 3415 2767 uti-

1831 2822 1937 2876 que
1966 2809 2019 2861 itt
2066 2822 2129 2862 co
2162 2807 2274 2879 (72)
2305 2806 2728 2876 concupiscebat
2770 2820 2901 2860 caro
2948 2805 3212 2859 adversus
3244 2804 3411 2874 spiri-

1832 2907 1967 2962 tum,
1994 2898 2087 2951 sed
2136 2908 2253 2951 erat
2278 2896 2325 2950 ei
2356 2896 2631 2963 subjecta,
2660 2902 2850 2961 utpote
2883 2893 3205 2947 mortificata
3235 2894 3301 2945 ad
3333 2892 3413 2947 si-

1829 2988 2191 3043 ntilitudinem
2226 2988 2417 3042 mortis
2442 2984 2663 3040 Christi.
2704 2977 2931 3050 Quod'si
2956 2984 3103 3037 dicat
3134 2983 3289 3039 nobis
3313 2984 3414 3038 alia

1827 3080 1951 3149 quis
1981 3080 2093 3134 [nec
2133 3077 2453 3132 verisimilia
2489 3091 2597 3130 non
2636 3076 2830 3141 videri,
2863 3075 2990 3144 quia
3032 3089 3137 3128 non
3177 3075 3408 3138 multum

1828 3169 2087 3239 temporis
2123 3170 2265 3224 inter
2289 3169 2522 3238 primam
2557 3165 2855 3235 Epistolam
2893 3165 3056 3219 fuerit
3103 3180 3167 3221 ac
3210 3181 3409 3220 secun-

1828 3261 1973 3326 dum,
2009 3269 2187 3329 potest
2242 3269 2297 3317 et
2326 3274 2391 3315 ex
2426 3274 2490 3314 eo
2516 3258 2823 3314 evidentius
2872 3271 3136 3324 noscere,
3179 3261 3323 3327 quod
3352 3259 3410 3314 in

1825 3353 1997 3421 prima
2026 3351 2270 3421 Epistola
2302 3350 2535 3421 ejectum
2561 3364 2687 3404 eum
2713 3348 2803 3418 qui
2837 3348 3016 3404 fuerat
3058 3349 3249 3403 incesti
3290 3361 3408 3403 sce-

1824 3441 1935 3495 lere
1985 3443 2246 3510 pollutus,
2307 3451 2364 3497 et
2414 3441 2673 3494 traditum
2731 3438 2954 3494 Satanae
3013 3440 3065 3494 in
3120 3440 3405 3495 interitum

1824 3534 2028 3595 carnis,
2056 3544 2113 3587 ut
2137 3534 2360 3601 spiritus
2389 3532 2569 3585 salvus
2602 3531 2754 3585 ﬁeret
2780 3531 2832 3585 in
2856 3532 2944 3584 die
2972 3532 3181 3585 Domini
3215 3532 3408 3601 “(75),

1827 3623 1881 3677 in
1905 3626 2144 3679 secunda
2160 3623 2330 3690 "jam
2354 3630 2598 3685 revocat,
2617 3630 2670 3674 et
2691 3620 2948 3675 Ecclesia:
2970 3621 3231 3675 membris
3257 3637 3407 3675 asso-

1824 3714 1955 3767 ciat.
1998 3712 2150 3779 Quod
2181 3714 2371 3781 utique
2402 3727 2508 3766 non
2545 3710 2773 3774 faceret,
2817 3710 2919 3763 nisi
2956 3724 3215 3778 processu
3270 3719 3406 3764 tem-

164 3817 413 3884 quomodo
438 3825 696 3871 occurrat
717 3817 771 3869 in
799 3815 1251 3878 resurrectionem,
1277 3831 1394 3881 qute
1427 3823 1501 3867 est
1525 3830 1555 3864 a
1584 3828 1725 3867 mor-
1753 3841 1798 3902 ο
1831 3804 1977 3874 poris
2009 3803 2201 3871 dignos
2228 3804 2280 3856 in
2310 3816 2375 3856 eo
2420 3802 2631 3855 fructus
2675 3800 3009 3869 poenitentia:
3060 3800 3406 3868 pervitlissel.

168 3909 263 3961 tuis
280 3908 345 3961 ³⁸.
378 3907 490 3963 Non
518 3908 663 3961 enim
689 3907 916 3970 diceret,
944 3906 990 3958 si
1011 3905 1292 3971 quomodo,
1317 3904 1361 3957 si
1384 3903 1432 3955 ci
1458 3902 1570 3970 jam
1599 3910 1727 3956 tunc

171 4014 254 4054 res
280 4000 573 4055 indubitata
610 4000 911 4053 videretur.
954 3996 1061 4052 Sed
1095 4007 1149 4051 et
1185 3996 1236 4050 in
1270 3993 1728 4062 consequentibus

172 4089 398 4158 ejusdem
429 4089 812 4157 Epistolaahtec
836 4088 1022 4143 eadem
1053 4086 1315 4150 ostendit,
1338 4100 1458 4139 cum
1486 4082 1683 4136 dicit“
1710 4102 1723 4139 :

174 4179 287 4235 Non
314 4182 449 4250 quod
469 4181 583 4250 jam
598 4189 905 4235 consecutus
928 4180 1049 4243 sim,
1079 4189 1168 4231 aut
1179 4178 1294 4247 jam
1307 4176 1565 4247 perfectus
1587 4176 1721 4239 sim;

175 4289 340 4340 sequor
367 4284 538 4327 autent
586 4283 639 4327 ut
671 4271 1127 4340 comprehendam,
1174 4273 1228 4324 in
1268 4286 1371 4339 quo
1399 4277 1444 4322 et
1487 4282 1723 4334 compre-

178 4365 343 4419 hensus
375 4381 487 4419 sum
512 4383 543 4419 a
567 4364 793 4420 Christo.
832 4364 1070 4430 Fratres,
1088 4381 1182 4434 ego
1215 4380 1294 4417 me
1311 4364 1418 4429 ipse
1452 4377 1554 4414 non
1576 4359 1721 4412 arbi-

180 4467 274 4507 tror
308 4455 703 4523 appreltendisse
740 4453 874 4525 (71).
912 4454 1066 4522 Quod
1098 4454 1141 4507 si
1172 4452 1290 4523 quis
1324 4458 1477 4520 putat
1500 4463 1593 4517 per
1618 4448 1721 4501 hu-

180 4545 439 4599 militatem
469 4547 694 4611 dictum,
734 4547 915 4600 videat
967 4547 1019 4599 in
1065 4541 1526 4611 consequentibus
1557 4554 1721 4607 quant

181 4651 347 4706 magna
384 4636 449 4689 de
479 4637 812 4704 profectibus
839 4637 951 4691 suis
984 4643 1267 4700 memorat,
1320 4648 1440 4687 cum
1474 4632 1606 4687 dicit
1636 4632 1679 4662 ³¹
1707 4648 1720 4684 :

182 4729 330 4783 Unum
358 4741 552 4793 autem,
579 4746 639 4783 ea
670 4729 880 4799 quidem
912 4743 1029 4795 qua:
1063 4736 1199 4778 retro
1229 4734 1348 4776 sunt
1381 4722 1682 4777 obliviscens
1702 4758 1719 4785 ,

182 4834 219 4876 et
247 4823 303 4875 ad
320 4838 379 4874 ea
407 4838 523 4891 qui:
544 4823 599 4875 in
646 4830 768 4882 ante
804 4829 924 4872 sunt
966 4834 1047 4870 me
1081 4816 1381 4878 extendens,
1434 4814 1719 4866 secundum

240 4982 277 5013 "
310 4959 454 5033 Psal;
476 4992 630 5039 XLIII,
660 4978 747 5034 10.
824 4975 915 5029 ³⁸1
957 4975 1190 5038 Cons",
1235 4972 1286 5027 8.

187 5052 260 5105 ll.
305 5050 347 5081 ³³
376 5050 504 5105 ibid.
535 5050 622 5114 12,
660 5049 741 5101 15.

249 5194 346 5266 (69)
387 5193 821 5266 Epistolanneest
857 5191 909 5245 in
940 5190 1119 5266 et_li_t_is_.

248 5254 341 5335 (70)
380 5254 470 5335 Sic
503 5280 634 5317 mss.
667 5262 926 5335 plerique.
968 5262 1106 5335 Editi
1137 5273 1262 5335 vero
1304 5266 1357 5311 et
1386 5270 1491 5335 ms.
1519 5254 1722 5324 Regius

190 5328 490 5399 nttnt.'1639,
508 5337 571 5386 de
598 5328 788 5389 stabulo
813 5328 864 5384 ut
899 5330 1275 5399 mutabuntltts,
1318 5328 1477 5380 male.

248 5404 343 5474 (71)
386 5406 457 5457 Ita
476 5396 726 5471 potiores
761 5416 891 5454 mss.
919 5409 971 5474 et
996 5400 1146 5474 editi.
1183 5397 1308 5450 Mss.
1349 5412 1480 5474 vero
1507 5396 1717 5474 aliquot

192 5468 421 5526 uniittitnt
466 5468 574 5540 ipse
624 5480 675 5524 et
719 5479 903 5540 postea
941 5470 1173 5532 habent,
1217 5471 1452 5520 nomium
1486 5468 1719 5518 arbitror

192 5543 628 5600 tonrpreltendisse.

248 5612 340 5680 (⁷2)
372 5613 492 5669 Sic,
511 5626 639 5665 mss.
666 5608 934 5680 plerique.
969 5605 1113 5680 Libri
1166 5620 1294 5657 vero
1322 5604 1451 5658 editi
1494 5612 1544 5655 et
1590 5618 1722 5680 mss.

196 5673 380 5750 quidam
409 5696 423 5733 :
455 5696 654 5747 semper
668 5673 821 5733 'mors
854 5676 979 5733 .Iesu
1010 5677 1061 5730 in
1099 5691 1312 5729 coruore
1351 5683 1526 5726 nostro
1556 5673 1727 5725 numi-

819 5047 862 5078 ⁸²
888 5047 1015 5102 ibid.
1045 5047 1132 5108 13,
1167 5044 1250 5099 15.
1307 5042 1350 5074 ³³
1378 5041 1561 5097 llCor.
1593 5056 1667 5105 tv,
1704 5038 1859 5094 8-10.

1833 3904 1889 3948 ct
1920 3896 2062 3963 quod
2090 3894 2205 3961 jam
2264 3907 2395 3946 caro
2444 3893 2753 3956 interitum,
2809 3904 2969 3959 quem
3018 3890 3405 3959 designavcrat

1830 3984 2124 4054 Apostolus
2174 3983 2544 4051 suscepisset,
2602 3990 2826 4051 peccato
2878 3980 3089 4035 scilicet
3144 3991 3200 4036 et
3259 3981 3404 4037 vitiis

1830 4085 2069 4141 mortua,
2126 4083 2185 4128 ut
2233 4073 2305 4128 ita
2355 4074 2573 4127 demum
2626 4072 2835 4127 viveret
2880 4069 2988 4125 Deo
3014 4072 3082 4127 ³⁸.
3108 4072 3240 4126 Cum
3272 4088 3402 4142 ergo

1832 4176 2039 4222 tantum
2077 4165 2237 4235 spatii
2264 4164 2450 4229 fuerit,
2478 4179 2585 4233 quo
2609 4150 2867 4235 peccator
2890 4164 3131 4217 incestus
3168 4164 3400 4218 salutem

1828 4259 2055 4330 spiritus
2087 4257 2340 4311 laudabili
2365 4256 2547 4311 carnis
2572 4256 2793 4309 interitu
2814 4255 3103 4323 receperit,
3130 4254 3400 4322 quomodo

1824 4366 1931 4405 non
1960 4348 2255 4419 putandum
2287 4356 2369 4402 est
2397 4345 2565 4400 multo
2584 4345 2860 4400 velociore
2886 4358 3049 4397 cursu
3080 4341 3400 4410 Aposmlum

1823 4456 1944 4509 qua:
1973 4440 2213 4508 perfecta
2253 4445 2382 4491 sunt
2417 4433 2768 4490 assecutum?
2798 4432 2903 4485 Sed
2946 4431 2999 4483 in
3030 4430 3140 4483 illis
3176 4430 3399 4497 quidem

1826 4534 1925 4588 iste
1947 4533 2067 4603 ejus
2097 4530 2263 4585 fuerit
2284 4528 2560 4598 profectus
2586 4544 2598 4578 :
2624 4534 2831 4594 quanto
2861 4520 2971 4593 (74)
3023 4531 3201 4573 autem
3238 4520 3395 4574 subli-

1826 4626 1965 4679 mior
1988 4634 2039 4677 et
2060 4622 2383 4677 eminentior
2396 4621 2463 4673 sit
2487 4618 2550 4671 ad
2573 4617 2842 4671 Romanos
2869 4613 3126 4673 scribens,
3144 4625 3209 4664 ex
3236 4612 3403 4679 ipsius

1828 4716 2085 4786 Epistulae
2104 4714 2449 4767 sermonibus
2482 4710 2819 4775 colligamus,
2854 4706 3029 4772 inqua
3060 4703 3193 4755 dicit
3224 4720 3237 4754 :
3272 4704 3401 4785 Quis

1830 4824 1922 4862 nos
1968 4805 2232 4871 separabit
2275 4821 2306 4857 a
2358 4802 2614 4855 rharitate
2671 4796 2911 4851 Christi?
2948 4793 3274 4859 Tribulutio,
3332 4810 3400 4847 an

1390 4936 1621 5024 ’rJoan.
1646 4985 1686 5036 l,
1714 4969 1745 5024 9

1847 4965 1892 4999 ’⁸
1934 4963 2096 5036 Prov.
2140 4978 2178 5025 t,
2207 4961 2262 5017 6.
2309 4962 2385 5036 ﬂ”
2425 4958 2692 5036 illorum,
2721 4957 2844 5036 27.“
2892 4956 3156 5036 ’“_l’l_r_ilip.
3191 4969 3275 5017 tu,

1944 5033 2027 5086 ³³1
2060 5024 2184 5090 Cor.
2231 5048 2282 5098 ν,
2307 5031 2361 5086 5.
2433 5030 2477 5061 ³⁸
2502 5027 2543 5082 11
2577 5026 2701 5083 (Zur.
2733 5044 2791 5094 tt,
2814 5025 2869 5081 8.
2943 5027 2988 5057 ³⁸
3020 5024 3175 5079 lium.
3202 5040 3276 5087 vt,
3310 5024 3398 5077 11.

1835 5181 2079 5246 festatur.
2114 5178 2223 5243 Qui
2254 5193 2373 5246 ergo
2399 5184 2617 5246 mortem
2658 5171 2788 5225 Jesu
2835 5171 2887 5223 in
2930 5184 3147 5246 corpore
3173 5182 3267 5246 suo
3296 5167 3396 5246 eir-

1830 5238 2241 5318 eumferebatur,
2270 5238 2535 5318 nunquam
2577 5245 2631 5295 in
2673 5258 2756 5303 eo,
2787 5253 2893 5295 etc.
2938 5240 3039 5293 Ms.
3076 5253 3213 5290 unus
3245 5238 3398 5288 habet

1829 5316 2116 5387 utrobique
2148 5316 2629 5387 mortiﬁcationem,
2663 5326 2758 5377 pro
2782 5322 3021 5387 mortem.
3209 5383 3219 5387 Α
3352 5374 3363 5385 ⁸

1900 5382 2118 5460 (75)Ἰιι
2176 5382 2539 5460 die__D_omiui.
2581 5382 2704 5434 Ilaec
2742 5383 2925 5460 'vcrba
2964 5382 3296 5460 attrittttptttt-
3352 5382 3396 5460 ill

1828 5444 2179 5512 libi-is'nntea
2220 5455 2404 5513 editis,
2439 5463 2493 5505 et
2525 5455 2575 5504 iu
2604 5467 2705 5505 ms.
2742 5450 2907 5517 Regio
2948 5462 3096 5499 num.
3130 5445 3286 5505 1639,
3309 5444 3396 5497 sed

1830 5530 2190 5582 restituuntur
2220 5539 2283 5577 ex
2313 5523 2526 5575 etcteris
2555 5535 2685 5572 mss.

1907 5596 2018 5667 (74)
2056 5595 2181 5647 Mss.
2214 5594 2433 5667 quintam
2485 5588 2717 5667 etediti,
2749 5596 3025 5657 quantum.
3063 5584 3265 5641 Deinde
3298 5597 3406 5642 ms.

1837 5657 2033 5730 Regius
2076 5657 2419 5720 noun-1659.
2453 5657 2773 5718 colliaititus.
