3974 6206
571 263 676 317 8ὗῦ

2083 248 2408 308 ORIGENIS

3689 264 3770 320 836

573 392 844 450 angustia,
877 394 944 431 an
989 377 1301 446 persecutio,
1354 392 1423 429 an
1469 378 1655 445 futues,
1689 391 1757 430 an
1789 375 2030 439 auditas,
2066 391 2134 426 an
2166 384 2210 435 Α
2235 373 2470 443 peccati,
2497 374 2564 428 de
2593 375 2854 431 interiore
2875 384 2931 430 et
2963 377 3241 432 exteriore
3263 378 3518 433 homiue'
3551 397 3659 451 quae
3679 392 3772 440 sin.

570 472 882 541 periculum,
929 485 1000 521 an
1042 467 1296 536 gladius?
1323 465 1470 522 Sicut
1506 469 1762 536 scriptum
1805 474 1882 521 est
1926 482 1944 519 :
1998 465 2140 530 Quia

569 572 782 631 propter
805 571 855 614 te
883 567 1048 612 morte
1066 558 1322 628 aﬁieimur
1352 557 1466 628 (75)
1490 567 1598 612 tota
1633 558 1743 620 die,
1783 557 2030 611 aestimati
2051 572 2142 612 su-

571 669 685 706 mus
705 654 836 706 sicut
867 666 982 704 oves
999 649 1296 705 occisionis.
1327 649 1433 704 Sed
1459 650 1514 702 in
1543 649 1626 702 his
1666 649 1905 702 omnibus
1952 664 2141 715 super-

569 745 823 799 rincimns
863 751 1076 812 propter
1123 758 1237 796 eum
1283 741 1373 814 qui
1418 740 1605 794 dilexit
1639 756 1755 794 nos.
1789 740 1974 794 Certus
2024 757 2142 794 sunt

569 837 705 889 enim
738 836 862 904 quia
893 849 1055 900 neque
1077 849 1243 895 mars,
1275 848 1437 901 neque
1465 833 1592 898 vita,
1639 845 1800 900 neque
1822 832 2016 898 angeli.
2048 847 2137 884 ne-

565 943 665 996 que
695 925 1042 993 principatus,
1085 938 1247 992 neque
1283 931 1586 989 potestates,
1640 938 1801 990 neque
1840 921 2138 989 pra’sentin,

567 1031 730 1086 neque
779 1016 986 1084 futura,
1040 1029 1204 1084 neque
1248 1015 1432 1078 virtus,
1480 1030 1641 1083 neque
1686 1013 1932 1076 altitudo,
1978 1027 2141 1081 neque

566 1107 916 1177 profundum,
970 1123 1137 1175 neque
1173 1106 1284 1159 alia
1327 1105 1442 1160 ulla
1487 1115 1765 1169 creatura,
1814 1105 2000 1170 poterit
2047 1121 2140 1160 nos

565 1215 813 1268 separare
836 1215 868 1254 α
896 1198 1156 1252 charitats
1179 1196 1297 1261 Dei,
1324 1213 1442 1266 quis
1459 1209 1533 1252 est
1556 1199 1615 1252 in
1641 1195 1853 1254 Christo
1873 1195 2005 1250 Iesu
2038 1195 2142 1248 hoe

566 1293 711 1346 mino
741 1301 919 1346 nostro
941 1291 1008 1342 ³⁷.
1045 1289 1332 1344 Veritatem
1369 1291 1486 1343 dico
1509 1291 1566 1343 in
1597 1289 1806 1342 Christo
1828 1328 1842 1351 ,
1865 1304 1968 1341 non
1995 1304 2142 1342 men-

566 1386 693 1447 tior,
728 1385 1083 1438 testimonium
1109 1384 1238 1437 mihi
1270 1383 1568 1451 perhibente
1613 1382 1928 1436 conscientia
1953 1380 2138 1436 meain

566 1476 770 1544 Spiritu
792 1484 975 1529 sancto
992 1474 1058 1528 ⁸⁸.
1089 1474 1340 1542 Nunquid
1375 1475 1590 1528 videtur
1611 1474 1722 1545 (76)
1756 1475 1945 1528 eadem
1975 1472 2138 1528 subli-

565 1567 752 1626 mitato
787 1567 983 1622 mentis
1025 1565 1230 1620 dixisse
1277 1582 1291 1619 :
1332 1565 1541 1620 lacero
1605 1583 1792 1633 corpus
1832 1581 2038 1626 meum,
2088 1575 2135 1620 et

563 1657 800 1710 servituti
842 1657 1088 1726 subjicio,
1135 1674 1199 1710 ne
1228 1657 1362 1724 forte
1394 1673 1512 1710 cum
1549 1655 1671 1710 aliis
1713 1657 2130 1725 prmdicavcrius,

561 1746 673 1811 ipse
697 1747 948 1812 reprobus
979 1745 1189 1814 efﬁciar
1219 1747 1288 1810 ³⁸,
1333 1760 1443 1814 qua
1496 1755 1551 1800 et
1597 1746 1686 1800 hic
1713 1746 1882 1800 dicit:
1916 1746 2040 1813 quia
2080 1747 2132 1798 in

565 1835 646 1888 his
685 1835 930 1890 omnibus
965 1835 1420 1902 superrincimus;
1465 1843 1522 1888 ct
1555 1851 1571 1890 :
1599 1834 1782 1890 Certus
1813 1852 1927 1890 sunt
1971 1835 2131 1902 enim,

567 1927 694 1997 quia
733 1941 898 1996 neque
940 1942 1104 1991 mors,
1153 1943 1317 1996 neque
1343 1927 1473 1990 vita,
1517 1943 1678 1994 neque
1721 1927 1916 1997 angeli,
1971 1944 2134 1994 neque

561 2020 910 2089 principatus,
941 2029 999 2074 et
1031 2030 1232 2073 cmtera
1273 2034 1394 2088 quae
1443 2020 1753 2089 descripsit,
1772 2019 2128 2090 poterint(77)

517 2171 522 2180 ι
563 2125 660 2162 nos
677 2125 927 2177 separare
955 2126 988 2162 ιι
1016 2110 1278 2162 charitate
1313 2109 1558 2164 Deitllis
1591 2109 1755 2178 igitur
1780 2110 1956 2174 nobis,
1973 2123 2134 2180 prout

561 2199 860 2267 potuimus,
904 2199 972 2254 de
1008 2214 1173 2256 sensu
1205 2202 1324 2269 ejus
1362 2201 1416 2255 in
1451 2202 1555 2256 hac
1585 2200 1826 2272 Epistola
1853 2201 1965 2271 jam
2010 2218 2134 2271 per.-

561 2291 787 2346 l'uctlore
809 2291 1117 2360 conceptis,
1140 2293 1303 2345 etiam
1339 2292 1468 2345 illud
1515 2292 1657 2348 haud
1690 2293 1922 2348 absurde
1950 2293 2134 2350 admo—

561 2381 830 2448 nehimus,
858 2381 1000 2450 quod
1028 2382 1242 2436 videtur
1267 2384 1413 2438 hanc
1443 2383 1735 2451 Epistulam
1777 2386 1843 2439 de
1869 2385 2133 2442 Corintho

560 2475 825 2538 scribere,
857 2485 910 2529 et
936 2474 1060 2528 aliis
1091 2476 1312 2544 quidem
1347 2475 1600 2545 pluribus
1646 2477 1886 2540 iudiciis,
1914 2479 2131 2535 eviden-

559 2566 667 2622 tius
713 2576 894 2622 tamen
947 2581 1015 2622 ex
1054 2583 1120 2623 eo
1164 2568 1304 2636 quod
1373 2569 1547 2623 dicit:
1577 2566 1898 2623 Commendo
1957 2582 2130 2624 autem

555 2682 700 2736 vobis
737 2680 964 2736 Phoeben
996 2696 1228 2734 sororem
1253 2690 1489 2744 nostram
1526 2681 1818 2736 ministram
1856 2683 2129 2748 Ecclesia,

557 2787 678 2839 qua:
728 2779 806 2824 est
857 2769 1105 2824 Cenchris
1135 2770 1200 2824 “.
1233 2771 1498 2825 Cenchris
1547 2773 1690 2826 enim
1747 2774 1945 2826 dicitur
1977 2774 2129 2829 locus

556 2860 823 2916 Corintho
852 2859 1087 2923 vicinus,
1121 2860 1228 2913 imo
1263 2873 1455 2930 portus
1486 2863 1654 2932 ipsius
1678 2863 1944 2918 Corinthi.
1977 2863 2128 2918 Etet

561 2952 666 3004 hoc
693 2965 826 3020 ergo
873 2962 1098 3020 apparet
1137 2952 1203 3007 de
1231 2953 1496 3007 Corintho
1514 2953 1734 3021 scripta.
1755 2962 1963 3006 etexeo
1982 2954 2126 3024 quod

561 3040 734 3093 dicit:
773 3038 989 3094 Salutat
1038 3055 1125 3094 vos
1173 3040 1338 3094 Gaius
1395 3043 1579 3111 hospes
1629 3057 1774 3094 mens
1806 3041 1850 3071 “
1880 3057 1894 3094 :
1928 3043 1994 3097 de
2021 3058 2128 3112 quo

557 3129 698 3180 Caio
751 3129 998 3184 scribens
1049 3128 1350 3185 Corinthiis
1400 3142 1836 3200 commemorat,
1892 3135 2127 3189 dicens:

559 3211 775 3266 Gratias
801 3227 900 3282 ago
933 3211 1041 3266 Deo
1069 3230 1204 3277 meo,
1233 3217 1371 3284 quod
1401 3217 1654 3268 neminem
1699 3228 1927 3270 vestrum
1953 3218 2130 3284 bapti-

559 3301 697 3366 zari,
757 3303 858 3355 nisi
891 3300 1134 3371 Crispum
1188 3315 1232 3357 et
1276 3302 1465 3358 Gaium
1492 3305 1558 3360 “.
1589 3305 1780 3362 Simile
1833 3317 1890 3361 et
1935 3308 2136 3364 deinde

561 3391 728 3444 datur
755 3389 1020 3445 iudicium
1081 3392 1170 3445 ubi
1212 3394 1344 3447 dicit
1374 3413 1390 3449 :
1424 3394 1638 3450 Salutat
1675 3414 1763 3450 vos
1794 3396 2020 3452 Erastus
2044 3416 2135 3452 ar-

559 3480 735 3535 carius
766 3481 990 3535 civitatis
1010 3481 1055 3515 “
1081 3481 1193 3552 (78)
1220 3483 1320 3536 :de
1343 3498 1450 3552 quo
1473 3485 1669 3540 Erasto
1694 3491 1758 3540 ad
1786 3488 2132 3544 Timotheum

557 3572 722 3644 4m
747 3576 1038 3628 secundam
1071 3577 1372 3644 Epistulam
1413 3580 1663 3634 scribens
1695 3583 1833 3636 dixit
1860 3599 1874 3634 :
1906 3582 2132 3638 Erastus

557 3667 808 3720 remansit
837 3665 1164 3724 Corinthi“.
1195 3669 1272 3722 Ex
1303 3669 1500 3738 quibus
1527 3673 1778 3726 omnibus
1810 3674 1988 3743 colligi
2012 3689 2134 3728 cer-

557 3756 772 3811 tissime
803 3757 1061 3812 videntur
1085 3759 1286 3814 indicta
1321 3761 1464 3829 quod
1517 3763 1582 3815 de
1627 3763 1898 3817 Corintho
1929 3764 2131 3832 scripta

559 3850 651 3901 sit.
695 3849 827 3902 Illud
861 3866 992 3904 sane
1014 3866 1120 3904 non
1147 3867 1338 3921 parum
1368 3856 1514 3908 cedit
1539 3856 1604 3906 ad
1637 3855 2002 3925 intelligentia:
2028 3858 2133 3911 dif-

557 3941 877 4002 licultatem,
900 3943 1042 4004 quod
1070 3943 1235 3996 multa
1265 3944 1330 3998 de
1349 3944 1493 4012 Lege
1521 3946 1688 4018 Moysi
1718 3949 1769 4000 in
1809 3949 1909 4003 hac
1942 3953 2131 4003 eadem

557 4038 920 4082 contexuntur
950 4030 1062 4100 (79)
1115 4033 1373 4102 Epistola,
1421 4037 1487 4090 de
1519 4040 1809 4092 vocatione
1860 4041 2130 4108 gentium,

560 4119 625 4172 de
657 4117 823 4172 Israel
877 4122 1174 4174 secundum
1211 4138 1452 4191 carnem,
1499 4135 1555 4180 et
1603 4128 1669 4180 de
1700 4127 1864 4184 lsrael
1897 4134 1990 4201 qui
2021 4147 2128 4187 non

564 4219 639 4264 est
661 4212 956 4266 secundum
990 4226 1233 4276 carnem,
1269 4215 1335 4267 de
1392 4216 1818 4274 circumcisione
1851 4223 2032 4276 carnis
2073 4232 2130 4278 et

559 4301 760 4367 cordis,
805 4301 870 4355 de
909 4301 1028 4374 lege
1074 4303 1342 4372 splrituali
1385 4315 1438 4360 et
1475 4305 1597 4376 lege
1629 4307 1852 4373 litterae,
1889 4312 1957 4366 de
2010 4314 2128 4384 lege

2247 466 2370 534 gula
2405 467 2722 537 praedixisse
2749 465 3019 532 sulliciat;
3063 468 3116 521 iu
3165 469 3252 523 his
3285 470 3433 523 enim
3480 473 3770 532 continentis

2244 554 2432 609 haberi
2486 555 2703 610 videtur
2756 555 3035 624 Epistolte.
3090 557 3244 612 Nunc
3291 563 3431 626 jam,
3484 573 3632 630 prout
3655 569 3768 621 νίιιιι

2246 645 2402 699 nobis
2433 644 2695 699 Dominus
2727 647 2944 715 aperire
2973 649 3244 717 dignatur,
3285 650 3352 703 ad
3384 653 3768 720 explanationem

2243 731 2415 800 ipsius
2439 734 2768 801 quantocius
2801 734 2915 806 (80)
2941 751 3320 806 properemus.

2315 822 2492 877 Prima
2532 825 2689 878 nobis
2725 831 2958 894 quaestio
2999 830 3066 882 de
3103 833 3326 884 nomine
3359 833 3528 901 ipsius
3555 832 3686 889 Pauli
3707 840 3765 892 ri-

2237 915 2400 968 detur
2417 931 2730 984 exsurgere,
2752 931 2847 970 cur
2876 918 2920 971 is
2945 919 3035 988 qui
3063 919 3262 975 Saulus
3282 923 3458 977 dictus
3481 935 3559 977 est
3585 925 3628 978 in
3649 929 3762 981 Acti-

2239 1005 2342 1060 bus
2360 1007 2732 1074 apostolorum
2760 1008 2828 1071 ⁸⁸,
2864 1025 3008 1063 nunc
3034 1009 3233 1065 Paulus
3253 1013 3491 1066 dicatur.
3510 1015 3759 1073 Invenimus

2245 1098 2298 1152 in
2327 1097 2624 1166 Seripturis
2649 1099 2848 1154 divinis
2877 1101 3195 1172 quibusdam
3217 1116 3458 1160 veterum
3481 1119 3756 1164 commutata

2243 1189 2521 1252 vocabula,
2567 1198 2626 1244 ut
2665 1206 2734 1246 ex
2761 1190 2968 1246 Abram
3003 1204 3232 1250 vocatus
3287 1195 3359 1249 sit
3413 1195 3684 1252 Abraham.
3710 1217 3756 1256 rx

2241 1279 2395 1334 Sarni
2438 1279 2572 1336 Sura
2602 1281 2668 1343 “,
2705 1293 2760 1334 et
2807 1297 2872 1336 ex
2923 1283 3089 1340 Jacob
3119 1285 3279 1340 Israel
3309 1288 3372 1338 ⁵⁷.
3427 1287 3480 1342 In
3512 1289 3759 1360 livangcliis

2239 1373 2509 1440 quoque"
2525 1389 2588 1426 ex
2611 1373 2834 1428 Simone
2856 1374 3070 1442 Petrus,
3096 1387 3150 1434 ct
3174 1379 3266 1436 lilii
3290 1379 3530 1435 Zebedaei
3557 1381 3640 1433 lilii
3658 1383 3758 1434 tuui-

2241 1465 2344 1520 trui
2365 1464 2654 1533 nuncnpati
2675 1478 2820 1520 sunt.
2842 1466 2944 1522 Sed
2968 1471 3082 1524 lucc
3104 1485 3166 1528 ex
3189 1482 3458 1540 prmecpto
3480 1473 3562 1527 Dei
3585 1475 3762 1545 legimus

2242 1553 2380 1608 lucta
2416 1572 2427 1607 :
2465 1571 2728 1624 nusquam
2757 1573 2886 1612 vero
2920 1574 3046 1630 erga
3080 1559 3303 1616 Paulum
3356 1562 3648 1618 invenimus
3679 1566 3759 1620 ulc

2241 1645 2442 1714 aliquid
2486 1657 2694 1716 gestum
2729 1649 2866 1720 (81).
2919 1651 2992 1706 De
3022 1667 3128 1722 qua
3177 1667 3238 1706 re
3281 1653 3598 1722 quibusdam
3625 1658 3760 1708 visum

2169 1721 2210 1781 Β
2241 1745 2345 1800 est,
2384 1739 2526 1804 quod
2579 1737 2728 1793 Pauli
2766 1721 3132 1808 procmtsulis,
3167 1721 3329 1812 quem
3381 1746 3520 1814 apud
3568 1746 3758 1813 Cyprum

2241 1824 2440 1880 Chrisu
2473 1827 2592 1884 lidei
2627 1830 2933 1899 subjecerat
2957 1833 3024 1894 δ’,
3067 1835 3388 1892 vocabulum
3431 1835 3531 1892 sibi
3567 1837 3759 1903 Aposto-

2241 1915 2325 1970 lus
2379 1919 2690 1986 sumpserit,
2723 1932 2777 1974 ut
2806 1923 2945 1978 sicut
2979 1939 3133 1994 reges
3177 1926 3354 1981 solent
3380 1928 3620 1990 σιωπὴ-ηε,
3647 1926 3760 1980 verbi

2241 2010 2436 2078 gratia,
2471 2010 2687 2066 l’arthis
2736 2011 2993 2078 Parthici,
3044 2024 3100 2070 et
3137 2014 3331 2070 Gothis
3367 2017 3579 2072 Gothici
3623 2021 3759 2072 ιιοιιιί-

2242 2103 2383 2166 uari,
2416 2103 2487 2155 ita
2519 2114 2572 2156 et
2598 2106 2897 2172 Apostolus
2923 2106 3210 2177 subjugato
3230 2109 3400 2164 Paulo
3429 2110 3616 2166 Paulus
3634 2111 3762 2164 fuerit

2242 2194 2563 2262 appellatus.
2593 2196 2744 2262 Quod
2782 2212 2848 2252 ne
2887 2213 2985 2254 nos
3010 2201 3229 2272 quidem
3260 2217 3641 2273 usquequaque
3661 2220 3760 2257 era-

2240 2287 2512 2340 Cuaudum
2545 2301 2818 2356 putamus.
2855 2288 3056 2345 Tamen
3086 2293 3212 2362 quia
3239 2293 3383 2347 nulla
3427 2293 3548 2348 talis
3576 2296 3623 2347 in
3647 2295 3764 2349 Scri-

2241 2377 2417 2444 pturis
2456 2378 2656 2431 divinis
2691 2383 3026 2434 consuetudo
3061 2382 3516 2450 deprehendiuir,
3547 2385 3764 2454 magisex

2241 2469 2325 2522 his
2353 2485 2472 2539 quac
2505 2470 2558 2524 in
2612 2473 2860 2540 exemplo
2917 2473 3122 2527 nostris
3175 2485 3344 2538 sunt,
3411 2476 3762 2532 absolutionem

2239 2575 2565 2632 qunn'autus.
2605 2562 2920 2619 Invenimus
2951 2565 3114 2634 igitur
3153 2565 3205 2620 iu
3228 2566 3527 2636 Scripturis
3559 2570 3764 2640 aliquan-

2241 2671 2325 2718 tos
2368 2662 2534 2727 binis,
2568 2663 2705 2718 alios
2741 2670 2904 2722 etiam
2937 2667 3107 2722 ternis
3140 2681 3266 2722 usos
3309 2682 3432 2722 esse
3471 2668 3762 2727 nominibus.

2241 2764 2314 2810 ut'
2346 2752 2711 2821 Salomonem,
2770 2757 3132 2825 eutndcmque
3178 2755 3406 2810 Jeddedi
3459 2756 3602 2824 (82);
3631 2756 3765 2810 Sede-

2237 2846 2440 2908 chiam,
2463 2849 2831 2917 eutudemque
2867 2846 3148 2914 Joachim;
3189 2847 3398 2914 Oxiam,
3447 2851 3765 2917 eumdetnque

2237 2947 2290 2994 et
2319 2938 2571 2994 Azariam
2599 2941 2685 3005 ⁵ος
2722 2941 2961 3012 aliosque
2987 2941 3246 3010 plurimos
3273 2943 3327 2996 in
3358 2942 3559 3014 Regum
3602 2943 3677 2996 vel
3718 2942 3766 2996 in

2234 3028 2487 3088 Iudicum
2517 3031 2686 3097 libris,
2727 3035 2868 3089 binis
2898 3035 3208 3093 nominibus
3235 3035 3485 3092 invenies
3509 3035 3760 3088 vocitatas.

2239 3119 2344 3178 Sed
2374 3136 2474 3177 nec
2507 3121 2793 3192 Evangelia
2837 3124 3058 3192 quidem
3109 3121 3257 3177 hunc
3284 3121 3531 3176 eumdem
3571 3127 3771 3175 renuunt

2235 3225 2467 3270 morem.
2501 3213 2634 3270 Nam
2669 3223 2724 3269 et
2759 3212 3044 3268 Matthaeus
3091 3213 3208 3282 ipse
3234 3211 3412 3268 refert
3439 3213 3506 3268 de
3530 3226 3604 3272 se,
3642 3207 3764 3278 quod

2235 3323 2355 3362 cum
2393 3309 2638 3362 transiret
2675 3305 2856 3370 Jesus,
2897 3305 3088 3360 inuenit
3116 3307 3394 3373 quemdam
3434 3305 3681 3360 sedentem
3708 3300 3766 3354 ad

2236 3400 2511 3459 telonium,
2537 3396 2850 3452 Matthwum
2892 3397 3101 3454 nomine
3123 3397 3191 3449 ἰ.
3224 3394 3407 3450 Lucas
3439 3409 3564 3449 vero
3594 3394 3654 3450 de
3691 3406 3766 3445 eo-

2237 3490 2358 3542 dem
2388 3488 2541 3548 dicit,
2579 3489 2704 3556 quia
2750 3503 2874 3540 cum
2909 3487 3163 3540 transiret
3187 3484 3366 3548 Jcsus,
3411 3484 3532 3538 vidit
3563 3482 3766 3553 publica-

2236 3597 2360 3634 num
2409 3580 2682 3648 quemdam
2729 3580 2938 3632 nomine
2979 3577 3137 3645 Levi,
3179 3588 3228 3633 et
3266 3579 3407 3632 dixit
3450 3577 3540 3632 ei:
3573 3575 3766 3644 Sequere

2234 3689 2314 3726 me
2330 3674 2398 3726 δ’.
2425 3672 2532 3726 Sed
2563 3682 2612 3723 cl
2647 3671 2791 3726 idem
2820 3670 2927 3724 Mat
2957 3670 3108 3726 bteus
3147 3671 3197 3725 in
3231 3669 3486 3740 cautlogo
3534 3669 3766 3737 apostolo-

2237 3779 2354 3816 rum
2399 3764 2529 3816 dicit
2570 3772 2693 3830 post
2733 3762 2928 3817 ittultos
2959 3762 3070 3833 (83)
3093 3780 3112 3818 ,ς
3150 3760 3439 3816 Μηιιιιωυι
3469 3761 3764 3830 publicanus,

2234 3869 2282 3908 et
2313 3852 2550 3908 Jacobus
2585 3852 2814 3921 Alphtci,
2860 3866 2905 3908 et
2939 3853 3222 3920 Lebba'us,
3264 3862 3311 3905 et
3357 3851 3544 3906 Simon
3589 3851 3762 3903 Chana-

2235 3963 2380 4000 na'us
2402 3945 2473 3998 ⁵³.
2509 3944 2725 3999 Murcus
2763 3958 2892 3998 vero
2935 3947 3008 4000 ita
3054 3945 3220 3998 refert
3250 3961 3264 3997 :
3297 3942 3582 4000 Mattha'us
3617 3940 3763 4009 publi-

2235 4047 2482 4100 canus,et
2505 4035 2750 4098 Thomas,
2777 4045 2827 4090 et
2845 4034 3075 4090 Iacobus
3101 4035 3329 4102 Alphei,
3345 4047 3392 4090 et
3416 4030 3763 4088 Thaddrcus”.

2237 4131 2394 4187 llunc
2422 4129 2695 4191 euutdem,
2721 4143 2882 4196 quem
2915 4127 3198 4184 “animus
3239 4127 3556 4186 Lebhzrum.
3585 4125 3760 4178 Marcus

2235 4222 2563 4276 Thaddaeum
2585 4222 2761 4290 posuit
2787 4221 2921 4290 (8i).
2956 4219 3128 4274 Lucas
3144 4235 3273 4272 vero
3305 4221 3375 4274 ita
3409 4219 3580 4289 posuit
3607 4235 3621 4272 :
3648 4214 3761 4269 llat-

2237 4313 2424 4377 thteus,
2452 4311 2700 4374 Thomas,
2735 4311 2992 4374 Iacobus,
3033 4319 3083 4364 et
3117 4307 3291 4364 ludus
3320 4308 3504 4364 Jacobi
3534 4309 3598 4360 ".
3628 4305 3761 4376 Igitur

559 4393 740 4448 carnis
771 4402 826 4447 et
849 4393 964 4465 lege
992 4395 1382 4463 membrorum,
1421 4395 1488 4450 de
1515 4397 1632 4468 lege
1665 4401 1864 4455 mentis
1910 4412 1966 4457 et
2011 4402 2131 4474 lege
2162 4399 2208 4452 D
2235 4406 2512 4468 eumdem,
2559 4417 2718 4472 quem
2773 4401 3061 4458 Muttbaans
3104 4399 3420 4468 Lehbantm,
3481 4411 3538 4457 et
3585 4400 3760 4453 Marcus

635 4513 678 4544 ”
707 4512 861 4568 Rom.
894 4527 1012 4570 vnt.
1037 4511 1106 4565 '55
1148 4525 1270 4612 sqq.
1365 4510 1410 4596 ³ξ
1437 4511 1591 4567 Rom.
1623 4531 1700 4577 Ix,
1737 4514 1790 4568 l.

635 4583 764 4612 It...“
858 4597 942 4612 ιιι.-
996 4581 1066 4612 οι
1215 4581 1238 4612 δ
1269 4580 1310 4612 ll
1345 4580 1464 4612 φαιν-
1543 4597 1593 4612 ι..
1673 4582 1742 4612 an

556 4581 601 4614 ”
634 4583 788 4636 Rom.
855 4597 966 4647 χνι,
996 4581 1086 4636 25.
1190 4580 1238 4612 ⁸⁸
1269 4580 1310 4635 11
1345 4580 1486 4637 Tim.
1543 4597 1615 4648 ιν,
1673 4582 1764 4638 20.

551 4651 602 4684 ⁸³
625 4657 790 4706 Marc.
839 4667 919 4706 ιιι.
967 4651 1055 4710 lli.
1089 4650 1178 4706 17.
1292 4651 1338 4684 ⁸⁸
1367 4654 1489 4705 Act.
1525 4668 1644 4719 xm,
1673 4655 1727 4708 9.

551 4723 602 4757 ⁸⁸
633 4722 762 4778 an.
803 4737 854 4785 ν,
885 4723 976 4778 27.
1050 4721 1098 4754 ⁵³
1123 4721 1314 4778 Matth.
1354 4737 1410 4786 ι,
1430 4722 1488 4789 5,
1519 4721 1574 4775 4.

626 4843 738 4915 (75)
777 4843 870 4899 Sic
909 4859 1008 4900 ms.
1041 4844 1240 4915 Regius
1276 4861 1423 4898 num.
1463 4845 1600 4900 1659
1636 4856 1690 4900 et
1745 4849 1894 4902 editi.
1924 4847 2116 4902 Caderi

626 4859 738 4915 (ta)
777 4859 870 4899 Sic
909 4859 1008 4900 ms.
1041 4859 1115 4900 tte
1160 4860 1240 4898 IIIS
1276 4861 1423 4898 num.
1463 4859 1600 4900 sunt!
1636 4859 1690 4900 et
1745 4859 1894 4902 editi.
1924 4859 2116 4902 caueri

551 4930 687 4967 vero
741 4929 896 4976 mss.,
931 4859 1368 4986 mortiﬁcamur;
1405 4925 1461 4968 et
1507 4916 1731 4986 quidam
1787 4919 1948 4986 paulo
1979 4929 2119 4984 post,

553 4999 890 5052 superamus.
931 4982 1135 5055 Deinde
1155 4982 1292 5037 editi
1320 4985 1408 5039 luc
1431 4993 1487 5038 et
1516 4982 1657 5038 infra
1695 4982 1922 5051 habent,
1955 4982 2124 5055 angu-

551 5055 656 5108 stia
683 5067 778 5120 pro
803 5053 994 5120 angeli.

627 5120 897 5195 (76)_.\_l§s.
955 5122 1223 5195 plerique,
1253 5121 1552 5195 Διιὶάειιὶιιιικ
1601 5122 1706 5178 Sed
1763 5138 1864 5178 ms.
1917 5123 2126 5195 Regius

554 5191 704 5246 num.
745 5191 881 5245 l659
918 5201 972 5244 et
997 5192 1151 5254 editi,
1180 5191 1400 5245 videtur.

624 5262 736 5332 (η)
777 5261 939 5332 l_:1diti,
971 5262 1185 5326 poterit.
1213 5260 1315 5332 Ms.
1336 5276 1507 5332 unus,
1543 5271 1805 5330 poterunt.

588 5328 1183 5414 -(78lnceuebrardus,
1211 5331 1295 5414 hic
1314 5331 1380 5385 de
1405 5346 1507 5385 suo
1522 5328 1766 5412 .addidit,
1792 5332 2117 5414 ὀοίκρνόμρς

553 5398 942 5522 symblum:
979 5415 1098 5466 quae
1151 5401 1315 5480 verba
1366 5415 1468 5456 nec
1522 5402 1574 5481 in
1606 5416 1737 5482 mss.
1778 5419 1880 5456 neu
1923 5405 1972 5456 in
2007 5398 2128 5484 aliis

553 5477 717 5588 faxis
768 5479 1137 5538 reperiuntur.
1192 5469 1394 5524 Deinde
1447 5470 1577 5525 edlll
1621 5481 1880 5526 omittunt
1936 5483 2130 5541 episto-

537 5552 680 5588 tam.

626 5603 742 5672 ﬁt?)
780 5601 1164 5672 Conteauntur.
1201 5606 1349 5661 Libri
1374 5607 1526 5672 editi,
1560 5618 1961 5663 connectuntur.

630 5670 746 5737 (80)
781 5670 1128 5734 Quantocius.
1175 5676 1338 5731 Deest
1377 5678 1428 5730 in
1459 5670 1708 5734 oumibus
1739 5694 1870 5734 mss.
1902 5679 2123 5737 nostris.

1885 4514 1928 4546 ”
1954 4514 1972 4567 l
2007 4515 2131 4572 Cor.

2236 4561 2240 4578 .
2269 4519 2362 4573 9.7.
2439 4519 2484 4551 ‘°
2520 4519 2674 4572 Rom.
2705 4534 2814 4581 xw,
2841 4515 2892 4568 1.
2967 4515 3010 4550 ⁸⁸
3043 4515 3172 4570 ibid.
3201 4515 3294 4573 25.
3373 4514 3460 4568 ⁸³1
3490 4513 3605 4568 Cor.
3635 4526 3664 4571 ι,
3688 4506 3756 4584 li.

1867 4585 1917 4617 “
1945 4587 2062 4640 Act.
2115 4606 2194 4652 ix,
2240 4591 2264 4642 1
2319 4604 2434 4654 seq.

1847 4654 1894 4686 ⁵⁸
1919 4655 1960 4708 11
1987 4656 2117 4725 Reg.
2153 4676 2250 4728 xu,
2277 4658 2375 4728 25,
2417 4656 2478 4711 ιν
2521 4659 2651 4726 Reg.

1672 4725 1720 4758 ”
1751 4723 1916 4780 Marc.
1956 4742 2036 4790 ιιι,
2067 4723 2154 4784 18.

2541 4588 2587 4620 ⁸⁵
2633 4587 2770 4644 Gen.
2799 4577 2932 4651 irit,
2961 4588 3017 4650 5,
3047 4587 3130 4642 l5.
3250 4586 3293 4616 ⁸⁷
3324 4586 3461 4641 ϐου.
3499 4598 3650 4642 xxxv,
3688 4577 3756 4631 l0.

2691 4674 2821 4720 HV,
2848 4653 2952 4722 97;
2979 4674 3065 4721 xv,
3099 4658 3150 4720 1,
3179 4657 3269 4710 32.
3346 4657 3389 4687 ’ί
3419 4655 3594 4708 Μςιιιιι.
3629 4651 3755 4714 111,9.

2255 4730 2301 4760 ⁵⁵
2321 4727 2459 4782 Luc.
2497 4743 2573 4792 vr,
2607 4727 2809 4793 15,16.

2227 4852 2320 4906 sed
2357 4860 2538 4906 exstat
2568 4850 2620 4904 in
2655 4850 2835 4906 editis.

2299 4921 2415 4991 (81)
2456 4921 2547 4975 Sic
2581 4935 2712 4976 mss.
2739 4921 2982 4989 plerique
3013 4927 3066 4973 et
3087 4917 3371 4974 (tabanus.
3409 4915 3543 4972 Editi
3580 4925 3686 4968 vero
3711 4913 3752 4960 et

2229 5006 2361 5045 mss.
2397 4991 2643 5060 quidam,
2676 4993 2781 5044 tale
2798 4993 2923 5059 quid
2947 5001 3167 5060 gestum.

2303 5056 2430 5131 (82)
2462 5060 2536 5112 Ita
2572 5069 2718 5132 recte
2739 5056 2837 5115 ms.
2865 5056 3238 5132 Regius_t_1u_m.
3274 5056 3507 5132 1659.1!
3533 5061 3750 5132 (If-Infit?"

2231 5114 2526 5184 veinitbnm
2561 5127 2752 5182 (ἔπεεο
2778 5114 2865 5197 qui
2894 5114 3278 5197 havbctl|_Reg.
3311 5114 3746 5197 χιι,’25.ς’ξεξδξδξι

2233 5199 2573 5264 Exemplarin
2615 5187 2808 5253 tatneti
2833 5200 3078 5266 quaedam
3101 5187 3288 5250 Graeca
3319 5199 3510 5250 habent
3533 5187 3746 5245 Εἰεδιδιάν

2227 5270 2332 5338 alia
2374 5267 2644 5322 Ἰεδδιδιά·
2675 5278 2729 5321 ct
2767 5269 2892 5322 inde
2936 5272 2992 5319 tit
3037 5267 3387 5338 ttlplqriqtte
3420 5271 3745 5338 lll$§-_".l.’~‘"lt

2227 5336 2481 5391 Babanus
2511 5350 2564 5392 et
2585 5339 2719 5406 editi
2771 5339 3031 5402 habeant,
3079 5329 3165 5389 alii
3197 5329 3380 5399 ldida,
3425 5334 3506 5406 alii
3527 5329 3746 5406 ldidutyi

2223 5408 2394 5462 editio
2431 5407 2630 5462 Veneta
2662 5405 2838 5460 Didoa
2864 5395 3119 5469 dicifsed
3149 5407 3252 5458 dici
3305 5395 3559 5458 omittitur
3585 5403 3631 5450 in
3654 5395 3744 5461 plc-

2227 5477 2407 5542 risque
2437 5493 2568 5530 mss.
2594 5487 2650 5529 et
2681 5479 2823 5545 apud
2852 5475 3159 5528 Rubanum.

2296 5546 2409 5618 (82>;
2451 5546 2568 5618 Mss
2602 5547 2810 5618 ριιιτεεξο
2837 5555 2949 5611 ροσε
2978 5546 3178 5618 multa.
3453 5609 3463 5618 .

2295 5613 2404 5684 (84)
2446 5613 2613 5683 Alias,
2645 5623 2695 5670 et
2725 5613 2933 5670 Marcus
2977 5613 3298 5670 Thada'a'um
3317 5613 3504 5682 posuit.
