3974 6206
267 267 372 326 831

1231 280 1586 342 COMMENT.
1626 287 1691 342 IN
1733 288 1956 348 EPIST.
1991 292 2084 349 AD
2125 295 2290 353 ROM.
2339 296 2464 352 LIB.
2503 297 2544 356 I.

3421 309 3526 368 838

261 387 608 492 Iliadem-um
659 392 824 460 dixit,
878 395 1053 456 Lucas
1105 397 1309 457 ludam
1351 405 1542 462 Jacobi
1599 412 1840 482 scripsit.
1873 419 1917 476 Α
1950 412 2157 471 Grarcis
2191 426 2247 471 et
2300 417 2556 487 gentibus
2608 416 2754 490 leges
2788 433 2850 474 ac
2876 431 3154 492 praecepta
3201 431 3525 488 conscribit.

257 477 486 536 Certen
523 493 609 538 est
655 495 843 541 autem
870 492 1235 561 evangelistas
1264 512 1372 550 non
1408 513 1621 556 errasse
1655 477 1842 561 in‘noo

254 570 509 627 minibus
533 577 903 644 apostolorum
931 598 945 644 ;
969 584 1064 636 sed
1094 586 1218 652 quia
1253 588 1422 643 moris
1454 601 1572 645 erat
1597 594 1740 650 binis
1757 597 1840 652 vel

251 665 448 758 ternis”
475 667 788 724 nominibus
838 673 914 726 uti
955 673 1231 742 Ilebrzros,
1289 681 1451 735 unius
1487 683 1840 758 ejusdemque

249 751 352 844 viri
395 756 616 813 diversa
657 762 852 831 singuli
895 767 1160 822 vocabula
1195 783 1426 837 posuere
1457 773 1592 844 (85).
1628 751 1837 834 Secun-

243 843 384 896 dum
441 847 585 903 banc
617 866 755 922 ergo
802 857 1258 912 consuetudinem
1313 843 1559 917 videtur
1589 869 1749 923 nobis
1782 881 1838 926 et

237 933 463 1029 I’aolus
491 942 688 1010 duplici
721 961 857 1002 usus
887 963 1008 1003 esse
1045 951 1352 1021 vocabulo;
1399 965 1449 1009 et
1499 958 1672 1014 donec
1711 964 1836 1029 qni-

233 1025 375 1082 dem
423 1034 575 1100 genti
621 1037 856 1105 propria:
899 1041 1268 1104 ministrabat,
1297 1044 1494 1100 Saulus
1523 1063 1644 1103 esse
1679 1025 1837 1107 voca-

234 1125 360 1186 ius,
390 1125 538 1190 quod
571 1136 626 1180 et
674 1130 848 1197 magis
883 1132 1229 1201 appellationi
1261 1137 1452 1204 putria
1481 1143 1834 1198 vernaculum

229 1211 580 1281 videbatur;
610 1218 805 1276 Paulus
834 1235 1013 1277 autem
1047 1226 1348 1294 appellatus
1380 1245 1500 1286 esse
1523 1230 1662 1301 (86),
1714 1251 1834 1290 cum

301 1325 364 1357 ⁸⁸
387 1327 512 1384 Act.
538 1344 663 1395 xm,
687 1332 741 1386 9.

308 1441 436 1526 (_85)
483 1445 646 1511 I'Zditi,
682 1449 908 1515 ,δίκηνΛί
936 1453 1223 1526 nominum
1269 1457 1522 1509 vocabula
1583 1477 1827 1526 posuere.

233 1509 354 1564 ενι-ει
391 1531 585 1570 euntes
616 1509 746 1572 utSS.
777 1509 946 1573 nostri
994 1531 1046 1575 et
1079 1521 1336 1578 Rabanus
1369 1509 1832 1584 omittunt

312 1654 436 1775 ‘86)
481 1655 645 1718 Editi,
680 1673 988 1725 perperam,
1035 1659 1466 1717 Paulumoutem
1500 1669 1826 1736 appellatum

312 1739 375 1774 ιε.
439 1728 616 1775 Ieitttle
658 1742 757 1775 ms-
794 1727 994 1775 [huius
1021 1746 1172 1775 nttm-
1207 1733 1338 1775 I639
1399 1733 1542 1775 [pnis
1559 1755 1619 1775 m-
1655 1737 1823 1775 Ihm..-

239 1736 375 1774 esse.
415 1727 616 1779 Deinde
658 1742 758 1783 ms.
794 1727 994 1799 Regius
1021 1746 1172 1784 nunt.
1207 1733 1358 1794 I659,
1395 1727 1542 1805 cht's
1559 1727 1619 1789 nc
1651 1737 1823 1792 Evan-

1946 509 2078 566 Nam
2112 522 2166 566 et
2192 513 2294 568 hoc
2321 513 2494 582 ipsum
2515 513 2659 581 quod
2687 511 2967 583 Scriptura
2992 517 3123 574 dicit
3150 535 3163 571 :
3192 520 3392 578 Saulus
3420 541 3514 578 au.

1943 611 2068 664 tem,
2097 604 2188 673 qui
2209 615 2256 658 et
2285 603 2490 659 Paulus
2511 605 2576 673 “,
2595 608 2876 663 evidenter
2905 625 3012 666 non
3044 611 3094 666 ei
3121 620 3247 667 tunc
3279 616 3520 684 primum

1944 689 2094 746 Pauli
2134 709 2328 748 nomen
2378 697 2617 752 ostendit
2671 698 3012 767 impositum,
3060 703 3155 758 sed
3193 706 3392 762 veteris
3423 723 3520 775 ap-

1941 781 2251 848 pellationis
2283 783 2334 840 id
2362 783 2529 842 luisse
2565 788 2839 858 designat.
2879 789 3006 844 llzec
3033 792 3103 846 ab
3135 790 3255 858 ipso
3289 806 3520 849 auctore

1938 871 2122 939 operis
2148 873 2372 938 omissa,
2431 891 2530 930 nos
2575 877 2702 946 quia
2760 877 2810 931 id
2863 879 3271 934 dissertationis
3305 881 3518 936 initium

1940 962 2224 1018 videbatur
2249 981 2571 1034 exposcere,
2594 979 2725 1037 puto
2756 973 2900 1040 quod
2928 988 3033 1026 non
3067 973 3520 1028 inconvenienter

1941 1057 2324 1122 prtentisimus.
2345 1059 2550 1114 Ctetera
2573 1060 2686 1130 jam
2711 1063 2778 1117 de
2799 1064 3241 1132 explanationnm
3263 1079 3515 1135 corpore,

1939 1145 2135 1214 quibus
2161 1151 2461 1217 poterimus
2482 1155 2820 1223 compendiis
2850 1171 3210 1226 exsequemur
3235 1157 3369 1230 (87).

1939 1465 2346 1538 geliipra'repta
2374 1470 2674 1525 conscribit.
2713 1469 2819 1525 Sed
2845 1474 3025 1528 rmteri
3067 1489 3220 1538 mss.,
3255 1476 3512 1533 “altanus

1938 1546 1996 1587 et
2047 1537 2272 1616 editihut
2305 1540 2581 1616 indextu,
2626 1542 2896 1616 IIISIQttotI
2957 1560 3059 1597 tus.
3117 1537 3256 1600 unus
3313 1548 3510 1616 llegius

1941 1621 2088 1659 Itum.
2135 1606 2263 1660 I6“
2309 1607 2502 1662 habent
2527 1613 2834 1672 conscripsit
2863 1613 2978 1662 loco
3007 1617 3309 1668 conscribit.

2009 1674 2122 1750 (87)
2167 1674 2273 1750 Ms.
2301 1692 2440 1750 unus
2468 1677 2668 1750 Regius
2691 1697 2840 1733 ntnn.
2879 1682 3035 1745 ltili,
3087 1682 3240 1734 Nunc
3257 1687 3374 1750 jam
3397 1699 3505 1740 ete-

1935 1753 2046 1796 tera
2072 1745 2133 1796 de
2155 1745 2817 1815 explanationiscorpore.
2850 1790 2864 1804 .
2905 1789 2918 1802 .
2946 1745 3312 1819 exsequamur.

253 1896 3468 1954 Ἥ

1413 2083 2135 2247 ORIGEN
2143 2093 2318 2248 IS

537 2373 1615 2538 G0llllllNTAlll0llllllI
1695 2383 1826 2534 IN

1906 2382 2560 2543 EPISWMM
2639 2389 2748 2542 Β.
2848 2387 3203 2546 Plllllll

1204 2669 1438 2812 AD
1533 2671 2469 2803 ROMANOS

1399 3005 1758 3096 LIBER
1830 3006 2324 3098 PRIMUS-

1812 3208 1880 3224 _

306 3347 455 3424 561
493 3351 542 3405 1.
587 3349 790 3408 Paulus
837 3370 1015 3409 seri-us
1059 3353 1188 3409 Jesu
1221 3353 1501 3411 Christi".
1537 3355 1610 3412 De
1644 3355 1810 3412 Paulo
1841 3365 1881 3420 Β
1910 3357 2026 3424 ejus
2051 3356 2369 3424 pronuntiet
2392 3355 2484 3425 qui
2516 3353 2795 3410 dixerat"
2825 3352 2936 3427 (91)
2963 3372 2976 3409 :
3005 3353 3141 3412 Ecce
3165 3373 3258 3428 ego
3283 3375 3396 3414 sum
3426 3361 3481 3416 in

239 3441 344 3512 jam
369 3444 622 3498 diximus.
659 3446 1020 3512 lteqniramus
1065 3463 1210 3501 nunc
1236 3463 1333 3500 cur
1362 3463 1558 3502 servus
1592 3451 1806 3503 dicatur

244 3534 287 3588 is
317 3535 400 3604 qui
437 3535 561 3590 alibi
586 3537 630 3567 "'
660 3537 852 3590 scribit
881 3561 891 3592 :
917 3537 1040 3591 Non
1082 3541 1219 3592 enim
1249 3542 1524 3609 accepistis
1554 3543 1800 3608 spiritum

241 3628 487 3682 unitatis
530 3628 722 3681 iterum
756 3629 870 3699 (88)
901 3631 957 3684 in
1007 3630 1215 3694 timore,
1257 3634 1348 3686 sed
1381 3636 1659 3703 accepistis
1687 3637 1799 3703 spi-

241 3719 387 3771 ritum
431 3721 753 3787 adoptiom's,
795 3723 847 3774 in
899 3739 1002 3792 quo
1045 3724 1338 3778 clamamus
1365 3725 1549 3778 :Abba
1602 3725 1797 3792 Pater;

239 3819 288 3865 et
318 3809 501 3864 iterum
525 3813 570 3844 δ’
601 3829 614 3865 :
643 3811 782 3878 Quia
815 3825 989 3866 autent
1017 3814 1138 3868 estis
1171 3814 1294 3880 ﬁlii,
1325 3817 1466 3868 misit
1499 3815 1639 3869 Deus
1668 3817 1795 3884 Spiv

239 3899 383 3952 ritum
433 3900 560 3954 Filii
610 3904 696 3956 sui
747 3903 800 3957 in
847 3904 1008 3957 corda
1046 3914 1227 3959 nostra
1263 3906 1575 3959 clamantem
1607 3907 1796 3961 :Abba

245 3988 413 4046 Pater.
461 3995 652 4063 Itaque
689 3996 808 4065 jam
862 4012 965 4049 non
1015 4007 1087 4050 est
1122 4014 1319 4063 seruus,
1347 3997 1434 4049 sed
1459 3996 1623 4063 ﬁlius.
1654 3998 1798 4062 Quo-

239 4083 383 4136 modo
423 4099 574 4154 ergo,
609 4101 733 4138 cum
765 4086 928 4140 etiam
975 4087 1058 4140 IIIS
1093 4087 1291 4154 quibus
1336 4089 1684 4156 prmdicabat,
1707 4089 1794 4142 di-

237 4181 316 4226 cat
341 4175 462 4242 quia
489 4175 607 4244 jam
637 4193 739 4229 non
786 4188 859 4230 est
891 4193 1093 4243 servus,
1125 4178 1216 4230 sed
1242 4177 1412 4246 filius,
1445 4177 1564 4247 ipse
1593 4194 1650 4232 se
1679 4195 1794 4233 ser-

238 4271 347 4316 vum
389 4263 712 4331 proﬁtetur?
744 4264 870 4322 Sive
901 4267 952 4320 id
984 4267 1281 4322 secundum
1323 4268 1473 4322 illam
1512 4268 1794 4323 humilita-

235 4358 326 4407 tem
369 4357 573 4410 dictum
624 4367 897 4426 putenms,
945 4373 1107 4427 quam
1165 4349 1434 4414 Dominus
1473 4361 1678 4424 docuit.
1712 4362 1794 4416 di-

233 4455 344 4500 cens
364 4445 412 4479 ⁸⁸
437 4462 452 4499 :
482 4447 678 4504 Discite
697 4465 732 4502 α
757 4465 838 4502 me
867 4449 990 4517 quia
1017 4449 1160 4502 mitis
1198 4466 1316 4504 sum
1342 4461 1389 4504 et
1427 4451 1640 4504 humilis
1669 4469 1790 4504 cor-

229 4533 303 4598 de,
349 4552 452 4591 non
499 4539 827 4594 errabimus.
869 4539 1056 4608 Neque
1102 4540 1247 4594 enim
1291 4556 1389 4608 per
1433 4541 1534 4594 hoc
1571 4541 1792 4596 laeditur

227 4627 419 4684 [Veritas
441 4629 709 4685 libertatis
738 4631 790 4684 in
821 4628 988 4684 Paulo
1021 4631 1156 4699 (89).
1202 4630 1336 4685 Dicit
1369 4633 1513 4685 enim
1545 4643 1600 4687 et
1634 4634 1784 4701 ipse:

1907 3454 2080 3503 medio
2112 3461 2367 3511 vestrum,
2401 3464 2505 3501 non
2543 3448 2684 3502 sicut
2706 3447 3059 3512 discumbens.
3095 3450 3186 3502 sed
3208 3451 3345 3504 sicut
3381 3453 3482 3506 mi-

1911 3543 2144 3594 nistram
2160 3557 2179 3604 ;
2195 3549 2249 3592 et
2271 3537 2386 3606 ejus
2415 3540 2507 3608 qui
2538 3539 2893 3604 semetipsum
2916 3540 3219 3593 exiuanivit
3239 3539 3475 3595 formam

1903 3632 2044 3684 servi
2078 3630 2354 3698 accipiens
2373 3628 2438 3692 ⁸³,
2473 3629 2708 3684 utsicut
2747 3629 2816 3684 iis
2860 3628 2951 3698 qui
2999 3629 3052 3684 in
3092 3629 3208 3698 lege
3242 3641 3370 3684 sunt
3421 3633 3478 3687 lit

1901 3732 1954 3776 et
1989 3722 2105 3790 ipse
2133 3721 2236 3775 sub
2279 3720 2420 3789 lege,
2450 3727 2504 3772 et
2539 3719 2604 3774 iis
2631 3721 2723 3788 qui
2764 3720 2882 3776 sine
2921 3719 3039 3788 lege
3073 3731 3199 3774 sunt
3247 3722 3478 3781 cmcitur

1899 3811 2068 3866 etiam
2095 3811 2212 3880 ipse
2234 3811 2352 3864 sine
2381 3811 2498 3878 lege
2516 3809 2584 3874 “,
2606 3811 2679 3864 ita
2709 3819 2764 3866 et
2789 3809 2906 3877 ipse
2937 3824 3034 3877 pro
3066 3810 3152 3864 his
3181 3812 3271 3879 qui
3297 3814 3476 3870 adhuc

1899 3905 2042 3958 servi
2079 3914 2229 3965 sunt,
2259 3911 2315 3956 et
2365 3903 2603 3958 nondum
2642 3916 2739 3974 per
2778 3900 3033 3970 spiritum
3077 3903 3388 3973 adoptionis
3420 3905 3473 3960 in

1897 3993 2213 4049 libertatem
2245 3992 2494 4062 perducti
2527 3991 2996 4056 filiorum,servus
3031 3991 3312 4061 etIiciatur,
3335 4010 3470 4050 con-

1899 4087 2126 4140 trarium
2171 4101 2280 4140 non
2339 4084 2629 4139 videbitur.
2666 4085 2745 4140 Ad
2781 4085 2880 4138 hoc
2915 4093 3095 4154 potest
3139 4085 3302 4140 etiam
3343 4087 3474 4142 illud

1896 4177 2048 4242 addi,
2089 4179 2234 4246 quod
2269 4181 2334 4232 ad
2367 4178 2678 4234 Corinthios
2715 4179 2967 4256 scribens
2991 4179 3131 4232 idem
3157 4179 3470 4248 Apostolus,

1893 4281 1948 4325 et
1997 4271 2066 4325 de
2124 4270 2327 4340 nuptiis
2377 4269 2460 4325 vel
2514 4271 2767 4324 castitate
2828 4273 3170 4340 praecipiens,
3215 4282 3469 4342 tauquam

1894 4362 2076 4416 alieno
2121 4364 2340 4416 nomine
2375 4362 2622 4432 qumdam
2672 4362 2740 4416 de
2800 4361 3052 4420 libertate
3093 4378 3159 4416 ac
3209 4365 3470 4417 servitute

1895 4452 2200 4520 interserit,
2227 4453 2416 4506 dicens
2435 4453 2479 4484 ⁸⁸
2513 4469 2524 4502 :
2553 4452 2746 4506 Servus
2788 4467 2999 4505 vocatus
3040 4469 3092 4505 es
3116 4453 3142 4505 ?
3184 4451 3336 4504 Nihil
3378 4471 3467 4506 cu-

1894 4560 1974 4597 res
2000 4560 2019 4598 :
2048 4546 2140 4598 sed
2165 4555 2212 4598 et
2244 4544 2292 4598 si
2315 4554 2460 4612 poles
2493 4543 2624 4595 liber
2649 4543 2788 4610 ﬁeri,
2821 4543 2987 4610 magis
3011 4552 3172 4595 utere.
3204 4541 3306 4606 Qui
3329 4545 3466 4596 enim

1892 4635 1946 4688 in
1984 4635 2210 4688 Domino
2248 4648 2462 4688 vocatus
2507 4643 2584 4688 est
2633 4650 2834 4698 servus,
2862 4633 3078 4686 libertus
3113 4641 3186 4685 est
3218 4632 3465 4686 Domini:

235 4711 358 4770 Nam
383 4737 500 4773 cum
527 4722 661 4776 liber
683 4723 782 4776 sim
822 4723 886 4775 ab
917 4723 1183 4785 omnibus,
1210 4722 1449 4776 erunibus
1477 4740 1558 4777 me
1580 4740 1784 4778 servum
1814 4705 1855 4762 C
1890 4727 2138 4778 similiter
2173 4737 2222 4780 et
2257 4727 2348 4792 qui
2377 4725 2507 4778 liber
2533 4737 2747 4778 uocatus
2787 4734 2887 4787 est,
2923 4739 3102 4778 seruus
3145 4732 3221 4778 est
3247 4722 3467 4778 Christi.

225 4803 377 4871 Icci“
413 4812 547 4885 (90).
585 4813 766 4869 Servit
793 4829 924 4882 ergo
960 4815 1208 4877 Christo,
1241 4831 1348 4870 non
1377 4816 1428 4868 in
1450 4815 1642 4883 spiritu
1671 4831 1789 4870 ser-

231 4898 421 4969 titulis,
436 4906 528 4958 sed
551 4903 604 4958 in
639 4904 835 4972 spiritu
862 4904 1194 4974 adeptionis,
1226 4904 1353 4972 quia
1382 4903 1528 4957 omni
1558 4901 1790 4957 liberta-

231 4992 274 5042 le
294 4995 519 5051 nobilior
551 5007 636 5052 est
665 4997 903 5053 servitus
935 4997 1166 5052 Christi.
1199 4996 1327 5051 Sive
1357 4997 1510 5065 quasi
1543 4996 1788 5052 imitator

283 5132 327 5165 ⁵⁷
361 5133 516 5188 Rom.
547 5151 580 5194 ι,
619 5135 670 5190 1.
744 5135 790 5168 ⁸⁸
815 5135 971 5189 Rom.
1003 5151 1120 5195 vtn.
1154 5136 1239 5191 l5.
1314 5137 1358 5168 "
1383 5135 1561 5191 Galat.
1593 5151 1666 5199 Iv,
1700 5133 1813 5197 6,7.

223 5191 262 5230 ⁸³
280 5201 469 5272 Philip.
498 5191 637 5272 tt,v7.
717 5206 762 5238 “
791 5206 808 5260 I
835 5206 961 5262 Cor.
997 5222 1073 5273 ιι,
1099 5191 1189 5261 9-1.
1268 5207 1312 5238 ⁸⁸
1341 5206 1356 5262 1
1386 5207 1512 5260 Cur.
1551 5191 1664 5271 vn,
1682 5191 1870 5260 217-25.

281 5340 393 5414 (88)
425 5338 650 5396 Iterum.
687 5338 854 5414 Deest
909 5341 962 5414 in
995 5340 1276 5414 Apluribus
1331 5355 1487 5414 mss.,
1551 5340 1692 5392 sicut
1729 5347 1784 5392 et

201 5409 545 5477 Daulo’post,
577 5411 871 5479 accepistis.
913 5409 1120 5466 Deinde
1163 5425 1291 5464 mss.
1333 5409 1450 5463 iure
1503 5424 1692 5462 omnes
1727 5419 1782 5479 et

187 5482 332 5538 6diti
353 5521 369 5543 ,
403 5483 530 5549 quia
567 5477 709 5535 estis
739 5481 940 5550 βιῶ...
998 5482 1051 5535 iu
1103 5483 1264 5534 corda
1295 5491 1497 5543 nostra,
1522 5489 1655 5541 etc.,
1686 5477 1779 5532 sed

189 5551 411 5606 rectius
443 5566 546 5605 ms.
573 5566 714 5604 unus
750 5562 807 5604 ut
839 5551 889 5604 in
924 5563 1111 5604 nostro
1135 5559 1308 5604 textu.

273 5622 394 5697 (39)
431 5620 528 5697 bis.
561 5619 766 5697 Regius
797 5637 945 5697 nunt.
1197 5636 1358 5697 neque
1395 5619 1532 5672 enim
1560 5635 1652 5684 per
1691 5618 1784 5697 hoc

169 5688 399 5801 rvet-itas
442 5688 660 5744 laborat
690 5691 741 5744 in
790 5689 982 5744 Paulo.
1011 5691 1120 5746 Sed
1157 5689 1338 5745 (“atteri
1377 5705 1531 5753 tnss.,
1567 5699 1618 5741 et
1650 5688 1784 5741 cditi

211 5771 250 5801 ll
291 5764 347 5801 in
383 5769 556 5801 Ipvln-

211 5771 254 5812 tt
291 5764 347 5816 in
383 5769 557 5814 textu.

1895 4812 2077 4868 Pretio
2119 4816 2275 4881 empti
2309 4814 2458 4874 estis,
2492 4812 2654 4868 nolite
2685 4812 2801 4880 ﬁeri
2845 4812 2978 4864 servi
3011 4810 3300 4864 hominum.
3337 4810 3464 4876 Quae

1889 4907 2076 4974 utique
2107 4905 2379 4957 nonnullis
2409 4913 2601 4957 contra
2645 4902 2909 4957 rationem
2941 4901 3197 4954 videntur
3227 4901 3452 4956 inserta.

1888 4999 2025 5064 Quid
2079 4997 2221 5050 enim
2269 4997 2336 5048 ad
2399 4995 2714 5065 nuptiarum
2754 4993 2837 5047 vel
2879 4993 3150 5048 castitatis
3197 5003 3460 5062 praecepta

1893 5137 1940 5169 ‘°
1977 5137 2161 5192 Matth.
2193 5153 2244 5192 tu
2302 5137 2394 5193 29.
2473 5137 2515 5170 ⁸¹
2547 5135 2711 5191 ICor.
2737 5150 2813 5204 tu,
2845 5134 2982 5188 19."
3012 5132 3142 5187 Luc.
3201 5147 3340 5195 χχιι,
3371 5130 3458 5187 ῒῖο

1957 5340 2070 5410 (90)
2099 5339 2246 5414 Libri
2277 5337 2630 5414 _antea__editi,
2652 5346 2714 5414 _ct
2741 5335 3071 5414 τηε-Πιερίης
3117 5349 3265 5390 unm.
3299 5331 3458 5414 1(ξόεῇ

1885 5402 2240 5474 αὑύηίηὶὺιη,
2265 5410 2563 5462 horninibus
2590 5408 2686 5478 (al.
2715 5402 2971 5478 omnium)
2995 5421 3073 5459 me
3101 5402 3454 5478 seruantfect'.

1959 5481 2070 5548 (9i)
2098 5479 2186 5533 Sic
2225 5471 2359 5532 tnss.
2397 5471 2664 5548 plerique.
2703 5471 3026 5548 Salodianus
3081 5483 3136 5548 et
3171 5471 3454 5528 Mei-linus.

1888 5544 2275 5624 Gcnebrardns
2305 5544 2764 5624 vei-'o,__sive-_quia
2800 5544 3193 5624 imitaturnejus
3219 5557 3458 5622 pronun-

1888 5621 2075 5670 tiatum
2097 5619 2187 5681 qui
2211 5617 2437 5669 dixerat.
2468 5617 2566 5670 Ms.
2604 5613 2975 5685 Regiusuum.
3018 5613 3178 5673 1656.
3208 5613 3316 5668 sive
3337 5613 3455 5679 quis

1888 5704 2003 5741 eum
2039 5688 2352 5740 itttilalorem
2392 5687 2504 5756 ejus
2527 5684 2846 5754 pronuntiet,
2873 5684 2964 5753 qui
2989 5687 3218 5748 dixerat,
3245 5689 3350 5737 etc.

3953 4835 3955 4860 Ι

3951 5017 3953 5148 ἓ

3951 5159 3953 5185 l

3949 5237 3951 5258 |

3949 5283 3951 5314 Ι

3948 5413 3951 5448 Ι
