3974 6206
545 265 648 320 8'59
2025 255 2094 312 ΟῙ

2203 255 2349 310 ENIS
3657 261 3742 320 8ῑο

543 375 990 433 commemoratio
1062 371 1342 427 servitutis
1399 385 1463 426 ac
1540 369 1810 427 libertatis
1881 373 2118 427 assumi-
2146 376 2192 434 Α
2222 370 2512 439 speculum,
2561 379 2610 424 et
2654 371 2710 425 in
2744 371 3115 440 a'uigmate";
3141 379 3198 426 et
3241 372 3362 428 ideo
3395 373 3566 430 sancti
3593 389 3750 435 servos

547 481 635 524 tur
663 469 822 540 (92)?
853 465 959 521 Sed
1005 479 1104 518 nos
1159 479 1383 517 sensum
1422 461 1573 518 Pauli
1621 465 1690 518 ita
1741 463 2115 533 intelligimus,
2219 477 2280 517 se
2301 477 2422 517 esse
2446 462 2655 524 dicunt,
2689 463 2755 516 ad
2791 463 3257 531 comparationem
3307 465 3456 520 illius
3499 466 3748 535 libertatis,

545 559 686 628 quod
717 570 934 610 servmn
975 553 1123 606 dicat
1155 567 1280 606 eum
1322 553 1412 621 qui
1436 550 1606 621 jugali
1641 552 1956 605 conditione
1987 565 2119 605 cou-
2217 566 2338 621 qua:
2371 550 2506 620 facie
2532 551 2601 604 ad
2629 551 2816 620 faciem
2847 553 3125 608 tribuitur.
3165 552 3268 620 Qui
3306 557 3508 610 etenim
3537 566 3688 626 potest
3707 561 3750 614 in

546 650 769 703 strictus
799 653 884 700 est
914 661 928 698 :
955 644 1082 712 quia
1129 643 1321 697 mulier
1345 661 1447 697 non
1473 643 1626 696 habet
1659 651 1968 711 potestatem
1996 659 2116 696 cor~
2217 658 2383 698 carne
2414 642 2539 710 quis
2593 643 2804 712 positus
2859 644 3084 712 adipisci
3135 646 3404 716 integram
3465 647 3748 719 libertatem,

541 739 684 806 poris
718 736 825 796 sui,
847 735 936 788 sed
971 734 1050 790 vir
1094 733 1249 804 ejus;
1285 744 1330 788 et
1362 735 1440 788 uir
1474 751 1577 787 non
1608 735 1762 788 habet
1799 742 2111 803 potestatem
2217 743 2274 786 ut
2298 735 2349 786 in
2371 733 2646 802 nullojam
2669 734 2873 788 serviat
2898 735 3093 789 carni?
3121 735 3278 790 Sicut
3307 752 3410 792 nec
3449 737 3749 806 adoptione:

542 831 774 898 corporis
808 829 917 894 sui,
963 828 1053 883 sed
1095 844 1231 882 uxor
1285 829 1402 895 ejus
1420 826 1487 881 “.
1525 826 1755 895 Propter
1787 826 1928 894 quod
1973 833 2021 878 et
2063 825 2114 877 in
2218 823 2449 877 ﬁliorum
2477 823 2602 893 quis
2650 823 2700 877 in
2751 838 2979 894 corpore
3008 826 3217 895 positus
3251 827 3456 881 habere
3484 844 3550 882 ex
3581 829 3752 901 integro

547 919 670 972 aliis
702 919 831 972 dicit
884 921 950 972 de
1005 918 1107 984 eis,
1138 919 1263 988 quia
1322 935 1423 972 uou
1478 928 1550 972 est
1585 917 1821 970 servituti
1855 917 2114 984 subjectus
2217 923 2414 980 potest.
2449 915 2628 983 Atque
2664 915 2868 969 utinam
2904 916 3007 970 hoc
3048 915 3242 972 saltem
3275 917 3510 974 obtineri
3541 923 3748 989 possitis

548 1011 738 1074 frater,
777 1008 852 1062 rel
889 1025 1044 1062 soror
1079 1011 1132 1062 in
1168 1009 1362 1062 talibus
1381 1009 1444 1073 ⁸⁷,
1479 1009 1710 1072 scilicet,
1737 1008 1875 1078 quod
1905 1007 1956 1061 in
1995 1007 2116 1061 aliis
2216 1005 2324 1058 vita
2374 1005 2702 1070 mortalium,
2757 1017 2816 1060 ut
2861 1022 3056 1063 servus
3081 1009 3205 1078 quis
3237 1009 3440 1064 Christi
3482 1026 3546 1065 ex
3577 1013 3748 1084 integro

540 1109 634 1148 eos
664 1095 914 1148 servituti
945 1095 1113 1148 sciret
1157 1111 1279 1150 esse
1309 1095 1604 1162 subjectos.
1639 1097 1733 1150 Est
1757 1112 1888 1164 ergo
1921 1111 2114 1151 servus
2217 1098 2308 1152 [lat
2341 1113 2354 1149 :
2389 1108 2443 1152 et
2474 1114 2576 1152 non
2606 1099 2782 1165 carni,
2814 1115 2919 1152 non
2951 1101 3228 1168 sanguini,
3266 1117 3372 1156 non
3404 1119 3554 1157 vana:
3583 1105 3746 1175 gloria,

541 1196 785 1242 vocatus.
813 1185 902 1256 qui
945 1186 995 1239 in
1025 1185 1276 1255 conjugio
1307 1188 1518 1256 positus
1544 1189 1688 1241 venit
1715 1189 1779 1240 ad
1811 1188 2110 1254 Christum,
2216 1206 2320 1244 non
2364 1191 2670 1258 cupiditati,
2717 1206 2824 1244 non
2865 1193 3130 1258 avaritiae,
3179 1209 3285 1248 non
3333 1197 3644 1260 iracundia,
3670 1215 3746 1253 non

539 1283 625 1330 cui
668 1277 867 1330 dicitur
897 1293 912 1331 :
963 1275 1159 1332 Servus
1211 1288 1428 1333 vocatus
1458 1295 1510 1332 es
1532 1280 1557 1332 7
1583 1278 1734 1332 Nihil
1769 1279 1838 1332 ad
1887 1289 1934 1330 te
1985 1280 2113 1332 atti-
2213 1281 2460 1347 invidiae;
2486 1281 2684 1350 sedqui
2717 1282 2815 1337 soli
2844 1281 3084 1350 Christo,
3117 1284 3168 1338 id
3201 1293 3289 1340 est
3323 1289 3574 1342 omnibus
3622 1287 3746 1344 simul

538 1380 654 1422 neat
682 1383 701 1421 :
731 1370 821 1426 sed
852 1377 900 1422 et
935 1369 980 1422 si
1009 1378 1156 1436 potes
1187 1369 1316 1422 liber
1341 1371 1479 1438 ﬁeri,
1518 1373 1685 1440 magis
1718 1382 1860 1425 utere
1879 1371 1922 1401 ⁸⁸
1949 1372 2110 1440 ;quia
2213 1371 2505 1425 virtutibus
2563 1371 2787 1425 serviat.
2835 1373 2959 1427 Ilznc
2994 1375 3062 1426 de
3089 1389 3155 1430 eo
3185 1377 3330 1447 qund
3362 1378 3622 1447 scriptum
3647 1393 3746 1436 est:

540 1465 591 1516 in
625 1463 951 1532 conjugibus
983 1461 1208 1515 alterius
1238 1460 1351 1533 (95)
1382 1461 1734 1516 continentia:
1771 1463 1996 1516 libertas
2033 1461 2111 1514 al-
2213 1461 2418 1516 Paulus
2449 1478 2629 1516 seruus
2662 1461 2790 1516 Jesu
2817 1462 3035 1519 Christi.

539 1556 636 1608 teri
667 1564 889 1624 generat
913 1554 1210 1624 periculmn
1247 1553 1540 1608 castitatis.
1574 1552 1696 1607 Non
1727 1556 1870 1607 enim
1911 1555 2110 1608 debent
2277 1556 2335 1612 2.
2379 1554 2608 1609 Vocatus
2637 1555 2920 1625 Apostolus
2943 1558 3010 1610 ⁷³.
3048 1557 3250 1613 Nomen
3282 1560 3406 1624 hoc,
3443 1567 3494 1614 lit
3520 1567 3600 1617 est
3628 1580 3749 1617 rore-

539 1646 638 1698 nisi
675 1659 740 1698 ex
794 1661 1062 1700 consensu
1109 1647 1175 1700 ad
1225 1656 1438 1714 tempus
1470 1660 1669 1700 vacare
1699 1647 1931 1698 orationi
1957 1645 2022 1708 ",
2056 1654 2110 1699 et
2144 1707 2179 1720 __
2211 1658 2317 1711 tus,
2347 1647 2472 1718 quia
2505 1649 2570 1702 ad
2596 1663 2783 1702 omnes
2818 1651 3054 1718 pertinet
3089 1652 3180 1720 qui
3209 1651 3261 1706 in
3290 1653 3509 1707 Chrism
3535 1658 3747 1720 credunt,

540 1736 738 1789 iterum
774 1736 827 1790 in
877 1735 1108 1804 idipsum
1145 1743 1230 1788 est
1265 1734 1668 1800 revertendum,
1703 1749 1768 1786 ne
1801 1750 1893 1788 eos
1939 1742 2108 1787 tentet
2144 1734 2181 1763 "
2211 1738 2460 1806 generale
2493 1746 2671 1808 potest
2702 1739 2911 1804 videri;
2943 1742 3039 1794 sed
3069 1742 3446 1810 unusquisque
3485 1749 3745 1801 scentulum

536 1827 774 1880 Satanas
820 1835 1045 1895 propter
1081 1825 1539 1879 incontinentiam
1576 1840 1751 1878 suam.
1789 1825 1834 1877 ls
1861 1841 1988 1894 ergo
2014 1826 2106 1894 qui
2213 1830 2262 1882 id
2293 1830 2436 1897 quod
2469 1830 2521 1883 in
2550 1843 2616 1884 eo
2644 1831 2888 1898 prtevidit
2909 1840 2959 1886 et
2990 1831 3150 1900 elegit
3193 1833 3305 1903 (99)
3337 1833 3497 1896 Deus.
3525 1846 3614 1889 aut
3643 1854 3743 1907 apo.

535 1938 633 1992 pro
684 1938 824 1976 nexu
857 1920 1100 1991 cenjugii
1146 1934 1336 1973 servus
1361 1928 1590 1972 vocatus
1623 1928 1729 1981 est,
1763 1917 1992 1972 libertus
2023 1928 2105 1972 est
2211 1918 2382 1972 stolus
2443 1929 2688 1986 vocatur,
2747 1928 2840 1973 aut
2888 1921 3174 1990 propheta,
3225 1933 3318 1976 aut
3372 1927 3646 1994 magister,
3676 1936 3743 1982 aut

536 2013 769 2069 Domini.
808 2013 1060 2068 Libertus
1089 2012 1234 2067 enim
1274 2025 1453 2079 neque
1479 2025 1544 2064 es
1576 2009 1790 2078 integro
1817 2009 1974 2072 liber,
2006 2025 2106 2064 ne-
2213 2009 2353 2065 liber
2381 2013 2448 2066 ab
2481 2026 2670 2074 uxore,
2708 2021 2806 2066 aut
2844 2027 3032 2068 servus
3078 2015 3129 2068 in
3167 2014 3436 2084 conjuge;
3474 2027 3527 2071 et
3569 2035 3659 2088 pro
3686 2021 3747 2072 di-

537 2121 647 2174 que
686 2121 752 2159 ex
795 2105 1006 2174 integro
1047 2117 1238 2157 St‘l‘thS
1287 2111 1370 2154 est
1405 2100 1540 2171 (9t).
1567 2101 1621 2154 Si
1677 2101 1727 2154 in
1760 2101 1972 2156 caeteris
2001 2102 2112 2154 vir-
2213 2105 2471 2158 vet-sitate
2523 2104 2712 2173 gratia:
2758 2108 3061 2174 completur
3114 2106 3244 2160 illud
3307 2110 3451 2176 quod
3518 2111 3746 2179 scriptu

539 2199 746 2253 tutibus
782 2196 922 2251 liber
973 2195 1157 2260 fuerit,
1206 2195 1248 2249 si
1299 2194 1444 2260 ﬁdei,
1484 2195 1776 2262 patientiae,
1810 2195 2112 2248 misericor-
2211 2195 2351 2248 est“
2381 2214 2394 2248 :
2425 2195 2582 2249 Multi
2637 2207 2761 2250 sunt
2814 2198 3007 2259 uocati,
3056 2200 3214 2264 pauci
3276 2211 3450 2253 autem
3503 2202 3646 2255 electi
3668 2203 3744 2272 (l).

531 2289 655 2351 dite,
694 2285 916 2354 iustitiae
959 2286 1198 2340 tenuerit
1245 2283 1579 2347 libertatem,
1613 2282 1848 2337 libertus
1894 2282 2106 2337 Domini
2211 2284 2502 2340 Sciendum
2544 2298 2722 2340 tamen
2783 2298 2866 2341 est
2921 2289 3063 2359 quod
3119 2291 3376 2359 possibile
3420 2301 3501 2346 est
3537 2295 3746 2362 aliquem

531 2378 856 2448 appellatur,
895 2385 1090 2456 utpote
1128 2375 1220 2446 qui
1265 2390 1364 2446 pro
1416 2373 1582 2428 animi
1632 2375 1926 2428 virtutibus
1975 2374 2110 2429 liber
2211 2391 2332 2433 esse
2362 2389 2609 2432 vocatum
2663 2379 2986 2448 apostolum,
3023 2391 3116 2434 aut
3151 2391 3400 2436 vocatum
3437 2386 3746 2453 prophetam,

531 2471 623 2534 sit,
652 2478 702 2524 et
733 2485 830 2538 pro
859 2467 1129 2537 coiq’ngali
1165 2467 1489 2522 necessitate
1519 2465 1632 2534 (95)
1666 2467 1740 2518 sit
1770 2481 1979 2520 servus.
2019 2464 2110 2518 Li-
2209 2479 2304 2524 aut
2330 2480 2575 2524 vocatum
2608 2472 2949 2540 magistrum,
2981 2482 3034 2527 et
3061 2472 3103 2527 si
3137 2474 3438 2544 neglexerit
3475 2478 3747 2532 vocationis

531 2563 628 2616 ber
657 2576 785 2615 vero
829 2569 911 2615 est
951 2559 1042 2628 qui
1100 2559 1219 2612 sine
1268 2572 1439 2612 uxore
1490 2573 1587 2626 per
1618 2557 1908 2626 puritatem
1935 2555 2109 2610 conli-
2211 2578 2324 2617 sum
2349 2562 2602 2632 gratiam,
2649 2562 2903 2617 decidere
2939 2579 3005 2618 ex
3051 2579 3112 2619 ea
3141 2584 3153 2618 :
3179 2565 3321 2620 sicut
3365 2576 3420 2620 et
3467 2565 3646 2632 ludas,
3673 2568 3746 2637 qui

533 2655 729 2709 neutiaa
755 2654 900 2706 venit
931 2653 997 2705 ad
1035 2650 1334 2714 Christum,
1373 2649 1466 2719 qui
1501 2656 1679 2725 tamen
1721 2664 1910 2703 servus
1948 2649 2108 2703 Cbri-
2210 2654 2490 2725 apostolus
2531 2665 2758 2708 vocatus
2790 2663 2893 2719 est,
2926 2664 2981 2710 et
3023 2656 3301 2728 negligens
3336 2660 3631 2715 vocationis
3657 2675 3747 2714 sua

532 2747 601 2799 sti
638 2745 886 2810 cﬂieitur,
919 2745 1043 2797 dum
1074 2759 1136 2797 ex
1174 2743 1382 2812 integro
1425 2741 1715 2795 virtutibus
1749 2741 1934 2795 servit.
1969 2738 2108 2794 Pau-
2210 2746 2466 2815 gratiam,
2521 2761 2586 2800 ex
2637 2747 2882 2814 apostolo
2924 2745 3148 2803 eﬂ'ectus
3195 2759 3278 2803 est
3315 2751 3561 2819 proditor
3584 2752 3671 2822 (9.).
3695 2751 3749 2806 Et

532 2837 620 2891 lus
650 2851 800 2906 ergo,
829 2836 968 2890 sicut
1006 2834 1226 2904 quidam
1255 2834 1497 2899 tradunt,
1527 2847 1648 2887 cum
1680 2847 1850 2886 uxore
1884 2839 2106 2886 vocatus
2212 2836 2312 2890 fuit
2343 2836 2558 2904 quidem
2585 2846 2811 2890 vocatus
2846 2835 3144 2905 apostolus,
3175 2839 3269 2892 sed
3297 2854 3402 2892 non
3439 2840 3534 2893 fuit
3569 2841 3746 2894 electus

529 2936 646 2990 est;
679 2925 746 2978 de
778 2941 886 2994 qua
919 2923 1055 2977 dicit
1082 2923 1149 2977 ad
1188 2923 1564 2992 Philippenses
1593 2923 1902 2977 scribens"
1929 2938 1942 2974 :
1965 2919 2094 2988 Roga

2209 2925 2510 2994 apostolus.
2541 2925 2645 2981 Sed
2671 2936 2726 2980 et
2754 2925 2842 2981 ille
2871 2927 3132 2997 propheta
3167 2929 3259 2998 qui
3296 2932 3346 2983 lu
3383 2932 3538 2984 tertio
3558 2929 3748 3001 Regno-

527 3017 683 3070 etiam
702 3027 708 3033 ‘
727 3023 797 3079 te,
849 3029 1096 3084 germane
1147 3029 1380 3084 compar,
1407 3013 1602 3083 adjuua
1629 3011 1792 3084 462
1821 3011 1982 3064 illas:
2010 3010 2094 3078 qui

2213 3033 2328 3071 rum
2364 3015 2507 3072 libro
2542 3017 2773 3071 refertur
2801 3020 3157 3088 prephetasse
3189 3020 3256 3073 de
3286 3020 3645 3088 .leroboam",
3671 3038 3749 3076 vo-

527 3108 785 3178 quoniam
821 3111 886 3160 ah
937 3107 1048 3176 ipsa
1094 3121 1160 3160 ex
1211 3120 1476 3160 consensu
1531 3107 1671 3159 liber
1716 3104 1941 3159 allectus
1991 3116 2096 3172 est,
2139 3104 2176 3116 “”
2208 3118 2365 3163 catus
2389 3110 2648 3178 propheta
2700 3107 2837 3174 fuit;
2879 3109 2924 3163 si
2967 3119 3149 3164 autem
3182 3120 3237 3164 et
3267 3111 3496 3176 electus,
3525 3113 3632 3182 ipse
3659 3114 3749 3167 dis-

2144 1707 2181 1763 Β

526 3215 747 3254 servum
793 3215 851 3254 se
899 3197 1009 3273 (96)
1043 3198 1288 3252 nominat
1335 3196 1558 3251 Christi.
1597 3195 1654 3250 Si
1697 3211 1852 3259 vero,
1889 3205 1946 3250 ut
1974 3195 2098 3252 aliis

527 3294 765 3355 videtur,
794 3291 912 3345 sine
949 3304 1139 3355 uxore,
1169 3287 1521 3342 nihilominus
1566 3287 1658 3357 qui
1694 3287 1830 3342 liber
1869 3299 2096 3342 vocatus

526 3394 630 3448 est,
678 3399 866 3438 servus
907 3391 994 3437 est
1051 3381 1272 3436 Christi.
1327 3379 1466 3446 Quid
1517 3388 1602 3435 est
1643 3388 1826 3432 autem
1877 3395 2098 3434 servum

525 3489 647 3530 esse
663 3475 886 3541 Christi,
915 3473 1012 3528 nisi
1039 3474 1180 3542 quod
1201 3481 1282 3527 est
1299 3485 1516 3526 servum
1540 3485 1660 3525 esse
1683 3471 1828 3524 verbi
1845 3470 1935 3523 Dei
1961 3469 2100 3537 (97),

527 3565 826 3634 sapientiae,
871 3564 1116 3633 iustitiae,
1170 3561 1440 3626 veritatis,
1486 3570 1540 3614 et
1587 3561 1828 3614 omnium
1878 3561 2100 3616 omnino

525 3662 810 3721 virtutum,
848 3674 967 3727 quae
1000 3657 1181 3712 omnia
1209 3657 1470 3712 Christus
1505 3655 1626 3710 est?
1663 3655 1766 3710 Sed
1799 3664 1853 3708 et
1881 3653 2096 3718 illud,si

527 3752 756 3814 videtur,
789 3751 842 3804 in
880 3751 982 3804 hoc
1009 3750 1129 3805 loco
1161 3750 1447 3816 addamus,
1483 3748 1625 3817 quod
1677 3748 1818 3802 sicut
1846 3750 2097 3812 scicntia,

524 3858 644 3911 qu:e
691 3859 831 3895 nunc
878 3840 1041 3896 datur
1071 3842 1301 3906 sanctis,
1334 3856 1430 3910 per
1461 3838 1739 3908 speculum
1776 3841 1933 3892 datur
1957 3847 2011 3892 et
2045 3837 2096 3891 in

524 3934 807 4002 a‘nigmate
840 3931 972 4000 (98).
999 3941 1054 3984 et
1080 3933 1389 4001 prophetia,
1418 3941 1473 3984 et
1511 3942 1708 3986 czetera
1741 3930 1877 3983 dona
1919 3927 2096 3998 Spiri-

527 4035 614 4075 tus
673 4023 842 4075 sancti
865 4023 908 4053 τι
946 4035 959 4071 :
993 4021 1064 4074 ita
1115 4032 1170 4076 et
1225 4022 1470 4086 libertas,
1519 4037 1639 4090 qua:
1697 4037 1844 4075 nunc
1896 4020 2100 4074 sanctis

527 4123 838 4181 prmstatur,
881 4111 1116 4166 nondum
1151 4113 1308 4181 plena
1332 4113 1560 4167 libertas
1583 4123 1687 4177 est,
1720 4113 1814 4167 sed
1841 4112 1985 4166 velut
2007 4127 2098 4179 [εν

599 4252 643 4283 ⁶⁶
672 4252 691 4307 1
721 4251 844 4306 Cor.
872 4264 968 4307 VII.
1006 4250 1061 4303 4.
1107 4251 1150 4282 ⁸⁷
1187 4250 1320 4305 ibid.
1353 4249 1435 4303 15.
1499 4251 1542 4282 ⁸⁸
1567 4251 1696 4304 ibid.
1749 4251 1841 4303 21.
1884 4253 1928 4284 ⁶⁹
1976 4251 2106 4305 ibid.

855 4323 901 4353 ⁷³
935 4320 1094 4374 Rom.
1131 4320 1243 4385 1,1.
1341 4320 1387 4352 ⁷⁵
1420 4320 1608 4373 Matth.
1633 4335 1767 4383 xxu,
1800 4321 1888 4375 Μ.

527 4338 646 4388 χιιι,
683 4323 769 4375 12.

2208 3199 2404 3260 cutito.
2449 3199 2705 3266 quoniam
2752 3199 2972 3266 quidem
3027 3200 3328 3267 prohibitus
3379 3217 3566 3269 panem
3621 3217 3748 3255 mau-

2206 3289 2407 3344 ducare
2429 3289 2483 3343 in
2517 3289 2703 3354 Israel,
2737 3289 3102 3355 manducavit,
3153 3299 3210 3345 et
3251 3291 3602 3362 interemptus
3624 3301 3697 3347 est
3721 3308 3748 3346 ι

2209 3380 2364 3436 leone
2396 3381 2494 3451 (5).
2526 3380 2663 3434 Sunt
2697 3390 2751 3435 et
2784 3379 2936 3434 multi
2969 3383 3148 3435 vocati
3182 3382 3428 3452 magistri
3469 3398 3561 3452 per
3585 3397 3746 3437 omnes

2207 3471 2479 3526 Ecelesias
2513 3471 2627 3535 Dei,
2660 3481 2716 3524 et
2745 3471 2922 3526 vocati
2975 3471 3256 3538 ministri;
3305 3473 3404 3526 sed
3451 3472 3626 3526 nescio
3668 3471 3744 3540 qui

2207 3561 2261 3616 in
2300 3562 2382 3616 his
2417 3561 2582 3618 eleCIi
2615 3561 2857 3631 magistri
2883 3562 3018 3627 sint,
3053 3571 3104 3616 et
3137 3561 3296 3617 electi
3332 3565 3680 3621 ministri.Sic
3699 3572 3745 3618 et

2207 3664 2338 3725 puto
2365 3670 2484 3709 esse
2521 3657 2782 3722 quosdam
2823 3663 3044 3708 vocatos
3072 3654 3290 3722 quidem
3319 3667 3376 3709 ut
3403 3652 3743 3727 patiantur“)

2209 3763 2306 3818 pro
2351 3748 2588 3809 Christo,
2645 3762 2749 3800 non
2797 3756 2975 3800 tamen
3029 3747 3263 3810 electos;
3302 3747 3354 3800 id
3404 3759 3505 3813 est,
3551 3759 3743 3802 vocatos

2209 3849 2498 3908 martyres,
2523 3839 2616 3893 sed
2643 3854 2746 3893 non
2785 3839 2990 3893 electos
3019 3838 3094 3908 (5)
3127 3850 3431 3910 martyres:
3465 3851 3520 3893 ut
3547 3849 3659 3894 sunt
3679 3837 3739 3892 illi

2205 3934 2295 4000 qui
2344 3939 2464 4000 post
2519 3939 2910 3984 tormentorum
2961 3943 3161 3999 agones
3217 3940 3272 3983 et
3322 3945 3616 3992 carcerum,
3651 3942 3738 3980 non

2208 4037 2376 4091 usque
2404 4022 2468 4074 ad
2499 4021 2658 4074 linem
2691 4021 2743 4074 in
2793 4019 3155 4074 confessionis
3196 4023 3478 4074 tolerantia
3515 4021 3740 4091 perdura-

2207 4119 2350 4164 runt.
2403 4109 2497 4163 Est
2537 4118 2588 4163 et
2626 4120 2815 4164 vocata
2855 4110 3027 4180 virgo,
3071 4108 3167 4164 sed
3211 4124 3316 4164 non
3374 4110 3534 4166 electa
3582 4111 3735 4178 virgo;

2148 4249 2202 4320 5.
2306 4248 2352 4278 "°
2385 4246 2685 4320 Philing“,
2723 4247 2777 4301 5.
2849 4248 2893 4280 ⁷⁸
2922 4247 2939 4301 Ι
2971 4248 3096 4302 Cor.
3127 4262 3224 4311 xu,
3250 4247 3284 4301 8
3315 4263 3434 4320 seq.
3505 4249 3548 4280 τί
3571 4247 3605 4301 ll
3625 4246 3733 4301 Cor.

1980 4322 2026 4352 η
2051 4321 2112 4373 ιιι
2142 4319 2276 4388 Reg.
2307 4333 2421 4379 XIII,
2446 4317 2534 4380 9.4,
2571 4316 2659 4370 es.

597 4438 707 4511 (92)
735 4439 830 4493 Ms.
857 4438 1056 4506 Regius
1079 4451 1239 4511 Anum.
1268 4403 1859 4511 [959,rommemorata
1880 4439 2103 4511 servitus
2139 4448 2179 4500 n
2225 4507 2246 4511 _
2281 4435 2394 4511 (97)
2455 4435 2548 4489 Sic
2603 4451 2731 4489 mss.
2780 4435 3044 4503 plerique.
3092 4434 3310 4511 caeteri-
3333 4449 3472 4511 vero
3507 4443 3556 4511 et
3587 4433 3734 4511 editi,

527 4507 846 4564 ac‘lihertas
891 4508 1222 4564 assumitur?
1261 4507 1454 4562 Caneri
1503 4524 1632 4560 mss.
1681 4519 1736 4560 et
1777 4509 1908 4562 editi
1946 4516 1999 4560 ut
2047 4510 2099 4562 in

529 4590 700 4634 textu.

601 4649 713 4720 (93)
758 4648 919 4710 Editi,
949 4647 1126 4720 alteri.
1163 4646 1228 4702 Et
1251 4645 1388 4701 infra
1421 4661 1552 4702 mss.
1584 4648 1802 4718 quidam
1830 4663 1952 4702 eum
1979 4647 2097 4702 edi-

527 4720 598 4774 tis
621 4760 636 4782 ,
668 4735 776 4772 esse
799 4719 1178 4771 reuertendum.

601 4789 715 4860 (94)
764 4787 856 4860 Sic
903 4803 1034 4840 mss.
1088 4786 1280 4846 nostri.
1329 4786 1654 4860 Saludiauus
1709 4797 1766 4840 et
1813 4787 2094 4841 Merlinus.

523 4857 907 4916 Genetii-artius
939 4871 1092 4921 vero,
1125 4873 1304 4910 servus
1335 4857 1740 4926 estappellatus.

595 4928 706 4999 (95)
733 4929 804 4982 Ita
841 4941 1031 4999 omnes
1059 4941 1188 4978 mss.
1224 4929 1418 4999 nostri.
1454 4926 1594 4979 Editi
1627 4943 1776 4999 vero,
1810 4943 1904 4999 pro
1927 4927 2098 4978 actio.

526 5014 588 5050 ne
619 4997 844 5052 virtutis.
879 4997 1081 5051 Deinde
1113 5009 1244 5049 mss.
1279 4997 1480 5065 plures,
1513 5007 1559 5050 et
1587 5013 1681 5064 pro
1708 4997 1880 5066 jugali
1916 5012 2096 5048 neces-

522 5069 694 5128 sitate.
723 5081 824 5120 elt‘.

593 5138 706 5208 (96)
739 5137 836 5191 Ms.
865 5135 1033 5208 codex
1059 5133 1427 5208 Ehroicensis,
1453 5134 1647 5200 adjuva
1687 5135 1807 5186 illas
1826 5151 1946 5202 qua:
1976 5151 2094 5188 run:

526 5205 635 5272 ipsa
687 5205 839 5271 sunt;
876 5207 1001 5276 quia
1051 5221 1167 5258 cum
1199 5205 1308 5272 ipse
1335 5221 1511 5257 servus
1551 5214 1703 5276 esset,
1738 5220 1802 5256 ea:
1831 5220 2087 5276 consensu

522 5275 656 5346 liber
687 5273 918 5346 eﬁ'ectus,
947 5290 1148 5328 servum
1197 5291 1271 5337 se,
1323 5275 1644 5346 etcatlodes
1666 5287 1865 5346 autem
1891 5273 2084 5346 Vallis:

523 5343 788 5407 clamaret
817 5363 954 5399 unus
975 5345 1174 5413 Regius
1207 5360 1354 5397 num.
1390 5343 1550 5410 1659,
1581 5344 1776 5412 arljuva
1809 5344 1952 5400 illas.
1979 5343 2084 5408 Qui

523 5427 642 5466 cum
677 5417 787 5481 ipsa
813 5433 875 5469 ex
899 5429 1152 5468 consensu
1183 5413 1314 5465 liber
1343 5414 1558 5480 e/I'ectus
1602 5426 1701 5475 est,
1724 5425 1831 5467 etc.
1859 5414 1998 5466 Editi
2030 5423 2085 5467 et

525 5481 664 5553 alter
701 5499 798 5537 ms.
831 5485 1030 5553 Regius
1068 5498 1217 5535 num.
1254 5481 1411 5553 1640,
1447 5484 1640 5552 adjuua
1664 5484 1783 5535 illas
1813 5499 1928 5550 qua:
1962 5499 2080 5535 cum

522 5551 636 5620 ipsa
663 5559 800 5604 sunt.
837 5551 931 5604 lia:-
955 5567 1213 5605 consensu
1259 5551 1421 5619 igitur
1447 5551 1540 5620 (at.
1565 5553 1719 5604 deest
1748 5553 1926 5620 igitur)
1959 5552 2089 5604 liber

523 5619 738 5692 effectus
773 5635 996 5692 servum,
1031 5630 1163 5684 etc.;
1195 5625 1286 5674 sed
1322 5619 1522 5676 rectius
1556 5639 1658 5676 IIlS.
1693 5619 1891 5692 Regius
1937 5639 2086 5676 :tllitt.

526 5688 686 5743 lti'sl.
715 5696 768 5740 ut
798 5687 850 5740 iu
883 5696 1053 5740 textu.

2213 4501 2352 4572 Quid
2377 4501 2456 4558 est
2505 4514 2679 4557 autent
2726 4501 2948 4558 serrum'
2971 4521 3081 4559 esse
3113 4506 3353 4559 Christi?
3394 4505 3542 4569 Quod
3561 4512 3625 4556 est
3653 4501 3732 4571 (al.

2209 4583 2376 4634 deest.
2409 4577 2546 4638 quod
2577 4575 2672 4638 est)
2711 4591 2914 4628 servum
2931 4592 3041 4628 esse
3076 4577 3212 4629 uerbi
3246 4573 3364 4646 Dei,
3395 4587 3500 4646 etc.
3591 4635 3600 4646 ,

2265 4647 2380 4719 (98)
2422 4647 2560 4702 Editi
2599 4649 2868 4719 plerique,
2901 4654 2976 4698 est
3015 4660 3109 4713 per
3134 4643 3398 4710 speculum
3435 4641 3484 4692 iu
3513 4641 3730 4701 (enigma-

2195 4717 2332 4778 ια...
2364 4717 2415 4772 et
2448 4729 2499 4768 ut
2532 4727 2721 4770 rrrtera
2753 4717 2914 4773 dona,
2947 4727 3052 4768 etc.

2278 4785 2388 4852 (99)
2423 4782 2515 4836 Sic
2572 4795 2672 4834 ms.
2723 4781 2923 4852 Regius
2991 4794 3149 4852 num.
3187 4778 3348 4852 1639.
3396 4778 3574 4852 Cameri
3607 4787 3730 4852 fero

2209 4843 2658 4914 tnss.,'ltahanus
2691 4861 2744 4904 et
2769 4843 2920 4920 editi,
2949 4849 3199 4917 prtevidet
3224 4851 3460 4920 eteligit,
3490 4849 3537 4902 al
3577 4843 3724 4920 ιὶνριζ.

2206 4923 2404 4976 Deinde
2451 4937 2551 4976 ms.
2605 4936 2744 4975 unus
2792 4919 2992 4988 Regius
3023 4919 3727 4984 ιιιιιιι.16ι1,“αιιισενιιιιεικ

2201 5008 2463 5044 οοηηιηιο.

2274 4999 2516 5130 (ᾗ)θέῇοίιὶ
2571 5069 2627 5114 et
2677 5075 2809 5114 mss.
2847 5059 3067 5130 quidam
3100 5074 3114 5110 :
3143 5055 3303 5109 Multi
3361 5057 3538 5121 uocati,
3586 5050 3726 5118 ρίτιεὶ

2199 5131 2368 5185 electi.

2273 5201 2349 5270 (2)
2384 5199 2474 5254 Sic
2504 5215 2633 5254 mss.
2675 5207 2728 5253 et
2779 5199 3059 5252 Rabanus.
3099 5195 3240 5250 Editi
3266 5211 3418 5261 vero,
3445 5194 3634 5262 eiectus
3655 5195 3721 5238 est

2194 5274 2373 5338 pra'do
2405 5280 2454 5322 et
2482 5271 2742 5338 proditor.

2264 5340 2340 5408 (5)
2374 5341 2450 5392 lta
2482 5325 2612 5394 inss.
2643 5350 2698 5392 et
2723 5337 3000 5394 Rabanus.
3030 5335 3172 5390 Editi
3209 5349 3358 5397 vero,
3387 5343 3432 5388 et
3461 5325 3724 5386 rerertenda

2190 5421 2372 5475 captus
2402 5421 2474 5462 est
2499 5427 2529 5462 a
2559 5413 2727 5462 leone.

2264 5478 2338 5548 (4)
2375 5479 2466 5534 Sic
2497 5495 2630 5534 mss.
2665 5480 2834 5534 nostri
2882 5485 2936 5532 et
2994 5475 3272 5532 Rabanus.
3319 5473 3470 5538 Editi,
3500 5471 3722 5539 petuntur

2193 5560 2325 5612 patr.
3490 5609 3498 5612 -
3679 5599 3691 5610 .

2269 5617 2344 5686 (5)
2380 5617 2484 5670 Sed
2518 5634 2620 5672 nou
2655 5619 2863 5674 electos.
2928 5615 3050 5671 lla‘c
3076 5616 3462 5686 desiderantur
3487 5609 3536 5665 iu
3573 5600 3721 5656 libris

2198 5704 2354 5740 antea
2382 5691 2562 5742 editis.
