3936 6196
115 339 266 396 845
1121 339 1477 396 COMMENT.
1515 339 1577 396 IN
1615 338 1834 395 EPIST.
1871 338 1962 392 AD
1999 337 2166 394 ROM.
2209 337 2337 392 LIB.
2384 339 2423 393 I.
3311 339 3416 393 8ιῦ

119 456 408 526 Denique
439 458 622 514 statim
656 457 709 512 in
739 459 1202 528 consequentibus
1235 463 1356 515 vide
1394 462 1521 532 quid
1556 462 1622 516 de
1659 462 1744 517 bis
1773 465 1818 524 Α
1848 461 2087 515 haeretici
2121 471 2334 530 putant,
2359 459 2440 514 vel
2472 458 2640 516 sortis
2681 459 2910 524 incerto,
2959 454 3043 512 vel
3085 463 3291 511 natura:
3321 473 3423 510 me-

118 548 304 604 dicat
336 563 523 604 sermo
555 551 789 605 divinus.
818 549 1096 620 Scriptum
1143 563 1223 606 est
1270 555 1415 608 enim
1437 555 1519 607 ⁸³ε
1557 553 1746 624 Segre-
1851 552 2006 606 lioris
2035 555 2389 625 praerogativa
2438 552 2625 608 luisset
2652 551 2876 619 electus,
2928 563 3204 619 nunquam
3238 549 3426 618 utique

118 640 260 708 gati
291 650 420 694 sunt
458 653 756 706 peccatores
790 643 854 695 ab
888 652 1037 696 utero
1064 683 1078 704 .
1132 653 1438 699 erraverunt
1471 663 1502 699 a
1544 658 1744 712 ventre,
1853 646 2122 701 timuisset
2151 664 2218 702 ne
2253 648 2297 701 si
2325 647 2504 701 minus
2529 643 2778 716 corporis
2809 643 2891 698 sui
2931 640 3088 696 frena
3121 642 3427 706 tenuisset,

121 731 323 785 locuti
357 742 478 786 sunt
509 732 674 800 falsa.
709 730 766 787 Si
822 733 1184 804 intelligamus
1234 739 1509 807 quomodo
1561 742 1743 793 statim
1849 739 2066 795 evenire
2089 750 2271 810 posset
2299 750 2356 796 ut
2385 741 2649 810 reprobus
2675 738 2850 800 lieret,
2879 735 2962 790 vel
3008 749 3089 789 vae
3136 733 3236 787 sibi
3287 733 3415 787 futu-

123 833 201 878 ιιι
240 824 317 878 de
345 833 538 878 ventre
574 825 763 879 matris
794 827 1097 892 procedunt
1126 841 1444 897 peccatores
1469 873 1482 897 ,
1521 847 1744 887 errave-
1851 845 1968 882 rum
1995 839 2137 886 esset
2163 833 2205 885 si
2237 830 2614 900 evangelizare
2648 835 2916 884 cessasset
2939 827 3076 898 (12).
3110 824 3353 896 Denique
3379 834 3432 880 et

129 923 312 978 runt,
341 915 425 969 vel
455 915 618 970 locuti
655 925 782 970 sunt
805 915 964 982 falsa,
995 918 1202 987 pariter
1225 920 1573 991 intelligimus
1599 922 1742 991 quod
1851 922 1965 992 ipse
2001 923 2053 978 in
2087 923 2544 994 consequentibus
2577 922 2746 976 latius
2797 921 3079 976 disserens
3139 918 3218 972 ait
3241 959 3254 980 .
3303 933 3428 984 quia

127 1007 283 1076 iusti
317 1014 645 1077 seps-rantur
671 1023 701 1061 a
759 1019 970 1065 ventre.
1009 1010 1146 1080 Ergo
1179 1022 1232 1066 et
1255 1011 1454 1067 Paulus
1488 1013 1630 1083 quod
1667 1029 1746 1070 se-
1800 1049 1810 1056 -
1847 1032 1976 1084 quos
2009 1017 2268 1083 prtescivit
2309 1024 2359 1069 et
2398 1014 2793 1086 praedestinavit
2823 1012 3121 1083 conformes
3143 1011 3260 1081 ﬁeri
3291 1011 3427 1064 ima-

128 1107 418 1171 gregatus
448 1099 499 1153 in
524 1098 870 1169 Evangelium
900 1102 1118 1167 dicitur,
1145 1113 1198 1158 et
1218 1114 1533 1174 segregatus
1561 1122 1590 1160 a
1618 1122 1746 1162 ven—
1846 1107 1981 1177 ginis
2008 1105 2139 1161 Filii
2159 1109 2244 1162 sui
2271 1109 2338 1175 ⁸⁸,
2363 1110 2645 1162 evidenter
2670 1105 2986 1168 ostendens,
3008 1102 3150 1174 quod
3179 1118 3273 1157 eos
3295 1115 3432 1172 quos

135 1202 237 1246 tre
276 1192 475 1245 matris
504 1206 637 1257 suae,
671 1207 866 1246 causas
910 1193 962 1246 iu
1001 1209 1065 1248 eo
1113 1205 1167 1248 et
1213 1197 1404 1250 merita
1438 1196 1633 1264 quibus
1688 1197 1743 1253 in

137 1283 266 1338 hoc
298 1284 576 1352 segregari
637 1283 909 1348 debuerit,
945 1287 1074 1339 vidit
1122 1287 1210 1340 ille
1261 1303 1421 1356 quem
1454 1305 1557 1343 non
1617 1289 1746 1346 latet

138 1390 344 1431 mens.
383 1375 636 1430 Praevidit
664 1376 809 1431 enim
849 1377 994 1446 quod
1019 1378 1386 1432 abundantius
1431 1395 1591 1449 quam
1637 1396 1744 1434 cae-

141 1466 267 1520 teri
313 1480 501 1520 omnes
543 1465 888 1521 laboraturus
916 1479 1060 1522 esset
1089 1469 1142 1520 in
1176 1467 1467 1538 Evangelio
1510 1470 1574 1534 3*,
1600 1470 1742 1540 quod

141 1558 207 1611 in
246 1557 396 1613 fame
426 1567 480 1613 et
508 1558 622 1623 siti,
653 1559 705 1612 in
731 1559 936 1629 frigore
965 1567 1018 1615 et
1051 1559 1298 1615 nuditate
1323 1603 1338 1626 ,
1384 1562 1638 1632 periculis
1672 1563 1746 1618 la-

143 1657 407 1717 tronum,
437 1649 695 1719 periculis
716 1649 1018 1714 ﬂuminum,
1043 1652 1298 1720 periculis
1327 1655 1492 1708 maris
1519 1653 1584 1719 ⁸⁵,
1607 1669 1744 1721 pra:-

144 1743 452 1798 dieaturus
482 1753 626 1799 esset
653 1743 1008 1811 Evangelium
1032 1742 1258 1810 Christi,
1289 1745 1468 1799 sciens
1499 1747 1640 1814 quod
1664 1761 1743 1799 vze

146 1833 262 1888 sibi
305 1842 452 1888 esset
485 1835 662 1890 sinon
691 1835 1092 1906 evangelizaret
1118 1835 1198 1900 ³⁸,
1235 1843 1288 1889 et
1317 1835 1458 1905 quod
1492 1851 1738 1891 macera-

147 1933 323 1978 turus
354 1932 500 1979 esset
524 1939 721 1994 corpus
752 1940 932 1990 suum,
968 1935 1022 1980 et
1063 1925 1309 1980 servituti
1347 1924 1692 1995 subjecturus
1719 1967 1735 1992 ,

154 2028 231 2069 ne
266 2014 407 2068 forte
430 2029 551 2069 cum
595 2015 760 2088 464
786 2016 906 2070 aliis
952 2015 1298 2084 praedicasset
1345 2015 1479 2086 (10),
1512 2017 1624 2087 ipse
1653 2033 1741 2073 re-

156 2104 375 2172 probus
429 2102 732 2159 eﬂiceretur
779 2105 845 2159 9".
914 2104 1038 2160 "er
1066 2120 1195 2176 ergo
1222 2115 1276 2160 et
1313 2106 1478 2160 multa
1521 2107 1622 2162 alia
1656 2109 1740 2165 his

156 2193 371 2248 similia
402 2193 510 2266 (11)
538 2195 590 2249 in
615 2209 678 2249 eo
703 2195 770 2250 de
796 2204 984 2252 ventre
1012 2196 1204 2250 matris
1231 2197 1535 2265 praevidens
1559 2197 1737 2263 Jesus,

155 2299 264 2354 pro
289 2286 376 2340 his
411 2287 708 2358 segregavit
744 2304 867 2344 eum
897 2288 949 2342 in
979 2288 1351 2359 Evangelium.
1393 2289 1450 2344 Si
1484 2291 1652 2357 enim,
1681 2302 1740 2347 ut

235 2401 285 2433 ⁸³
312 2398 458 2459 Psal.
489 2418 618 2469 Lvtt,
645 2406 700 2458 1.
776 2405 822 2437 ⁸⁵
854 2405 871 2459 1
900 2405 1026 2460 Cor.
1055 2422 1148 2471 xv,
1182 2406 1268 2462 10.

163 2504 259 2546 tur
283 2499 560 2565 quominus
589 2501 657 2554 sit
691 2500 912 2569 aliquid,
952 2503 1093 2570 quod
1122 2504 1191 2555 ad
1213 2503 1380 2558 multa
1409 2521 1517 2559 esse
1546 2509 1732 2571 possit,

159 2581 286 2618 cum
315 2584 473 2620 unum
506 2573 571 2622 sit
599 2571 823 2641 emultis
866 2572 920 2623 id
950 2573 1088 2641 quod
1123 2573 1361 2638 futurum
1395 2584 1508 2640 est;
1556 2585 1605 2628 et
1659 2580 1732 2632 ita

160 2639 708 2717 prmnotumﬂsitfore
736 2639 971 2717 quidem,
1020 2642 1110 2717 sed
1143 2659 1244 2717 non
1279 2647 1570 2717 necessario
1594 2646 1730 2714 fore.

165 2701 278 2783 Sed
317 2722 434 2758 cum
463 2707 578 2783 fieri
595 2701 768 2776 possit
803 2719 857 2762 ut
883 2701 986 2766 non
1011 2712 1100 2783 sit,
1132 2713 1230 2764 erit
1272 2730 1374 2768 non
1429 2701 1734 2783 conjectura

164 2775 390 2853 dictum,
417 2778 507 2853 sed
540 2775 657 2831 vere
674 2779 1226 2853 _pra'notum._Neque
1264 2799 1380 2838 vero
1427 2775 1542 2852 qui}
1593 2796 1734 2853 putet

165 2859 260 2896 nos
295 2843 450 2924 illud,
485 2843 780 2901 secundum
820 2843 1156 2936 [treppsitutri
1189 2891 1204 2914 ,
1241 2843 1553 2936 Ieticui'sse‘,
1583 2843 1736 2936 quasi.

165 2919 439 2967 sententia:
471 2927 664 2969 nostra:
704 2928 903 2971 noceat.
933 2919 1020 2972 Ait
1061 2923 1197 2975 enim
1235 2921 1481 2978 Paulus:
1521 2919 1734 2981 Scimus

167 2991 346 3062 autem
373 2985 626 3062 quoniam
641 2986 999 3062 diligentibus
1033 2989 1195 3062 Deum
1226 2994 1408 3046 omnia
1439 3007 1733 3062 coeperan-

1346 2407 1391 2439 ⁸⁸
1417 2406 1458 2460 ll
1483 2409 1688 2474 COI'JI,
1711 2412 1803 2480 26,
1827 2414 1917 2468 27.

1847 1199 2120 1268 ρτίρεείνὶι
2151 1200 2296 1255 Deus
2325 1200 2462 1255 tales
2495 1196 2730 1265 futuros,
2758 1207 2816 1252 ut
2841 1195 3060 1252 Christo
3089 1210 3148 1250 se
3195 1196 3249 1248 in
3302 1207 3428 1263 pas-

1847 1285 2098 1344 sionibus
2125 1289 2533 1346 coul‘ormarent
2560 1332 2575 1356 ,
2632 1289 2783 1360 ipsos
2812 1287 2976 1342 etiam
3022 1283 3332 1340 conlori‘ues
3367 1297 3429 1338 ae

1847 1379 2050 1434 similes
2073 1379 2330 1450 imaginis
2359 1379 2481 1452 ejus
2506 1378 2917 1450 praedestinavit
2945 1387 2999 1432 et
3042 1378 3249 1447 gloriae.
3285 1375 3427 1431 Prte-

1848 1469 1991 1524 cedit
2018 1485 2150 1540 ergo
2181 1472 2524 1541 praescientia
2554 1472 2670 1538 Dei,
2697 1486 2794 1540 per
2819 1485 2980 1540 quam
3011 1476 3314 1524 noscuntur
3336 1469 3426 1539 qui

1848 1561 1900 1614 in
1933 1575 1992 1615 se
2018 1562 2234 1618 labores
2266 1572 2319 1616 et
2355 1564 2590 1618 virtutes
2622 1562 2861 1616 habituri
2894 1560 3004 1614 sint
3030 1600 3046 1623 ,
3092 1569 3147 1614 et
3174 1560 3249 1614 ita
3292 1574 3432 1630 prte-

1847 1656 2142 1712 destinatio
2171 1657 2456 1726 sequitur;
2513 1671 2613 1710 nec
2642 1664 2823 1708 tamen
2857 1667 3047 1708 rursus
3079 1653 3431 1722 praedestina-

1850 1747 2010 1801 tiouis
2039 1762 2200 1802 causa
2227 1748 2509 1817 putabitur
2536 1745 2904 1816 prtescientia.
2927 1743 3079 1810 Quod
3105 1743 3252 1798 enim
3285 1745 3428 1813 apud

1849 1838 2092 1893 homines
2114 1837 2548 1908 uniuscujusque
2579 1837 2831 1892 meritum
2870 1846 3137 1906 pensatur
3176 1851 3240 1891 ex
3288 1849 3431 1906 prte-

1849 1928 2021 1983 terilis
2057 1929 2243 2001 gestis,
2277 1930 2382 1983 hoc
2415 1929 2556 1997 apud
2593 1928 2760 1984 Demn
2784 1927 3064 1996 iudicatur
3087 1941 3153 1982 ex
3196 1926 3424 1989 futuris:

1847 2030 1902 2076 et
1929 2019 2087 2076 valde
2110 2021 2310 2091 impius
2355 2031 2442 2076 est
2486 2022 2576 2090 qui
2609 2021 2662 2076 in
2691 2022 2798 2076 hoc
2831 2035 2936 2076 non
2965 2021 3140 2075 credit
3181 2017 3290 2073 Deo
3315 2061 3332 2087 ,
3366 2023 3428 2072 ut

1847 2113 1989 2180 quod
2026 2127 2127 2167 nos
2167 2112 2218 2166 in
2247 2112 2546 2182 prazteritis
2576 2112 2846 2174 videmus,
2883 2111 2987 2166 hoc
3020 2111 3112 2166 ille
3161 2111 3339 2164 videat
3369 2111 3425 2163 iu

1847 2202 2063 2256 futuris.
2096 2203 2442 2272 Segregatus,
2501 2204 2697 2272 inquit,
2731 2204 2785 2256 in
2823 2201 3169 2272 Evangelium
3204 2201 3321 2256 Dei.
3369 2199 3424 2256 In

1848 2295 1969 2350 aliis
2023 2283 2155 2351 locis
2202 2293 2502 2376 ξοιῑριιιηιι
2550 2295 2904 2365 Evangeliqu
2931 2294 3134 2349 Christi
3185 2307 3306 2348 esse
3342 2293 3429 2347 di-

1997 2415 2083 2468 “l
2113 2415 2238 2471 Cor.
2263 2432 2337 2481 ix,
2375 2415 2457 2469 16.
2534 2415 2578 2447 ⁸⁷
2617 2415 2748 2469 ibid.
2768 2414 2858 2468 97.
2931 2411 2976 2446 ⁸⁸
3005 2413 3160 2467 Rom.
3189 2427 3308 2474 vni,
3331 2410 3425 2469 29.

1843 2512 2003 2568 distis
2038 2513 2164 2568 mihi
2192 2513 2517 2567 manducare
2537 2512 2688 2583 (ibid.
2720 2512 2820 2583 51s,
2840 2511 2953 2578 35),
2977 2520 3024 2583 et
3055 2525 3173 2579 quae
3200 2525 3426 2581 sequun-

1844 2589 1932 2653 tur
1955 2599 1974 2636 :
2011 2585 2074 2653 iis
2107 2594 2282 2636 autem
2310 2584 2399 2653 qui
2431 2599 2461 2636 a
2490 2581 2722 2636 sinistris
2750 2596 2768 2634 :
2797 2581 3064 2635 Discedite
3093 2595 3275 2653 nunc,
3305 2595 3426 2632 ma-

1843 2651 2045 2717 ledicti,
2078 2653 2128 2706 iu
2161 2649 2337 2721 ignem
2370 2662 2632 2706 internum
2692 2659 3057 2721 praeparatum
3095 2649 3316 2721 diabolo
3369 2657 3424 2721 et

1839 2722 2047 2792 angelis
2078 2717 2235 2792 eius;
2265 2723 2390 2791 quia
2433 2721 2645 2792 esuiivi
2679 2717 2705 2783 ,“
2753 2717 2817 2774 et
2860 2735 2965 2775 non
3005 2717 3231 2792 dedistis
3288 2719 3421 2792 mihi

1839 2787 1982 2857 quod
2011 2787 2245 2856 ederem,
2277 2787 2325 2846 et
2359 2802 2570 2846 ctrtera.
2609 2789 2751 2856 Quin
2786 2793 2969 2856 etiam,
3011 2789 3055 2841 si
3092 2787 3229 2841 illud
3253 2813 3276 2851 ,λ
3330 2790 3424 2842 De-

1843 2862 2075 2932 stinatus
2101 2863 2153 2916 in
2182 2861 2532 2932 Evangelium
2580 2861 2672 2915 Dei
2701 2859 2874 2932 (Rom.
2909 2876 2924 2913 ι
2950 2899 2965 2922 ,
3004 2859 3026 2911 1
3055 2857 3074 2927 )
3104 2876 3129 2932 ;_
3155 2866 3204 2932 et
3235 2857 3376 2932 istud
3401 2897 3418 2922 ,

1843 2930 1941 2994 Qui
1965 2931 2255 2986 destinavit
2282 2927 2366 2986 me
2407 2933 2474 2986 ab
2508 2941 2664 2985 utero
2698 2927 2888 2983 matris
2938 2943 3070 2982 mea:
3111 2927 3329 2998 (Galat.
3360 2940 3418 2992 ι,

1841 3000 1952 3067 15),
1990 3003 2346 3057 necessitatem
2372 3001 2604 3070 aliquam
2629 3001 2974 3062 continerent,
3000 2999 3258 3070 quomodo
3281 3008 3422 3051 recte

169 3053 620 3142 tur‘iunbpnum,
641 3055 705 3142 iis
731 3053 856 3142 qui“
867 3060 1165 3142 secundum
1198 3053 1731 3142 prepositum'vocati
1761 3085 1804 3142 ο
1839 3053 2337 3142 uiiiuibiatni:
2357 3053 2598 3139 Sug'giHo
2629 3053 2826 3142 corpus
2859 3053 3038 3142 meum
3062 3109 3077 3131 ,
3108 3076 3162 3142 et
3193 3068 3244 3121 in
3293 3081 3417 3142 ser-

169 3131 317 3199 sunt.
342 3121 443 3199 Sed
476 3121 765 3199 consideret
799 3126 941 3199 illius
959 3121 1253 3184 secundum
1281 3121 1616 3199 propositum
1643 3150 1731 3186 vo-

169 3194 390 3264 cationis
421 3210 632 3248 causam
665 3197 966 3259 Apostolum
1000 3200 1184 3252 statim
1230 3194 1523 3254 reddidisse
1545 3241 1560 3264 ,
1611 3219 1728 3255 cum

171 3263 331 3337 dicit;
367 3264 814 3337 Quospgenovit,
859 3281 952 3337 eos
985 3277 1038 3322 et
1080 3269 1483 3337 praedestinavit
1513 3263 1728 3326 uentor-

172 3345 299 3410 rues
317 3333 534 3410 imagini
570 3333 690 3388 Filii
734 3337 837 3410 sui.
877 3335 944 3388 Et
977 3333 1142 3410 quem
1170 3339 1336 3392 alium
1364 3342 1633 3410 Oportebat
1676 3342 1732 3394 in

168 3402 547 3476 justiﬁcantem
588 3405 908 3459 vocationem
935 3402 1198 3476 proposito
1228 3411 1323 3462 Dei
1353 3402 1551 3464 secerni
1569 3423 1616 3464 et
1648 3427 1732 3466 se-

173 3474 397 3549 gregari,
421 3487 610 3549 praeter
631 3491 716 3528 eos
741 3476 848 3549 qui,
878 3474 1050 3544 ipsum
1101 3477 1324 3549 diligunt
1348 3481 1373 3532 ἰ)
1403 3479 1578 3549 Hujus
1614 3497 1730 3535 vero

174 3544 436 3610 prtcpositi
465 3552 512 3594 ct
538 3546 876 3611 praenotionis
921 3562 1136 3600 causam
1164 3544 1220 3600 iu
1268 3561 1446 3602 nostra
1487 3544 1732 3604 libertate

177 3627 282 3688 esse
309 3613 436 3688 satis
475 3613 707 3688 declarat
755 3615 891 3667 illud
919 3633 937 3669 :
966 3615 1184 3671 Scimus
1213 3620 1466 3687 quoniam
1500 3621 1732 3688 diligen-

179 3682 324 3758 tibus
351 3683 516 3758 Deum
562 3687 1126 3758 omnia_cooperautur
1156 3689 1208 3740 in
1233 3682 1436 3743 benum
1468 3707 1481 3742 :
1515 3682 1733 3758 perinde

179 3752 324 3819 quasi
348 3751 584 3816 dixisset,
621 3755 796 3808 omnia
834 3751 951 3824 qua:
975 3757 1042 3809 ad
1069 3758 1257 3810 bonum
1280 3751 1732 3817 conducu'nt.ideo

181 3824 478 3896 conducere,
500 3826 626 3893 quia
643 3825 841 3877 auxilio
864 3827 1010 3894 digni
1034 3837 1152 3880 sunt
1173 3827 1260 3895 qui
1287 3825 1510 3896 diligunt
1548 3827 1733 3884 Deum.

183 3889 278 3963 Sed
309 3889 664 3962 interrogandi
693 3905 834 3958 sunt,
865 3889 954 3963 qui
986 3889 1311 3949 contrai-ium
1362 3889 1572 3951 tuentur
1599 3938 1614 3963 ,
1665 3900 1734 3950 ad

183 3962 286 4014 hac
313 3964 455 4016 nobis
483 3968 856 4033 respondeant.
878 3962 1151 4020 Ponamus
1185 3967 1239 4020 in
1265 3962 1606 4033 conditione,
1629 3967 1733 4020 ali-

182 4048 277 4152 qua
307 4035 358 4087 in
385 4049 562 4091 nostra
592 4055 702 4092 esse
727 4050 1016 4106 potestate;
1063 4039 1219 4104 idque
1250 4038 1504 4090 adversus
1535 4053 1620 4090 eos
1646 4038 1736 4106 qui

206 4104 393 4152 iberum
422 4109 700 4152 arbitrium
728 4109 936 4152 tollunt-
967 4112 1129 4152 donec
1154 4124 1217 4152 ea:
1244 4108 1540 4152 conditione
1554 4122 1735 4152 eorum

206 4104 393 4156 iberum
422 4109 700 4161 arbitrium
728 4104 938 4169 tollunt,
967 4112 1129 4161 donec
1154 4124 1217 4161 ea:
1244 4108 1540 4162 conditione
1554 4104 1735 4159 eorum

185 4179 432 4246 sententia
461 4178 600 4246 falsa
638 4181 1005 4235 convincatur.
1037 4179 1100 4234 Si
1150 4193 1272 4246 ergo
1307 4178 1361 4229 in
1388 4177 1538 4229 nobis
1569 4177 1734 4228 libera

185 4244 469 4314 voluntas,
499 4266 566 4302 an
593 4251 757 4319 igitur
784 4249 922 4302 Deus
951 4244 1248 4316 futurorum
1277 4248 1464 4301 seriem
1487 4246 1734 4310 intuitus,

187 4329 463 4390 praznoscet
502 4335 562 4372 ea
602 4336 718 4390 qua:
755 4335 820 4373 ea;
841 4320 1078 4373 libertate
1116 4322 1468 4386 unusquisque
1499 4324 1736 4390 nostrum

190 4384 436 4456 libertatis
477 4384 686 4456 compos
719 4399 932 4443 acturus
967 4390 1086 4443 sit?
1133 4405 1200 4441 an
1260 4384 1682 4456 non'prwnoscet
1711 4387 1736 4438 ?

194 4454 286 4517 Qui
307 4439 1162 4528 "spatiari-tio;inciderem,
1186 4439 1405 4528 Ῐιςιέέάνέξ
1425 4456 1740 4528 ille_necesse
1773 4439 1816 4492 Ῑ)

193 4534 259 4576 est
286 4524 501 4582 mentem
526 4524 812 4597 inﬁnitam,
839 4539 886 4582 et
923 4524 1334 4596 magnitudinem
1364 4525 1480 4579 Dei.
1506 4524 1562 4580 Si
1601 4539 1740 4594 prte-

195 4607 424 4650 nomrum
449 4609 757 4666 agnoscant,
775 4615 956 4652 rursus
975 4613 1267 4666 queremus
1287 4612 1352 4648 ea:
1369 4597 1516 4662 ipsis,
1543 4613 1612 4648 an
1627 4597 1740 4667 ejus

193 4670 398 4720 scientia
427 4685 586 4721 causa
615 4669 678 4720 sit
713 4685 807 4722 cur
836 4679 1080 4721 eventura
1107 4671 1211 4720 sint
1247 4668 1449 4733 futura,
1467 4681 1583 4717 cum
1618 4681 1743 4719 con-

195 4736 397 4788 cedatur
422 4739 624 4807 aliquid
652 4739 707 4791 in
747 4748 924 4792 nostra
955 4753 1064 4791 esse
1086 4745 1343 4804 potestate
1368 4751 1385 4798 ;
1419 4751 1487 4788 an
1514 4737 1636 4807 quia
1661 4736 1744 4803 {u-

197 4814 358 4860 turum
391 4816 467 4861 est
501 4805 748 4874 pnetravit
773 4825 792 4862 :
827 4824 985 4877 neque
1009 4806 1116 4860 ullo
1141 4808 1296 4861 modo
1314 4805 1566 4877 prmnotio
1583 4821 1743 4877 causa

198 4885 465 4948 esteorum
489 4894 606 4948 quae
634 4874 910 4948 unicuique
947 4891 1184 4930 nostrum
1238 4889 1303 4926 ea:
1333 4875 1573 4948 libertate
1597 4874 1742 4927 arbi-

199 4946 275 4996 trii
303 4941 651 5014 [uturasunu
686 4941 834 5001 Fieri
869 4963 989 5016 ergo
1016 4953 1247 5014 poterat,
1281 4955 1334 5016 ut
1359 4941 1622 5016 aliquibus
1653 4959 1742 4995 occ

199 5013 510 5071 currentibus
538 5017 914 5084 impedimentis
929 5013 1046 5069 'non
1071 5016 1188 5078 ltoc,
1233 5014 1323 5067 sed
1367 5013 1499 5066 illud
1531 5017 1744 5084 faceret,

199 5087 276 5151 qui
313 5088 442 5140 liber
463 5083 669 5140 creatus
701 5097 796 5140 est.
829 5085 956 5138 Ila'c
988 5086 1152 5155 igitur
1183 5093 1232 5138 et
1261 5084 1459 5138 similia
1490 5087 1533 5135 si
1561 5083 1744 5155 dicen-

201 5165 296 5227 tur,
326 5159 379 5210 id
410 5173 612 5227 quoque
646 5167 934 5227 servaturi;
956 5152 1132 5227 Euge,
1181 5169 1338 5210 serve
1371 5157 1508 5227 bone
1533 5161 1588 5205 et
1616 5152 1745 5227 lide-

203 5224 280 5287 lis,
307 5221 467 5296 super
501 5221 666 5295 potica
697 5227 842 5280 [υἱειί
873 5221 1065 5291 fidelis,
1093 5239 1252 5294 super
1275 5224 1440 5296 inulta
1471 5232 1521 5275 te
1544 5221 1744 5275 consti-

206 5305 331 5348 tuam
361 5291 384 5351 ε’
412 5291 550 5350 intra
581 5297 632 5348 in
666 5296 924 5366 gaudium
968 5291 1176 5350 Domini
1214 5295 1286 5348 tui
1322 5294 1341 5363 (
1369 5291 1560 5346 Matth.
1597 5305 1701 5366 xxv
1729 5331 1744 5356 ,

204 5365 256 5418 2|
277 5366 319 5436 );
343 5377 451 5420 tum
479 5377 526 5419 et
549 5363 887 5429 laus'omnis,
915 5381 1031 5436 qua:
1056 5366 1202 5418 bonis
1234 5366 1483 5416 tribuitur
1505 5378 1542 5436 ,°_
1565 5377 1624 5414 ac
1657 5363 1750 5414 de-

205 5433 327 5489 munt
355 5436 786 5505 ostenditurjure
807 5433 955 5489 dici':
989 5435 1159 5490 Serve
1187 5449 1420 5501 nequam
1451 5445 1506 5486 et
1533 5433 1744 5502 ignave,

206 5509 471 5571 oportebat
493 5519 545 5560 te
573 5509 915 5560 emuniittere
956 5505 1242 5574 pecuniam
1269 5518 1442 5574 meam
1475 5506 1749 5574 trapezitae

207 5575 336 5645 (ibid.
367 5577 456 5642 26,
481 5575 550 5631 27
567 5576 610 5645 ).
631 5576 720 5632 Sic
756 5579 914 5630 etiam
939 5571 1148 5628 stabunt
1179 5589 1298 5645 quat
1318 5571 1469 5645 juste_
1503 5572 1750 5645 dicuntur

207 5641 290 5719 iis,
319 5650 406 5719 qui
426 5641 498 5719 ad
540 5641 806 5719 dexteram
844 5646 1084 5719 assistent
1110 5658 1128 5694 :
1174 5643 1368 5696 Venite
1407 5641 1472 5694 ad
1522 5657 1625 5702 me,
1659 5642 1748 5719 bc—

209 5709 388 5772 uedieti
421 5715 601 5772 Patris
653 5717 801 5781 mei;
859 5716 1133 5784 possidete
1185 5720 1544 5784 prteparatum
1599 5709 1748 5784 vobis

211 5797 410 5856 regnum
438 5803 467 5840 a
495 5781 878 5842 constitutione
911 5785 1130 5853 mundi;
1168 5781 1541 5853 quia’esurivi,
1576 5790 1630 5835 et
1657 5781 1748 5834 de-

1838 3139 2066 3193 vitutem
2109 3141 2316 3210 redigo,
2357 3137 2573 3195 necum
2624 3137 3243 3210 aliisprmdieaveriui,
3300 3137 3418 3210 ipse

1842 3212 2103 3278 reprobus
2131 3207 2367 3276 eiliéiar;
2411 3225 2454 3263 et
2494 3210 2666 3263 illud:
2721 3207 2814 3278 Yee
2845 3209 3045 3278 etenim
3081 3207 3210 3278 mihi
3240 3248 3255 3272 ,
3309 3207 3415 3278 nisi

1838 3275 2190 3350 Evangelium
2227 3281 2582 3334 enuntiavero
2607 3280 2670 3350 (Ι
2703 3277 2827 3332 Cor.
2863 3294 2939 3343 ix,
2967 3275 3108 3344 27)?
3146 3275 3248 3350 His
3275 3277 3416 3330 enim

1839 3348 2016 3414 aperte
2043 3351 2298 3413 declarat,
2323 3351 2424 3404 nisi
2444 3348 2721 3418 castigaret
2747 3364 2936 3415 corpus
2961 3363 3135 3418 suum,
3152 3356 3202 3401 et
3226 3348 3416 3418 iniser-

1840 3420 2054 3472 vitutem
2079 3421 2352 3489 redigeret,
2385 3436 2536 3486 posse
2565 3416 2640 3484 se,
2673 3429 2948 3486 postquam
2983 3416 3113 3489 aliis
3130 3417 3418 3489 pradicas-

1839 3498 1936 3552 set,
1971 3483 2245 3562 reprobuiu
2272 3483 2413 3562 fieri,
2441 3490 2614 3562 etlsibi
2651 3483 2760 3562 esse
2793 3483 2890 3548 etc,
2935 3487 3038 3562 nisi
3059 3483 3415 3562 Evangelium

1840 3561 2228 3612 annuntiasset.
2269 3556 2537 3612 Fortassis
2592 3558 2780 3625 igitur,
2819 3572 2938 3608 cum
2981 3556 3416 3625 istislsegregavit

1839 3627 1988 3678 illum
2023 3627 2162 3682 Deus
2196 3643 2261 3681 ea:
2282 3639 2428 3681 utero
2470 3623 2675 3688 matris,
2701 3636 2749 3678 et
2782 3625 3072 3692 segregavit
3101 3623 3156 3674 in
3175 3623 3418 3692 Evange-

1842 3696 1974 3748 lium
2005 3695 2119 3759 Dei,
2137 3714 2352 3750 causam
2377 3697 2550 3750 videns
2576 3695 2732 3761 iusta:
2753 3691 3146 3762 segregationis,
3171 3691 3310 3760 quod
3326 3707 3418 3762 ca-

1842 3765 2129 3833 stigaturus
2158 3774 2289 3818 esset
2323 3781 2512 3834 corpus
2536 3760 2715 3827 suum,
2747 3760 2878 3834 eth—in
2905 3760 3226 3834 servitutem
3258 3760 3415 3834 reda-

1842 3831 2045 3897 cturus,
2075 3836 2268 3888 veritus
2317 3851 2381 3888 ne
2416 3831 2708 3903 postquam
2741 3832 2864 3886 aliis
2911 3831 3268 3903 pra’dicasset,
3307 3831 3418 3903 ipse

1843 3904 2094 3974 reprobus
2122 3905 2268 3971 ﬁeret
2296 3945 2311 3970 ,
2359 3899 2600 3974 quodque
2637 3903 2808 3956 sciens
2857 3901 2960 3956 sibi
2990 3899 3122 3974 fore
3152 3916 3228 3974 vta
3253 3939 3287 3974 ,_
3310 3899 3416 3952 nisi

1844 3969 2186 4041 Evangelium
2209 3969 2566 4042 prardicasset,
2600 3983 2832 4026 metuens
2865 3989 2927 4026 ne
2955 3971 3056 4024 sibi
3083 3969 3415 4042 apudlDeum

1843 4057 1918 4096 va:
1943 4039 2097 4105 esset,
2132 4039 2232 4096 non
2258 4043 2428 4104 siluit,
2464 4044 2554 4095 sed
2586 4041 2930 4111 Evangelium
2962 4039 3419 4111 prtcdicavit._‘At-v

1842 4128 1940 4180 que
1979 4112 2090 4165 lucc
2129 4113 2331 4166 videbat
2367 4114 2456 4182 qui
2487 4127 2606 4165 eum
2639 4108 2922 4180 segregavit
2955 4108 3010 4163 in
3065 4108 3414 4182 Evangelium

1843 4197 2020 4244 sntun,
2047 4182 2160 4249 fore
2189 4199 2306 4235 eum
2340 4181 2395 4236 in
2425 4183 2678 4236 wrumnis
2699 4181 3058 4234 abundantius
3084 4219 3099 4243 ,
3138 4181 3192 4231 in
3232 4194 3416 4230 carce-

1845 4252 1987 4321 ribus
2011 4267 2171 4320 supra
2193 4257 2429 4312 modum.
2465 4253 2520 4304 in
2553 4251 2724 4321 plagis
2753 4251 2870 4318 plus
2901 4249 3042 4316 iusto
3064 4288 3100 4321 ,Α
3133 4249 3414 4321 in‘morti-

1845 4321 1938 4395 bus
1963 4317 2257 4390 frequenter
2283 4338 2300 4375 :
2345 4340 2374 4376 a
2403 4322 2612 4395 ludatis
2648 4317 2926 4395 quinquies
2959 4317 3414 4395 qtt_atit'alli€,3,"'{“

1843 4383 2017 4467 minus
2047 4383 2404 4467 accepturum,
2429 4402 2529 4467 _ter
2566 4383 2721 4467 virgis
2759 4383 3250 4467 εἱεειιιιιινὶηξςηιςι
3273 4383 3413 4449 lapi-

1845 4462 2027 4532 datum
2057 4461 2145 4532 iri,
2167 4453 2226 4514 ἐι
2261 4463 2368 4514 alia
2391 4453 3037 4532 ejusmodiperpessurum
3065 4453 3149 4532 (11
3180 4453 3411 4532 Consi.

1844 4529 1935 4602 25,
1970 4530 2102 4602 seq.)
2132 4545 2150 4584 :
2188 4525 2499 4602 gloriantem
2527 4525 2904 4602 inaugustiis,
2933 4535 2981 4578 et
3011 4525 3256 4602 scientem
3307 4525 3410 4574 tri-

1845 4601 2160 4670 bulationem
2197 4601 2509 4668 patientiam
2549 4599 2744 4666 efﬁcere
2767 4637 2780 4658 ,
2834 4599 2895 4648 εί
2927 4599 3266 4646 sustinentem
3294 4606 3412 4670 qua:

1843 4668 2026 4730 futura
2059 4667 2198 4720 Deus
2224 4677 2568 4731 prwnoverat,
2597 4675 3016 4734 segregatum_ea:
3042 4674 3188 4714 utero
3204 4667 3412 4726 matris,

1844 4747 1896 4808 et
1925 4730 2251 4805 segregatum
2295 4739 2346 4790 in
2381 4730 2724 4808 Evangelium
2746 4730 2878 4808 Dei.
2912 4730 3208 4808 Propterea
3237 4740 3413 4808 autem

1844 4798 2034 4873 dignus
2058 4798 2170 4858 Erat
2197 4808 2284 4874 qui
2314 4798 2675 4878 segregaretur
2697 4805 2749 4856 in
2782 4801 3122 4871 Evangelium
3167 4798 3282 4878 Dei,
3311 4814 3416 4850 non

1844 4885 2055 4942 propter
2080 4878 2415 4930 excellentem
2443 4876 2675 4940 aliquam
2705 4883 2971 4936 naturam,
3009 4881 3055 4923 et
3085 4885 3203 4938 qua:
3229 4876 3302 4920 ita
3329 4884 3412 4921 cs-

1845 4955 1920 4998 set
1953 4953 2276 5012 comparata,
2303 4955 2358 4997 ut
2387 4960 2473 4996 eos
2501 4943 2590 5012 qui
2613 4942 2741 4994 tales
2769 4958 2872 4994 non
2906 4951 3048 5006 sunt,
3074 4943 3228 5005 longe
3257 4953 3412 5003 supe-

1849 5024 2027 5066 raret:
2061 5015 2150 5067 sed
2203 5017 2264 5067 ob
2304 5014 2579 5083 prtvscitas
2604 5013 2746 5083 prius
2787 5014 3038 5083 actiones,
3065 5024 3194 5083 quae
3241 5019 3416 5083 postea

1846 5083 2002 5151 facta!
2028 5093 2147 5137 sunt
2174 5099 2237 5137 ea:
2270 5073 2559 5152 apostolica
2574 5073 2804 5148 quadam
2844 5073 3193 5152 institutione.
3231 5073 3413 5152 Neque

1838 5147 1956 5219 jam
2012 5153 2212 5206 l’sulmi
2257 5147 2459 5208 dictum
2497 5147 2834 5220 interpretari
2871 5151 3230 5220 tempestivum
3263 5147 3363 5220 fuit
3396 5161 3416 5208 ;

1848 5213 1958 5275 erat
1989 5225 2127 5276 enim
2151 5234 2298 5277 extra
2329 5213 2688 5292 propositum;
2717 5237 2877 5292 quare
2903 5213 3280 5292 proprioloco,
3311 5213 3420 5267 Deo

1847 5294 2023 5354 dante,
2077 5288 2468 5361 explicabitur,
2510 5307 2627 5344 cum
2666 5288 2933 5361 ifsalirtunt
2991 5288 3413 5361 edidisseremsts.

1849 5361 1951 5414 Sed
1981 5367 2092 5416 Itwc
2118 5357 2375 5430 copiosius
2411 5365 2466 5415 iu
2493 5361 2648 5424 illud,
2677 5359 3024 5429 Segregatus,
3057 5366 3158 5412 etc.
3181 5397 3198 5423 ,
3233 5357 3418 5425 dispu-

1849 5443 1959 5483 tata
1989 5433 2265 5502 sufficiant.

1877 5525 1882 5532 -
1919 5501 2031 5574 (10)
2051 5499 2143 5574 'Al.
2169 5541 2184 5565 ,
2214 5503 2522 5574 praedicaret
2548 5517 2566 5566 ;
2600 5500 2674 5553 al.
2703 5539 2718 5561 ,
2750 5499 3135 5574 irradiaverit.

1921 5568 2036 5642 (11)
2072 5573 2164 5642 Sic
2196 5568 2329 5628 mss.
2375 5570 2515 5625 Editi
2547 5584 2676 5624 vero
2705 5582 2722 5624 :
2753 5568 2893 5626 ﬂa’c
2914 5583 3056 5642 ergo,
3089 5579 3140 5626 et
3165 5569 3246 5624 liis
3269 5568 3416 5625 simi-

1851 5640 1945 5702 lia,
1977 5640 2025 5694 εἰ
2049 5640 2159 5693 alia
2197 5642 2387 5704 multa,
2413 5651 2518 5696 etc.

1924 5711 2034 5782 (l2)
2069 5710 2232 5776 Editi,
2267 5715 2510 5765 cessaret.
