3936 6196
215 206 361 266 849
1217 211 1572 268 COMMENT.
1607 210 1675 266 IN
1707 210 1930 267 EPIST.
1973 211 2068 266 AD
2109 212 2273 271 ROM.
2315 212 2444 269 LIB.
2486 213 2528 270 1.
3414 222 3520 276 850

213 338 355 378 non
388 321 539 376 dicit
573 342 586 377 :
621 321 726 388 Qui
753 324 1154 393 pranlestiuatus
1178 338 1255 381 est
1297 328 1470 385 Filius
1505 330 1603 386 Dei
1632 332 1685 385 in
1727 331 1833 385 vir-
1865 335 1911 394 Α
1941 331 2136 400 spiritu
2160 329 2612 386 sanctiﬁcationis
2633 329 2718 385 vel
2746 331 2942 387 divinae
2968 333 3185 390 virtutis
3206 336 3514 391 substantia

210 421 356 466 tute
399 415 693 467 secundum
728 415 974 484 spiritum
1009 419 1445 486 sanctiﬁcationis
1480 423 1555 476 ’δε
1589 422 1705 487 sed,
1730 421 1834 487 Qui
1941 421 2298 486 nominatur;
2351 421 2417 475 de
2470 435 2573 490 qua
2612 419 2739 474 alibi
2775 421 2892 490 ipse
2933 421 3182 478 Salvator
3209 425 3361 490 dicit,
3389 425 3514 493 quia

210 502 555 557 destinatus
580 512 654 556 est
679 502 857 556 Filius
896 503 992 558 Dei
1017 503 1156 575 (23).
1189 505 1253 560 Et
1285 523 1440 562 nemo
1462 518 1615 578 putet
1639 525 1736 563 nos
1767 509 1833 563 de
1939 513 2105 566 tristis
2138 523 2212 566 est
2237 513 2414 565 anima
2449 529 2564 566 mea
2590 529 2748 580 usque
2772 514 2840 565 ad
2874 523 3090 566 mortem
3113 515 3192 579 ἰς
3220 526 3273 570 et
3301 535 3316 570 :
3353 516 3514 572 Nunc

209 595 344 648 hoc
369 607 637 649 sermone
669 595 942 650 curiosius
976 611 1140 666 quam
1192 587 1279 652 res
1327 599 1547 669 patitur,
1583 615 1834 668 perscru-
1939 600 2117 653 anima
2144 616 2257 652 mea
2290 601 2507 653 turbata
2537 612 2611 654 est
2635 602 2678 631 "
2706 620 2716 655 :
2748 617 2911 672 quam
2942 612 2996 656 et
3028 618 3055 655 a
3085 607 3375 674 semetipso
3416 620 3513 674 po-

215 685 377 740 tari.
433 683 696 751 Quamvis
730 687 874 740 enim
925 689 978 743 in
1032 689 1239 744 Latinis
1287 690 1686 761 exemplaribus
1718 693 1830 761 (ει)
1936 691 2066 755 sttit,
2103 690 2214 744 imo
2241 706 2360 760 quae
2390 689 2504 760 (9.9)
2549 706 2720 761 usque
2773 693 2839 745 ad
2885 692 3160 748 infernum
3212 696 3511 761 descendit,

211 775 662 844 praedestinantis
686 777 860 833 soleat
883 780 1138 846 inveniri,
1165 790 1342 836 tamen
1369 784 1662 837 secundum
1687 786 1830 854 quod
1942 782 2007 835 de
2038 797 2142 850 qua
2175 791 2231 836 et
2268 781 2468 836 dicitur
2498 801 2510 836 :
2547 781 2668 836 Non
2706 783 3037 854 derelinques
3077 786 3307 838 animam
3347 803 3515 842 meam

218 865 734 935 interpretationis
780 867 984 924 veritas
1017 870 1198 936 habet,
1247 871 1535 926 destinatus
1571 873 1828 942 scriptum
1937 872 1991 924 in
2024 871 2234 942 inferno
2263 872 2330 927 ’³.
2363 872 2584 926 Certum
2616 881 2697 925 est
2719 872 2865 926 enim
2893 873 3018 941 quia
3047 874 3159 928 haec
3193 890 3298 929 non
3331 877 3396 930 de
3431 892 3518 930 se-

210 961 342 1020 cst,
400 969 505 1008 non
539 955 974 1023 prwdestinatus.
1031 957 1351 1020 Destinatur.
1401 961 1548 1015 enim
1597 961 1686 1018 ille
1737 965 1828 1031 qui
1934 965 2082 1020 utine
2129 963 2296 1019 David
2350 972 2610 1034 generata
2668 962 2758 1018 sit.
2817 962 2956 1018 Dicit
2996 966 3139 1020 enim
3192 965 3318 1034 quia
3371 968 3514 1037 quod

210 1053 342 1111 est,
383 1047 807 1115 przedestinatur
838 1063 969 1104 vero
999 1049 1087 1104 ille
1129 1052 1222 1120 qui
1267 1053 1506 1107 nondum
1551 1062 1658 1120 est,
1689 1054 1828 1110 sicut
1935 1057 2137 1108 factum
2191 1063 2274 1108 est
2324 1069 2392 1108 ex
2440 1055 2646 1109 semine
2701 1054 2893 1118 David,
2945 1055 3238 1108 secundum
3292 1071 3511 1110 carnem

213 1137 282 1192 lii
322 1139 398 1202 de
428 1140 628 1208 quibus
653 1137 768 1211 (25)
811 1139 945 1196 dicit
983 1142 1275 1213 Apostolus
1315 1143 1358 1176 ¹⁷
1399 1164 1418 1202 ;
1468 1143 1614 1210 Quos
1653 1156 1828 1200 autem
1930 1159 2013 1202 est
2036 1147 2105 1206 “.
2135 1147 2274 1214 Quia
2330 1161 2462 1218 ergo
2494 1163 2670 1216 neque
2702 1147 2754 1201 in
2787 1161 2853 1202 eo
2879 1149 3022 1218 quod
3064 1148 3362 1203 secundum
3390 1163 3514 1202 car-

212 1235 530 1303 prcescivit,
567 1233 687 1288 illos
743 1245 792 1288 et
841 1237 1257 1305 prcedestinavit.
1305 1239 1554 1300 Pt-aesciri
1595 1256 1726 1312 ergo
1775 1253 1828 1297 et.
1933 1255 2052 1292 nem
2083 1237 2418 1304 esl,videtur
2445 1239 2816 1306 annumerari,
2845 1254 3019 1307 neque
3045 1238 3095 1292 in
3128 1253 3191 1293 eo
3223 1238 3312 1292 ubi
3347 1239 3512 1294 desti-

215 1326 628 1396 prmdestinari
665 1338 890 1399 possunt
918 1329 994 1384 illi
1023 1331 1115 1400 qui
1142 1332 1386 1386 nondum
1419 1344 1588 1399 sunt;
1621 1335 1709 1389 ille
1731 1349 1828 1388 an-
1933 1331 2224 1401 natnr(30)
2252 1329 2428 1385 Filius
2483 1329 2576 1384 Dei
2606 1328 2659 1383 in
2694 1330 2890 1384 virtute
2937 1332 3231 1385 secundum
3261 1331 3509 1399 spiritum

220 1427 356 1474 tem
387 1420 479 1490 qui
512 1428 618 1486 est,
646 1431 699 1476 et
725 1437 942 1491 semper
973 1433 1076 1487 est,
1110 1438 1218 1478 non
1259 1426 1700 1494 praedestinatur,
1733 1430 1828 1483 sed
1930 1423 2387 1479 sanctiﬁcationis
2435 1424 2511 1487 ’⁸,
2565 1431 2696 1494 puto
2767 1424 2909 1493 quod
2973 1424 3360 1478 consuetudine
3413 1438 3509 1478 sua

215 1509 572 1568 destinatur.
609 1514 732 1570 Haec
768 1516 912 1570 dicta
957 1516 1069 1570 sint
1097 1531 1126 1570 a
1165 1517 1321 1570 nobis
1370 1527 1588 1588 propter
1612 1535 1707 1575 eos
1733 1521 1823 1589 qui
1931 1514 2230 1579 Apostolus
2261 1523 2442 1569 tttatttr
2469 1516 2640 1571 etiam
2673 1515 2724 1569 in
2758 1515 2858 1569 hoc
2884 1514 3020 1580 loco,
3053 1515 3232 1570 sciens
3275 1516 3508 1571 mediam

217 1603 282 1656 in
319 1602 668 1672 unigenitum
700 1607 897 1662 Filium
932 1607 1026 1662 Dei
1056 1607 1392 1677 impietatem
1424 1609 1738 1680 loquuntur,
1771 1621 1824 1666 et

1928 1621 2145 1675 semper
2180 1620 2301 1660 esse
2335 1608 2576 1659 animam
2609 1606 2753 1659 inter
2784 1605 3036 1676 spiritum
3073 1615 3129 1659 et
3169 1622 3410 1671 carnem,
3453 1617 3508 1662 et

219 1693 562 1764 ignorantes
607 1697 974 1755 diﬂ'erentiam
1031 1701 1287 1756 destinati
1328 1711 1382 1756 et
1433 1703 1821 1772 prmdestinali,
1857 1693 1898 1747 Β
1929 1709 2020 1751 θυι
2045 1698 2279 1768 iungere
2302 1713 2364 1753 se
2392 1698 2567 1762 carni.
2603 1708 2656 1752 et
2680 1696 2817 1750 cﬂici
2841 1713 3003 1750 unum
3034 1714 3152 1754 cum
3182 1715 3381 1761 carne;
3414 1710 3505 1753 aut

215 1794 576 1858 putanteum
626 1788 772 1845 inter
825 1805 922 1846 eus
967 1791 1084 1862 qui,
1127 1807 1250 1846 cum
1291 1799 1416 1848 ante
1449 1808 1555 1848 non
1594 1792 1818 1862 fuerint,

217 1873 617 1943 praedestinati
665 1887 793 1932 sunt
846 1889 904 1932 ut
958 1886 1164 1941 essent,
1218 1880 1674 1952 tmnteranduntk:
1725 1886 1816 1956 qui

215 1977 515 2034 nunquam
538 1968 962 2037 praedestinatus
983 1977 1067 2022 est
1094 1975 1152 2021 ut
1174 1979 1320 2022 esset
1348 1967 1536 2034 Filius,
1567 1973 1660 2026 sed
1681 1988 1819 2027 sent-

1925 1790 2139 1845 sociare
2172 1803 2231 1844 se
2264 1788 2508 1859 spiritui,
2547 1798 2601 1842 et
2633 1804 2758 1846 esse
2794 1807 2959 1846 unum
2989 1805 3110 1845 cum
3144 1791 3337 1860 spiritu
3383 1805 3396 1842 :
3436 1806 3502 1845 ex

1921 1894 2054 1950 quo,
2101 1880 2146 1935 si
2188 1879 2407 1947 quidem
2463 1894 2584 1933 cum
2639 1897 2806 1939 carne
2837 1884 2928 1947 sit,
2971 1882 3215 1936 carnales
3255 1881 3504 1936 homines

1923 1971 2100 2035 ﬁant;
2150 1970 2194 2025 si
2243 1984 2378 2025 vero
2416 1984 2540 2024 cum
2577 1973 2795 2042 spiritu,
2837 1973 3130 2044 spiritales.
3189 1973 3254 2027 Et
3298 1973 3502 2028 idcirco

1919 2055 2264 2110 extrinsecus
2288 2070 2406 2108 eam
2449 2072 2554 2109 non
2585 2058 2853 2116 nominat.
2880 2059 2972 2112 sed
3007 2075 3228 2112 carnem
3267 2069 3496 2120 tantum,

1921 2146 2008 2198 vel
2062 2146 2362 2216 spiritum;
2401 2147 2504 2200 scit
2557 2147 2706 2201 enim
2747 2146 2906 2201 alteri
2950 2149 3140 2203 horum
3189 2150 3498 2204 necessario

1922 2238 2160 2291 animam
2197 2238 2500 2304 cohaerere,
2535 2237 2676 2292 sicut
2717 2249 2771 2293 et
2819 2240 2871 2294 in
2908 2239 2992 2294 his
3028 2241 3094 2293 ad
3141 2255 3276 2309 quos
3322 2241 3480 2299 dicit:

1929 2327 2034 2381 Vos
2059 2336 2235 2380 autent
2279 2327 2334 2380 in
2369 2344 2527 2381 carne
2557 2344 2664 2382 non
2695 2330 2837 2395 estis,
2862 2331 2950 2383 sed
2983 2333 3036 2383 in
3070 2331 3258 2397 spiritu
3287 2331 3331 2361 "
3359 2347 3372 2396 ;
3401 2341 3456 2384 et
3481 2348 3496 2386 :

1921 2421 2027 2486 Qui
2056 2436 2110 2474 se
2138 2420 2320 2490 jungit
2357 2421 2644 2487 meretrici,
2675 2437 2834 2474 unum
2867 2437 3060 2489 corpus
3106 2431 3180 2476 est
3225 2421 3497 2494 (meretri-

1918 2528 2036 2567 cem
2068 2512 2156 2566 hic
2186 2527 2412 2566 carnem
2457 2512 2541 2565 vel
2591 2528 2788 2581 corpus
2839 2516 3083 2582 vocans),
3112 2514 3203 2584 qui
3236 2523 3406 2566 autem
3439 2529 3491 2566 se

1907 2606 2090 2676 jungit
2121 2604 2370 2670 Domino,
2417 2621 2552 2658 unus
2595 2604 2811 2674 spiritus
2857 2616 2935 2658 est
2966 2606 3033 2660 "’.
3069 2605 3144 2659 Ita
3172 2620 3300 2675 ergo
3332 2607 3496 2660 etiam
3551 2651 3566 2666 _

1921 2713 2063 2751 nunc
2095 2697 2277 2751 sciens
2313 2697 2380 2749 de
2407 2697 2590 2750 anitna
2621 2695 2772 2762 Jesu,
2814 2696 2939 2765 quia
2986 2698 3192 2752 sociata
3242 2698 3494 2763 Domino,

1915 2799 1968 2845 et
1998 2790 2282 2845 cohaerens
2306 2788 2383 2859 ei,
2422 2804 2562 2844 unus
2592 2804 2715 2843 cum
2764 2788 2882 2858 ipso
2932 2789 3109 2844 factus
3153 2789 3223 2844 sit
3270 2789 3494 2859 spiritus

1915 2882 2394 2947 sanctiﬁcationis,
2455 2898 2562 2936 non
2618 2897 2735 2936 eam
2788 2881 3088 2937 nominavit
3124 2882 3490 2942 extrinsecus,

1916 2991 1981 3029 ne
2006 2974 2240 3030 solveret
2274 2974 2456 3039 Iesum
2485 2991 2500 3029 :
2528 2975 2680 3039 Quod
2710 2976 2846 3029 enim
2868 2976 2981 3047 (51)
3027 2974 3165 3028 Deus
3190 2973 3492 3044 conjunxit,

1910 3067 2067 3119 homo
2103 3083 2206 3120 non
2239 3077 2442 3135 separet
2469 3067 2533 3119 ’⁸.
2570 3067 3042 3121 Sanctiﬁcationis
3089 3079 3218 3120 vero
3265 3064 3494 3133 spiritus

1912 3157 2113 3212 dic-itur
2143 3157 2440 3211 secundum
2486 3159 2587 3212 hoc
2619 3159 2762 3228 quod
2810 3159 3017 3228 praahet
3063 3157 3316 3211 omnibus
3365 3172 3493 3210 san-

1911 3249 2180 3310 ctitatem,
2217 3247 2360 3302 sicut
2393 3256 2448 3303 et
2481 3247 2610 3303 alibi
2639 3250 2682 3280 '9
2713 3248 2776 3302 de
2808 3265 2872 3303 eo
2917 3248 3178 3317 scriptum
3213 3254 3296 3300 est
3330 3264 3344 3301 :
3384 3243 3491 3312 Qui

1911 3343 2083 3412 factus
2115 3353 2191 3395 est
2223 3341 2483 3411 sapientia
2514 3341 2660 3398 nobis
2688 3358 2719 3393 a
2758 3339 2887 3404 Deo,
2939 3352 2987 3394 et
3013 3341 3252 3408 justitia,
3285 3350 3333 3392 et
3367 3353 3485 3392 ιαης

1907 3431 2182 3499 cti/icatio,
2206 3442 2251 3483 et
2274 3430 2584 3498 redemptio.
2614 3430 2812 3484 Verum
2847 3438 3150 3484 occurrunt
3181 3430 3339 3484 nobis
3368 3427 3490 3496 qui-

1905 3525 2028 3576 dam
2073 3524 2406 3592 quaestiones
2463 3521 2846 3577 acerbissimas
2895 3533 3300 3576 commoventes
3349 3520 3490 3589 (32),

1905 3614 2179 3684 quomodo
2214 3614 2466 3668 videatur
2508 3611 2761 3668 Christus
2811 3613 3145 3669 descendere
3177 3629 3242 3666 ex
3280 3612 3489 3668 semine

1907 3707 2098 3768 David,
2132 3720 2291 3774 quem
2319 3713 2531 3758 constat
2571 3719 2677 3758 non
2715 3719 2836 3758 esse
2864 3719 2927 3758 ex
2956 3702 3155 3768 Joseph
3188 3711 3398 3770 natum,
3432 3703 3484 3757 in

1905 3816 2064 3870 quem
2097 3797 2296 3866 lost-ph
2333 3797 2504 3850 series
2531 3811 2598 3848 ex
2627 3795 2797 3848 David
2844 3795 3224 3850 descendentis
3255 3811 3486 3865 genera-

1857 3894 1900 3924 "
1947 3891 1963 3944 Ι
2004 3891 2128 3945 Cor.
2175 3887 2325 3950 1.2—5.
2403 3887 2450 3916 ¹⁰
2483 3886 2610 3954 Sap.
2643 3901 2738 3952 vlt,
2764 3887 2856 3952 ‘25,
2883 3885 2972 3940 9.6.
3052 3886 3305 3943 "Matth.
3332 3903 3480 3950 χχι-ι,

1944 3963 1989 3998 ³⁵
2029 3961 2159 4014 ibid.
2197 3961 2250 4013 4.
2362 3959 2408 3989 ⁸⁸
2437 3956 2596 4010 Rom.
2628 3972 2736 4022 vttt,
2762 3960 2816 4012 9.
2923 3956 3145 4011 "lCor.
3174 3973 3246 4022 γε,
3275 3959 3361 4024 ib,
3393 3955 3479 4012 17.

219 2069 330 2122 per
364 2055 469 2110 fuit
501 2067 554 2114 et
589 2068 670 2114 est
699 2059 812 2132 (26)
850 2063 990 2115 sicut
1026 2068 1083 2115 et
1120 2059 1302 2115 Pater.
1352 2061 1452 2128 Qui
1502 2077 1632 2133 ergo
1675 2080 1816 2120 sem-

215 2163 327 2217 per
355 2161 465 2216 est,
491 2152 821 2216 destinatur,
848 2164 902 2207 ut
928 2154 1187 2221 diximus,
1223 2169 1328 2208 non
1358 2155 1814 2225 praedestinatum

216 2243 319 2310 qui
347 2253 532 2298 autem
569 2245 1016 2314 przedestinatur,
1075 2245 1313 2299 nondum
1362 2254 1479 2299 erat
1522 2255 1648 2300 tunc
1690 2263 1812 2303 eum

221 2333 740 2398 praedestinaretur,
771 2334 866 2388 sed
903 2336 1077 2406 erepit
1108 2353 1176 2392 ex
1209 2345 1472 2404 tempore.
1501 2336 1812 2394 Necessaria

224 2421 401 2490 igitur
456 2424 808 2482 distinctione
861 2427 1156 2495 Apostolus
1205 2430 1397 2494 utitur,
1452 2445 1575 2485 eum
1619 2433 1712 2502 qui
1747 2449 1812 2488 cx

221 2513 444 2569 semine
467 2510 641 2571 David
663 2519 960 2574 secundum
987 2534 1207 2576 carnem
1234 2529 1340 2586 est,
1365 2521 1567 2577 factum
1592 2525 1808 2592 dicens;

219 2619 350 2661 eum
399 2622 530 2663 vero
574 2625 734 2679 quem
783 2611 979 2667 Filium
1033 2613 1129 2668 Dei
1175 2615 1231 2666 in
1287 2615 1476 2670 virtute
1525 2618 1810 2674 secundum

221 2697 474 2764 spiritum
520 2703 972 2770 sanctiﬁcationis
1028 2706 1071 2736 "
1123 2701 1398 2772 nominat,
1459 2708 1808 2764 deSIinatum.

223 2789 438 2846 Etenim
469 2808 594 2848 cum
627 2794 852 2856 dixisset
885 2793 1087 2850 Filium
1131 2796 1252 2862 Dei,
1283 2812 1388 2851 non
1415 2798 1692 2868 superﬂuo
1722 2801 1814 2855 ad.

224 2879 384 2948 didit,
418 2883 471 2936 in
509 2885 712 2949 virtute,
738 2886 982 2940 indicatis
1011 2888 1221 2956 perhoc
1238 2889 1378 2956 quod
1398 2890 1700 2946 substantia
1727 2893 1813 2948 Fi.

225 2970 333 3026 lius
360 2972 431 3027 sit
457 2975 750 3028 secundum
777 2977 1027 3044 spiritum
1057 2977 1529 3035 sanctiﬁcationis.
1558 2981 1806 3039 Christus

227 3061 393 3135 ωε
418 3063 563 3118 enim
611 3063 705 3116 Dei
761 3064 934 3118 virtus
983 3073 1036 3117 et
1083 3063 1174 3117 Dei
1208 3064 1478 3133 sapientia
1507 3066 1709 3122 dicitur
1738 3070 1803 3136 ",

227 3155 317 3222 qui
348 3165 402 3209 et
431 3170 601 3224 vapor
644 3155 861 3209 virtutis
905 3155 1020 3222 Dei,
1052 3164 1108 3209 et
1137 3156 1375 3210 manatio
1406 3157 1590 3226 gloriae
1619 3158 1806 3214 Omni-

231 3246 462 3315 potentis
505 3247 823 3315 puriSsitna,
875 3257 930 3301 et
973 3245 1230 3314 splendor
1269 3247 1405 3303 lueis
1457 3258 1695 3316 internae,
1749 3263 1804 3306 et

234 3339 410 3409 imago
448 3340 714 3395 bonitatis
748 3339 843 3394 Dei
873 3338 1180 3409 appellatur
1205 3341 1272 3395 ὀ.
1301 3341 1413 3412 (ΞἹ)
1440 3341 1545 3396 Sed
1579 3344 1804 3413 requiri-

236 3437 340 3495 tur,
374 3431 416 3485 si
447 3433 497 3487 id
530 3433 673 3502 quod
715 3431 778 3486 de
806 3430 1016 3486 semine
1052 3429 1220 3483 David
1256 3434 1502 3486 nascitur
1533 3433 1671 3504 (28),
1715 3423 1806 3488 se?

236 3523 466 3576 cundum
499 3538 718 3577 carnem
756 3533 861 3584 est,
895 3522 1038 3590 quod
1068 3536 1199 3574 vero
1233 3522 1284 3577 in
1320 3525 1520 3578 virtute
1563 3525 1807 3579 destina-

237 3621 319 3668 tur
347 3614 642 3668 seeundum
687 3613 942 3682 spiritum
987 3615 1463 3679 sanctiﬁcationis,
1501 3613 1670 3669 Filius
1713 3617 1805 3671 Dei

237 3705 360 3760 etin
395 3705 698 3760 substantia
740 3705 830 3760 Dei
867 3716 973 3769 est,
1001 3707 1272 3778 quomodo
1309 3707 1688 3776 accipiendum
1723 3718 1810 3762 est

239 3797 298 3851 de
331 3797 505 3850 anima
539 3796 692 3862 Jesu,
728 3813 848 3867 quae
890 3800 976 3855 hic
1017 3816 1358 3870 nequaquam
1395 3815 1518 3854 cum
1567 3815 1729 3854 carne
1753 3812 1806 3856 et

337 3886 555 3958 "Rom.
585 3905 622 3953 t,
652 3887 704 3942 4.
787 3891 826 3920 ³⁷
862 3890 1018 3943 Rom.
1049 3907 1169 3958 vrtt,
1194 3891 1286 3944 €29.
1367 3892 1408 3920 “'
1446 3888 1602 3944 Rom.
1651 3907 1688 3955 l,
1726 3891 1780 3947 4.

239 3954 345 4028 582
392 3959 437 3988 ’⁸
473 3956 626 4013 Joan.
651 3975 744 4021 xu,
772 3961 862 4014 27.
942 3962 986 3992 ’³
1011 3954 1269 4026 Psahxv,
1299 3961 1385 4014 10.
1466 3960 1511 3991 ’³
1535 3954 1692 4016 Rom.
1721 3978 1759 4028 ι,
1785 3964 1838 4017 5.

241 4026 284 4058 ⁸⁸
307 4025 492 4082 Matth.
521 4031 707 4093 xix,6.
788 4033 832 4062 ²⁹
855 4031 871 4084 l
891 4031 1016 4086 Cor.
1042 4049 1078 4094 t,
1101 4031 1191 4086 50.

309 4121 414 4194 (23)
445 4122 605 4188 Editi,
642 4128 732 4195 qui
775 4128 1068 4180 destinatus
1112 4138 1186 4180 est
1237 4125 1411 4180 Filius
1457 4126 1549 4180 Dei
1595 4132 1646 4179 tu
1701 4129 1806 4181 vir-
1841 4133 1883 4186 D

242 4202 360 4250 tlte.

307 4263 412 4336 (24)
439 4263 605 4328 Etlili,
637 4267 692 4317 in
722 4265 930 4318 Latinis
979 4268 1247 4321 codicibus
1291 4281 1338 4322 et
1389 4267 1796 4336 exemplaribus.

245 4331 428 4386 Deinde
455 4336 716 4389 omittunt
744 4337 1052 4390 secundum.

309 4403 412 4472 (25)
462 4404 552 4458 Sit:
604 4421 707 4459 tus.
765 4407 966 4470 Regius
1013 4423 1160 4460 ttttm.
1217 4407 1370 4461 16“.
1427 4406 1616 4462 Cmteri
1667 4426 1800 4465 vero

247 4487 385 4548 mss,,
418 4473 691 4548 Babauus,
728 4484 784 4528 et
812 4476 1110 4548 (ῥίψῃςιίίἰ,
1143 4479 1278 4531 sicut
1311 4485 1372 4532 tle
1398 4479 1479 4532 Itis
1512 4480 1576 4532 de
1611 4482 1798 4548 quibus

246 4544 538 4616 (ahquibus
583 4547 787 4599 emisso
813 4545 896 4616 de)
945 4547 1095 4612 dicit,
1143 4557 1252 4603 etc.
1288 4566 1302 4613 ;
1341 4551 1502 4612 alius,
1556 4544 1692 4604 sicut
1735 4555 1800 4610 de

247 4613 538 4681 quibusdam
571 4616 719 4679 dicit,
753 4625 859 4668 etc.

309 4681 537 4755 (26)Aita
596 4701 693 4738 ms.
746 4683 944 4754 Regius
993 4705 1140 4742 num.
1192 4687 1320 4741 16H
1371 4707 1385 4755 ;
1437 4692 1617 4744 czeteri
1673 4707 1798 4748 vero

249 4768 384 4816 mss.,
417 4753 671 4809 [tabanus
704 4767 758 4808 et
789 4753 918 4811 editi
952 4762 1207 4812 omittunt
1235 4770 1280 4810 et
1307 4753 1405 4813 est.

307 4823 408 4892 (27)
457 4825 585 4899 Ipluc_
629 4827 968 4899 referendum
1017 4829 1232 4882 videtur
1277 4829 1416 4896 quod
1481 4829 1796 4899 Pamphilus

251 4903 432 4967 martyr
466 4895 806 4967 iu_Apotogia
839 4913 932 4951 sua
959 4914 1023 4952 ex
1057 4901 1196 4952 libro
1225 4895 1398 4966 primo
1445 4895 1700 4967 Epistulae
1728 4905 1792 4955 ad

253 4964 502 5038 Romanos
523 4965 865 5038 desutnptum
901 4964 1310 5022 commemorat.
1346 4964 1563 5032 Quwrat
1600 4972 1794 5038 fortas-

248 5036 312 5108 sis
334 5035 520 5108 aliquis
561 5036 606 5108 s_i
655 5033 835 5090 Filius
869 5039 1103 5091 charitas
1146 5053 1242 5101 est,
1282 5043 1543 5107 pra'cipue
1583 5033 1794 5108 propter

252 5105 350 5166 hoc,
378 5104 518 5174 quod
555 5104 792 5160 Joannes
831 5113 898 5161 ad
949 5108 1112 5160 Deum
1166 5104 1378 5168 l’atretn
1431 5104 1607 5163 retulit
1658 5104 1794 5164 lianc

251 5190 420 5246 uocem,
448 5175 662 5228 dicens:
686 5175 821 5242 Quia
844 5177 982 5232 Deus
1011 5179 1249 5233 t'ltaritas
1274 5191 1352 5232 eat
1379 5178 1613 5246 (IJoan.
1635 5196 1709 5245 tv,
1736 5183 1789 5244 8,

252 5242 473 5317 “Discit
513 5261 723 5298 rursum
759 5263 824 5300 ea:
864 5249 978 5316 ipsa
1016 5250 1131 5317 ejus
1183 5242 1424 5310 Epistula
1458 5242 1788 5317 proferemus

251 5323 290 5366 et
311 5314 431 5388 illud
454 5319 597 5388 quod
633 5317 711 5368 ait
741 5333 758 5370 :
793 5314 1136 5380 Charissi'tui,
1189 5314 1482 5388 diligamus
1537 5314 1786 5382 invicem,

252 5386 479 5459 quoniam
508 5385 769 5459 _ch:_tritas
814 5405 878 5444 ex
935 5389 1042 5441 Deo
1085 5401 1166 5442 est
1215 5385 1346 5456 (ibid
1381 5390 1460 5459 7).
1516 5391 1620 5454 Qui
1669 5407 1789 5458 ergo

252 5454 556 5521 dixit:Qttia
599 5457 738 5512 Deus
762 5459 1001 5513 charitas
1042 5469 1146 5523 est,
1183 5454 1292 5524 ipse
1339 5454 1526 5511 iterum
1562 5454 1791 5513 cltarit'a-

255 5532 336 5574 tem
358 5527 497 5578 docet
534 5542 646 5580 esse
681 5545 745 5581 ea:
773 5529 880 5583 Deo
916 5545 934 5583 :
973 5544 1131 5597 quam
1157 5527 1465 5581 (-Itaritatem
1499 5546 1601 5582 non
1637 5533 1791 5597 credo

254 5598 554 5670 essentiam,
589 5599 689 5651 nisi
721 5597 1058 5670 Unigenitunt
1086 5595 1288 5650 Filium
1309 5597 1443 5666 ejus,
1467 5600 1599 5670 sicut
1627 5595 1791 5653 Deum

260 5677 309 5714 cur
333 5663 447 5733 Deo,
481 5670 555 5721 ita
583 5663 890 5724 charitatcm
917 5685 980 5725 ea:
1007 5669 1265 5722 cltaritatc
1294 5663 1643 5735 progenitum.

1983 4127 2097 4196 (‘28)
2132 4123 2627 4196 NascitursDerst
2656 4122 2706 4174 itt
2749 4132 2905 4175 antea
2947 4122 3327 4196 editis._i’aulo
3360 4135 3482 4194 post

1914 4192 2043 4253 mss.
2077 4192 2256 4264 plures
2279 4212 2293 4248 ε
2320 4192 2498 4246 Filius
2530 4193 2627 4246 Dei
2654 4203 2698 4244 et
2727 4195 3019 4246 stilistantia
3050 4193 3143 4248 Dei
3171 4205 3268 4247 est.

1981 4268 2092 4338 (29)
2123 4266 2260 4338 Etliti
2292 4276 2346 4318 et
2383 4281 2483 4338 tus.
2515 4277 2674 4328 unus,
2714 4265 2816 4315 imo
2843 4279 2969 4332 qua,
3008 4273 3112 4317 etc.
3147 4265 3256 4318 Sed
3296 4265 3478 4320 creteri

1907 4335 2039 4392 mss.
2067 4347 2120 4390 et
2149 4335 2429 4398 Rabattns,
2461 4336 2566 4386 into
2589 4348 2714 4401 qua,
2739 4343 2847 4387 etc.

1978 4410 2087 4490 (litt)
2113 4405 2203 4460 Sic
2227 4415 2435 4490 iussnet
2469 4403 2722 4490 “abantis
2754 4419 2768 4466 ;
2804 4405 2932 4490 et‘titi
2963 4419 3311 4490 vero,“rteqtte
3335 4404 3391 4458 in
3417 4420 3476 4486 eo

1905 4474 2303 4540 ubidexcendit,
2338 4475 2400 4526 de
2429 4491 2535 4542 qua
2569 4474 2764 4542 dicitur
2786 4489 2804 4526 :
2833 4475 2947 4530 Non
2980 4475 3325 4541 derelinques
3360 4476 3476 4528 atti-

1904 4565 2043 4602 tnam
2090 4563 2264 4602 nteant
2301 4549 2350 4599 itt
2385 4540 2596 4597 ittl'et'uo
2629 4540 2806 4614 (l’sal.
2861 4561 2949 4610 xv,
2996 4543 3106 4617 ευ).
3145 4540 3473 4609 Déstiuatur,

1901 4631 2007 4672 CIC.

1975 4687 2302 4760 (31)7l§nim.
2341 4685 2501 4760 Deest
2547 4683 2600 4736 in
2647 4682 2828 4739 editis.
2879 4685 3080 4741 Deinde
3115 4702 3223 4760 (ms.
3270 4684 3473 4760 Regius

1901 4755 2247 4818 nuin.ib’59,
2287 4768 2340 4810 et
2396 4755 2671 4816 ltabauus,
2704 4769 2806 4808 non
2836 4768 3067 4824 separat.
3104 4757 3298 4812 Creteri
3335 4755 3466 4810 mss.

1898 4840 1946 4882 et
1981 4830 2134 4892 editi,
2172 4844 2272 4879 nou
2300 4834 2522 4894 separet.

1971 4899 2084 4980 (ᾷὲ)
2115 4897 2274 4980 unus,
2301 4908 2354 4949 et
2385 4911 2483 4976 tus.
2518 4908 2688 4980 ‘unus,
2728 4895 2969 4962 (laturiam
2999 4902 3300 4980 question“.
3326 4913 3470 4955 acer-

1899 4967 2107 5021 bissime
2138 4969 2231 5037 (al.
2258 4967 2531 5033 acerrime)
2559 4978 2956 5037 commoventes.
2996 4967 3100 5025 Sed
3124 4974 3304 5026 ueteri
3331 4984 3464 5023 mss.

1897 5050 1950 5092 et
1980 5035 2260 5094 Rabanus.
2297 5039 2516 5094 rectius.
2570 5045 2627 5086 ut
2678 5035 2726 5087 iit
2783 5045 2956 5094 textu.
3014 5042 3274 5096 Socrates
3321 5038 3465 5093 Hist.

1888 5108 2016 5182 ccci.
2085 5111 2302 5182 libavn,
2336 5122 2456 5182 cap.
2492 5107 2581 5182 52,
2613 5106 2720 5182 ait:
2749 5108 2859 5160 Καὶ
2889 5109 3267 5182 ’Ὠριγένης-δὲ
3297 5113 3354 5164 ἐν
3388 5109 3467 5182 τῷ

1895 5179 2095 5252 πρώτῳ
2147 5177 2452 5252 τόμῳγτῶν
2497 5181 2583 5244 εἰς
2605 5176 2744 5252 Δτὴνιζ
2793 5176 3310 5252 πρὸςᾲῗΡωμὶιίους
3358 5176 3466 5252 τοῦ

1906 5246 2280 5306 uincemus
2316 5246 2694 5315 Ἐπιστολὴν,
2721 5249 3038 5318 ἑρμηνεύων
3070 5246 3185 5314 citi);
3219 5246 3464 5319 omam;

1894 5319 2127 5390 λέγεται,
2161 5322 2407 5383 πλατέως
2432 5321 2686 5394 (ἐξήτασε.
2717 5319 2822 5394 ﬁeri
2851 5331 2896 5372 et
2920 5319 3183 5394 ‘Orig‘eues
3212 5324 3266 5376 in
3295 5327 3463 5394 primo

1895 5387 2030 5446 toruo
2070 5387 2596 5448 Coztttttetttarioruttt
2641 5389 2691 5441 itt
2732 5387 3210 5455 lﬂpislolatn'i’auli
3251 5387 3318 5449 aii
3358 5395 3467 5451 liu-

1901 5479 2108 5527 manos,
2136 5477 2396 5534 exponens
2440 5475 2543 5534 qua
2582 5463 2782 5512 ratione
2820 5463 3028 5534 dicatur
3062 5462 3308 5534 Deipara,
3347 5485 3460 5522 eain

1901 5535 2246 5611 Turpionem
2287 5531 2542 5611 latissime
2567 5533 3087 5611 pertractavitﬂuntl
3114 5531 3190 5611 ab
3228 5531 3461 5611 Origene

1902 5600 2002 5656 hoc
2037 5604 2088 5656 in
2121 5603 2239 5656 loco
2271 5609 2661 5670 pertractatutn
2690 5600 2856 5657 fuisse
2887 5605 3181 5666 verisimile
3214 5617 3317 5668 est.
