3974 6206
507 228 602 282 851
1725 247 1732 262 ί
1956 231 2280 289 OillGENlS

3634 237 3731 293 859.

509 339 674 394 tinnis
703 339 1008 398 adducitur.
1041 344 1249 409 Quibus
1304 359 1594 398 occurram
1623 348 1869 415 «pramvis
1923 350 2088 404 mole-
2120 359 2162 412 Α
2195 347 2302 401 lius
2351 345 2447 400 Dei
2481 345 2550 399 sit
2585 359 2649 398 ex
2709 344 3108 398 resurrectione
3157 353 3510 414 mortuorum,
3540 350 3732 408 dillicile

504 439 650 485 Stum
674 430 746 484 sit
777 432 1070 486 secundum
1111 433 1305 486 littera:
1334 435 1620 500 rationem,
1652 445 1828 489 tamen
1866 451 2085 505 respou-

508 522 714 577 tletura
745 524 976 588 nostris,
1007 526 1149 593 quod
1181 524 1357 579 Maria
1396 542 1518 596 qua:
1549 529 1863 596 desponsata
1887 528 2085 597 Joseph

507 623 790 684 antequam
841 617 1173 669 convenirent
1220 617 1430 671 inventa
1475 629 1549 672 est
1610 619 1663 673 in
1699 634 1845 673 utero
1891 621 2086 674 habens

507 706 575 760 de
601 704 808 774 Spiritu
853 717 1036 760 sancto
1087 708 1154 774 ⁸ο,
1191 709 1486 764 secundum
1544 712 1718 781 legem
1758 714 1874 766 sine
1923 711 2087 766 dubio

509 796 803 852 contribuli
842 813 942 854 suo
965 808 1018 854 et
1044 810 1276 870 cOgnato
1305 802 1594 872 conjuncta
1621 813 1722 858 est.
1755 803 1814 856 Et
1841 803 2089 870 quamvis

511 889 724 942 dicatur
755 891 822 944 ad
865 906 983 946 eam
1030 893 1097 947 ab
1143 894 1356 966 angelo,
1405 895 1534 965 quia
1585 905 1632 948 et
1687 894 1953 949 Elisabeth
2001 910 2089 948 co-

511 991 672 1052 gnata
709 991 801 1036 tua
828 984 990 1038 etiam
1018 987 1130 1053 ipsa
1156 988 1328 1054 pariet
1349 986 1520 1055 ﬁlium
1545 987 1601 1040 in
1627 995 1891 1041 senectute
1916 1003 2015 1042 sua
2042 987 2087 1018 ³¹

513 1069 816 1138 (Elisabeth
855 1082 1038 1128 autem
1088 1089 1152 1129 ex
1205 1073 1420 1130 tiliabus
1462 1075 1643 1130 Aaron
1685 1090 1805 1130 esse
1833 1075 2088 1144 ,dicitur),

517 1174 695 1217 tamen
736 1162 1042 1218 allirmatur
1079 1179 1109 1218 a
1158 1166 1364 1220 nostris
1409 1165 1520 1234 (55)
1567 1166 1709 1234 quod
1753 1167 2093 1234 cognationis

513 1270 708 1310 nomen
738 1272 843 1310 non
875 1257 1048 1310 solum
1098 1257 1164 1310 ad
1213 1257 1564 1324 contribulcs,
1599 1257 1692 1310 sed
1719 1267 1771 1310 et
1802 1256 1869 1309 ad
1904 1271 2094 1310 omnes

510 1347 602 1417 qui
644 1357 766 1401 sunt
802 1363 866 1402 ex
894 1363 1096 1418 genere
1125 1348 1322 1412 Israel,
1356 1348 1500 1402 inter
1545 1362 1605 1403 se
1652 1347 1889 1403 invicem
1937 1361 2090 1402 com-

512 1448 762 1510 petenter
789 1441 959 1508 possit
992 1439 1194 1510 aptari,
1248 1439 1389 1493 sicut
1419 1447 1474 1494 et
1506 1437 1647 1493 idem
1681 1441 1961 1501 apostolus
2027 1440 2094 1494 de

513 1528 766 1582 omnibus
805 1527 970 1584 simul
1015 1529 1150 1582 dicit
1184 1527 1228 1559 ³³
1256 1541 1271 1580 :
1299 1525 1404 1591 Qui
1457 1537 1576 1580 sunt
1628 1526 1839 1594 cognati
1875 1525 1974 1578 mei
2014 1540 2097 1579 se-

512 1620 748 1671 cundum
793 1633 1028 1672 carnem.
1073 1616 1201 1671 lltrc
1259 1615 1482 1685 quidem
1542 1622 1596 1668 et
1649 1615 1755 1668 alia
1802 1614 1886 1668 his
1949 1613 2098 1668 simi-

2190 453 2296 493 non
2329 446 2411 490 est
2445 437 2727 490 advertere
2752 434 2803 489 ei
2835 435 2924 503 qui
2953 434 3142 504 legerit
3165 435 3297 489 illud
3329 437 3470 505 quod
3499 443 3728 507 scriptum

2188 542 2272 586 est
2306 531 2352 561 ³⁸
2379 545 2393 581 :
2433 528 2655 582 Decebat
2679 528 2816 581 enim
2849 543 2968 580 eum
2989 544 3079 595 per
3100 544 3252 596 quem
3274 530 3479 594 omnia,
3499 541 3539 583 et
3566 533 3618 584 in
3643 549 3731 601 quo

2191 623 2388 686 omnia,
2424 619 2618 675 multos
2643 619 2785 688 ﬁlios
2827 619 2881 673 in
2908 619 3138 688 gloriam
3183 619 3550 685 adducentem,
3570 634 3734 677 aucto-

2191 730 2299 767 rem
2328 713 2516 767 salutis
2565 727 2747 765 eorum
2793 726 2886 778 per
2931 710 3198 778 passiones
3243 714 3582 764 consummari
3613 713 3728 783 (57).

2190 807 2340 862 Finis
2384 816 2570 860 autem
2605 803 2915 874 passionum
2947 800 3172 865 Christi,
3209 801 3534 856 resurrectio
3552 812 3657 866 est;
3687 813 3731 857 et

2190 899 2316 970 quia
2353 906 2477 967 post.
2504 895 2964 952 resurrectionem
3013 891 3156 946 ultra
3200 892 3320 962 jam
3377 909 3478 945 non
3520 893 3729 959 moritur,

2193 1007 2356 1062 neque
2379 1005 2518 1042 mors
2545 988 2593 1042 ei
2617 986 2760 1041 ultra
2781 985 3141 1040 dominabitur
3157 983 3276 1015 ³⁷·³⁸
3299 1000 3314 1048 ;
3337 991 3393 1038 et
3417 983 3600 1036 iterum
3617 983 3728 1037 dici<

2195 1093 2300 1146 tur,
2333 1082 2459 1151 quia
2483 1082 2579 1136 etsi
2605 1080 2914 1150 agnouimus
2940 1077 3206 1131 Christum
3230 1077 3516 1130 secundum
3531 1093 3727 1142 eorum,

2193 1174 2284 1227 sed
2313 1189 2452 1226 nunc
2477 1171 2595 1241 jam
2647 1186 2753 1224 non
2797 1170 3036 1222 novimus
3062 1167 3130 1231 ³⁹,
3169 1166 3296 1220 ideo
3329 1181 3492 1220 omne
3516 1170 3642 1235 quod
3666 1177 3731 1222 est

2194 1270 2248 1321 in
2282 1265 2654 1334 Christo,jam
2694 1277 2840 1317 nunc
2891 1261 3063 1316 Filius
3099 1261 3190 1316 Dei
3225 1271 3330 1317 est.
3361 1261 3629 1326 Quomodo
3655 1278 3731 1316 au-

2199 1369 2302 1412 tem
2346 1357 2451 1410 hoc
2489 1362 2545 1408 et
2572 1353 2638 1407 ad
2677 1367 2802 1406 eum
2833 1351 2925 1422 qui
2956 1350 3128 1406 Filius
3161 1351 3252 1406 Dei
3283 1355 3336 1406 in
3370 1351 3563 1406 virtute
3597 1351 3731 1405 desti-

2198 1458 2356 1503 natus
2397 1455 2482 1501 est
2509 1445 2554 1477 ‘°
2590 1445 2884 1507 referatur,
2930 1452 3179 1498 coarctat
3208 1444 3613 1514 intelligentiam
3657 1458 3734 1498 no-

2199 1549 2397 1606 stram,
2459 1537 2564 1592 nisi
2593 1535 2733 1606 quod
2765 1550 2862 1605 per
2891 1533 3326 1588 indissolubilem
3353 1533 3602 1588 unitatem
3627 1533 3735 1588 Ver-

2199 1631 2250 1686 bi
2287 1639 2340 1686 et
2370 1629 2583 1692 carnis,
2618 1626 2802 1681 omnia
2827 1640 2948 1695 qua:
2969 1627 3150 1680 carnis
3187 1636 3318 1681 sunt
3352 1626 3739 1682 ascribunturet

515 1706 584 1759 lia
621 1707 733 1777 (54)
763 1707 1160 1776 respondeatur
1191 1723 1206 1772 ;
1244 1720 1432 1759 verum
1469 1718 1630 1772 quam
1662 1705 1773 1758 sint
1797 1704 1970 1759 valida
1995 1704 2094 1758 ad-

2203 1721 2400 1786 Verbo,
2449 1718 2720 1790 quomodo
2751 1726 2805 1773 et
2827 1730 2949 1786 quae
2974 1715 3134 1771 Verbi
3166 1727 3294 1772 sunt
3323 1718 3666 1786 praedicantur
3690 1718 3734 1772 ia

515 1813 731 1852 versum
765 1796 1098 1852 assertiones
1121 1811 1309 1851 eorum
1341 1793 1434 1864 qui
1467 1808 1566 1849 nos
1593 1794 1660 1849 de
1683 1793 2090 1865 Scripturarum

520 1888 850 1944 testimoniis
876 1894 1195 1961 perurgent,
1229 1887 1461 1957 probato
1492 1895 1568 1952 (ιιι
1612 1885 1704 1955 qui
1741 1885 1897 1957 legis.
1928 1885 2094 1943 Nobis

520 1989 699 2034 tamen
751 1981 867 2036 lucc
913 1980 1266 2051 intelligenda
1301 1977 1598 2034 secundum
1656 1979 1957 2048 spiritalem
2011 1979 2096 2036 vel

517 2071 874 2142 allegoricam
930 2074 1196 2128 rationem
1242 2073 1416 2142 magis
1471 2071 1744 2140 videntur,
1794 2073 2093 2128 secundum

518 2163 662 2228 quod
697 2164 829 2219 nihil
868 2165 1027 2220 obest
1057 2167 1222 2220 etiam
1259 2167 1404 2232 quod
1448 2165 1652 2235 Joseph
1697 2175 1854 2235 pater
1893 2164 2096 2221 Christi

519 2253 746 2320 dicitur,
790 2271 914 2311 cum
948 2256 1174 2310 omnino
1211 2273 1320 2312 non
1373 2257 1442 2312 sit
1495 2257 1613 2325 ejus
1656 2267 1855 2326 pater;
1889 2257 2014 2326 quia
2041 2268 2098 2312 et

520 2347 575 2402 ln
609 2349 1066 2419 generationibus
1092 2365 1121 2404 a
1149 2349 1402 2404 Matthaeo
1432 2350 1670 2406 refertur
1690 2350 1755 2417 ³³,
1782 2350 1922 2418 quod
1950 2347 2100 2406 Josa-

522 2441 654 2512 phat
681 2441 930 2512 genuerit
954 2441 1156 2503 Joram,
1196 2450 1250 2496 et
1279 2441 1460 2496 Joram
1493 2443 1747 2510 genuerit
1784 2443 2010 2508 Oziam;
2045 2444 2094 2498 in

521 2543 715 2604 quarto
771 2543 950 2589 autem
1011 2533 1322 2604 Regnorum
1379 2534 1520 2590 libro
1583 2537 1844 2604 scriptum
1906 2547 1990 2590 est
2031 2537 2096 2600 ",

522 2627 666 2692 quod
697 2624 881 2679 Joram
924 2625 1182 2695 genuerit
1229 2624 1547 2690 Ochoziam,
1600 2635 1656 2680 et
1694 2625 1960 2682 chozias
2007 2644 2100 2699 ge-

524 2717 700 2770 nuerit
734 2715 883 2781 Joas,
931 2724 985 2769 ct
1038 2715 1166 2770 Joas
1195 2718 1440 2786 genuerit
1493 2718 1796 2782 Amasiam,
1850 2720 2100 2774 Amasias

525 2822 652 2859 vero
683 2807 930 2876 genuerit
956 2806 1239 2872 Azariam,
1274 2808 1446 2878 ipsum
1486 2809 1578 2878 qui
1615 2810 1887 2864 interdum
1940 2810 2100 2868 Ozias

528 2896 887 2964 nominatur;
924 2907 977 2952 et
1006 2900 1236 2955 Azarias
1283 2899 1559 2955 Joatham.
1609 2900 1708 2956 llic
1754 2916 1884 2968 ergo
1914 2901 2098 2967 Ozias,

525 2989 618 3062 qui
656 2999 710 3043 et
737 2989 984 3057 Azarias,
1014 3006 1136 3046 cum
1165 2992 1218 3046 in
1249 3002 1445 3061 quarto
1476 2991 1792 3059 Regnorum
1830 2993 1966 3047 libro
1985 2991 2096 3062 (55)

526 3081 739 3133 dicatur
790 3079 1027 3134 Amaslte
1069 3096 1190 3137 esse
1233 3081 1394 3145 illius,
1441 3097 1471 3134 a
1514 3081 1766 3138 Matthaeo
1789 3082 1930 3138 Jora:
1963 3083 2102 3139 titius

527 3172 809 3238 scribitur,
864 3173 1035 3228 tribus
1072 3175 1124 3229 in
1171 3175 1349 3229 medio
1383 3176 1827 3245 generationibus
1881 3184 2103 3244 practer-

528 3263 730 3322 missis.
782 3263 946 3332 Cujus
1003 3264 1079 3319 rei
1123 3265 1404 3331 dissertio,
1446 3275 1656 3320 certum
1695 3275 1778 3320 est
1819 3265 1961 3335 quod
1997 3280 2100 3319 non

529 3355 829 3410 secundum
859 3352 1165 3422 historiam,
1212 3355 1304 3410 sed
1351 3353 1650 3410 secundum
1691 3353 1991 3421 spiritalem
2022 3355 2104 3408 iu-

529 3447 876 3518 telligeutiam
931 3456 1143 3504 conslct
1187 3444 1209 3515 ;“
1245 3462 1366 3516 qua:
1401 3461 1506 3500 non
1547 3455 1628 3500 est
1664 3445 1819 3500 nobis
1857 3461 1999 3500 nunc
2050 3446 2101 3499 in

533 3540 764 3594 transitu
791 3540 1051 3610 pulsanda
1081 3555 1094 3591 :
1127 3538 1178 3591 in
1216 3553 1314 3593 suo
1349 3537 1493 3592 enim
1531 3536 1650 3590 loco
1689 3545 1940 3607 tangetur
1967 3535 2101 3616 (56).

530 3631 747 3686 Interim
781 3633 981 3687 sulticit
1005 3631 1158 3686 nobis
1188 3630 1254 3684 ad
1277 3645 1370 3684 eos
1387 3628 1847 3698 quiadversantur
1877 3644 2102 3699 respon-

532 3728 679 3790 dere,
741 3725 884 3795 quod
947 3725 1091 3780 sicut
1139 3721 1298 3778 Jcsus
1357 3720 1552 3792 Joseph
1615 3721 1759 3776 tilius
1807 3737 1930 3776 esse
1971 3723 2106 3777 dici-

534 3831 640 3884 tur,
671 3834 737 3872 ex
764 3834 873 3886 quo
907 3834 1011 3874 non
1042 3828 1126 3873 est
1155 3824 1445 3887 generatus
1473 3834 1487 3883 ;
1517 3826 1570 3868 et
1596 3813 1757 3870 Ozias
1794 3816 2010 3882 genitus
2038 3831 2105 3870 ex

531 3911 734 3976 Joram,
761 3925 825 3963 ex
859 3925 966 3978 quo
1001 3926 1108 3966 non
1141 3917 1225 3962 est
1260 3909 1474 3978 genitus
1519 3925 1532 3960 :
1583 3907 1656 3960 ita
1702 3919 1756 3961 et
1785 3921 1852 3959 ex
1897 3908 2108 3962 semine

535 4000 703 4052 David
752 3999 1048 4052 secundum
1078 4014 1296 4053 carnem
1325 3998 1576 4052 Christus
1606 4008 1780 4064 potest
1821 3997 2012 4066 accipi,
2051 4007 2108 4051 ut

533 4087 795 4156 quidquid
845 4087 1006 4158 467
1054 4088 1279 4141 rationis
1332 4088 1412 4140 vel
1453 4089 1774 4142 asset-tionis
1826 4089 1877 4142 in
1925 4087 2105 4143 Jorant

534 4179 902 4250 protulerunt,
935 4189 990 4235 et
1023 4179 1076 4232 in
1115 4178 1336 4246 Ioseph,
1382 4180 1483 4232 hoc
1516 4189 1568 4234 et
1625 4181 1676 4234 in
1721 4179 1891 4235 David
1933 4182 2109 4238 susci-

537 4273 795 4344 piendum
834 4273 1104 4328 dicamus.

2199 1830 2385 1871 carne.
2424 1813 2608 1869 Jesum
2656 1827 2809 1879 vero,
2854 1819 2910 1865 et
2939 1809 3239 1876 Christum,
3269 1819 3324 1864 et
3353 1809 3625 1863 Dominum
3668 1809 3737 1864 ia-

2201 1907 2449 1962 venimus
2480 1918 2624 1976 saepe
2659 1907 2728 1958 ad
2770 1912 3058 1973 utramque
3089 1911 3340 1956 naturam
3370 1901 3579 1968 referri,
3603 1912 3734 1956 utcst

2206 1999 2337 2056 illud
2371 2019 2384 2054 :
2417 1997 2569 2051 Unus
2624 1995 2883 2062 Dominus
2934 2004 3113 2050 noster
3149 1993 3309 2048 Jesus
3351 1991 3584 2046 Christus
3610 2032 3626 2056 ,
3663 2007 3738 2061 per

2197 2107 2349 2162 quem
2391 2089 2569 2144 omnia
2597 2088 2679 2156 “;
2727 2095 2782 2142 et
2831 2087 3071 2169 iterum:
3107 2085 3169 2142 Si
3207 2087 3345 2140 enim
3391 2085 3733 2154 cognouissent,

2202 2196 2473 2251 nunquam
2504 2178 2790 2232 Dominum
2821 2176 3114 2246 majestatis
3150 2176 3263 2247 (58)
3297 2175 3659 2244 cruciﬁxisseut
3681 2173 3732 2226 δ’.

2205 2269 2525 2324 Primitivus
2571 2284 2702 2338 ergo
2751 2267 2838 2322 vel
2887 2267 3265 2336 primogenitus
3293 2259 3358 2321 ea:
3381 2267 3597 2318 mortuis
3630 2264 3738 2318 dici-

2205 2371 2294 2414 tur
2325 2359 2370 2390 ⁸³
2396 2356 2666 2413 Christus.
2701 2358 2806 2413 Sed
2851 2358 3239 2426 requirendum
3277 2356 3432 2411 nobis
3469 2363 3575 2420 est,
3600 2355 3637 2410 si
3663 2369 3740 2408 so-

2203 2453 2288 2509 lus
2333 2463 2417 2508 est
2452 2451 2854 2522 primogenitus
2887 2451 2968 2505 vel
2999 2450 3307 2521 primitivus
3349 2465 3414 2503 ex
3443 2447 3674 2509 mortuis,
3693 2455 3738 2499 et

2205 2557 2310 2596 non
2349 2541 2511 2595 habet
2539 2541 2754 2609 aliquos
2792 2554 2977 2594 secmn
3012 2539 3177 2594 etiam
3209 2539 3262 2592 in
3293 2537 3616 2608 primitivatu
3647 2532 3738 2604 (39)

2203 2632 2521 2705 participes,
2555 2633 2620 2686 de
2646 2632 2844 2701 quibus
2867 2631 2998 2686 dicit
3023 2630 3315 2702 Apostolus
3349 2631 3474 2701 quia
3501 2627 3737 2682 suscitavit

2204 2742 2296 2779 nos
2330 2741 2447 2778 cum
2495 2723 2730 2788 Christo,
2771 2721 3037 2792 simulque
3085 2722 3205 2792 fecit
3237 2722 3416 2776 sedere
3454 2721 3505 2774 in
3541 2719 3736 2772 cadesti-

2205 2815 2300 2867 bus
2331 2812 2396 2865 5*.
2439 2811 2516 2866 Ne
2569 2811 2715 2866 forte
2751 2825 2882 2882 ergo
2925 2820 2982 2865 et
3017 2810 3106 2865 isti
3155 2825 3295 2880 quos
3337 2808 3468 2864 dicit
3503 2809 3740 2862 excitatos

2202 2919 2324 2958 esse
2357 2918 2479 2958 cum
2520 2903 2759 2965 Christo,
2789 2911 2990 2957 etcum
3023 2917 3088 2956 eo
3119 2902 3312 2956 sedere
3352 2899 3404 2954 ia
3439 2899 3738 2959 coelestibus,

2205 3007 2260 3053 et
2291 2998 2393 3068 ipsi
2425 2993 2774 3066 printogeniti
2827 2994 2962 3059 sint,
2995 2992 3078 3046 vel
3125 2990 3390 3059 primitivi
3421 3005 3488 3043 ex
3516 2985 3738 3049 mortuis,

2205 3092 2347 3145 sicut
2370 3099 2425 3144 et
2455 3089 2527 3143 illi
2557 3086 2782 3142 fuerunt
2812 3085 2908 3154 qui
2942 3099 3066 3139 cum
3119 3083 3209 3137 illo
3238 3081 3488 3136 suscitati
3529 3092 3642 3135 esse
3674 3077 3740 3131 di-

2205 3191 2428 3246 cuntur,
2460 3195 2583 3234 cum
2619 3185 2956 3232 monumenta
2996 3185 3179 3242 aperta
3205 3182 3353 3237 sunt,
3396 3180 3444 3226 et
3488 3171 3740 3224 multorum

2205 3285 2511 3329 sanctorum
2539 3287 2758 3341 corpora
2790 3276 3146 3337 apparuerunt
3177 3275 3227 3321 et
3252 3267 3486 3336 ingressa
3511 3274 3623 3318 sunt
3647 3259 3738 3330 (l0)

2205 3364 2260 3416 in
2309 3345 2609 3417 sanctorum
2657 3360 2917 3414 civitatem
2970 3357 3039 3411 “.
3078 3357 3144 3410 Et
3185 3359 3251 3412 de
3300 3357 3383 3410 his
3434 3356 3622 3410 talibus
3648 3353 3739 3406 for-

2209 3454 2368 3508 tassis
2400 3450 2690 3520 Apostolus
2725 3449 2856 3503 dicit
2885 3447 2931 3477 “
2963 3461 3083 3500 esse
3115 3445 3262 3499 illam
3315 3445 3607 3500 Ecclesium
3651 3441 3739 3511 pri-

2206 3545 2541 3606 mitivorum,
2577 3554 2738 3610 quam
2795 3537 3086 3605 ascriptum
3131 3545 3394 3590 memorat
3433 3535 3487 3588 in
3519 3533 3672 3589 caelis.

2282 3638 2336 3694 7.
2395 3636 2501 3690 Per
2528 3651 2680 3705 quem
2731 3632 3021 3700 accepimus
3065 3630 3295 3698 gratiam
3342 3642 3393 3682 et
3421 3626 3734 3695 apostolatui

2209 3733 2276 3786 ad
2303 3728 2649 3784 obedientium
2673 3723 2796 3793 ﬁdei
2826 3723 2881 3776 in
2911 3723 3148 3776 omnibus
3175 3722 3413 3790 gentibus
3445 3735 3539 3788 pro
3570 3715 3739 3770 nomine

2209 3820 2320 3888 ejus
2350 3819 2413 3872 ".
2454 3816 2559 3870 Per
2587 3813 2865 3870 Christum
2898 3811 3176 3881 accepisse
3202 3823 3262 3864 se
3303 3810 3434 3865 dicit
3471 3809 3676 3880 gratiam
3695 3810 3738 3855 et

2209 3908 2596 3979 apostolatum,
2627 3915 2818 3976 utpote
2845 3904 3200 3958 mediatorem
3222 3901 3314 3956 Dei
3330 3912 3386 3958 et
3415 3893 3734 3957 hominum“.

2212 4004 2455 4059 Gratiam
2488 4009 2536 4054 et
2568 3998 2936 4068 apostolatum.
2969 3995 3155 4051 Gratia
3194 3997 3262 4050 ad
3303 3995 3546 4050 laborum
3569 3990 3735 4062 patien-

2214 4098 2344 4153 tiam
2394 4093 2681 4151 referenda
2730 4100 2852 4156 est;
2899 4088 3235 4159 apostolatus
3268 4087 3336 4141 ad
3381 4079 3737 4157 prmdicatiunis

2216 4189 2624 4252 auctoritatem,
2657 4185 2784 4254 quia
2831 4191 2886 4238 et
2913 4183 3030 4253 ipse
3061 4181 3313 4238 Christus
3341 4178 3604 4251 apostolus
3630 4171 3736 4228 dicio

2215 4293 2301 4337 tur
2333 4282 2399 4345 ‘9,
2431 4281 2484 4336 id
2510 4289 2594 4334 est
2627 4279 2822 4333 missus
2862 4293 2890 4330 a
2928 4274 3106 4340 Patre,
3139 4273 3342 4344 quippe
3375 4273 3466 4341 qui
3509 4271 3570 4324 ad
3607 4280 3737 4322 evan-

606 4387 660 4442 ϐ.
689 4387 771 4442 Ea:
814 4385 1192 4441 resurrectione
1239 4392 1564 4436 mortuorum
1593 4380 1723 4436 Jesn
1767 4382 1964 4437 Christi
2003 4384 2109 4439 Do-
2143 4397 2190 4457 ι)
2218 4372 2558 4444 gelizandum
2609 4370 2937 4440 Pauperibus
2973 4369 3200 4422 missum
3233 4380 3292 4419 ⁸⁸
3324 4352 3734 4457 ἀίείι⁶⁶ολ⁰³ξ²ἱί¹ί³

537 4479 668 4534 mini
699 4479 865 4535 nostri
894 4477 960 4529 ³⁵.
994 4476 1278 4544 Quomodo
1305 4474 1522 4544 quidem
1576 4474 1622 4528 is
1665 4473 1755 4543 qui
1810 4476 2106 4530 secundum

537 4586 760 4627 carnem
801 4570 977 4625 factus
1029 4583 1149 4624 esse
1183 4569 1381 4624 dicitur
1430 4583 1498 4623 ex
1535 4566 1744 4622 semine
1793 4566 1984 4633 David,
2018 4567 2110 4623 Fi-

2219 4481 2348 4534 ergo
2377 4479 2495 4534 qua:
2533 4477 2628 4516 sua
2654 4469 2803 4527 sunt,
2837 4462 2931 4515 dat
2969 4461 3134 4515 etiam
3166 4458 3444 4527 discipulis
3493 4455 3610 4510 suis.
3635 4448 3737 4501 Gra-

2221 4559 2292 4612 tia
2328 4556 2533 4612 dicitur
2573 4552 2769 4608 dill‘usa
2803 4552 2855 4605 in
2891 4551 3048 4605 labiis
3084 4549 3201 4620 ejus
3226 4551 3294 4603 ⁵⁸.
3325 4549 3426 4602 Dat
3448 4554 3500 4601 et
3523 4535 3736 4611 apostolis

647 4757 692 4790 '°
717 4757 908 4811 Matth.
933 4771 973 4820 ι,
1001 4755 1087 4808 18.
1164 4754 1204 4784 ³¹
1229 4737 1362 4806 Luc.
1392 4767 1429 4818 ι,
1451 4750 1541 4806 56.
1621 4751 1665 4782 δ’
1705 4750 1858 4804 Rom.
1885 4769 1959 4816 vt,
1985 4754 2038 4806 5.

2203 4752 2375 4805 viatth.
2399 4763 2436 4813 ι,
2464 4749 2516 4800 7.
2572 4746 2738 4820 βίη(
2758 4744 2892 4812 Reg.
2918 4759 3027 4820 vin,
3053 4742 3353 4820 9.53313;
3391 4757 3502 4820 xiv,
3527 4739 3582 4820 [ξ
3604 4730 3733 4820 tm.

537 4827 592 4888 7,
614 4827 704 4892 50,
727 4827 817 4893 52,
840 4827 930 4880 54.
1007 4825 1050 4857 ³⁸
1077 4826 1234 4879 Rom.
1263 4839 1301 4886 I,
1330 4821 1422 4893 4.__
1463 4821 1508 4893 {5
1539 4820 1704 4893 llebr.
1738 4838 1798 4884 It,
1831 4823 1914 4874 10.

538 4913 656 4959 vm,
689 4891 741 4951 6.
802 4891 809 4893 '
850 4896 894 4927 “
924 4895 1093 4950 lCor.
1119 4910 1178 4952 ιι.
1215 4893 1269 4946 8.
1381 4891 1426 4922 ⁸³
1451 4891 1634 4945 Colos.
1673 4907 1710 4953 ι,
1751 4893 1837 4948 18.

541 4967 585 5000 ⁸⁷
617 4966 778 5023 Rom.
811 4983 848 5033 ι,
883 4965 937 5020 5.
1030 4963 1074 4997 ⁸⁸
1104 4963 1124 5018 ι
1153 4962 1291 5017 Tim.
1321 4978 1355 5017 lt
1383 5002 1398 5028 ,
1439 4962 1493 5016 5.
1590 4961 1634 4992 δν
1660 4959 1824 5017 Hebr.
1856 4979 1908 5018 Ill
1931 5004 1947 5029 ,
1991 4964 2042 5021 l.

613 5124 724 5196 (55)
773 5125 944 5190 Editi,
984 5125 1361 5196 afﬁrmabitur
1419 5122 1710 5196 a‘nostris.
1760 5122 1856 5196 Ms.
1915 5123 2119 5195 Regius

543 5193 713 5248 num.’
736 5196 894 5258 1659,
927 5193 1290 5264 afﬁrmabitur
1319 5211 1352 5247 a
1377 5193 1564 5256 nobis;
1597 5193 1779 5247 caueri
1819 5208 1949 5248 vero
1985 5193 2113 5250 mss.

541 5273 598 5318 ut
625 5265 676 5316 in
722 5275 892 5319 textu.

613 5333 727 5402 (5:5)
762 5335 925 5397 Editi,
955 5343 1004 5388 et
1023 5333 1131 5388 alia
1164 5331 1431 5388 similiter.

616 5403 730 5472 (55)
759 5404 898 5459 Editi
933 5412 987 5458 et
1025 5420 1155 5459 mss.
1206 5403 1377 5458 nostri
1415 5405 1527 5458 fere
1573 5418 1764 5457 omnes
1805 5404 2030 5468 habent,
2063 5406 2115 5457 tu

547 5474 698 5524 tentia
731 5472 1030 5542 Regnorum
1062 5473 1231 5536 libro;
1265 5475 1364 5534 sed
1391 5475 1551 5536 male,
1594 5488 1713 5526 cum
1750 5483 1964 5528 constet
2007 5491 2113 5528 non

548 5542 600 5596 in
645 5542 819 5612 tertio,
841 5544 979 5605 haec,
1012 5543 1103 5595 sed
1139 5544 1193 5612 in
1224 5552 1418 5612 quarto
1444 5554 1685 5597 exstare.

621 5611 736 5680 (56)
767 5610 1028 5680 Sicdrccte
1055 5626 1155 5663 ms.
1181 5610 1377 5680 Bestius
1399 5627 1549 5665 num.
1580 5612 1750 5677 1639;
1777 5614 1954 5666 cu'teri
1989 5627 2114 5666 vero

548 5677 684 5741 mss.
717 5677 773 5737 et.
805 5677 956 5759 editi,
981 5677 1271 5749 jungetur.
1299 5677 1601 5738 Verisimile
1631 5693 1716 5738 est
1740 5684 2026 5752 Origenem
2053 5684 2117 5740 de

1994 4823 2110 4854 ³⁷·³⁸
2139 4823 2296 4876 Rom.
2323 4835 2398 4882 vl,
2435 4819 2488 4872 9.
2564 4819 2608 4850 ³³
2634 4816 2671 4869 ΙΙ
2702 4817 2826 4870 Cor.
2856 4831 2908 4877 v,
2942 4816 3026 4868 l6.

1943 4893 1987 4927 “
2015 4893 2210 4964 Ephes.
2269 4908 2326 4955 ιι,
2377 4893 2427 4943 ti.

1943 5006 1947 5024 μ
1991 4964 2042 5021 1.
2117 4964 2162 4995 ⁵⁰
2190 4962 2322 5018 Luc.
2359 4960 2524 5027 tv,l8.

3103 4801 3404 4874 “Ruunt,
3432 4801 3497 4864 4..
3550 4808 3583 4838 "
3611 4801 3732 4874 “595-

2537 4891 2581 4920 ⁸³
2622 4866 2822 4939 inhit;
2855 4866 3024 4948 sint;
3054 4884 3144 4940 59..
3261 4883 3307 4914 ⁸⁸
3339 4866 3499 4936 llebr.
3549 4889 3630 4938 xu,
3663 4866 3733 4920 εἴ»

2630 4957 2672 4988 ⁵⁸
2711 4956 2851 5010 Psal.
2887 4971 3028 5020 κων,
3056 4957 3109 5010 5.

2227 5125 2314 5179 his
2364 5119 2688 5176 disseruisse
2736 5126 2884 5172 tomo
2945 5132 2960 5170 ι
3002 5112 3506 5171 Commentariorum
3545 5107 3588 5157 in
3619 5095 3730 5152 ﬁla!-

2231 5197 2461 5253 tlra'um;
2493 5190 2586 5244 sed
2623 5189 2741 5243 bace
2771 5189 2932 5242 modo
2963 5202 3066 5240 non
3102 5193 3336 5239 exstant.

2299 5260 2412 5332 (57)
2442 5259 2585 5332 Ε(Ιὶῑὶ
2617 5270 2671 5312 et
2702 5273 2802 5312 ms.
2837 5273 2998 5318 unus,
3025 5267 3409 5332 consummare.

2299 5325 2412 5398 (58)
2435 5330 2574 5384 Editi
2605 5335 2658 5380 et
2689 5345 2790 5380 ms.
2830 5342 2988 5391 unus,
3013 5325 3215 5398 glorite.

2299 5337 2389 5398 (58
2435 5337 2574 5384 Editi
2605 5337 2658 5380 et
2689 5345 2790 5380 ms.
2830 5342 2988 5391 unus,
3013 5337 3215 5394 gtome.

2296 5337 2412 5474 (5!);
2447 5401 2538 5454 Sic
2571 5413 2701 5452 mss.
2739 5399 3016 5467 plerique;
3048 5395 3176 5450 editi
3209 5407 3336 5447 vero
3380 5398 3433 5444 et
3471 5402 3556 5440 ms.
3585 5389 3726 5434 unus,

2222 5476 2500 5541 primatu,
2783 5537 2793 5541 _
3099 5535 3126 5541 η
3159 5532 3170 5541 _
3393 5530 3404 5541 ,

2296 5543 2408 5611 (.50)
2447 5523 2541 5594 Sic
2577 5554 2718 5611 Atnss.
2767 5537 2836 5611 At
2882 5550 3010 5590 vero
3045 5532 3195 5596 editi,
3219 5542 3269 5586 et
3297 5530 3456 5585 multa
3482 5523 3726 5611 ξσιξςιξθίξῗξ

2224 5595 2443 5678 corpora:
2497 5609 2586 5678 qui
2630 5608 2972 5671 dormierunt,
3026 5613 3409 5668 surrexerunt,
3459 5605 3502 5652 ει
3547 5595 3723 5658 Mm“

2224 5692 2366 5747 sunt,
2396 5688 2499 5735 etc.
