3936 6196
172 303 326 366 853

1185 298 1544 360 COMMENT.
1579 293 1645 350 IN
1687 285 1908 346 EPIST.
1952 284 2250 360 AD_ROM.
2286 283 2416 340 LIB.
2457 283 2494 338 ι.

3377 269 3448 326 8ἴὶ
3459 269 3486 324 4

171 429 335 483 suis
369 427 602 500 gratiam
631 469 644 494 ,
693 440 814 483 cum
847 439 953 496 qua
1003 423 1313 480 laborantes
1363 420 1547 475 dicant
1575 433 1588 469 :
1623 415 1802 467 Abun-
1829 413 1877 468 A
1905 407 2137 463 rintbios
2162 404 2380 475 quidem
2407 390 3036 500 in‘primanetlsecunda,
3064 397 3121 494 et
3148 384 3478 500 aotllOGalatas,

171 519 442 576 dantius
473 536 590 575 vero
635 534 793 588 quam
825 533 1000 572 omnes
1041 517 1122 570 illi
1153 511 1392 568 laboravi
1425 528 1443 564 :
1476 526 1579 564 non
1629 519 1807 562 autem

177 624 340 678 ego,
383 613 474 666 sed
511 612 685 682 gratia
732 609 830 663 Dei
881 623 1080 663 mecum
1127 607 1195 659 ”.
1228 605 1294 659 Et
1321 603 1447 674 quia
1481 603 1547 657 de
1577 601 1696 670 ipso
1725 597 1810 652 di-

178 712 372 756 ctum
405 711 491 757 ost
525 718 540 756 :
572 700 838 755 Habentes
871 701 1034 770 igitur
1067 698 1378 766 Pontiﬁcem
1409 705 1457 748 et
1501 691 1807 762 Apostolum

182 792 574 860 confessionis
606 803 803 846 nostra
833 789 1105 845 Christum
1134 789 1203 856 ",
1235 787 1328 842 dat
1375 783 1660 854 discipulis
1693 782 1809 837 suis

183 883 560 951 apostolatus
589 882 980 954 dignationem,
1015 889 1071 935 ut
1100 889 1156 936 et
1201 879 1302 950 ipsi
1345 877 1655 934 elIiciantur
1677 889 1809 944 apo-

186 975 352 1030 stoli
387 975 505 1032 Dei.
535 973 721 1043 Neque
745 975 890 1030 enim
927 981 1137 1044 gentes,
1175 986 1296 1042 qua
1335 978 1495 1026 erant
1543 967 1734 1022 aliena:
1773 983 1808 1020 a

188 1071 542 1120 testamento
590 1065 711 1130 Dei,
760 1075 810 1120 et
858 1065 1258 1120 conrersatione
1291 1061 1463 1116 Israel
1489 1059 1562 1126 “,
1584 1059 1809 1114 credere

190 1163 478 1222 poterant
508 1154 822 1226 Evangelio,
847 1153 952 1208 nisi
988 1167 1084 1223 per
1110 1154 1340 1222 gratiam
1375 1163 1498 1218 quae
1536 1146 1809 1218 apostolis

192 1247 408 1302 fuerat
448 1249 611 1317 data,
645 1261 740 1317 per
783 1261 942 1316 quant
991 1243 1414 1316 praedicantibus
1449 1238 1706 1310 apostolis
1755 1237 1807 1291 in

195 1337 390 1392 ﬁdem
419 1337 640 1393 obedire
660 1336 929 1392 dicitur"
949 1334 1083 1405 (41),
1107 1342 1160 1388 et
1185 1333 1238 1387 in
1261 1347 1478 1389 omnem
1516 1341 1719 1386 terram
1743 1329 1808 1384 de

199 1431 454 1484 nomine
482 1428 679 1485 Christi
709 1443 875 1484 sonus
905 1428 1093 1498 gratia:
1122 1440 1312 1481 eorum
1343 1432 1808 1480 commemoratur

201 1520 439 1575 exiisse
471 1519 539 1587 ⁵⁸,
566 1519 639 1573 ita
673 1529 732 1574 ut
760 1520 828 1574 ad
861 1533 956 1575 eos
993 1518 1086 1588 qui
1115 1516 1300 1571 Roma:
1332 1524 1458 1571 sunt
1479 1513 1807 1583 perveniret,

201 1611 290 1663 ad
324 1625 463 1680 quos
497 1611 574 1665 ait
598 1609 890 1680 Apostolus
920 1630 932 1664 :
969 1607 1039 1662 In
1065 1609 1254 1678 quibus
1284 1608 1412 1661 estis
1451 1614 1501 1660 et
1533 1620 1617 1660 vos
1641 1602 1809 1658 rocati

198 1697 357 1754 Jesu
409 1699 605 1754 Christi
641 1701 707 1752 ³⁷.
744 1699 943 1754 Paulus
976 1709 1203 1754 vocatus
1253 1696 1535 1768 apostolus
1585 1695 1804 1759 dicitur,

173 1800 275 1846 ἐι
308 1792 538 1846 Romani
573 1792 749 1846 vocati
781 1792 1024 1862 quidem,
1060 1806 1168 1846 non
1223 1801 1400 1845 tamen
1428 1789 1685 1860 apostoli,
1713 1788 1807 1842 sed
1840 1771 1881 1825 Β

205 1883 409 1938 vocati
451 1885 626 1939 sancti
684 1885 737 1938 in
782 1885 1146 1940 obedientiam
1181 1882 1326 1938 lidei.
1371 1881 1448 1936 De
1493 1880 1809 1936 diversitate

209 1983 412 2028 autem
443 1980 756 2027 vocatorum
781 1972 890 2042 jam
925 1973 1175 2040 superius
1203 1969 1440 2023 diximus
1470 1967 1630 2036 (M‘).

302 2062 358 2119 8.
417 2063 671 2118 Omnibus
699 2064 790 2133 qui
819 2071 939 2118 sunt
977 2061 1155 2115 Roma:
1201 2060 1407 2114 dilectis
1462 2059 1556 2112 Dei
1585 2098 1600 2123 ,
1635 2057 1810 2128 gratia

215 2156 377 2210 vobis
419 2168 470 2210 et
511 2173 617 2224 pax
644 2174 676 2211 a
724 2156 832 2211 Deo
867 2155 1027 2210 Patre
1075 2164 1276 2219 nostra,
1309 2163 1356 2208 et
1409 2153 1633 2207 Domino
1683 2151 1813 2206 Jesu

220 2244 445 2301 Christo
493 2246 561 2300 ⁸⁸.
612 2247 927 2302 Benedictio
978 2247 1094 2301 haec
1143 2245 1296 2315 pacis
1343 2243 1456 2314 (42)
1504 2253 1558 2299 et
1601 2243 1810 2314 gratiae,

225 2353 400 2404 quam
448 2338 540 2392 dat
591 2339 804 2394 dilectis
855 2341 948 2394 Dei
1001 2339 1067 2394 ad
1121 2351 1260 2408 quos
1294 2336 1485 2392 scribit
1535 2335 1816 2404 apostolus

231 2428 457 2492 Paulus,
492 2439 622 2500 puto
653 2433 797 2500 quod
830 2445 936 2485 non
969 2431 1040 2485 sit
1071 2430 1250 2484 minor
1279 2443 1446 2498 quant
1501 2426 1606 2480 fuit
1656 2427 1816 2480 bene-

230 2521 408 2576 dictio
435 2520 550 2576 Noe
584 2521 637 2576 in
680 2522 806 2577 Sem
839 2530 895 2576 ct
936 2522 988 2575 in
1030 2520 1261 2592 Japheth
1291 2521 1362 2586 ⁸⁷,
1414 2535 1532 2590 qua:
1566 2532 1664 2588 per
1695 2516 1818 2584 Spi-

234 2611 407 2665 ritum
443 2612 665 2682 impleta
710 2620 794 2667 est
821 2627 948 2682 erga
983 2625 1077 2667 eos
1106 2613 1200 2681 qui
1249 2611 1467 2666 fuerant
1494 2609 1763 2664 benedicti
1799 2628 1811 2662 :

227 2703 500 2758 similiter
549 2714 605 2758 et
631 2719 695 2759 ea
746 2705 800 2758 in
849 2721 954 2774 qua
989 2704 1310 2759 benedictus
1341 2711 1426 2758 est
1471 2701 1749 2759 Abraham
1785 2717 1814 2755 a

226 2791 636 2850 Melchisedech
671 2796 746 2870 ⁸⁸,
775 2803 830 2850 et
873 2794 1043 2850 Jacob
1076 2811 1106 2850 a
1144 2804 1304 2865 patre
1351 2809 1450 2850 suo
1485 2793 1634 2850 Isaac
1657 2795 1726 2858 “,
1761 2803 1816 2849 et

224 2880 520 2936 duodecim
548 2883 876 2952 patriarchae
907 2898 1017 2953 qua
1051 2883 1452 2939 benedicuntur
1480 2900 1508 2938 a
1543 2892 1695 2954 patre
1720 2899 1818 2939 suo

226 2970 403 3026 Israel
435 2973 516 3040 “;
554 2971 636 3029 vel
686 2973 994 3030 benedictio
1029 2972 1202 3045 Moysi
1240 2975 1354 3046 (45)
1389 2991 1493 3045 qua
1542 2975 1820 3030 benedixit

227 3063 527 3118 duodecim
576 3063 753 3120 tribus
800 3063 968 3118 Israel
997 3063 1063 3117 ⁸³.
1111 3061 1228 3117 Non
1279 3079 1409 3136 ergo
1446 3065 1530 3120 his
1561 3065 1818 3119 omnibus

223 3153 552 3210 inferiorem
586 3155 728 3210 duco
753 3153 864 3226 (44)
896 3154 1038 3210 haue
1064 3155 1303 3227 Apostoli
1355 3156 1814 3222 benedictionem,

224 3260 342 3314 qua
375 3245 652 3301 benedixit
676 3245 948 3302 Ecclesias
975 3246 1203 3302 Christi.
1228 3248 1312 3302 Ait
1357 3250 1501 3302 enim
1533 3256 1587 3303 et
1610 3249 1721 3317 ipse
1746 3249 1814 3303 de

229 3349 306 3390 se
334 3333 384 3372 “
414 3353 427 3389 :
463 3334 604 3390 Puto
629 3337 765 3390 enim
807 3337 932 3405 quia
974 3346 1023 3391 et
1053 3353 1145 3407 ego
1192 3335 1455 3406 Spiritunt
1488 3337 1584 3392 Dei
1622 3338 1810 3396 habeo.

225 3428 297 3481 In
341 3426 548 3495 Spiritu
595 3442 726 3496 ergo
765 3427 856 3482 Dei
887 3427 1081 3483 scribit
1118 3428 1403 3498 Apostolus
1437 3437 1493 3484 et
1529 3429 1582 3482 in
1607 3429 1811 3497 Spiritu

224 3515 535 3572 bettedicit.
575 3514 682 3572 Per
724 3517 900 3588 ipsum
931 3531 1061 3588 ergo
1111 3518 1376 3588 Spiritum
1407 3520 1816 3574 benedictiones

227 3605 464 3676 capient
490 3605 545 3660 bi
574 3604 667 3674 qui
708 3605 1104 3662 benedicuntur
1138 3610 1206 3662 ab
1239 3607 1518 3678 Apostolo,
1551 3609 1598 3662 si
1634 3619 1814 3664 tamen

227 3697 392 3767 digni
429 3697 540 3768 (45)
573 3698 919 3754 inveniantur
949 3714 1110 3768 super
1140 3714 1277 3768 quos
1299 3700 1477 3754 veniat
1506 3700 1815 3756 benedictio

229 3789 378 3859 ejus.
415 3789 664 3860 Alioquin
714 3790 806 3846 liet
851 3790 982 3845 illud
1031 3792 1174 3860 quod
1209 3792 1482 3862 scriptum
1515 3801 1598 3848 est
1627 3794 1672 3825 “
1706 3811 1718 3848 :
1755 3793 1815 3849 Si

235 3882 401 3950 fuerit
442 3883 512 3934 ibi
544 3881 689 3949 ﬁlius
714 3883 882 3950 pacis,
918 3899 1025 3951 pax
1053 3891 1222 3937 vestra
1271 3883 1437 3937 veniet
1463 3901 1622 3954 super
1646 3902 1764 3940 eum
1794 3904 1812 3952 ,-

235 3977 324 4029 sitt
359 3986 554 4041 autem,
588 3992 695 4044 pax
722 3985 891 4031 restra
919 3977 988 4030 ad
1010 3992 1097 4030 vos
1133 3985 1440 4032 revertetur.
1471 3975 1627 4043 Quod
1677 3979 1816 4034 scri-

238 4076 393 4136 ptum
428 4077 510 4124 est
535 4083 666 4140 ergo
697 4070 762 4125 de
795 4082 947 4139 pace,
979 4067 1082 4123 hoc
1117 4077 1173 4122 et
1200 4067 1266 4122 de
1307 4071 1481 4138 gratia
1531 4067 1643 4133 llet,
1688 4070 1812 4140 quia

1907 509 1962 554 et
2009 500 2075 553 ad
2106 496 2396 567 Ephesios,
2442 499 2498 547 et
2538 487 2608 544 ad
2655 485 3031 556 Philippenses
3065 479 3323 536 similiter
3351 479 3484 532 seri-

1908 592 1987 648 bit
2017 591 2083 643 “.
2112 591 2193 644 Ad
2232 587 2584 643 Colossenses
2630 594 2760 635 vero
2785 577 2850 641 ⁸⁷,
2892 573 3080 628 Gratia
3111 573 3252 628 vobis
3285 580 3332 623 et
3377 583 3486 638 pax

1908 700 1940 736 a
1982 681 2091 736 Deo
2127 677 2287 732 Patre
2312 685 2492 732 nostro
2531 673 2697 736 dicit;
2735 678 2790 724 et
2825 681 2932 722 non
2965 663 3132 727 addit,
3161 672 3206 716 et
3259 658 3486 714 Domino

1910 785 2088 828 nostra
2117 771 2246 826 Iesu
2274 767 2507 823 Christo.
2551 765 2632 818 Ad
2675 757 3194 816 Thessalonicenses
3221 768 3354 806 vero
3379 753 3486 822 pri-

1909 881 1994 922 ma
2027 867 2100 920 ita
2130 864 2296 919 habet
2331 861 2377 893 ⁸⁸
2410 881 2421 915 :
2447 856 2634 913 Gratia
2677 852 2820 907 vobis
2847 858 2896 904 et
2924 863 3051 916 pax,
3073 843 3243 917 468
3270 852 3326 899 et
3353 842 3488 896 nihil

1910 959 2079 1014 ultra.
2114 956 2170 1010 ln
2197 953 2438 1010 secunda
2479 963 2610 1004 vero
2637 965 2650 1002 :
2678 943 2867 999 Gratia
2899 942 3065 1004 vobis,
3100 949 3147 992 et
3176 953 3282 1005 pax
3325 953 3356 989 a
3382 935 3486 989 Deo

1913 1049 2075 1105 Patre
2104 1057 2303 1112 nostra,
2341 1056 2389 1100 et
2420 1042 2644 1097 Domino
2681 1036 2808 1091 Jestt
2841 1033 3051 1088 Christo
3078 1032 3142 1084 ⁸⁸.
3181 1030 3264 1084 Ad
3299 1026 3491 1082 Timo-

1911 1141 2096 1196 theum
2139 1139 2312 1209 prima
2347 1143 2401 1190 et
2450 1129 2732 1189 secunda:
2769 1125 2982 1189 Gratia,
3025 1119 3403 1185 misericordia.
3442 1124 3492 1209 et

1908 1249 2014 1304 pax
2038 1249 2069 1286 a
2110 1205 2219 1286 Deo
2255 1226 2436 1292 Patre,
2474 1233 2519 1278 et
2545 1220 2753 1278 Christo
2786 1217 2917 1272 Jesu
2948 1213 3176 1268 Domino
3213 1205 3491 1304 nostroj‘.

1910 1299 1990 1379 Ad
2014 1323 2196 1378 Titum
2221 1334 2352 1375 vero
2375 1318 2422 1349 7‘
2451 1306 3086 1377 :Gratia,misericordia
3115 1313 3164 1359 et
3205 1317 3359 1372 paxa
3383 1299 3494 1356 Deo

1913 1413 2100 1480 Patre,
2136 1423 2185 1469 et
2213 1412 2424 1468 Christo
2451 1408 2578 1464 Jesu
2601 1403 2878 1461 Saluatore
2908 1408 3111 1453 nostro.
3149 1396 3216 1450 Et
3244 1393 3495 1464 quamvis

1911 1508 2182 1564 curiosior
2225 1504 2472 1562 videatur
2511 1494 2884 1569 hujuscemodi
2925 1488 3259 1553 observatio,
3313 1497 3492 1542 tamen

1911 1603 2004 1674 qui
2047 1600 2180 1657 nihil
2215 1599 2450 1655 otiosum
2498 1591 2671 1649 credit
2715 1601 2838 1644 esse
2875 1585 2929 1639 in
2954 1580 3254 1652 Seripturis
3275 1579 3494 1646 divinis,

1910 1672 2076 1751 etiam
2107 1694 2300 1748 borum
2326 1682 2664 1746 dilIerentias
2704 1687 2760 1735 et
2795 1675 3143 1734 diversitates
3165 1688 3270 1728 non
3304 1672 3496 1728 inanes

1911 1785 2143 1855 putabit.

1911 1913 1916 1916 -
1981 1875 2037 1931 9.
2078 1870 2321 1926 Primum
2354 1870 2564 1942 quidem
2606 1869 2811 1941 gratias
2848 1880 2947 1936 ago
2985 1863 3096 1918 Deo
3126 1875 3240 1914 meo
3277 1874 3369 1928 per
3397 1857 3494 1912 ,ιε’

1913 1982 2028 2022 sum
2082 1962 2357 2018 Christum
2395 1977 2490 2031 pro
2529 1959 2772 2015 omnibus
2822 1955 3010 2020 vobis,
3060 1951 3310 2024 quoniam
3362 1947 3495 2011 fides

1912 2067 2084 2113 vestra
2121 2053 2474 2109 annuntiatur
2499 2052 2569 2121 .in
2596 2052 2859 2118 Luniverso
2903 2046 3098 2100 mundo
3124 2043 3193 2096 ⁷⁷.
3225 2037 3492 2108 Quoniam

1913 2147 1981 2201 ad
2007 2144 2269 2216 quosdam
2296 2143 2544 2199 scribens
2574 2138 2896 2211 Apostolus,
2929 2135 3062 2191 dicit
3093 2147 3192 2205 pro
3240 2129 3496 2186 omnibus

1915 2252 1974 2292 se
2001 2235 2204 2308 gratias
2251 2248 2414 2307 agere
2449 2233 2586 2304 (46),
2630 2232 2770 2288 sicut
2820 2239 2877 2285 et
2911 2225 3054 2284 nunc
3081 2226 3147 2280 ad
3176 2224 3492 2289 Romanos;

1916 2331 1984 2382 ad
2011 2326 2147 2382 alios
2177 2341 2305 2382 vero
2338 2325 2587 2381 scribens
2619 2323 2826 2394 gratias
2858 2320 3076 2390 quidem
3100 2317 3234 2387 agit,
3259 2316 3356 2370 sed
3386 2329 3494 2368 non

1917 2418 2071 2474 addit
2103 2416 2238 2487 (Π),
2269 2431 2364 2486 pro
2400 2415 2685 2478 omnibus;
2718 2414 3024 2467 observans
3073 2407 3319 2462 invenies
3350 2403 3495 2475 quod

1918 2512 2008 2566 ubi
2033 2511 2166 2566 dicit
2193 2527 2289 2581 pro
2319 2506 2560 2560 omnibus
2588 2521 2650 2562 se
2688 2504 2894 2573 gratias
2939 2515 3124 2573 agere,
3165 2498 3350 2568 culpas
3379 2496 3490 2550 ali-

1919 2618 2054 2672 quas
2099 2615 2300 2672 graves
2323 2607 2416 2654 aut
2447 2597 2644 2668 probra
2673 2596 2728 2649 in
2754 2608 2848 2649 eos
2873 2608 2980 2648 non
3011 2596 3307 2658 exaggerat
3335 2588 3448 2659 (48)
3474 2605 3491 2656 ;

1920 2696 2009 2750 ubi
2049 2703 2231 2749 autem
2280 2700 2435 2747 notat
2483 2689 2701 2759 aliquos
2733 2686 2817 2742 vel
2843 2686 3042 2757 arguit,
3091 2702 3199 2742 non
3251 2686 3403 2741 addit
3431 2687 3498 2740 ad

1921 2788 2219 2860 gratiarum
2261 2785 2530 2839 actionem
2557 2779 2696 2854 (49),
2726 2778 2869 2848 quod
2889 2792 2984 2847 pro
3023 2779 3266 2832 omnibus
3294 2777 3500 2848 gratias

1922 2888 2068 2949 agat,
2097 2877 2238 2932 sicut
2273 2886 2328 2931 et
2348 2875 2414 2929 ad
2445 2871 2764 2929 Corinthios
2787 2869 2834 2908 "-
2859 2868 2942 2924 vel
2971 2870 3039 2924 ad
3058 2868 3411 2925 Colossenses
3429 2868 3496 2924 ".

1921 2973 2005 3027 Ad
2037 2971 2261 3028 Galatas
2289 2983 2420 3024 vero
2445 2968 2491 2999 "
2532 2965 2756 3021 omnino
2781 2977 2884 3019 nec
2918 2965 3071 3034 ponit
3091 2963 3388 3032 gratiarum
3415 2975 3502 3016 ac-

1925 3062 2148 3125 tionem,
2178 3060 2322 3128 quod
2347 3073 2443 3114 eos
2492 3056 2723 3110 miratur
2762 3065 2868 3108 tant
2899 3056 3003 3110 cito
3035 3054 3320 3110 transferri
3345 3054 3410 3108 ab
3437 3070 3499 3108 eo

1921 3154 2012 3224 qui
2055 3152 2252 3206 vocavit
2284 3167 2402 3218 eos,
2440 3151 2495 3204 in
2532 3149 2684 3202 aliud
2729 3147 3098 3217 Evangelium.
3136 3146 3315 3202 Prima
3368 3160 3500 3216 ergo

1922 3262 2027 3302 vox
2073 3246 2264 3316 incipit
2292 3261 2320 3298 a
2362 3243 2664 3315 gratiarum
2689 3243 2907 3298 actione
2940 3240 3078 3313 (50).
3112 3242 3293 3312 Agere
3316 3251 3499 3296 autem

1924 3340 2036 3395 Deo
2058 3339 2288 3409 gratias,
2325 3337 2430 3392 hoc
2461 3345 2546 3391 est
2576 3332 2913 3390 sacriﬁcium
2955 3332 3131 3387 laudis
3158 3331 3358 3388 oll'erre
3384 3348 3400 3397 ;
3444 3340 3500 3386 et

1923 3433 2044 3488 ideo
2073 3432 2246 3498 addit,
2279 3429 2382 3484 Per
2413 3429 2598 3484 Iesum
2629 3425 2923 3492 Christum,
2967 3425 3116 3480 velut
3151 3439 3248 3495 per
3271 3422 3502 3479 Pontili-

1920 3541 2036 3580 cem
2072 3540 2354 3594 magnum.
2383 3522 2608 3592 Oportet
2630 3522 2775 3577 enim
2803 3519 2948 3574 scire
2987 3533 3110 3572 eum
3152 3518 3244 3587 qui
3277 3515 3390 3570 vult
3415 3513 3497 3570 oi:

1922 3615 2067 3671 l'erre
2121 3615 2454 3670 sacriﬁcium
2493 3614 2601 3667 Deo
2626 3651 2642 3677 ,
2692 3609 2836 3679 quod
2871 3623 2969 3678 per
3005 3623 3196 3662 manus
3230 3606 3505 3675 pontiﬁcis

1921 3708 2080 3762 debet
2125 3705 2328 3760 olierrc
2355 3706 2426 3759 ⁷⁸.
2463 3703 2570 3758 Sed
2611 3712 2667 3758 et
2717 3703 2819 3756 hoc
2858 3701 3002 3770 quod
3034 3699 3189 3765 dixit,
3223 3697 3334 3752 Deo
3364 3714 3502 3762 meo,

1924 3813 2031 3852 non
2063 3807 2148 3852 est
2177 3797 2354 3852 otiose
2376 3793 2777 3864 accipiendum.
2812 3791 2926 3846 Non
2961 3789 3106 3847 enim
3141 3805 3240 3844 vox
3275 3789 3379 3844 ista
3409 3803 3504 3859 po-

1924 3899 2026 3945 test
2057 3903 2178 3944 esse
2205 3888 2308 3943 nisi
2339 3898 2678 3954 sanctorum,
2705 3899 2936 3956 quorum
2967 3881 3353 3956 Deusdicitur,
3388 3881 3502 3937 sie-

1924 3991 1983 4036 ut
2013 3981 2157 4036 Deus
2186 3980 2482 4045 Abraham,
2517 3978 2597 4034 vel
2668 3955 2840 4041 lsaac,
2865 3975 2950 4030 vel
2978 3955 3148 4030 Jacob
3169 3974 3234 4027 ⁷⁷.
3261 3972 3376 4028 Non
3403 3989 3501 4044 po-

1926 4080 2031 4127 test
2067 4071 2352 4126 Dominum
2387 4071 2552 4124 Deum
2575 4083 2730 4124 suum
2765 4067 2948 4122 dicere
2974 4067 3019 4122 is
3044 4064 3335 4120 cuiventer
3360 4063 3508 4120 Deus

239 4161 471 4229 gratiam
498 4162 658 4217 simul
683 4177 805 4218 cum
835 4176 964 4230 pace
987 4161 1282 4231 conjungit.
1309 4159 1599 4216 Sciendum
1635 4171 1813 4218 tamen
1921 4174 2006 4219 est
2031 4163 2097 4230 ",
2136 4172 2230 4218 aut
2267 4163 2352 4218 cui
2381 4163 2609 4218 avaritia
2640 4162 2784 4217 Deus
2811 4169 2919 4226 est,
2943 4169 3042 4214 aut
3067 4157 3151 4215 cui
3187 4157 3360 4230 gloria
3389 4171 3501 4211 saa-

242 4262 346 4316 est,
381 4254 526 4323 quod
560 4255 673 4308 haec
695 4253 940 4324 Apostoli
988 4253 1326 4309 consuetudo
1357 4254 1656 4319 scribendi,
1703 4272 1810 4312 non
1921 4257 2050 4322 culi,
2073 4265 2128 4312 et
2160 4269 2356 4326 pompa
2391 4255 2599 4321 mundi,
2631 4263 2726 4310 aut
2765 4251 3006 4324 potentia
3043 4265 3224 4306 rerum
3269 4248 3504 4302 caduca-

244 4356 371 4412 erga
395 4357 586 4399 omnes
618 4343 687 4399 ab
727 4358 793 4399 eo
830 4351 1082 4400 servatur
1113 4341 1404 4400 Ecclesias.
1437 4344 1569 4400 Nam
1595 4347 1663 4402 ad
1711 4347 1813 4404 Coo
1846 4347 1891 4402 D
1921 4363 2040 4403 rum
2088 4349 2227 4403 Deus
2255 4358 2356 4405 est.
2411 4349 2682 4418 Quidquid
2731 4349 2875 4403 enim
2908 4343 3285 4413 unusquisque
3331 4351 3493 4407 supra

332 4482 421 4537 "1
453 4481 579 4538 Cor.
613 4498 704 4546 xv,
736 4483 821 4539 10.
911 4485 956 4517 ³³
991 4486 1151 4541 Hebr.
1192 4493 1270 4552 in,
1303 4485 1350 4550 1,
1376 4485 1432 4552 4,
1466 4486 1552 4543 14.

244 4568 276 4606 x
305 4593 320 4616 ,
360 4553 448 4608 18.
555 4555 602 4586 ⁸⁷
627 4554 786 4607 Rom.
821 4570 874 4619 ι,
924 4553 977 4610 6.
1073 4556 1117 4587 ⁸⁸
1143 4557 1272 4610 ibid.
1303 4556 1356 4610 7.

247 4623 290 4697 ‘_’
319 4622 455 4697 Gen.
487 4624 859 4697 xmx._i§,_seq.
925 4625 980 4697 _“
1013 4625 1168 4697 Deut.
1192 4641 1380 4697 χχχιιι,
1413 4626 1616 4697 6.,seq.

247 4691 420 4749 Galat.
463 4710 503 4759 ι,
539 4694 605 4752 3:
643 4693 886 4762 Epltesn,
918 4695 986 4760 2;
1019 4695 1212 4763 Philip.
1247 4712 1281 4754 ι.
1307 4696 1362 4750 2.
1441 4696 1483 4726 ⁸⁷
1522 4691 1730 4755 coloss.
1759 4717 1798 4764 t,
1831 4701 1885 4754 5.
1965 4698 2050 4749 ⁸⁸1
2079 4697 2271 4750 Thess.
2299 4712 2331 4753 ι.
2355 4697 2411 4749 2.

249 4761 291 4813 ll
337 4763 476 4818 Tim.
512 4780 549 4826 I,
575 4763 631 4817 2.
707 4764 750 4795 '”
787 4763 893 4818 Tit.
922 4782 958 4826 ι,
987 4765 1039 4818 4.
1161 4766 1206 4796 ⁷³
1244 4765 1396 4822 Rom.
1427 4781 1464 4826 ι,
1497 4765 1551 4820 8.
1665 4770 1712 4802 ⁷³
1745 4771 1760 4824 Ι
1789 4770 1918 4826 Cor.
1961 4785 2000 4826 ι.
2038 4766 2092 4820 4.
2187 4767 2234 4798 ⁷⁵
2263 4766 2411 4820 Colot

1833 4785 1918 4824 or.
1961 4785 2000 4835 t,
2038 4785 2092 4820 ιι.

249 4761 291 4813 ll
337 4763 476 4818 Tim.
512 4780 549 4828 I,
575 4763 631 4817 2.
691 4761 750 4795 7“
787 4763 893 4818 Tit.
922 4782 958 4830 ι,
987 4765 1039 4818 4.
1161 4761 1206 4796 ⁷⁷
1244 4765 1396 4822 Rom.
1427 4781 1464 4827 ι,
1497 4765 1551 4820 8.

247 4845 370 4900 vm,
401 4833 458 4887 5.
536 4834 580 4865 ⁷⁷
612 4833 787 4888 Exod.
815 4850 896 4897 ιιι,
929 4841 982 4890 b‘.
1057 4835 1102 4866 ⁷⁸
1134 4833 1328 4904 Philip.
1356 4850 1437 4900 ιιι,
1476 4836 1562 4891 19.

316 4944 428 5013 (41)
463 4943 561 4997 Ms.
590 4959 728 4999 unus
760 4945 958 5010 Regius
989 4961 1140 5001 num.
1179 4944 1335 5010 1641,
1374 4945 1500 5012 ﬁdei
1535 4946 1819 5002 obedirent.

248 5015 398 5068 Alter
423 5013 622 5084 Regius
659 5030 814 5084 nutu.
841 5014 999 5076 i639,
1026 5017 1079 5069 in
1114 5016 1271 5082 ﬁdem
1299 5016 1508 5067 obedire
1543 5017 1818 5074 dicuntur.

247 5085 439 5166 Caneri
476 5083 631 5150 niss.,
657 5083 911 5140 Rabanus
952 5095 1006 5138 et
1037 5085 1192 5148 editi,
1224 5086 1278 5139 in
1317 5084 1478 5153 ﬁdem
1507 5087 1718 5140 obedire
1739 5089 1822 5142 di-

247 5166 402 5208 αιιιιν.

316 5221 635 5294 (biﬂVide
660 5239 844 5293 supra,
875 5240 1020 5276 num.
1058 5223 1110 5277 2.

320 5291 753 5367 (i2)’Rabanus,
775 5305 830 5347 et
863 5309 980 5367 ms._
1003 5293 1207 5367 Regius
1230 5310 1382 5367 num.
1411 5295 1566 5360 1659,
1593 5294 1822 5350 Benedi-

246 5364 347 5418 ctio
393 5372 565 5436 autem
594 5364 759 5428 pacis,
801 5373 914 5436 etc.
958 5364 1168 5436 Deinde
1198 5365 1336 5419 ident
1370 5382 1495 5431 tns.,
1521 5378 1646 5436 puto
1685 5367 1826 5436 quod

249 5449 349 5486 non
373 5432 439 5503 sit
471 5434 644 5485 minor
663 5450 723 5486 ea
748 5449 866 5503 qua:
887 5433 990 5503 fuit
1023 5434 1314 5487 benedictio
1342 5437 1395 5488 in
1427 5432 1546 5490 Sent
1566 5447 1613 5490 et
1635 5432 1824 5490 in'la-

247 5501 422 5568 phelli,
453 5503 703 5572 quoniam
739 5501 832 5571 per
861 5501 1144 5570 Spiritum,
1173 5514 1278 5556 etc.
1326 5503 1436 5558 Sed
1473 5507 1657 5560 caeteri
1692 5523 1823 5560 mss.

247 5582 303 5645 et
338 5572 466 5626 editi
508 5582 565 5626 ut
607 5573 658 5624 in
714 5582 886 5645 textu,
925 5573 1029 5627 nisi
1073 5574 1215 5642 quod
1245 5573 1377 5627 editi
1424 5575 1679 5642 habeam,
1709 5592 1828 5645 qua:

252 5641 411 5693 datur
445 5657 541 5710 pro
569 5657 724 5709 quam
747 5643 860 5697 dat.

325 5711 436 5780 (45)
469 5710 568 5767 bis.
603 5711 800 5782 Regius
828 5729 975 5768 num.
1020 5711 1173 5780 l659,
1225 5712 1580 5769 benedictione
1632 5713 1822 5782 Moysi.

1649 4489 1695 4520 "‘
1725 4491 1929 4560 Ephes.
1956 4504 2016 4560 tl,
2052 4487 2139 4560 i2.

1460 4557 1506 4588 "
1529 4556 1668 4613 Gen.
1695 4556 1788 4624 nt,—
1803 4562 1893 4626 26,
1919 4558 2008 4614 27.

2734 4487 2781 4517 ⁵⁸
2819 4483 2965 4544 Psal.
3015 4495 3142 4535 xvnt
3169 4517 3184 4542 ,
3217 4475 3290 4542 5;
3342 4473 3501 4528 Rom.

2234 4489 2281 4518 '"’
2322 4487 2479 4541 Rom.
2515 4503 2550 4550 I,
2582 4487 2636 4540 5.
2734 4487 2781 4517 ⁵⁸
2819 4487 2965 4544 Psal.
3015 4495 3142 4535 xvnt
3169 4517 3184 4542 ,
3217 4487 3290 4542 5;
3344 4487 3501 4528 ttom.

2234 4573 2320 4610 en.
2358 4574 2469 4610 xw.
2503 4557 2587 4610 19.
2618 4555 2709 4609 '20.
2814 4555 2855 4586 ⁶¹
2891 4553 3026 4607 Gen.
3071 4562 3240 4606 xxvtt.
3285 4544 3376 4610 28,
3410 4545 3502 4598 29.

2115 4558 2157 4589 ⁶⁰
2184 4556 2320 4612 Gen.
2358 4574 2469 4622 xw,
2503 4557 2587 4618 19,
2618 4555 2709 4609 '20.

1695 4613 1814 4685 et].

1923 4613 2065 4690 :vn,
2099 4628 2190 4682 40.
2267 4628 2310 4658 ⁸⁸
2336 4613 2468 4680 ιλιιοί
2494 4643 2549 4684 x.
2574 4613 2625 4680 6.
2705 4624 2750 4656 ⁸⁸
2776 4624 2796 4676 1
2825 4624 2951 4678 Cor.
2987 4639 3024 4690 ι,
3054 4622 3120 4680 5:
3148 4615 3338 4690 {1991'-
3369 4631 3406 4678 I.
3432 4613 3502 4690 ἓξ

2515 4695 2558 4726 ⁸³
2583 4696 2620 4748 ΙΙ
2649 4693 2845 4748 Thess.
2868 4710 2904 4752 ι,
2934 4684 3021 4745 ἳξ
3085 4690 3130 4720 ⁷⁰
3163 4686 3181 4739 Ι
3208 4685 3350 4740 Tim.
3373 4701 3410 4748 I,
3431 4684 3501 4746 2;

2187 4767 2234 4798 ⁷⁵
2263 4766 2470 4820 Coloss.
2515 4781 2553 4832 ι,
2591 4765 2644 4818 5.
2740 4764 2785 4795 ⁷⁵
2819 4763 2995 4818 Galat.
3032 4778 3068 4827 ι,
3109 4759 3163 4813 6.
3257 4755 3304 4786 "'
3337 4754 3502 4809 Hebr.

1935 4945 2134 5001 Deinde
2173 4945 2326 5009 editi,
2357 4945 2448 5015 qui
2495 4943 2756 4998 benedixit
2789 4943 2986 5008 tribus,
3020 4949 3125 4996 etc.
3163 4937 3274 4996 Sed
3321 4938 3505 4995 caeteri

1931 5032 2060 5072 mss.
2089 5026 2142 5070 et
2170 5016 2428 5070 Rabanus
2453 5024 2513 5070 ut
2541 5016 2592 5068 iu
2627 5023 2796 5069 textu.

2003 5085 2116 5158 (44)
2150 5086 2296 5158 Editi
2323 5095 2378 5138 et
2403 5102 2504 5140 ms.
2535 5101 2694 5158 unus,
2720 5085 2863 5158 dico,
2907 5081 3070 5158 male.

2025 5151 2115 5226 45)
2147 5157 2246 5211 Ms.
2270 5156 2468 5226 Regius
2498 5171 2645 5210 num.
2671 5153 2829 5226 i659,
2851 5158 2894 5207 si
2924 5169 3026 5206 non
3051 5151 3274 5226 indigni.

2025 5166 2115 5298 45;
2147 5166 2246 5211 Ms.
2270 5166 2468 5238 Regius
2498 5171 2645 5210 num.
2671 5166 2829 5236 tuas,
2851 5166 2894 5207 si
2924 5169 3026 5206 non
3051 5166 3274 5232 tuatgnt.
3422 5218 3434 5230 α
3468 5217 3480 5229 ο

2024 5228 2092 5282 46
2143 5227 2243 5281 Ms.
2275 5227 2475 5298 Regius
2503 5241 2653 5282 num.
2687 5224 2841 5288 1609,
2865 5225 3100 5294 quando.
3128 5219 3331 5276 Deinde
3350 5218 3506 5284 editi,

1930 5314 2132 5366 semper
2161 5299 2362 5366 gratias
2393 5312 2568 5365 agere,
2595 5307 2702 5350 etc.

2001 5364 2112 5438 (47)
2137 5364 2298 5438 Ειιίιὶ,
2326 5364 2501 5437 agere,
2533 5365 2623 5438 sed
2646 5381 2748 5418 non
2779 5364 3009 5417 addidit.

2002 5436 2116 5508 es)
2148 5437 2311 5508 Editi.
2341 5436 2431 5489 aut
2455 5436 2776 5508 ννριττιεςηοη
2799 5443 3095 5508 tenebere!-

1999 5503 2113 5578 (⁷49)
2147 5505 2315 5578 Editi,
2348 5503 2684 5578 non’ad_didit
2722 5505 3016 5578 gratiarum
3045 5503 3326 5578 actionem.

2003 5572 2114 5656 (βυ)
2153 5576 2244 5631 Sic
2274 5589 2406 5630 mss.
2442 5582 2493 5630 et
2528 5573 2807 5629 Rabattus.
2841 5576 2909 5632 At
2934 5573 3088 5640 editi,
3118 5572 3187 5626 ad
3212 5573 3508 5640 gratiarum

1931 5658 2212 5701 acttonem.
