3936 6196
567 242 672 297 835

2025 239 2346 298 ORIGENIS
3655 255 3713 310 us

565 373 763 418 extera
801 361 948 421 colit.
983 363 1084 417 hoc
1115 361 1189 415 illi
1231 362 1369 414 Deus
1416 371 1516 417 est.
1557 362 1664 418 Sed
1697 363 1977 420 videamus
2013 363 2140 433 quid
2172 367 2213 424 Α
2249 363 2362 431 ipse
2399 363 2655 417 Dominus
2698 363 2922 417 dicebat
2963 360 3031 414 ad
3076 360 3462 415 Samaritauam
3493 367 3710 433 ωυιῑιιηωτ

565 465 648 508 cst
697 471 794 524 pro
829 472 934 524 quo
964 455 1258 524 Apostolus
1289 455 1493 522 gratias
1545 457 1651 525 agit
1698 458 1807 513 Deo
1838 475 1954 514 suo.
1999 457 2142 522 Quo-

568 548 739 608 niam,
789 547 986 613 inquit,
1027 547 1158 612 ﬁdes
1197 557 1369 599 vestra
1413 550 1771 602 annuntiatur
1809 550 1864 602 in
1905 550 2142 602 uniuerso

565 638 783 692 mundo.
829 635 894 688 In
923 637 1164 689 universo
1217 638 1411 690 mundo
1458 639 1500 690 si
1535 638 1862 708 simpliciter
1908 637 2145 705 accipia-

567 744 704 795 mus,
753 731 855 783 hoc
887 729 1100 784 videtur
1149 730 1436 799 designare
1483 731 1623 800 (fit),
1675 734 1817 799 quod
1869 733 1923 786 in
1961 731 2145 786 multis

564 817 699 872 locis
749 818 957 883 mundi,
1007 819 1108 872 hoc
1142 826 1226 872 est
1273 828 1430 872 terra:
1469 820 1654 886 hujus,
1685 836 1874 874 eormn
1909 820 1998 889 qui
2033 820 2142 872 llo-

563 922 665 964 ma:
691 917 818 962 sunt
851 908 984 962 lides
1013 919 1067 963 et
1098 909 1287 980 religio
1320 911 1663 980 prmdicetur.
1695 912 1752 967 Si
1791 927 1942 975 vero,
1983 921 2040 964 nt
2092 911 2144 964 iu

564 1001 868 1064 nonnullis,
902 1001 1065 1055 etiam
1120 1002 1173 1055 in
1225 1002 1326 1056 hoc
1380 1001 1500 1058 loco
1550 1005 1784 1059 mundus
1831 1004 2147 1073 designatur

564 1092 657 1159 qui
692 1107 756 1146 ex
791 1091 931 1146 caelo
975 1099 1190 1146 constat
1237 1099 1291 1145 et
1337 1101 1502 1153 terra,
1538 1102 1700 1161 atque
1727 1094 1978 1148 omnibus
2023 1110 2146 1163 qua:

567 1184 624 1238 in
654 1183 737 1237 eis
771 1193 919 1246 sunt,
955 1191 1133 1248 potest
1162 1182 1326 1236 etiam
1359 1182 1488 1238 illud
1529 1184 1753 1254 intelligi
1803 1186 1944 1253 quod
1978 1187 2146 1239 virtu-

563 1285 664 1338 tes,
701 1275 769 1329 de
793 1276 991 1343 quibus
1017 1275 1219 1329 dicitur
1249 1275 1376 1345 quia
1425 1276 1680 1344 gaudium
1727 1278 1951 1330 habeant
1993 1294 2148 1347 sup'r

561 1383 666 1422 uno
700 1379 971 1437 peccatore
1002 1370 1362 1438 pmnitentiam
1406 1379 1594 1439 agente
1634 1371 1705 1433 τ’,
1753 1371 1924 1426 multo
1977 1372 2148 1441 magis

562 1463 629 1516 de
656 1459 1018 1516 conversione
1046 1476 1266 1530 quoque
1310 1461 1510 1516 et’lide
1558 1461 1928 1518 Romanorum
1965 1463 2148 1518 lacten-

563 1565 672 1617 tur,
720 1554 1104 1608 nuntiantibus
1152 1553 1255 1606 sibi
1309 1555 1520 1624 angelis
1569 1555 1679 1610 illis
1721 1556 1812 1624 qui
1846 1555 2150 1610 ascendunt

559 1657 614 1701 et
649 1647 987 1702 descendunt
1025 1647 1091 1700 ad
1130 1647 1324 1700 Filium
1363 1647 1600 1702 hominis
1625 1649 1712 1701 η’.
1751 1649 1814 1702 Et
1864 1649 1964 1718 ipsi
2002 1651 2146 1704 enim

2259 451 2406 506 Venit
2454 459 2584 506 hora
2631 453 2765 524 (54),
2830 463 2881 505 et
2940 468 3085 504 nunc
3127 461 3227 516 est,
3276 454 3467 520 quando
3497 459 3576 507 reri
3607 467 3714 518 oden.

2248 557 2385 600 tores
2432 547 2730 600 adorabunt
2795 545 3028 598 Patrem
3081 545 3134 596 in
3185 545 3368 612 spiritu
3413 555 3454 596 ct
3498 553 3652 604 rerum
3679 560 3712 611 τ’,

2248 640 2354 694 Sed
2406 637 2605 691 Paulus
2663 653 2769 692 non
2817 636 3007 692 solum
3067 638 3254 688 adorat
3303 635 3352 690 in
3403 637 3713 702 Spiritqu.

2247 740 2298 784 et
2361 729 2600 785 deservit
2667 728 2722 782 in
2778 729 3022 798 spiritu.
3091 725 3226 778 Nam
3281 726 3488 782 adorare
3543 731 3631 799 quis
3666 753 3713 804 po-

2250 831 2353 876 test
2387 829 2440 875 et
2477 821 2594 876 sine
2620 819 2856 886 allecto;
2897 817 3188 872 deservire
3238 831 3360 869 vero
3396 817 3500 884 ejus
3536 830 3600 872 est
3623 839 3712 889 quea

2247 912 2574 979 constringit
2613 910 2860 965 allectus.
2921 907 3183 963 Deservit
3225 921 3350 974 ergo
3387 905 3713 976 Apostolasllen,

2249 1022 2354 1060 non
2389 1006 2441 1059 in
2471 1018 2726 1073 corpore,
2760 1016 2947 1071 neque
2979 1002 3033 1055 in
3064 999 3273 1061 anima,
3303 999 3390 1052 sed
3413 999 3460 1051 in
3494 1000 3712 1057 meliorest

2249 1107 2424 1168 parte,
2451 1098 2501 1151 id
2520 1107 2604 1151 est
2626 1097 2677 1149 iu
2707 1095 2935 1165 spiritu.
2965 1092 3098 1146 "me
3120 1091 3263 1144 enim
3287 1089 3384 1143 tria
3401 1104 3510 1144 esse
3531 1092 3572 1142 in
3588 1090 3712 1150 homo

2248 1191 2496 1259 designat
2528 1189 2594 1243 ad
2620 1186 3166 1242 'l'hessatonicenses
3191 1180 3712 1242 scribens,cuutdicit":

2248 1280 2318 1335 Ut
2354 1281 2619 1348 integrum
2665 1292 2858 1346 corpus
2900 1285 3171 1335 vestrum,
3202 1281 3248 1325 et
3283 1271 3450 1323 animo
3476 1313 3488 1334 ,
3515 1283 3554 1325 et
3586 1277 3712 1341 spiritu

2249 1373 2304 1426 in
2345 1372 2430 1424 die
2479 1370 2692 1423 Domini
2723 1367 2890 1422 nostri
2935 1365 3074 1418 Iesu
3110 1361 3311 1417 Christi
3339 1375 3560 1417 servetur.
3589 1366 3632 1416 ει
3662 1370 3712 1420 lti-

2251 1463 2356 1518 ttiel
2401 1462 2572 1517 dicit:
2612 1460 2851 1514 Laudate
2880 1500 2894 1522 ,
2941 1456 3175 1523 spiritus
3225 1464 3272 1505 et
3321 1456 3492 1506 animi:
3535 1457 3710 1520 iuuante,

2250 1556 2534 1610 Dominum
2560 1554 2627 1607 ".
2670 1551 2970 1621 Apostolus
2997 1562 3138 1617 ergo
3171 1547 3368 1615 ubique
3407 1545 3609 1613 spiritum
3639 1566 3710 1615 pr:-

2252 1644 2378 1709 lert,
2405 1655 2461 1699 et
2495 1643 2744 1712 repudiat
2777 1657 3008 1695 carnem
3067 1638 3157 1691 vel
3191 1652 3311 1706 qua:
3338 1637 3502 1688 carnis
3531 1646 3634 1690 sunt.
3656 1638 3712 1692 lle-

562 1739 833 1792 mirantur
880 1740 946 1792 de
989 1739 1351 1792 conversione
1376 1739 1642 1808 gentium,
1675 1749 1727 1793 et
1761 1741 1904 1808 quod
1940 1741 1991 1794 in
2025 1756 2144 1795 om-
2178 1715 2220 1767 Β
2250 1736 2420 1804 nique
2451 1746 2504 1790 et
2540 1734 2675 1804 legis
2708 1734 2876 1802 ipsius
2902 1731 3172 1801 spiritum
3199 1727 3409 1788 laudat;
3437 1726 3618 1780 litteram
3641 1745 3716 1782 ten

561 1845 684 1885 nem
710 1840 914 1884 terram
946 1833 1115 1885 exivit
1154 1847 1323 1886 sonus
1353 1833 1724 1900 apostolorum
1754 1832 1956 1887 Christi
1993 1831 2140 1887 Jesu.

561 1919 805 1988 Denique
828 1929 881 1972 et
909 1935 1111 1990 agones
1140 1921 1378 1988 ipsorum
1413 1930 1724 1990 spectantes
1761 1921 1814 1974 in
1853 1921 1956 1976 hoc
1983 1937 2142 1975 mun-

560 2013 630 2067 do
664 2012 938 2078 laetantur,
969 2011 1125 2078 sicut;
1168 2011 1464 2080 Apostolus
1504 2012 1640 2067 dicit
1660 2013 1705 2044 ⁸ο
1733 2029 1746 2066 :
1777 2013 1915 2079 Quia
1942 2024 2145 2081 specta-

561 2102 740 2159 culum
779 2103 910 2171 facti
941 2119 1124 2156 stultus
1168 2103 1292 2156 huic
1319 2103 1537 2167 mundo,
1566 2111 1614 2156 et
1652 2104 1875 2172 angelis,
1905 2115 1952 2158 et
1977 2104 2145 2156 homi-

560 2193 740 2251 nibus.
788 2191 974 2246 Potest
1008 2203 1188 2246 tamen
1222 2201 1277 2246 et
1309 2193 1384 2247 ita
1413 2191 1668 2263 intelligi,
1697 2193 1842 2262 quod
1878 2193 2009 2247 ﬁdes
2041 2194 2141 2248 ista

559 2299 725 2354 quam
767 2282 997 2337 Romani
1038 2282 1242 2338 habent
1273 2324 1287 2348 ,
1329 2284 1447 2353 ipsa
1492 2285 1792 2352 eademque
1828 2285 1917 2351 sit,
1947 2295 2002 2340 et
2038 2303 2141 2340 non

559 2375 685 2439 alia,
721 2390 884 2446 quam
914 2391 1036 2445 qua:
1077 2375 1129 2428 iu
1180 2375 1438 2430 universo
1477 2375 1679 2430 mundo
1706 2377 2060 2430 annuntiatur
2091 2387 2143 2432 et

559 2470 828 2533 creditur,
867 2485 987 2540 qua:
1011 2483 1115 2523 non
1145 2469 1320 2523 solum
1347 2469 1399 2522 in
1435 2478 1600 2530 terra,
1631 2469 1726 2523 sed
1753 2470 1915 2524 etiam
1948 2470 2001 2524 in
2032 2485 2143 2525 cm-

561 2564 628 2618 lis
655 2563 988 2633 praedicatur
1020 2581 1033 2616 :
1065 2563 1191 2630 quia
1225 2561 1386 2617 Jesus
1429 2562 1744 2632 paciﬁcavit
1788 2577 1884 2630 per
1923 2562 2144 2631 sangui-

561 2674 686 2713 nem
712 2672 866 2712 suum
904 2671 1008 2710 non
1034 2655 1208 2710 solum
1229 2671 1347 2724 qua:
1378 2655 1430 2709 in
1459 2655 1624 2710 terris
1657 2663 1804 2716 sunt,
1835 2654 1928 2709 sed
1953 2664 2001 2708 et
2021 2668 2142 2723 qua:

559 2753 614 2806 in
671 2751 826 2806 caelis
851 2751 930 2813 ⁸¹;
981 2760 1037 2803 et
1077 2749 1128 2802 in
1181 2749 1397 2803 nomine
1433 2750 1551 2817 ejus
1599 2763 1737 2818 genu
1787 2747 2007 2801 ﬂectunt
2036 2763 2139 2800 non

560 2843 733 2897 solum
788 2840 1100 2904 terrestria,
1145 2841 1238 2894 sed
1279 2853 1332 2894 et
1377 2840 1619 2895 caelestia
1650 2848 1700 2894 et
1738 2840 1948 2893 inferna
1978 2839 2043 2892 ⁸³.
2077 2837 2142 2891 Et

563 2932 665 2986 hoc
693 2942 779 2988 est
819 2930 876 2983 iu
933 2930 1190 2985 universo
1235 2930 1438 2985 mundo
1480 2931 1638 2985 tidem
1682 2929 1968 3000 prmdicari
1994 2968 2011 2994 ,
2046 2945 2142 2999 per

559 3036 723 3091 quam
757 3020 935 3076 omnis
971 3019 1205 3074 tnundus
1236 3021 1307 3075 sit
1335 3021 1449 3090 (5'2)
1480 3021 1732 3076 subditus
1779 3021 1887 3076 Deo
1922 3021 1990 3072 ⁸³.
2025 3020 2139 3075 Ob-
2169 3054 2210 3109 Ο

560 3115 1048 3196 δεῖναιιάιιιιὶέαιιο
1078 3116 1309 3183 estquia
1333 3114 1398 3168 ad
1435 3115 1535 3168 hoc
1563 3115 1707 3182 quod
1731 3114 1890 3180 dixit,
1915 3117 2140 3184 primunt

558 3210 792 3278 quidem,
823 3223 932 3262 non
971 3207 1230 3271 reddidit,
1263 3207 1413 3260 verbi
1448 3208 1646 3275 gratia.
1672 3219 1730 3262 ut
1760 3208 1965 3263 diceret
1995 3228 2007 3262 :
2044 3208 2144 3263 Se-

561 3301 741 3356 cundo
776 3308 992 3364 autem;
1021 3299 1116 3351 sed
1153 3307 1210 3351 ut
1259 3299 1611 3367 praediximus
1651 3299 1720 3354 de
1749 3299 2143 3357 elocutionibus

563 3396 746 3450 minus
792 3393 999 3456 ﬁnitis;
1041 3392 1144 3445 nisi
1181 3390 1320 3444 forte
1353 3392 1601 3445 videatur
1637 3391 1690 3445 in
1735 3406 1800 3444 eo
1835 3393 1982 3446 reddi
2020 3407 2141 3446 cum

561 3487 736 3542 dicit:
776 3483 914 3539 Nolo
952 3494 1126 3537 autent
1151 3500 1235 3537 uos
1264 3484 1529 3550 ignorare,
1565 3482 1762 3551 fratres
1787 3482 1857 3535 ⁸⁵.

632 3579 722 3634 10.
749 3576 918 3630 Testis
951 3577 1089 3630 enim
1115 3576 1245 3628 mihi
1280 3585 1354 3629 est
1399 3575 1560 3636 Deus,
1610 3574 1697 3628 cui
1737 3573 1908 3626 servio
1951 3575 2004 3626 in
2036 3575 2143 3642 spi-

563 3673 670 3726 ritu
701 3686 836 3732 nteo,
883 3669 938 3721 in
981 3666 1267 3736 Evangelia
1301 3664 1433 3719 Filii
1459 3666 1574 3734 ejus
1602 3665 1669 3718 ⁸⁸.
1703 3664 1846 3720 Deus
1872 3665 2028 3720 teStis
2062 3673 2144 3721 est

559 3766 764 3822 sanctis
781 3764 917 3826 suis,
946 3763 1070 3831 quia
1098 3771 1152 3815 et
1184 3760 1284 3830 ipsi
1329 3769 1492 3814 testes
1535 3769 1662 3814 sunt
1687 3759 1806 3827 Dei,
1845 3761 2140 3815 scentulum

560 3857 703 3923 quod
729 3855 858 3909 dicit
901 3853 1158 3922 propheta
1183 3851 1334 3922 (55):
1379 3851 1546 3906 Erilis
1576 3853 1703 3906 mihi
1747 3861 1924 3917 testes,
1963 3861 2016 3906 et
2046 3868 2142 3919 ego

561 3947 734 4008 testis,
759 3947 887 3998 dicit
926 3944 1179 3998 Dominus
1201 3944 1269 3997 ⁸³.
1298 3942 1404 3998 Sed
1438 3954 1493 3998 et
1523 3944 1778 3999 Salvator
1810 3945 1877 3999 ad
1902 3944 2144 4012 discipu-

563 4041 645 4090 los
680 4036 810 4088 dicit
838 4035 882 4067 ⁸⁷
916 4051 929 4086 :
964 4033 1129 4086 Eritis
1169 4035 1297 4086 mihi
1349 4044 1502 4088 testes
1538 4035 1592 4089 in
1645 4034 1968 4099 Jerusalem,
2013 4044 2061 4088 et
2090 4036 2141 4088 in

562 4122 832 4185 Samaria,
860 4132 906 4176 et
935 4122 987 4174 in
1012 4123 1255 4175 omnibus
1274 4123 1468 4188 finibus
1487 4133 1662 4188 terror,
1687 4123 1988 4178 secundum
2015 4123 2143 4176 illud

561 4215 704 4286 quod
733 4215 993 4283 scriptum
1019 4221 1105 4268 est
1120 4212 1166 4246 ⁸⁸
1206 4227 1221 4266 :
1249 4212 1354 4278 Qui
1384 4215 1652 4283 confessus
1677 4215 1835 4282 fuerit
1872 4216 1924 4268 in
1964 4232 2066 4277 tne,
2095 4226 2142 4268 et

561 4325 656 4380 ego
703 4308 992 4376 confitebor
1040 4307 1094 4360 in
1133 4322 1192 4361 eo
1239 4322 1417 4360 coram
1464 4303 1628 4360 Patre
1673 4323 1805 4361 meo.
1852 4307 2142 4362 Videamus

563 4409 744 4453 autem
771 4399 899 4469 quid
933 4406 1014 4453 est
1040 4397 1183 4468 quod
1222 4397 1372 4461 dicit,
1400 4398 1484 4451 cui
1513 4399 1678 4452 seruio
1701 4399 1755 4451 in
1783 4399 1970 4467 spiritu
2005 4415 2140 4453 meo.
2175 4399 2224 4458 Ι)

564 4491 781 4545 Servire
817 4491 868 4544 in
897 4490 1091 4560 spiritu
1128 4490 1307 4544 simile
1355 4491 1481 4544 mihi
1527 4489 1741 4544 videtur
1779 4502 1920 4552 esse,
1954 4488 2063 4543 imo
2088 4498 2142 4544 et

561 4582 798 4652 amplius
843 4582 1048 4652 aliquid
1098 4598 1258 4650 quam
1314 4583 1542 4636 adorare
1581 4583 1632 4636 in
1663 4581 1876 4652 spiritu,
1921 4580 2060 4634 sicut
2088 4592 2143 4635 et

633 4747 680 4777 τ’
717 4746 849 4803 Luc.
880 4761 970 4804 ιν.
1018 4747 1105 4799 10.
1187 4748 1248 4778 ⁷³⁸
1281 4745 1440 4800 Joan.
1475 4765 1511 4806 ι.
1545 4747 1634 4800 59..

559 4819 606 4847 ⁸⁸
633 4816 790 4870 llum.
820 4834 855 4875 ι.
888 4818 968 4871 15.
1046 4817 1090 4846 ⁸⁵
1122 4816 1249 4868 ibid.
1285 4822 1337 4870 tl.
1435 4819 1480 4848 ⁸⁸⁵
1507 4819 1626 4870 lsai.
1657 4832 1782 4871 sun
1813 4858 1827 4882 ,
1861 4818 1947 4870 19..

560 4903 612 4948 v,
639 4887 730 4942 23.
809 4888 852 4918 “
881 4887 1018 4940 Dan.
1055 4901 1133 4944 tu.
1160 4885 1249 4938 86.
1327 4889 1370 4920 ⁰²
1406 4889 1437 4940 ll
1460 4889 1584 4942 Cor.
1618 4905 1693 4950 tu,
1722 4892 1769 4938 ti.

560 4959 607 4989 "‘
640 4959 797 5011 llom.
835 4973 927 5018 vn,
969 4955 1052 5009 tl.
1129 4956 1171 4986 ⁹⁷
1209 4955 1362 5010 llont.
1396 4973 1511 5022 mi,
1544 4958 1630 5013 15.

647 5117 788 5191 (51)
842 5116 942 5171 Ms.
1000 5117 1202 5187 Regius
1257 5135 1406 5173 nttm.
1451 5121 1638 5185 1659,
1701 5124 1798 5175 hoc
1848 5126 1954 5176 vult
2005 5126 2146 5174 desi-

561 5209 747 5330 gnisiii
795 5264 966 5328 Alias,
1000 5263 1088 5316 sit.
1137 5261 1201 5315 Et
1233 5259 1397 5325 intra,
1443 5260 1534 5315 sed
1571 5261 1942 5329 prtcdiximus,
1974 5261 2143 5316 omis-

594 5351 624 5381 o
655 5349 686 5383 τι
719 5369 731 5382 .

563 5348 585 5384 ε
637 5343 750 5469 (ὕέ)
790 5403 888 5457 Ms.
917 5418 1077 5465 unus,
1113 5402 1400 5456 secundum
1442 5403 1581 5470 quod
1613 5401 1742 5456 dicit
1783 5418 1873 5467 per
1921 5402 2142 5469 prophe-

567 5480 696 5542 tam.
725 5473 788 5530 Et
813 5474 973 5541 paulo
1000 5481 1124 5542 post
1157 5471 1295 5524 alter
1326 5489 1425 5525 ms.
1459 5485 1511 5526 et
1549 5472 1702 5534 editi,
1731 5471 1835 5537 Qui
1870 5473 2140 5542 confessus

569 5539 725 5608 fuerit
771 5539 874 5602 me.
920 5552 968 5596 et
1001 5539 1091 5611 ego
1136 5541 1424 5608 conﬁtebor
1469 5559 1618 5607 ctun,
1654 5554 1759 5597 ctc.
1803 5542 1910 5597 Sed
1956 5541 2140 5597 czctcti

569 5626 698 5665 tnss.
739 5625 787 5664 ct
817 5611 1073 5666 Rabanus
1102 5624 1158 5665 ut
1193 5614 1242 5664 in
1278 5622 1446 5664 textu.

641 5681 755 5750 (Si)
796 5681 927 5736 Mss.
973 5681 1201 5749 aliquot,
1240 5679 1423 5734 Veniet“
1452 5683 1604 5748 hora,
1657 5694 1765 5738 etc.
1817 5681 1967 5737 Alter
2011 5695 2142 5736 lllSn

1710 4747 1756 4777 ⁸⁰
1797 4747 1810 4798 1
1847 4746 1974 4800 Cor.
2009 4763 2080 4808 tv,
2113 4747 2166 4802 9.
2246 4748 2287 4780 ⁸¹
2328 4747 2361 4800 C

1710 4818 1947 4872 .111.1“Ξ.
2037 4818 2079 4847 ⁸⁷
2103 4819 2220 4872 Act.
2257 4834 2294 4872 1.
2329 4819 2361 4872 8

2151 4827 2220 4872 Cl.
2257 4834 2294 4872 1.
2329 4827 2382 4872 8.

1887 4889 1931 4917 ⁸³
1965 4887 2120 4941 ltotn.
2152 4858 2366 4951 νιιι.’5.

1721 4960 1765 4988 ³⁸
1802 4957 1956 5014 Joau.
1989 4973 2104 5015 \lll.
2130 4957 2220 5013 56.

2249 1836 2503 1896 tanquam
2528 1840 2751 1881 carnem
2777 1824 3018 1895 spernit,
3055 1837 3182 1874 cum
3217 1819 3346 1871 dicit
3365 1820 3440 1870 ἠε
3469 1816 3618 1870 Littera
3638 1823 3712 1870 oui-

2245 1921 2358 1981 dit,
2405 1921 2623 1988 spiritus
2672 1935 2794 1973 vero
2851 1918 3122 1986 viuiﬁcat.
3178 1913 3284 1969 Sed
3333 1923 3383 1967 et
3425 1929 3527 1966 cum
3559 1915 3705 1966 dicit”:

2243 2012 2410 2084 569
2441 2012 2648 2065 Etenim
2686 2013 2737 2065 in
2763 2029 2868 2081 quo
2906 2011 3295 2079 inﬁrmabatur
3349 2009 3427 2062 lex
3459 2024 3533 2073 per
3566 2023 3708 2068 carnis,

2243 2107 2386 2161 Deus
2439 2104 2645 2158 Filium
2702 2121 2854 2159 suum
2903 2106 3131 2158 mittens
3181 2103 3235 2154 in
3277 2101 3574 2154 similitudine
3605 2101 3706 2151 caruit

2219 2199 2464 2269 'peccati,
2497 2215 2716 2253 carnem
2769 2199 2925 2268 lrgis,
2969 2197 3098 2251 sine
3132 2197 3298 2248 dubio
3334 2195 3534 2247 litteram
3558 2193 3708 2259 legisti-

2243 2293 2338 2345 cit.
2365 2289 2466 2344 Pcr
2516 2291 2752 2343 litteram
2795 2304 3038 2357 natoque
3082 2286 3451 2341 inlirmabatur
3475 2283 3557 2346 lex,
3589 2293 3626 2335 ut
3647 2299 3705 2336 tot

2245 2391 2430 2451 posset
2464 2380 2698 2450 impleri.
2734 2379 2869 2446 Quis
2893 2380 3044 2432 enim
3093 2378 3342 2446 impleret
3378 2374 3525 2428 velde
3558 2374 3708 2425 Salutius

2243 2473 2383 2540 quod
2407 2474 2669 2540 scriptum
2695 2482 2777 2526 est
2803 2473 2848 2516 ’ἓ
2881 2489 2896 2527 :
2935 2471 3066 2526 Non
3094 2480 3145 2523 te
3173 2468 3389 2521 morebis
3414 2469 3470 2518 de
3500 2465 3585 2517 loco
3606 2465 3705 2516 mit

2243 2565 2328 2617 die
2354 2561 2710 2618 Sabbatorum
2748 2563 3047 2633 (quomodo
3085 2561 3230 2614 enim
3267 2558 3381 2612 tieri
3419 2564 3604 2624 poterat,
3620 2564 3706 2606 ttlSt

2244 2655 2439 2724 aliquis
2469 2657 2688 2724 penitus
2720 2672 2827 2709 non
2861 2663 3113 2709 moveret
3145 2653 3212 2706 de
3245 2651 3359 2704 loco
3386 2663 3471 2702 suo
3485 2648 3525 2699 in
3545 2645 3606 2698 die
3625 2645 3704 2697 Sab-

2244 2748 2492 2801 batorum
2515 2747 2582 2815 ?),
2607 2747 2689 2800 vcl
2722 2748 2788 2802 de
2822 2747 3037 2816 legibus
3079 2746 3248 2813 lepra:
3276 2742 3327 2795 in
3372 2738 3579 2797 stamine,
3606 2735 3703 2787 tell!

2245 2839 2480 2908 pariete,
2518 2840 2599 2890 vel
2645 2839 2695 2892 in
2723 2838 2976 2907 pellicula
3007 2846 3219 2892 exorta:
3241 2835 3309 2896 ",
3336 2842 3385 2886 et
3413 2830 3533 2884 mille
3551 2826 3703 2893 alia(55t

2245 2931 2298 2986 in
2347 2931 2545 3000 quibus
2599 2932 2896 2984 secnmlum
2939 2929 3186 2984 litteram
3232 2936 3462 2994 tanquam
3504 2918 3702 2974 secundum

2245 3036 2464 3076 carnem
2491 3021 2766 3074 inﬁrmata
2805 3033 2885 3075 ρει
2919 3020 3005 3074 lex
3035 3021 3060 3072 ?
3097 3018 3384 3084 Propterea
3417 3025 3526 3078 ergo
3555 3011 3702 3074 Aposto-

2251 3116 2331 3165 lus
2358 3113 2490 3166 dicit
2511 3113 2578 3178 9‘,
2612 3113 2736 3180 quia
2772 3112 2856 3165 lex
2888 3111 3187 3180 spiritualis
3218 3119 3310 3162 est.
3342 3104 3433 3171 Qui
3455 3099 3699 3172 igilmlexem

2247 3204 2502 3273 intelligit
2549 3220 2671 3258 esse
2723 3203 3090 3273 Spiritualem,
3135 3202 3220 3255 hic
3267 3198 3443 3266 spiritu
3468 3189 3700 3246 servitlleo.

2251 3295 2402 3350 Unde
2432 3306 2488 3350 et
2518 3295 2651 3349 alias
2684 3296 2816 3349 dicit
2839 3296 2882 3326 "
2916 3316 2927 3350 :
2958 3294 3023 3348 Si
3045 3295 3186 3348 enim
3209 3288 3466 3345 secundum
3489 3277 3698 3336 carpenti-

2244 3393 2453 3456 xeritis,
2488 3391 2806 3456 moriemini,
2836 3393 2938 3445 hoc
2960 3399 3068 3454 est,
3113 3387 3397 3443 secundum
3423 3383 3604 3432 litteram
3627 3386 3700 3440 ψη

2245 3484 2443 3538 occidit
2480 3484 2749 3550 ;siautem
2773 3484 2960 3552 spiritu
2982 3494 3134 3535 actus
3163 3478 3331 3533 carnis
3361 3464 3695 3559 muniﬁcat-eritis.

2245 3577 2444 3630 eiectis.
2490 3575 2894 3645 Requirendum
2928 3589 3060 3628 sane
3107 3581 3189 3627 est
3229 3570 3274 3624 si
3301 3575 3351 3620 et
3377 3575 3528 3633 patres
3550 3555 3698 3620 αηιίιιηίι

2245 3669 2594 3737 patriarchae,
2630 3668 2709 3720 vel
2754 3670 3057 3736 prophetas,
3096 3666 3186 3736 qui
3236 3662 3387 3716 etiam
3437 3652 3518 3723 ipsi
3560 3649 3695 3701 luerunt

2245 3760 2495 3828 perfecti,
2525 3761 2577 3812 in
2614 3759 2806 3826 spiritu
2841 3759 2950 3812 Deo
2977 3760 3215 3812 servisse
3244 3751 3350 3823 (56)
3376 3741 3582 3834 credendi
3604 3743 3694 3834 sint,

2245 3851 2374 3919 quia
2400 3859 2456 3904 et
2483 3851 2750 3902 Abraham
2775 3850 3094 3904 desiderarit
3135 3857 3188 3900 ut
3213 3844 3390 3900 uideret
3417 3836 3527 3888 diem
3547 3829 3692 3882 Domini.

2245 3951 2292 3995 et
2319 3942 2464 4006 uidit,
2495 3952 2542 3994 et
2569 3941 2778 3996 lwtatus
2805 3953 2880 3995 est
2905 3943 2951 3974 θ’
2980 3957 2995 4005 ;
3043 3949 3100 3995 et
3133 3938 3331 4006 Moyses
3360 3943 3402 3986 et
3441 3925 3558 3979 Elius
3595 3931 3696 3982 sit!”

2248 4045 2459 4089 ruerunt
2487 4035 2537 4088 itt
2573 4025 2741 4104 gloria
2773 4036 3126 4102 colloquentes
3167 4047 3280 4087 cum
3309 4026 3422 4081 Iesu
3447 4022 3488 4074 in
3513 4006 3690 4070 monte”.

2248 4128 2302 4182 In
2333 4142 2438 4196 quo
2469 4127 2772 4182 ostenditur
2802 4125 3000 4198 Legem
3027 4137 3074 4181 et
3109 4125 3395 4193 Prophetas
3413 4126 3512 4168 eum
3536 4106 3693 4165 Erante-

2248 4220 2335 4274 liis
2356 4235 2683 4284 consonare,
2722 4229 2777 4273 et
2833 4219 2887 4273 in
2940 4219 3130 4273 eadem
3161 4214 3325 4287 gloria
3359 4198 3570 4278 spiritalis
3589 4202 3688 4256 εει*

2249 4320 2368 4364 ctus
2400 4321 2560 4380 atque
2598 4311 2965 4382 intelligentia:
3007 4311 3289 4380 refulgere.
3656 4369 3691 4382 __

2324 4405 2411 4461 11.
2454 4404 2729 4468 Quomodo
2761 4406 2874 4458 sine
2915 4402 3298 4457 intermissione
3340 4378 3689 4478 ηιιοιηονίδαῗμφ

2253 4495 2390 4563 facio
2434 4511 2636 4563 semper
2684 4498 2737 4548 in
2779 4493 3300 4551 oratiouibus.meis,
3328 4474 3693 4563 obsecranttttil".

2251 4561 2406 4637 modo
2435 4561 2644 4638 tondent
2695 4586 2980 4656 aliquando
3025 4594 3322 4653 prosperum
3361 4575 3448 4625 iter
3486 4561 3690 4622 habeam".

3358 4731 3396 4762 υ
3417 4727 3536 4781 Βοω-
3561 4728 3614 4767 ιιι,

3481 4788 3542 4839 se,
3563 4782 3679 4834 Πινςε.

3536 4857 3584 4909 is
3610 4861 3679 4906 su.

2246 4748 2287 4780 ⁸¹
2328 4746 2509 4800 Colos.
2544 4763 2580 4801 t.
2623 4745 2711 4800 20.
2789 4745 2835 4777 θ’
2871 4745 3148 4807 Philip.tt,
3181 4740 3261 4794 10.
3358 4740 3400 4814 ’ξ

2257 4834 2269 4856 1
2329 4819 2361 4856 a
2462 4818 2509 4848 ιη
2537 4817 2698 4856 “allii
2757 4833 2778 4856 κ
2839 4816 2922 4856 ῖθν
3003 4816 3048 4846 ιθ
3073 4813 3227 4856 1m..-
3255 4824 3318 4856 ιγ.
3342 4802 3400 4856 ὶ.)

2462 4818 2509 4848 "‘
2535 4817 2724 4870 Matth.
2754 4833 2805 4878 tt.
2839 4816 2927 4869 ⁸52.
3003 4816 3048 4846 ⁸³
3073 4813 3227 4866 .loan.
3255 4824 3318 4888 tv.
3342 4813 3416 4856 'Z-J-
3481 4813 3493 4821 '

2473 4885 2516 4917 9"
2545 4887 2710 4940 Exod.
2765 4902 2875 4952 xv't,
2932 4885 3023 4940 29.
3122 4883 3170 4915 9'
3205 4882 3359 4934 ιρι-ιι.
3399 4880 3495 4928 suo

2295 4957 2532 5011 “Matth.
2567 4973 2697 5019 χιιι,
2727 4957 2780 5011 3.

2267 5120 2478 5183 Mulier,
2513 5122 2649 5174 venit
2683 5122 2834 5184 hora,
2877 5130 2984 5174 etc.
3025 5119 3133 5174 Sed
3164 5112 3330 5174 ca'teri
3357 5117 3461 5160 mss.
3487 5083 3677 5145 etetltltt‘l

2260 5192 2311 5243 in
2347 5201 2514 5245 textu.

2328 5260 2443 5331 (5:3)
2477 5262 2588 5315 Sic.
2622 5276 2754 5315 mss.
2793 5260 3056 5329 plerique.
3102 5254 3374 5331 (Luteti-Ne

2256 5320 2435 5384 animi
2461 5332 2606 5392 alia,
2642 5341 2748 5385 etc.
2784 5320 2847 5385 Et
2882 5320 3043 5401 paulo
3094 5337 3248 5400 post:
3281 5320 3340 5376 Ut

2253 5403 2402 5456 dicit.
3418 5453 3423 5456 _
3639 5423 3647 5456 ε

2477 5473 2639 5537 Editi,
2667 5474 2719 5526 in
2748 5471 2935 5539 spiritu
2975 5470 3080 5523 Deo
3121 5468 3252 5522 servi
3292 5475 3383 5520 ϐεδε
3411 5433 3669 5558 ("‘s“lgii-ii

2337 5544 2348 5554 .
2387 5543 2415 5558 .,
2642 5555 2649 5558 _
2843 5543 2854 5552 ι
2983 5542 2997 5558 κ
3074 5553 3084 5558 ,
3347 5534 3405 5558 ..ι
3444 5527 3522 5558 Ml‘-

2253 5533 2456 5610 Spiritu
2505 5533 2686 5598 sancto
2716 5533 2854 5595 servi
2872 5542 3001 5610 esse)
3042 5553 3084 5592 et
3114 5543 3312 5611 gavisus
3343 5534 3423 5587 est,
3444 5533 3522 5573 θεῖ’

2253 5628 2383 5669 mss.
2418 5623 2474 5668 ut
2504 5615 2556 5668 iu
2591 5624 2763 5667 textu.
