3974 6206
263 180 388 236 ΒὶἿ

1255 183 1607 245 COMMENT.
1648 188 1717 245 ΙΝ
1757 189 1979 245 EPIST.
2024 192 2115 246 AD
2149 193 2316 252 ROM.
2359 197 2486 253 LIB.
2529 197 2568 252 1.

3444 213 3552 270 858

260 303 566 358 voluntate
626 303 723 357 Dei
759 304 995 357 veniendi
1026 305 1094 357 ad
1148 321 1233 359 eos
1260 307 1300 360 ί.
1343 309 1495 376 Quod
1545 312 1664 367 sine
1709 313 1875 367 intcr-
1906 316 1948 370 Α
1979 327 2152 382 neque
2185 317 2642 372 circumferuntur
2663 319 2808 373 omni
2835 329 2996 374 vento
3032 322 3292 379 doctrina:
3323 327 3364 382 °.
3396 327 3550 395 Quod

262 395 557 448 missione
580 410 677 463 pro
709 397 792 450 his
817 397 1012 464 quibus
1031 398 1242 463 scribit,
1273 415 1434 455 orare
1465 417 1522 456 se
1542 402 1692 467 dicit,
1723 420 1875 458 mau-

261 483 393 536 dati
441 483 530 537 sui
556 498 765 537 memor
797 486 1033 554 complet
1059 502 1224 557 opere
1247 490 1390 557 quod
1412 506 1663 548 sermone
1687 497 1872 563 prteri-

259 576 348 643 pit
374 576 424 632 ².
475 574 614 642 Quia
656 585 837 630 autem
889 579 1019 632 dicit
1061 580 1352 633 obsecrare
1398 596 1456 636 se
1503 584 1547 637 si
1601 587 1871 652 quomodo

259 669 507 722 tandem
533 668 819 738 aliquando
851 685 1168 738 prosperum
1204 675 1306 728 iter
1329 677 1546 741 habeat,
1573 686 1631 730 ut
1683 679 1735 730 in
1777 694 1873 732 voc

255 755 495 812 [innate
518 758 610 812 Dei
649 757 828 811 veniat
859 758 923 810 ad
957 759 1252 826 Romanos,
1287 763 1736 818 considerandum
1785 775 1870 820 est

256 851 425 918 quod
489 851 768 918 apostolus
801 851 892 907 Dei
941 854 1006 906 ad
1039 868 1174 922 apus
1222 865 1503 923 sanctum,
1544 857 1596 910 id
1629 866 1710 911 est
1731 871 1868 926 opus

254 938 594 1008 Evangelii,
633 941 1009 1009 prolicisceus,
1042 951 1321 1011 exspectat
1349 945 1519 998 donec
1543 947 1867 1000 obsecratio-

254 1031 439 1085 nibus
473 1032 731 1101 impetret
759 1049 863 1086 nou
894 1034 1067 1089 solum
1115 1034 1227 1104 (57)
1262 1050 1582 1106 prOSperum
1615 1039 1716 1093 sibi
1761 1041 1864 1094 iter

253 1119 414 1183 ﬁeri,
444 1123 546 1176 sed
571 1135 628 1178 et
657 1124 710 1177 in
741 1121 1017 1180 voluntate
1050 1125 1142 1180 Dei
1172 1142 1493 1196 prosperum
1529 1129 1670 1183 ﬁeri.
1707 1130 1863 1188 Unde

249 1220 309 1264 et
365 1211 556 1266 multo
606 1214 776 1282 magis
827 1215 1005 1277 nobis,
1056 1217 1256 1286 quibus
1297 1234 1400 1272 non
1452 1228 1534 1273 est
1564 1221 1645 1273 vel
1679 1224 1861 1291 operis

253 1311 422 1356 tanta
485 1305 570 1358 vel
634 1306 812 1359 meriti
861 1308 1218 1374 conscientia,
1283 1324 1404 1364 cum
1457 1311 1659 1380 aliquid
1697 1327 1860 1382 agere

249 1392 642 1462 disponimus,
680 1409 710 1448 a
738 1393 849 1450 Deo
900 1397 1114 1452 itineris
1152 1402 1490 1468 prosperitas
1540 1401 1854 1470 postulanda

247 1493 362 1537 est.
395 1485 549 1539 Puto
575 1494 751 1564 tamen
779 1488 921 1557 quod
945 1491 1108 1543 etiam
1134 1489 1235 1544 hoc
1265 1491 1436 1543 voluit
1462 1491 1687 1561 intelligi
1713 1494 1856 1562 Apo-

247 1575 466 1642 stolus,
497 1577 630 1646 quia
677 1595 782 1632 non
838 1593 1052 1645 semper
1105 1579 1322 1634 itineris
1373 1583 1706 1651 prosperitas
1759 1584 1852 1641 Dei

1976 422 2096 459 cum
2122 408 2180 461 lit
2204 425 2232 461 a
2265 409 2450 472 Paulo,
2481 422 2534 464 et
2575 411 2690 477 ipse
2734 412 3164 470 consolationem
3201 419 3370 488 capit,
3413 436 3550 489 opus

1974 515 2128 553 suum
2161 501 2375 554 ﬁrmum
2404 512 2458 555 et
2481 504 2676 556 stabile
2725 503 2954 564 videns:
2998 516 3052 560 et
3085 508 3158 562 illi
3203 514 3551 570 consolantur

1973 592 2063 660 qui
2089 595 2395 661 apostolica:
2421 596 2609 664 gratiae
2633 597 2925 666 participes
2958 599 3110 654 liunt.

2043 684 2130 736 15.
2166 683 2305 737 Nola
2339 694 2514 738 autem
2545 703 2631 740 vos
2659 688 2925 756 ignorare,
2961 690 3212 758 fratres’,
3246 693 3371 760 quia
3413 710 3549 763 seps

1969 776 2219 843 proposui
2242 777 2417 830 venire
2440 779 2508 829 ad
2540 794 2626 831 vos
2651 779 2720 847 (et
2768 782 3066 848 prohibitus
3097 801 3208 836 sum
3240 801 3401 852 usque
3448 787 3546 839 ad-

1967 865 2089 937 huc)
2121 878 2172 918 ut
2201 869 2429 937 aliquem
2457 869 2686 934 fructum
2723 873 2942 928 habeam
2966 886 3012 928 et
3055 877 3110 930 in
3140 879 3304 944 vobis,
3337 881 3472 934 sicut
3496 893 3558 935 et.

1967 960 2020 1012 in
2045 960 2245 1010 ra'teris
2266 961 2525 1028 gentibus.
2560 961 2762 1016 Gra’cis
2809 982 2870 1018 ac
2907 967 3146 1022 barbaris
3173 1008 3188 1031 ,
3226 971 3546 1035 sapientibus

1964 1063 2009 1101 et
2062 1050 2428 1112 insipientibus
2487 1052 2692 1106 debitor
2740 1070 2856 1108 sum
2887 1072 2907 1110 :
2933 1059 3007 1111 ita
3056 1061 3194 1127 quod
3229 1062 3282 1114 in
3329 1079 3410 1116 me
3444 1073 3541 1131 est,

1968 1146 2239 1205 promptus
2276 1153 2394 1190 sum
2431 1137 2545 1208 (60)
2582 1151 2631 1194 et
2670 1142 2835 1206 vobis,
2873 1147 2963 1214 qui
3001 1146 3180 1202 Romae
3210 1155 3359 1218 estis,
3388 1169 3550 1207 eaan-

1967 1227 2211 1296 gelisare.
2243 1228 2339 1281 Est
2365 1230 2580 1298 quidem
2611 1242 2662 1286 et
2691 1233 3020 1304 hyperbaton
3052 1241 3103 1293 in
3144 1243 3246 1297 hoc
3275 1245 3424 1308 loro;
3459 1258 3543 1300 est

1960 1332 2014 1376 et
2038 1323 2362 1391 elocutionis
2387 1326 2638 1382 defectio.
2691 1327 2796 1383 Sed
2845 1331 3177 1400 hyperbaton
3230 1334 3332 1389 hoc
3380 1338 3543 1393 modo

1959 1427 2245 1480 possumus
2280 1415 2504 1470 reddere
2550 1434 2563 1468 :
2604 1414 2739 1472 Nolo
2779 1429 2964 1473 autem
2999 1436 3094 1474 vos
3128 1422 3401 1490 ignorare,
3432 1423 3541 1478 fra-

1961 1513 2090 1567 tres,
2117 1506 2244 1572 quia
2273 1520 2414 1574 szrpe
2439 1509 2691 1574 proposui
2739 1511 2928 1563 venire
2968 1512 3034 1564 ad
3069 1527 3189 1574 vos,
3218 1521 3275 1566 ut
3304 1513 3538 1583 aliquem

1957 1593 2193 1647 fructum
2227 1595 2452 1648 habeam
2480 1605 2535 1648 et
2562 1597 2612 1649 in
2648 1599 2815 1658 vobis,
2845 1598 2987 1654 sicut
3007 1609 3060 1652 et
3083 1599 3136 1653 in
3168 1603 3380 1656 caeteris
3409 1619 3541 1674 geu-

245 1669 552 1724 voluntate
589 1671 886 1740 periit-itur.
917 1671 1156 1742 Denique
1179 1684 1234 1727 et
1280 1672 1497 1727 Balaam
1531 1675 1632 1728 iter
1667 1675 1852 1730 habuit
1890 1655 1927 1708 Β
1960 1686 2120 1751 titius,
2155 1685 2360 1740 Graecis
2390 1700 2453 1740 ac
2505 1687 2754 1740 barbaris
2777 1727 2793 1752 ,
2830 1688 3165 1755 sapientibus
3191 1701 3241 1744 οι
3271 1655 3536 1762 ἱηςίρῖοη-

246 1776 592 1829 prosperum
617 1766 778 1817 eundi
816 1765 882 1818 ad
917 1764 1134 1827 Balach,
1163 1775 1220 1818 ut
1271 1765 1619 1820 malediceret
1655 1769 1852 1836 populo

247 1851 425 1907 Israel
461 1855 520 1918 ’ς
555 1856 650 1908 sed
687 1871 790 1910 non
826 1857 925 1912 l'uit
952 1858 1039 1912 illa
1087 1874 1151 1914 ex
1206 1857 1480 1912 voluntate
1511 1860 1689 1914 divina
1720 1875 1846 1930 pro-

243 1945 528 2012 speritas.
569 1947 634 2000 Et
658 1947 812 2001 multi
837 1949 889 2002 in
927 1951 1089 2004 rebus
1119 1951 1301 2006 saeculi
1328 1952 1600 2022 prosperis
1626 1962 1852 2007 utuntur

245 2040 643 2105 successibus,
671 2050 725 2094 et
776 2041 1051 2096 exsultant
1094 2043 1148 2097 in
1197 2045 1654 2114 prosperitatibus
1682 2047 1796 2100 suis
1827 2061 1842 2108 ;

242 2131 340 2184 sed
377 2145 498 2186 non
525 2137 611 2184 est
642 2129 762 2182 talis
808 2132 1141 2199 prosperitas
1181 2147 1245 2186 ex
1280 2133 1555 2189 voluntate
1588 2134 1710 2199 Dei,
1740 2134 1843 2188 nisi

244 2237 368 2276 cum
414 2220 531 2274 tale
564 2229 645 2275 est
693 2236 828 2289 opus
868 2222 1084 2277 itineris
1137 2226 1342 2289 nostri,
1373 2225 1533 2294 quale
1567 2225 1655 2280 hic
1703 2225 1846 2280 desi-

247 2326 378 2382 gnat
413 2312 738 2382 Apostolus.

313 2427 414 2481 12.
461 2426 712 2479 Desidere
751 2427 909 2490 enim,
954 2426 1150 2491 inquit,
1179 2429 1350 2482 ridere
1386 2445 1492 2493 vos,
1531 2439 1584 2482 ttt
1629 2430 1844 2500 aliquod

243 2519 472 2569 trudam
515 2518 656 2569 robis
679 2517 872 2569 donum
899 2517 1140 2586 spiritale
1171 2519 1282 2588 (58)
1321 2520 1390 2572 ad
1420 2520 1838 2588 conﬁrmandum

243 2626 353 2673 eos,
385 2610 453 2661 id
481 2619 583 2671 est,
613 2608 877 2662 consolari
899 2611 952 2662 in
982 2610 1124 2663 vobis
1162 2627 1254 2676 per
1293 2627 1430 2675 eam,
1467 2629 1583 2682 qua:
1620 2614 1838 2668 invicem

239 2709 339 2764 est,
373 2699 550 2766 [idem
584 2708 805 2752 vestram
839 2709 994 2770 atque
1020 2716 1187 2753 meam
1221 2701 1260 2754 ⁸.
1289 2700 1470 2756 Primo
1493 2703 1730 2758 omnium
1758 2704 1840 2759 di-

240 2809 402 2847 scere
443 2791 704 2846 debemus
759 2806 901 2860 opus
948 2805 1064 2846 esse
1119 2792 1474 2861 apostolicum
1526 2794 1838 2850 desiderare

243 2886 480 2948 fratres,
511 2882 606 2936 sed
639 2898 742 2936 non
776 2881 940 2934 aliam
987 2880 1057 2935 ob
1093 2896 1332 2942 causam.
1369 2882 1474 2937 nisi
1510 2893 1566 2936 ut
1593 2883 1679 2939 vel
1707 2900 1838 2940 con-

1958 1775 2122 1838 tibus,
2151 1786 2208 1830 et
2239 1776 2546 1845 prohibitus
2567 1792 2685 1830 sum
2712 1792 2883 1846 usque
2908 1779 3106 1837 adhuc.
3135 1780 3377 1837 Dcl'ectio
3411 1799 3540 1840 vero

1953 1867 2276 1921 elocutionis
2311 1869 2413 1922 hoc
2437 1869 2598 1923 modo
2626 1868 3033 1937 aditnplebitur.
3061 1871 3114 1925 In
3139 1888 3203 1928 eo
3232 1873 3319 1927 ubi
3349 1875 3479 1930 dicit
3519 1893 3535 1929 :

1957 1957 2020 2011 1ιί
2058 1960 2112 2012 iu
2139 1961 2344 2013 caeteris
2365 1961 2626 2030 gentibus,
2667 1960 2867 2016 ercis
2901 1981 2963 2017 ac
2994 1966 3254 2028 barbaris,
3285 1967 3540 2035 sapienti-

1950 2049 2044 2104 bus
2079 2061 2126 2105 et
2167 2053 2571 2119 insipientibus,
2624 2053 2838 2109 videtur
2882 2055 3071 2111 deesse
3108 2058 3314 2127 quibus,
3367 2069 3425 2112 ut
3473 2074 3536 2113 ca

1948 2155 2068 2209 quae
2101 2139 2508 2208 subsequuntur
2532 2143 2612 2197 sic
2639 2137 2907 2212 lcgantur,
2934 2146 3123 2214 quibus
3152 2149 3355 2202 debitor
3373 2166 3487 2203 sum
3513 2169 3534 2217 ,-

1946 2243 2001 2287 et
2047 2232 2120 2287 sit
2175 2233 2295 2286 talis
2322 2236 2705 2302 consequentia
2738 2252 2754 2288 :
2795 2234 2949 2293 Sicut
3009 2237 3237 2291 fructum
3275 2239 3450 2295 habeo
3481 2243 3533 2295 in

1948 2324 2162 2379 caeteris
2191 2326 2464 2395 gentibus,
2497 2327 2701 2382 Graecis
2729 2343 2792 2384 ac
2815 2327 3082 2392 barbaris,
3117 2331 3454 2396 sapientibus
3480 2344 3536 2388 et

1953 2417 2358 2486 insipientibus,
2384 2419 2586 2488 quibus
2632 2419 2845 2474 debitor
2894 2435 3036 2484 sum,
3073 2423 3144 2476 ita
3173 2424 3314 2492 quod
3348 2424 3398 2478 iu
3447 2439 3534 2482 me

1943 2516 2047 2573 est,
2073 2517 2355 2577 promptus
2393 2523 2512 2561 sum
2562 2508 2724 2562 etiam
2773 2509 2950 2576 vobis,
2995 2515 3090 2582 qui
3135 2513 3324 2568 Bonum
3374 2516 3530 2578 estis,

1943 2601 2335 2671 evangelizare.
2380 2599 2660 2670 Nunquam
2709 2605 2851 2655 enim
2911 2606 3052 2672 apud
3103 2605 3264 2660 ullatn
3312 2618 3530 2677 gentem

1941 2693 2131 2748 erubui
2167 2692 2334 2765 (.70
2349 2691 2644 2761 praedicare
2678 2692 3050 2764 Evangelintn,
3073 2698 3203 2766 quia
3235 2699 3410 2754 virtus
3434 2699 3530 2756 Dei

1939 2794 2025 2838 est
2051 2784 2106 2838 in
2138 2798 2203 2838 eo
2229 2786 2295 2839 ad
2321 2784 2549 2839 salutem
2583 2785 2730 2840 omni
2755 2787 3026 2852 credenti,
3051 2787 3238 2844 .ludteo
3266 2791 3527 2860 primum,

1941 2885 1995 2932 et
2013 2875 2231 2944 Graeco;
2259 2877 2384 2948 quia
2413 2877 2462 2931 in
2487 2877 2782 2948 Evangelia
2801 2879 3012 2948 justitia
3039 2881 3132 2936 Dei
3171 2881 3526 2948 reveletur“,

240 2975 500 3030 feramus
555 2974 638 3028 eis
691 2973 893 3043 aliquid
937 2973 1062 3027 doni
1120 2973 1384 3042 spiritalis
1427 2975 1471 3027 si
1525 2989 1835 3043 possumus,
1865 2993 1907 3049 α
1942 2987 2060 3043 qua:
2087 2976 2302 3028 obtecta
2337 2975 2488 3042 prius
2517 2974 2799 3029 velabatur
2823 2975 2875 3028 in
2912 2975 3073 3046 Lege.
3103 2977 3397 3032 Revelatur
3429 2993 3528 3032 au-

239 3066 319 3120 vel
353 3065 408 3120 si
450 3080 562 3119 non
597 3080 905 3132 possumus,
934 3064 1031 3132 ipsi
1055 3073 1113 3118 ut
1143 3063 1476 3133 accipiamus
1504 3065 1572 3120 ab
1598 3065 1684 3120 his
1699 3067 1834 3137 (59).

239 3159 374 3213 Sine
416 3158 528 3211 hoc
559 3157 701 3211 cnim
748 3172 852 3209 non
905 3167 988 3210 est
1039 3156 1316 3226 probabile
1361 3155 1686 3211 desiderium
1738 3159 1840 3212 cir-

237 3248 547 3303 cumeundi
583 3246 805 3304 fratres.
843 3246 995 3313 Quod
1052 3256 1234 3301 autem
1293 3245 1446 3308 dicit,
1497 3256 1552 3300 ut
1621 3249 1837 3318 aliquod

237 3342 463 3395 tradant
515 3339 649 3393 vobis
672 3339 867 3393 donum
895 3339 1133 3407 spiritale
1151 3379 1165 3400 ,
1192 3337 1406 3392 videtur
1451 3338 1692 3392 indicare
1719 3353 1838 3394 csse

236 3431 458 3502 aliquid
487 3431 627 3498 quod
655 3431 854 3482 donum
876 3427 1093 3497 quidem
1117 3428 1208 3491 sit,
1236 3442 1340 3480 non
1370 3436 1544 3480 tamen
1571 3428 1832 3497 spiritale.

237 3521 378 3576 Nam
423 3522 626 3576 donum
660 3521 779 3574 lidci
808 3520 925 3573 sine
945 3518 1105 3572 dubio
1140 3518 1384 3586 Spiritale
1415 3529 1522 3582 est,
1553 3529 1608 3572 et
1635 3519 1832 3573 donum

236 3611 569 3683 sapientia,
595 3620 646 3666 ct
678 3611 942 3677 scientizc,
973 3619 1028 3664 et
1058 3609 1386 3678 virginitatis
1419 3609 1692 3664 similiter.
1733 3609 1832 3665 Ubi

237 3714 430 3759 autem
481 3702 611 3757 dicit
640 3704 707 3756 de
750 3703 950 3769 nuptiis
979 3711 1033 3754 et
1075 3700 1388 3770 virginitate
1426 3700 1656 3768 loquens
1690 3699 1836 3756 :Sed

239 3796 614 3865 unusquisque
645 3795 912 3864 proprium
936 3795 1089 3847 habet
1118 3795 1313 3846 donum
1353 3810 1384 3845 a
1411 3793 1539 3858 Deo,
1570 3794 1711 3848 alius
1728 3795 1828 3861 sie,

236 3889 387 3944 alius
410 3899 590 3942 autem
613 3889 690 3941 sic
711 3888 768 3952 ⁸;
803 3887 1001 3942 donum
1043 3887 1260 3956 quidem
1289 3884 1420 3939 dicit
1443 3899 1565 3940 esse
1593 3888 1832 3956 nuptias,

236 3981 535 4055 quoniam,
572 3980 711 4034 sicut
746 3979 1008 4047 scriptum
1041 3988 1142 4046 est,
1173 3995 1204 4030 a
1239 3977 1345 4031 Deo
1385 3987 1601 4046 aptatur
1638 3979 1832 4033 mulier

237 4074 434 4137 viro“;
467 4074 560 4127 sed
601 4087 706 4126 non
743 4071 1122 4125 istud-donum
1167 4079 1250 4123 cst
1299 4069 1562 4139 spiritale.
1598 4071 1833 4127 Possunt

237 4175 291 4221 et
317 4165 436 4219 alia
479 4167 647 4218 multa
686 4163 825 4216 dona
854 4162 945 4216 Dei
973 4161 1104 4228 dici,
1137 4171 1196 4215 ut
1225 4161 1430 4216 divitia:
1473 4173 1528 4217 et
1570 4162 1830 4220 fortitudo

237 4257 520 4327 corporis,
561 4266 619 4310 ut
653 4256 836 4310 forma:
877 4255 1062 4322 decor,
1096 4264 1155 4309 ut
1201 4269 1424 4323 regnum
1475 4263 1752 4310 terrestre.
1783 4257 1825 4311 Λ

1945 3075 2049 3122 lem
2085 3067 2136 3121 in
2167 3067 2250 3120 bis
2284 3067 2376 3136 qui
2401 3082 2468 3120 ex
2505 3067 2608 3121 lide
2662 3067 2873 3123 Veteris
2897 3067 3229 3124 Testamenti
3259 3071 3325 3124 ad
3365 3071 3525 3125 lidetn

1941 3172 2134 3211 novam
2181 3155 2454 3225 Evangelii
2499 3156 2742 3221 veniunt,
2773 3156 2920 3211 sicut
2962 3167 3018 3211 et
3052 3159 3104 3212 in
3145 3159 3406 3227 propheta
3443 3157 3528 3214 di-

1939 3258 2082 3302 ctum
2118 3249 2285 3314 est“,
2316 3249 2439 3316 quia
2481 3248 2686 3317 justus,
2726 3249 2940 3302 etiamsi
2978 3248 3033 3302 in
3078 3249 3195 3318 lege
3221 3251 3398 3304 adhuc
3433 3250 3526 3318 sit,

1941 3339 2050 3394 Deo
2099 3339 2328 3394 credens
2358 3348 2412 3393 et
2446 3338 2646 3393 famulo
2682 3343 2799 3406 ejus
2845 3339 3036 3408 Moysi,
3059 3357 3125 3394 ea:
3155 3342 3258 3408 ﬁde
3284 3341 3439 3406 vivit;
3472 3351 3528 3396 et

1939 3446 2062 3486 cum
2090 3433 2157 3484 ad
2199 3431 2549 3501 Evangeliutn
2582 3429 2696 3500 (61)
2737 3430 2910 3494 venit,
2941 3446 3004 3485 ex
3039 3432 3144 3486 lide
3187 3431 3346 3501 Legis
3377 3433 3429 3486 in
3463 3434 3526 3486 li-

1939 3528 2060 3577 dem
2095 3522 2299 3578 Christi
2331 3521 2610 3590 dirigitur,
2643 3529 2697 3573 et
2731 3521 2806 3574 ita
2845 3536 2907 3575 ex
2947 3521 3051 3575 ﬁde
3085 3522 3134 3574 iu
3171 3524 3328 3574 tidem
3356 3524 3523 3591 proti-

1937 3615 2196 3677 cit.ll:ec,
2215 3623 2475 3680 quantum
2511 3613 2578 3666 ad
2613 3613 3001 3681 consequentia
3035 3613 3324 3665 verborum
3357 3613 3524 3676 ipsius

1936 3706 2174 3775 Apostoli
2203 3705 2454 3775 pertinet,
2485 3703 2627 3758 dicta
2654 3703 2784 3757 sint.
2815 3699 2969 3756 Nune
3014 3711 3195 3754 autem
3233 3703 3374 3770 quod
3399 3718 3522 3770 spe-

1937 3806 2050 3853 ctat
2075 3797 2142 3850 ad
2199 3795 2610 3864 intelligentiam
2661 3793 3022 3864 requiramus.
3057 3791 3208 3858 Quod
3256 3793 3353 3860 ait,
3395 3792 3522 3862 quia

1933 3905 2070 3958 stupe
2093 3887 2340 3957 proposui
2364 3887 2538 3940 venire
2572 3885 2641 3938 ad
2667 3901 2779 3949 vos,
2811 3883 3137 3938 charitatcm
3169 3897 3320 3938 suam
3357 3898 3520 3952 quam

1934 3996 2062 4051 erga
2113 3980 2390 4034 Romanos
2437 3978 2694 4042 habebat,
2725 3977 2968 4032 ostendit
3015 3975 3152 4046 (ϐᾶ).
3189 3976 3345 4044 Quod
3391 3990 3521 4030 vero

1932 4071 2159 4134 addidit,
2189 4079 2239 4124 et
2268 4069 2564 4136 prohibitus
2587 4085 2702 4122 sum
2737 4085 2901 4139 usque
2944 4067 3144 4131 adhuc,
3201 4069 3246 4123 si
3298 4069 3519 4138 quidem

1932 4172 2152 4232 putetur
2179 4177 2209 4215 a
2242 4163 2352 4216 Deo
2385 4161 2709 4231 prohibitus,
2747 4162 3051 4217 ostenditur
3086 4176 3183 4231 per
3216 4161 3321 4216 hoc.
3353 4163 3518 4216 ctiam

1933 4253 1985 4308 id
2036 4269 2180 4309 cura:
2233 4268 2354 4309 esse
2405 4254 2538 4319 Deo,
2572 4267 2682 4322 quo
2733 4253 3104 4322 unusquisque
3147 4253 3518 4320 apostolorum

239 4349 358 4406 Deo
394 4349 544 4402 enim
579 4349 742 4402 etiam
780 4348 894 4402 hmc
923 4347 1218 4409 donantur,
1265 4347 1406 4401 sicut
1446 4355 1500 4401 et
1528 4346 1716 4404 Daniel
1740 4349 1824 4404 di-
1858 4327 1904 4383 Ῐ)
1933 4347 2016 4402 vel
2051 4347 2242 4401 debeat
2275 4348 2355 4401 ire
2381 4343 2464 4400 vel
2491 4359 2596 4398 nou
2631 4344 2846 4408 debeat,
2871 4353 2925 4398 et
2947 4343 3090 4412 quod
3117 4343 3522 4412 dispensatione

236 4443 314 4497 cit
343 4459 358 4494 :
395 4439 537 4506 Quia
583 4441 691 4510 ipse
729 4439 856 4508 facit
892 4453 1055 4508 reges,
1087 4446 1134 4490 et
1177 4447 1463 4490 commutat
1497 4438 1516 4468 "
1553 4441 1687 4503 ;scd
1719 4455 1825 4494 non

236 4543 378 4587 sunt
404 4533 520 4585 lure
556 4531 694 4585 dona
731 4531 1016 4599 spiritalia.
1068 4528 1220 4582 Beati
1263 4539 1391 4584 sunt
1441 4545 1571 4601 ergo
1602 4531 1676 4585 illi
1709 4533 1828 4601 qui-

238 4625 345 4678 bus
403 4623 701 4692 spiritalem
738 4623 967 4692 gratiam
1008 4623 1221 4677 tradere
1265 4621 1378 4675 vult
1424 4623 1713 4692 Apostolus
1759 4623 1825 4676 ad

238 4715 720 4771 continuationem
760 4714 984 4780 ﬁdei,ut
1014 4714 1152 4769 ultra
1173 4712 1286 4781 jam
1319 4729 1423 4768 non
1455 4715 1564 4769 sint
1588 4717 1824 4785 parvuli,

363 4903 376 4932 '
409 4901 566 4955 llum.
603 4917 644 4963 ι.
670 4901 725 4964 9,
770 4900 859 4954 10.
936 4899 956 4928 ¹
985 4897 1003 4951 l
1029 4897 1190 4952 Thes.
1229 4914 1278 4962 v,
1315 4901 1398 4952 17.

246 4987 369 5034 XIX.
411 4971 504 5034 14,
606 4971 626 5002 "
656 4969 791 5024 Dan.
834 4985 898 5033 tt,
925 4969 1015 5022 2|.
1113 4970 1134 5000 ⁸
1169 4968 1370 5040 Ephes.
1430 4985 1502 5035 tv,
1536 4969 1620 5023 Η.

250 5042 294 5073 ¹²
334 5043 458 5096 Act.
490 5056 601 5104 xvr,
639 5039 693 5093 7.

329 5188 636 5261 (57)AAlia_,
679 5189 830 5257 Quod
881 5200 1144 5245 autem...
1202 5191 1643 5244 considerandum
1690 5192 1829 5261 quod

259 5259 536 5329 Apostolus
577 5259 672 5315 Dei
710 5263 778 5314 ad
827 5278 955 5331 opus
998 5272 1241 5314 sanctum
1289 5261 1562 5326 Evangelii
1614 5259 1714 5331 (al.
1757 5264 1826 5316 ad

256 5347 383 5402 opus
421 5339 684 5402 sanctum,
723 5329 865 5399 opus
894 5329 1184 5400 Evangelii)
1317 5331 1554 5398 imploret
1598 5329 1688 5402 (al.
1733 5335 1831 5385 int-

259 5400 458 5471 pleret;
473 5399 564 5471 31.
589 5401 913 5471 impetraret)
945 5399 1054 5454 non
1081 5399 1270 5464 solum,
1298 5411 1402 5456 etc.

327 5469 440 5543 (58)
473 5468 636 5543 Editi,
662 5468 864 5543 aliquid
883 5471 1274 5541 impartiar(al.
1300 5472 1660 5543 impartiatur)
1690 5475 1828 5526 vobis

261 5539 446 5607 gratite
471 5539 791 5608 spiritualis.

333 5609 444 5680 (δη)
475 5610 644 5680 ᾼΙίςιε,
685 5619 741 5664 ut
772 5611 874 5680 ipsi
904 5610 1172 5675 capiamus
1197 5612 1260 5664 ab
1293 5611 1387 5664 eis.

327 5677 438 5749 (61.1)
465 5677 747 5753 Promptus
771 5677 905 5735 sunt.
933 5679 1024 5735 Sic
1048 5696 1203 5750 ωεδά
1232 5681 1381 5746 editi,
1414 5694 1704 5755 promptum
1733 5695 1828 5741 est.

1478 4901 1497 4930 ³
1528 4899 1683 4952 Num.
1724 4917 1856 4964 nu,
1883 4902 1983 4961 9.2.

1735 4972 1754 5002 ⁹
1800 4972 1955 5027 llotn.
2003 4987 2040 5034 ι,
2083 4965 2281 5022 13-15.

1937 4439 2166 4507 quadam
2209 4437 2329 4490 aliis
2374 4437 2591 4506 quidem
2624 4434 2768 4488 sinat
2815 4433 3096 4504 prtudicari
3142 4431 3252 4501 (63)
3289 4431 3516 4486 verbum

1935 4531 2052 4595 Dei,
2084 4529 2204 4584 aliis
2237 4528 2551 4598 prohibeat,
2578 4525 2720 4580 sicut
2756 4535 2808 4579 et
2857 4525 2984 4578 alibi
3013 4523 3143 4578 dicit
3180 4524 3224 4554 ¹¹
3259 4539 3274 4576 :
3301 4521 3369 4576 Et
3397 4538 3514 4577 cum

1933 4631 2254 4676 tentaremus
2299 4620 2377 4672 ire
2426 4620 2482 4672 in
2534 4617 2878 4688 Bithyniam,
2918 4617 3185 4684 prohibuit
3219 4632 3311 4670 nos
3347 4615 3513 4683 Spiri-

1932 4725 2016 4768 tus
2056 4711 2224 4774 Jesu;
2281 4718 2336 4764 ct
2395 4711 2446 4764 in
2499 4708 2805 4778 Evangeliis
2847 4723 2875 4761 a
2926 4707 3208 4763 Salvatore
3270 4709 3512 4764 dicitur:

2245 4894 2264 4924 ⁵
2298 4892 2452 4947 Roni.
2485 4893 2735 4959 t,11,12.

2393 4963 2436 4993 ¹⁰
2461 4962 2619 5018 llum.
2650 4977 2688 5026 ι,
2740 4963 2928 5018 16-18.

2815 4891 2878 4944 ⁵1
2911 4892 3035 4947 Cor.
3056 4909 3147 4954 vn,
3173 4892 3224 4945 '7.
3302 4892 3323 4920 ⁸
3353 4891 3510 4944 Prov.

2035 4914 2150 4966 St‘q.
2245 4914 2264 4924 '
2300 4914 2452 4947 ιιοῐιι.
2485 4914 2523 4954 1,
2544 4914 2628 4959 τι,
2651 4914 2735 4945 12.
2815 4914 2836 4924 ”
2858 4914 2878 4944 ι
2911 4914 3035 4947 [βυτ.
3056 4914 3147 4954 \‘Il,
3182 4914 3224 4945 Ι.
3304 4914 3323 4920 ⁷
3354 4914 3510 4944 ΙἹἸΝ.

2035 5011 2040 5026 .
2083 4965 2281 5022 15-15.
2393 4962 2619 5018 “llum.
2650 4977 2688 5026 ι,
2740 4963 2928 5018 16-18.
3041 4963 3078 4993 "
3107 4962 3309 5018 liabac.
3359 4976 3422 5026 ll,
3455 4960 3510 5016 4.

2013 5189 2124 5262 (6|)
2161 5189 2240 5244 Ad
2279 5187 2776 5262 Evangelium,_etc.
2815 5188 2904 5262 Sic
2932 5187 3351 5262 mss.‘plerique‘.
3377 5188 3522 5262 Editi

1937 5258 2095 5332 vero,
2119 5271 2308 5332 otius.
2351 5258 2516 5326 unus,
2548 5260 2612 5314 tle
2643 5258 2930 5330 Evangelia
2966 5259 3135 5325 venit,
3164 5275 3230 5314 ea:
3259 5259 3364 5327 ﬁde
3388 5258 3520 5332 legis

1939 5333 1994 5386 in
2023 5331 2126 5400 [ide
2154 5331 2375 5400 Christi.
2407 5340 2512 5387 etc.

2008 5399 2120 5470 (6‘2)
2153 5399 2322 5468 Editi,
2351 5401 2600 5456 innotuit.

2009 5472 2120 5540 (63)
2169 5470 2298 5526 Mss.
2343 5471 2560 5538 plures,
2605 5470 2908 5537 praedicari.
2951 5470 3056 5526 Alii
3097 5487 3226 5526 vero
3265 5479 3318 5526 et
3356 5470 3520 5534 editi,

1934 5541 2449 5612 prtedi_care.anulo
2474 5550 2596 5610 post
2624 5540 2795 5612 editi,
2838 5543 3040 5598 cwteris
3079 5552 3254 5597 autem
3293 5543 3523 5612 parabo-

1933 5613 2022 5667 lis.
2071 5609 2135 5665 Et
2192 5610 2332 5666 infra
2389 5609 2521 5667 mss.
2566 5610 2810 5683 aliquot,
2853 5614 2920 5668 ad
2977 5613 3109 5668 illud
3161 5609 3420 5685 referatur
3457 5614 3522 5674 de

1935 5701 2035 5756 quo
2059 5725 2071 5750 ,
2113 5691 2215 5737 ulc.
3213 5699 3223 5712 '
