3974 6206
536 244 640 302 859

1990 234 2148 290 ORlG
2157 233 2310 290 ENlS

3649 243 3747 304 κω

551 358 704 414 Vobis
720 361 900 414 datum
915 368 986 412 est
1009 358 1050 389 ⁸⁸
1068 370 1216 410 ηοεεε
1243 353 1546 422 mysterium
1562 353 1703 423 regni
1727 352 1844 418 Dei,
1863 352 1981 407 aliis
2009 369 2105 405 au-
2134 355 2177 409 A
2208 351 2394 404 tiosam
2414 389 2427 413 ,
2462 348 2700 403 vendidit
2737 364 2952 414 omnes,
2973 359 3027 404 et
3051 351 3185 405 emit
3220 350 3362 405 illam
3403 366 3556 405 unam
3579 351 3646 419 ¹¹;
3676 354 3736 408 ita

535 461 635 504 teat
665 468 720 505 tn
743 449 1029 519 parabolis,
1054 457 1108 500 ut
1135 446 1362 500 videntes
1385 461 1488 497 non
1507 445 1736 510 videant,
1760 457 1807 499 et
1835 446 2104 499 audientes

533 558 636 596 non
687 543 931 594 audiant.
971 537 1027 591 Si
1062 550 1214 600 vero,
1241 535 1534 602 prohibitus
1558 551 1673 589 sum
1703 552 1866 605 usque
1907 537 2099 600 adhuc,

532 630 601 686 ad
665 628 812 683 illum
868 628 1132 681 referatur
1161 625 1226 680 de
1260 640 1368 694 quo
1395 625 1508 694 ipse
1553 626 1678 681 alibi
1729 627 2101 696 dicit“,quia

529 721 794 790 impedivit
839 735 932 774 nos
983 717 1232 781 Satanas,
1269 727 1639 786 competenter
1668 719 1904 773 ostendit
1944 733 2002 772 se
2048 719 2102 771 in

527 811 866 865 orationibus
902 811 1022 865 sine
1069 809 1470 864 intermissione
1494 819 1725 874 certare,
1765 820 1844 877 ut,
1879 809 2103 864 devictis

527 900 745 956 Satanze
780 902 1197 970 impedimentis,
1249 917 1570 973 prosperum
1609 903 1714 957 iter
1763 902 1879 970 ejus
1920 901 2016 955 ﬁat
2047 901 2099 954 in

525 992 804 1048 voluntate
836 994 926 1048 Dei
957 995 1139 1049 videre
1162 1010 1255 1051 eos
1287 995 1378 1064 qui
1422 994 1608 1050 Roma:
1637 1004 1784 1051 sunt.
1819 993 2101 1049 Desiderat

524 1084 695 1151 enim,
726 1095 784 1140 et
829 1086 883 1140 in
918 1087 1256 1142 orationibus
1292 1089 1585 1143 obsecrare
1635 1103 1738 1141 non
1775 1096 1951 1142 cessat
1979 1085 2097 1139 l'ru-

522 1185 669 1230 ctum
704 1177 937 1248 aliquem
968 1193 1163 1248 capere
1193 1193 1261 1233 ex
1289 1179 1442 1249 ipsis,
1475 1181 1616 1235 sicut
1639 1195 1703 1234 ex
1737 1179 1952 1233 caeteris
1975 1193 2101 1248 gen-

524 1268 687 1324 tibus.
723 1269 872 1324 Unde
895 1269 1041 1325 velut
1061 1270 1352 1326 multarum
1383 1271 1692 1327 divitiarum
1723 1271 1947 1339 cupidus
1963 1269 2097 1324 Pau-

523 1359 624 1424 lus,
656 1376 724 1415 εχ
755 1362 937 1416 multis
973 1363 1386 1418 rationabilibus
1432 1362 1864 1432 possessionibus
1893 1361 2097 1415 reditus

519 1449 790 1504 desiderat
824 1465 1181 1521 c0ngregare.
1225 1450 1529 1521 Congregat
1551 1449 1757 1505 fructus
1779 1466 1843 1504 ex
1871 1450 2092 1515 Grazeis,

517 1551 813 1611 congregat
859 1557 922 1597 ex
970 1543 1220 1598 barbaris
1247 1583 1262 1608 ,
1293 1553 1587 1612 congregat
1635 1557 1698 1597 ex
1734 1543 2090 1613 sapientibus,

516 1633 719 1702 aliquid
747 1637 907 1688 etiam
955 1649 1022 1687 ex
1066 1633 1444 1702 insipientibus
1484 1633 1778 1704 colligit”,
1819 1634 1944 1688 dum
1969 1634 2090 1690 aliis

517 1735 775 1794 tanquam
797 1724 1048 1792 perlectis
1068 1725 1390 1794 sapientiam
1415 1726 1673 1795 loquitur,
1694 1727 1817 1781 aliis
1832 1737 2086 1797 tanquam
2120 1711 2162 1766 Β

515 1816 898 1886 insipientibus
933 1816 1066 1870 nihil
1117 1817 1266 1870 aliud
1314 1817 1456 1871 scire
1495 1831 1552 1871 se
1598 1817 1749 1883 dicit,
1781 1818 1882 1872 nisi
1931 1818 2089 1872 Chri-

513 1918 656 1962 stum
691 1907 900 1972 Jesum,
935 1916 989 1963 et
1013 1909 1157 1964 hunc
1206 1908 1524 1963 cruciﬁxum
1559 1909 1640 1976 ’σς
1675 1911 1799 1965 dum
1850 1911 1986 1966 alios
2019 1927 2085 1967 ex

511 1999 655 2071 Lege
692 2011 746 2056 et
787 2000 1070 2070 Prophetis
1109 2002 1285 2068 docet,
1333 2003 1470 2057 alios
1505 2005 1674 2074 signis
1705 2015 1760 2058 et
1799 2006 2087 2061 virtutibus

509 2091 720 2147 suadet.
774 2092 973 2147 Verum
1023 2093 1122 2148 hos
1183 2108 1371 2150 omnes
1431 2095 1639 2151 fructus
1671 2095 1827 2152 atiert
1857 2098 2083 2165 Paulus,

508 2182 634 2250 quia
673 2192 926 2252 tanquam
966 2183 1169 2252 palmes
1190 2185 1366 2240 bonus
1406 2197 1686 2256 permanet
1708 2189 1760 2242 in
1795 2190 1902 2246 vite
1932 2205 2080 2257 vera,

2207 443 2328 510 quis
2367 459 2396 494 a
2426 443 2673 510 pluribus
2705 440 2970 496 l'rttctibus
3015 442 3283 511 incipiens
3309 482 3324 507 ,
3357 439 3424 497 ad
3456 460 3606 497 unum
3637 461 3736 514 per-

2209 533 2457 588 fectionis
2486 533 2709 587 tendere
2737 531 2899 586 debet
2929 533 3185 588 fructum.
3207 533 3598 604 Requirendum
3620 551 3736 591 nunc

2204 636 2287 678 est
2318 626 2587 695 quomodo
2609 625 2898 692 Apostolus
2941 625 3145 680 Grmcis
3175 637 3229 681 et
3253 626 3523 690 barbaris,
3553 629 3736 698 sapien-

2207 715 2348 770 tibus
2396 725 2450 770 et
2487 715 2865 784 insipientibus
2907 715 3123 770 debitor
3164 725 3268 772 est.
3319 717 3462 782 Quid
3510 717 3635 772 enim
3679 718 3736 773 ab

2204 809 2334 878 ipsis
2359 820 2666 879 acceperat,
2720 809 2859 863 unde
2905 809 2984 864 eis
3029 807 3241 864 debitor
3285 808 3441 864 ﬁeret
3473 807 3497 861 i
3528 809 3735 865 Arbitror

2203 902 2432 956 diversis
2472 903 2689 971 quidem
2738 901 2990 970 gentibus
3040 901 3164 957 inde
3207 918 3331 958 eum
3364 901 3606 958 effectum
3637 919 3732 961 esse

2203 998 2523 1062 debitorem,
2543 997 2685 1067 quod
2711 996 2952 1052 onmium
2979 997 3220 1068 gentium
3245 998 3444 1066 linguis
3467 999 3731 1071 eloqui(68)

2203 1090 2412 1158 accepit
2440 1105 2534 1158 per
2555 1091 2786 1159 gratiam
2809 1089 3047 1160 Spiritus
3073 1090 3268 1155 sancti,
3305 1091 3450 1145 sicut
3477 1100 3531 1146 et
3559 1092 3654 1161 ipse
3671 1095 3731 1148 di-

2199 1181 2273 1234 cit
2303 1195 2318 1232 :
2351 1178 2600 1234 Omnium
2638 1190 2866 1235 uestrum
2907 1181 3072 1249 magis
3093 1181 3286 1250 linguis
3313 1179 3501 1251 loquor
3532 1183 3594 1236 ".
3623 1183 3730 1250 Quia

2201 1284 2332 1338 ergo
2352 1267 2660 1337 linguarum
2684 1269 2933 1323 notitiam
2965 1284 3068 1326 non
3088 1286 3187 1340 pro
3204 1285 3260 1324 se
3274 1271 3394 1340 quis
3409 1271 3541 1340 (69).
3557 1273 3638 1328 sed
3655 1289 3730 1342 pro

2199 1360 2282 1414 his
2304 1360 2504 1429 quibus
2530 1361 2934 1429 prtedicandum
2976 1373 3059 1418 est
3089 1363 3308 1432 accipit,
3345 1362 3556 1418 debitor
3591 1366 3730 1418 omni-

2197 1451 2298 1504 bus
2320 1450 2424 1504 illis
2450 1449 2679 1505 elIicitur
2705 1469 2936 1522 quorum
2971 1455 3182 1524 accepit
3209 1470 3240 1508 a
3275 1453 3385 1508 Deo
3408 1453 3594 1524 lingua:
3617 1460 3733 1512 noti-

2199 1542 2351 1596 tiaut.
2392 1542 2746 1610 Sapientibus
2790 1554 2974 1599 autem
3017 1545 3248 1600 elIicitur
3286 1547 3500 1600 debitor
3535 1561 3621 1614 per
3652 1546 3730 1600 hoc

2195 1634 2338 1701 quod
2376 1635 2586 1703 accepit
2621 1636 2947 1704 sapientiam
2981 1637 3034 1690 in
3079 1637 3338 1708 mysterio
3374 1637 3730 1696 absconditam,

2195 1739 2355 1792 quam
2379 1723 2633 1793 perfectis
2664 1735 2719 1781 et
2753 1729 3085 1797 sapientibus
3119 1729 3456 1798 loqueretur.
3490 1729 3730 1794 Quomodo

2196 1823 2374 1869 autem
2420 1825 2474 1870 et
2525 1816 2952 1887 insipientibus?
2988 1820 3040 1874 ln
3073 1835 3178 1889 quo
3219 1821 3496 1891 patientia:
3537 1819 3729 1890 gratiam

2194 1915 2250 1959 et
2279 1905 2705 1976 longanimitatis
2735 1911 2960 1979 accepit.
2988 1913 3227 1966 Summa:
3255 1912 3458 1968 etenim
3498 1908 3730 1979 patientia

2192 2010 2277 2053 est
2302 1998 2444 2054 ferre
2475 2001 2841 2070 insipientium
2881 2014 3078 2059 motus.
3114 2004 3434 2060 Gratissime
3465 2012 3632 2057 autem
3657 2000 3730 2052 ad-

2193 2089 2325 2144 didit
2365 2091 2418 2144 in
2457 2093 2910 2160 consequentibus
2941 2116 2953 2149 :
2985 2093 3071 2148 Ita
3099 2098 3236 2164 quod
3267 2095 3324 2148 in
3354 2110 3433 2147 me
3467 2102 3538 2146 est
3586 2106 3731 2160 prors-

2189 2190 2306 2248 ptus
2337 2197 2453 2234 sum
2481 2191 2530 2235 et
2550 2183 2686 2235 nobis
2714 2183 3430 2252 euangelizaresl’romptum
3453 2197 3509 2237 se
3532 2195 3644 2235 esse
3671 2189 3732 2234 te-

2189 2281 2366 2325 statur
2395 2274 2486 2342 qtti
2530 2273 2641 2342 (70)
2675 2283 2728 2328 et
2754 2273 2880 2328 alibi
2929 2275 3063 2328 dicit
3111 2274 3220 2330 :Si
3267 2274 3442 2328 rolens
3491 2277 3585 2326 Itoc
3634 2287 3727 2338 ago,

2188 2365 2476 2416 mercedem
2525 2365 2690 2418 habeo
2712 2366 2776 2419 ’³.
2822 2367 3112 2435 Promptus
3157 2366 3304 2421 enim
3351 2366 3469 2434 quis
3500 2374 3581 2418 est
3632 2380 3731 2433 pru-

2188 2456 2443 2511 dentibus
2475 2457 2641 2524 loqui.
2673 2458 2748 2511 De
2776 2457 3152 2527 insipientibus
3177 2471 3306 2511 vero
3330 2457 3652 2511 sentiendum
3666 2465 3731 2508 est

2188 2548 2316 2601 illud
2353 2551 2492 2616 quod
2528 2548 2698 2601 dicit:
2732 2546 2790 2602 Si
2828 2559 3001 2601 autem
3056 2547 3252 2600 invitus
3291 2546 3608 2614 dispensatio
3628 2543 3729 2596 mihi

2184 2639 2382 2692 credita
2405 2651 2478 2692 est
2505 2656 2524 2704 ;
2549 2650 2598 2692 et
2632 2655 2645 2691 :
2683 2638 2770 2694 νω
2793 2641 2921 2693 mihi
2949 2649 3023 2693 est
3053 2639 3097 2694 si
3125 2656 3225 2692 non
3259 2638 3730 2707 erangelizar-ero“.

2256 2731 2342 2786 14.
2383 2730 2503 2785 Non
2531 2732 2672 2786 enim
2726 2733 2970 2786 erubesco
3005 2731 3372 2802 Erangelium.
3420 2729 3593 2785 Virtus
3617 2731 3728 2783 enim

2184 2822 2280 2875 Dei
2322 2833 2394 2876 est
2447 2823 2499 2875 in
2531 2823 2751 2877 salutem
2806 2823 2949 2876 omni
2995 2824 3222 2876 credenti
3271 2823 3339 2877 ³⁸.
3390 2821 3545 2876 Multa
3592 2820 3724 2894 471

505 2286 627 2341 quae
667 2283 751 2328 est
782 2273 1064 2342 Christus,
1105 2290 1260 2345 quem
1309 2277 1650 2347 frequentius
1694 2279 1854 2335 Pater
1889 2291 2084 2350 purgat

505 2363 764 2434 agricola,
803 2373 856 2420 et
892 2367 1012 2421 ideo
1049 2367 1282 2424 fructum
1329 2369 1622 2438 plurimum
1662 2371 1817 2426 all‘ert
1849 2373 1910 2426 ⁸⁷.
1941 2373 2079 2426 Pur-

505 2463 594 2522 gat
628 2464 804 2508 autem
832 2472 955 2510 eum
999 2458 1050 2510 in
1085 2458 1381 2523 laboribus,
1430 2460 1481 2514 in
1527 2461 1989 2530 tribulationibus,
2025 2464 2078 2517 in

501 2547 989 2612 persecutionibus.
1036 2549 1174 2604 Sunt
1223 2554 1368 2605 enim
1405 2551 1516 2622 (64)
1550 2553 1637 2606 alii
1688 2554 1955 2624 palmites,
1986 2557 2076 2626 qui

502 2634 556 2688 in
590 2639 700 2692 vite
728 2639 942 2707 quidem
969 2652 1308 2708 permanent,
1327 2641 1562 2696 fructum
1587 2659 1712 2699 vero
1736 2661 1840 2700 non
1865 2646 2075 2714 ferunt,

499 2729 594 2782 sed
625 2740 753 2785 sunt
775 2731 932 2786 aridi.
976 2732 1050 2786 Ex
1082 2737 1276 2802 quibus
1315 2747 1439 2790 sunt
1470 2737 1542 2790 illi
1578 2737 1667 2806 qui
1706 2739 1924 2794 nomine
1954 2741 2076 2809 qni-

497 2817 620 2872 dem
656 2830 976 2886 permanent
1004 2822 1053 2876 in
1079 2824 1315 2887 Christo,
1348 2826 1607 2892 operibus
1631 2839 1813 2881 autem
1852 2838 1907 2882 et
1936 2828 2076 2883 aczi-

498 2909 598 2962 bus
633 2908 952 2978 infructuosi
987 2912 1338 2969 inveniuntur
1358 2927 1409 2970 et
1426 2915 1566 2972 aridi
1586 2917 1968 2988 ;quidicuntur
1982 2935 2076 2977 ex-

2190 2915 2395 2982 qnidem
2429 2914 2627 2984 probra
2662 2914 2921 2968 adversus
2951 2915 3300 2984 Evangelium
3340 2915 3389 2968 in
3435 2914 3584 2968 initio
3616 2929 3728 2981 prae-

497 2997 604 3051 cidi
637 3013 666 3052 a
702 2999 863 3055 Patre
904 3002 1050 3072 (65),
1082 3012 1138 3057 et
1189 3004 1241 3058 in
1290 3004 1468 3074 ignem
1511 3010 1672 3063 mitti,
1731 3010 1885 3066 sic“;
1927 3013 2068 3068 enim
2109 3063 2146 3074 Α
2181 3003 2471 3058 dicationis
2513 3015 2700 3057 exorta
2750 3013 2919 3057 sunt:
2953 3004 3048 3058 sed
3095 3005 3296 3059 Paulus
3337 3007 3637 3074 patientiam
3659 3005 3728 3056 di-

497 3084 706 3156 primus
735 3087 896 3144 homo
911 3063 1092 3146 ‘Adam
1132 3093 1258 3148 vitis
1291 3063 1534 3163 quaedam
1563 3098 1680 3163 fuit,
1712 3111 1766 3153 et
1795 3101 1946 3156 radix
1972 3102 2073 3155 ltu-
2103 3063 2148 3123 Ο
2181 3095 2382 3149 dicem!
2413 3110 2442 3147 a
2482 3094 2758 3163 ιποριιειίε
2797 3095 3140 3150 ἀίοοηιίὶιυεε
3179 3095 3360 3150 Name
3393 3098 3520 3150 υὲηεί
3565 3114 3725 3164 0mm-

497 3181 641 3233 mani
674 3183 910 3250 generis,
948 3199 1068 3252 qua:
1110 3186 1290 3241 attulit
1322 3191 1584 3258 quosdam
1629 3191 1846 3260 quidem
1885 3195 2072 3262 palmi-
2178 3187 2305 3240 ὸνίὶε
2331 3202 2530 3246 eorum:
2565 3201 2725 3254 ηειιιιε
2747 3186 2943 3238 “dalis
2973 3187 3446 3257 ειηειίοηῑὺιωοι)
3472 3187 3721 3252 eorum“;

496 3276 577 3323 ιθε
602 3268 930 3338 fructuosos.
957 3284 1016 3327 ιιι
1045 3273 1200 3341 Selh,
1251 3277 1423 3342 Enos,
1458 3277 1643 3333 Ettoch
1687 3280 1819 3350 (66),
1861 3292 1915 3336 et
1951 3283 2077 3338 reli-
2178 3287 2230 3332 et
2261 3279 2468 3333 sciebat
2493 3278 2635 3349 quod
2669 3277 3018 3346 Evangelium
3047 3279 3369 3348 praedicaret
3403 3297 3498 3333 non
3527 3281 3586 3333 in
3619 3295 3722 3333 sua-

495 3375 630 3428 quos
679 3378 851 3432 usque
902 3364 967 3418 ad
1011 3365 1160 3432 Noe;
1194 3367 1332 3423 alios
1381 3378 1562 3424 autem
1625 3370 1989 3428 infructuosos
2020 3383 2074 3429 et
2175 3371 2329 3423 sortis
2357 3370 2604 3422 ltuntanw
2627 3371 2904 3437 sapientia:
2934 3371 3122 3434 verbis,
3148 3375 3236 3424 sed
3271 3373 3325 3424 in
3357 3373 3539 3426 virtute
3572 3370 3722 3440 Spiri-

495 3445 740 3514 intttiles,
766 3458 820 3502 ut
853 3450 1005 3517 Cain,
1044 3461 1098 3506 et
1129 3468 1346 3515 omnem
1389 3471 1509 3526 quae
1542 3475 1607 3512 ex
1646 3460 1759 3528 ipso
1793 3475 2070 3531 procreata
2176 3470 2260 3512 tus
2286 3460 2352 3512 ’⁷.
2383 3459 2651 3512 Deliniens
2673 3471 2801 3526 ergo
2833 3458 2960 3525 quid
2994 3458 3063 3511 sit
3102 3459 3473 3528 EVangelium,
3502 3471 3720 3527 pronun-

492 3549 578 3592 est
600 3542 824 3611 stirpem
865 3559 878 3592 :
920 3544 995 3598 ita
1041 3546 1180 3600 etin
1220 3547 1460 3616 Christo,
1498 3552 1587 3618 qui
1619 3563 1703 3608 est
1747 3556 2070 3610 novissimus
2176 3551 2310 3605 tiat:
2353 3547 2527 3602 Virtus
2565 3549 2724 3612 enim,
2775 3549 2970 3616 inquit,
3008 3548 3101 3602 Dei
3147 3560 3225 3602 est
3266 3554 3321 3603 in
3359 3551 3579 3604 salutent
3604 3550 3720 3602 omni

492 3630 688 3697 Adam,
724 3644 852 3688 sunt
877 3637 1094 3705 quidam
1119 3640 1368 3707 palmites
1388 3641 1673 3710 ft'uctuosi,
1708 3645 1928 3701 velutin
1965 3649 2072 3702 vite
2174 3643 2427 3706 credenti,
2469 3640 2662 3694 Juda'o
2703 3641 2930 3708 primum
2981 3653 3027 3694 et
3074 3639 3256 3694 (ἰν-ωεο
3298 3643 3362 3698 ’⁸.
3408 3643 3556 3708 Quod
3585 3641 3718 3706 dixit,

487 3735 615 3774 vera
671 3723 1109 3795 fructiticantes;
1164 3730 1380 3799 quidam
1439 3749 1568 3790 vero
1611 3736 1748 3790 aridi
1800 3750 1854 3792 et
1911 3739 2072 3795 Patre
2173 3739 2338 3789 virtus
2371 3733 2468 3786 Dei
2501 3741 2574 3786 est
2619 3733 2671 3784 in
2713 3732 2975 3795 salutem,
3026 3732 3236 3786 videtur
3266 3735 3553 3789 Ostendere
3586 3733 3722 3804 quasi

490 3815 730 3882 agricola
783 3820 1090 3878 excidendi.
1127 3820 1232 3876 Sed
1269 3833 1324 3878 et
1365 3825 1492 3880 illud
1525 3828 1922 3884 observandum
1963 3843 2065 3898 est,

2190 3824 2242 3877 ill
2274 3823 2453 3889 aliqua
2486 3822 2658 3874 virtus
2691 3819 2782 3873 Dei
2809 3836 2930 3888 qua:
2963 3837 3066 3874 non
3095 3823 3167 3878 sit
3191 3822 3256 3876 ad
3276 3823 3527 3889 salutem,
3551 3829 3634 3878 sed
3662 3823 3719 3874 ad

489 3907 632 3970 quod
673 3908 928 3975 singulari
976 3928 1206 3967 numero
1247 3917 1536 3983 Apostolus
1585 3920 1852 3976 bonorum
1895 3926 2069 3977 nomi-

2190 3913 2551 3968 terditionem.
2605 3911 2719 3966 Scit
2756 3913 2956 3982 quippe
3002 3924 3056 3967 et
3091 3915 3142 3968 in
3176 3917 3438 3985 propheta
3485 3917 3714 3984 scriptum

490 4005 582 4045 nat
607 3995 857 4062 (natatum,
887 4000 1032 4052 sicut
1057 4012 1112 4054 et
1135 4003 1261 4058 alibi
1292 4005 1370 4061 “z
1403 4006 1636 4064 Fructus
1675 4023 1848 4065 autent
1895 4012 2066 4082 Spiri-

2190 4021 2328 4060 tsse:
2359 4005 2423 4058 Et
2463 4022 2644 4073 eruca,
2671 4007 2834 4058 virtus
2866 4006 2978 4078 (79.)
3017 4024 3130 4061 mea
3166 4025 3360 4079 magna
3383 4012 3447 4076 ²’;
3478 4021 3530 4066 et
3550 4013 3713 4063 iterum

489 4091 571 4133 tus
603 4092 677 4133 εει
709 4084 962 4148 cltaritas,
995 4093 1275 4160 gaudium,
1303 4112 1446 4162 pax;
1477 4115 1640 4166 opera
1673 4115 1852 4156 autem
1883 4105 2066 4160 carnis

2194 4116 2225 4151 ιι
2259 4098 2489 4153 Psalmis
2523 4099 2653 4152 dicit
2685 4116 2698 4151 :
2743 4095 2809 4150 In
2833 4099 3023 4151 virtute
3047 4108 3138 4153 tua
3157 4101 3401 4171 disperde
3433 4102 3548 4154 illos
3579 4101 3637 4164 ⁸⁶;
3669 4107 3711 4151 et

486 4186 608 4263 qua:
652 4174 983 4243 exprobrat,
1027 4179 1310 4246 pluraliter
1354 4187 1560 4254 profert
1591 4190 1652 4241 ‘9.
1683 4190 1832 4256 Quod
1865 4194 1908 4247 si
1945 4196 2068 4263 quis
2170 4192 2291 4246 ideo
2339 4191 2430 4246 hic
2460 4191 2630 4244 dicit:
2679 4187 2856 4242 Virtus
2904 4189 2998 4244 Dei
3049 4192 3103 4244 in
3147 4192 3393 4246 salutem.
3445 4191 3710 4246 Videndum

485 4262 710 4332 objiciat
735 4267 867 4323 illud
902 4274 1042 4340 quod
1079 4273 1130 4328 in
1156 4273 1372 4332 Psalnto
1393 4282 1650 4350 scriptum
1681 4296 1764 4340 est
1790 4289 1854 4352 ὀ,
1892 4262 2066 4342 Labu-
2169 4297 2252 4338 est
2275 4298 2404 4353 ergo
2429 4298 2496 4337 ne
2521 4283 2660 4337 forte
2681 4296 2903 4356 propter
2927 4285 3058 4340 istas
3083 4285 3343 4338 virtutum
3370 4286 3459 4338 Dei
3489 4283 3710 4338 diﬁcren-

485 4371 564 4464 res
595 4360 860 4425 fructuum
886 4373 1094 4417 tuorum
1124 4369 1483 4437 manducabis,
1511 4388 1606 4441 pro
1638 4376 1778 4431 bono
1801 4388 1852 4431 et
1880 4380 2062 4448 plura-
2099 4412 2138 4464 ο
2171 4377 2273 4430 tias
2296 4379 2487 4431 dextra
2511 4384 2565 4430 et
2589 4378 2810 4432 sinistra
2842 4377 2894 4432 iit
2924 4378 3030 4430 Deo
3053 4376 3378 4446 appelletur,
3413 4387 3469 4431 ut
3494 4377 3646 4430 virtus
3664 4373 3706 4425 in

483 4447 606 4501 liter
629 4449 830 4505 dictmn
863 4471 877 4520 ;
907 4457 1188 4512 sciendum
1213 4471 1296 4513 est
1325 4464 1465 4530 quod
1489 4464 1629 4521 sicut
1656 4467 1700 4522 is
1724 4470 1812 4537 qui
1843 4447 2053 4534 marga-
2099 4447 2137 4464 ν
2166 4470 2395 4523 salutem
2427 4471 2617 4523 dextra
2642 4469 2779 4539 t-jns,
2807 4480 2861 4523 et
2884 4470 3057 4523 virtus
3077 4471 3127 4523 in
3160 4486 3264 4540 qua
3301 4470 3571 4539 disperdit,
3600 4465 3708 4521 sini-

483 4541 617 4597 ritas
650 4547 1026 4615 negotiabatur
1051 4551 1163 4622 (b7)
1198 4553 1399 4622 plures,
1432 4557 1710 4614 inveniens
1741 4577 1899 4615 uuam
1933 4577 2060 4631 pre‘
2166 4572 2276 4616 stra
2313 4563 2549 4617 dicatur.
2589 4562 2696 4617 Sed
2724 4573 2776 4616 et
2803 4562 2934 4616 illud
2963 4563 3356 4617 advertendum
3383 4574 3484 4627 est,
3511 4560 3706 4614 neforte

555 4678 1082 4767 ’Zlattc..!ttl,.10.m
1113 4686 1191 4740 “l
1221 4686 1482 4767 Ilios._tt,
1512 4693 1597 4747 l8.
1678 4695 1718 4726 ³⁵
1753 4695 1768 4748 l
1804 4697 1927 4754 (lor.
1957 4716 2014 4762 Il,
2046 4700 2079 4753 ‘2

2253 4699 2295 4729 ¹⁶
2324 4697 2478 4753 ltotn.
2514 4715 2601 4764 xv,
2635 4698 2689 4761 9,
2721 4700 2807 4754 l6.
2887 4699 2929 4729 ¹⁷
2956 4697 3115 4752 Joan.
3145 4713 3235 4763 xv,
3274 4700 3330 4758 l,
3356 4715 3469 4767 seq.
3541 4696 3579 4731 "
3602 4691 3703 4767 Gs].

479 4749 671 4833 χ.
731 4751 1106 4833 ἱῒίξιΙιᾸῦ.
1221 4749 1670 4833 ’ξἈΡδυΙηὸεκνιῃ
1712 4767 1765 4820 2.
1872 4749 2086 4824 “vlt—laud

2202 4785 2284 4830 Ill,
2312 4749 2544 4833 43,16."
2588 4749 2601 4764 ’
2627 4749 2874 4828 ’.δι-(ἱὸν.
2907 4749 3168 4828 nivalis.”
3194 4749 3199 4750 ν
3223 4749 3235 4763 ’
3255 4749 3504 4822 ’δἸήάὸνι.
3534 4749 3700 4826 ιεξΠ.

475 4820 812 4908 ξέῃίνιιίάεήίϐ.
889 4825 933 4855 ³⁵
972 4826 1128 4881 Rom.
1167 4844 1207 4892 I,
1241 4829 1327 4882 16.
1405 4832 1450 4861 ³⁵
1489 4833 1589 4888 ιευ,
1642 4820 1692 4890 ιξι
1717 4880 1730 4906 ,
1768 4840 1817 4892 7,

2190 4855 2244 4901 ιι,
2272 4820 2399 4892 ’15ζ’
2453 4820 2683 4894 ’i‘iltom.
2704 4820 2774 4908 ‘1,
3009 4820 3053 4868 ³⁵
3080 4820 3218 4893 loel.
3263 4820 3479 4906 11,93."
3510 4839 3552 4869 ³⁸
3576 4820 3698 4889 Psal.

470 4840 812 4946 L'llttluiqlu.
890 4840 933 4855 η
972 4840 1128 4881 ttom.
1167 4844 1207 4892 l,
1241 4840 1327 4882 tu.
1405 4840 1450 4861 '°
1489 4840 1589 4888 lsa.
1642 4853 1692 4890 LI
1717 4880 1730 4906 ,
1768 4840 1817 4892 7.
1897 4840 1938 4870 ³⁷
1973 4843 1988 4894 ε
2019 4844 2142 4894 Cor.
2183 4855 2244 4901 tt.
2291 4841 2374 4892 l3-

513 4906 626 4946 vu.
705 4931 752 4946 -.

1405 4832 1450 4861 ³⁵
1489 4833 1589 4888 lsa.
1642 4853 1692 4890 LI
1717 4880 1730 4906 ,
1768 4840 1817 4892 7.

2161 5020 2321 5097 16359,
2363 5020 2642 5097 Promptus
2677 5023 2814 5097 enirn
2836 5024 3046 5097 quidem
3076 5037 3171 5088 est,
3198 5036 3306 5080 etc.
3341 5027 3403 5080 Et
3431 5026 3572 5097 paulo
3596 5032 3696 5094 post

2159 5093 2586 5163 editi,sciendu_m
2617 5101 2693 5144 est
2721 5094 2946 5148 illud....
2985 5096 3032 5148 si
3063 5105 3236 5149 autem
3271 5093 3693 5163 inrito'dispensa-

2159 5166 2229 5215 tio
2262 5166 2363 5214 ista
2391 5161 2588 5233 credita
2613 5172 2686 5215 est
2721 5163 2870 5216 ini/ti.
2909 5163 3059 5218 Unus
3088 5179 3119 5218 e
3156 5181 3286 5220 mss.
3331 5161 3690 5233 ttostrithabet

2155 5234 2351 5296 etiam,
2383 5231 2653 5284 sciendum
2683 5243 2754 5286 est
2787 5234 2960 5300 illud;
2988 5238 3082 5290 sed
3123 5238 3338 5291 caeteris
3387 5250 3501 5291 mss.
3527 5231 3575 5288 et
3599 5232 3690 5286 lino

2161 5303 2330 5357 banus
2368 5310 2425 5354 ut
2466 5302 2518 5355 in
2558 5311 2725 5355 textu.

2215 5371 2340 5493 ΑΗ)
2385 5369 2477 5426 Sic
2501 5387 2631 5428 mss.
2665 5383 2719 5428 et
2743 5371 3022 5432 Rabanus.
3060 5376 3200 5431 Editi
3235 5392 3381 5442 vero,
3408 5371 3684 5448 persecutio-

2247 5460 2324 5493 us.

2159 5459 2324 5496 mnus.

2230 5512 2343 5580 (7‘2)
2387 5512 2527 5582 Editi
2558 5523 2612 5566 et
2645 5528 2744 5567 ms.
2776 5530 2934 5577 unus,
2967 5528 3014 5571 et
3047 5520 3146 5572 erit
3179 5520 3364 5582 virtus,
3390 5531 3480 5573 etc.
3509 5511 3686 5568 Deinde

2157 5583 2304 5648 editi,
2331 5585 2384 5635 in
2415 5581 2649 5662 Psalmis
2667 5585 2880 5641 dicitur.
2911 5586 3219 5645 Sedeat-teri
3241 5581 3370 5645 mss.
3393 5599 3436 5646 et
3460 5585 3680 5640 [tabanus

2156 5661 2302 5707 recte
2325 5660 2380 5707 ut
2413 5660 2469 5709 tn
2496 5661 2663 5710 textu.

547 5009 660 5079 (64)
693 5011 789 5067 Ms.
825 5029 985 5079 unus,
1013 5014 1145 5070 Sunt
1171 5030 1365 5073 autem.
1397 5019 1591 5074 Castori
1637 5036 1766 5074 mss.
1799 5031 1852 5076 et
1896 5022 2047 5085 editi,

475 5079 609 5135 Sunt
642 5085 800 5137 enim.

536 5149 657 5220 (65)
699 5160 738 5204 Α
778 5151 960 5208 Patre.
996 5153 1117 5209 Huic
1147 5157 1254 5210 duo
1293 5162 1452 5212 verba
1490 5161 1685 5214 desunt
1719 5161 1770 5214 in
1801 5163 1977 5216 editis.

543 5219 658 5290 (66)
699 5222 902 5279 Enoclt.
928 5224 982 5278 ltt
1017 5229 1126 5279 edit
1150 5243 1174 5279 s
1205 5229 1564 5283 desideratur.

545 5290 657 5366 (6])
698 5292 857 5360 Editi,
894 5296 1210 5363 negotiatur.
1249 5297 1451 5354 Deinde
1495 5317 1595 5355 ms.
1630 5315 1791 5366 unus,
1827 5303 2049 5357 venditis

474 5361 714 5412 omnibus
749 5370 895 5424 emit,
927 5361 1034 5420 etc.

547 5428 657 5505 ιρις)
697 5429 910 5505 ιςιοᾳιιί,
941 5435 1106 5500 Editi,
1140 5436 1366 5505 eloquia,
1397 5440 1554 5495 male.

545 5499 659 5566 (litt)
701 5499 850 5565 Quis.
890 5504 1048 5559 Deest
1077 5499 1127 5560 in
1157 5499 1338 5562 editis.

545 5565 1092 5654 (70).lip‘b:tttus,_rlrii.
1130 5575 1258 5654 Mss.
1291 5578 1493 5654 plures,
1516 5581 1699 5654 quia.__
1720 5583 1816 5638 Ms.
1847 5576 2047 5654 llcgius

471 5650 626 5691 num.
657 5637 792 5692 1659
826 5650 880 5695 et
908 5637 1059 5710 editi,
1092 5649 1255 5712 quod.
1289 5637 1491 5706 Deinde
1527 5637 1636 5708 'ms.
1667 5637 1865 5724 Regius
1892 5637 2044 5712 nitur.
