3936 6196
148 278 302 339 861

1168 279 1525 336 COMMENT.
1565 278 1631 334 IN
1665 277 1887 335 EPIST.
1927 277 2019 333 AD
2058 281 2224 340 ROM.
2267 281 2394 335 LIB.
2439 281 2479 337 l.

3365 284 3470 340 862

151 399 335 467 quia
361 397 610 453 Cbristus
654 397 826 451 virtus
863 396 954 450 Dei
997 397 1199 454 dicitur
1244 400 1308 466 ",
1354 409 1408 454 et
1434 399 1790 471 Evangelium
1823 403 1868 458 Α
1899 410 2028 454 nent
2057 401 2299 470 quidem,
2343 403 2438 456 sed
2488 400 2541 455 in
2595 397 2857 468 injustitia
2888 413 3008 455 eam
3046 399 3293 456 detinent
3333 401 3473 475 (79).

149 487 383 543 virtus
414 488 506 543 Dei
531 489 597 545 ³⁸.
631 487 878 543 Christus
901 487 1036 542 sicut
1068 498 1122 543 et
1151 490 1256 544 alia
1287 493 1478 558 multa,
1519 493 1592 547 ita
1626 493 1790 547 etiam

157 574 562 648 Evangelium
595 578 821 648 intelligi
857 580 1070 646 debeat,
1093 591 1148 634 ct
1178 581 1317 636 forte
1345 595 1612 637 internum
1647 584 1792 653 quod

157 668 412 723 dicitur
455 668 802 738 Evangelium
845 670 889 702 "
923 671 988 725 de
1015 671 1131 740 ipso
1177 672 1282 726 dici
1315 673 1658 728 sentiendum
1691 675 1782 730 sit.

134 752 393 853 .Omni,
418 756 612 826 inquit,
639 758 890 822 credenti,
917 757 1110 813 Judwo
1131 761 1383 830 primum,
1419 773 1466 817 et
1497 762 1682 818 Greece
1719 764 1787 818 ³⁵.

132 843 383 926 ξετεωεί
424 846 599 914 primo
625 845 735 916 (75)
767 846 978 904 duabus
1005 849 1461 918 appellationibus
1494 867 1658 907 omne
1689 853 1790 906 bo-

165 936 416 990 minum
449 946 772 991 censuerant
812 953 1002 1007 genus,
1063 941 1114 994 id
1165 951 1269 1007 est,
1317 942 1397 997 vel
1433 942 1679 998 Graecum
1709 945 1792 998 di-

167 1039 394 1083 centes
431 1043 551 1083 esse
585 1044 1058 1100 unumquemque,
1091 1033 1174 1088 vel
1217 1035 1518 1089 Barbarum
1557 1053 1571 1088 :
1603 1045 1658 1090 ct
1707 1037 1789 1089 di-

167 1118 433 1174 stinctio
470 1134 660 1174 eorum
707 1121 828 1176 talis
869 1121 1082 1188 fuerat,
1127 1132 1184 1178 ut
1212 1126 1392 1180 omnis
1433 1127 1522 1194 qui
1569 1125 1792 1183 Graecus

171 1223 313 1262 non
352 1220 516 1274 esset,
550 1210 821 1266 Barbarus
867 1214 1182 1270 haberetur.
1221 1217 1326 1272 Sed
1361 1217 1532 1273 multo
1577 1220 1793 1274 veriore

172 1299 562 1356 distinctione
601 1303 771 1356 utitur
805 1303 1018 1366 Paulus.
1058 1305 1276 1362 Judaaos
1302 1308 1481 1377 primo
1509 1310 1718 1376 dicens,
1738 1318 1793 1364 et

171 1393 552 1459 postmodum
589 1393 826 1458 Grtccos,
861 1408 1138 1464 postremo
1167 1397 1459 1453 Barbaros.
1490 1399 1623 1454 Cum
1649 1402 1790 1454 enim

174 1481 410 1548 Graci,
447 1484 574 1552 quia
606 1484 703 1554 ipsi
728 1486 938 1556 legibus
965 1489 1288 1555 utebantur,
1328 1503 1518 1544 omnes
1551 1491 1793 1560 reliquos

182 1581 474 1642 tanquam
507 1574 627 1630 sine
663 1576 876 1646 legibus
906 1578 1152 1633 viventes
1180 1580 1454 1636 Barbaros
1486 1583 1790 1652 appellave-

181 1662 340 1727 rint,
385 1665 580 1720 mcrito
612 1666 784 1722 Judaei
821 1669 985 1723 etiam
1023 1671 1156 1741 ipsis
1195 1672 1400 1730 Grzncis
1430 1677 1497 1730 ab
1526 1679 1789 1746 Apostolo

177 1753 592 1824 praeferuntur,
617 1759 744 1826 quia
770 1769 823 1814 et
840 1771 968 1815 ante
1001 1761 1148 1831 ipsos
1175 1765 1380 1834 legibus
1403 1767 1582 1822 vivere
1606 1783 1786 1837 cmpe-
1819 1749 1861 1802 Β

183 1855 362 1910 runt,
394 1856 448 1900 et
475 1846 620 1917 leges
655 1863 842 1906 eorum
875 1867 904 1907 a
954 1853 1082 1920 Deo,
1113 1863 1168 1908 et
1209 1869 1315 1910 non
1350 1857 1416 1910 ab
1438 1856 1781 1923 .bomiuibns,

184 1937 569 2008 promulgatae
593 1949 740 1995 sunt.

280 2029 370 2084 15.
412 2029 638 2088 Iustitia
681 2035 796 2105 (74)
841 2038 976 2090 enim
1024 2038 1118 2092 Dei
1168 2041 1431 2095 revelatur
1470 2059 1535 2096 ea:
1581 2044 1687 2113 ﬁde
1732 2044 1784 2097 in

188 2119 366 2188 fidem
411 2124 477 2181 ⁸⁸.
506 2123 724 2180 Justitia
767 2128 912 2180 enim
956 2129 1052 2183 Dei
1100 2130 1153 2184 in
1186 2130 1476 2201 Evangelio
1517 2133 1788 2187 revelatur

195 2229 306 2284 per
331 2215 382 2269 id
416 2217 564 2286 quod
593 2233 622 2271 a
656 2217 830 2272 salute
863 2219 1046 2274 nullus
1074 2222 1363 2290 excipitur,
1406 2225 1521 2277 sive
1543 2223 1786 2288 Judzeus,

196 2308 326 2360 sive
351 2306 595 2373 Grtecus,
635 2311 753 2366 sive
799 2311 1072 2367 Barbarus
1111 2315 1314 2368 veniat.
1351 2315 1614 2368 Omnibus
1644 2318 1786 2370 enim

200 2413 364 2467 atque
385 2399 632 2455 Salvator
660 2401 791 2456 dicit
817 2417 832 2455 :
877 2401 1056 2458 Venite
1095 2406 1162 2458 ad
1204 2422 1285 2460 me
1315 2422 1493 2460 omnes
1518 2409 1609 2477 qui
1637 2408 1788 2462 labo-

205 2489 368 2555 ratis,
391 2501 438 2545 et
468 2493 675 2546 onerati
701 2496 823 2548 estis
851 2495 914 2546 ³⁸.
948 2497 1024 2550 De
1047 2496 1152 2551 lide
1181 2507 1360 2552 autem
1394 2499 1446 2552 in
1489 2499 1644 2554 [idem
1674 2500 1786 2570 jam

202 2582 468 2649 superius
501 2583 734 2639 diximus
759 2585 873 2656 (75)
906 2587 1030 2654 quia
1065 2597 1120 2641 et
1161 2589 1308 2658 prior
1330 2591 1556 2659 populus
1595 2592 1647 2645 in
1687 2591 1790 2646 [ide

199 2679 350 2734 erat,
376 2671 501 2738 quia
532 2673 838 2729 crediderat
864 2676 971 2730 Deo
1007 2686 1062 2730 et
1089 2677 1258 2746 Moysi
1299 2678 1500 2737 latnulo
1531 2680 1646 2746 ejus
1671 2722 1686 2744 ,
1721 2697 1791 2735 ex

199 2775 313 2828 qua
341 2761 444 2816 llde
480 2768 626 2819 nunc
657 2766 723 2819 ad
747 2765 903 2820 [idem
931 2767 1208 2838 Evangelii
1239 2772 1476 2827 transiit.
1503 2773 1658 2839 Quod
1692 2789 1789 2828 au-

197 2863 319 2908 tem
357 2853 489 2907 dicit
535 2870 603 2907 ex
652 2856 965 2911 testimonio
1022 2857 1278 2915 llabacuc
1314 2865 1616 2933 prophetae,
1663 2863 1788 2933 quia

182 2943 218 3013 j
239 2955 382 2997 ustus
407 2959 471 2998 ea:
487 2944 593 3013 ﬁde
615 2961 728 2998 mea
742 2947 863 2999 uiuit
892 2947 956 3011 ³⁷;
985 2949 1100 3003 sive
1131 2951 1176 3004 is
1194 2952 1284 3020 qui
1312 2953 1363 3006 in
1385 2953 1498 3024 lege
1523 2963 1605 3008 est
1629 2955 1787 3009 intel-

195 3035 399 3107 ligitur
425 3035 564 3108 (76),
593 3044 650 3090 ut
680 3036 843 3090 etiam
877 3037 1186 3108 Evangeliis
1230 3043 1448 3107 credat,
1479 3045 1594 3100 sive
1627 3045 1672 3100 is
1694 3045 1784 3114 qui

199 3129 260 3183 in
293 3127 601 3199 Evangeliis
617 3136 717 3193 est,
749 3138 805 3182 ut
838 3129 1004 3183 etiam
1031 3128 1160 3200 Legi
1189 3134 1375 3186 credat
1399 3144 1454 3188 et
1479 3135 1784 3203 PrOpbt-tis.

200 3222 459 3276 Alterum
501 3220 645 3275 enim
683 3220 802 3275 sine
847 3219 1023 3276 altero
1065 3223 1438 3293 integritatem
1477 3241 1581 3280 non
1622 3225 1786 3279 habet

202 3313 357 3365 vitm.

284 3403 375 3457 ‘16.
411 3401 688 3456 Reeelatur
717 3403 853 3455 enim
878 3402 961 3455 ira
991 3402 1084 3456 Dei
1115 3405 1178 3457 de
1201 3404 1325 3457 caelo
1351 3405 1464 3474 (77)
1501 3408 1557 3458 in’
1581 3423 1782 3459 omnem

202 3496 530 3567 impietatem
559 3505 604 3547 et
627 3494 954 3564 iniquitatem
979 3495 1272 3560 hominum,
1312 3499 1402 3565 qui
1433 3503 1697 3552 veritatem
1732 3501 1784 3551 in

207 3588 492 3657 iniquitate
521 3570 800 3638 detinent:
827 3595 1101 3654 propterea
1145 3589 1270 3656 quia
1310 3590 1448 3658 quod
1495 3603 1673 3644 notum
1712 3602 1786 3646 est

208 3675 335 3738 Dei,
363 3675 701 3743 manifestum
721 3682 796 3729 est
835 3676 888 3728 in
916 3674 1046 3728 illis.
1081 3675 1218 3730 Deus
1247 3680 1382 3730 enim
1418 3679 1525 3732 illis
1559 3683 1785 3748 manife-

208 3769 369 3824 stnvit
394 3768 458 3821 ³⁸.
482 3769 555 3822 De
578 3767 659 3822 ira
691 3768 784 3822 Dei
813 3767 1026 3837 plenius
1049 3783 1077 3821 a
1106 3769 1338 3823 nobisin
1375 3771 1498 3826 aliis
1527 3772 1662 3828 locis
1698 3775 1780 3828 di-

209 3870 360 3916 ctum
389 3868 470 3914 est
502 3858 614 3930 (78)
654 3876 668 3913 :
701 3858 887 3926 paucis
919 3866 1101 3912 tamen
1127 3859 1291 3913 etiam
1326 3860 1377 3914 in
1419 3863 1670 3929 praesenti
1705 3864 1786 3917 di-

212 3963 389 4009 cetur.
420 3953 586 4024 Igitur
630 3953 710 4008 ira
757 3952 848 4008 Dei
887 3969 1032 4008 nunc
1072 3951 1305 4007 revelari
1353 3953 1552 4008 dicitur
1591 3969 1697 4008 non
1731 3955 1783 4007 in

214 4053 367 4115 parte
391 4043 590 4114 aliqua,
624 4045 719 4099 sed
759 4044 813 4099 in
839 4058 1056 4099 omnem
1089 4044 1423 4113 impietatem
1457 4055 1510 4101 et
1533 4045 1786 4114 iniquita-

217 4147 358 4201 tem;
403 4151 500 4190 nec
535 4143 715 4189 tamen
765 4136 817 4188 in
859 4149 1048 4190 omnes
1101 4135 1378 4200 homines,
1421 4137 1514 4191 sed
1560 4136 1614 4190 in
1667 4137 1786 4192 illos

217 4227 360 4282 solos
387 4228 479 4297 qui
513 4227 794 4282 veritatem
821 4226 916 4280 Dei
942 4228 993 4280 in
1020 4227 1306 4296 iniquitate
1331 4228 1574 4283 detinent
1600 4243 1614 4282 :
1646 4229 1784 4283 deti-

321 4346 360 4377 ³⁸
395 4345 412 4400 l
455 4343 580 4400 Cor.
632 4361 670 4408 ι,
704 4344 795 4399 24.
872 4345 916 4375 ³⁸
945 4343 1102 4398 Rom.
1133 4361 1170 4412 ι,
1199 4345 1284 4400 lli.

221 4417 262 4452 ³⁷
289 4417 443 4470 Rom.
470 4431 508 4476 ι.
547 4416 640 4478 l7;
751 4415 952 4469 llabac.
990 4415 1126 4479 ",4.

220 4489 264 4523 “
290 4485 422 4540 ibid.
459 4485 546 4548 15,
579 4487 664 4539 16.

1232 4417 1276 4447 ³⁸
1307 4416 1463 4471 Rom.
1499 4432 1535 4480 t,
1564 4417 1648 4472 18.

1365 4347 1442 4377 ’³³
1477 4347 1642 4415 Apoc.
1693 4361 1801 4402 stv.
1839 4345 1926 4402 16.

1773 4417 1818 4448 ³³
1842 4416 1971 4471 ibid.
2010 4417 2198 4470 ,Ἧι-25.

1896 493 2104 560 Quibus
2129 495 2294 549 etiam
2323 493 2452 547 dicit
2478 490 2830 546 manifestum
2866 504 2989 546 esse
3021 489 3076 545 id
3101 491 3244 560 quod
3281 499 3470 546 notum

1895 595 1978 638 est
2005 584 2119 647 Dei,
2151 584 2445 639 ostendens
2473 596 2595 637 esse
2624 581 2828 651 aliquid
2863 580 2956 635 Dei
2989 581 3130 648 quod
3164 588 3350 633 notmn
3376 580 3470 643 sit,

1895 683 1950 729 et
1983 674 2188 743 aliquid
2210 674 2326 742 ejus
2354 674 2496 744 quod
2520 673 2762 742 ignotum
2793 671 2884 726 sit.
2925 671 3066 725 Dicit
3087 684 3220 740 ergo
3242 672 3471 727 revelari

1897 767 2030 820 iram
2074 767 2166 819 Dci
2213 767 2298 821 bis
2334 767 2425 835 qui
2471 765 2760 820 veritatem
2798 767 2849 819 in
2884 765 3175 834 iniquitate
3211 765 3471 820 detinent.

1894 859 2024 926 Qua:
2055 861 2390 925 revelantur,
2423 860 2490 914 de
2532 858 2780 912 obscuris
2809 867 2862 910 et
2899 858 3198 912 reconditis
3224 859 3293 912 ad
3329 858 3470 910 noti-

1896 951 2022 1004 tiam
2052 951 2428 1020 prol'eruntur.
2461 951 2595 1018 Quia
2641 967 2774 1022 ergo
2809 960 2859 1005 et
2903 952 2992 1004 bic
3039 965 3146 1005 non
3179 950 3476 1021 ignoranti—

1895 1043 1994 1096 bus
2021 1042 2325 1110 veritatem,
2357 1043 2452 1096 sed
2479 1043 2788 1096 tenentibus
2807 1056 2950 1106 eam,
2981 1041 3104 1094 licet
3134 1041 3272 1094 male
3288 1050 3478 1096 tenen-
3521 1035 3530 1046 ’

1895 1134 2155 1200 tibus,ira
2185 1135 2276 1188 Dei
2311 1135 2376 1188 de
2405 1133 2544 1188 caelo
2575 1134 2776 1188 dicitur
2814 1135 3062 1199 revelari,
3095 1134 3307 1205 videtur
3329 1133 3476 1201 quod

1893 1227 2155 1281 rationem
2183 1233 2236 1280 et
2265 1225 2550 1280 scientiam
2591 1234 2650 1279 ιιι
2695 1227 2829 1279 iram
2873 1225 2966 1278 Dei
3009 1224 3122 1295 (80)
3156 1225 3474 1280 manifesta-

1896 1327 2004 1371 tam
2035 1318 2176 1372 dicat
2216 1332 2337 1372 esse
2391 1317 2475 1372 bis
2526 1317 2726 1385 quibus
2780 1316 2984 1370 veritas
3032 1326 3157 1369 nota
3202 1325 3303 1382 est,
3350 1315 3474 1370 licet

1893 1423 2014 1462 eam
2057 1409 2110 1462 in
2147 1409 2435 1480 iniquitate
2479 1409 2784 1463 detineant.
2834 1407 2986 1474 Quod
3027 1408 3266 1477 quidem,
3317 1418 3373 1462 ut
3405 1425 3470 1462 ex

1893 1500 2356 1568 consequentibus
2407 1499 2737 1561 declaratur,
2795 1499 2862 1553 de
2927 1499 3265 1568 sapientibus
3317 1498 3476 1567 hujus

1895 1589 2104 1655 mundi,
2145 1599 2200 1644 et
2225 1589 2476 1655 eruditis,
2507 1589 2590 1642 vel
2621 1589 2954 1658 pbilosopbis
2990 1589 3094 1642 dici
3135 1590 3472 1658 intelligitur,

1893 1675 2130 1742 quicum
2168 1675 2452 1730 veritatem
2503 1683 2556 1729 et
2597 1675 2870 1744 justitiam
2921 1676 3010 1729 Dei
3062 1679 3473 1746 cognovissent,

1891 1781 1993 1819 non
2018 1767 2150 1819 sicut
2168 1765 2335 1819 Deum
2358 1766 2848 1835 magniﬁcarerunt,
2879 1777 2967 1820 aut
3003 1769 3205 1835 gratias
3233 1781 3470 1836 egerunt,

1889 1857 1980 1910 sed
2013 1869 2333 1911 evanuerunt
2381 1859 2436 1911 in
2470 1859 2880 1926 cogitationibus
2917 1860 3067 1928 suis,
3117 1863 3368 1915 conversi
3402 1865 3471 1916 ad

1893 1949 2052 2016 idola;
2085 1958 2140 2004 et
2162 1949 2394 2002 dicentes
2425 1965 2480 2002 se
2516 1966 2628 2003 esse
2651 1951 2944 2016 sapientes,
2973 1951 3122 2002 stulti
3154 1950 3284 2018 [acti
3311 1962 3469 2016 sunt,

1892 2038 2017 2106 quia
2066 2049 2509 2092 commutaverunt
2546 2037 2773 2107 gloriam
2817 2039 3232 2103 incorruptibilis
3277 2040 3372 2094 Dei
3414 2044 3470 2096 in

1891 2127 2292 2182 similitudinem
2321 2129 2568 2197 imaginis
2594 2128 2840 2192 lwminis,
2868 2141 2912 2180 et
2941 2129 3228 2195 volucrum,
3255 2140 3302 2183 et
3339 2148 3472 2201 qua-

1895 2217 2219 2285 drupedum,
2255 2226 2304 2270 et
2343 2219 2658 2286 serpentium
2699 2216 2766 2268 ³⁸.
2810 2215 2866 2269 In
2909 2217 3103 2284 quibus
3159 2220 3320 2272 etiam
3369 2221 3473 2275 boe

1894 2310 2128 2364 ostendit
2160 2308 2469 2377 Apostolus,
2503 2307 2645 2376 quod
2677 2321 2739 2359 ea
2771 2307 2987 2374 quidem
3015 2322 3134 2374 quae
3158 2309 3224 2361 ad
3252 2309 3467 2375 sapien-

1897 2412 1978 2455 tcs
2019 2401 2199 2455 smruli
2253 2400 2317 2452 de
2367 2400 2614 2452 veritatis
2659 2401 2888 2453 scientia
2935 2409 3316 2467 pervenerunt,
3363 2399 3473 2453 Deo

1896 2490 2173 2544 revelaute
2215 2500 2616 2558 pervenerunt:
2649 2491 2742 2544 sed
2789 2489 2918 2544 dum
2970 2503 3064 2545 aut
3100 2506 3249 2545 vame
3285 2490 3472 2561 gloria:

1894 2583 2133 2647 student,
2170 2593 2263 2636 aut
2294 2583 2583 2636 adulantur
2605 2581 2890 2637 erroribus
2916 2585 3169 2648 vetustis,
3197 2595 3290 2638 aut
3326 2595 3470 2640 metu

1896 2675 2202 2744 principum
2239 2676 2602 2741 refrenautur,
2645 2677 3015 2730 damnationis
3045 2692 3156 2731 sua:
3201 2674 3300 2745 ipsi
3326 2675 3474 2744 judi-

1895 2781 1988 2820 ces
2037 2767 2212 2832 linat;
2271 2781 2300 2820 a
2342 2768 2540 2836 quibus
2581 2769 2788 2824 veritas
2833 2784 2993 2839 quam
3042 2768 3149 2821 Deo
3196 2767 3473 2822 revelante

1897 2867 2281 2929 cognoverant,
2313 2867 2406 2913 aut
2442 2860 2663 2915 exclusa
2709 2859 2963 2915 libertate
2995 2859 3324 2929 contegitur,
3375 2866 3472 2912 aut

1896 2959 2165 3018 gestorum
2198 2949 2484 3018 iniquitate
2516 2951 2841 3020 denegatur.
2868 2948 2944 3003 lta
2986 2963 3116 3017 ergo
3144 2948 3234 3002 Dei
3266 2948 3344 3002 ira
3387 2948 3470 3000 vi-

1895 3039 2053 3092 detur
2080 3039 2351 3093 interdum
2386 3039 2549 3111 472
2566 3043 2739 3095 virtus
2761 3041 2895 3109 ipsa,
2919 3056 3039 3110 qua:
3061 3049 3257 3110 praeest
3281 3054 3471 3108 poena-

1896 3146 2010 3183 rum
2043 3131 2332 3198 ministris,
2361 3145 2412 3186 et
2430 3148 2549 3202 quae
2585 3131 2849 3204 supplicia
2881 3133 3042 3187 infert
3066 3133 3467 3200 peccatoribus,

1894 3221 2029 3287 diei;
2057 3223 2199 3276 sicut
2233 3224 2528 3294 signiﬁcari
2563 3225 2820 3279 existimo
2851 3225 2905 3278 in
2937 3239 3005 3278 eo
3036 3223 3178 3294 quod
3213 3224 3467 3287 refertur,

1892 3313 2018 3382 quia
2052 3313 2130 3366 ira
2157 3313 2250 3368 Dei
2277 3323 2647 3368 commoverat
2677 3313 2790 3385 (81)
2818 3313 2983 3369 David
3007 3324 3061 3367 ut
3086 3314 3306 3384 juberet
3334 3311 3470 3368 Joab

1894 3419 2181 3458 munerare
2210 3406 2463 3474 populum
2504 3407 2572 3462 ιθ.
2623 3406 2727 3461 Sed
2763 3417 2817 3458 et
2854 3407 3084 3460 ministri
3117 3407 3232 3471 ejus
3261 3405 3470 3475 signiﬁ-

1893 3505 2084 3548 cantur
2112 3510 2176 3548 ac
2207 3497 2368 3561 socii,
2403 3497 2456 3550 in
2487 3513 2554 3551 eo
2590 3498 2732 3565 quod
2776 3498 3001 3551 dicitur.
3043 3496 3271 3550 Immisit
3297 3498 3349 3549 in
3381 3512 3468 3550 eos

1893 3583 2025 3638 iram
2068 3584 2263 3652 furoris
2302 3586 2406 3650 sui,
2449 3585 2862 3650 tribulationem,
2899 3595 2945 3636 et
2980 3585 3113 3636 iram
3141 3601 3233 3652 per
3257 3584 3469 3653 angelcs

1893 3676 2083 3730 malos.
2123 3676 2398 3730 Interdum
2431 3678 2596 3731 etiam
2625 3677 2794 3743 ipsius
2827 3675 3196 3738 conscientiae,
3225 3689 3346 3729 cum
3375 3676 3470 3729 de-

1893 3769 2207 3837 linquimus,
2235 3767 2438 3823 ultores
2467 3777 2518 3821 et
2561 3767 2806 3822 vindices
2844 3767 3048 3821 stimuli
3088 3766 3169 3819 ira
3200 3766 3469 3835 appellan-

1896 3869 1982 3914 tur
2028 3859 2162 3930 (82),
2202 3859 2350 3913 sicut
2391 3859 2530 3914 idern
2577 3857 2870 3928 Apostolus
2918 3859 3051 3912 dicit
3078 3857 3120 3888 “
3155 3870 3170 3908 :
3211 3857 3468 3910 llecoudis

1893 3952 1987 4007 tibi
2022 3953 2125 4021 ipsi.
2167 3952 2302 4004 iram
2341 3952 2395 4005 in
2419 3952 2506 4005 die
2545 3953 2680 4016 itte;
2707 3961 2759 4006 et
2785 3950 2910 4005 alibi
2949 3969 2961 4004 :
2994 3949 3144 4004 Inter
3170 3967 3224 4003 se
3251 3951 3467 4003 invicem

1893 4043 2296 4113 cogitationibus
2326 4042 2716 4107 accusantibus,
2749 4053 2838 4096 aut
2865 4043 3020 4096 etiam
3052 4042 3473 4111 defendentibus,

1891 4137 1944 4189 in
1973 4136 2058 4189 die
2081 4151 2197 4188 cum
2215 4135 2477 4204 judicabit
2500 4134 2642 4189 Deus
2664 4136 2870 4189 occulta
2889 4135 3156 4189 hominum
3182 4135 3246 4187 ι’.
3283 4133 3388 4188 Sed
3414 4143 3470 4187 et

1893 4227 2252 4283 tribulationis
2281 4227 2364 4284 vel
2394 4227 2706 4283 tentationis
2727 4227 2945 4283 amictio
2976 4228 3057 4283 ira
3093 4228 3185 4282 Dei
3217 4228 3470 4281 nornina-

2041 4346 2085 4377 ³⁵
2113 4345 2269 4401 Rom.
2313 4345 2443 4406 I.l6.
2551 4346 2595 4377 ³⁵
2622 4345 2753 4400 ibid.
2781 4345 2866 4399 17.
2974 4345 3018 4375 ³⁸
3046 4343 3233 4397 Matth.
3267 4359 3344 4406 xl,
3373 4341 3465 4397 28.

2308 4415 2407 4470 “ll
2437 4416 2571 4487 Reg.
2601 4430 2747 4482 xxiv,
2778 4416 2830 4480 i,
2858 4416 2915 4472 2.
3025 4414 3064 4445 ’⁵⁸
3102 4413 3258 4466 Rom.
3289 4427 3352 4476 ιι,
3377 4412 3465 4468 15.

289 4603 398 4674 (757)
435 4601 592 4666 Mss.,
617 4603 825 4667 primo;
858 4602 1135 4667 Rabanns,
1165 4603 1424 4668 priurum;
1447 4603 1598 4666 editi,
1621 4604 1778 4656 enim.
1817 4609 1858 4660 υ
1889 4605 1939 4655 in
1981 4604 2258 4674 iniquitate
2280 4602 2510 4674 detinent
2543 4618 2562 4653 :
2587 4601 2732 4670 quia,
2754 4608 2872 4674 etc.

227 4673 419 4728 Deinde
448 4688 550 4728 ms.
587 4687 746 4735 unus,
776 4683 1062 4739 postremos
1093 4675 1368 4735 barbaros;
1397 4674 1549 4732 editi.
1583 4682 1786 4740 postre-

227 4759 359 4824 mum
385 4757 502 4794 vero
526 4741 813 4806 barbaros;
840 4741 1029 4795 czeteri
1059 4757 1185 4796 vero
1207 4757 1338 4796 mss.
1363 4751 1420 4796 et
1449 4741 1711 4796 Rabauus
1729 4751 1787 4794 ut

227 4820 531 4962 Ιῗιᾶἳῖιιὲἱο
555 4893 685 4934 mss.
710 4878 778 4933 At
805 4879 956 4946 editi,
987 4880 1209 4934 Iustitia
1234 4882 1369 4934 enim
1405 4881 1501 4935 Dei
1531 4883 1586 4935 in
1618 4882 1788 4935 Eran-

226 4951 538 5088 “(libetsi
573 5034 705 5074 mss.
753 5019 959 5081 nostri;
1003 5019 1133 5073 editi
1176 5034 1333 5083 vero,
1379 5019 1602 5072 Justitia
1644 5021 1783 5073 enim

229 5089 316 5143 Dei
346 5091 397 5142 in
427 5106 487 5143 eo
518 5092 776 5144 reveletur
800 5107 864 5143 ea;
904 5089 1007 5155 ﬁde
1053 5089 1106 5143 in
1140 5090 1325 5157 fidem,
1371 5091 1504 5142 sicut
1535 5092 1784 5149 scriptum

224 5168 326 5213 est:
343 5180 360 5212 ι
377 5160 565 5214 Justus
581 5169 826 5215 autemex
847 5159 952 5229 ﬁde
974 5159 1094 5229 vivit
1117 5159 1300 5229 (liam.
1331 5175 1366 5222 t,
1404 5159 1509 5225 17.).
1525 5158 1671 5210 IJam
1694 5176 1785 5212 su-

231 5231 397 5298 perius
441 5230 695 5298 diximus,
731 5225 856 5282 etc.
885 5225 1052 5280 Paulo
1092 5225 1211 5298 post
1255 5245 1355 5283 ius.
1401 5229 1598 5298 Regius
1633 5245 1783 5285 nutu.

231 5299 362 5353 1659
388 5297 574 5360 habet,
603 5299 811 5366 quando
841 5297 1134 5351 crediderat
1164 5297 1292 5363 Deo,
1329 5307 1437 5352 etc.

296 5367 405 5439 (76)
445 5366 794 5439 intelligitur.
820 5367 977 5424 Deest
1015 5369 1064 5420 in
1125 5368 1287 5439 editis
1332 5378 1386 5423 et
1436 5369 1487 5422 in
1539 5368 1785 5436 pluribus

233 5436 393 5501 ms's.,’
426 5440 520 5492 sed
574 5436 880 5492 restituitur
926 5454 991 5491 ex
1051 5453 1152 5491 ms.
1211 5437 1378 5504 Regio
1425 5455 1571 5492 num.
1626 5439 1782 5493 1659.

231 5508 371 5589 Alter
411 5506 612 5578 Regius
641 5523 789 5561 num.
823 5506 982 5570 1611,
1018 5507 1179 5560 liabet
1206 5509 1404 5559 dicitur
1440 5522 1540 5576 pro
1585 5510 1782 5562 intelli-

269 5588 274 5589 ⁷
336 5594 380 5631 r.

231 5588 404 5718 quiti?)
442 5645 532 5702 Sic
571 5662 700 5718 mss.
739 5664 754 5714 ;
784 5648 914 5706 editi
943 5662 1086 5716 vcrO,
1115 5663 1270 5714 ευμεν
1317 5660 1520 5718 ⁰ἶ¹⁸”⁶¹ἶ³
1551 5647 1788 5716 ίηηήθημ

237 5725 324 5771 tetu
354 5715 399 5772 et
430 5717 745 5787 injustitium
775 5721 1036 5773 hominum
1057 5715 1252 5780 eorum,
1281 5715 1369 5784 qui
1405 5715 1665 5771 rcrittttrnt
1698 5719 1784 5771 ljci

1966 4668 2076 4739 (78)
2123 4675 2192 4725 De
2231 4673 2308 4724 ira
2345 4673 2434 4725 Dei
2477 4668 2718 4739 loquitur
2745 4668 3011 4737 Origenes
3046 4668 3138 4722 lib.
3181 4685 3233 4723 tv
3269 4669 3466 4723 Contra

1894 4739 2100 4793 Celsum
2129 4757 2275 4793 num.
2297 4741 2383 4804 72,
2411 4743 2534 4793 etin
2564 4739 2828 4808 psalmum
2850 4739 3174 4808 secundum,
3195 4756 3313 4808 pag.
3337 4739 3465 4802 5-50,

1893 4810 2022 4874 541,
2061 4825 2265 4862 necnon
2301 4821 2356 4862 et
2395 4805 2614 4862 bomilia
2647 4807 2716 4860 22
2754 4808 2806 4862 in
2845 4805 3080 4873 Lucum;
3115 4805 3208 4862 sed
3259 4805 3324 4861 ad
3359 4810 3464 4862 alia

1896 4880 2012 4934 loi-a
2043 4879 2128 4931 llic
2158 4879 2427 4946 respicere
2450 4879 2686 4942 videtur,
2723 4894 2844 4946 qua:
2885 4879 3043 4930 modo
3079 4894 3183 4930 non
3221 4887 3459 4932 exstant.

1971 4948 2082 5014 (79)
2127 4947 2364 5001 Detineat
2401 4948 2630 5012 quidem,
2660 4949 2748 5000 sed
2786 4949 2840 5001 in
2871 4947 3133 5016 injustitia
3179 4965 3293 5001 eam
3325 4949 3462 5001 deti-

1892 5029 2034 5141 amr.
2071 5018 2196 5071 llzcc
2229 5018 2428 5072 omissa
2461 5018 2512 5071 iu
2552 5017 2732 5082 editis,
2765 5018 3123 5072 restituuntur
3151 5035 3216 5072 es
3249 5033 3380 5074 mss.
3408 5025 3465 5072 et

1943 5107 1970 5141 a
1996 5103 2133 5140 iano.

1913 5090 2133 5142 iabauo.

1964 5159 2075 5228 (80)
2117 5157 2206 5212 Sic
2240 5172 2341 5210 nts.
2380 5173 2518 5210 unus
2549 5156 2751 5226 Regius
2786 5173 2936 5211 num.
2970 5155 3130 5211 1610.
3172 5156 3323 5228 Mter
3357 5155 3462 5228 Re-

1891 5227 2009 5310 gius
2059 5243 2205 5310 mini.
2258 5228 2416 5310 “iiii,
2463 5231 2748 5308 secundum
2797 5229 3054 5310 rationem
3099 5237 3145 5278 et
3186 5227 3457 5310 scientiam

1895 5297 2026 5352 iram
2060 5297 2178 5362 Dei,
2209 5308 2316 5353 etc.
2345 5298 2536 5353 Cmteri
2574 5312 2704 5352 mss.
2741 5307 2796 5349 et
2827 5297 3100 5357 Rabanus,
3131 5300 3382 5347 rationem
3409 5305 3458 5346 et

1893 5369 2166 5421 scientiam
2211 5370 2346 5420 iram
2397 5367 2517 5432 Dei,
2553 5377 2657 5421 etc.
2693 5365 2862 5432 Editi,
2910 5366 3115 5419 ratione
3156 5374 3202 5417 et
3239 5364 3458 5417 scientia

1891 5439 2027 5491 iram
2058 5438 2173 5501 Dei,
2199 5447 2302 5492 etc.

1967 5507 2076 5578 (81)
2111 5507 2236 5578 Mss.
2271 5507 2513 5578 tpiidam,
2550 5506 2689 5578 quod
2719 5504 2804 5578 ira
2839 5504 3322 5578 Dei‘contmoverit,
3350 5512 3456 5578 etc.

1894 5645 1912 5700 Ι
1967 5573 2080 5645 (δῖ)
2123 5573 2301 5642 Editi,
2349 5575 2542 5631 ultores
2606 5575 2834 5630 uindices
2890 5573 3087 5629 stimuli
3144 5577 3234 5630 ira:
3282 5574 3455 5646 appel-

1916 5658 2090 5700 ttttlttt‘.

1916 5658 2000 5700 ttttl
2012 5664 2038 5699 tt
2050 5662 2090 5699 ι’.
