3974 6206
267 368 386 422 865

1235 362 1589 420 COMMENT.
1632 361 1697 414 IN
1737 357 1954 412 EPIST.
1999 359 2090 412 AD
2124 359 2289 416 ROM.
2335 362 2462 416 LIB.
2502 365 2545 418 l.

3437 375 3542 429 866

268 484 486 545 mtiam,
514 489 569 532 ut
594 478 924 532 contumeliis
947 476 1176 545 apiriam
1209 495 1429 546 corpora
1462 495 1556 531 sua
1593 482 1646 531 in
1675 486 1850 531 semet.
1891 471 1934 526 Α
1961 471 2160 527 ctionis
2187 474 2518 541 apostolicm,
2557 489 2655 544 per
2695 489 2857 546 quam
2891 479 3067 537 dubiae
3094 492 3305 539 mentes
3339 485 3540 543 oll‘endi

266 575 407 640 ipsis
431 589 451 627 :
482 573 574 641 qui
605 579 1058 625 commutaverunt
1097 572 1368 623 veritatem
1405 569 1501 621 Dei
1541 570 1594 621 in
1632 569 1852 622 mentia-

265 666 441 727 cium,
483 674 530 716 et
582 662 881 727 coluerunt,
934 673 981 715 et
1030 661 1322 715 servierunt
1375 671 1634 713 creatura:
1683 661 1853 727 potius

265 772 438 823 quant
455 755 718 822 Creatori,
737 758 828 822 qui
854 765 926 808 est
955 755 1251 807 benedictus
1274 754 1328 804 in
1354 752 1546 805 stccula
1567 753 1707 809 ⁵³⁸³³,
1725 754 1854 820 Quae

264 847 514 917 singula,
549 845 961 914 quamvisjnxta
991 844 1250 898 Ecclesite
1274 841 1429 896 (idem
1456 854 1855 912 consequenter

264 936 558 1005 explanari
606 935 927 996 videantur.
981 934 1124 1002 quod
1174 933 1607 1001 prmcedentibus
1669 935 1852 988 causis

261 1030 553 1097 culparum
605 1025 728 1096 jure
757 1036 810 1080 et
846 1026 1040 1080 merito
1074 1010 1400 1079 deserantur
1455 1026 1630 1089 aDco
1666 1027 1716 1080 hi
1759 1028 1847 1095 qui

258 1120 580 1179 veritatem,
609 1132 771 1184 quam
804 1114 913 1168 Deo
940 1113 1214 1168 revelante
1256 1123 1619 1182 cognoscunt,
1662 1115 1713 1169 in
1749 1117 1851 1169 ini-

259 1207 490 1274 quitate
517 1205 820 1268 detenlanl,
846 1212 900 1258 et
925 1217 1019 1271 per
1045 1203 1147 1256 hoc
1181 1201 1324 1270 quod
1357 1203 1704 1268 deseruntur,
1739 1217 1848 1258 tra-

257 1298 474 1351 duntur
503 1296 788 1351 desideriis
817 1297 1002 1351 cordis
1033 1296 1148 1357 sui;
1181 1311 1412 1362 quorum
1438 1295 1708 1350 desideria
1735 1311 1851 1350 cor-

257 1392 347 1445 dis
394 1390 514 1444 bare
546 1397 724 1452 erant,
781 1397 840 1441 ut
889 1388 1240 1440 immunditia
1271 1397 1327 1442 et
1357 1389 1704 1448 contumeliis
1740 1386 1848 1440 alli-

257 1491 456 1536 cerent
490 1490 722 1549 corpora
765 1494 860 1533 sua
899 1479 952 1532 in
989 1479 1298 1549 semetipsis
1327 1497 1342 1534 :
1369 1490 1427 1534 et
1466 1484 1610 1549 quali
1640 1474 1845 1550 judicio

254 1587 386 1640 erga
439 1571 741 1626 divinitatis
785 1571 865 1624 usi
915 1579 1044 1625 sunt
1093 1574 1497 1626 venerationem
1549 1573 1685 1644 (92),
1716 1574 1842 1627 dum

255 1659 352 1714 Dei
386 1660 822 1728 incorruptibilis
846 1658 1073 1727 gloriam
1102 1661 1165 1713 ad
1195 1661 1366 1714 ftedas
1396 1672 1448 1716 et
1477 1663 1724 1732 indignas
1749 1665 1843 1717 dc-

255 1749 475 1804 ducunt
505 1752 784 1806 hominum
825 1749 908 1803 vel
935 1750 1250 1803 animalium
1278 1750 1506 1819 formas,
1551 1753 1642 1806 tali
1673 1755 1838 1806 etiam

250 1855 386 1910 erga
411 1843 736 1911 semetipsos
763 1849 986 1895 utantur
1007 1841 1150 1907 vice,
1181 1851 1240 1895 ut
1269 1843 1622 1897 rationabiles
1663 1843 1844 1896 homi-

252 1949 350 1989 nes
387 1934 580 1987 vivant
609 1948 757 1992 more
785 1932 1239 1987 irrationabilium
1274 1933 1578 1987 helluarum
1615 1949 1629 1987 :
1665 1947 1844 1988 tamen

251 2024 615 2094 requiramus
643 2025 710 2078 ab
751 2025 836 2078 his
874 2023 970 2094 qui
1016 2023 1180 2076 Deum
1210 2024 1414 2078 bonum
1451 2035 1650 2094 negant
1683 2030 1843 2078 etiam

249 2116 468 2186 justum
495 2130 616 2170 esse
654 2115 916 2182 judicent,
946 2115 1077 2185 quid
1121 2117 1486 2185 respondeant
1517 2118 1692 2170 dehis
1723 2133 1842 2186 qua:

253 2208 395 2262 dicit
424 2208 741 2277 Apostolus,
773 2208 914 2276 quod
941 2207 1164 2260 tradidit
1199 2223 1289 2261 eos
1327 2207 1464 2261 Deus
1489 2209 1542 2260 in
1568 2209 1843 2261 desideriis

249 2301 440 2353 cordis
465 2299 524 2352 in
556 2300 968 2364 immunditiam,
1002 2310 1058 2352 ut
1084 2299 1420 2354 contumeliis
1445 2301 1674 2368 afﬁciant
1727 2317 1841 2352 cor-

247 2406 385 2457 pora
417 2405 541 2444 sua.
577 2389 855 2444 Videbitur
883 2390 1026 2444 enim
1066 2390 1116 2444 in
1150 2391 1252 2443 hoc
1277 2405 1380 2442 non
1398 2390 1571 2442 solum
1603 2391 1839 2458 ipsorum

249 2481 425 2544 ratio,
467 2495 590 2549 quae
613 2481 829 2548 penitus
851 2480 1175 2543 excluditur,
1205 2481 1299 2535 sed
1324 2491 1376 2535 et
1402 2491 1589 2536 nostra
1617 2496 1843 2550 respon-

247 2568 328 2621 sio
355 2568 658 2622 coarctari.
695 2567 980 2635 Quomodo
1009 2569 1153 2622 enim
1211 2569 1421 2637 justum
1453 2571 1559 2624 erit
1600 2586 1722 2624 eum
1748 2572 1838 2641 qui

249 2658 526 2724 traditur,
553 2660 801 2728 quamvis
830 2675 926 2728 pro
973 2660 1215 2728 peccatis
1247 2662 1516 2725 tradatur,
1561 2671 1740 2714 tamen
1774 2663 1840 2715 ad

245 2751 737 2820 concupiscentias
764 2752 925 2813 tradi,
952 2760 1007 2805 et
1039 2751 1108 2805 ad
1133 2751 1235 2806 hoc
1266 2752 1426 2818 tradi,
1461 2764 1518 2807 ut
1551 2755 1842 2807 immundi—

246 2842 335 2894 tiis
371 2851 434 2894 et
478 2839 937 2909 concupiscentiis
976 2839 1176 2894 alliciat
1207 2855 1402 2911 corpus
1460 2845 1661 2896 suum?
1689 2844 1842 2898 Sicut

245 2930 400 2981 enim
435 2929 564 2983 huic
601 2930 714 2997 qui,
741 2930 894 2982 verbi
928 2943 1115 2991 causa,
1176 2931 1418 2985 tenebris
1479 2934 1716 2986 traditur
1774 2935 1837 2988 ad

245 3033 502 3084 pinnam,
547 3020 798 3087 imputari
833 3035 937 3074 non
972 3029 1148 3088 potest
1173 3022 1317 3090 quod
1350 3022 1400 3076 in
1448 3022 1680 3078 obscuro
1723 3025 1790 3080 sit
1821 3042 1834 3091 ;

243 3119 298 3162 et
323 3111 428 3178 qui
470 3111 578 3178 igni
607 3111 859 3201 traditur,
885 3110 1092 3178 culpari
1123 3129 1221 3181 pro
1249 3115 1352 3168 hoc
1382 3117 1503 3182 ipso
1527 3132 1632 3169 non
1661 3128 1838 3186 potest
1865 3142 1907 3201 ο

247 3213 346 3250 cur
381 3210 603 3262 uratur,
663 3200 735 3253 ita
769 3199 854 3254 his
906 3201 997 3269 qui
1047 3202 1334 3258 desideriis
1373 3215 1432 3277 et
1479 3205 1839 3262 immunditiis

245 3291 553 3344 traduntur
580 3299 636 3342 ut
659 3293 1005 3349 contumeliis
1033 3294 1275 3350 alliciant
1316 3311 1543 3365 corpora
1580 3312 1702 3363 sua,
1733 3316 1836 3354 non

244 3379 422 3448 digne
444 3380 719 3434 videbitur
748 3381 1022 3451 imputari,
1049 3385 1092 3439 si
1127 3386 1180 3438 in
1201 3386 1491 3441 desideriis
1518 3399 1573 3440 et
1601 3389 1838 3444 immun-

245 3469 409 3522 ditiis
462 3469 648 3538 positi,
695 3485 925 3540 eorpora
977 3488 1070 3527 sua
1128 3475 1477 3530 contumeliis
1535 3479 1834 3534 maculent.

247 3563 506 3617 Marcion
540 3578 693 3634 ergo,
724 3575 779 3620 et
811 3582 1020 3621 omnes
1054 3568 1144 3635 qui
1178 3568 1244 3621 de
1287 3569 1474 3623 schola
1525 3570 1644 3637 ejus
1696 3571 1841 3625 velut

247 3656 601 3727 serpentium
639 3658 881 3727 germina
911 3658 1023 3730 (95)
1068 3660 1422 3730 pullularunt,
1457 3662 1651 3716 horum
1676 3665 1839 3718 abso-

246 3750 502 3806 lutiones
529 3764 598 3802 ne
631 3759 876 3804 extremo
902 3753 1116 3819 quidem
1149 3751 1318 3821 digito
1360 3751 1629 3819 attingere
1676 3756 1840 3808 aude-

249 3845 445 3897 hnnt:
481 3841 677 3911 quippe
705 3842 794 3910 qui
826 3851 1044 3911 prapter
1083 3841 1458 3908 hujuscemodi
1509 3845 1838 3912 qnwstiones

249 3937 436 3991 Vetus
467 3935 919 3998 lnstrumenlum,
948 3934 1118 3989 sicubi
1150 3935 1288 3990 forte
1313 3937 1363 3989 in
1401 3951 1465 3990 eo
1500 3937 1608 3991 tale
1632 3937 1836 4006 aliquid

247 4028 525 4097 legerant,
589 4026 921 4095 abjeceruut.
967 4024 1072 4078 Sed
1133 4027 1262 4096 quid
1300 4027 1380 4081 eis
1433 4027 1656 4095 profuit,
1716 4044 1836 4081 cum

244 4117 530 4172 similibds
548 4118 897 4172 nihilominus
914 4115 1046 4170 Novi
1076 4115 1422 4171 Iustrumenti
1445 4119 1838 4188 quaestionibus

246 4212 627 4282 prafocentur
655 4209 808 4281 (94)?
838 4208 945 4264 Nos
975 4218 1154 4264 tamen
1184 4210 1276 4277 qui
1315 4226 1481 4264 unum
1535 4211 1704 4265 Deum
1739 4213 1837 4265 bo-

249 4314 391 4352 num
433 4308 488 4351 et
515 4296 722 4364 justum
754 4296 914 4366 Legis
949 4306 1002 4350 et
1029 4297 1442 4366 Prophetarum,
1493 4311 1547 4355 et
1594 4300 1838 4372 Evange-

248 4388 462 4443 liorum
497 4386 715 4442 Patrem
747 4389 950 4443 Christi
977 4388 1232 4454 fatemur,
1263 4391 1464 4445 eisdem
1501 4392 1838 4462 explanatio-

1958 564 2225 630 vidcntnr,
2257 566 2485 632 aperiat.
2521 565 2860 636 Frequenter
2895 571 2946 624 in
2990 573 3293 644 Scripturis
3327 577 3543 633 inveni-

1957 672 2102 720 mus,
2138 666 2191 710 et
2228 673 2254 709 a
2292 658 2448 710 nobis
2493 672 2636 725 saepe
2695 659 2985 714 dissertum
3033 674 3136 727 est,
3181 667 3325 735 quod
3377 666 3541 721 homo

1955 747 2204 816 spiritus,
2240 757 2295 800 et
2347 763 2546 816 corpus
2575 757 2629 802 et
2666 749 2852 804 anima
2901 767 3024 806 esse
3062 755 3298 808 dicatur.
3335 755 3538 811 Verum

1953 852 2076 892 eum
2109 839 2312 892 dicitur
2339 841 2462 907 quia
2491 856 2616 893 caro
2639 846 2962 909 concupiscit
2991 845 3250 899 adversus
3274 850 3539 914 spiritum,

1953 929 2168 996 spiritus
2235 941 2410 982 autent
2461 931 2711 984 adversus
2762 950 2974 986 carnem
3003 935 3072 998 ⁵⁸,
3125 938 3302 990 media
3351 940 3538 1007 procul

1953 1017 2118 1071 dubio
2172 1020 2395 1087 ponitur
2438 1022 2658 1087 anima,
2712 1037 2832 1090 qua:
2859 1024 2942 1078 vel
2994 1027 3282 1082 desideriis
3310 1029 3538 1096 spiritus

1953 1110 2287 1177 acquiescat,
2328 1111 2410 1164 vel
2443 1113 2508 1165 ad
2556 1113 2739 1168 carnis
2787 1117 3258 1185 concupiscentias
3310 1120 3538 1175 incline-

1955 1208 2040 1252 tur
2071 1217 2084 1252 :
2112 1211 2163 1253 et
2195 1202 2239 1254 si
2283 1203 2499 1269 quidem
2530 1219 2588 1256 se
2621 1203 2860 1272 junxerit
2887 1209 3059 1271 carni,
3115 1225 3280 1263 unum
3311 1227 3434 1265 cum
3472 1228 3537 1266 ea

1951 1308 2149 1359 Corpus
2214 1295 2266 1346 in
2322 1294 2550 1348 libidine
2586 1307 2638 1349 et
2695 1300 3158 1368 concupiscentiis
3211 1301 3329 1370 ejus
3371 1303 3538 1359 cilici-

1952 1385 2140 1436 tur“:
2177 1384 2220 1437 si
2253 1399 2379 1438 vero
2409 1402 2467 1440 se
2505 1388 2796 1441 sociaverit
2842 1391 3088 1458 spiritui,
3137 1409 3277 1448 unus
3308 1410 3430 1450 cum
3470 1413 3534 1452 ea

1949 1476 2172 1540 Spiritus
2227 1476 2350 1530 erit.
2403 1477 2610 1532 Idcirco
2675 1480 2911 1548 denique
2943 1484 3010 1536 de
3066 1484 3152 1538 his
3202 1501 3435 1554 quorum
3471 1503 3533 1543 se

1947 1567 2143 1619 animm
2171 1582 2233 1620 ex
2264 1568 2475 1637 integro
2503 1586 2622 1623 cum
2656 1586 2821 1626 carne
2845 1572 3161 1638 jumerant,
3183 1577 3315 1631 dicit
3349 1577 3533 1632 Domi-

1947 1672 2050 1710 nus
2099 1660 2154 1710 iu
2202 1659 2546 1726 Scripturis:
2597 1661 2721 1713 Jam
2780 1679 2881 1714 non
2937 1667 3260 1730 permanebit
3313 1672 3533 1738 spiritus

1948 1763 2092 1799 meus
2127 1749 2178 1800 in
2206 1750 2511 1802 hominibus
2544 1752 2679 1814 istis,
2722 1753 2848 1821 quia
2901 1771 3025 1807 caro
3057 1767 3180 1810 sunt
3204 1758 3249 1790 ⁵⁷
3283 1777 3296 1813 :
3329 1762 3394 1815 de
3447 1761 3532 1816 his

1951 1849 2135 1890 autem
2172 1852 2402 1906 quorum
2441 1841 2622 1894 anima
2656 1842 2836 1896 fuerat
2865 1847 3082 1914 spiritui
3115 1849 3347 1916 sociata,
3390 1852 3532 1921 Apo-

1949 1928 2129 1981 smlus
2164 1929 2297 1982 dicit
2329 1945 2344 1984 :
2396 1929 2495 1984 Vos
2527 1944 2703 1986 autem
2737 1950 2838 1988 non
2869 1939 2993 1990 estis
3028 1939 3082 1991 in
3120 1956 3310 2003 carne,
3344 1945 3436 1995 sed
3477 1945 3532 1996 in

1947 2019 2139 2086 spiritu
2158 2019 2224 2071 ⁵⁸.
2262 2020 2401 2074 Sunt
2432 2033 2693 2089 przrlerea
2729 2024 2896 2096 (sicut
2933 2029 2984 2080 in
3022 2030 3205 2085 multis
3235 2031 3532 2102 Scriptura:

1947 2107 2087 2163 locis
2110 2111 2442 2179 invenimus)
2467 2113 2632 2166 etiam
2669 2116 2955 2185 utriusque
2990 2121 3186 2185 partis,
3222 2122 3302 2174 vel
3327 2123 3532 2174 utrius-

1947 2213 2052 2264 que
2087 2199 2189 2251 via:
2223 2199 2464 2255 fautores
2499 2202 2721 2269 qttidam
2757 2214 2811 2258 et
2847 2205 3125 2273 adjutores
3173 2209 3352 2276 angeli
3387 2209 3527 2282 (95).

1951 2287 2089 2342 Nam
2128 2291 2278 2344 carni
2330 2295 2742 2362 concupiscenti
2797 2295 2906 2365 (96)
2961 2299 3223 2353 adversus
3275 2301 3530 2367 spiritum

1945 2377 2092 2434 favet
2121 2381 2400 2450 diabolus,
2439 2393 2494 2438 et
2523 2386 2701 2455 angeli
2739 2386 2891 2456 ejus,
2936 2396 2991 2441 et
3029 2403 3220 2443 omnes
3250 2391 3531 2459 spiritales

1945 2473 2200 2540 nequitiae
2241 2476 2293 2526 in
2328 2475 2649 2530 coelestibus
2674 2477 2742 2542 ",
2759 2478 3052 2545 cunctique
3075 2479 3365 2534 adversum
3388 2496 3527 2549 quos

1945 2565 2254 2619 hominibus
2288 2567 2558 2620 luctamen
2583 2577 2688 2633 est,
2727 2570 3084 2640 principatus,
3114 2581 3166 2624 et
3203 2581 3526 2641 potestates,

1941 2665 1996 2708 et
2019 2657 2199 2708 unmdi
2223 2655 2381 2722 hujus
2399 2668 2635 2712 rectores
2657 2662 3025 2716 tenebrarum.
3049 2661 3374 2716 Econtrario
3393 2680 3528 2722 vero

1942 2747 2158 2815 spiritui
2181 2748 2440 2802 adversus
2463 2764 2682 2804 carnem
2713 2753 3040 2817 decertanti,
3058 2755 3402 2822 animamque
3424 2757 3529 2811 hu-

1943 2854 2175 2901 lnanam,
2212 2855 2330 2898 qua:
2366 2842 2537 2895 media
2581 2850 2684 2905 est,
2717 2843 2782 2895 ad
2808 2858 2866 2897 se
2894 2857 3150 2898 revocare
3179 2847 3415 2912 conanti,
3439 2847 3525 2901 fa-

1940 2937 2068 2984 vent
2095 2937 2151 2984 et
2183 2928 2441 2998 adjuvant
2470 2930 2641 3000 angeli
2677 2929 2802 2983 boni
2829 2946 3022 2984 omnes
3050 2931 3124 2984 illi
3158 2930 3267 3002 (97)
3297 2931 3365 2984 de
3396 2931 3523 3000 qui-

1911 3022 2037 3076 bus
2069 3018 2334 3073 Dominus
2371 3019 2480 3084 ait,
2517 3020 2642 3088 quia
2677 3020 2850 3089 angeli
2889 3036 3070 3073 eorum
3112 3036 3315 3090 semper
3347 3021 3521 3075 rident

1937 3115 2125 3184 [aciem
2154 3109 2336 3165 Patris
2364 3112 2464 3165 mei
2491 3114 2580 3181 qui
2604 3114 2658 3165 in
2680 3113 2824 3166 cwlis
2848 3127 2924 3166 est
2949 3129 2964 3175 ;
2996 3121 3050 3165 et
3073 3112 3139 3165 de
3165 3112 3363 3180 quibus
3385 3113 3527 3182 Apo'

1937 3207 2106 3261 stolus
2122 3204 2190 3258 ad
2211 3202 2470 3258 Hebraeos
2503 3203 2578 3257 ait
2598 3205 2642 3234 ⁶⁰
2669 3221 2681 3255 :
2713 3202 2902 3257 Nonne
2933 3220 3109 3257 onmes
3141 3213 3262 3257 sunt
3288 3204 3520 3256 ministri

1940 3294 2182 3359 spiritus,
2220 3293 2288 3343 ad
2315 3292 2667 3344 ministerium
2706 3291 2850 3343 missi
2876 3302 3087 3358 propter
3119 3308 3206 3346 eos
3243 3293 3334 3361 qui
3363 3293 3528 3346 lucre-

1940 3382 2156 3434 ditatem
2199 3383 2413 3450 capiunt
2458 3382 2645 3434 salutis
2677 3381 2754 3434 5‘?
2787 3380 2955 3435 Favet
2994 3391 3051 3435 et
3087 3383 3200 3450 ipse
3245 3383 3522 3447 Dominus,

1941 3475 2141 3542 quippe
2181 3473 2272 3540 qui
2315 3473 2482 3526 etiam
2523 3473 2762 3525 animam
2791 3486 2945 3524 suam
2981 3475 3133 3540 ponit
3187 3490 3282 3542 pro
3331 3474 3523 3528 ovibus

1940 3566 2054 3618 suis
2077 3566 2143 3618 δ’.
2177 3564 2281 3618 Sed
2316 3580 2382 3618 ex
2407 3572 2640 3632 utraque
2671 3573 2824 3632 parte
2847 3565 3048 3620 favoris
3079 3565 3365 3631 disciplina
3394 3578 3521 3618 ser-

1943 3666 2120 3709 vatur.
2152 3655 2270 3708 Non
2303 3656 2446 3707 enim
2479 3655 2528 3707 vi
2574 3670 2662 3707 res
2699 3655 2878 3722 agitur
2924 3656 3060 3724 (98),
3089 3671 3262 3724 neque
3286 3655 3523 3710 necessi-

1943 3755 2051 3799 tate
2079 3747 2131 3800 in
2164 3747 2396 3798 alteram
2430 3756 2637 3814 partem
2690 3746 2869 3798 anima
2900 3746 3244 3810 declinatur;
3275 3747 3520 3815 alioquin

1941 3854 2043 3892 nec
2089 3837 2247 3904 culpa
2295 3837 2370 3898 ei,
2423 3851 2522 3889 nec
2566 3837 2738 3889 virtus
2767 3838 3177 3902 possetascribi
3207 3854 3221 3904 ;
3252 3853 3354 3892 nec
3391 3837 3520 3892 boni

1939 3929 2133 3983 electio
2167 3927 2470 3996 praemium,
2501 3941 2604 3981 nec
2660 3927 2957 3983 declinatio
3003 3927 3132 3981 mali
3191 3927 3522 3998 supplicium

1939 4033 2247 4076 mereretur
2280 4039 2293 4074 :
2331 4020 2425 4074 sed
2459 4029 2709 4074 servatur
2739 4020 2785 4073 ei
2817 4020 2866 4072 in
2902 4020 3159 4075 omnibus
3186 4020 3409 4076 libertas
3433 4021 3522 4076 sui

1939 4112 2176 4176 arbitrii,
2208 4120 2266 4164 ut
2314 4112 2368 4164 in
2412 4111 2554 4179 quod
2601 4110 2834 4162 voluerit
2888 4109 3054 4181 474
3103 4116 3219 4180 ipsa
3262 4111 3521 4174 declinet,

1939 4204 2084 4259 sicut
2118 4203 2380 4269 scriptum
2407 4210 2492 4254 est
2517 4201 2562 4232 ⁸³
2591 4218 2606 4254 :
2643 4200 2778 4253 Ecce
2810 4203 2960 4268 posui
2990 4212 3111 4254 ante
3151 4200 3339 4268 [aciem
3370 4212 3519 4254 tuam

1939 4297 2099 4351 vitam
2131 4305 2178 4348 et
2213 4301 2456 4355 mortem,
2486 4292 2655 4360 ignem
2702 4301 2751 4343 et
2785 4309 2999 4359 aquam.
3039 4291 3161 4346 Vita
3189 4306 3322 4361 ergo
3355 4292 3519 4345 Chri-

1939 4397 2057 4444 stus
2077 4397 2179 4454 esl,
2214 4395 2268 4440 et
2303 4400 2450 4439 mors
2486 4384 2818 4438 novissimus
2852 4382 3123 4444 inimicus,
3151 4382 3244 4451 qui
3279 4390 3365 4434 est
3398 4381 3520 4434 dia-

251 4481 424 4535 nibus
460 4491 513 4534 et
538 4481 590 4534 in
625 4479 774 4536 Novo
821 4488 876 4535 et
912 4481 962 4533 in
1013 4480 1190 4535 Veteri
1227 4483 1430 4535 utimur
1461 4481 1834 4549 Testamento,
1869 4472 1914 4528 D
1945 4479 2120 4534 holus.
2161 4477 2334 4531 liabet
2369 4491 2499 4545 ergo
2539 4475 2594 4528 in
2627 4474 2859 4527 arbitrio
2902 4487 3003 4527 suo
3031 4475 3236 4538 anima,
3273 4473 3318 4527 si
3363 4472 3516 4537 velit,

252 4570 586 4625 invocantes
629 4585 751 4624 eum
786 4570 878 4640 qui
909 4570 1089 4640 posuit
1135 4570 1187 4624 in
1221 4569 1351 4625 Sion
1386 4571 1618 4641 lapidem
1661 4573 1835 4629 offen-

250 4660 456 4722 sionis,
483 4669 539 4712 et
570 4667 777 4728 petram
800 4660 1124 4724 scandali”,
1163 4669 1221 4714 ut
1260 4660 1374 4728 ipse
1400 4663 1556 4718 nobis
1597 4679 1692 4731 per
1715 4664 1838 4733 Spi-

255 4753 428 4806 ritum
458 4763 702 4807 sanctum
746 4767 901 4814 suum
941 4752 1290 4806 offensionem
1319 4762 1375 4807 et
1396 4755 1710 4809 scandalum
1762 4756 1838 4809 le-

333 4844 459 4877 ⁸¹·⁵³
489 4843 645 4897 Rom.
685 4861 724 4907 ι,
752 4843 842 4909 24,
871 4843 960 4898 25.
1035 4844 1080 4875 ⁸⁵
1097 4843 1251 4899 Rom.
1280 4861 1354 4907 IX.
1396 4844 1483 4899 55-

257 4929 385 4977 vm.
411 4914 466 4969 9.
563 4915 612 4946 ”
638 4915 833 4982 Ephes.
863 4929 938 4978 vi,
971 4913 1054 4966 12.
1185 4915 1230 4945 ⁶⁰
1259 4915 1447 4968 Matth.
1477 4930 1630 4978 xvm,
1664 4915 1750 4969 1ο.

260 4985 436 5040 Eccli.
460 5001 564 5048 xv,
591 4983 681 5048 17,
711 4983 796 5037 18.

339 5071 458 5141 (92)
486 5073 618 5133 Mss.
657 5073 1040 5138 uenerationem
1068 5087 1086 5125 :
1129 5071 1282 5137 editi,
1314 5072 1592 5135 rationem,
1617 5071 1777 5124 male.

339 5144 452 5210 (9'5)
483 5145 650 5207 Alias,
675 5144 957 5212 genimina.
1131 5150 1147 5162 '

339 5213 453 5284 (94)
486 5213 584 5267 Ms.
620 5209 776 5280 unus,
834 5223 1178 5284 provocentur
1200 5226 1219 5264 :
1249 5209 1410 5275 editi,
1461 5209 1830 5277 prteferantur.

265 5282 462 5340 Caeteri
492 5299 623 5339 mss.
659 5284 858 5337 rectius
881 5322 898 5346 ,
930 5282 1305 5350 prwfocentur.

340 5354 456 5424 (95)
491 5352 626 5408 Sunt
647 5363 899 5419 pra'terea
919 5346 1072 5420 (sicut
1104 5353 1156 5403 in
1188 5346 1683 5424 multis_Scripturte
1707 5347 1834 5424 locis

271 5419 585 5490 iurauimus)
623 5426 782 5476 etiam
816 5419 1092 5488 utriusque
1119 5423 1284 5486 partis
1310 5419 1388 5490 uel
1433 5420 1707 5490 utriusque
1737 5420 1834 5490 via:

275 5496 506 5560 {autores
533 5489 748 5560 quidam
779 5501 828 5545 et
879 5492 1152 5559 adjutores
1180 5489 1373 5560 angeli.
1404 5489 1608 5560 Alludit
1659 5489 1833 5560 mani:

275 5557 566 5632 festissime
615 5559 880 5632 Origenes
929 5557 994 5632 ad
1044 5570 1205 5632 caput
1250 5559 1316 5612 18
1360 5559 1606 5632 epistola:
1656 5557 1831 5632 sancti

276 5631 535 5686 Barnabas
563 5632 630 5686 de
659 5628 869 5686 duabus
889 5631 992 5685 viis
1027 5637 1082 5684 et
1115 5630 1180 5683 de
1214 5629 1422 5698 angelis
1470 5629 1688 5696 utrique
1735 5628 1834 5681 via:

293 5701 586 5756 'rzenositis.

276 5715 586 5768 ιιηειιοειιιε.

342 5770 453 5843 (96)
483 5771 553 5825 Ita
587 5780 734 5826 recte
767 5785 895 5824 mss.
946 5768 1209 5839 plerique.
1249 5767 1386 5823 Editi
1419 5781 1545 5823 vero
1574 5777 1625 5822 et
1649 5767 1832 5821 Raba-

1562 4845 1607 4875 "
1639 4844 1816 4902 Galat.
1846 4847 1930 4908 v,l
1943 4845 1993 4902 7.

1850 4915 2064 4970 "Hebr.
2098 4928 2136 4978 ι,
2167 4911 2253 4964 14.

1947 4572 2144 4640 eligere
2165 4569 2327 4622 vitam
2344 4568 2634 4626 Christum,
2655 4573 2749 4618 aut
2769 4565 2820 4617 in
2847 4572 3073 4618 mortem
3101 4563 3372 4619 diabolum
3401 4563 3518 4634 (99)

1944 4663 2234 4717 declinare.
2285 4659 2435 4723 Quod
2472 4659 2517 4711 si
2557 4672 2859 4724 agnoscens
2906 4655 3088 4708 anima
3125 4655 3319 4719 Deum,
3353 4653 3516 4708 Chri-

1945 4762 2084 4808 stum
2129 4753 2295 4804 vitam
2331 4763 2483 4804 suam
2513 4747 2820 4816 ampIeXata
2856 4761 2960 4800 non
2989 4745 3174 4809 fuerit,
3223 4759 3323 4799 nec
3373 4745 3518 4800 sicut

2089 4843 2135 4874 ⁵⁸
2163 4841 2177 4894 l
2201 4840 2328 4895 Cor.
2353 4855 2427 4901 vi,
2467 4838 2551 4902 16,
2586 4839 2669 4894 17.
2778 4839 2823 4869 ⁸⁷
2848 4837 2978 4892 Gen.
3011 4851 3084 4900 νι,
3115 4837 3168 4890 5.
3281 4835 3328 4867 ³⁸
3353 4835 3513 4889 Rom.

2374 4907 2593 4962 “Joau.
2630 4909 2806 4975 χ,15.
2922 4906 2967 4938 ⁸³
3007 4908 3161 4962 Deut.
3215 4922 3345 4974 xxx,
3401 4905 3513 4970 15;

1945 5085 2078 5124 nus:
2108 5067 2247 5122 Nam
2274 5067 2448 5120 carnis
2479 5069 2941 5136 concupiscentiae,
2973 5078 3079 5124 etc.
3108 5065 3204 5122 Ms.
3239 5080 3377 5120 unus
3402 5063 3514 5122 lie—

1942 5143 2060 5210 gius
2093 5154 2242 5210 num.
2278 5139 2435 5203 1610,
2471 5137 2610 5192 Num
2636 5139 2841 5193 carnali
2865 5136 3324 5210 concupiscentite,
3345 5146 3452 5210 etc.

2015 5209 2126 5279 (97)
2157 5208 2232 5260 Ita
2259 5225 2446 5279 guines
2484 5225 2639 5272 mss.,
2662 5224 2887 5279 quorum
2925 5206 3061 5279 unus
3092 5210 3240 5262 solus
3263 5206 3514 5279 addit,“

1943 5275 2220 5347 adjuvant.
2259 5277 2399 5332 Editi
2437 5294 2565 5334 vero
2597 5289 2651 5332 et
2683 5278 2958 5341 “tabanus,
2999 5278 3174 5346 favent
3214 5275 3388 5344 angeli
3404 5275 3516 5347 _ho-

1945 5345 2143 5401 miuum
2174 5364 2351 5400 omnes
2396 5349 2497 5410 illi,
2533 5359 2640 5402 ctc.
2674 5348 2872 5401 Deinde
2921 5345 3114 5402 omnes
3150 5361 3281 5400 mss.
3311 5355 3365 5398 et
3403 5345 3512 5400 Ra-

1943 5417 2118 5490 banus
2137 5457 2164 5490 ,Α
2192 5417 2381 5485 faciem
2417 5416 2812 5490 Patrisvestri,
2842 5426 2944 5490 etc.
2976 5415 3080 5490 S_ed
3115 5425 3293 5490 tamen
3316 5415 3510 5490 legen-

1944 5488 2070 5540 dum
2118 5487 2330 5541 videtur
2359 5503 2479 5540 cum
2529 5487 2709 5550 editis,
2760 5485 2948 5555 faciem
2997 5486 3179 5538 Patris
3227 5485 3347 5550 mei,
3396 5485 3509 5540 etc.

1943 5557 2113 5626 Paulo
2144 5566 2263 5626 post
2290 5556 2545 5610 Rabanus
2571 5566 2624 5609 et
2653 5557 2777 5626 editi
2807 5558 3064 5626 omigtunt
3090 5556 3298 5626 quippe.

2014 5625 2125 5696 (98)
2148 5623 2263 5680 Ms.
2299 5626 2497 5695 ltegius
2527 5641 2675 5680 num.
2707 5625 2872 5692 1659,
2911 5623 3035 5680 Non
3065 5623 3204 5680 enim
3247 5624 3384 5678 vires
3409 5638 3511 5693 pa-

1939 5697 2092 5751 titur.
2907 5709 2910 5712 ’

2013 5766 2122 5835 (99)
2155 5765 2320 5833 Editi,
2354 5766 2405 5819 in
2432 5773 2646 5821 mortem
2678 5766 2745 5820 ad
2773 5767 3061 5832 diabolum,
3091 5766 3253 5821 male.
