3974 6206
515 316 616 371 867

515 437 684 491 Deum
714 427 1174 502 magniﬁcaverit.
1207 432 1302 478 aut.
1333 425 1542 492 gratias
1585 425 1782 492 egerit,
1824 425 1918 478 sed
1961 440 2090 478 eva-

514 525 696 579 nuerit
727 524 780 577 in
817 516 1246 588 cogitationibus
1287 516 1424 576 suis,
1456 523 1509 570 et
1537 515 1827 568 mutaverit
1859 515 2086 578 gloriam

515 611 946 681 incorruptibilis
989 609 1083 666 Dei
1131 610 1185 662 in
1222 606 1630 664 similitudinem
1664 606 1919 675 imaginis
1966 621 2090 659 cor—

513 703 789 772 rnptibilis
841 701 1078 756 hominis
1107 710 1164 754 et
1191 700 1496 762 volucrum,
1549 707 1604 752 et
1651 697 2088 767 quadrupedum,

512 801 566 844 et
597 791 924 858 serpentium
956 789 1020 856 “,
1053 801 1108 844 et
1149 791 1200 843 in
1239 790 1322 843 his
1343 788 1596 842 omnibus
1634 787 1991 841 declinaverit
2022 790 2089 840 ad

513 894 758 943 carnem,
798 888 960 948 atque
993 893 1086 933 eos
1131 879 1223 948 qui
1278 877 1462 932 carnis
1515 876 1801 931 desideriis
1863 877 2087 930 favent:

514 971 922 1039 derelinquctur
957 971 1074 1026 sine
1110 970 1274 1025 dubio
1311 979 1365 1023 et
1425 970 1712 1023 deseretur
1757 969 1825 1022 ab
1876 968 1957 1023 eis
1997 968 2089 1036 qui

513 1079 634 1118 eam
664 1062 851 1117 favore
883 1078 982 1117 suo
1011 1071 1070 1115 ut
1099 1061 1314 1131 spiritui
1345 1059 1670 1129 iungeretur
1723 1061 2039 1114 animabant
2074 1075 2086 1111 :

517 1164 570 1207 et
593 1155 900 1210 concedent
928 1168 1068 1216 eam,
1101 1152 1185 1206 vel
1234 1152 1446 1206 tradent
1483 1150 1559 1220 (l)
1593 1150 1878 1205 desideriis
1912 1150 2094 1206 cordis

519 1248 627 1309 sui,
662 1247 858 1316 quibus
880 1246 1033 1300 carni
1071 1243 1314 1298 sociatur
1343 1251 1396 1294 et
1427 1242 1694 1295 adhaeret.
1735 1240 1919 1310 Neque
1945 1242 2090 1295 enim

519 1339 876 1394 obsistentem
905 1353 1023 1390 cam
1057 1350 1122 1390 ac
1149 1333 1528 1400 reluctantem,
1564 1335 1634 1387 ad
1659 1349 1721 1386 ea
1755 1348 1872 1402 quae
1901 1332 2096 1402 refugit

521 1447 584 1484 ac
605 1431 808 1501 respuit
839 1430 1189 1483 revocabunt.
1208 1426 1374 1493 Cujus
1406 1426 1480 1481 rei
1502 1425 1822 1495 imaginem,
1845 1423 1892 1478 si
1920 1423 2097 1476 adhuc

522 1523 733 1574 videtur
765 1519 1016 1580 obseura,
1055 1517 1148 1570 tali
1171 1516 1406 1586 quadam
1435 1517 1617 1584 specie
1666 1514 2094 1569 manifestiorcm

525 1614 929 1682 planioremque
961 1610 1267 1664 reddemus.
1303 1607 1579 1662 Ponamus
1609 1622 1730 1662 esse
1755 1606 1970 1676 aliquod
2002 1606 2097 1661 do-

526 1703 806 1765 micilium,
839 1702 894 1755 in
933 1715 1039 1768 quo
1071 1715 1192 1753 cum
1226 1713 1458 1768 corpore
1491 1705 1548 1750 et
1575 1697 1769 1766 spiritu
1795 1696 1943 1752 velut
1974 1710 2095 1749 cum

525 1796 737 1849 duobus
764 1792 1096 1848 consiliariis
1135 1791 1343 1846 habitet
1368 1791 1585 1855 anima;
1613 1805 1712 1859 pro
1734 1789 1942 1844 foribus
1967 1803 2098 1844 vero

528 1882 689 1950 hujus
727 1883 985 1938 domicilii
1044 1892 1229 1936 astare
1275 1883 1564 1950 pietatem,
1608 1895 1912 1949 omnesque
1975 1895 2098 1935 cum

525 1990 588 2028 ea
615 1975 842 2028 virtutes
877 1990 891 2027 :
926 1989 990 2028 ex
1020 1974 1124 2028 alia
1153 1989 1282 2028 vero
1309 1981 1460 2042 parte
1497 1971 1852 2040 impietatem,
1882 1985 2097 2026 omnes-

527 2081 634 2135 que
664 2065 997 2118 luxuriarum
1026 2081 1088 2119 ac
1114 2064 1398 2118 libidinum
1441 2064 1670 2128 formas,
1704 2071 1759 2118 et
1787 2073 2102 2132 exspectare

529 2156 724 2211 animae
753 2165 964 2220 nutum,
993 2171 1150 2224 quem
1191 2171 1258 2211 ex
1302 2156 1511 2210 duobus
1551 2170 1650 2224 pro
1679 2154 1888 2209 foribus
1917 2155 2102 2210 obser-

529 2246 781 2300 vantibus
807 2247 1030 2300 chorum
1056 2245 1324 2300 introduci
1355 2247 1422 2301 ad
1451 2259 1510 2300 se
1533 2245 1999 2314 desideret,quem
2016 2260 2102 2300 re-

530 2336 681 2405 pelli.
705 2334 898 2390 Nonne
929 2336 972 2391 si
1000 2337 1211 2407 spiritui
1251 2338 1658 2406 obtemperans,
1690 2345 1748 2390 et
1774 2336 1982 2392 meliori
2006 2350 2102 2391 usa

529 2429 864 2496 consiliario,
881 2429 1098 2496 pietatis
1113 2438 1164 2483 ct
1192 2429 1465 2498 pudicitia:
1482 2429 1550 2483 ad
1567 2443 1627 2484 se
1643 2429 1954 2483 evocaverit
1970 2429 2104 2484 cho-

531 2536 674 2584 rum,
717 2521 804 2576 ille
851 2521 991 2575 alius
1021 2532 1234 2589 spretus
1267 2523 1686 2590 repudiatusque
1709 2521 1786 2591 (Ξ)
1818 2520 2106 2576 discedet?

531 2611 590 2666 Si
625 2627 754 2667 vero
785 2613 968 2670 carnis
993 2628 1087 2666 usa
1122 2613 1386 2675 consiliis,
1424 2612 1720 2680 impietatis
1737 2614 1802 2665 ad
1823 2628 1882 2667 se
1905 2623 1960 2668 et
1986 2613 2098 2668 libi-

529 2704 676 2758 dinis
720 2703 1085 2757 introduxerit
1135 2711 1398 2768 turmam,
1448 2703 1624 2757 omnis
1669 2703 1756 2756 illa
1800 2705 2104 2758 sanctitatis

531 2802 588 2845 et
623 2794 845 2861 pietatis
887 2807 1116 2858 corona,
1165 2793 1257 2847 cui
1295 2793 1559 2848 malorum
1587 2794 1772 2848 anima
1809 2795 2103 2850 concilium

532 2880 942 2950 praetulit,justa
975 2899 1096 2935 cum
1125 2884 1494 2954 indignatione
1524 2885 1758 2947 recedet,
1792 2886 2105 2958 relinquens

529 2988 650 3026 eam
666 2973 949 3028 desideriis
961 2975 1141 3030 cordis
1156 2977 1261 3040 sui,
1283 2986 1341 3030 ut
1359 2977 1432 3048 (5)
1453 2977 1744 3048 ignominia
1761 2987 1816 3034 et
1835 2990 2108 3034 contume-

531 3066 619 3119 liis
635 3063 829 3118 alliciat
847 3081 1042 3135 corpus
1057 3082 1213 3120 suum
1232 3067 1282 3121 in
1301 3069 1611 3136 semetipsa,
1627 3083 1745 3136 quae
1757 3071 2106 3125 commutavit

528 3154 816 3209 veritatem
854 3155 946 3209 Dei
981 3157 1032 3208 in
1084 3157 1452 3222 mendacium,
1477 3169 1532 3212 et
1563 3161 1916 3216 introducens
1947 3161 2013 3215 ad
2044 3177 2103 3216 se

532 3244 829 3314 impietatis
868 3254 923 3298 et
964 3244 1304 3300 infidelitatis
1352 3245 1428 3318 (4)
1480 3246 1819 3316 principem,
1864 3249 1991 3303 colit
2048 3259 2103 3303 et

531 3337 698 3392 servit
725 3345 906 3406 potius
925 3347 1192 3392 creaturae
1215 3354 1380 3409 quam
1404 3342 1684 3405 Creatori,
1710 3342 1800 3409 qui
1835 3351 1918 3396 est
1940 3343 2102 3396 bene-

529 3429 709 3482 dictus
745 3429 800 3483 in
830 3429 1051 3484 sarcula.
1089 3429 1298 3494 Quibus
1331 3445 1460 3485 sane
1489 3445 1552 3484 ex
1576 3432 1758 3486 causis
1792 3433 1971 3486 anima
2002 3434 2104 3486 hu-

533 3534 695 3572 mana
733 3519 862 3573 tanti
889 3517 1049 3588 hujus
1073 3519 1414 3575 discriminis
1441 3530 1546 3575 tam
1587 3521 1881 3592 ancipitem
1916 3524 2107 3576 subeat

533 3618 758 3676 statum,
799 3625 902 3666 non
949 3621 1028 3667 est
1073 3612 1366 3682 prtesentis
1406 3612 1508 3667 loci
1560 3613 1856 3668 discutere.
1907 3613 2104 3668 Eorum

531 3715 660 3768 ergo
687 3709 772 3754 est
809 3701 1154 3757 contumeliis
1189 3701 1404 3757 allicere
1435 3717 1668 3771 corpora
1708 3717 1828 3767 sua,
1872 3705 1963 3772 qui
2013 3705 2107 3758 de-

531 3792 771 3846 serviunt
795 3791 1132 3847 simulacris:
1155 3802 1209 3848 et
1237 3808 1429 3848 eorum
1457 3802 1540 3848 est
1560 3793 1741 3848 colere
1767 3804 2102 3859 creaturam,

532 3883 623 3950 qui
657 3883 975 3953 reliquerint
1012 3885 1352 3941 Creatorem.
1404 3884 1514 3940 Nos
1549 3898 1730 3940 autem
1771 3886 1861 3953 qui
1902 3883 2104 3942 nulla'm

534 3983 866 4034 creaturam,
893 3975 985 4027 sed
1015 3975 1252 4040 Patrem,
1280 3984 1336 4029 et
1361 3975 1580 4039 Filium,
1607 3986 1662 4030 et
1688 3975 1948 4045 Spiritum
1988 3993 2108 4033 san-

537 4073 684 4115 ctum
716 4061 942 4116 colimus
989 4071 1042 4116 et
1081 4065 1392 4127 adoramus,
1438 4066 1578 4119 sicut
1619 4082 1726 4122 non
1753 4083 2001 4124 erramus
2051 4071 2102 4125 in

536 4151 711 4217 cultu,
751 4153 824 4206 ita
868 4167 969 4224 nec
999 4153 1052 4206 in
1091 4155 1302 4208 actibus
1335 4154 1552 4222 quidem
1597 4165 1652 4210 et
1691 4159 2107 4215 conversatione

539 4258 852 4312 peccemus;
885 4259 1058 4314 neque
1089 4245 1366 4298 imitemur
1388 4259 1484 4300 eos
1502 4247 1592 4314 qui
1621 4249 1968 4304 contumeliis
1994 4250 2107 4304 alli-

537 4338 689 4391 ciunt
728 4351 955 4406 corpora
996 4351 1091 4391 sua
1151 4336 1204 4390 in
1252 4337 1563 4407 semetipsis
1597 4355 1610 4390 :
1643 4339 1737 4394 sed
1779 4343 2106 4412 aspicientes

536 4427 678 4494 quod
707 4425 839 4481 dicit
883 4425 1171 4497 Apostolus
1198 4427 1285 4480 ":
1324 4425 1407 4480 Au
1447 4428 1659 4481 nescitis
1715 4431 1845 4498 quia
1880 4449 2103 4500 corpora

535 4527 705 4572 vestra
743 4521 972 4572 membra
1005 4518 1200 4573 Christi
1245 4522 1406 4575 sunt?
1437 4527 1494 4574 et
1538 4520 1774 4576 iterum:
1816 4522 1956 4588 Quia
1986 4542 2105 4580 cor-

536 4625 632 4678 pus
655 4619 880 4664 uestrum
905 4611 1153 4679 templum
1182 4610 1514 4680 estSpiritus
1539 4615 1710 4667 sancti
1735 4630 1753 4666 :
1781 4624 1838 4668 ut
1857 4617 2105 4673 membra

535 4702 762 4766 Christi,
785 4711 839 4756 et
866 4703 1122 4772 templum
1151 4704 1387 4773 Spiritus
1410 4705 1588 4759 sancti
1609 4744 1624 4768 ,
1656 4720 1885 4776 corpora
1917 4717 2099 4764 nostra

645 4813 864 4866 “Rom.
885 4830 924 4875 ι,
956 4814 1148 4868 21-24.
1240 4815 1283 4846 ⁸⁵
1313 4813 1333 4867 I
1359 4815 1486 4871 Cor.
1509 4831 1584 4882 vt,
1623 4816 1811 4873 1549.
1888 4823 1932 4852 ⁸⁸
1960 4822 2116 4882 Joan.

539 4899 577 4946 I,
600 4883 664 4936 2|
691 4896 809 4952 seq.
886 4884 932 4914 7°
960 4885 1090 4938 ibid.
1122 4885 1192 4938 ‘25
1223 4901 1338 4955 seq.

610 5000 688 5075 (Ι)
721 4999 853 5075 Mss.
884 5000 1102 5075 quidam
1155 5011 1208 5075 et
1241 5003 1514 5068 Rabanus,
1542 5013 1590 5075 et
1623 5005 1909 5058 concedunt
1959 5025 2096 5075 eam,

539 5071 614 5123 rel
673 5071 909 5150 tradunt,
957 5072 1029 5123 al.
1098 5072 1330 5136 trahunt,
1394 5082 1500 5127 etc.
1550 5074 1743 5127 Caneri
1796 5090 1925 5130 mss.
1971 5071 2101 5134 editi

540 5149 685 5193 ret-le
707 5147 764 5191 ut
798 5147 848 5193 in
883 5150 1054 5194 textu.

610 5208 802 5285 (‘21)__|ta
831 5226 960 5264 mss.
981 5220 1034 5264 et
1061 5209 1336 5266 Rabanus.
1371 5211 1512 5266 Editi
1541 5225 1695 5279 vero,
1718 5213 1857 5268 alius
1885 5216 2104 5285 spiritus

537 5279 866 5345 repudiatus.

608 5348 709 5427 (3i
730 5348 820 5427 sic
847 5364 980 5404 mss.
1005 5351 1178 5427 nostri
1207 5360 1259 5406 et
1291 5351 1568 5427 Babanus.
1603 5354 1754 5427 Editi
1783 5369 1930 5416 vero.
1962 5373 2103 5427 prte-

537 5418 734 5486 posuit.
762 5418 864 5470 ista
894 5436 1012 5472 cum
1051 5422 1410 5486 indignatione
1462 5425 1685 5486 recedet.
1717 5434 1765 5478 et
1814 5418 2100 5481 membrum

539 5438 734 5482 positu.
762 5438 864 5470 tua
894 5438 1012 5472 cum
1051 5438 1161 5473 tnttt
1203 5438 1410 5474 natione
1462 5438 1685 5486 recedet.
1717 5438 1765 5478 et
1814 5438 2098 5481 membrum

539 5485 1114 5568 {inrigua-templum
1155 5438 1590 5568 gpiritursancti
1617 5495 1934 5568 relinquens,
1983 5513 2098 5568 eam

538 5556 594 5635 in
631 5555 1104 5635 desideriiscordis
1133 5555 1213 5614 sui
1247 5563 1529 5630 permittet,
1561 5576 1642 5632 ut,
1676 5555 1930 5632 ctc2,nisi
1955 5567 2097 5635 quod

539 5624 786 5692 plerique
821 5627 1070 5678 omittanl
1101 5639 1171 5681 et.

612 5693 689 5763 (4)
729 5693 800 5745 Ita
853 5693 982 5744 editi
1037 5705 1090 5748 et
1143 5712 1272 5753 mss.
1313 5699 1538 5769 aliquot.
1573 5702 1669 5757 Ms.
1718 5719 1846 5761 vero
1898 5705 2094 5774 lit-gius

1963 301 2282 360 ORIGENIS

3646 306 3738 362 868

2123 427 2165 482 Α
2201 419 2252 470 in
2282 418 2428 472 oumi
2473 416 2755 470 sanctitate
2795 426 2846 470 et
2877 417 3110 485 puritate
3158 431 3450 482 servemus,
3488 433 3590 488 quo
3634 437 3728 474 non

2199 511 2375 566 solum
2401 511 2562 580 digna
2587 507 2900 577 angelorum
2947 509 3282 579 ingressibus
3314 509 3462 574 fiant,
3491 526 3664 564 verum
3687 521 3732 566 et

2196 603 2529 658 habitatione
2558 600 2792 670 Spiritus
2836 601 3031 666 sancti,
3078 610 3134 654 et
3181 601 3463 655 mansione
3491 602 3656 656 Patris
3679 620 3730 658 ac

2193 695 2316 749 Filii
2343 695 2437 764 qui
2467 694 2599 749 dit-it
2625 693 2692 748 de
2716 709 2782 748 eo
2804 693 2900 762 qui
2923 691 2977 746 in
3005 692 3275 746 mandatis
3301 691 3416 746 suis
3441 705 3729 760 permanet:

2197 790 2309 859 Ego
2360 797 2408 842 et
2466 785 2630 840 Pater
2686 788 2970 852 veniemus,
3017 795 3067 838 et
3115 787 3438 839 mansionem
3476 789 3607 854 apud
3635 805 3730 842 eant

2195 884 2450 952 faciemus
2483 880 2548 934 “.

2271 977 2354 1031 l9.
2379 975 2663 1042 Propterea
2681 961 2915 1026 tradidit
2942 970 3062 1024 illos
3089 971 3224 1024 Deus
3252 971 3303 1023 in
3329 970 3594 1038 passiones
3615 971 3730 1038 igne-

2197 1074 2398 1127 miniaz.
2427 1070 2570 1124 Nam
2597 1081 2644 1123 et
2675 1069 2888 1138 feminte
2912 1084 3090 1121 eorum
3116 1067 3520 1119 immutaverunt
3541 1073 3730 1116 natura-

2199 1167 2298 1219 lem
2321 1179 2494 1229 usum,
2520 1163 2574 1214 in
2599 1178 2715 1214 eum
2743 1176 2898 1213 usum
2917 1161 3007 1229 qui
3022 1159 3096 1230 (5)
3117 1167 3268 1212 extra
3286 1166 3537 1210 naturam
3561 1163 3648 1208 est.
3664 1152 3729 1207 Si-

2200 1260 2393 1312 militer
2413 1266 2586 1310 autem
2608 1264 2656 1307 et
2683 1253 2927 1317 masculi,
2955 1253 3136 1304 relicto
3160 1249 3402 1303 naturali
3421 1263 3519 1300 usu
3537 1245 3732 1314 femina,

2202 1349 2413 1404 accensi
2455 1357 2577 1401 sunt
2623 1349 2679 1399 in
2719 1345 3044 1399 desiderium
3077 1345 3161 1397 sui
3191 1344 3245 1394 in
3281 1342 3520 1403 invicem,
3547 1338 3731 1390 masculi

2197 1425 2251 1476 in
2295 1422 2554 1475 masculos
2597 1421 2982 1489 turpitudinem
3033 1431 3334 1491 operantes,
3379 1430 3429 1475 et
3466 1422 3738 1480 mercedem,

2196 1528 2352 1580 quam
2384 1513 2639 1582 oportuit,
2689 1515 2884 1567 erroris
2934 1515 3018 1567 sui
3045 1513 3101 1567 in
3127 1513 3421 1580 semetipsis
3455 1513 3735 1580 recipientes.

2201 1602 2266 1654 Et
2297 1603 2433 1656 sicut
2471 1618 2574 1655 non
2618 1604 2965 1669 probaverunt
3013 1602 3180 1656 Deum
3207 1603 3400 1656 habere
3430 1602 3488 1654 in
3515 1601 3737 1664 notitiam,

2201 1693 2422 1746 tradidit
2462 1693 2582 1746 illos
2613 1693 2754 1746 Deus
2788 1694 2845 1746 in
2885 1694 3158 1763 reprobum
3204 1711 3440 1759 sensum,
3493 1703 3545 1746 ut
3579 1691 3741 1761 faciant

2129 1776 2170 1830 Β
2200 1802 2260 1838 ea
2287 1801 2403 1854 qua?
2425 1801 2529 1838 non
2556 1786 2888 1848 conveniunt,
2925 1784 3146 1854 repletos
3171 1786 3312 1838 omni
3335 1785 3623 1854 iniquitate,
3647 1798 3743 1834 tu-

2203 1875 2343 1940 litia,
2375 1874 2749 1942 fornicatione,
2788 1876 3042 1944 nequitia,
3072 1876 3337 1939 auaritia;
3355 1874 3539 1944 plenos
3561 1874 3740 1936 insidia,

2203 1967 2522 2031 homicidiis,
2546 1968 2902 2032 contentione,
2936 1967 3081 2030 dolo,
3109 1970 3442 2038 malignitate
3476 1985 3495 2034 ;
3535 1983 3743 2021 susurra-

2204 2071 2366 2124 tores,
2391 2059 2789 2122 obtrectatores,
2821 2059 2931 2114 Deo
2960 2059 3199 2125 odibiles,
3233 2059 3653 2125 contumeliosos,
3676 2073 3745 2110 su-

2204 2152 2410 2220 perbos,
2433 2150 2619 2214 elatos,
2654 2151 2948 2205 inventores
2980 2149 3269 2214 malorum,
3321 2153 3625 2220 parentibus
3665 2167 3743 2204 nos

2206 2242 2521 2304 obedientes,
2560 2241 2883 2311 insipientes,
2913 2242 3460 2311 incompositos;sine
3485 2243 3742 2313 aﬂ'ectiont,

2207 2336 2404 2404 absque
2431 2334 2649 2403 fwdere,
2683 2336 2796 2389 sine
2819 2336 3206 2390 misericordia.
3243 2336 3349 2400 Qui
3377 2353 3500 2390 cum
3521 2336 3742 2406 justitiam

2209 2427 2305 2483 Dei
2338 2429 2724 2498 cognovissent,
2755 2444 2859 2481 non
2883 2429 3258 2483 intellexerunt
3290 2430 3548 2499 quoniam
3577 2444 3654 2499 qut
3679 2437 3746 2481 ts-

2207 2519 2279 2573 lia
2310 2530 2496 2589 agunt,
2532 2519 2681 2588 digni
2719 2529 2838 2572 sunt
2871 2530 3072 2584 morte;
3105 2537 3208 2574 non
3245 2519 3422 2574 solum
3464 2521 3553 2591 qui
3584 2519 3746 2587 faciunt

2206 2611 2323 2678 illa,
2349 2613 2439 2665 sed
2467 2621 2514 2664 et
2545 2612 2638 2681 qui
2675 2613 3008 2664 consentiunt
3043 2611 3360 2680 facientibus
3385 2613 3460 2668 θ’.
3507 2611 3746 2680 Propterea

2205 2703 2582 2758 inexcusabilis
2624 2719 2700 2768 es,
2736 2718 2766 2756 ο
2797 2703 2953 2755 ltomo
2989 2704 3156 2756 omnis
3186 2703 3276 2771 qui
3300 2703 3560 2772 judicas:
3592 2704 3637 2755 in
3659 2717 3745 2770 quo

2205 2799 2342 2852 enim
2359 2797 2524 2850 alium
2543 2797 2781 2864 judicas,
2813 2795 3033 2863 teipsum
3055 2794 3402 2849 condemnas.
3432 2793 3616 2848 Eadem
3639 2791 3748 2846 enim

2207 2892 2343 2960 agis,
2372 2906 2490 2956 qua:
2507 2890 2726 2960 iudicas
2750 2889 2817 2942 ⁸⁸.
2851 2887 3037 2942 Tertio
3073 2887 3383 2942 invenimus
3423 2887 3499 2958 (6)
3529 2887 3590 2941 ab
3629 2885 3747 2954 Apo-

2209 2982 2346 3036 stolo
2377 2982 2609 3050 positum
2637 2997 2650 3032 :
2687 2978 2932 3032 Tradidit
2973 2977 3095 3030 illos
3127 2975 3287 3031 Deus.
3331 2975 3409 3031 Et
3447 2978 3620 3047 prima:
3643 2974 3745 3044 qui-

2131 3104 2174 3162 ε
2209 3071 2330 3125 dem
2361 3070 2675 3126 traditionis
2706 3083 2900 3123 causas
2928 3069 3160 3131 dedit",
3202 3067 3347 3132 Quia
3380 3085 3496 3122 cum
3518 3066 3748 3135 cognoris-

2207 3172 2320 3216 sent
2353 3160 2543 3224 Denm,
2564 3177 2668 3213 non
2696 3160 2828 3214 sicut
2851 3159 3012 3213 Deum
3039 3159 3538 3228 magniﬁcauerunt,
3565 3167 3639 3210 aut
3652 3172 3749 3224 gra-

2206 3255 2309 3305 tias
2338 3262 2552 3321 egerunt
2575 3267 2594 3315 ,'
2623 3251 2713 3304 sed
2729 3258 3051 3303 evanuerunt
3071 3250 3122 3301 in
3151 3249 3556 3318 cogitationibus
3573 3246 3684 3308 suis,
3707 3253 3746 3297 et

2205 3343 2636 3398 contenebratum
2656 3349 2731 3395 est
2751 3341 3005 3403 insipiens
3025 3355 3119 3392 cor
3143 3355 3346 3395 eorum.
3373 3338 3603 3392 Dicentes
3634 3335 3746 3390 enini

2185 3477 2188 3480 .
2207 3451 2260 3488 se
2279 3451 2390 3488 esse
2407 3436 2691 3504 sapientes,
2704 3433 2851 3487 stulti
2867 3433 2998 3501 facti
3019 3440 3162 3495 sunt,
3178 3441 3226 3484 et
3242 3433 3638 3484 immutarenutt
3654 3425 3746 3497 glo-

2209 3527 2345 3580 riam
2391 3526 2812 3594 iucorruptibilis
2850 3525 2948 3578 Dei
2989 3525 3044 3577 in
3085 3523 3500 3577 similitudinem
3544 3516 3747 3588 imaginis

2214 3617 2574 3686 corruptibilis
2605 3617 2856 3679 hominis,
2883 3623 2932 3668 et
2960 3614 3253 3679 volucrum,
3292 3623 3341 3668 et
3369 3612 3744 3680 quadrupedum,

2208 3719 2254 3762 et
2283 3709 2624 3777 serpentium.
2656 3706 2969 3772 Propterea,
3002 3707 3201 3778 inquit,
3248 3707 3480 3760 tradidit
3517 3721 3596 3759 eos
3638 3701 3746 3754 Dm

2209 3801 2264 3853 in
2293 3799 2572 3852 desideriis
2605 3799 2780 3852 cordis
2804 3814 2986 3852 eorum
3023 3800 3076 3852 in
3107 3798 3507 3852 immunditiam
3526 3835 3540 3861 ,
3572 3803 3620 3847 ut
3649 3806 3748 3844 cott-

2211 3890 2440 3944 tumeliis
2466 3892 2696 3960 afﬁciant
2729 3907 2951 3958 corpora
2975 3908 3072 3945 sua
3095 3892 3150 3945 in
3181 3892 3498 3960 semetipsis.
3530 3883 3745 3942 Secunde

2213 3981 2520 4038 traditionis
2557 3997 2781 4038 causam
2829 3983 3045 4036 videtur
3066 3982 3404 4052 przeniittere
3431 3995 3547 4037 cum
3571 3972 3743 4040 dicit”,

2211 4077 2334 4146 quia
2367 4086 2814 4130 commutaverunt
2839 4075 3110 4130 veritatem
3149 4073 3244 4128 Dei
3271 4077 3330 4129 in
3366 4065 3684 4132 mendcium,
3705 4077 3740 4118 et

2211 4169 2504 4228 coluerunt,
2546 4177 2596 4221 et
2636 4169 2922 4221 servierunt
2950 4178 3208 4221 creatures
3245 4168 3424 4235 potius
3446 4181 3590 4237 quam
3611 4161 3740 4217 Cree-

2212 4259 2334 4313 tori.
2366 4258 2673 4328 PrOpterea,
2702 4259 2800 4324 ait,
2847 4258 3064 4310 tradidit
3096 4257 3215 4311 illos
3249 4258 3390 4312 Deus
3437 4257 3495 4310 in
3521 4253 3739 4325 passiones

2211 4352 2536 4422 ignominia.
2585 4352 2719 4418 Quae
2772 4361 2951 4404 tamen
2999 4351 3236 4405 secunda
3291 4350 3516 4406 traditio
3561 4344 3736 4416 gravio-

2134 4432 2356 4498 Dribus
2411 4442 2624 4512 flagitiis
2681 4443 2894 4495 videtur
2943 4442 3196 4496 obnoxia.
3259 4439 3472 4494 Etenim
3528 4436 3735 4508 femina.

2208 4532 2369 4604 475
2408 4532 2601 4601 inquit,
2640 4546 2821 4584 eorum
2844 4532 3246 4585 immutaverunt
3289 4531 3574 4584 naturalem
3597 4536 3735 4582 urant,

2207 4625 2264 4678 in
2329 4639 2445 4678 eum
2503 4639 2654 4676 usum
2712 4623 2803 4689 qui
2852 4633 3000 4677 extra
3054 4632 3300 4676 naturam
3355 4633 3452 4677 est.
3523 4615 3735 4674 Similiter

2209 4727 2254 4769 et
2289 4715 2534 4778 masculi,
2570 4714 2749 4768 relicto
2790 4714 3024 4767 naturali
3048 4731 3144 4767 usu
3172 4715 3405 4782 femintv,
3437 4708 3730 4764 accensisunt

2146 4847 2255 4895 xw,
2281 4832 2374 4886 ‘23.
2453 4830 2494 4861 ⁸⁷
2520 4830 2676 4884 Rom.
2715 4846 2752 4894 ι,
2784 4829 2855 4883 26
2888 4844 3002 4898 seq.
3080 4828 3306 4906 “Rom.
3331 4826 3467 4892 ",1.
3537 4822 3577 4854 ⁶⁹
3603 4819 3728 4872 Rom.

2211 5029 2358 5067 num.
2392 5013 2530 5069 1659
2570 5023 2622 5068 et
2651 5013 2932 5079 Rabanus,
2961 5015 3229 5083 ueritatgn
3265 5013 3364 5083 Dei
3397 5005 3662 5083 mendacio.
3688 5007 3725 5051 τι

2211 5085 2550 5138 introduceus
2581 5085 2649 5136 ad
2682 5100 2736 5136 se
2767 5071 3083 5150 impietatem
3113 5071 3539 5150 tit—infidelitatem
3561 5071 3728 5142 (Raba-

2214 5169 2336 5216 nus,
2370 5152 2753 5220 infelicitatem)
2781 5149 2928 5213 colit,
2954 5161 3060 5206 etc.
3089 5149 3363 5206 Alternis.
3397 5149 3580 5216 Regius
3605 5152 3723 5220 nunt:

2216 5205 2372 5283 16“,
2412 5205 2818 5276 riteritatemﬁbei
2847 5205 3222 5283 iu'mendacio,
3262 5229 3308 5273 et
3330 5205 3643 5272 introducas
3667 5205 3721 5259 ad

2212 5309 2267 5346 se
2299 5293 2583 5360 impietatis
2615 5295 2832 5348 chorum
2866 5303 2914 5344 et
2944 5291 3292 5360 infelicitatis,
3321 5289 3604 5360 colit,_etc._
3655 5343 3666 5360 ρ

2284 5350 2536 5432 (5)Ἐόίιί
2569 5373 2624 5416 et
2652 5379 2754 5417 ms.
2792 5377 2933 5419 unus
2972 5350 3059 5414 hic
3081 5371 3134 5416 et
3164 5362 3217 5414 in
3242 5350 3569 5432 squtenlibus
3591 5350 3720 5432 “illi!

2211 5426 2498 5489 contextus
2544 5431 2766 5502 Vulgata
2805 5440 3069 5496 utuntur;
3129 5431 3224 5485 sed
3262 5426 3435 5484 caeteri
3461 5439 3554 5481 nis.
3589 5426 3639 5473 ut
3675 5428 3718 5469 tu

2213 5514 2380 5557 textu.

2279 5571 2356 5641 (6)
2394 5572 2469 5631 ita
2511 5586 2707 5629 omnes
2755 5586 2884 5641 mss.
2917 5571 3202 5634 Rabanus,
3251 5579 3299 5624 et
3346 5567 3501 5623 editio
3529 5557 3716 5615 Veneta.

2209 5640 2403 5697 Caeteri
2440 5657 2565 5698 vero
2589 5644 2745 5709 editi,
2777 5640 2875 5696 Ter
2896 5642 3216 5708 invenimus,
3245 5647 3346 5696 etc.
3687 5676 3692 5684 ι
