3974 6206
228 360 345 418 869

1199 344 1556 403 COMMENT.
1599 341 1663 396 ΙΝ
1707 338 1924 398 EPIST.
1965 337 2054 391 AD
2093 333 2261 391 R0“.
2305 335 2433 390 LIB.
2479 335 2518 390 ῐ.

3404 334 3505 389 870

226 478 285 527 i-i
346 471 670 526 desiderium
712 470 793 522 sui
832 469 883 521 in
921 467 1163 529 invicem,
1203 464 1424 518 masculi
1471 466 1526 516 in
1562 459 1826 516 masculos
1858 461 1898 517 Α
1931 465 2038 510 tem
2067 453 2318 510 sufﬁcere
2341 469 2404 509 ea
2430 468 2550 522 qua!
2587 452 2654 508 de
2683 451 2994 506 traditionis
3024 449 3206 519 specie
3233 465 3396 521 supra
3425 452 3510 506 di-

229 565 623 633 tnrpitudinem
656 571 952 630 operantes,
976 568 1024 612 et
1059 559 1368 621 mercedem,
1390 573 1548 616 quam
1573 553 1824 622 oportuit,

226 664 440 719 erroris
463 661 549 714 sui
584 660 640 712 in
671 657 966 723 semetipsis
998 655 1326 721 recipientes.
1377 652 1582 706 Tertiae
1611 662 1828 718 quoque

229 754 564 810 traditionis
619 764 816 805 causas
850 749 1071 801 videtur
1121 747 1251 800 dare
1298 761 1421 800 cum
1465 743 1597 800 dicit
1633 744 1675 774 ⁷¹
1713 759 1726 795 :
1758 740 1825 793 Et

225 849 374 902 sicut
399 861 504 898 non
530 841 878 912 probaverunt
903 839 1068 892 Deum
1103 838 1291 891 habere
1320 837 1376 890 in
1411 836 1681 899 notitiam,
1717 845 1828 888 tra-

231 941 376 992 didit
413 939 535 990 illos
583 935 722 989 Deus
759 935 814 988 in
847 933 1126 1001 reprobum
1176 945 1410 993 sensum,
1440 937 1497 982 ut
1529 929 1731 998 faciant
1765 943 1826 980 ea

227 1045 358 1096 qua?
389 1045 495 1081 non
526 1026 863 1090 conveniunt,
897 1023 1119 1091 repletos
1160 1022 1302 1074 omni
1333 1021 1635 1091 iniquitate,
1670 1018 1828 1072 mali-

230 1121 335 1182 tia,
368 1118 698 1186 ueterisque
731 1114 1055 1176 sceleribus,
1087 1126 1212 1181 quae
1258 1119 1660 1180 consequenter
1691 1125 1828 1164 enu-

229 1218 441 1264 merat.
499 1209 697 1262 Verum
762 1205 1143 1260 distinctiones
1200 1204 1319 1266 ista
1375 1217 1668 1258 causarum
1718 1217 1824 1255 non

229 1300 368 1354 mihi
419 1299 672 1354 videntur
701 1298 834 1351 satis
865 1311 1167 1366 congruere
1201 1295 1267 1350 ad
1301 1310 1389 1361 ea,
1425 1309 1544 1364 qum
1594 1293 1826 1363 singulis

229 1393 553 1463 quibusque
597 1391 837 1461 subjecta
894 1391 968 1461 (7)
1031 1397 1195 1453 sunt,
1246 1388 1497 1443 crimina.
1545 1383 1828 1454 Quomodo

231 1485 384 1540 enim
425 1483 759 1552 turpioribus
805 1481 1026 1552 ﬂagitiis
1058 1481 1296 1534 traditur
1330 1481 1374 1534 is
1424 1480 1516 1551 qui
1563 1488 1826 1535 creaturae

233 1579 436 1642 servit,
453 1579 624 1646 magis
640 1591 799 1645 quam
821 1573 1012 1644 illequi
1032 1573 1256 1643 gloriam
1280 1570 1710 1641 incorruptibilis
1732 1568 1824 1622 Dei

1929 555 2014 600 cta
2038 555 2184 610 sunt,
2215 545 2486 612 quomodo
2513 541 2653 596 Deus
2672 542 2884 596 tradere
2909 541 3109 595 dicitur
3134 556 3250 606 eos,
3274 556 3505 611 quorum

1931 647 2082 692 actus
2118 637 2435 690 etanimutn
2483 651 2512 688 a
2554 650 2612 689 se
2643 633 3010 689 declinantem
3051 642 3106 687 et
3142 634 3507 702 indulgentem

1931 731 2076 784 vitiis
2107 728 2445 784 abhorrescit
2489 735 2544 779 et
2586 725 2814 789 deserit,
2847 727 3114 780 eteadem
3144 735 3390 794 repetere
3421 741 3512 780 suo

1931 823 2193 894 perﬂuum
2222 831 2373 891 puto.
2408 818 2523 873 Duo
2559 827 2685 872 sunt
2717 833 2849 871 sane
2880 832 3000 885 quae
3043 816 3096 870 in
3133 819 3234 871 hoc
3274 817 3390 872 loco
3425 818 3509 870 in-

1911 918 2100 972 dicari
2154 929 2303 977 reor,
2337 927 2569 982 quorum
2597 912 2832 966 alterum
2865 911 3139 980 designari
3180 911 3394 966 videtur
3440 927 3508 966 ex

1932 1009 2126 1063 aitero.
2180 1006 2402 1058 Certum
2456 1017 2693 1070 namque
2740 1010 2822 1056 est
2850 1040 2864 1064 ,
2902 1002 3043 1068 quod
3093 1001 3138 1056 si
3179 1016 3506 1069 quemquam

1901 1133 1906 1136 ε
1934 1098 2222 1154 tradiderit
2248 1095 2362 1167 (l0)
2395 1093 2538 1148 Deus
2563 1093 2644 1146 vel
2677 1094 2730 1146 in
2763 1094 3034 1148 desideria
3081 1093 3262 1147 cordis
3295 1095 3398 1156 sui,
3425 1091 3508 1149 vel

1909 1192 1986 1245 in
2015 1187 2296 1258 passiones
2344 1184 2691 1256 ignominiae;
2715 1183 2799 1236 vel
2833 1184 2884 1236 in
2937 1183 3225 1250 reprobum
3256 1196 3502 1249 sensum,

1931 1281 2191 1337 continuo
2249 1288 2508 1346 tanquam
2559 1277 2610 1329 in
2671 1287 2814 1329 terra
2867 1275 3102 1343 pessima
3135 1283 3188 1327 et
3237 1277 3509 1342 reprobo,

1930 1373 2110 1428 omnis
2145 1370 2234 1424 illa
2271 1369 2323 1423 in
2357 1383 2421 1422 eo
2457 1367 2547 1436 qui
2583 1365 2842 1428 traditur,
2877 1379 3034 1433 seges
3058 1364 3351 1418 criminum
3397 1381 3510 1420 sur-

1930 1474 2042 1536 gat.
2075 1464 2140 1517 Et
2185 1475 2400 1516 rursum
2425 1460 2468 1515 si
2500 1459 2645 1529 quis,
2688 1473 2809 1513 cum
2842 1456 3156 1528 cognoverit
3185 1456 3373 1521 Deum,
3406 1473 3511 1512 non

1905 1580 1907 1582 ·
1931 1557 2066 1610 sicut
2094 1553 2261 1607 Deum
2291 1549 2620 1619 tnagnilicet,
2643 1557 2732 1602 aut
2761 1547 2968 1618 gratias
2993 1555 3136 1615 agat,
3166 1547 3260 1600 sed
3284 1547 3354 1601 sit
3389 1547 3512 1603 talis

236 1671 289 1723 in
327 1635 751 1724 similitudinem
790 1635 1440 1732 imaginisvcorrnptibilis
1480 1635 1742 1724 hominis,
1771 1669 1826 1714 et
1857 1665 1900 1720 B
1929 1645 2148 1716 qualem
2202 1657 2298 1712 per
2323 1641 2534 1732 singula
2571 1638 2920 1732 apostolicus
2957 1651 3137 1732 sermo
3183 1635 3510 1732 descripsit.

235 1762 555 1822 volucrum,
585 1769 638 1814 et
665 1756 1101 1827 quadrupedum,
1157 1765 1210 1810 et
1252 1755 1590 1825 serpentium
1642 1761 1822 1805 muta-

235 1855 312 1906 sit
333 1853 362 1906 ?
398 1853 510 1905 Aut
538 1847 809 1920 quomodo
832 1863 997 1916 supra
1026 1856 1320 1915 utrumque
1348 1846 1543 1902 horum
1580 1843 1724 1898 velut
1747 1842 1824 1914 (8)

234 1943 490 1998 examini
547 1942 758 1996 cuidam
801 1939 1090 1993 traduntur
1143 1939 1406 1994 malorum
1465 1939 1519 1993 hi
1573 1937 1662 2007 qui
1721 1950 1825 1990 nou

234 2036 620 2105 probaverunt
655 2032 819 2086 Deum
849 2029 1054 2086 habere
1101 2030 1154 2085 in
1188 2029 1481 2086 notitiam?
1519 2029 1674 2085 Unde
1709 2043 1828 2082 ma-

234 2128 320 2198 gis
353 2127 498 2181 mihi
533 2127 788 2181 videntur
813 2141 1002 2180 omnes
1041 2125 1124 2179 hac
1163 2139 1363 2187 causai,
1404 2138 1526 2192 quze
1572 2122 1827 2177 traditio-

235 2219 408 2274 nibus
433 2218 667 2290 singulis
695 2217 1086 2288 prznl'eruutur,
1125 2216 1178 2270 in
1216 2233 1381 2270 unum
1416 2216 1826 2279 coacervandte,

236 2321 292 2367 et
347 2326 551 2365 rursus
575 2311 951 2364 \traditionum
997 2309 1206 2378 species
1236 2309 1287 2362 in
1325 2324 1516 2374 unum,
1564 2319 1622 2362 ιιι
1654 2307 1825 2378 (verbi

237 2411 438 2469 causa)
465 2401 539 2453 ita
574 2400 816 2454 dicamus
853 2415 867 2453 :
903 2397 1167 2464 Quoniam
1192 2399 1412 2466 quidem
1443 2393 1688 2453 homines
1711 2414 1830 2452 mu-

238 2501 507 2546 taverunt
539 2489 763 2560 gloriam
815 2489 1248 2556 incorruptibilis
1276 2488 1368 2542 Dei
1411 2489 1463 2542 in
1515 2487 1830 2541 similitudi-

237 2597 364 2637 nem
401 2580 666 2652 imaginis
715 2577 1087 2648 corruptibilis
1118 2578 1376 2642 hominis,
1413 2587 1466 2632 et
1499 2577 1782 2631 volucrum
1810 2615 1826 2642 ,

237 2687 292 2729 et
345 2673 795 2745 quadrupedum,
829 2681 884 2726 et
936 2669 1267 2739 serpentium
1297 2687 1312 2734 ;
1349 2680 1402 2723 et
1431 2671 1558 2738 quia
1587 2685 1833 2725 comnm-

237 2775 511 2822 taverunt
557 2766 846 2820 veritatem
889 2763 983 2817 Dei
1034 2762 1085 2814 in
1121 2761 1499 2826 mendacium,
1534 2772 1591 2816 et
1641 2761 1830 2816 coluco

237 2865 396 2926 runt,
441 2863 500 2909 et
524 2853 827 2907 servierunt
861 2859 1128 2905 creaturae
1158 2851 1334 2919 potius
1365 2867 1526 2922 quam
1557 2851 1827 2916 Creatori,

237 2962 340 3002 nec
376 2945 756 3014 probaverunt
807 2943 970 2996 Deum
1019 2939 1225 2995 habere
1273 2941 1326 2996 in
1378 2942 1625 2996 notitiam
1660 2959 1672 2995 :
1706 2957 1830 3012 pro-

237 3047 362 3107 pter
392 3038 516 3091 haec
535 3035 716 3090 omnia
754 3033 976 3087 tradidit
1008 3048 1102 3088 eos
1135 3033 1275 3088 Deus
1307 3034 1358 3088 in
1384 3033 1670 3088 desideriis
1701 3008 1825 3088 cor—
1858 3008 1900 3066 δ

237 3129 325 3183 dis
346 3143 550 3183 corum
587 3127 641 3180 in
667 3124 1092 3189 immunditiam,
1125 3135 1184 3179 ut
1223 3125 1566 3181 contumeliis
1588 3124 1827 3180 alliciant

235 3235 484 3290 corpora
519 3235 651 3283 sua;
703 3226 754 3271 et
788 3216 1013 3270 tradidit
1042 3231 1134 3270 eos
1171 3216 1223 3270 in
1271 3217 1556 3286 passiones
1589 3217 1824 3286 ignomi-

233 3316 371 3378 niae,
400 3322 462 3366 ut
489 3310 706 3365 femina:
727 3324 914 3363 eorum
939 3306 1289 3364 immutarem
1311 3309 1616 3363 naturalem
1646 3323 1823 3373 usum,

239 3406 292 3460 iu
323 3419 459 3459 eum
493 3404 584 3471 qui
621 3411 775 3456 extra
815 3413 1066 3458 naturam
1095 3412 1204 3456 est.
1237 3401 1503 3456 Similiter
1527 3415 1742 3470 quoque
1773 3409 1828 3454 et

237 3495 476 3551 masculi
505 3494 607 3564 (9),
635 3493 824 3548 relicto
849 3493 1083 3562 naturali
1123 3509 1220 3548 usu
1269 3493 1504 3557 feminae,
1534 3491 1830 3546 accenden-

238 3598 329 3643 tur
359 3587 426 3640 in
458 3585 788 3640 desiderium
827 3585 912 3639 sui
963 3584 1216 3651 invicem,
1261 3586 1491 3640 masculi
1526 3585 1579 3637 in
1615 3597 1828 3637 mascu-

235 3679 326 3734 los
383 3678 775 3746 turpitudinem
827 3685 1139 3745 operantes.
1193 3679 1298 3732 Sed
1348 3689 1397 3733 et
1458 3677 1683 3732 tradidit
1732 3689 1826 3730 eos

237 3770 396 3827 Deus
430 3772 484 3826 in
515 3772 812 3841 reprobum
845 3788 1084 3839 sensum,
1119 3782 1178 3827 ut
1226 3772 1422 3826 faciant
1458 3789 1520 3827 ea
1566 3787 1686 3840 qua:
1718 3787 1825 3825 non

239 3862 606 3928 conveniunt,
635 3865 762 3932 quia
793 3871 950 3918 erant
975 3862 1165 3932 repleti
1197 3863 1342 3917 omni
1382 3861 1689 3930 iniquitate,
1711 3875 1826 3913 ma-

239 3955 394 4018 litia,
421 3955 772 4024 nequitiaque
805 3963 858 4009 et
892 3955 1142 4018 avaritia,
1181 3955 1435 4024 plenique
1473 3962 1633 4006 erant
1683 3953 1826 4006 invi-

243 4047 360 4109 dia,
391 4041 729 4110 hoinicidiis,
776 4043 1149 4109 contentione,
1181 4045 1327 4108 dolo,
1359 4053 1414 4098 et
1444 4044 1680 4107 etcteris,
1705 4059 1825 4114 qua:

241 4136 460 4204 scripta
497 4114 676 4201 ἳιιιιι,
731 4135 887 4189 malis
935 4153 948 4188 :
995 4137 1197 4205 quique
1227 4149 1364 4188 cum
1436 4136 1825 4201 cognovissent

237 4227 519 4296 justitiam
559 4224 673 4291 Dei,
706 4241 812 4282 non
851 4225 1234 4281 intellexerunt
1267 4226 1409 4280 hanc
1457 4240 1599 4291 esse,
1638 4225 1823 4296 utqui

245 4319 384 4373 talia
415 4327 581 4385 agurit
608 4317 753 4387 digni
784 4317 896 4372 sint
921 4326 1116 4383 morte,
1149 4331 1253 4370 non
1285 4316 1457 4370 solum
1487 4318 1580 4386 qui
1612 4317 1823 4372 faciunt

244 4409 367 4476 illa,
407 4413 506 4464 sed
536 4409 708 4479 etqui
741 4410 1083 4464 consentiunt
1115 4408 1462 4464 facientibus.
1491 4409 1555 4464 Et
1585 4411 1709 4464 ideo
1727 4425 1826 4478 pro

243 4501 337 4557 Isis
368 4500 623 4566 omnibus
657 4500 810 4574 malis
855 4499 1255 4553 incxcusabiles
1289 4509 1452 4553 erunt
1482 4541 1496 4567 ,
1528 4501 1653 4553 dum
1691 4500 1826 4555 alios

245 4592 300 4647 in
343 4581 434 4646 his
463 4583 628 4659 ,qute
660 4575 768 4658 ipsi.
790 4599 953 4659 agunt
981 4591 1008 4655 ,'
1029 4588 1326 4642 sceleribus
1369 4597 1424 4644 et
1451 4589 1720 4657 iudicant,
1772 4597 1827 4642 et

247 4683 641 4740 condemnant.
676 4681 747 4734 De
787 4696 843 4734 sc
884 4681 1030 4734 enim
1068 4679 1384 4748 pronuntiat
1431 4681 1576 4750 quis,
1603 4695 1724 4734 cum
1761 4680 1827 4735 de

249 4775 336 4831 his
371 4759 492 4844 quas
523 4761 638 4841 ipse
665 4771 977 4837 committit,
1014 4766 1178 4824 alium
1210 4769 1381 4839 punit.
1426 4769 1680 4823 Arbitror
1715 4782 1819 4822 au-

319 4895 368 4928 "
399 4892 561 4946 Rom.
591 4907 630 4954 ι,
659 4889 752 4951 28,
788 4903 901 4957 seq.

323 4989 402 5122 ρ)
439 4983 706 5054 subjecta.
753 4981 911 5042 Editi,
948 4979 1174 5048 objecta.

348 5058 401 5118 8)
435 5055 604 5114 Velut.
633 5054 796 5116 Editi,
831 5053 925 5104 vel.

348 5053 401 5118 si
435 5053 604 5114 Velut.
633 5054 796 5116 Editi,
831 5053 925 5104 vel.

323 5114 401 5210 (9)
427 5123 566 5210 E‘ditli
602 5133 653 5177 et
690 5114 819 5210 mss.
843 5114 1402 5210 ‘Dler'l'llllc,nsllttilller
1433 5123 1603 5196 autem
1632 5123 1679 5196 et
1708 5130 1820 5195 ina-

253 5185 409 5255 sctili.
449 5193 552 5249 Sed
599 5206 645 5246 et
675 5191 900 5244 tradidit
947 5185 1064 5242 illos
1112 5189 1286 5248 Deus,
1321 5195 1451 5255 etc..
1492 5185 1707 5238 omissis
1738 5185 1822 5236 in-

258 5254 562 5327 termediis,
594 5275 712 5331 qua:
761 5260 1124 5314 restituuntur
1173 5273 1236 5312 ex
1293 5270 1394 5309 ms.
1437 5254 1628 5322 Regio,
1668 5268 1819 5308 num.

326 5337 354 5364 9

326 5337 354 5364 -ι

471 5403 552 5487 Ita
587 5399 918 5487 msuite‘gius
944 5412 1095 5487 pum:
1129 5394 1658 5487 163.9}.Ci‘eteripvero
1686 5407 1818 5487 mss:

263 5461 433 5530 nostri
456 5514 472 5540 ,
504 5481 560 5527 et
593 5471 758 5524 editio
794 5461 994 5540 veneta
1027 5463 1308 5540 Theophili
1337 5464 1646 5540 _Salodiaui_.
1677 5461 1821 5531 quod

261 5546 305 5598 si
342 5533 555 5615 quidem
597 5539 898 5615 tradiderit,
931 5547 1036 5590 etc.
1072 5535 1175 5588 Alii
1220 5533 1370 5615 e't‘liti,
1421 5534 1560 5601 quod
1597 5533 1641 5585 si
1663 5545 1821 5615 quem

263 5599 562 5675 tradiderit,
594 5619 698 5665 etc.
731 5607 898 5661 Paulo
943 5616 1063 5672 post
1095 5620 1197 5656 ms.
1237 5599 1441 5671 Regius
1471 5617 1618 5675 uum_.
1657 5599 1818 5675 lli“,

265 5684 427 5737 omnis
467 5671 612 5735 mala
646 5679 701 5731 in
733 5694 885 5730 eo....
930 5671 1072 5742 seges
1109 5675 1404 5735 criminum,
1438 5681 1542 5726 etc.
1579 5671 1682 5725 Sed
1715 5683 1822 5722 etn-

266 5754 362 5809 teri
385 5766 522 5809 mss.
560 5758 615 5805 et
639 5749 768 5804 editi
798 5756 853 5802 ut
879 5747 932 5800 in
967 5753 1128 5798 textu.

1930 1736 2152 1790 dubium
2207 1747 2314 1786 non
2361 1741 2445 1785 est
2494 1727 2868 1796 hujuscemodi
2906 1726 3142 1779 animam
3200 1727 3513 1781 derelictam

1929 1841 2050 1881 esse
2079 1841 2108 1878 a
2140 1823 2273 1882 Deo.
2304 1830 2360 1874 et.
2385 1820 2668 1874 traditam.
2696 1817 2886 1887 Neque
2927 1817 3077 1870 enim
3126 1816 3382 1884 possibile
3431 1823 3518 1874 est

1929 1935 2052 1974 cum
2081 1918 2165 1972 his
2197 1915 2354 1970 malis
2389 1914 2764 1968 habitaculum
2808 1926 2932 1966 esse
2959 1909 3092 1974 Deo,
3123 1919 3217 1963 aut
3251 1909 3366 1964 hare
3392 1924 3510 1966 ma-

1929 2011 1976 2064 la
2005 2011 2130 2064 inde
2156 2010 2450 2078 procedere
2483 2006 2572 2060 ubi
2609 2005 2822 2059 habitat
2850 2002 3012 2058 Deus.
3047 2003 3250 2059 Verum
3295 2008 3421 2075 quia
3457 2006 3512 2061 in

1930 2104 2016 2158 his
2045 2103 2220 2155 tribus
2253 2101 2536 2154 universas
2560 2097 2861 2167 impietatis
2909 2098 3122 2166 species
3160 2113 3517 2156 enumerasse

1932 2196 2152 2250 videtur
2178 2192 2495 2264 Apostolus,
2535 2191 2620 2244 vel
2645 2206 2836 2245 eorum
2879 2190 2974 2259 qui
3017 2190 3156 2244 idola
3190 2191 3400 2254 colunt,
3431 2192 3512 2248 vel

1931 2303 2116 2343 eorum
2151 2286 2242 2354 qui
2275 2293 2541 2339 creaturae
2588 2284 2904 2337 deserviunt
2945 2284 3127 2353 potius
3153 2297 3315 2353 quam
3340 2284 3511 2338 Crea-

1933 2379 2060 2444 tori,
2097 2379 2190 2433 sed
2226 2386 2280 2430 et
2304 2390 2492 2430 eorum
2523 2375 2613 2444 qui
2645 2389 2749 2427 non
2801 2374 3177 2442 probaverunt
3209 2372 3375 2428 Deum
3415 2373 3514 2427 ha-

1932 2474 2060 2526 bere
2103 2471 2158 2524 in
2208 2468 2458 2523 notitiam
2495 2483 2509 2522 :
2545 2467 2598 2520 in
2632 2480 2862 2534 quorum
2897 2465 3075 2535 primo
3110 2465 3267 2519 titulo
3307 2464 3514 2534 promi-

1931 2579 2061 2619 scue
2099 2561 2317 2630 pagani,
2355 2559 2408 2612 in
2457 2558 2566 2612 alio
2610 2556 2888 2626 sapientes
2909 2571 3098 2612 eorum
3122 2567 3176 2612 et
3202 2554 3511 2625 phiI050phi

1933 2656 2293 2724 designantur
2331 2670 2345 2706 :
2379 2659 2512 2721 puto
2560 2650 2702 2719 quod
2754 2648 2806 2702 in
2859 2649 2961 2703 hoc
2995 2647 3156 2702 tertio
3205 2647 3514 2703 iudicentur

1932 2747 2174 2804 hmretiei
2203 2746 2287 2802 vel
2334 2747 2636 2799 creatorem
2671 2740 2842 2795 Deum
2891 2749 3172 2810 negantes,
3215 2739 3297 2794 vel
3329 2740 3515 2794 diver-

1935 2857 2024 2895 sas
2057 2837 2421 2908 blasphemias
2449 2835 2503 2888 in
2551 2832 2840 2888 Excelsum
2889 2832 3194 2901 loquentes.
3251 2830 3420 2900 Igitur
3461 2831 3512 2887 si

1935 2930 2133 3000 singuli
2167 2929 2282 2999 (ll)
2317 2929 2520 2996 quique
2558 2926 2777 2987 horum,
2802 2937 2940 2992 quos
2983 2937 3150 2990 supra
3193 2921 3431 2976 diximus
3455 2921 3510 2974 in

1933 3023 2084 3080 cultu
2113 3022 2418 3076 divinitatis
2453 3033 2661 3082 errare,
2684 3017 2883 3071 talibus
2911 3013 3176 3069 malorum
3215 3012 3385 3067 titulis
3413 3013 3510 3066 de-

1934 3119 2241 3189 signantur,
2293 3127 2390 3167 nos
2426 3112 2515 3180 qui
2551 3095 2802 3166 videmur
2835 3110 2888 3162 in
2936 3107 3177 3162 Ecclesia
3213 3119 3335 3160 esse
3373 3104 3512 3175 (Ω),

1935 3216 1990 3262 et
2042 3206 2201 3260 tidem
2262 3210 2466 3256 rectam
2527 3208 2756 3263 tenere,
2807 3195 3218 3251 consideremus
3276 3196 3516 3244 nosmet-

1936 3299 2103 3368 ipsos,
2137 3301 2191 3349 et
2223 3291 2373 3346 omni
2409 3289 2906 3359 circumspectione
2934 3297 3230 3354 pensemus
3275 3297 3342 3334 ne
3375 3281 3514 3335 forte

1934 3391 2051 3445 solo
2079 3389 2145 3441 ab
2184 3387 2268 3440 his
2299 3385 2416 3439 veri
2462 3383 2639 3438 cultus
2675 3381 2894 3435 nomine
2923 3375 3198 3447 separati,
3239 3374 3404 3429 rebus
3430 3374 3514 3428 eis

1935 3491 2099 3549 atque
2135 3478 2347 3532 actibus
2382 3474 2676 3529 sociemur.
2706 3468 2929 3539 Certum
2965 3478 3049 3522 est
3076 3467 3220 3521 enim
3262 3465 3385 3533 quia
3413 3465 3512 3534 qui

1936 3569 2314 3642 (verbicausa)
2343 3565 2582 3634 repletus
2609 3569 2694 3616 est
2718 3561 3024 3627 iniquitate,
3059 3556 3288 3620 malitia,
3320 3555 3515 3624 nequi-

1937 3665 2034 3728 tia,
2089 3660 2344 3722 avaritia,
2398 3671 2504 3709 non
2540 3651 2791 3722 probavit
2823 3649 2932 3720 (15)
2993 3648 3157 3701 Deum
3207 3647 3412 3700 habere
3455 3645 3510 3699 iu

1934 3751 2206 3814 notitiam,
2255 3757 2308 3800 et
2358 3754 2442 3799 est
2493 3745 2560 3797 de
2607 3753 2832 3795 numero
2875 3752 3060 3791 eorum
3103 3749 3240 3802 quos
3289 3731 3514 3787 tradidit

1935 3843 2077 3898 Deus
2107 3842 2159 3895 in
2211 3837 2505 3907 reprobum
2559 3845 2802 3905 sensum.
2837 3829 2899 3883 Et
2935 3827 3129 3882 iterum
3161 3838 3393 3895 quorum
3433 3821 3511 3877 le-

1935 3937 2113 3998 minae,
2164 3931 2244 3986 vel
2276 3926 2520 3988 masculi,
2561 3923 2748 3979 relicto
2777 3918 3008 3977 naturali
3044 3932 3168 3982 usu,
3204 3915 3513 3970 accendun-

1936 4035 2022 4081 tur
2046 4025 2098 4078 in
2131 4038 2252 4076 eum
2275 4033 2429 4073 usum
2452 4015 2546 4084 qui
2574 4023 2759 4070 contra
2787 4021 3038 4066 naturam
3063 4016 3166 4073 est,
3191 4015 3400 4060 certum
3429 4013 3512 4058 est

1934 4115 2056 4188 quia
2090 4129 2157 4168 ex
2190 4112 2404 4166 illorum
2433 4121 2660 4162 numero
2683 4114 2810 4158 sunt
2835 4101 2926 4172 qui
2959 4100 3208 4155 serviunt
3240 4105 3508 4150 creatura:

1934 4208 2113 4279 potius
2146 4219 2308 4276 quam
2339 4199 2612 4263 Creatori,
2635 4207 2689 4252 et
2721 4211 2855 4266 quos
2892 4193 3111 4248 tradidit
3135 4191 3277 4245 Deus
3306 4188 3360 4242 in
3384 4200 3511 4256 pas-

1934 4303 2111 4357 siones
2139 4295 2462 4367 ignominite.
2505 4290 2614 4346 Sed
2639 4300 2693 4346 et
2726 4291 2770 4346 si
2803 4286 2892 4359 qui
2925 4285 2976 4339 in
3009 4280 3348 4337 immunditia
3378 4291 3512 4334 cou-

1860 4360 1904 4415 D
1937 4392 2174 4449 tumeliis
2210 4387 2448 4443 alliciant
2493 4398 2722 4453 corpora
2771 4395 2905 4443 sua,
2958 4393 3022 4430 ex
3077 4373 3182 4428 illis
3234 4377 3360 4424 sunt
3407 4367 3503 4436 qui

1934 4491 2402 4544 commutaveruut
2429 4477 2653 4548 gloriam
2677 4467 3106 4540 incorruptibilis
3145 4462 3236 4517 Dei
3275 4461 3326 4514 in
3360 4458 3511 4514 simi-

1935 4581 2214 4636 litudinem
2263 4573 2518 4643 imaginis
2563 4567 2840 4629 hominis;
2902 4562 3002 4616 nisi
3045 4557 3191 4629 quod
3225 4554 3338 4625 (Η)
3384 4567 3512 4643 gra-

1933 4673 2085 4727 viore
2113 4642 2402 4732 sacrilegio
2436 4663 2482 4716 is
2509 4659 2598 4729 qui
2619 4658 2731 4728 jam
2764 4653 2938 4708 lldelis
2963 4661 3067 4713 est,
3099 4645 3358 4716 templum
3387 4642 3505 4708 Dei,

1932 4780 2093 4837 quam
2139 4758 2400 4832 profanus
2429 4754 2606 4809 adhuc
2641 4749 2898 4819 templum
2951 4742 3290 4800 contaminat
3338 4737 3509 4794 idolo-

1997 4967 2110 5040 (ΙΙ)
2138 4963 2362 5040 Etlitiet
2389 4975 2489 5040 ms.
2521 4974 2687 5040 unus,
2723 4957 2900 5040 [ﬁgitur
2922 4955 3138 5040 singuli.

1999 5027 2112 5110 lli)
2151 5036 2312 5110 ljditi,
2345 5034 2400 5086 in
2434 5029 2667 5110 Ecclesia
2719 5027 3118 5110 [idemnrectam
3167 5032 3361 5110 tenere,
3393 5032 3503 5110 etc:

1999 5091 2110 5182 (15)
2145 5106 2240 5182 Sic
2267 5091 2398 5158 mss.
2429 5112 2484 5157 et
2513 5091 2786 5182 Ιὶιιιιειιιιιεἶ
2822 5097 3135 5182 lﬂdilivero,
3168 5091 3490 5164 quia'(verbi

1925 5169 2106 5243 causa}
2133 5175 2446 5243 repletus....
2468 5189 2569 5243 non
2599 5169 3011 5243 probatu_r,_e}c.

2004 5233 2118 5320 (ιι)
2148 5233 2224 5320 ιιὶι
2251 5260 2353 5320 ins.
2390 5233 2766 5320 Regiusnum.
2817 5233 3268 5320 ιβδξιλδῑῃιιιιιες
3300 5243 3354 5287 et
3389 5234 3502 5318 tta-

1930 5304 2126 5382 baitus’,
2164 5315 2264 5370 nisi
2296 5313 2443 5384 quod
2472 5304 2713 5372 omittat,
2742 5309 2794 5360 in
2827 5304 3223 5384 similitudinem
3247 5304 3503 5384 imaginis

1930 5373 2180 5446 hominis.
2226 5373 2420 5439 Cte'leri
2481 5395 2608 5434 vero
2645 5393 2774 5431 mss.
2814 5385 2866 5430 et
2893 5375 3018 5428 editi
3045 5413 3060 5439 ,
3108 5375 3199 5426 sed
3239 5383 3288 5426 et
3336 5377 3380 5426 si
3402 5373 3506 5446 qui

1927 5443 2265 5514 immunditiis
2310 5469 2358 5506 et
2404 5446 2732 5504 contumeliis
2779 5446 3012 5514 afﬁciant
3061 5453 3187 5510 (ius.
3219 5458 3358 5497 unus
3401 5443 3506 5514 lie-

1929 5513 2083 5600 igius,
2107 5527 2278 5600 s_e_d_et
2306 5524 2492 5600 q_ui....
2521 5515 2791 5600 oﬂiciunt).
2816 5513 3044 5577 corpora
3101 5529 3196 5565 sua
3226 5551 3262 5600 ,Ι
3291 5529 3354 5600 είς
3395 5513 3507 5595 illis

1927 5581 2216 5666 :nnt'(editi
2236 5581 2501 5666 omittunt
2525 5581 2670 5666 sunt)
2701 5581 2791 5666 qui
2812 5589 3263 5644 commutaverunt
3279 5581 3506 5652 gloriam

1933 5657 2348 5733 incorruptibilis
2386 5660 2513 5722 Dei;
2549 5657 2649 5710 nisi
2681 5657 2826 5727 quia,
2858 5665 2964 5710 etc.

3509 5782 3522 5816 ἰ
