3974 6206
561 325 657 378 871

2041 307 2364 366 ORIGEMS
3681 311 3763 367 372

561 455 701 494 rum.
732 437 846 492 Non
871 439 1036 510 476
1065 444 1150 491 est
1181 451 1313 490 sane
1353 437 1760 506 prteterenndus
1790 451 1857 490 ne
1893 433 1996 490 iste
2023 435 2137 504 qui-
2164 439 2209 495 Α
2242 430 2478 500 imagine
2513 427 2605 480 Dei
2653 435 2860 492 errant,
2892 425 3114 479 audiam
3139 438 3299 494 quem
3343 423 3487 479 dicat
3512 438 3627 479 esse
3649 430 3765 496 Apo-

562 531 682 584 dem
703 528 1033 599 apostolicus
1057 541 1258 594 sermo,
1283 527 1332 580 in
1368 544 1476 598 quo
1495 528 1680 582 dicens
1707 527 1841 597 (lii),
1877 526 2130 596 quoniam

562 629 1006 676 commutaverunt
1065 619 1288 690 gloriam
1347 620 1760 689 incorruptibilis
1813 619 1905 672 Dei
1955 620 2010 671 in
2055 620 2132 671 si-

559 710 908 764 militudinem
954 711 1201 778 imaginis
1252 713 1498 777 hominis,
1544 727 1647 764 non
1697 712 1869 765 solum
1910 726 2008 765 eos
2041 710 2132 780 qni

560 799 701 853 idola
753 800 940 855 colunt
993 816 1223 871 arguere
1251 842 1266 865 ,
1319 803 1413 857 sed
1460 813 1513 856 ct
1547 803 2135 871 Anthropmnorphitas

558 890 945 958 intelligendus
1004 903 1090 946 est
1139 894 1420 948 confutare
1463 894 1618 964 (l6),
1659 894 1749 962 qui
1794 893 1846 946 in
1895 892 2133 946 Ecclesia

557 980 721 1048 positi
749 981 1038 1048 imaginem
1074 999 1392 1054 corpoream
1423 983 1683 1048 hominis,
1713 984 1803 1037 Dei
1836 997 1958 1037 esse
1994 984 2135 1037 itaa-

558 1069 738 1138 ginem
767 1071 978 1134 dicunt,
1007 1073 1322 1142 ignorantes
1359 1075 1487 1127 illml
1524 1075 1665 1142 quod
1697 1074 1748 1127 in
1777 1073 1972 1128 Genesi
2002 1073 2138 1127 scri-

560 1171 711 1228 ptum
746 1173 852 1225 est,
883 1165 949 1216 ad
989 1165 1278 1234 imaginem
1316 1161 1407 1219 Dei
1435 1167 1636 1220 faczum
1660 1180 1780 1220 esse
1813 1165 2086 1219 hominem
2120 1183 2133 1218 :

561 1252 627 1305 de
655 1268 763 1320 quo
791 1254 1010 1308 homine
1049 1256 1177 1324 quid
1231 1257 1575 1309 sentiendum
1621 1257 1712 1319 sit,
1765 1257 1832 1309 ab
1881 1255 2139 1323 Apostolo

562 1344 950 1410 interpretatur
996 1358 1117 1396 eutn
1167 1344 1300 1397 dicit
1345 1344 1457 1412 (l7)
1493 1362 1505 1397 :
1548 1344 1872 1412 Deponentes
1922 1354 2136 1397 veterem

562 1432 822 1486 hominem
863 1450 979 1486 cum
1009 1435 1215 1489 actibus
1259 1439 1368 1490 suis
1399 1438 1464 1497 ⁷³,
1508 1447 1555 1490 et
1605 1437 1876 1489 induentes
1908 1452 2094 1488 novum
2121 1475 2137 1500 ,

560 1525 652 1593 qui
689 1526 976 1576 secundum
1019 1525 1182 1578 Deum
1227 1537 1435 1580 creatus
1461 1537 1536 1578 est
1567 1528 1632 1579 ⁷³.
1665 1526 1832 1579 Audis
1865 1525 1992 1592 quia
2041 1539 2140 1579 no-

563 1631 686 1668 vum
747 1615 1020 1669 hominem
1071 1617 1202 1670 dicit
1263 1617 1561 1672 secundum
1627 1617 1792 1670 Deum
1843 1615 2142 1670 creatum?

565 1702 719 1758 llunc
750 1714 928 1758 autem
959 1707 1207 1759 eumdem
1253 1721 1450 1760 novum
1492 1707 1788 1770 hominem,
1817 1706 1944 1760 alibi
1980 1705 2027 1736 ⁷⁸
2053 1706 2138 1759 in-

2235 523 2408 577 stolns
2455 521 2726 576 hominem
2761 520 2852 590 qui
2887 519 2956 574 ad
3006 518 3296 587 imaginem
3330 514 3424 572 Dei
3453 530 3656 574 creatas
3679 535 3762 588 est,

2235 632 2359 670 cum
2389 614 2456 668 ad
2487 611 2841 668 Colossenscs
2871 614 2973 665 hoc
3005 610 3164 663 modo
3195 609 3386 663 scribit
3421 627 3434 662 :
3481 607 3644 663 Nolite
3658 629 3764 666 mett-

2236 709 2364 770 tiri,
2418 705 2593 774 inquit
2619 743 2635 767 ,
2669 703 2950 769 spoliantes
2995 717 3081 755 vos
3114 710 3336 754 veterem
3387 699 3637 753 hominem
3676 719 3762 756 cm

2236 799 2443 852 actibus
2491 797 2624 859 suis,
2661 804 2709 848 et
2748 794 3022 846 induentes
3061 809 3283 856 uorum,
3313 792 3403 858 qui
3444 801 3759 850 renoeaturtl

2238 891 2500 959 agnitione
2545 885 2661 956 (18)
2719 884 3001 938 secundum
3039 886 3318 953 imaginem
3377 883 3492 951 ejus
3544 885 3626 951 qui
3654 900 3760 938 cres-

2239 981 2309 1035 tn't
2331 997 2447 1033 eum
2471 979 2538 1031 ".
2563 978 2639 1032 Ex
2669 977 2868 1046 quibus
2895 976 3176 1028 evidenter
3201 974 3462 1040 ostendit,
3497 976 3630 1042 quod
3653 975 3755 1032 inte-

2242 1073 2354 1125 rior
2383 1070 2566 1134 homo,
2609 1069 2698 1138 qui
2736 1083 2833 1136 per
2867 1067 3200 1135 agnitionem
3242 1076 3560 1131 renovatur,
3596 1067 3688 1136 ipse
3711 1069 3757 1122 sd

2242 1161 2535 1228 imaginem
2593 1159 2683 1213 Dei
2731 1167 2950 1212 creatus
2985 1166 3088 1213 cst.
3129 1158 3232 1224 Qui
3261 1165 3443 1210 autem
3490 1158 3755 1212 exteriorem

2241 1252 2516 1307 hominem
2545 1289 2560 1312 .
2611 1251 2662 1304 id
2693 1261 2774 1305 est
2807 1265 3130 1320 corporeum
3168 1261 3223 1303 et
3257 1250 3676 1318 corruptibilem,
3711 1251 3757 1304 ad

2243 1343 2530 1412 imaginem
2567 1341 2662 1396 Dei
2695 1357 2816 1396 esse
2839 1343 3047 1407 dicunt,
3085 1357 3206 1395 cum
3235 1342 3319 1396 his
3350 1340 3419 1394 ab
3451 1341 3758 1410 Apostoloso-

2239 1438 2475 1498 cientur,
2505 1436 2598 1504 qui
2628 1443 3096 1488 commutavcrunt
3121 1433 3356 1498 gloriam
3390 1432 3760 1501 incorruptibijs

2242 1526 2337 1581 Dei
2371 1528 2424 1580 in
2457 1525 2870 1580 similitudinem
2925 1525 3180 1593 imaginis
3230 1526 3602 1594 corruptibilis
3638 1527 3763 1580 benti-

2241 1617 2347 1670 nis.
2381 1615 2579 1669 Verum
2611 1616 2849 1684 oportuit
2877 1629 2943 1668 ne
2961 1613 3077 1667 hmo
3108 1614 3326 1682 quidem
3354 1616 3407 1668 in
3439 1617 3768 1686 explanatione

2241 1707 2521 1776 apostolici
2564 1707 2836 1762 sermonis
2879 1705 3082 1771 omitti,
3137 1715 3197 1760 ut
3239 1715 3294 1761 et
3345 1707 3396 1760 in
3453 1707 3554 1762 hoc
3581 1709 3767 1777 capitulo

563 1793 804 1846 teriorem
832 1795 1094 1847 hominem
1137 1805 1330 1848 vocat:
1366 1793 1774 1864 corruptibilem
1805 1807 1937 1846 vero
1968 1793 2136 1859 hunc,
2171 1785 2220 1841 Β
2247 1797 2486 1868 Apostoli
2542 1799 2683 1852 sicut
2729 1807 2783 1852 et
2829 1797 2880 1850 in
2928 1797 3139 1851 caeteris
3188 1797 3460 1866 plurimis,
3511 1801 3767 1868 Anthropo-

565 1885 720 1952 cujus
740 1884 829 1938 hic
879 1884 1168 1954 imaginem
1224 1886 1468 1954 respuit,
1520 1885 1846 1939 exteriorem
1877 1884 2142 1952 nominat,

566 1990 688 2028 cum
729 1976 902 2030 dicit:
944 1975 1083 2030 Nam
1120 1986 1168 2030 et
1211 1980 1256 2032 si
1304 1979 1352 2032 is
1390 1977 1480 2048 qui
1508 1976 1640 2045 [oris
1674 1985 1750 2028 est
1779 1975 1934 2028 homo
1962 1986 2143 2028 noster

566 2079 952 2137 corrumpatur,
995 2069 1088 2123 sed
1125 2070 1215 2139 qui
1260 2071 1403 2125 intus
1443 2080 1516 2124 est
1550 2078 1833 2122 renovatur
1868 2068 1935 2123 ".
1980 2068 2045 2121 Et
2087 2076 2143 2121 ut

562 2159 776 2230 planius
824 2161 1002 2215 adhuc
1053 2159 1172 2229 ejus
1202 2161 1530 2217 sententiam
1579 2161 1758 2216 sciant
1807 2160 1897 2214 isti
1949 2159 2038 2229 qui
2073 2161 2142 2214 de

2246 1887 2555 1957 morphitze,
2594 1888 2645 1941 id
2679 1896 2765 1942 cst
2803 1888 2896 1956 qui
2929 1902 3244 1956 corpoream
3272 1888 3383 1961 (19)
3427 1891 3650 1945 hominis
3673 1891 3770 1944 iuta-

2244 1978 2425 2047 ginetn
2455 2021 2469 2044 ,
2528 1979 2621 2033 Dei
2673 1993 2792 2034 esse
2832 1979 3125 2048 imaginem
3182 1981 3392 2046 dicunt,
3435 1982 3693 2036 convictos
3725 1997 3769 2037 se

2241 2077 2296 2123 et
2336 2069 2645 2152 confutatos
2683 2085 2804 2124 esse
2838 2081 3252 2140 cognoscerent.
3297 2071 3405 2126 Sed
3460 2087 3554 2126 nos
3597 2070 3694 2139 iam
3730 2073 3768 2128 in

2241 2161 2328 2217 his
2387 2163 2772 2218 continentiam
2827 2163 2990 2233 primi
3041 2164 3330 2220 voluminis
3374 2166 3744 2222 concludamus.

575 2380 3748 2404 mw

1656 2612 1925 2700 ΗΒΕ
1949 2613 2017 2698 Β
2107 2609 2759 2702 SECUNDUS.

640 3027 694 3084 1.
739 3046 758 3079 ι
790 3025 1008 3082 Scimus
1035 3035 1215 3079 autent
1237 3023 1492 3094 quoniam
1519 3021 1786 3092 judicium
1819 3021 1911 3076 Dei
1939 3030 2023 3077 est
2058 3035 2140 3076 se-
2168 3031 2212 3089 (ἶ
2245 3025 2407 3080 corda
2447 3025 2722 3082 hominum
2753 3026 2924 3081 'nossc
2954 3025 3120 3081 solius
3150 3023 3242 3081 Dei
3273 3037 3382 3092 est,
3413 3033 3466 3084 et
3497 3025 3673 3082 mentis
3697 3037 3773 3080 se-

567 3120 802 3174 cundum
833 3115 1118 3171 veritatem
1143 3116 1194 3168 in
1223 3129 1317 3169 eos
1347 3115 1436 3182 qtti
1473 3111 1598 3165 talia
1639 3121 1805 3181 agunt
1836 3112 1900 3171 ⁷⁷.
1929 3132 1946 3167 ι
1980 3111 2142 3167 Judi-

569 3211 711 3264 cium
743 3208 959 3278 quidem
1010 3206 1102 3261 Dei
1155 3205 1449 3260 secundum
1483 3202 1796 3264 veritatem.
1826 3217 1930 3254 non
1966 3203 2139 3256 solum

571 3301 624 3354 in
657 3316 749 3355 eos
764 3300 855 3370 qui
888 3298 1001 3352 haec
1032 3305 1200 3365 agunt
1232 3294 1616 3364 qumsnperins
1646 3303 1965 3346 enumerata
1990 3301 2140 3357 sunt,

569 3405 760 3442 verum
793 3399 846 3442 et
872 3389 927 3441 in
949 3402 1138 3441 omnes
1163 3387 1255 3455 qni
1287 3399 1504 3456 quoquo
1528 3384 1686 3439 modo
1716 3382 1838 3438 boni
1867 3385 1995 3455 quid
2027 3401 2146 3439 ma-

572 3478 676 3532 live
729 3477 842 3548 (20)
893 3486 1198 3548 gesserunt,
1233 3474 1658 3544 exspectandum
1701 3483 1784 3528 est
1831 3484 1886 3529 et
1919 3478 2146 3529 creden-

566 3573 715 3627 dam.
741 3570 844 3624 Sed
877 3569 1006 3622 illttd
1043 3578 1126 3622 est
1154 3569 1295 3638 quod
1339 3569 1391 3622 in
1433 3571 1550 3624 loco
1582 3572 1684 3625 hoc
1720 3572 1932 3626 videtur
1959 3581 2146 3626 osten-

565 3665 616 3718 di
650 3661 808 3734 :quia
841 3661 1006 3717 solius
1037 3661 1131 3715 Dei
1179 3661 1248 3716 sit
1275 3662 1383 3732 (2i)
1415 3663 1712 3716 secundum
1755 3664 2034 3717 veritatem
2058 3663 2148 3733 ju-

566 3761 786 3814 dicium.
855 3757 994 3813 Sunt
1049 3757 1193 3812 enim
1251 3759 1494 3828 quaedam
1557 3777 1676 3830 qua:
1739 3761 2148 3816 committuntur

567 3867 732 3920 opere
758 3853 974 3922 quidem
1007 3851 1180 3910 maio.
1217 3851 1398 3904 animo
1432 3861 1611 3905 autem
1645 3868 1752 3906 non
1794 3853 1934 3906 malo
1967 3869 1979 3904 :
2011 3863 2070 3907 ut
2102 3853 2146 3908 si

567 3951 714 4016 quis,
753 3949 900 4000 verbi
941 3962 1124 4007 causa,
1155 3943 1514 3998 homicidium
1546 3958 1648 3996 non
1682 3941 1961 3995 voluntate
1991 3955 2144 3994 com-

571 4039 800 4094 miserit.
844 4037 908 4088 Et
941 4037 1043 4088 alia
1079 4037 1212 4088 fiunt
1241 4051 1404 4104 opere
1443 4035 1662 4104 quidem
1700 4031 1874 4094 bono,
1901 4032 1999 4083 sed
2025 4031 2144 4083 ani-

573 4143 662 4182 mo
711 4143 818 4180 non
865 4127 1004 4181 bono
1033 4142 1046 4178 :
1074 4138 1131 4178 ιιι
1177 4127 1220 4180 si
1261 4127 1384 4195 quis
1417 4124 1873 4185 misericordiam,
1905 4137 2012 4175 non
2047 4137 2144 4190 pro

574 4218 830 4273 mandato
860 4215 950 4270 Dei
983 4214 1115 4288 (~12),
1151 4217 1244 4270 sed
1297 4226 1353 4268 nt
1406 4215 1654 4269 laudetur
1697 4214 1764 4268 ab
1808 4213 2140 4277 hominibus,

571 4310 754 4365 faciat.
785 4309 901 4362 Alia
933 4323 1066 4362 vero
1090 4316 1215 4360 sunt
1255 4307 1306 4360 in
1343 4307 1539 4376 quibus
1572 4307 1687 4359 sive
1719 4304 1772 4358 in
1803 4304 1970 4369 bono,
2029 4305 2146 4359 sive

2252 3129 2396 3174 creta
2452 3121 2790 3190 dignoscere,
2821 3121 3023 3175 idcirco
3054 3121 3166 3190 ipse
3195 3121 3345 3174 solus
3377 3127 3462 3175 est
3487 3121 3571 3190 qui
3612 3133 3772 3174 secun-

2249 3211 2377 3264 dmtt
2409 3214 2689 3266 veritatem
2721 3222 2899 3280 potest
2939 3211 3142 3267 habere
3163 3212 3454 3280 judicium.
3489 3210 3586 3266 Sed
3622 3208 3772 3276 requi-

2253 3306 2412 3371 ritur,
2441 3305 2485 3357 si
2516 3320 2640 3372 erga
2676 3319 2769 3357 eos
2803 3303 2916 3375 (24)
2946 3319 3172 3370 quorum
3201 3305 3445 3359 remissze
3468 3317 3585 3358 sunt
3611 3300 3772 3369 iniqui-

2253 3405 2389 3451 tates
2421 3413 2516 3466 pcr
2545 3397 2801 3465 baptismi
2836 3397 3086 3467 gratiam,
3122 3396 3205 3449 vel
3253 3411 3488 3465 quorum
3521 3405 3649 3450 tecta
3671 3400 3770 3446 sunt

2250 3502 2347 3555 per
2378 3491 2752 3557 pmnitentiam
2785 3500 3004 3558 peccata
3021 3488 3186 3553 ",vel
3215 3489 3416 3555 quibus
3450 3486 3767 3557 imputandum

2249 3593 2354 3631 non
2390 3589 2471 3632 est
2503 3589 2786 3648 peccatum
2822 3595 2920 3647 per
2952 3578 3198 3648 martyrii
3239 3579 3493 3648 gloriam,
3523 3576 3766 3632 secundum

2247 3670 2536 3722 veritatem
2581 3670 2828 3723 videatur
2859 3670 2998 3722 Deus
3038 3683 3257 3722 servare
3285 3667 3569 3734 judicium.
3599 3664 3768 3718 Veritas

2248 3759 2446 3825 quippe
2473 3758 2665 3826 judicii
2719 3760 2822 3813 hoc
2861 3758 3121 3828 postulat,
3155 3768 3210 3812 ut
3240 3758 3417 3812 malus
3451 3758 3602 3820 mala,
3628 3764 3673 3810 et
3699 3754 3768 3806 bo-

2248 3877 2348 3915 nus
2375 3863 2602 3932 recipiat
2634 3865 2774 3918 bona
2806 3881 2819 3918 :
2853 3874 2906 3918 et
2937 3865 3186 3932 quamvis
3213 3865 3350 3918 dona
3381 3873 3438 3918 et
3467 3861 3663 3931 largitio
3697 3856 3767 3910 Dei

2247 3983 2588 4040 nequaquam
2613 3971 2988 4025 curiositatem
3017 3970 3362 4025 discatientis
3382 3962 3768 4034 admittant(25).

2250 4083 2427 4129 tamen
2477 4075 2642 4128 etiam
2678 4076 2730 4129 iu
2765 4077 2868 4130 hoc
2894 4085 3094 4146 quanta
3142 4075 3214 4130 sit
3253 4074 3446 4142 judit-ii
3476 4073 3582 4141 e'pts
3607 4067 3768 4123 veritas

2248 4179 2624 4232 ostendamus.
2677 4179 2993 4234 Communis
3043 4177 3312 4248 professio
3357 4188 3444 4233 est
3479 4179 3762 4232 buttamann

2249 4282 2447 4338 debere
2503 4285 2734 4353 puniri,
2791 4300 2890 4340 nec
2948 4284 3148 4338 malum
3208 4284 3470 4352 consequi
3524 4283 3668 4336 bona.
3722 4272 3764 4324 Si

573 4403 628 4457 in
657 4401 816 4467 tnalo,
849 4400 1062 4454 animus
1090 4415 1209 4453 cunt
1242 4373 1405 4468 Opere
1435 4396 1545 4470 (25)
1573 4395 1894 4452 concordat.
1927 4397 1992 4450 Et
2021 4397 2144 4465 quia
2180 4390 2222 4444 Ι)
2251 4391 2372 4458 uuis
2430 4407 2558 4461 ergo
2608 4392 2680 4446 sit
2707 4432 2720 4456 ,
2767 4389 2916 4445 verbi
2955 4390 3127 4458 gratia
3149 4427 3164 4453 ,
3196 4388 3290 4457 qui
3323 4387 3497 4458 egerit
3525 4373 3766 4451 aliquando

681 4543 727 4576 "
755 4541 934 4597 Colos.
986 4554 1066 4603 ιιι,
1097 4538 1152 4591 9.

571 4614 617 4646 ⁷⁷
639 4612 800 4668 Rom.
831 4629 888 4677 t.,
919 4611 974 4665 2.
1075 4610 1120 4641 ⁷⁸
1152 4609 1293 4664 Psal.
1347 4606 1495 4674 xixn,
1526 4625 1566 4674 I,
1591 4606 1647 4661 2.

643 4749 755 4822 (l5)
795 4749 887 4805 Sic
939 4758 1086 4824 recte
1133 4763 1233 4802 ms.
1288 4747 1486 4824 [legitis
1519 4761 1668 4800 num.
1695 4743 1846 4824 16w
1873 4784 1889 4808 ,
1938 4741 2136 4824 quibus

570 4814 705 4878 satis
738 4814 1088 4874 consentiunt
1148 4821 1326 4874 caeteri
1387 4831 1518 4872 mss.
1575 4826 1630 4871 et
1695 4814 1994 4876 Raltanns,
2031 4814 2133 4865 nisi

569 4894 716 4963 quod
747 4891 836 4944 alii
865 4892 1095 4963 habeant
1128 4891 1278 4955 dicit,
1298 4891 1391 4963 alii
1417 4889 1736 4963 diciturpro
1763 4882 2131 4963 dicens.ll_5diti

569 4951 722 5028 vero,
759 4959 1204 5028 privtereuttdunt,
1254 4951 1316 5009 ne
1347 4960 1504 5028 istum
1540 4951 1750 5028 quidem
1789 4951 2133 5028 apostolicum

569 5021 856 5088 sermonem
877 5029 1065 5096 (editio
1100 5021 1324 5089 Veneta,
1351 5041 1413 5078 ne
1445 5021 1777 5093 istequidem
1802 5021 2124 5091 apostolicus

569 5101 764 5168 sermo)
791 5102 842 5152 in
871 5115 973 5168 quo
999 5099 1215 5161 dicitur,
1243 5106 1348 5150 etc.

641 5161 758 5243 (16)
800 5161 893 5243 Sic
927 5184 1054 5243 nias.
1099 5170 1342 5243 plerique
1394 5173 1448 5243 et
1495 5162 1771 5243 Rabanns.
1804 5161 1944 5243 Editi
1976 5174 2130 5224 vero,

567 5233 658 5296 sed
682 5233 817 5294 in'ter
837 5233 1399 5307 Antltropo'morpititas
1416 5233 1756 5307 intelligendi
1781 5241 1901 5307 sunt
1920 5247 2133 5307 compu-

569 5313 694 5364 tari.
731 5310 832 5363 Ms.
869 5301 1068 5377 Regius
1110 5301 1256 5361 num.
1301 5304 1441 5359 1640
1469 5343 1483 5366 ,
1522 5305 1612 5356 sed
1663 5305 1797 5355 inter
1829 5301 2132 5370 Anthropo-

572 5381 858 5448 morphitas
885 5378 1257 5448 intelligendus
1279 5385 1354 5430 est
1375 5382 1702 5448 computare.

641 5440 881 5518 (i7)ilta
933 5440 1288 5516 tns.'liegins
1336 5440 1498 5518 ιιιιιιιζ
1543 5443 1701 5518 i659.
1763 5440 1954 5518 ϐιωθςί
2006 5453 2136 5518 vero

570 5511 1014 5578 tns's.,'i\abanns
1043 5526 1096 5571 et
1125 5511 1279 5581 editi,
1309 5517 1374 5570 de
1411 5530 1514 5585 quo
1555 5514 1764 5566 homine
1801 5511 2130 5585 sentiendum

566 5587 634 5663 sit
677 5588 740 5638 ab
783 5586 952 5655 (editi,
985 5597 1031 5637 et
1081 5587 1169 5656 ab)
1206 5581 1451 5655 Apostolo
1501 5583 1853 5653 interpretari,
1890 5596 2007 5633 cum
2053 5581 2135 5632 di-

567 5666 660 5715 cat.
685 5665 793 5707 etc.

643 5724 753 5792 (18)
787 5720 888 5776 Ms.
932 5721 1131 5789 Regius
1161 5738 1308 5777 nmn.
1341 5722 1503 5791 1641,
1534 5724 1589 5776 in
1631 5719 2055 5792 agnitionehbei;
2082 5725 2137 5771 ct

1269 4539 1315 4570 ⁷³
1345 4539 1538 4608 Ephes.
1577 4553 1652 4608 tv,
1679 4535 1771 4590 2i.
1875 4535 1919 4566 7"
1950 4535 2109 4590 Rom.

2247 4571 2261 4596 ,
2315 4527 2407 4581 22.
2511 4526 2554 4556 ⁷⁵
2597 4523 2637 4578 11
2675 4523 2800 4579 Cor.
2834 4537 2906 4587 tv,
2951 4519 3036 4574 16.
3137 4517 3183 4550 ⁷⁸
3201 4515 3414 4573 Coloss.
3453 4499 3548 4582 in,
3599 4513 3644 4574 9,
3694 4501 3762 4560 i0.

2245 4735 2411 4797 inira,
2442 4731 2533 4800 qui
2573 4742 2664 4794 per
2693 4721 3013 4800 agnitionem
3041 4718 3139 4772 Dei
3171 4726 3469 4800 renovatur.
3496 4715 3594 4796 Sed
3620 4722 3664 4767 et
3687 4724 3759 4766 cm-

2247 4786 2516 4860 terit'ns's.
2545 4786 2598 4851 et
2632 4786 2762 4849 editi
2798 4791 3084 4858 utrobique
3126 4789 3384 4841 omittunt
3417 4786 3526 4840 Dei.

2317 4873 2427 4944 (19)
2456 4869 2562 4944 iﬁlli
2573 4868 2631 4944 ti,
2666 4863 2926 4942 corporei.

2315 4924 2428 5014 (ἐὺ)
2456 4924 2676 5014 ΕιΙίιίέΠι
2715 4924 3026 5014 quicunque
3057 4928 3378 5014 IttOtithD‘Oni
3407 4924 3755 5014 qttgidthqt-“tlﬁ:

2241 4991 2425 5078 “vitri,
2613 4991 2710 5059 his.
2733 4991 2957 5078 'liegins-
2979 4997 3322 5078 num."1639,
3349 5017 3368 5049 ι
3397 4991 3483 5065 qui
3511 4991 3750 5078 quidquam

2241 5068 2366 5139 boni
2413 5081 2657 5151 quidem,
2681 5068 2898 5135 malive,
2935 5092 2953 5124 ι
2987 5079 3092 5123 ctc.
3123 5068 3318 5124 (laetari
3350 5079 3473 5122 vero
3497 5077 3613 5118 mss.
3638 5069 3684 5112 ut
3707 5071 3748 5109 ut

2243 5163 2432 5210 IIOSU'O
2464 5160 2632 5204 textu.
3133 5207 3168 5212 __
3219 5209 3229 5212 _
3462 5201 3582 5212 ...η

2315 5201 2427 5293 (21)
2457 5201 2572 5293 iSic
2612 5201 2801 5293 omnes
2851 5228 3010 5293 mssa
3031 5217 3087 5291 et
3120 5201 3586 5293 _Rablatttts.gﬁditi

2247 5314 2264 5346 ε
2306 5275 2562 5350 ἑέιΙῚΙΙιιά
2587 5288 2846 5356 quidest,
2869 5281 3011 5356 quod
3040 5281 3088 5333 in
3119 5279 3221 5333 hoc
3248 5279 3366 5333 loco
3393 5275 3586 5330 videtur
3601 5275 3743 5324 estest-

2241 5368 2316 5419 di.
2347 5362 2484 5428 Quia
2519 5354 2688 5412 solius
2719 5355 2810 5408 Dei
2842 5354 2931 5416 sit,
2973 5372 2993 5404 ι
3029 5361 3136 5405 etc.

2311 5414 2424 5504 (ἳέ)
2464 5429 2631 5504 ξιιμ-ι,
2666 5446 2686 5477 ι
2729 5441 2834 5479 non
2861 5414 2958 5490 pro
2989 5422 3246 5504 mandato
3271 5418 3364 5473 Dei
3391 5416 3441 5471 in
3466 5414 3606 5469 bono.
3636 5425 3653 5458 ι

2311 5489 2423 5575 (25)
2461 5489 2626 5575 Igditi,
2655 5519 2671 5548 ε
2706 5489 2954 5575 corpore,
2998 5511 3016 5542 ι
3051 5489 3213 5545 male.

2471 5571 2641 5648 Edili.
2677 5586 2694 5618 ι
2735 5581 2876 5648 ιιι-εει
2893 5565 3050 5648 eis.)

2471 5607 3209 5702 ‘Saiodianus,
3252 5607 3734 5703 perperamuamn‘

2243 5723 2373 5769 lant.
2418 5731 2436 5763 ι
