3974 6206
217 313 320 368 873

1157 315 1510 373 COMMENT.
1555 315 1617 368 IN
1655 313 1878 371 EPIST.
1922 313 2011 367 AD
2048 314 2213 369 ROM.
2259 313 2386 368 LIB.
2434 314 2498 369 11.

3352 321 3455 373 874

216 431 372 504 477
405 431 567 498 mala,
600 445 809 490 certum
836 446 921 492 est
951 436 1080 507 quia
1121 436 1294 491 malus
1325 444 1613 499 erattunc,
1660 449 1781 488 cum
1810 438 1858 495 Α
1882 432 2224 501 judicaturos
2276 434 2327 487 hi
2378 434 2469 503 qui
2521 448 2753 504 pra‘esse
2792 433 2976 489 volunt
3007 434 3217 505 populis
3252 439 3454 507 cogita-

218 525 405 594 agchat
437 524 599 580 mala.
625 525 677 581 ls
694 542 820 581 vero
843 530 886 582 si
917 529 1312 595 prteteritorum
1336 528 1606 597 paenitens
1634 544 1784 582 men-

218 623 317 669 tem
347 631 503 671 suam
539 618 783 688 corrigat
814 622 882 673 ad
924 620 1084 681 bona,
1116 628 1168 673 et
1196 619 1337 675 bene
1364 630 1508 689 agat,
1538 618 1676 675 bene
1706 620 1783 673 lo-

215 717 430 776 quatur,
459 709 597 763 bene
625 712 852 778 cogitet,
885 711 1022 766 bene
1050 712 1211 777 velit;
1251 713 1340 781 qui
1375 713 1491 766 haec
1517 713 1647 781 agit,
1675 729 1779 767 non

217 800 305 851 tihi
339 800 554 853 videtur
588 802 786 866 houus,
820 813 873 857 et
909 805 1106 858 merito
1139 806 1383 874 recipere
1409 805 1588 859 bona?
1617 805 1783 859 Simi-

215 890 334 945 liter
362 900 414 945 et
446 892 491 945 si
527 907 592 945 ex
624 894 764 948 hono
795 896 917 964 quis
945 904 1297 951 convertatur
1330 899 1396 950 ad
1427 898 1650 963 malum,
1670 914 1777 953 non

207 984 312 1054 jam
342 986 531 1045 bonus,
563 987 708 1053 quod
745 986 864 1049 fuit,
896 998 950 1042 et
986 1003 1091 1042 non
1138 998 1245 1051 est,
1273 990 1367 1043 sed
1416 989 1592 1043 malus
1630 988 1779 1057 judi-

210 1075 438 1137 cabitur,
468 1076 609 1145 quod
643 1085 747 1131 est.
779 1078 948 1133 Actus
974 1078 1120 1133 enim
1149 1079 1267 1133 sive
1311 1078 1437 1133 boni
1486 1080 1603 1133 sive
1653 1081 1778 1135 mali

211 1173 562 1234 przetereunt,
599 1166 694 1221 sed
743 1170 1039 1222 secundum
1088 1169 1172 1223 sui
1211 1168 1526 1239 qualitatem
1570 1172 1781 1239 agentis

210 1265 440 1309 mentem
469 1257 864 1327 imaginantur,
910 1269 965 1316 et
995 1260 1257 1325 formant,
1289 1276 1519 1332 eamque
1549 1263 1631 1316 vel
1682 1264 1779 1318 bo-

210 1363 327 1399 nam
363 1347 677 1417 relinquunt
711 1350 794 1403 vel
824 1353 1045 1416 malam,
1077 1366 1169 1407 seu
1196 1367 1388 1422 paenae,
1417 1368 1513 1408 seu
1544 1355 1781 1421 praemiis

208 1438 607 1493 dcstinandam.
640 1441 753 1495 Erit
785 1456 915 1509 ergo
938 1444 1179 1513 iniquum
1202 1445 1286 1498 vel
1318 1444 1515 1499 bonam
1542 1456 1778 1501 mentent

168 1596 173 1601 ἡ
207 1543 299 1595 pro
326 1529 487 1583 malis
513 1532 682 1599 gestis
711 1534 913 1599 puniri.
938 1533 1019 1589 vel
1048 1536 1247 1589 malam
1267 1551 1365 1605 pro
1390 1535 1545 1591 bonis
1568 1538 1781 1593 actibus

208 1621 504 1674 munerari.
544 1622 745 1675 \‘erum
780 1634 837 1677 ut
866 1626 1042 1679 adhuc
1068 1626 1285 1695 planius
1315 1625 1409 1679 fiat
1456 1628 1599 1695 quod
1640 1629 1777 1683 dici-

206 1723 340 1772 mus,
372 1710 633 1764 addamus
658 1714 820 1766 etiam
846 1714 997 1769 haec:
1030 1730 1295 1785 ponamus
1320 1732 1441 1773 esse
1467 1718 1700 1771 animam
1723 1720 1777 1773 in

1891 535 2031 578 rent.
2062 525 2228 578 Nemo
2253 540 2385 596 ergo
2409 526 2686 579 existimet
2723 528 2865 594 quod
2895 525 3131 595 effugere
3172 532 3340 596 possit
3367 532 3444 599 jn-

1886 616 2087 671 dicium
2138 616 2252 683 Dei,
2301 616 2446 671 sicut
2487 626 2541 671 et
2589 615 2860 684 Propheta
2900 617 3066 671 dicit:
3105 636 3123 668 ι
3161 619 3279 685 Quo
3310 621 3399 674 ilm
3426 637 3455 675 a

1885 708 2077 776 Spiritu
2132 717 2243 772 tuo,
2272 718 2326 763 et
2354 725 2381 760 a
2408 706 2546 761 facie
2583 716 2670 760 tua
2702 722 2809 775 quo
2840 706 3098 777 fugiam"
3122 708 3145 760 ?
3166 728 3184 760 ι
3222 708 3288 762 Et
3330 712 3456 779 quia

1887 797 2003 850 hmc
2033 797 2098 850 ad
2134 812 2229 851 eos
2259 796 2495 851 maxime
2519 796 2776 850 dicuntur
2816 797 2907 866 qui
2960 809 3200 865 prmsuut
3238 798 3459 866 iudiciis

1886 886 2208 954 populorum
2253 886 2388 958 (9.7),
2435 886 2640 941 idcirco
2683 895 2733 940 et
2770 886 2895 942 alibi
2938 889 3091 955 dicit,
3146 892 3287 960 quod
3336 911 3353 943 ι
3393 895 3459 946 de

1885 976 2049 1031 domo
2074 977 2166 1031 Dei
2200 977 2707 1046 iucipietjudicium
2734 977 2800 1033 ⁸³.
2830 995 2850 1031 ι
2898 978 2965 1032 Et
3005 981 3131 1035 item
3166 981 3297 1034 alihi
3348 984 3456 1037 Do—

1885 1067 2063 1123 minus
2103 1068 2268 1123 dicit:
2330 1086 2348 1118 ι
2377 1066 2435 1121 lu
2474 1067 2562 1121 his
2593 1067 2685 1138 qui
2723 1071 3105 1137 approximant
3139 1071 3268 1126 mihi
3330 1087 3457 1126 sau-

1884 1156 2166 1212 cuficabur
2185 1157 2266 1223 ⁸³;
2299 1176 2319 1210 ι
2352 1157 2495 1212 sicut
2529 1156 2582 1211 in
2612 1156 2865 1212 Nadabet
2895 1160 3068 1215 Abiud
3105 1172 3315 1230 gestum
3344 1173 3453 1226 est.

1884 1263 2006 1303 cum
2041 1250 2276 1303 alienum
2314 1250 2520 1318 ignem,
2548 1249 2597 1303 id
2623 1258 2706 1303 est
2743 1266 2848 1303 non
2884 1267 3123 1318 sacrum,
3157 1254 3355 1307 divinis
3379 1256 3457 1307 al-

1887 1337 2094 1394 taribus
2122 1338 2459 1394 obtulerunt.
2516 1340 2708 1409 Incipit
2766 1356 2896 1410 ergo
2938 1343 3199 1410 judicium
3243 1360 3272 1397 a
3330 1345 3454 1400 filiis

1881 1430 2053 1497 prius.
2089 1448 2109 1480 ‹
2136 1430 2429 1499 Flagellati
2462 1431 2607 1485 enim
2641 1430 2814 1485 «Deus
2841 1448 3055 1486 onmem
3088 1449 3245 1503 quem
3266 1436 3315 1489 in
3353 1454 3455 1491 nu-

1883 1536 2093 1576 merum
2122 1522 2312 1590 recipit
2338 1520 2567 1575 liliorum
2586 1520 2653 1573 ⁸⁸.
2686 1540 2704 1572 ι
2732 1519 2951 1585 Verum,
2980 1532 3036 1575 ut
3057 1539 3156 1594 ego
3180 1529 3452 1593 existimo,

1885 1626 2002 1675 nec,
2037 1612 2080 1665 si
2114 1620 2298 1681 posset
2325 1612 2473 1679 quis,
2506 1611 2730 1665 deberet
2759 1612 2893 1665 velle
2926 1612 3160 1684 effugere
3189 1615 3450 1684 judiciqu

1885 1701 2002 1755 Dei.
2038 1699 2153 1756 Non
2196 1701 2384 1755 venire
2413 1701 2555 1754 enim
2584 1702 2648 1756 ad
2672 1701 2941 1770 judicium
2980 1704 3093 1769 Dei,
3134 1706 3240 1761 hoc
3277 1714 3450 1765 estad

205 1817 300 1867 qua
344 1802 563 1856 habitet
612 1804 883 1875 impietas,
924 1808 1215 1874 iniustitia,
1246 1810 1497 1877 stultitia,
1533 1812 1771 1877 luxuria,

1887 1791 2334 1857 emendationem,
2362 1792 2446 1847 vel
2478 1794 2545 1848 ad
2586 1795 2896 1860 sanitatem,
2930 1805 2984 1851 et
3015 1800 3309 1854 remedium
3344 1818 3449 1856 non

202 1900 248 1943 et
290 1892 588 1949 multitudo
620 1897 799 1951 omnis
845 1899 1136 1965 malorum,
1182 1902 1378 1971 quibus
1425 1901 1636 1956 scilicet
1678 1904 1778 1957 tui-

206 1983 436 2035 nistram
478 1998 535 2038 se
566 1983 932 2057 famulamque
965 1989 1289 2045 subdiderit.
1343 1992 1496 2058 Quod
1532 1992 1576 2047 si
1610 1992 1661 2046 in
1690 2008 1777 2049 se-

204 2073 491 2142 metipsam
522 2091 766 2147 regressa
797 2077 911 2149 (εδ)
951 2079 1064 2135 haec
1098 2081 1300 2145 anima,
1344 2081 1529 2152 pietati
1566 2097 1773 2146 rursus,

199 2167 248 2211 et
278 2161 576 2216 virtutibus
608 2166 803 2220 mentis
830 2182 942 2221 sua:
964 2167 1182 2237 januam
1218 2169 1445 2238 pandat,
1482 2186 1662 2226 nonne
1692 2171 1778 2224 in-

201 2264 390 2315 gressa
430 2250 604 2319 pietas
631 2254 961 2323 impietatem
992 2259 1252 2314 continuo
1300 2260 1569 2329 depellet?
1614 2266 1778 2321 Simi-

198 2340 316 2394 liter
347 2342 632 2409 etjustitia
670 2347 988 2417 injustitiam
1021 2351 1220 2416 trudet,
1255 2362 1312 2407 et
1337 2354 1602 2422 sapientia
1629 2358 1770 2412 stul-

199 2432 395 2496 titiam,
424 2442 480 2489 et
508 2436 774 2493 sobrietas
811 2440 1085 2496 luxuriam
1120 2442 1366 2513 fugabit;
1399 2454 1560 2516 atque
1588 2447 1657 2502 ita
1685 2450 1775 2504 de-

195 2522 365 2591 pulsis
403 2539 466 2578 ει
504 2529 796 2599 semetipsa
833 2532 1238 2590 habitatoribus
1289 2536 1559 2604 barbaris,
1617 2540 1777 2597 civile

197 2624 247 2666 et
276 2614 584 2685 legitimum
633 2621 923 2679 virtutibus
968 2626 1231 2696 prmbehit
1275 2629 1592 2700 hospitium.
1629 2630 1777 2698 Quo-

200 2705 357 2758 modo
396 2721 530 2774 ergo
550 2709 663 2778 jam
701 2712 913 2780 plenam
950 2717 1243 2773 virtutibus
1283 2720 1521 2773 animam
1565 2722 1773 2789 justum

198 2796 296 2848 erit
329 2798 405 2850 de
432 2797 519 2853 his
539 2814 772 2869 arguere
795 2819 916 2872 qua:
943 2808 1168 2876 gesserit
1200 2824 1323 2863 cum
1362 2812 1597 2866 nondum
1630 2823 1777 2868 esset

197 2887 375 2942 amica
410 2890 693 2957 virtutum,
719 2904 775 2949 et
806 2898 872 2953 de
900 2898 1179 2968 impietate
1207 2902 1375 2970 piam,
1406 2902 1474 2957 de
1510 2904 1773 2972 iniustitia

190 2975 414 3044 justam,
451 2981 518 3036 de
549 2983 762 3040 luxuria
802 2989 1039 3043 sobriam
1071 2993 1476 3050 condemnare?
1503 2994 1616 3052 Hoc
1643 3013 1774 3070 ergo

197 3070 352 3125 modo
391 3072 556 3126 etiam
588 3074 638 3129 in
668 3075 753 3131 his
772 3094 1003 3147 quorum
1025 3083 1264 3138 remissa:
1291 3086 1770 3157 suntiniquitates,

195 3170 514 3230 ctqnorum
571 3173 710 3220 tecta
768 3179 895 3223 sunt
954 3183 1174 3240 peccata
1215 3176 1281 3240 ",
1329 3180 1633 3236 credendus
1689 3193 1772 3239 est

198 3252 329 3306 Dens
362 3257 660 3309 secumlum
696 3261 979 3317 veritatem
1013 3278 1233 3322 servare
1258 3266 1549 3336 judicium.

257 3343 313 3396 2.
378 3362 400 3395 ι
440 3344 734 3403 Existimas
768 3362 953 3407 autem
990 3354 1133 3420 hoc,
1178 3370 1212 3411 o
1261 3358 1423 3415 homo
1455 3362 1635 3418 omnis
1680 3365 1773 3435 qui

188 3429 407 3497 iudicas
441 3449 537 3491 eos
570 3438 661 3506 qui
689 3439 815 3494 talia
841 3452 1029 3513 agunt,
1057 3453 1111 3499 et
1141 3444 1275 3502 facis
1304 3447 1416 3511 illa.
1447 3451 1572 3519 quia
1605 3460 1660 3507 tu
1691 3429 1772 3508 ef-

190 3519 368 3590 fugies
398 3523 657 3591 judicium
686 3529 780 3586 Dei
798 3532 844 3564 '°
864 3533 889 3587 ?
908 3552 926 3585 ι
947 3533 1004 3589 Si
1031 3536 1213 3590 omnia
1244 3552 1363 3605 qua:
1384 3538 1492 3595 Lex
1512 3539 1772 3611 loquitur,

193 3611 274 3667 his
303 3615 408 3685 qui
436 3618 489 3669 in
521 3618 639 3686 lege
680 3632 807 3676 sunt
845 3623 1120 3693 loquitur;
1159 3636 1214 3682 et
1241 3643 1361 3697 qua
1397 3630 1770 3701 Evangelium,

193 3704 269 3756 vel
298 3708 600 3775 Apostolus
647 3727 790 3767 nunc
839 3714 1101 3785 loquitur,
1138 3733 1245 3774 non
1282 3721 1620 3790 principibus
1665 3739 1769 3779 sa:-

188 3795 315 3858 culi,
349 3812 458 3851 nec
485 3802 699 3871 regibus
726 3806 932 3871 mumli,
954 3809 1046 3863 sed
1073 3809 1439 3865 Ecclesiarum
1466 3814 1771 3871 rectoribus

186 3895 236 3936 et
268 3889 620 3958 principibus
669 3893 944 3965 loquitur,
990 3899 1073 3955 his
1114 3900 1365 3955 videlicet
1402 3903 1493 3971 qui
1520 3901 1771 3971 judicant

191 3991 287 4030 eos
304 3981 410 4050 qui
442 3983 586 4038 intus
616 3996 764 4052 sunt,
792 3988 843 4042 id
866 4000 949 4044 est
984 3990 1281 4061 episcopis,
1320 3992 1404 4046 vel
1436 3996 1771 4065 presbyteris

186 4078 241 4120 et
272 4073 625 4132 diaconibus.
660 4077 757 4131 llis
785 4094 915 4149 ergo
944 4080 1077 4135 dicit
1112 4096 1180 4136 ne
1213 4082 1530 4138 existiment
1578 4100 1638 4141 se
1684 4086 1769 4142 ef-

190 4169 388 4237 fugere
411 4166 674 4233 judicium
704 4169 822 4235 Dei,
861 4171 903 4225 si
937 4185 998 4226 ea
1028 4173 1369 4227 committant
1398 4174 1521 4244 ipsi,
1547 4175 1615 4231 de
1643 4179 1768 4248 qui-

189 4261 289 4313 hus
327 4258 476 4313 alios
508 4256 753 4325 judicant
780 4270 834 4314 et
864 4261 1249 4317 condemnant.
1291 4263 1354 4317 Et
1395 4264 1520 4320 ideo
1557 4275 1773 4335 oportet

188 4362 646 4419 unumquemque
670 4351 736 4405 de
763 4366 860 4404 sua
883 4352 1034 4421 prius
1060 4354 1391 4408 conscientia
1413 4356 1684 4424 judicare,
1717 4368 1771 4412 et

1880 1897 2001 1937 vent
2012 1898 2087 1936 re.

1950 1972 2003 2026 3.
2040 1991 2057 2022 ι
2085 1973 2192 2027 Aut
2231 1972 2451 2028 divitias
2482 1973 2742 2029 bonitatis
2769 1976 2906 2046 ejus,
2932 1987 2988 2032 et
3016 1980 3449 2045 sustentationis,

1877 2072 1931 2119 et
1964 2063 2240 2131 patientia!
2267 2063 2606 2118 contemnis?
2655 2065 2875 2134 Ignoras
2923 2065 3037 2136 (‘28)
3068 2069 3323 2135 quoniam
3360 2072 3456 2124 be-

1879 2155 2114 2225 nignitas
2145 2156 2235 2209 Dei
2268 2155 2333 2209 ad
2371 2157 2747 2224 paenitentiam
2769 2166 2820 2211 te
2842 2158 3160 2213 adducit"?
3186 2179 3203 2211 ι
3225 2161 3452 2217 Divitias

1879 2247 2143 2302 bonitatis
2172 2247 2264 2301 Dei
2313 2247 2406 2301 ille
2437 2262 2736 2315 agnoscere
2778 2257 2973 2316 potest,
3012 2252 3102 2320 qui
3138 2254 3452 2307 considerat

1878 2348 2077 2407 quanta
2109 2338 2161 2392 in
2192 2337 2351 2393 terris
2383 2337 2522 2392 mala
2552 2339 2796 2407 quotidie
2836 2342 3086 2396 homines
3130 2356 3341 2412 gerunt,
3394 2359 3451 2401 et

1876 2428 2150 2497 quomodo
2171 2442 2309 2497 pene
2340 2441 2534 2483 omnes
2561 2427 2919 2491 declinantes,
2949 2439 3004 2484 et
3036 2431 3196 2485 simul
3232 2434 3451 2489 inutiles

1878 2516 2003 2571 facti
2042 2516 2109 2581 ⁸⁸,
2160 2516 2324 2571 latam
2375 2527 2432 2571 et
2491 2516 2786 2588 spatiosam
2817 2519 3134 2586 perditionis
3172 2523 3453 2578 ambulant

1879 2608 2043 2673 viam,
2080 2619 2313 2679 angusto
2332 2609 2457 2665 vita:
2480 2609 2673 2666 itinere
2696 2611 2941 2681 neglectu
2960 2612 3027 2679 ⁸⁷,
3049 2623 3103 2667 et
3130 2624 3309 2671 tamen
3334 2616 3449 2687 (29)

1878 2701 1963 2756 his
1988 2703 2244 2757 omnibus
2278 2704 2445 2758 Deum
2477 2703 2867 2773 producentem
2905 2704 3073 2760 solem
3110 2721 3267 2761 suum
3314 2724 3450 2777 quo-

1877 2794 2026 2859 tidie,
2059 2804 2113 2849 et
2143 2793 2352 2862 pluvias
2393 2795 2797 2850 ministrantem
2826 2796 2912 2860 ⁸⁸;
2966 2805 3021 2852 et
3054 2798 3143 2866 qui
3191 2801 3447 2854 conside-

1875 2894 1961 2939 rat
1993 2884 2311 2955 (30)quanti
2336 2884 2579 2955 quotidie
2636 2886 2689 2940 in
2717 2885 2885 2942 Deum
2909 2889 3373 2959 hlasphemaut,et
3396 2895 3448 2948 in

1875 2976 2072 3031 caelum
2101 2976 2403 3031 extendunt
2430 2977 2643 3047 linguas
2664 2993 2793 3033 suas
2814 2978 2882 3033 δ’.
2902 2977 3020 3034 Jam
3042 2980 3171 3051 quid
3201 2983 3268 3037 de
3295 2981 3415 3038 frau
3432 3013 3450 3025 -

1874 3069 2055 3134 dibus,
2093 3072 2161 3125 de
2190 3070 2239 3123 vi
2272 3069 2406 3141 (51),
2442 3070 2509 3125 de
2535 3070 2768 3136 scelere,
2796 3070 2863 3125 de
2893 3073 3193 3144 sacrilegiis
3248 3085 3301 3129 et
3330 3078 3449 3144 pia-

1875 3160 2014 3216 culis
2050 3162 2266 3215 dicam?
2311 3162 2522 3228 Quibus
2566 3172 2744 3217 tamen
2782 3164 3037 3219 omnibus
3088 3165 3143 3220 in
3187 3166 3290 3222 hoc
3328 3166 3449 3223 loco

1876 3251 1951 3306 illi
1977 3252 2235 3308 videntur
2253 3253 2305 3308 in
2327 3253 2535 3309 scelere
2560 3253 2824 3323 praeferri,
2848 3256 2939 3326 qui
2959 3254 3096 3313 alios
3116 3256 3448 3328 iudicantes,

1875 3343 1976 3413 ipsi
2024 3346 2376 3400 committunt
2416 3360 2538 3416 quae
2573 3345 2627 3400 in
2680 3347 2896 3402 caeteris
2944 3349 3194 3417 puniunt.
3232 3350 3286 3405 Si
3321 3353 3447 3422 quis

1874 3448 2005 3505 ergo
2037 3437 2178 3491 hanc
2215 3436 2515 3492 bonitatem
2547 3436 2667 3501 Dei,
2708 3447 2763 3492 et
2804 3440 3254 3496 sustentationem
3298 3442 3446 3512 ejus.

1872 3536 1928 3579 et
1951 3525 2268 3593 patientiam
2300 3526 2622 3590 contemnit,
2654 3526 2866 3595 ignorat.
2905 3530 3049 3596 quod
3093 3544 3190 3598 per
3226 3532 3340 3586 haec
3374 3534 3441 3584 ad

1873 3618 2251 3688 ptenitentiam
2282 3626 2628 3687 provocatur.
2661 3617 2997 3673 Sustentatio
3024 3633 3152 3672 vero
3176 3635 3204 3672 a
3230 3622 3443 3689 patien-

1874 3710 1948 3762 tia
1977 3709 2079 3763 hoc
2102 3709 2318 3763 videtur
2342 3706 2580 3773 differre,
2614 3709 2757 3777 quod
2787 3709 2876 3776 qui
2903 3708 3219 3763 inﬁrmitate
3251 3715 3444 3780 magis,

1882 3816 2045 3872 quam
2097 3800 2378 3870 proposito
2413 3800 2755 3869 delinquunt,
2790 3802 3083 3855 sustentari
3133 3802 3390 3857 dicuntur
3425 3822 3439 3858 :

1874 3894 1971 3963 qui
2005 3909 2136 3950 vero
2174 3893 2437 3961 pertinaci
2490 3901 2670 3947 mente
2721 3894 2871 3949 velut.
2919 3894 3196 3950 exsultant
3232 3896 3353 3968 (52)
3389 3897 3442 3952 in

1874 3989 2085 4045 delictis
2118 3990 2252 4053 suis,
2284 3987 2411 4043 ferri
2444 3988 2706 4055 patienter
2737 3989 2949 4045 dicendi
2990 3998 3137 4045 sunt.
3166 3991 3274 4047 Sed
3301 3993 3446 4048 sicut

1873 4081 2056 4135 omnia
2084 4080 2140 4135 in
2171 4093 2425 4133 mensura
2457 4078 2587 4133 fecit
2628 4078 2789 4145 Deus,
2826 4089 2880 4135 et
2915 4082 3177 4150 pondere,
3230 4091 3285 4137 et
3338 4098 3437 4137 nu-

1875 4186 2026 4226 mero
2052 4170 2121 4237 '°,
2171 4170 2242 4225 ita
2278 4170 2443 4225 etiam
2495 4170 2772 4240 patientia:
2814 4171 2933 4241 ejus
2992 4183 3140 4228 certa
3189 4187 3442 4229 mensura

1875 4271 1991 4317 est:
2030 4276 2194 4332 quam
2224 4275 2533 4316 mensuram
2557 4261 2888 4316 credendum
2923 4274 3007 4317 est
3031 4278 3153 4318 esse
3187 4278 3443 4317 consum-

1884 4364 2084 4407 matam
2122 4352 2235 4423 (55)
2268 4352 2352 4407 vel
2383 4354 2450 4408 ab
2482 4352 2567 4407 his
2588 4352 2676 4422 qui
2703 4352 2907 4407 diluvio
2933 4355 3230 4422 perierunt,
3264 4352 3346 4406 vel
3374 4354 3443 4408 ab

181 4451 317 4509 tunc
354 4440 480 4508 ejus
511 4456 669 4511 quem
713 4441 941 4508 judicat,
988 4453 1141 4513 gesta
1178 4445 1470 4501 discutere.
1526 4448 1677 4515 Quod
1724 4451 1768 4504 si
1804 4485 1848 4539 Β
1877 4444 1962 4498 his
2001 4444 2091 4513 qui
2125 4444 2177 4497 iu
2210 4442 2468 4539 Sodomis
2491 4443 2697 4539 emlesti
2735 4443 2856 4539 igne
2889 4444 3082 4539 vastati
3115 4452 3261 4539 sunt.
3290 4442 3445 4539 Unde

188 4532 375 4597 ﬁeret,
404 4534 585 4588 omnis
624 4534 839 4604 penitus
882 4534 1112 4588 adeundi
1151 4536 1374 4592 honoris
1404 4539 1764 4596 ecclesiastici

184 4624 607 4679 abscinderetur
630 4625 874 4688 ambitio,
900 4627 945 4679 si
974 4641 1034 4679 se
1054 4626 1379 4695 judicantlos
1402 4630 1584 4697 potius
1609 4647 1769 4700 quam

257 4740 306 4770 τ’
339 4738 483 4792 Psal.
502 4755 649 4803 xui,
687 4741 735 4794 1.

189 4804 365 4863 llehr.
396 4824 497 4872 xu,
524 4809 576 4864 ϐ.
694 4811 740 4842 ⁸⁸
773 4808 926 4864 R0m.
972 4827 1033 4871 ll,
1072 4812 1126 4865 4.
1200 4812 1247 4844 ⁸⁸
1276 4812 1416 4868 Psal.
1459 4828 1561 4877 ιιι,
1593 4814 1647 4867 4.

182 4879 244 4934 9.
324 4881 377 4911 ”
405 4881 536 4949 Sap.
585 4895 661 4947 at,
694 4880 785 4934 2|.
863 4881 906 4911 ⁹¹
936 4880 1070 4937 Ceu.
1104 4898 1194 4943 xv,
1227 4883 1315 4936 16.

260 5016 522 5094 (25))!5.
568 5016 782 5094 Regius
809 5032 957 5094 num.
1012 5017 1168 5094 1659,
1220 5035 1239 5094 _t
1284 5030 1535 5082 reversa;
1570 5033 1616 5094 In
1638 5013 1775 5094 alter

191 5083 596 5149 Vallis-Clarae,
643 5083 697 5141 ἐι
742 5086 1143 5154 Geuehrardus,
1174 5106 1193 5139 ι
1221 5088 1485 5157 ingressa.
1515 5104 1533 5137 ι
1577 5083 1771 5139 Czeteri

187 5174 328 5211 tnSs.
373 5166 426 5209 et
446 5157 605 5226 editi,
643 5174 661 5206 ι
694 5171 957 5226 regressa.
990 5176 1008 5207 ι

260 5226 386 5295 (27)
440 5225 713 5287 Rabanus,
759 5223 798 5276 ⁷(
830 5228 920 5294 qui
961 5234 1228 5295 praesunt,
1282 5235 1337 5279 et
1395 5233 1521 5279 sunt
1560 5223 1771 5295 judjges

187 5291 541 5372 populorum.
590 5314 609 5347 ι
663 5295 828 5372 Paulo
848 5291 1109 5372 'posi__ms_.
1141 5291 1576 5372 _Reg_ius‘_num._
1607 5291 1767 5372 165?,

180 5362 213 5427 ξι
251 5362 353 5432 qui
402 5364 631 5419 alienum
676 5364 877 5433 ignem.
910 5382 930 5415 ι
981 5364 1045 5417 Et
1080 5364 1238 5425 infra,
1261 5362 1333 5417 'in
1377 5365 1483 5418 line
1527 5362 1768 5423 articuli,

188 5449 399 5486 OllllleS
425 5434 550 5502 editi
572 5434 807 5495 habent,
841 5452 860 5484 ι
897 5450 1000 5487 non
1029 5434 1329 5502 pervenire.
1369 5453 1388 5485 ι

269 5502 393 5569 (28)
425 5501 551 5557 Mss.
582 5504 710 5565 duo,
743 5521 762 5553 ι
796 5499 1104 5570 ignorans.»
1133 5502 1322 5556 Czt'teri
1351 5499 1775 5570 tuss.,Raba_uus

190 5584 250 5625 et
281 5567 421 5643 editi
459 5590 478 5622 ι
504 5576 739 5643 ignoras,
762 5590 780 5623 ι
801 5567 907 5626 etc.
931 5571 1057 5643 Ilo;
1078 5588 1177 5625 tus.
1210 5570 1410 5640 Regius
1433 5586 1582 5626 uutu.
1614 5567 1772 5631 1659,

197 5660 217 5690 σ
255 5641 715 5717 ιιιῐνξμὶιδ-ιξυίρρθ
745 5643 1003 5717 [militans
1043 5641 1201 5717 Dei,_i
1242 5652 1405 5717 etc.“
1722 5706 1734 5717 .

275 5709 401 5779 (‘29)
431 5729 445 5759 ι
476 5709 701 5763 Tamen.
734 5733 751 5759 ι
786 5709 843 5763 lu
874 5721 1027 5762 antea
1069 5711 1228 5763 editis
1260 5710 1618 5771 desideratur,
1642 5717 1693 5759 et
1722 5709 1773 5757 in

580 5804 848 5861 Parnm“
883 5804 1009 5860 lin.
1052 5800 1217 5861 XlV.

812 4740 857 4771 ⁸ο
879 4739 1032 4795 Rom.
1064 4758 1123 4799 ll.
1155 4742 1209 4796 5.
1283 4743 1324 4774 ⁸¹
1345 4742 1779 4805 Psal.cxxxvut.
1802 4747 1850 4800 7.
1944 4743 1989 4773 ⁸⁸
2018 4742 2032 4795 1
2060 4740 2205 4797 Petr.
2226 4756 2302 4804 :v,
2325 4740 2411 4793 l7.
2487 4740 2534 4771 ⁸⁸³
2551 4739 2723 4794 ιθνίι.
2755 4753 2809 4801 x,
2832 4739 2889 4793 5.
2962 4739 3008 4769 ⁸⁵
3037 4739 3197 4790 Prov.
3227 4750 3310 4797 tu,
3343 4740 3441 4803 l2;

812 4825 926 4864 em.
972 4827 1033 4871 ll,
1072 4812 1126 4865 4.
1200 4812 1247 4844 ⁸⁸
1276 4812 1416 4868 Psal.
1459 4828 1561 4875 ιιι,
1593 4814 1647 4867 4.
1725 4815 1769 4846 ⁸⁷
1803 4813 1996 4868 Matth.
2040 4826 2137 4875 vlt,
2176 4810 2263 4875 15,
2309 4809 2397 4863 14.
2470 4809 2517 4842 ⁸⁸
2547 4809 2735 4867 Matth.
2764 4823 2817 4871 ν,
2863 4807 2950 4862 45.
3024 4808 3069 4838 ⁸⁸
3102 4806 3242 4859 Psal.
3274 4821 3441 4871 Lxxn,

1874 4537 2019 4591 etde
2055 4536 2393 4590 Amorrhzeis
2418 4535 2652 4590 dicitur:
2701 4553 2720 4586 ι
2762 4535 3010 4589 Nondum
3045 4533 3190 4588 enim
3239 4534 3441 4602 repleta

1877 4637 2004 4683 sunt
2049 4625 2165 4696 (51)
2200 4634 2422 4694 peccata
2461 4624 2902 4679 Amorrhaeorum
2940 4633 3111 4694 usque
3150 4638 3293 4677 nunc
3319 4621 3387 4679 ⁹¹.
3419 4642 3439 4674 ι

1944 4743 1989 4773 ⁸⁸
2018 4742 2032 4795 1
2060 4740 2205 4797 Petr.
2226 4756 2302 4804 :v,
2325 4740 2411 4793 l7.
2487 4740 2534 4771 ⁸⁸³
2551 4739 2723 4794 ιθνίι.
2755 4753 2809 4801 x,
2832 4737 2889 4793 5.
2962 4737 3008 4769 ⁸⁵
3037 4736 3197 4790 Prov.
3227 4750 3310 4797 tu,
3343 4740 3442 4803 l2;

1883 5024 1989 5064 uno
2046 5023 2154 5078 ms.
2203 5007 2387 5078 Regio,
2435 5006 2538 5078 sed
2558 5004 2895 5078 _restitnitur
2930 5020 3000 5078 ex
3055 5009 3270 5064 caeteris
3308 5026 3439 5068 mss.

1953 5076 2065 5149 (50)
2095 5077 2188 5132 Sic
2214 5073 2321 5149 rus.
2354 5073 2958 5149 Vallis-Clarmaczeteri
2986 5090 3116 5131 vero
3156 5093 3311 5144 mss.,
3337 5080 3445 5137 Ra-

1879 5145 2055 5220 bau_u_s
2076 5158 2133 5220 et
2160 5147 2290 5202 editi
2326 5164 2345 5199 ι
2383 5146 2426 5202 si
2457 5146 2579 5220 quis
2609 5145 2941 5220 consideret,
2972 5164 2991 5196 ι
3026 5156 3132 5200 etc.
3504 5179 3512 5220 ζ

1950 5215 2061 5292 (51)
2082 5213 2170 5267 Sic
2191 5209 2488 5292 rec_te_mss.'
2500 5214 2774 5292 plerique.
2794 5209 2941 5292 Editi
2962 5229 3091 5268 vero
3110 5225 3165 5292 et
3188 5234 3294 5292 ms.
3310 5238 3451 5279 unus

1875 5280 2073 5353 Regius
2092 5298 2244 5353 num.
2270 5282 2421 5343 1610,
2445 5302 2461 5333 ι
2480 5282 2548 5353 de
2570 5280 2729 5335 vitiis.
2756 5280 3046 5353 i_Raua_nus
3064 5304 3080 5335 ι
3106 5286 3173 5340 de
3194 5288 3407 5345 divitiis.
3428 5316 3443 5338 ι

1950 5350 2060 5421 (59.)
2087 5352 2159 5406 lta
2192 5366 2322 5421 mss.
2358 5352 2600 5421 plerique
2630 5362 2693 5421 et
2720 5351 2874 5421 editi.
2926 5350 3180 5421 Rabanus
3224 5368 3353 5408 vero
3390 5364 3447 5410 et

1883 5419 1983 5479 ms.
2027 5419 2167 5476 unus
2193 5419 2393 5491 Regius
2427 5436 2575 5473 num.
2602 5420 2757 5491 16M,
2800 5436 2819 5470 ι
2856 5419 3137 5491 insultant.
3173 5441 3191 5473 ι

1954 5491 2066 5564 (55)
2093 5494 2184 5545 Sic
2212 5489 2464 5564 “altanus
2488 5501 2540 5542 et
2575 5490 2776 5564 rectius
2805 5489 3024 5558 quidem
3050 5505 3210 5564 quam
3257 5512 3276 5545 ι
3306 5509 3443 5549 cou-

1882 5559 2173 5630 sumptam,
2212 5578 2230 5611 ι
2268 5569 2337 5630 ut,
2358 5559 2557 5630 habent
2589 5559 2724 5630 editi
2755 5568 2810 5614 et
2836 5575 2967 5612 mss.
3000 5563 3192 5615 nostri.

1956 5628 2066 5703 (51)
2092 5630 2220 5703 Mss.
2252 5629 2470 5703 quidam
2507 5646 2524 5678 ι
2553 5628 2817 5703 completa
2855 5639 3000 5682 sunt.
3035 5648 3053 5680 ι
3087 5631 3283 5685 llaztcri
3316 5647 3447 5684 vero

1888 5696 2196 5765 liiss.,editi
2228 5708 2277 5753 et
2312 5696 2586 5759 Rahauus,
2619 5717 2638 5748 ι
2677 5699 2873 5767 repleta
2914 5709 3087 5751 sunt.»

3055 5794 3129 5848 '25
