3974 6206
580 305 684 359 875

2056 305 2378 362 ORIGENIS

3712 318 3806 374 876

575 424 704 479 Fert
733 439 862 495 ergo
901 425 1046 479 Deus
1077 424 1370 494 patienter,
1400 435 1452 479 ct
1488 436 1764 496 exspectat
1798 425 2151 492 uniuscnjus-
2185 432 2224 486 Α
2255 424 2437 481 omnia
2471 440 2590 494 quae
2622 425 2734 494 agit
2762 427 2922 498 digna
2959 436 3086 482 sunt
3123 444 3289 499 regno
3322 429 3579 485 caelorum
3604 449 3616 485 :
3643 443 3691 486 et
3709 434 3803 487 iste

574 535 680 586 quc
717 517 1113 587 pmnitcntiam.
1169 511 1276 570 Sed
1325 530 1432 569 non
1485 532 1584 572 nos
1626 517 1890 572 dissolvat
1925 517 2048 585 hoc,
2099 529 2154 572 et

577 610 762 662 tardos
795 607 860 659 ad
890 605 1306 660 conversionem
1335 605 1526 671 faciat,
1565 607 1690 675 quia
1725 622 1915 661 rursus
1936 609 2153 678 patien-

2261 517 2382 570 talis
2432 516 2746 570 divitiarum
2767 534 2990 573 suarum
3021 520 3308 574 thesauros
3340 521 3524 576 condit
3552 521 3603 574 in
3645 521 3812 580 ctelis.’

2260 606 2338 660 Ita
2369 608 2536 677 igitur
2575 609 3003 678 uniuscujusque
3039 612 3276 666 thesauri
3312 626 3591 680 possessor
3613 623 3662 667 et
3693 631 3807 668 con~

576 700 665 752 tire
700 698 818 766 ejus
843 703 897 751 et
934 697 1349 752 sustentatiouis
1373 709 1521 752 certa
1559 715 1813 754 mensura
1837 708 1940 753 est.
2259 699 2402 754 ditor
2433 709 2612 769 potest
2644 699 2781 755 alius
2821 702 3039 768 quidem
3093 703 3353 768 carnalis,
3385 703 3524 758 alius
3557 720 3678 759 vero
3704 710 3806 760 aui-

645 788 700 842 4.
743 807 762 840 ι
805 788 1116 843 Secundum
1151 789 1407 842 duritiam
1435 801 1618 844 autem
1648 800 1818 856 tuam,
1841 800 1898 846 et
1923 804 2019 844 cor
2047 791 2153 844 im-
2259 793 2418 847 malis
2444 791 2626 858 homo,
2657 793 2796 846 alius
2823 802 3005 847 autem
3031 793 3331 862 spiritualis
3359 794 3643 864 appellari.
3677 795 3806 851 Nunc

577 879 872 947 ptenitens,
917 879 1257 934 thesaurizas
1298 881 1391 934 tibi
1450 881 1556 949 ipsi
1609 881 1747 936 iram
1803 882 1856 936 in
1903 882 1992 936 die
2038 881 2153 944 irae,
2253 887 2364 955 jam
2399 886 2687 940 videamus
2711 899 2831 955 qua:
2857 895 2940 940 est
2967 887 3088 940 dies
3131 886 3246 952 irae,
3280 902 3442 956 quam
3476 887 3565 942 hic
3608 889 3806 956 Aposto-

572 972 742 1044 478
769 982 823 1027 et
852 972 1201 1029 revelationis
1245 971 1379 1040 justi
1412 972 1604 1042 judicii
1654 974 1770 1038 Dei,
1819 975 1910 1044 qui
1968 973 2158 1030 reddet
2258 976 2344 1033 lus
2391 973 2675 1042 nominat,
2726 990 2848 1046 qum
2898 985 3078 1032 tamen
3115 977 3334 1032 facilius
3365 979 3717 1048 dignoscetur,
3761 982 3802 1034 si

574 1066 870 1133 unicuique
905 1065 1200 1119 secundum
1237 1079 1401 1132 opera
1448 1065 1569 1136 ejus
1585 1066 1655 1120 ".
1696 1086 1714 1118 ι
1750 1065 1860 1121 Cor
1883 1067 2078 1121 durqu
2099 1067 2150 1120 in
2259 1067 2326 1121 de
2351 1081 2417 1121 ea
2446 1067 2575 1135 quid
2601 1067 2766 1120 etiam
2799 1066 3020 1136 reliqua:
3053 1067 3352 1138 Scriptura:
3385 1070 3623 1124 indicent
3654 1073 3804 1140 requi-

575 1157 875 1228 Scripturis
922 1157 1026 1210 dici
1076 1157 1313 1224 videtur,
1359 1173 1481 1213 cum
1521 1173 1673 1212 mens
1723 1159 1960 1212 humana
2007 1160 2155 1215 velut
2259 1171 2466 1211 ranms.
2512 1159 2641 1223 Qua:
2669 1172 2800 1226 ergo
2848 1161 2914 1212 ad
2955 1174 3198 1228 prtesens
3237 1162 3485 1228 exempla
3546 1177 3803 1218 occurrere

576 1265 703 1305 cera
759 1249 965 1318 frigore
1000 1248 1305 1319 iniquitatis
1336 1250 1600 1304 obstricta
1631 1251 1974 1320 signaculum
2018 1253 2152 1305 ima-
2257 1257 2532 1317 poterunt,
2583 1248 2913 1318 aptabimus,
2970 1259 3025 1303 et
3074 1265 3138 1304 ex
3192 1250 3278 1305 his
3312 1266 3436 1320 quas
3473 1252 3544 1306 sit
3587 1253 3690 1308 dies
3727 1256 3801 1309 ira:

573 1341 720 1410 ginis
751 1339 949 1394 divina:
983 1353 1090 1394 non
1127 1339 1346 1410 recipit.
1392 1338 1507 1396 Hoc
1550 1341 1692 1395 idem
1722 1341 1848 1395 alibi
1878 1356 1976 1395 cor
2001 1356 2156 1396 cras-
2259 1341 2678 1398 monstrabitur.
2713 1341 2991 1411 Scriptum
3019 1351 3105 1397 est
3147 1342 3200 1398 in
3254 1343 3424 1400 Amos
3469 1348 3799 1416 propheta”:

574 1449 694 1487 sum
725 1432 1048 1502 appellatur,
1077 1433 1222 1488 sicut
1248 1446 1372 1487 cum
1399 1434 1600 1487 dicitur
1631 1433 1783 1503 (35):
1819 1451 1839 1484 ι
1875 1434 2155 1488 lucrassa-
2265 1448 2283 1482 ι
2329 1429 2416 1486 Va:
2449 1433 2534 1486 his
2564 1433 2655 1501 qui
2690 1433 3012 1488 desiderant
3041 1435 3184 1490 diem
3220 1436 3452 1491 Domini.
3492 1437 3564 1493 Ut
3588 1440 3702 1507 quid
3727 1456 3802 1493 vo-

576 1537 688 1579 tum
726 1533 810 1580 est
843 1538 938 1578 cor
975 1524 1156 1594 p0puli
1189 1522 1346 1592 hujus
1366 1527 1494 1580 η’.»
1529 1524 1880 1578 Contrarium
1919 1539 2051 1578 vero
2072 1534 2155 1579 est
2258 1523 2340 1578 bis
2370 1524 2512 1579 diem
2541 1523 2798 1578 Domini?
2829 1535 2884 1580 et
2918 1526 3035 1580 haec
3064 1536 3146 1580 est
3183 1528 3444 1592 tenebrae,
3473 1539 3528 1582 et
3563 1545 3660 1584 non
3702 1531 3799 1583 lux.

573 1619 712 1670 duro
738 1617 922 1681 molle,
947 1616 1093 1685 quod
1136 1616 1189 1670 in
1227 1616 1526 1686 Scripturis
1557 1631 1652 1670 cor
1675 1631 1934 1670 carncttm
1977 1617 2156 1671 nomi-
2257 1613 2724 1680 Quemadmodum
2780 1619 2826 1670 si
2874 1614 3099 1687 eﬂ‘ugiat
3150 1618 3314 1672 homo
3340 1634 3370 1670 a
3400 1618 3540 1673 faeie
3567 1620 3737 1683 leonis,
3760 1633 3805 1675 et

574 1717 734 1762 natur
763 1709 810 1740 ”
843 1726 858 1774 ;
897 1718 956 1763 et
990 1723 1182 1762 crasso
1229 1707 1343 1780 (36)
1389 1708 1606 1772 subtile,
1657 1707 1741 1762 vel
1791 1717 1976 1772 tenue,
2011 1708 2152 1777 quod
2184 1763 2224 1780 ἢ
2257 1714 2512 1758 occurrat
2543 1705 2590 1758 ei
2621 1719 2804 1769 ursus,
2835 1717 2888 1760 et
2918 1707 3083 1762 intret
3115 1708 3167 1762 in
3200 1709 3424 1762 domum
3453 1723 3627 1771 suam,
3647 1721 3699 1764 et
3722 1725 3805 1765 es-

571 1799 864 1868 Apostolus
913 1798 1222 1867 spiritalem
1271 1798 1548 1853 hominem
1599 1805 1758 1853 vocat
1785 1796 1830 1830 "
1875 1811 2000 1852 eum
2056 1797 2149 1866 qui
2185 1796 2226 1819 "
2257 1799 2444 1851 tendat
2475 1811 2669 1852 manus
2693 1811 2820 1852 suas
2848 1797 2913 1852 ad
2937 1799 3695 1868 parietem,etmordeateum
3710 1817 3806 1854 ser-

570 1891 848 1945 examinat
899 1890 1103 1944 omnia.
1161 1889 1330 1960 Igitur
1361 1904 1490 1944 cum
1523 1889 1647 1958 quis
1683 1888 1787 1944 scit
1829 1903 1953 1959 qua:
2002 1887 2145 1943 bona
2254 1906 2409 1959 pens.
2436 1888 2628 1944 Nonne
2654 1891 2895 1946 tenebra:
2920 1900 3049 1946 sunt
3079 1891 3195 1947 dies
3233 1891 3475 1955 Domini,
3508 1904 3562 1948 et
3581 1909 3680 1948 non
3723 1895 3802 1948 lux

571 1993 718 2049 sunt,
745 1993 798 2038 et
829 1999 934 2040 non
967 1983 1080 2054 agit
1111 1984 1272 2048 bona,
1323 1997 1422 2052 per
1474 1982 1734 2038 duritiam
1787 1982 1971 2039 cordis
2013 1997 2151 2038 con-
2251 1990 2307 2037 et
2335 1981 2508 2049 caligo
2539 1996 2660 2050 qttze
2683 1996 2790 2037 non
2821 1982 3127 2051 resplendet
3156 1983 3180 2036 ?
3207 2001 3227 2036 ι
3294 1983 3404 2038 Sed
3455 1995 3512 2038 et
3542 1985 3647 2041 Joel
3696 1987 3805 2042 dicit

574 2089 835 2146 temptum
867 2073 1113 2128 omnium
1149 2075 1420 2130 bonorum
1454 2075 1655 2130 habere
1701 2077 2008 2132 credendus
2041 2087 2145 2134 est.
2252 2072 2320 2128 ad
2354 2075 2683 2137 sacerdmes,
2722 2084 2776 2129 et
2803 2090 2901 2132 eos
2920 2076 3010 2145 qui
3037 2075 3197 2130 altari
3229 2075 3616 2132 deserviunt“
3646 2095 3667 2129 ι
3703 2079 3802 2132 Cla-

569 2167 891 2222 Crassitudo
925 2179 1055 2221 vero
1083 2165 1268 2220 cordis
1299 2175 1403 2231 est,
1437 2165 1528 2220 ubi
1557 2164 1773 2221 subtilis
1793 2175 1848 2221 et
1889 2166 2152 2238 spiritalis
2253 2174 2398 2220 male
2426 2165 2494 2219 ad
2526 2165 2814 2221 Dominum
2844 2167 2963 2221 sine
2989 2166 3326 2223 cessatione:
3345 2164 3459 2221 Heu
3481 2181 3588 2232 me,
3613 2167 3710 2222 ben
3733 2182 3803 2223 me

573 2257 950 2327 intelligentia:
981 2272 1086 2312 non
1139 2255 1400 2326 recipitur
1442 2270 1636 2311 sensus
1677 2270 1691 2308 :
1743 2266 1798 2311 et
1825 2257 1898 2312 ita
1922 2272 2020 2313 cor
2047 2257 2151 2312 im-
2253 2257 2308 2313 in
2325 2256 2490 2322 diem,
2511 2256 2637 2328 quia
2655 2267 2920 2328 propeest
2934 2258 3050 2314 dies
3079 2256 3318 2320 Domini,
3349 2266 3406 2313 et
3433 2259 3576 2313 sicut
3609 2258 3800 2313 miseria

573 2351 844 2418 pmnitcns
871 2348 1124 2406 eli'ectnm
1163 2349 1502 2405 thesaurisst
1542 2347 1647 2404 sibi
1680 2348 1781 2418 ipsi
1809 2349 1945 2404 iram
1976 2350 2030 2405 in
2059 2352 2151 2406 die
2251 2364 2314 2405 ex
2333 2348 2554 2405 miseria
2571 2348 2748 2404 veniet
2768 2348 2783 2402 ι
2807 2367 2826 2400 ι
2854 2345 2915 2402 Et
2939 2357 3060 2419 post
3084 2361 3254 2417 pauca
3272 2347 3294 2378 ¹
3319 2361 3334 2398 :
3363 2365 3382 2399 ι
3403 2345 3556 2401 Tuba
3580 2347 3801 2402 canitein

572 2443 685 2506 irrc,
720 2451 774 2496 et
811 2441 1158 2497 revelationis
1189 2441 1321 2512 justi
1364 2440 1555 2510 judicii
1610 2440 1730 2511 Dei,
1777 2445 1902 2498 dum
1951 2443 2151 2497 bonum
2253 2435 2783 2507 Sion,pra:dieatein
2799 2444 2984 2492 monte
3001 2446 3191 2492 sancto
3207 2435 3803 2498 meo,eteonfundantnr

571 2550 708 2604 opus
743 2549 851 2588 non
880 2533 1062 2603 agitur
1089 2547 1186 2602 per
1215 2533 1514 2599 duritiam;
1547 2535 1858 2592 intellectus
1889 2548 2022 2592 vero
2051 2536 2152 2592 bo-
2251 2543 2445 2585 omnes
2476 2528 2571 2598 qui
2604 2529 2857 2584 habitant
2894 2542 3056 2598 super
3100 2535 3328 2592 terram,
3362 2529 3492 2597 quia
3527 2528 3677 2582 adest
3711 2529 3803 2582 dies

573 2640 672 2678 nus
699 2639 797 2694 per
827 2621 1245 2677 crassitudinem
1267 2622 1450 2678 cordis
1474 2625 1806 2681 excluditur.
1831 2626 1947 2698 (57)
1964 2627 2038 2682 De
2072 2627 2152 2682 ira
2252 2619 2492 2687 Domini,
2523 2620 2650 2690 quia
2695 2635 2865 2690 pmpe
2886 2629 2972 2676 est
3008 2620 3125 2676 dies
3159 2621 3509 2674 tenebrarum
3551 2629 3608 2674 et
3646 2619 3801 2686 caligi-

575 2726 758 2770 antem
791 2713 883 2768 Dei
919 2721 973 2768 et
1002 2713 1275 2782 superius,
1309 2723 1572 2785 quantum
1603 2731 1690 2772 res
1720 2719 1830 2788 pati
1862 2719 2068 2784 voluit,
2097 2726 2156 2775 et
2253 2711 2361 2777 nis,
2392 2711 2511 2767 dies
2545 2712 2708 2768 nubis
2733 2723 2788 2768 et
2817 2712 3048 2768 nebula.
3085 2711 3238 2767 Sicut
3285 2713 3615 2766 matutinum
3654 2711 3798 2766 clina-

571 2805 625 2860 in
666 2804 788 2859 aliis
825 2803 961 2860 locis
1009 2817 1153 2873 saepe
1175 2805 1469 2860 dissertum
1516 2814 1619 2863 est.
1663 2807 1818 2876 Quod
1841 2822 1973 2865 vero
1995 2809 2152 2876 dicit,
2253 2804 2414 2859 detur
2457 2817 2622 2874 super
2668 2812 2880 2859 montes
2925 2802 3156 2874 populus
3191 2801 3397 2857 multus
3422 2814 3479 2858 et
3515 2803 3688 2858 fortis.
3731 2802 3799 2856 Si-

583 2917 604 2949 ι
636 2897 999 2954 Thesaurizas
1035 2898 1132 2954 tibi
1165 2899 1265 2970 ipsi
1297 2900 1437 2954 iram
1479 2903 1534 2956 in
1563 2901 1651 2958 die
1676 2903 1790 2971 ire,
1826 2919 1848 2956 ι
1895 2903 2151 2959 conside-
2254 2896 2398 2954 milis
2423 2895 2474 2951 ei
2503 2911 2614 2951 non
2663 2896 2763 2951 Γυίι
2791 2911 2822 2952 8
2868 2897 3090 2961 8330010.
3125 2907 3183 2950 ει
3207 2904 3330 2964 ιδοει
3363 2895 3539 2965 ipsum
3571 2912 3672 2950 ποι·
3716 2897 3802 2950 οτέι

571 2986 801 3042 randum
833 2998 942 3044 est.
973 2988 1294 3046 Thesaurus
1316 2992 1646 3062 appellatur,
1674 3009 1782 3066 quo
1808 2995 2010 3052 diversi
2059 3011 2155 3067 ge.
2253 3002 2426 3059 usque
2457 2988 2510 3043 in
2545 3003 2719 3044 annos
2749 2988 2936 3043 saeculi
2956 2988 3298 3044 saeculorum.
3326 2987 3468 3042 Ante
3490 2987 3660 3056 ipsum
3689 2987 3802 3056 ignis

573 3079 720 3134 neris
749 3093 910 3150 opes,
944 3091 1001 3136 et
1033 3081 1234 3138 divitia
1259 3097 1688 3156 congregantur.
1719 3086 1892 3157 Hujus
1921 3090 1976 3144 in
2005 3088 2150 3144 Scri-
2179 3111 2226 3173 ε
2256 3095 2609 3147 consumens,
2636 3090 2692 3135 et
2737 3089 2860 3151 post
2893 3080 3069 3150 ipsum
3109 3079 3324 3134 ilannna
3371 3093 3628 3133 accensa.
3672 3078 3800 3131 Sicut

570 3172 749 3242 pluris
812 3173 1235 3244 significantium
1302 3175 1573 3244 triplicem
1636 3179 1884 3251 legimus.
1948 3183 2140 3239 Dicitnt

2255 3174 2540 3246 paradisus
2570 3172 2886 3228 deliciarum
2913 3172 3022 3228 erit
3052 3182 3196 3228 terra
3235 3181 3364 3226 ante
3395 3171 3590 3227 faciem
3615 3171 3736 3239 ejus,
3755 3179 3798 3222 et

567 3265 714 3319 ettim
749 3264 802 3318 in
838 3263 1132 3334 Evangelia
1160 3267 1209 3298 "
1247 3267 1538 3324 thesaurus
1568 3285 1689 3326 esse
1719 3272 1941 3341 quidam
1969 3273 2023 3328 in
2053 3283 2153 3329 ter-
2253 3277 2377 3340 post
2401 3279 2609 3336 tcrgutn
2638 3265 2754 3334 ejus
2767 3281 2990 3336 campus
3008 3264 3316 3320 etterminii
3346 3263 3801 3335 (59),ctnullusest

574 3357 669 3423 ris,
706 3357 757 3426 in
789 3372 898 3426 quo
936 3357 1189 3428 prohibet
1225 3359 1482 3414 Dominus
1509 3360 1866 3419 thesaurizari
1895 3381 1908 3417 :
1939 3374 1991 3420 et
2014 3365 2153 3422 alius
2252 3358 2346 3428 qui
2375 3359 2571 3413 evadat
2595 3372 2744 3412 eum-
2777 3354 2935 3411 Sicut
2958 3365 3212 3426 aSPeCllls
3233 3369 3503 3425 equorum
3541 3356 3698 3410 facies
3721 3368 3797 3406 εο-

573 3451 862 3504 thesaurus
892 3449 943 3504 in
972 3448 1134 3514 caelo,
1165 3449 1220 3503 in
1250 3465 1358 3520 quo
1381 3450 1531 3520 jubet
1554 3452 1740 3508 ﬁdeles
1757 3467 2001 3526 quosque
2023 3471 2153 3526 Opes
2253 3465 2410 3515 rum;
2443 3459 2494 3504 et
2521 3447 2662 3504 sicut
2682 3448 2920 3518 equites,
2953 3447 3032 3502 ita
3061 3454 3381 3515 sequentur.
3412 3445 3568 3501 Sicut
3591 3461 3680 3501 vos
3697 3459 3795 3498 cur-

569 3555 697 3596 suas
746 3540 1046 3596 recondere
1075 3557 1089 3595 :
1123 3550 1178 3596 et
1222 3542 1312 3597 hic
1345 3558 1488 3597 nunc
1536 3545 1826 3614 Apostolus
1870 3547 2001 3602 dicit
2060 3550 2152 3602 irae
2255 3556 2410 3596 runm
2433 3555 2597 3609 super
2627 3540 2860 3593 vertices
2890 3537 3154 3592 utentium
3175 3535 3475 3593 insilienta
3505 3535 3612 3591 Sed
3635 3545 3682 3590 et
3703 3549 3794 3588 0m-

572 3633 882 3691 thesauros.
903 3631 1104 3689 Omnes
1131 3649 1262 3705 ergo
1299 3635 1545 3692 homines
1567 3653 1664 3708 per
1699 3638 1815 3694 haec
1852 3654 1972 3710 qua:
1987 3651 2152 3710 agunt
2253 3634 2346 3688 nia
2379 3634 2432 3686 in
2473 3631 2935 3700 consequentibus
2966 3630 3034 3685 de
3061 3628 3253 3685 eadem
3301 3628 3501 3684 scribit
3543 3643 3701 3698 usque
3739 3626 3791 3676 ad

571 3728 624 3782 in
651 3727 754 3782 hoc
791 3733 1016 3794 mundo,
1063 3728 1120 3783 in
1167 3745 1277 3786 uno
1323 3729 1506 3799 aliquo
1550 3745 1615 3786 ex
1659 3732 1780 3789 istis
1818 3735 1992 3790 tribus
2021 3749 2140 3789 con-

2249 3740 2376 3782 eum
2408 3727 2585 3781 locum
2616 3724 2703 3779 ubi
2731 3722 2908 3779 dicit'
2949 3745 2961 3779 :
2993 3739 3014 3774 ι
3048 3722 3114 3777 Et
3143 3721 3406 3778 Dominus
3451 3722 3604 3777 dabit
3644 3734 3789 3773 vocem

569 3829 800 3889 gregant
850 3823 1160 3878 thesauros.
1212 3821 1319 3875 Aut
1353 3823 1499 3877 cnim
1547 3823 1782 3878 infidelis
1833 3833 1917 3880 est
1947 3825 2069 3896 quis
2097 3833 2152 3880 et

569 3909 812 3978 iniquus,
836 3922 890 3964 et
923 3926 1018 3980 per
1052 3912 1307 3966 duritiam
1339 3913 1540 3977 cordis,
1583 3923 1639 3968 et
1668 3929 1763 3970 cor
1806 3915 2151 3986 impmnitens

573 4002 625 4053 in
654 4003 911 4055 thesauro
941 4003 1036 4054 ira:
1065 4013 1219 4059 actus
1254 4019 1386 4060 suos
1423 4007 1690 4062 recondit.
1742 4007 1851 4061 Ant
1900 4017 2150 4063 terrenus

571 4101 675 4158 est,
719 4105 774 4146 et
823 4093 889 4145 de
940 4102 1087 4146 terra
1136 4095 1299 4162 sapit,
1338 4109 1402 4150 ac
1435 4098 1502 4151 de
1537 4107 1684 4152 terra
1722 4098 1964 4168 loquitur
1988 4098 2060 4163 ",
2095 4108 2150 4153 et

571 4199 692 4236 cum
723 4183 773 4237 ei
809 4181 1055 4236 attulerit
1090 4199 1219 4254 ager
1249 4184 1459 4240 fructus
1494 4188 1713 4254 uberes,
1742 4189 1976 4244 destruit
2022 4190 2150 4245 hor-

571 4291 661 4330 rea
685 4291 803 4340 sua,
832 4285 886 4329 ct
910 4274 1114 4343 majora
1131 4273 1442 4341 aediﬁcat",
1467 4286 1522 4332 et
1549 4279 1881 4334 thesaurizat
1903 4281 1956 4335 in
1982 4289 2146 4334 terra.
2254 4282 2463 4339 Domini
2499 4279 2612 4342 Dei,
2644 4276 2900 4346 quoniam
2925 4289 3095 4346 prope
3114 4283 3196 4329 est
3218 4274 3336 4328 dies
3357 4273 3654 4340 Domini,ct
3675 4282 3780 4339 ιιι-ινα

572 4369 635 4422 Et
664 4368 750 4422 ille
782 4367 996 4436 quidem
1039 4367 1231 4433 durus,
1262 4367 1350 4422 hic
1381 4379 1560 4423 autem
1591 4371 1794 4426 stultus
1819 4373 2145 4442 appellatur.
2252 4373 2462 4446 paravit
2494 4371 2760 4426 Dominus
2801 4367 3085 4422 victimam
3116 4379 3294 4428 suam,
3335 4363 3683 4421 sanctiﬁcarit
3706 4373 3772 4412 vo-

571 4459 778 4512 Dicitur
801 4458 948 4512 enim
975 4459 1040 4511 ad
1073 4473 1194 4513 eum
1224 4472 1239 4510 :
1278 4477 1295 4510 ι
1337 4456 1535 4523 Stulte,
1571 4459 1674 4514 hac
1708 4473 1866 4516 nocte
1897 4473 2149 4532 repetent
2180 4458 2223 4513 D
2254 4477 2404 4522 catos
2435 4478 2583 4520 suos.
2620 4481 2638 4514 ι
2673 4461 2738 4516 Et
2766 4470 2886 4530 post
2917 4474 3086 4529 pauca
3109 4458 3131 4489 '
3159 4475 3172 4510 :
3211 4476 3231 4508 ι
3269 4457 3448 4526 Prope
3476 4472 3562 4512 eat
3585 4457 3681 4510 dies
3703 4453 3777 4504 Do-

571 4552 668 4605 abs
693 4560 746 4606 te
774 4553 1010 4606 animam
1035 4560 1205 4615 tuam,
1249 4553 2138 4624 ctquaeparasti,cujuserunt”?i
2257 4561 2387 4615 mini
2441 4572 2661 4626 magna,
2711 4568 2880 4625 prope
2923 4562 3029 4613 est,
3063 4560 3120 4605 et
3146 4552 3302 4605 velox
3333 4550 3449 4621 (41)
3483 4551 3645 4605 valde.
3687 4543 3772 4597 VM

567 4656 674 4706 Aut
701 4653 918 4721 sapiens
951 4661 1058 4714 est,
1097 4662 1150 4706 et
1183 4653 1234 4707 in
1264 4653 1431 4708 Deum
1465 4651 1641 4715 dives,
1671 4659 1723 4705 ct
1749 4649 1802 4704 in
1837 4649 2000 4705 terris
2026 4665 2144 4703 am-
2254 4651 2364 4705 diei
2401 4646 2616 4703 Domini
2657 4659 2872 4709 amara,
2907 4654 2961 4697 et
2996 4643 3130 4696 dura
3170 4641 3347 4710 posita
3395 4651 3501 4709 est,
3537 4652 3588 4696 et
3617 4636 3769 4690 valida.

567 4750 760 4807 bulans
798 4749 912 4818 ('58)
946 4747 1418 4804 conversationem
1468 4745 1629 4798 habet
1678 4743 1730 4796 in
1765 4741 1942 4808 caelis,
1981 4751 2144 4810 atque
2254 4740 2377 4795 Dies
2409 4739 2524 4805 irze,
2559 4737 2674 4792 dies
2702 4736 2816 4804 illa,
2864 4734 2980 4788 dies
3043 4733 3306 4800 angustia:
3358 4744 3414 4788 et
3461 4727 3766 4788 necessitatis,

2251 3831 2406 3873 suam
2429 3826 2559 3872 ante
2589 3816 2787 3872 faciem
2815 3815 3032 3870 virtutis
3059 3829 3194 3879 suae,
3234 3814 3366 3884 quia
3395 3815 3592 3885 ingens
3615 3824 3686 3869 est
3704 3811 3790 3864 val-

2251 3910 2318 3964 de
2338 3907 2629 3962 multitudo
2648 3916 2956 3962 castrorum
2985 3904 3126 3974 ejus,
3157 3913 3212 3962 et
3241 3904 3420 3960 Valida
3450 3921 3616 3977 opera
3639 3901 3787 3958 verbo-

2253 4016 2373 4058 rum
2422 4002 2558 4068 ejus.
2606 3998 2834 4068 Propter
2875 3999 3028 4067 quod
3079 4012 3274 4068 magna
3303 4005 3390 4052 est
3436 3998 3556 4052 dies
3599 3992 3785 4052 Domini,

2253 4108 2448 4164 magna
2472 4102 2528 4148 et
2553 4090 2749 4146 nobilis
2778 4090 2937 4144 valde
2965 4105 2981 4143 :
3016 4098 3074 4143 et
3115 4088 3241 4158 quis
3273 4089 3382 4144 erit
3428 4088 3646 4144 idoneus
3671 4082 3781 4140 ei?»

2253 4187 2566 4258 Sophonlas
2592 4198 2723 4238 vero
2740 4183 2814 4237 ita
2843 4181 2976 4237 dicit
2999 4181 3021 4213 ⁸
3043 4200 3056 4236 :
3079 4199 3098 4233 ι
3123 4181 3502 4236 Revereamini
3523 4176 3782 4250 (40)afacie

639 4891 684 4923 "
711 4889 866 4943 Rom.
890 4905 946 4945 ιι.
979 4887 1033 4945 5.
1063 4888 1116 4941 6.
1181 4885 1247 4918 "'
1267 4883 1456 4938 Matth.
1489 4880 1732 4945 xut.15;
1766 4878 1868 4932 lsa.
1904 4893 1976 4938 vt,
2004 4877 2088 4932 10.

2249 4875 2424 4930 ΞκροΙι.
2447 4890 2516 4928 xi.
2554 4872 2652 4928 l9:
2684 4870 2998 4945 κυνί-,ΑΞῇ
3050 4871 3138 4945 ⁸⁵1
3164 4871 3298 4945 _Cor.
3325 4889 3384 4945 ll,
3415 4862 3763 4945 15.ή⁹⁵11;ιὶ’11.

567 4978 639 5025 νι,
667 4930 866 5022 ιὸξνεξῦξ
891 4930 1161 5010 ”δ⁶”1οᾮὶι.
1202 4930 1456 5025 uiritim
1475 4930 2036 5025 ίθ’ὶζὶιέ.⁷ἑιέζμιβῖιξξ.⁸
2077 4930 2138 5025 fg

2249 4949 2298 5000 (1.
2330 4946 2418 5000 ΞΟ.
2495 4945 2539 4975 θ’
2567 4945 2733 4997 Amos
2763 4955 2814 5005 ν,
2846 4940 3026 4996 18-20.
3105 4943 3122 4974 ¹
3153 4943 3290 4998 Joel.
3319 4930 3454 5007 μη,
3493 4943 3570 4996 15.
3635 4933 3762 4988 ’δορις

566 5017 768 5093 "ﬁt-5'.
845 5027 1154 5084 manu“.
1231 5024 1524 5092 ιεομιιοη.
1555 5036 1594 5084 ι,
1627 5021 1676 5076 7.
1754 5017 1936 5071 'ibid.
1980 5017 2160 5072 14.13.

636 5148 747 5218 (55)
774 5146 864 5200 Sic
888 5159 988 5199 ms.
1009 5142 1389 5218 lieginsttutn.
1421 5135 1577 5191 1659.
1603 5133 1796 5190 Crteri
1827 5148 1954 5188 vero
1979 5147 2088 5186 tnss
2119 5171 2134 5194 ,

565 5210 842 5280 Haliartus,
879 5226 933 5269 et
963 5214 1089 5267 editi
1123 5229 1141 5262 ι
1175 5210 1326 5264 dicit.
1356 5227 1382 5280 λι

640 5290 752 5357 (56)
785 5307 803 5337 ι
831 5272 1056 5357 Ὀισίιεβο.
1085 5301 1104 5334 ι
1156 5282 1319 5335 Deest
1353 5277 1405 5332 in
1445 5275 1627 5332 editis.
1681 5272 1800 5328 Mox
1830 5287 1932 5327 ms.
1972 5286 2130 5335 unus,

570 5376 590 5410 ι
616 5355 741 5430 quia
772 5355 1078 5430 i_\_poslolus,
1105 5360 1260 5430 Iflco
1518 5416 1576 5430 ,Α
1672 5425 1683 5430 _
1721 5415 1754 5430 ..

635 5415 748 5500 '(57i
785 5415 914 5481 Vide
944 5415 1103 5500 supra
1134 5422 1225 5500 lib.
1258 5437 1296 5484 ι,
1331 5432 1479 5500 1111111.
1512 5416 1600 5483 18,
1635 5425 1687 5472 et
1721 5415 1816 5470 lib.
1845 5421 2132 5500 mutanti-ia

566 5483 799 5558 Crixum,
823 5513 970 5550 num.
1010 5483 1098 5556 ³72,
1126 5505 1178 5548 et
1207 5493 1259 5546 t'tt
1286 5483 1482 5558 rpsalm.
1511 5504 1571 5548 tl,
1604 5501 1814 5558 necnon
1838 5493 1892 5539 et
1936 5483 2122 5558 lttgutil.

565 5570 637 5623 9°.
677 5571 729 5619 in
760 5554 978 5619 Lucam.
1011 5554 1118 5619 Sed
1147 5565 1212 5616 ad
1235 5554 1337 5615 alia
1372 5561 1486 5613 loca
1515 5559 1601 5613 hic
1628 5556 1897 5627 respicere
1923 5554 2132 5608 videtnr

565 5641 824 5700 Origenes
843 5652 961 5704 qnze
994 5649 1268 5706 ttttncuon
1301 5638 1578 5706 exstant;
1638 5697 1655 5706 _
1797 5695 1807 5706 .
2030 5701 2041 5706 Δ
2117 5692 2126 5702 ⁸

635 5697 748 5778 (38)
781 5697 997 5778 Sicine.
1033 5704 1232 5778 llegins
1265 5717 1411 5778 nunt.
1447 5697 1602 5752 l659.
1638 5697 1715 5778 Ita
1739 5697 2126 5778 etiamhcteteﬂ

566 5763 922 5840 tussetctlili;
947 5773 1046 5827 nisi
1067 5763 1206 5839 quod
1227 5771 1605 5824 ()tttillamHCU
1631 5777 1754 5821 ante
1774 5784 1790 5815 ι
1820 5765 1870 5817 in
1901 5763 2120 5817 Deumn

2249 5131 2498 5183 [tabanus
2533 5143 2678 5184 vero.
2712 5143 2731 5176 ι
2764 5133 2857 5177 aut
2881 5124 2924 5177 si
2956 5127 3172 5194 sapiens
3213 5137 3294 5181 est
3340 5129 3391 5181 in
3433 5129 3605 5184 Deum,
3644 5118 3759 5171 dit's‘s

2245 5199 2300 5254 itt
2327 5202 2487 5254 terris
2509 5197 2813 5262 ambulans,
2855 5213 2872 5246 ι
2906 5207 3012 5250 etc.
3726 5251 3735 5261 ,

2284 5269 2426 5351 "(59)
2459 5270 2762 5390 Sielomnes
2791 5279 2921 5319 mss.
2947 5265 3090 5319 Etliti
3123 5281 3272 5331 vero,
3310 5286 3329 5319 ι
3366 5277 3522 5337 caput
3550 5268 3757 5317 extermi-

2286 5356 2315 5390 ιι
2348 5355 2362 5390 :
2399 5359 2416 5388 ι
2457 5355 2540 5390 ma
2566 5353 2615 5390 e.

2243 5353 2855 5481 ΠᾉΙ’(103-1ῗιῗιῗέςρηάιιιιι
2885 5405 3100 5481 videtur
3115 5405 3285 5481 juxta
3302 5407 3587 5481 Scriptura!
3610 5407 3755 5481 εξοξὶξ·

2240 5468 2781 5548 τιὶιίιθὶιίϐιδίεοιιξιιιιπε
2813 5481 2992 5548 omnia
3027 5468 3207 5530 ferunt
3238 5468 3560 5534 651165305;
3590 5468 3666 5548 sed
3695 5473 3753 5548 lf‘

2238 5539 2360 5630 ineo
2401 5564 2596 5630 omnes
2622 5539 2768 5606 ’tn'ss.
2808 5546 3000 5611 neStri,
3045 5557 3099 5600 et
3143 5550 3272 5603 editi
3303 5551 3517 5607 habent,
3542 5560 3558 5591 ι
3591 5539 3752 5591 Rever-

2243 5627 2437 5673 ttrnini.
2470 5637 2489 5670 ι
3719 5668 3727 5677 .

2297 5689 2422 5769 ,(Η)
2466 5689 2557 5744 δίο
2589 5705 2778 5762 omnes
2820 5709 2952 5750 mss.
2998 5689 3138 5748 Editi
3179 5703 3327 5754 vero,
3369 5705 3387 5738 ι
3433 5695 3482 5741 et
3523 5680 3656 5736 velox
3689 5684 3749 5722 ιιι·

2239 5774 2356 5811 "HS".
2404 5779 2422 5811 ι
