3974 6206
251 357 348 411 877

1193 354 1547 412 COMMENT.
1590 354 1657 411 IN
1700 354 1916 409 EPIST.
1964 355 2054 410 AD
2094 357 2257 414 ROM.
2304 359 2429 414 LIB.
2474 360 2539 416 ll.

3400 366 3513 426 s73

249 485 361 539 dies
391 481 709 538 acerbitatis
734 490 787 535 et
827 481 1173 550 perditionis,
1209 482 1324 537 dies
1371 480 1720 537 tenebrarum
1769 488 1822 534 et
1852 482 1897 537 Α
1928 478 2099 547 ipsius
2127 479 2365 536 defuncti
2421 490 2584 545 sunt,
2622 481 2686 535 ad
2717 483 2860 540 hunc
2893 487 3143 542 ultimum
3168 489 3311 545 diem
3362 492 3507 561 judi-

248 575 514 647 caliginis,
552 576 668 629 dies
698 575 857 629 nubis
885 584 935 628 et
975 576 1207 640 nebulae,
1234 576 1353 629 dies
1385 577 1525 630 tuba:
1567 585 1621 629 et
1668 574 1819 627 elan-

249 670 389 739 goris
421 683 586 734 super
614 668 873 723 civitates
908 669 1170 733 munitas,
1206 677 1262 723 et
1304 683 1468 738 super
1504 683 1688 722 muros
1726 684 1822 722 ex-

248 755 435 810 celsos.
474 756 538 809 Et
587 757 820 809 alliciam
865 756 1133 821 homines,
1179 768 1231 811 ct
1277 759 1630 814 ambulabunt
1678 762 1820 817 sicut

245 848 390 909 orci,
436 848 694 917 quoniam
746 848 977 901 Domino
1019 863 1424 918 peccaverunt:
1462 864 1517 907 et
1545 853 1817 908 ellundam

243 940 559 1009 sanguinem
589 955 777 994 eorum
820 941 962 993 sicut
989 940 1288 1009 pulverem,
1315 954 1370 997 et
1400 958 1593 999 carnes
1627 960 1815 1000 eorum

243 1043 296 1085 ιιι
319 1042 582 1088 stercora.
615 1032 821 1085 Aurum
859 1046 1073 1099 eorum,
1097 1043 1150 1087 et
1184 1047 1466 1103 argentum
1498 1050 1683 1091 eorum
1708 1055 1813 1093 non

241 1127 443 1197 poterit
499 1124 735 1180 liberare
777 1139 870 1179 eos
917 1125 969 1178 in
1015 1126 1103 1180 die
1154 1126 1248 1181 ira:
1300 1128 1530 1182 Domini.
1580 1129 1633 1184 In
1693 1131 1817 1201 igne

238 1221 601 1276 aemulationis
633 1220 751 1287 ejus
794 1231 1152 1275 consumetur
1201 1223 1378 1278 omnis
1426 1234 1566 1279 terra
1594 1265 1610 1288 ,
1670 1240 1811 1294 quo-

238 1314 379 1367 niam
418 1312 586 1385 479
611 1313 1132 1366 consummationem
1152 1321 1205 1367 et
1234 1312 1634 1368 festinationem
1656 1316 1816 1371 faciet

236 1421 397 1474 super
426 1420 617 1461 omnes
640 1405 729 1474 qui
756 1406 1006 1460 habitant
1029 1414 1250 1461 terram.
1276 1425 1293 1457 ι
1312 1406 1478 1463 Isaias
1498 1423 1714 1478 quoque
1742 1408 1815 1462 si-

237 1498 437 1551 militer
472 1506 742 1551 memorat
771 1511 786 1549 :
827 1516 846 1547 σ
886 1497 1024 1551 Ecce
1055 1498 1202 1552 enim
1242 1497 1357 1552 dies
1390 1498 1600 1553 Domini
1635 1499 1814 1554 veniet

236 1588 558 1643 insanabilis
584 1587 784 1642 furoris
811 1596 866 1642 et
895 1589 987 1643 ira;
1015 1628 1030 1654 ,
1066 1604 1271 1657 ponere
1308 1591 1495 1645 orbem
1529 1599 1687 1645 terra:
1717 1592 1810 1645 de-

236 1692 440 1737 sertum
472 1721 488 1744 ,
535 1690 590 1733 et
622 1690 938 1749 peccatores
993 1683 1221 1750 perdere
1252 1697 1317 1737 ex
1355 1698 1421 1738 eo
1452 1684 1495 1737 ⁸.
1534 1704 1552 1736 ι
1595 1684 1659 1737 Ει
1692 1695 1813 1753 post

234 1789 404 1843 pauca
440 1791 455 1827 :
497 1793 516 1825 ι
548 1774 759 1833 Ctelnm
792 1775 935 1829 enim
970 1775 1156 1830 furore
1184 1778 1539 1842 accendetur,
1569 1787 1622 1833 et
1657 1787 1803 1832 terra
1839 1815 1879 1869 Β

235 1866 548 1921 movebitur
587 1882 616 1919 a
650 1864 1017 1919 fundamentis
1034 1866 1169 1928 suis,
1199 1877 1422 1936 propter
1446 1868 1681 1921 furorem
1714 1870 1806 1923 ira:

233 1958 450 2012 Domini
486 1957 724 2012 Sabaoth
758 1997 773 2022 ,
832 1958 885 2010 in
947 1958 1036 2012 die
1092 1973 1197 2027 qua
1247 1960 1621 2028 supervenerit
1658 1959 1812 2013 furor

229 2050 343 2117 ejus
373 2052 423 2103 '.
460 2069 479 2102 ι
514 2048 614 2104 llis
660 2059 739 2103 tot
786 2058 841 2104 et
888 2050 1082 2105 talibus
1120 2052 1186 2105 de
1220 2052 1306 2104 die
1339 2052 1431 2106 ira:
1483 2052 1810 2106 testimoniis

230 2142 583 2213 congregatis
607 2180 621 2205 ,
651 2151 782 2210 puto
815 2144 960 2209 quod
1000 2142 1140 2195 ultra
1176 2142 1324 2197 locus
1366 2142 1452 2196 hic
1477 2143 1812 2210 expositione

228 2250 328 2288 non
369 2242 557 2304 egeat.
590 2233 885 2288 Evidenter
917 2234 1059 2288 enim
1092 2234 1145 2288 in
1174 2234 1532 2289 hisomnibus
1556 2237 1671 2291 dies
1695 2237 1808 2302 irae,

226 2326 487 2381 vindictae
520 2326 637 2381 dies
668 2334 721 2379 et
753 2324 943 2393 judieii
978 2327 1293 2397 designatur
1336 2327 1473 2397 (42).
1504 2327 1634 2383 Inde
1660 2330 1812 2383 deni-

228 2433 327 2488 que
356 2418 436 2473 ad
463 2419 610 2472 diem
646 2418 740 2472 irae
783 2417 936 2471 addit
988 2419 1282 2487 Apostolus
1306 2459 1323 2484 ,
1372 2437 1393 2471 ς
1426 2429 1480 2475 et
1514 2420 1811 2475 revelatio-

229 2526 327 2567 ms.
369 2528 393 2562 ι
454 2509 547 2565 Sic
589 2510 734 2565 enim
767 2510 901 2565 dicit
932 2528 947 2565 :
981 2528 1000 2561 ι
1040 2508 1095 2565 in
1126 2512 1216 2567 die
1245 2513 1339 2567 irae
1370 2522 1426 2567 et
1463 2512 1810 2568 revelationis

222 2601 349 2669 justi
374 2600 577 2669 judicii
603 2600 722 2656 Dei.
760 2619 780 2651 ι
815 2600 1125 2657 Revelanda
1174 2618 1409 2674 namque
1440 2617 1559 2659 esse
1585 2606 1765 2660 omnia
1792 2645 1807 2670 ,

226 2694 395 2749 etiam
430 2694 484 2748 in
526 2693 820 2766 Evangelia
853 2695 1189 2766 designatur,
1229 2711 1349 2750 cum
1383 2698 1625 2753 dicitur:
1662 2717 1680 2750 ι
1718 2697 1810 2752 Ni-

224 2784 293 2838 hil
323 2785 610 2840 occultum
640 2786 783 2854 quod
817 2801 923 2841 non
955 2788 1377 2856 manifestetur;
1409 2804 1508 2845 nec
1534 2801 1809 2860 opertum,

225 2876 367 2945 quod
409 2890 519 2931 non
543 2875 817 2931 reveletur
838 2876 882 2932 ⁸.
918 2896 938 2930 ι
971 2876 1080 2933 Sed
1121 2888 1179 2934 et
1202 2880 1491 2951 Apostolus
1520 2881 1571 2934 in
1616 2896 1812 2937 conse-

224 2969 531 3039 quentibus
580 2967 741 3036 hujus
795 2968 1049 3038 Epistula
1101 2971 1278 3028 dicit:
1315 2990 1335 3024 ‹
1376 2970 1811 3041 ﬂagitationibus

222 3062 631 3130 accusantibus,
671 3070 764 3117 aut
794 3064 957 3118 etiam
990 3065 1428 3133 defendentihus,
1459 3068 1513 3124 in
1543 3069 1653 3135 die,
1684 3086 1806 3125 cum

1925 572 2082 625 candi
2126 582 2487 628 reserventur.
2520 575 2687 643 Cujus
2722 577 2797 631 rei
2826 578 3114 634 interiores
3158 597 3357 639 causas
3393 601 3509 639 cer-

1927 673 2037 717 tum
2069 673 2153 719 est
2207 665 2597 721 secretioribus
2648 669 2924 738 mysteriis
2957 673 3192 741 contegi.
3232 690 3252 723 α
3300 673 3503 746 Myste—

1925 753 2063 808 rium
2103 772 2120 805 ι
2150 769 2276 809 vero
2310 772 2329 805 ι
2375 757 2516 825 regis
2551 755 2890 812 abscondere
2912 759 3110 813 bonum
3135 770 3220 816 est
3253 761 3318 818 “.
3350 783 3367 816 i
3399 763 3505 818 Ta-

1923 862 2048 902 men
2080 847 2479 915 explanationis
2504 850 2677 918 gratia
2699 851 2967 917 dicemus,
3000 852 3051 906 in
3078 864 3342 922 quantum
3375 874 3502 928 pos-

1921 936 2077 990 sibile
2113 947 2195 991 est
2222 936 2433 1006 paginis
2456 938 2619 992 verba
2655 940 3024 995 committere.
3060 942 3211 998 Multi
3244 956 3370 1000 sunt
3406 949 3499 1016 qui

1920 1042 1983 1081 ex
2028 1028 2129 1081 hac
2163 1029 2269 1082 vita
2297 1030 2561 1084 abeuntes
2594 1070 2609 1094 ,
2648 1030 2730 1084 vel
2780 1032 3047 1087 honorum
3095 1036 3176 1090 vel
3235 1040 3497 1093 malorum

1919 1127 2039 1187 post
2074 1131 2134 1171 se
2153 1118 2397 1186 qumdam
2437 1120 2644 1174 semina
2680 1120 3035 1190 reliquerunt,
3071 1142 3137 1179 ex
3164 1127 3358 1194 quibus
3398 1130 3489 1197 qui

1917 1218 2207 1275 supersunt
2240 1209 2491 1266 homines
2523 1250 2537 1275 ,
2572 1220 2891 1268 occasiones
2917 1215 2998 1269 vel
3030 1216 3225 1272 salutis
3261 1220 3339 1273 vel
3375 1235 3498 1289 per—

1917 1300 2133 1354 ditionis
2166 1301 2438 1371 accipiunt
2471 1320 2484 1354 :
2540 1302 2689 1357 verbi
2745 1308 2918 1374 gratia
2951 1308 3178 1362 dixerim
3211 1350 3223 1373 ,
3272 1320 3330 1363 ut
3369 1318 3497 1367 sunt

1916 1408 2107 1446 omnes
2139 1394 2229 1460 qui
2268 1409 2461 1464 pravas
2483 1405 2664 1450 sectas
2694 1406 2748 1451 et
2771 1398 2978 1453 alienas
3009 1414 3037 1453 a
3072 1401 3181 1455 Deo
3213 1403 3353 1456 inter
3378 1403 3496 1472 phi-

1917 1482 2172 1550 losophos
2215 1484 2612 1551 condiderunt;
2670 1486 2755 1541 vel
2780 1489 2870 1556 qui
2912 1492 3123 1558 magica
3150 1494 3436 1563 sacrilegia
3476 1534 3495 1563 ,

1915 1584 2008 1626 aut
2036 1575 2126 1643 qui
2163 1590 2380 1630 errores
2423 1586 2697 1633 astrorum
2727 1619 2741 1641 ,
2792 1589 2847 1633 et
2920 1582 3136 1636 decreta
3177 1583 3495 1656 ﬁnxerunt;

1916 1667 1995 1720 vel
2029 1668 2140 1738 (44)
2178 1678 2331 1722 certe
2377 1669 2469 1738 qui
2524 1670 2666 1738 apud
2700 1685 2798 1724 nos
2829 1682 3080 1729 auctores
3112 1675 3493 1732 hmretieomm

1914 1770 1969 1812 et
2004 1773 2292 1825 pravorum
2318 1760 2627 1829 dogmatum
2654 1760 2805 1817 libris
2857 1764 3016 1819 editis
3046 1768 3305 1821 exstitere
3342 1787 3355 1835 ;
3411 1770 3495 1824 vel

1911 1850 2076 1903 etiam
2108 1849 2200 1918 qui
2249 1850 2548 1906 schismata
2593 1852 2644 1906 in
2674 1852 2939 1909 Ecclesiis
2966 1896 2980 1920 ,
3030 1867 3084 1911 et
3120 1860 3380 1915 scandala
3430 1877 3495 1917 ac

1911 1940 2286 1998 dissensiones
2316 1945 2523 2013 operati
2556 1955 2704 2001 sunt.
2736 1946 2775 1999 E
2814 1950 3091 2004 contrario
3121 1966 3252 2007 vero
3281 1965 3497 2021 apoSIo-

1913 2032 2140 2087 licarum
2170 2033 2471 2089 litterarum
2510 2051 2644 2105 opus
2668 2080 2682 2103 ,
2718 2037 3099 2108 profectusque
3123 2057 3217 2111 per
3240 2044 3342 2099 has
3372 2046 3496 2099 uni-

1914 2138 2085 2178 versae
2122 2124 2400 2191 Ecclesiae,
2432 2133 2485 2178 et
2514 2127 2882 2181 conversioad
2913 2129 3102 2192 Deum,
3126 2139 3287 2199 atque
3309 2147 3496 2189 emcn-

1912 2213 2059 2268 datio
2095 2215 2257 2268 totius
2310 2217 2491 2269 mundi
2525 2226 2611 2270 est
2644 2214 2782 2286 (45).
2806 2216 3047 2283 Quorum
3078 2221 3320 2275 omnium
3356 2237 3494 2277 cau-

1912 2320 1985 2360 sae
2018 2320 2127 2359 non
2166 2305 2269 2360 nisi
2294 2320 2416 2360 cum
2450 2308 2621 2377 ipsius
2653 2308 2840 2363 mundi
2877 2309 2983 2363 line
3009 2311 3337 2367 claudentur
3366 2330 3380 2367 :
3436 2321 3494 2370 et

1912 2399 2037 2453 ideo
2064 2416 2170 2455 non
2207 2411 2350 2455 esset
2384 2401 2591 2469 justum
2634 2399 2901 2469 judicium
2932 2402 3051 2467 Dei,
3093 2403 3267 2459 donec
3307 2406 3375 2461 de
3409 2407 3493 2461 his

1912 2492 2143 2561 singulis
2168 2492 2249 2547 vel
2279 2492 2580 2562 profectus,
2604 2493 2693 2547 vel
2725 2493 3117 2561 impedimenta
3164 2497 3489 2563 penderent.

1911 2583 2066 2649 Quod
2085 2594 2140 2639 et
2166 2585 2464 2656 Apostolus
2492 2586 2806 2657 significare
2830 2588 3067 2653 videtur,
3095 2605 3219 2644 cum
3250 2592 3382 2646 dicit
3409 2592 3486 2632 ηε

1917 2695 1938 2730 ι
1971 2679 2338 2744 Quorumdam
2371 2679 2652 2733 hominum
2692 2690 2913 2750 peccata
2971 2680 3262 2737 manifesta
3313 2693 3439 2738 sunt
3472 2722 3487 2746 ,

1911 2768 2273 2837 praecedentia
2310 2769 2378 2823 ad
2431 2768 2742 2837 judicium;
2804 2772 3162 2840 quorumdam
3216 2782 3401 2829 autem
3431 2784 3488 2829 et

1912 2859 2337 2929 subsequuntur.
2386 2880 2410 2915 ι
2461 2858 2581 2916 Jam
2621 2875 2750 2917 vero
2789 2861 2838 2918 si
2885 2863 3053 2919 etiam
3082 2871 3239 2919 ext-ra
3291 2880 3491 2936 corpus

1911 2952 2071 3020 positi
2106 2952 2414 3029 velsancti,
2439 2956 2530 3024 qui
2565 2971 2689 3010 cum
2717 2954 2942 3011 Christo
2980 2967 3128 3020 sunt,
3169 2967 3340 3027 agunt
3388 2958 3493 3013 ali-

1912 3045 2064 3113 quid,
2097 3055 2149 3101 et
2178 3047 2428 3103 laborant
2459 3063 2558 3119 pro
2591 3049 2752 3105 nobis
2784 3049 2853 3104 ad
2878 3048 3294 3107 similitudinem
3325 3065 3494 3120 ange-

219 3153 493 3221 judicabit
525 3153 668 3209 Deus
693 3154 905 3208 occulta
939 3154 1218 3209 hominum
1242 3156 1285 3209 ⁹.
1325 3176 1344 3210 ι
1382 3157 1442 3212 1η
1479 3174 1591 3229 quo
1620 3159 1806 3229 utique

1913 3138 2112 3205 lorum,
2145 3139 2237 3207 qui
2290 3141 2489 3198 salutis
2558 3150 2757 3197 nostrae
2810 3140 3113 3198 ministeria
3148 3153 3487 3211 procurant:

223 3245 472 3299 ostendit
506 3244 715 3299 occulta
736 3244 1016 3300 hominum
1048 3247 1334 3302 revelanda
1360 3265 1467 3304 non
1499 3252 1602 3306 nisi
1638 3252 1689 3305 in
1724 3254 1810 3307 die

220 3352 321 3404 qua
359 3336 720 3406 jndicaturus
752 3344 836 3391 est
889 3337 1030 3392 Deus
1060 3378 1077 3404 ,
1127 3338 1271 3393 sicut
1296 3349 1352 3395 et
1396 3340 1462 3395 ad
1495 3342 1809 3397 Corinthios

219 3426 537 3481 evidentius
565 3425 728 3481 dicit:
768 3443 786 3476 ι
807 3424 988 3482 Nolite
1015 3438 1141 3483 ante
1160 3439 1394 3498 tempus,
1426 3450 1444 3483 ι
1469 3433 1646 3501 inquit
1670 3434 1802 3503 (45).

223 3514 561 3583 «judicare,
594 3530 874 3587 usquequo
906 3518 1091 3572 veniat
1122 3520 1384 3576 Dominus
1409 3561 1425 3587 ,
1454 3522 1546 3593 qui
1587 3533 1642 3578 et
1690 3524 1809 3579 illu-

219 3606 460 3662 minabit
491 3607 700 3661 occulta
737 3610 1087 3663 tenebrarum
1112 3648 1129 3674 ,
1181 3619 1238 3666 et
1270 3614 1644 3668 manifestabit
1678 3629 1807 3669 con-

216 3698 336 3753 silia
357 3698 616 3753 cordium
650 3698 717 3753 ¹⁰.
759 3715 778 3749 ι
814 3698 946 3765 Qum
986 3699 1172 3768 utique
1221 3701 1404 3756 omnia
1440 3702 1509 3758 de
1560 3704 1662 3758 hac
1709 3718 1806 3758 eas

216 3791 336 3844 dem
371 3790 470 3844 die
504 3788 611 3843 dici
640 3788 1039 3859 intelliguntur,
1074 3791 1127 3845 in
1160 3806 1268 3861 qua
1296 3796 1556 3859 tenebrae,
1586 3806 1641 3849 et
1672 3809 1804 3851 ma:-

216 3898 328 3947 ror,
373 3890 439 3934 et
487 3879 710 3934 tristitia
744 3880 926 3935 futura
988 3881 1263 3947 dicuntur,
1326 3895 1547 3955 prepter
1586 3901 1681 3942 eos
1713 3887 1805 3956 qui

218 3973 413 4028 inultis
446 3982 797 4040 peccatorum
829 3974 1147 4028 vulneribus
1179 3975 1417 4031 confossi
1460 3978 1602 4048 ignis
1630 3994 1806 4034 reme-

212 4063 317 4119 diis
370 4063 723 4131 iudigebunt.
757 4063 875 4128 Quo
931 4064 982 4118 in
1039 4074 1281 4134 tempore
1319 4068 1529 4123 dicetur
1576 4069 1641 4123 ad
1673 4084 1806 4124 san-

216 4168 333 4213 ctos
373 4175 393 4211 :
441 4176 459 4209 ι
494 4157 684 4227 Perge,
711 4159 941 4227 papulas
973 4173 1146 4223 meus,
1180 4160 1319 4214 intra
1356 4162 1406 4215 in
1429 4164 1803 4230 promptuaria

216 4262 326 4316 tua,
362 4251 574 4307 claude
606 4251 808 4305 ostium
851 4259 1023 4315 tuum,
1058 4252 1334 4307 occultare
1368 4255 1672 4324 paulisper,
1708 4256 1805 4310 do-

214 4357 315 4397 nec
348 4351 608 4397 transeat
631 4341 784 4396 furor
815 4343 908 4397 ira:
941 4356 1072 4396 mea:
1113 4342 1179 4396 “.
1225 4362 1243 4395 ι
1273 4344 1328 4397 In
1356 4345 1558 4412 quibus
1596 4361 1804 4400 sermo.

211 4435 379 4491 nibus
414 4444 634 4505 quantze
664 4434 865 4487 divitiae
888 4435 1147 4489 bonitatis
1168 4434 1265 4489 Dei
1294 4437 1657 4503 occultentur,
1679 4455 1803 4509 pro-

208 4536 332 4595 pter
363 4539 468 4579 eos
497 4523 589 4593 qui
618 4524 938 4593 patientiam
972 4525 1089 4592 ejus
1120 4526 1530 4595 bonitatemque
1557 4540 1801 4585 conteru-

210 4627 376 4681 nunt,
444 4614 804 4670 manifestare
864 4630 973 4670 non
1009 4631 1145 4685 opus
1183 4626 1283 4671 est.
1318 4615 1636 4684 Requiritur
1670 4634 1801 4675 sane

210 4722 239 4760 a
262 4705 603 4778 quibusdam
638 4720 736 4759 cur
761 4705 878 4761 dies
932 4706 1041 4771 hic,
1071 4709 1136 4761 de
1165 4721 1273 4775 quo
1299 4707 1548 4776 superius
1605 4708 1801 4763 biblio-

209 4800 414 4854 thecas
443 4797 794 4868 propheticas
822 4798 1113 4863 movimus,
1144 4798 1195 4851 in
1220 4796 1328 4851 line
1355 4797 1541 4852 mundi
1565 4805 1800 4855 statutus

206 4893 302 4957 sit,
338 4902 407 4947 ut
432 4876 626 4945 omnes
651 4889 743 4959 qui
793 4891 861 4945 ab
891 4889 1048 4943 initio
1097 4888 1279 4943 sreculi
1317 4904 1489 4956 usque
1521 4890 1587 4943 ad
1640 4889 1798 4944 linem

277 5035 303 5065 ⁸
346 5033 456 5087 lsa.
500 5047 642 5097 xui,
685 5031 739 5086 9.
836 5030 857 5061 ⁷
886 5030 1020 5084 ibid.
1049 5030 1135 5084 l3.
1213 5030 1235 5062 ⁸
1264 5029 1453 5083 Matth.
1487 5046 1518 5084 it
1546 5071 1560 5094 ,
1614 5031 1705 5085 26.

208 5104 253 5134 "
283 5104 433 5158 Tob.
466 5116 566 5168 xtt,
592 5101 643 5154 7.
721 5102 763 5133 ³³
791 5100 809 5154 l
837 5098 979 5154 Tim.
1011 5116 1043 5154 v
1066 5142 1083 5166 ,
1124 5100 1216 5155 24.

281 5241 409 5312 (42)
447 5241 551 5312 Sic_
575 5254 708 5312 mss.
731 5240 1053 5312 pleriqueet
1098 5239 1374 5312 llabanus.
1402 5241 1547 5295 Editi
1575 5256 1724 5301 vero.
1747 5252 1801 5295 et

208 5308 320 5365 ms.
352 5308 499 5364 unus
523 5308 905 5379 Regius'num.
940 5308 1102 5373 1641,
1140 5329 1157 5362 t
1192 5310 1309 5365 dies
1336 5314 1428 5366 irae
1452 5322 1506 5366 et
1527 5311 1798 5379 vindictae,

203 5382 335 5436 dies
368 5380 562 5450 iudicii
597 5380 964 5450 designatur.)

284 5450 414 5519 (45)
440 5468 458 5500 ι
481 5448 679 5519 lnquit.
704 5448 909 5505 {Deest
934 5454 984 5505 in
1002 5454 1185 5515 editis,
1200 5465 1253 5507 et
1268 5452 1574 5507 restituitur
1590 5466 1653 5506 ex
1672 5468 1802 5505 mss.

284 5516 413 5593 (44)
451 5516 908 5593 Editi._Rabanus
945 5534 1000 5577 et
1042 5539 1143 5579 ms.
1186 5524 1389 5593 Regius
1441 5539 1592 5576 num.
1643 5521 1801 5583 1659.

200 5592 481 5643 omittunt
509 5608 527 5639 ι
558 5591 641 5645 vel
666 5609 709 5643 ι.

283 5659 416 5727 (45)
450 5676 467 5708 ι
501 5661 595 5714 Est
630 5679 647 5712 ι
687 5670 803 5727 post
835 5679 854 5711 ι
897 5663 1066 5716 totius
1093 5663 1276 5716 mundi
1305 5705 1320 5728 ,
1362 5680 1380 5713 ι
1418 5660 1687 5714 omittitur
1746 5660 1798 5713 in

204 5730 419 5792 editis,
448 5739 500 5781 et
536 5731 587 5784 in
622 5730 894 5798 plerisque
926 5748 1055 5785 mss.
1095 5733 1317 5786 nostris.
1362 5732 1615 5785 Rabanns
1663 5731 1800 5784 hanc

206 5813 424 5853 vocem
450 5801 597 5866 ponit
629 5811 745 5870 post
776 5819 793 5850 ι
822 5804 1243 5868 apostolicarum
1273 5803 1572 5854 litterarqu
1606 5815 1793 5869 opus.»

1783 5034 1802 5062 ’
1834 5033 1991 5086 Rom.
2036 5047 2093 5091 it,
2142 5030 2224 5093 l5,
2267 5028 2351 5081 16.

1294 5100 1410 5131 ¹⁸·¹⁸
1443 5098 1635 5156 Matth.
1681 5118 1810 5164 xxv,
1845 5104 1934 5156 41.

1914 3231 1996 3286 vel
2029 3248 2242 3287 rursum
2277 3244 2589 3301 peccatores
2616 3235 2781 3290 etiam
2827 3234 2929 3304 ipsi
2975 3243 3131 3289 extra
3168 3250 3361 3306 corpus
3390 3252 3490 3307 po-

1910 3322 1997 3376 siti
2019 3326 2186 3392 agunt
2216 3322 2416 3392 aliquid
2436 3326 2735 3379 secundum
2753 3326 3092 3395 propositum
3123 3326 3323 3382 mentis
3350 3340 3489 3393 suae,

1912 3414 1978 3466 ad
2008 3412 2323 3483 angelorum
2380 3415 2731 3471 nihilominus
2787 3416 3197 3473 similitudinem
3234 3418 3488 3473 sinistro-

1915 3520 2055 3567 rnm,
2087 3518 2210 3558 cum
2237 3503 2435 3571 quibus
2464 3515 2519 3559 et
2547 3507 2600 3560 iu
2632 3516 2901 3561 aeternum
2933 3508 3111 3577 ignem
3139 3509 3383 3564 mittendi
3407 3511 3478 3563 di-

1909 3606 2107 3650 cuntur
2134 3611 2164 3650 a
2186 3594 2405 3651 Christo
2443 3596 2584 3663 “'“,
2618 3597 2890 3652 habeatur
2918 3607 2973 3651 et
2997 3600 3101 3654 hoc
3122 3614 3342 3669 quoque
3363 3598 3481 3670 (46)

1908 3691 2052 3743 inter
2085 3689 2300 3744 occulta
2344 3688 2460 3755 Dei,
2498 3702 2597 3744 nec
2643 3689 2909 3745 chartula:
2944 3692 3329 3746 committenda
3363 3708 3486 3763 my~

1908 3782 2096 3836 steria.
2141 3779 2427 3836 Sutliciant
2479 3779 2580 3834 ista
2612 3781 2678 3836 de
2718 3780 2805 3836 die
2856 3780 2952 3835 ira:
2996 3790 3051 3835 et
3110 3781 3483 3839 revelationis.

1906 3872 2063 3927 Nunc
2094 3874 2438 3941 requiramus
2469 3871 2537 3926 de
2568 3869 2718 3940 justo
2741 3872 2953 3940 judicio
2980 3871 3098 3939 Dei,
3149 3873 3201 3927 in
3229 3888 3335 3942 quo
3363 3874 3477 3929 red-

1909 3965 1999 4018 det
2024 3964 2316 4032 unicuique
2341 3964 2639 4019 secuudum
2672 3978 2836 4033 opera
2880 3979 3002 4021 sua.
3056 3966 3122 4020 Et
3151 3966 3329 4035 primo
3366 3966 3486 4035 qui-

1907 4058 2030 4109 dem
2084 4055 2450 4111 excludantur
2483 4055 2723 4110 haeretici
2753 4094 2770 4119 ,
2812 4056 2901 4125 qui
2956 4057 3141 4113 dicunt
3175 4058 3349 4113 bonas
3395 4058 3484 4111 vel

1908 4149 2078 4201 malas
2105 4149 2411 4201 animarum
2448 4158 2712 4213 naturas,
2746 4157 2799 4201 et
2835 4148 3059 4203 audiant
3093 4152 3220 4219 quia
3250 4166 3354 4204 non
3382 4167 3485 4220 pro

1908 4249 2096 4293 natura
2127 4239 2421 4309 unicuique
2478 4240 2641 4304 Deus,
2669 4240 2762 4293 sed
2787 4255 2890 4308 pro
2926 4242 3182 4309 operibus
3210 4242 3326 4296 suis
3356 4244 3475 4296 red-

1908 4334 2017 4385 det.
2060 4331 2309 4385 Secundo
2347 4332 2397 4384 in
2433 4331 2551 4385 loco
2580 4333 2920 4387 azdilicentur
2955 4332 3167 4393 fideles,
3197 4348 3263 4386 ne
3292 4343 3482 4400 putent

1909 4423 2013 4476 sibi
2052 4423 2153 4476 hoc
2180 4424 2356 4476 solum
2389 4421 2635 4477 sulliccre
2680 4438 2838 4492 posse
2889 4423 3031 4491 quod
3084 4425 3350 4491 credunt;
3388 4426 3481 4479 sed

1908 4515 2086 4568 sciant
2107 4513 2312 4580 justum
2365 4512 2629 4580 judicium
2662 4514 2753 4568 Dei
2809 4515 3035 4568 reddere
3064 4514 3360 4584 unicuique
3390 4532 3479 4570 se—

1907 4607 2145 4660 cundum
2172 4622 2342 4675 opera
2368 4622 2489 4660 sua.
2528 4609 2669 4661 Sane
2705 4606 2964 4674 quoniam
2987 4605 3118 4659 dicit
3143 4606 3195 4659 in
3228 4607 3329 4661 hoc
3357 4622 3482 4663 esse

1902 4700 2106 4770 justum
2129 4699 2391 4769 judicium
2420 4700 2535 4763 Dei,
2566 4707 2625 4753 ut
2650 4698 2941 4767 unicuique
2974 4697 3163 4752 reddat
3183 4700 3479 4753 secundum

1905 4809 2068 4863 opera
2098 4807 2193 4846 sua
2227 4791 2361 4863 (l7),
2388 4793 2714 4847 videbuntur
2743 4807 3083 4862 nequaquam
3108 4807 3206 4862 pro
3237 4794 3339 4846 hoc
3363 4808 3482 4847 scr-

1907 4902 2064 4942 moue
2094 4885 2305 4940 excludi
2349 4899 2505 4954 posse
2531 4884 2763 4954 gentiles
2787 4925 2803 4950 ,
2850 4885 2894 4939 si
2952 4885 3097 4940 forte
3124 4896 3172 4939 et
3218 4885 3317 4954 ipsi
3352 4884 3477 4939 boni

2432 5028 2472 5057 '°
2500 5025 2663 5081 lCor.
2696 5027 2839 5091 tv,5.
2989 5028 3028 5058 “
3057 5026 3163 5081 lsa.
3192 5041 3339 5091 xxvr,
3386 5026 3474 5081 20.

1905 5241 2004 5295 Ms.
2043 5240 2240 5311 Regius
2277 5255 2423 5295 num.
2459 5239 2620 5303 1639,
2650 5257 2669 5290 ι
2719 5238 2883 5293 totius
2919 5238 3101 5293 mundi
3158 5234 3474 5292 manifesta-

1907 5312 2092 5366 bitur:
2130 5327 2379 5371 quorum,
2420 5330 2439 5361 ι
2468 5321 2576 5365 etc.

1977 5380 2090 5449 (46)
2123 5378 2219 5434 Ms.
2254 5394 2433 5443 unus,
2473 5398 2490 5430 ι
2545 5380 2849 5433 habeantur
2905 5389 2961 5433 et
3009 5378 3123 5449 haec
3150 5390 3365 5449 quoque
3391 5417 3406 5441 ,
3443 5395 3464 5430 ι

1906 5448 2011 5504 etc.
2046 5451 2149 5504 Sed
2179 5453 2359 5504 caeteri
2391 5464 2545 5513 mss.,
2574 5448 2828 5503 llabauus
2854 5458 2910 5502 et
2934 5448 3066 5503 editi
3098 5457 3154 5501 ut
3180 5448 3231 5502 in
3255 5457 3423 5501 textu.

1980 5521 2088 5589 (47)
2120 5519 2323 5589 (Sane
2350 5519 2603 5585 quoniam
2634 5518 2764 5573 dicit
2795 5518 2848 5572 in
2868 5519 2986 5589 hoc
3017 5533 3137 5573 esse
3159 5518 3470 5587 justumju-

1908 5590 2108 5643 dicium
2153 5588 2268 5647 Dei,
2311 5597 2369 5640 ut
2418 5588 2711 5655 unicuique
2750 5588 2938 5642 reddat
2979 5594 3271 5642 secundum
3307 5602 3468 5654 opt-ra

1909 5676 2026 5713 sua.
2059 5678 2077 5709 ι
2110 5658 2233 5711 llaec
2268 5657 2645 5711 desiderantur
2678 5660 2726 5710 in
2754 5658 2907 5711 libris
2942 5667 3098 5711 antea
3128 5659 3307 5720 editis,
3342 5665 3395 5710 et
3417 5658 3468 5709 in

1909 5745 2010 5782 ms.
2044 5728 2209 5797 Iiegio
2247 5743 2392 5779 unm.
2438 5728 2597 5787 1639,
2630 5743 2834 5781 necnon
2865 5730 3003 5798 apttd
3037 5729 3346 5792 llahanum;
3378 5728 3469 5778 sed

1909 5800 2269 5853 restituuntur
2304 5813 2368 5851 ex
2400 5800 2612 5853 caeteris
2645 5814 2771 5852 mss.
