3936 6196
156 201 304 294 ἐει

1163 235 1524 294 (ΣΟΜΜΕΝΤ.
1562 235 1628 291 ΙΝ
1659 235 1764 292 EPI

1919 235 2008 292 AD
2047 237 2212 294 ROM.
2258 237 2383 292 LIB.
2428 237 2491 293 11.
3356 243 3459 294 5‘39.

191 361 285 414 ria
319 377 334 427 ;
395 358 471 414 ita
505 367 565 412 ut
589 373 694 412 non
728 367 952 428 possent
976 358 1258 414 intendere
1288 358 1382 413 lilii
1415 358 1582 414 Israel
1611 361 1664 413 in
1700 359 1779 412 fa-
1809 364 1855 421 Α
1884 362 2008 432 quia
2045 379 2063 411 ι
2088 361 2280 423 homo,
2324 376 2444 413 cum
2475 361 2526 412 in
2559 360 2764 414 honore
2807 368 2974 422 esset,
3006 374 3111 412 non
3153 359 3454 427 intellexit,

188 452 337 504 ciem
370 448 565 522 Moysi,
603 459 822 520 propter
853 449 1081 520 gloriam
1115 451 1296 506 vultus
1329 451 1472 520 ejus,
1506 467 1624 521 quae
1647 451 1778 506 abo—

191 541 383 606 letur;
417 551 620 610 quanto
679 541 850 611 magis
906 541 1268 596 ministerium
1303 542 1540 611 Spiritus
1585 544 1690 598 erit
1723 543 1778 597 in

187 631 415 694 gloria!
485 631 539 685 Si
577 633 722 686 enim
785 633 836 686 in
892 633 1202 688 ministerio
1253 635 1617 689 damnationis
1661 634 1780 702 glo-

190 722 279 773 ria
312 720 425 791 (b7)
453 731 568 782 est,
604 731 808 790 quanto
859 726 1030 794 magis
1073 724 1372 779 abundabit
1415 726 1780 780 ministerium

180 813 422 877 iustitiae
448 813 502 866 in
530 812 740 883 gloria?
772 833 790 866 ι
820 814 886 868 Et
921 826 1039 884 post
1058 831 1228 885 pauca
1261 817 1448 871 addit:
1483 836 1502 870 ‹
1540 816 1648 873 Nos
1681 833 1780 874 au—
1812 822 1820 828 ’

193 909 309 953 tem
363 917 553 957 omnes
589 905 823 958 revelata
863 903 1006 960 facie
1053 905 1281 977 gloriam
1317 907 1528 962 Domini
1581 925 1781 980 specu-

190 991 395 1054 lanies,
426 992 480 1047 in
514 995 757 1048 eamdem
799 996 1088 1066 imaginem
1120 998 1232 1070 (58)
1267 997 1722 1054 transformamur
1750 1017 1780 1056 a

187 1083 373 1151 gloria
410 1085 462 1138 in
500 1085 724 1155 gloriam
783 1099 1040 1159 tanquam
1089 1106 1118 1144 a
1174 1091 1382 1146 Domini
1409 1092 1616 1161 Spiritu
1647 1092 1714 1146 *'.
1753 1111 1774 1147 ι

192 1175 298 1228 Est
319 1191 449 1244 ergo
475 1179 726 1245 quaedam
765 1179 932 1249 gloria
965 1181 1259 1235 secundum
1289 1182 1630 1250 Apostolum,
1662 1198 1782 1254 qua:

188 1281 230 1318 ιι
243 1280 313 1318 οη
339 1266 693 1336 glorificatur,
723 1280 779 1324 ut
806 1270 890 1324 illa
913 1285 1035 1339 quae
1065 1270 1116 1324 in
1145 1271 1292 1324 vultu
1316 1270 1490 1343 Moysi
1519 1272 1641 1341 fuit,
1660 1288 1780 1344 quae

189 1357 403 1411 dicitur
431 1373 553 1414 esse
585 1361 884 1427 destructa,
934 1377 1052 1432 qua:
1113 1361 1275 1432 Legis
1320 1363 1501 1420 littera
1553 1365 1778 1436 intelligi

187 1459 402 1518 porest,
439 1450 650 1506 habens
678 1454 898 1521 quidam
944 1457 1176 1526 gloriam
1235 1467 1650 1528 praceptorum,
1683 1460 1780 1514 scd

184 1557 324 1610 qua:
349 1542 649 1612 gloriﬁcari
682 1561 786 1600 non
839 1550 1032 1616 possit.
1065 1549 1164 1604 Est
1198 1558 1253 1604 et
1299 1549 1406 1604 alia
1439 1549 1632 1620 gloria,
1659 1565 1782 1622 qua!

186 1638 484 1698 permanet
524 1641 584 1688 et
637 1634 976 1704 gloriﬁcatur
1039 1637 1096 1692 in
1162 1638 1400 1695 Christo.
1445 1638 1580 1694 Cum
1631 1641 1778 1695 enim

1883 460 2234 521 comparatus
2286 461 2367 504 est
2413 450 2676 518 jmnentis
2720 450 3124 518 insipientibus,
3157 459 3210 504 et
3263 451 3460 505 δίιιιῐῐικ

1885 546 2059 601 factus
2103 553 2189 598 est
2244 542 2346 596 illis
2370 542 2479 594 ³⁸.»
2549 540 2754 607 Quzerit
2800 556 2926 610 ergo
2987 541 3136 594 illum
3196 542 3458 595 honorem

1883 656 2048 710 quem
2082 638 2312 693 habebat
2345 637 2455 707 (60)
2481 644 2781 705 antequam
2810 645 3224 703 compararetur
3247 634 3462 702 jumen-

1886 731 1956 785 tis
1989 727 2399 797 insipientibus,
2427 727 2479 779 id
2511 733 2595 778 est
2639 724 2788 778 illum
2827 739 2991 793 quem
3019 724 3252 777 habebat
3282 723 3334 776 in
3369 739 3461 792 pa-

1885 821 2085 890 radiso,
2117 828 2406 887 antequam
2431 825 2700 886 peccaret,
2732 818 2993 871 honorem
3025 831 3135 885 quo
3157 813 3244 870 Dei
3273 830 3458 870 vocem

1883 911 2195 968 merebatur
2223 909 2432 974 audire,
2480 909 2742 962 honorem
2775 919 2886 976 quo
2910 905 3149 976 paradisi
3193 904 3462 960 fructibus

1881 1015 1935 1061 et
1969 1005 2114 1074 ligno
2139 1003 2266 1056 vitat
2291 999 2598 1054 fruebatur.
2624 998 2736 1054 Sed
2763 1009 2819 1054 et
2839 997 2969 1053 illud
2991 998 3135 1066 quod
3165 996 3296 1051 dicit
3320 997 3462 1064 Apo-

1882 1096 2053 1151 stolus
2086 1111 2100 1148 :
2135 1110 2155 1144 ‹
2183 1092 2415 1148 Reddite
2467 1091 2718 1147 omnibus
2762 1090 2983 1155 debita;
3036 1090 3120 1145 cui
3173 1090 3459 1150 honorem,

1885 1189 2144 1243 honorem
2169 1184 2237 1250 ³⁷,
2273 1202 2292 1236 ι
2325 1184 2392 1238 ad
2444 1184 2547 1238 hoc
2580 1183 2710 1237 mihi
2755 1183 3029 1253 respicere
3069 1181 3300 1236 videtur.
3353 1179 3462 1250 Ego

1881 1277 2026 1332 enim
2057 1275 2139 1330 sic
2163 1273 2410 1345 intelligo
2433 1273 2699 1328 honorem
2725 1273 2969 1327 debitum
2997 1272 3146 1327 reddi
3182 1272 3289 1327 Deo
3320 1271 3458 1342 (Gl),

1882 1369 1927 1424 si
1961 1366 2107 1439 quod
2140 1368 2373 1421 debetur
2400 1363 2638 1429 iustitia:
2670 1363 2954 1429 reddatur,
2987 1373 3041 1418 et
3081 1363 3213 1418 nihil
3251 1377 3314 1418 ex
3344 1361 3462 1430 ejus

1883 1470 2037 1530 parte
2069 1455 2347 1526 iniustitia:
2373 1455 2746 1510 concedatur:
2796 1455 3049 1509 similiter
3081 1463 3136 1510 et
3164 1455 3376 1509 veritati
3411 1456 3458 1508 si

1883 1562 2004 1617 qum
2031 1561 2130 1601 sua
2161 1554 2286 1601 sunt
2317 1543 2392 1596 ita
2423 1544 2747 1609 reddantur,
2783 1553 2843 1596 ut
2881 1542 3013 1597 nihil
3039 1558 3105 1598 ex
3136 1544 3254 1612 ejus
3292 1545 3462 1614 parti-

1883 1637 1984 1692 bus
2008 1638 2296 1692 mendacio
2325 1637 2667 1705 relinquatur
2694 1651 2709 1687 :
2736 1634 3018 1704 sapientiae
3039 1649 3276 1706 quoque,
3303 1645 3358 1689 et
3375 1637 3464 1688 in-

185 1723 537 1780 ascendisset
561 1729 614 1779 in
641 1736 882 1783 montem
917 1745 1040 1784 cum
1068 1728 1228 1785 Petro
1255 1770 1271 1795 ,
1323 1738 1379 1786 et
1430 1728 1638 1786 Iacobo
1665 1772 1681 1798 ,
1725 1739 1780 1785 et
1810 1721 1852 1774 Β
1882 1731 2172 1792 nocentlze,
2209 1727 2552 1796 bonitatique
2574 1727 2619 1781 si
2641 1727 2712 1779 ita
2739 1726 3033 1782 reddanms
3047 1741 3170 1796 quae
3195 1742 3288 1781 sua
3311 1727 3459 1790 sunt,

185 1813 410 1873 Joanne
433 1857 450 1882 ,
497 1818 930 1877 transformatus
953 1836 1082 1877 esse
1112 1822 1167 1878 in
1211 1822 1441 1894 gloriam
1493 1823 1774 1878 scribitur.

193 1923 221 1955 ς
262 1905 328 1959 Et
354 1916 485 1964 tunc
519 1920 910 1980 apparuerunt,
949 1931 970 1964 ι
997 1911 1194 1982 inquit,
1239 1930 1259 1964 ι
1297 1912 1511 1985 Moyses
1545 1922 1600 1966 et
1633 1913 1779 1969 Elias

187 1999 575 2068 colloquentes
613 2018 734 2056 cum
760 2020 824 2060 co
853 2004 920 2062 '°.
949 2023 972 2058 ι
1011 2005 1113 2059 Per
1139 2005 1282 2076 quod
1309 2006 1778 2075 'ostenditur,quia

188 2092 336 2162 tegis
383 2103 438 2147 et
491 2095 876 2165 pr0phetarum
935 2097 1110 2169 gloria
1161 2107 1292 2152 tunc
1346 2098 1618 2167 apparuit,
1653 2113 1778 2152 cum

191 2183 453 2240 Christus
485 2184 681 2241 fuisset
711 2188 1136 2244 transformatus
1173 2190 1229 2243 in
1278 2188 1450 2260 gloria
1477 2228 1494 2255 ,
1551 2199 1610 2244 ut
1634 2189 1780 2244 illius

189 2277 372 2344 gloria
399 2277 702 2332 illumiuata
732 2280 1018 2349 proiihetia
1042 2291 1096 2336 et
1124 2281 1235 2346 lex,
1295 2291 1479 2336 amoto
1511 2281 1779 2336 velamine

194 2369 425 2434 litteras,
455 2371 792 2442 intelligatur
850 2374 903 2427 in
932 2376 1152 2446 spiritu.
1205 2376 1404 2432 Verum
1439 2377 1566 2447 quia
1625 2387 1680 2433 et
1727 2379 1776 2434 in

197 2462 392 2520 Exodo
446 2465 652 2520 dicitur
704 2467 747 2499 ³ι
799 2467 967 2538 gloria
1027 2469 1121 2526 Dei
1161 2471 1401 2539 replesse
1453 2471 1777 2530 tabernacu-

196 2553 310 2607 lum
366 2557 703 2628 testimmiii;
751 2573 807 2616 et
859 2562 1054 2617 iterum
1086 2563 1139 2618 in
1198 2565 1538 2621 dedicatione
1593 2569 1777 2639 templi

189 2641 358 2714 481
389 2647 746 2705 nihilominus
767 2651 1112 2708 descendisse
1128 2653 1298 2724 gloria
1326 2655 1442 2720 Dei,
1460 2664 1514 2711 et
1539 2657 1781 2725 replesse

191 2731 419 2786 dourutn
455 2735 626 2802 fumo,
659 2738 907 2808 caligine,
931 2749 987 2796 et
1017 2741 1184 2806 nube,
1211 2743 1263 2795 in
1297 2759 1405 2812 quo
1455 2744 1638 2814 utique
1663 2747 1778 2816 ipsa

185 2824 392 2878 adesse
425 2823 522 2880 Dei
566 2831 858 2897 pnnsentia
906 2831 1222 2902 designatur
1245 2833 1290 2866 ³³
1319 2849 1334 2888 :
1375 2835 1463 2888 illa
1490 2835 1546 2890 in
1575 2837 1659 2892 his
1683 2854 1790 2908 pu-

177 2916 362 2968 unda
393 2925 479 2972 est
504 2919 607 2973 dici
625 2920 976 2991 (58‘)gloria,
999 2925 1066 2977 de
1087 2939 1192 2992 qua
1217 2925 1508 2994 Apostolus
1533 2929 1782 2984 scribens

180 3007 263 3061 ad
303 3007 558 3062 llebratos
585 3011 717 3064 dicit
742 3011 810 3066 de
839 3011 999 3078 Filio,
1041 3015 1166 3083 quia
1216 3017 1288 3068 sit
1316 3035 1334 3067 ι
1370 3017 1630 3084 splendor
1657 3019 1775 3090 glo-

186 3100 317 3166 rite,
348 3109 404 3154 et
427 3101 604 3172 imago
627 3117 882 3172 expressa
910 3103 1228 3160 substantia:
1255 3107 1374 3176 ejus
1401 3108 1469 3161 ³³.
1497 3106 1630 3162 »Ρθτ
1651 3126 1775 3178 qua:

185 3195 301 3245 hoc
337 3192 646 3248 declaratur
670 3193 806 3264 (59),
855 3195 1028 3266 ipsum
1077 3197 1279 3252 fontem
1325 3198 1512 3269 gloria:
1558 3198 1772 3255 Patrem

185 3285 332 3346 diei,
357 3299 420 3338 ex
443 3301 549 3354 quo
579 3287 733 3356 splen
746 3288 838 3343 dor
864 3289 1050 3358 gloria:
1079 3289 1250 3346 Filius
1276 3303 1592 3362 generatur,
1615 3295 1774 3363 cujus

185 3379 617 3449 participatione
649 3397 841 3440 omnes
887 3391 1153 3438 creaturae
1197 3384 1426 3455 gloriam
1455 3387 1657 3442 habere
1687 3389 1773 3443 di-

184 3485 398 3528 cuntur
430 3493 445 3531 :
478 3476 620 3530 sicut
666 3476 732 3532 de
788 3478 874 3532 his
917 3479 1008 3548 qui
1061 3494 1129 3535 ex
1183 3482 1588 3536 resurrectione
1625 3493 1772 3549 sunt,

184 3567 460 3621 Scribitur
485 3585 498 3622 :
539 3586 560 3620 ι
635 3569 751 3622 Alia
782 3569 953 3639 gloria
977 3570 1130 3639 solis,
1153 3571 1258 3624 alia
1285 3571 1452 3640 gloria
1480 3573 1644 3636 lunai,
1665 3575 1772 3629 alia

184 3659 369 3726 gloria
397 3661 698 3716 stellarum.
730 3661 901 3716 Stella
932 3678 960 3716 a
989 3664 1142 3720 stella
1191 3665 1369 3720 differt
1403 3667 1454 3720 in
1477 3666 1646 3736 gloria
1669 3668 1766 3721 ³⁵.»

188 3751 348 3805 llanc
395 3767 524 3820 ergo
567 3752 818 3822 gloriam,
843 3769 962 3824 qua:
983 3770 1047 3812 ex
1099 3759 1502 3813 resurrectione
1546 3767 1649 3826 est,
1679 3763 1770 3830 qui

189 3843 505 3908 requirunt,
557 3854 610 3898 et
667 3845 956 3911 honorem,
1007 3855 1056 3901 et
1111 3848 1594 3918 incorruptionem,
1637 3849 1770 3906 illud

187 3935 316 3988 sine
349 3936 512 3990 duhio
539 3936 817 3991 invenient
846 3939 989 4007 quod
1015 3940 1278 4008 scriptum
1309 3950 1431 3995 est:
1470 3959 1488 3992 ι
1523 3941 1772 3996 Semina-

189 4036 286 4079 tur
316 4041 512 4094 corpus
543 4027 593 4081 in
633 4029 953 4098 ignominia,
979 4042 1165 4103 surget
1201 4033 1252 4086 in
1285 4033 1453 4102 gloria
1485 4050 1498 4099 ;
1531 4036 1771 4088 semina-

191 4127 287 4169 tur
317 4118 367 4170 in
392 4119 761 4187 corruptione,
793 4132 976 4191 surget
1018 4122 1070 4176 in
1121 4123 1532 4194 incorruptione
1557 4125 1624 4180 ³⁸.
1660 4145 1677 4177 ι
1707 4126 1772 4180 Et

190 4209 318 4262 ideo
359 4209 650 4278 inquisitor
682 4209 843 4281 hujus
871 4211 1080 4280 glorite,
1109 4222 1165 4267 et
1214 4215 1463 4283 honoris,
1495 4226 1551 4270 et
1591 4217 1769 4272 incor-

194 4302 466 4367 ruptionis
501 4317 598 4371 per
631 4305 952 4372 patientiam
987 4305 1112 4359 boui
1147 4307 1330 4375 operis
1367 4309 1533 4362 vitam
1580 4324 1771 4364 conse-

1882 1829 1942 1876 ut
1971 1820 2108 1874 nihil
2135 1836 2202 1876 ex
2219 1835 2408 1876 eorum
2438 1818 2622 1883 bonis,
2647 1816 2732 1872 vel
2757 1817 3025 1884 stultitiae,
3052 1818 3133 1874 vel
3149 1819 3462 1889 calliditati,

1879 1911 1964 1965 vel
2005 1911 2227 1966 malitiae.
2255 1910 2655 1982 permittamus.
2690 1909 2828 1965 Cum
2867 1910 3040 1976 enim,
3075 1911 3222 1966 verbi
3255 1912 3457 1981 gratia,

1881 2003 1936 2058 in
1967 2002 2266 2072 judicando
2305 2002 2387 2056 vel
2418 2017 2712 2072 personam
2745 2005 2986 2072 potentis
3038 2003 3339 2073 acceperis,
3379 2005 3461 2058 vel

1882 2112 1980 2166 pro
2007 2095 2166 2149 amici
2195 2095 2370 2165 gratia
2422 2110 2541 2164 qua:
2585 2105 2714 2149 sunt
2758 2109 2888 2149 vera
2923 2096 3317 2165 suppresseris,
3350 2113 3458 2151 non

1885 2189 2174 2244 reddidisti
2206 2187 2470 2241 honorem
2516 2185 2758 2240 debitum
2791 2184 3042 2254 iustitiae,
3076 2203 3174 2240 nec
3216 2188 3459 2254 veritati,

1879 2283 1974 2336 sed
2023 2279 2374 2336 dehonorasti
2422 2277 2718 2348 justitiam,
2749 2288 2804 2332 et
2853 2277 3031 2332 fecisti
3072 2279 3460 2334 contumeliam

1882 2371 2096 2427 veritati
2124 2388 2139 2425 ς
2173 2378 2228 2424 et
2255 2385 2379 2423 cum
2410 2368 2662 2424 Christus
2706 2367 2778 2422 sit
2800 2367 3036 2438 justitia,
3063 2380 3118 2422 et
3145 2371 3462 2424 sanctilica-

1884 2466 1990 2531 tio,
2045 2473 2100 2520 et
2154 2463 2358 2519 veritas
2383 2461 2452 2530 ει,
2487 2461 2598 2517 eris
2649 2459 2844 2516 similis
2889 2461 2997 2517 illis
3045 2463 3136 2532 qui
3181 2462 3460 2518 Christum

1881 2555 2130 2626 colaphis
2165 2554 2506 2618 ceciderunt,
2534 2561 2588 2606 et
2617 2551 2711 2622 qui
2742 2551 2796 2607 in
2830 2551 3028 2608 faciem
3059 2554 3176 2624 ejus
3197 2567 3466 2625 conspue-

1884 2656 2032 2713 runt,
2059 2656 2118 2702 er
2139 2645 2313 2716 quiin
2333 2644 2550 2699 calamo
2579 2650 2744 2714 caput
2763 2643 2884 2716 ejus
2913 2645 3308 2715 percutieutes,
3335 2661 3465 2702 ver-

1884 2738 1986 2792 tici-
2000 2736 2117 2807 ejus
2143 2737 2520 2808 imposuerunt
2543 2739 2788 2812 spineam
2819 2753 3082 2794 coronam
3110 2737 3179 2792 ³⁹.
3199 2737 3334 2805 Quis
3356 2753 3460 2793 au-

1883 2842 1990 2887 tem
2023 2833 2200 2889 honor
2244 2834 2359 2906 (διε)
2391 2845 2479 2890 est
2507 2835 2600 2906 qui
2645 2835 2729 2890 his
2760 2836 3016 2892 omnibus
3059 2834 3353 2890 virtutibus
3389 2837 3484 2890 ah'

1881 2922 2101 2977 homine
2133 2924 2385 2992 debetur,
2433 2924 2486 2979 in
2521 2924 2830 2996 Evangeliis
2875 2925 3187 2992 edocemur,
3240 2925 3460 2980 dicente

1885 3016 2110 3070 Domino
2139 3015 2185 3048 ⁸⁸
2210 3027 2233 3070 :'
2269 3034 2288 3068 ‹
2319 3015 2390 3072 Ut
2418 3031 2611 3072 omnes
2656 3017 3021 3073 honoriﬁcent
3064 3016 3289 3082 Filium,
3317 3017 3460 3073 sicut

1882 3105 2249 3162 honorillcant
2288 3106 2528 3162 Patrem.
2566 3126 2583 3160 ι
2618 3106 2954 3164 flonorillcat
2984 3122 3117 3178 ergo
3158 3107 3374 3162 Patrem
3405 3118 3462 3163 et

1878 3197 2100 3264 Filium,
2127 3198 2218 3266 qui
2247 3199 2507 3254 honorem
2537 3200 2761 3268 dignum
2795 3210 2850 3254 ct
2875 3199 3118 3254 studium
3157 3200 3334 3255 defert
3365 3215 3463 3255 sa-

1877 3289 2120 3358 pientiae,
2148 3301 2200 3346 et
2222 3290 2470 3362 justitite,
2490 3301 2544 3347 et
2572 3292 2809 3357 veritati,
2834 3294 3200 3362 omnibusque
3230 3295 3314 3348 his
3336 3308 3460 3364 quae

1875 3393 1998 3434 esse
2045 3381 2308 3436 dicuntur
2337 3380 2609 3437 Christus.
2653 3381 2768 3438 lloc
2810 3398 2943 3453 ergo
2995 3385 3155 3437 modo
3208 3377 3461 3452 quaerunt

1875 3469 2133 3539 gloriam,
2157 3481 2214 3525 et
2243 3471 2530 3538 honorem,
2562 3480 2620 3524 et
2658 3471 3151 3542 incorruptionem,
3175 3474 3272 3541 qui
3301 3474 3458 3526 festi-

1877 3568 2009 3614 nant
2061 3561 2130 3615 ad
2162 3569 2420 3616 aeternam
2462 3563 2651 3615 vitam.
2695 3563 2802 3616 Sed
2833 3572 2889 3617 et
2941 3563 3278 3632 lncorrnptio
3324 3563 3460 3632 quid-

1875 3649 2104 3716 indicet,
2145 3652 2256 3706 cito
2285 3653 2542 3718 sciemus,
2574 3653 2620 3708 si
2648 3655 2791 3723 quod
2818 3653 2867 3708 ei
2900 3655 3234 3708 contrarium
3269 3666 3351 3710 est
3377 3657 3454 3709 di-

1875 3748 2201 3802 scutiamus.
2265 3745 2608 3816 lncorrnptio
2663 3747 2997 3802 contrariam
3066 3748 3233 3802 habet
3267 3763 3472 3802 corru-~

1875 3839 2138 3907 ptionem.
2161 3838 2452 3908 Corruptio
2483 3837 2694 3892 duobus
2728 3841 2904 3894 modis
2937 3840 3186 3894 accidere
3210 3841 3454 3895 dicitur:

1876 3929 2276 3998 corporaliter,
2319 3941 2376 3983 et
2425 3929 2768 3999 spiritaliter.
2817 3929 3188 4002 Corporaliter
3232 3933 3454 4000 accidit,

1875 4035 2000 4074 cum
2046 4021 2291 4076 evenerit
2327 4021 2456 4075 illud
2508 4022 2652 4092 quod
2697 4024 2963 4093 scriptum
3014 4036 3138 4080 est:
3187 4044 3206 4076 ι
3239 4026 3294 4081 Si
3331 4029 3474 4095 quis

1877 4113 2133 4182 templum
2166 4113 2257 4167 Dei
2293 4115 2625 4183 corruperit,
2648 4126 2964 4186 corrumpet
2997 4117 3145 4171 illum
3174 4119 3314 4174 Deus
3336 4118 3402 4172 “.
3427 4139 3448 4171 ι

1875 4203 2206 4272 Spiritalitcr
2238 4219 2384 4270 vero,
2411 4221 2536 4260 cum
2589 4206 2716 4261 illud
2761 4209 3022 4263 acciderit
3065 4212 3207 4278 qttod
3256 4211 3456 4263 nihilo-

1875 4297 2053 4350 minus
2089 4297 2377 4366 Apostolus
2417 4298 2550 4351 dicit
2592 4296 2677 4350 “z
2711 4313 2731 4348 ‹
2771 4298 2972 4353 Vereor
3007 4311 3190 4352 autem
3221 4316 3286 4352 ne
3314 4301 3464 4352 sicut

195 4395 380 4460 ψιίιιηι
427 4405 714 4450 ωιετηεηι,
749 4395 948 4452 verum
982 4400 1110 4468 quia
1142 4401 1209 4454 de
1249 4401 1441 4470 gloria,
1479 4413 1538 4457 οι
1590 4405 1770 4476 ι,οιυίη
1801 4425 1845 4480 D
1874 4403 2098 4456 serpens
2123 4389 2283 4442 Evam
2314 4391 2529 4443 seduxit
2557 4401 2756 4445 astutia
2788 4393 3003 4455 sua,sic
3036 4404 3468 4459 corrumpantur

197 4499 336 4547 inus,
375 4486 748 4554 discussimus’,
774 4489 1050 4545 videamus
1078 4493 1210 4560 qttid
1236 4503 1289 4546 et
1334 4494 1510 4549 honor
1544 4497 1766 4564 indicet,

195 4575 318 4640 quia
356 4578 445 4646 qui
504 4580 572 4632 ad
603 4591 864 4635 aeternam
903 4582 1065 4634 vitam
1119 4585 1397 4649 festinant,
1444 4603 1549 4640 non
1591 4589 1766 4643 solum

201 4668 450 4738 gloriam,
504 4672 598 4725 sed
645 4680 700 4726 et
746 4671 1007 4728 honorem
1061 4687 1330 4747 quaerunt.
1368 4677 1642 4748 Scriptum
1686 4691 1770 4736 est

269 4854 310 4884 ⁸³
341 4853 380 4906 ll
413 4858 534 4907 Lor.
568 4869 653 4918 ιιι,
687 4855 802 4920 7-9,
841 4857 922 4910 18.
960 4859 1004 4889 ³ο
1040 4858 1228 4914 Matth.
1254 4877 1384 4923 mi,
1421 4863 1530 4915 l—5.
1577 4865 1618 4895 ³⁸
1657 4863 1768 4918 Exn

1884 4881 1948 4918 ιι.
1979 4863 2068 4916 5:2.

883 4928 928 4959 ³⁶
962 4927 1100 4982 Psal.
1138 4947 1324 4990 th’llI,
1361 4933 1442 4984 l5.
1517 4934 1559 4963 ³⁷
1593 4934 1753 4988 Rom.
1790 4949 1912 4997 xm,
1949 4935 2002 4987 7.

201 4938 284 4978 xv,
316 4925 402 4977 εΗ.
480 4924 524 4955 ³⁵
550 4926 678 4978 ibid.
716 4926 804 4979 42.

199 4993 243 5024 ⁸⁰
269 4992 423 5048 Joan.
451 5010 500 5055 v,
530 4994 619 5048 ‘25.
700 4996 742 5027 δι
775 4997 791 5050 Ι
820 4997 944 5052 Cor.
978 5015 1058 5064 ιιι,
1095 5001 1180 5053 l7.
1257 5002 1300 5032 δ’
1335 5003 1374 5056 Il
1400 5003 1525 5058 Cor.
1562 5019 1641 5072 λι,
1677 5005 1731 5056 5.

200 5149 394 5231 liteteri
425 5167 713 5231 vero_mss.
745 5167 798 5211 et
835 5157 967 5211 editi
993 5198 1008 5223 ,
1049 5177 1066 5209 ι
1096 5159 1248 5215 Nunc
1296 5161 1508 5229 quidem
1542 5161 1769 5231 gloriam

200 5232 255 5272 et
277 5226 744 5298 .i‘I_t_t_"ot_‘t_'upt_ioncm
771 5231 1128 5298 requiramus.
1171 5249 1187 5280 ι

237 5289 518 5369 .(57)_Ms.
545 5293 744 5369 [legitis
773 5289 930 5369 nu'tn.
963 5297 1117 5364 l6“,
1155 5319 1172 5350 ι
1217 5301 1275 5355 Si
1333 5301 1478 5356 enim
1529 5301 1773 5356 ministe-

205 5365 743 5437 riunrdamnationis
769 5368 822 5421 in
857 5368 1029 5437 gloria
1059 5380 1160 5424 est.
1194 5387 1212 5420 ι

536 5435 732 5504 Regius
753 5429 900 5490 ιιιιιιῖ.
925 5439 1083 5501 1651),
1107 5457 1128 5491 t
1151 5441 1336 5493 eadem
1357 5441 1612 5508 imagine,
1641 5450 1772 5495 rete.

272 5500 406 5571 (ὅδ’)
439 5505 526 5556 Sic
561 5500 750 5558 omnes
780 5523 905 5560 mss.
927 5500 1078 5561 Editi
1099 5524 1253 5572 vero,
1283 5511 1430 5564 «Dei.
1461 5500 1495 5561 ἶ
1519 5500 1772 5565 Rabanus

201 5580 244 5622 el
284 5572 452 5645 editio
479 5572 676 5645 veneta
715 5576 997 5645 Theophili
1025 5579 1325 5642 Salotliani,
1359 5600 1376 5630 ι
1397 5581 1520 5632 diei.
1551 5599 1568 5631 ι

269 5639 470 5710 (51))Ιιει
488 5639 906 5702 cditi..\lss.vero
923 5650 1144 5714 nostri,t
1160 5639 1390 5721 l’crqtlm
1411 5651 1520 5704 Ιιίυυ
1539 5650 1638 5720 (αι’
1672 5646 1773 5701 Pe"

1876 4497 2067 4536 sensus
2103 4483 2270 4536 vestri
2312 4500 2339 4533 a
2382 4482 2734 4552 simplicitate
2769 4482 2915 4543 ﬁdei,
2945 4495 3065 4549 quae
3087 4491 3170 4534 est
3206 4483 3256 4534 in
3289 4481 3452 4535 Chri-

1876 4586 1961 4629 sto
1990 4575 2137 4628 Jcsu.
2176 4593 2193 4624 ι
2234 4574 2291 4627 Si
2324 4575 2446 4641 quis
2487 4588 2615 4639 ergo
2645 4575 2712 4627 ab
2737 4574 2823 4626 his
2847 4590 2965 4642 qua:
2999 4588 3160 4643 supra
3215 4575 3454 4628 diximus

1879 4669 2145 4723 manserit
2177 4682 2406 4736 corpore
2430 4678 2485 4722 et
2514 4668 2705 4736 spiritu
2743 4667 3110 4736 incorruptus,
3136 4667 3240 4720 iste
3268 4667 3452 4720 incor-

2146 4860 2189 4890 δ’
2218 4858 2254 4912 11
2284 4859 2459 4913 Paral.
2490 4874 2582 4922 \‘ll,
2619 4859 2666 4910 l.
2745 4857 2788 4888 ³³
2815 4856 2975 4911 Hebr.
3008 4877 3042 4923 ι,
3079 4859 3131 4911 5'.
3209 4859 3253 4890 δ”
3280 4859 3296 4911 1
3326 4861 3452 4916 Cor.

2081 4931 2124 4964 ³³
2165 4931 2186 4984 ι
2223 4932 2348 4985 Cor.
2403 4945 2441 4994 l,
2484 4930 2572 4982 50.
2651 4928 2694 4960 ³³
2725 4929 2887 4984 Marc.
2934 4944 3023 4994 xv,
3086 4931 3169 4996 l7,
3217 4933 3303 4996 l8,
3365 4935 3452 4988 l9.

1878 5178 1995 5233 quae
2025 5162 2098 5233 et)
2127 5161 2450 5217 declaratur.
2481 5181 2498 5213 ι
2527 5162 2804 5233 Haliartus,
2827 5181 2844 5211 ι
2881 5161 2980 5214 l’er
3002 5177 3120 5230 qua:
3156 5163 3450 5218 declarat.»

1952 5231 2115 5304 (60)}
2137 5233 2307 5298 Quem
2358 5233 2606 5286 habebat.
2645 5250 2662 5282 ι
2704 5231 2823 5285 |l.cc
2861 5235 3056 5286 desunt
3103 5234 3153 5286 in
3185 5236 3367 5301 editis,
3403 5248 3455 5291 ct

1882 5305 2244 5358 restituuntur
2269 5319 2336 5357 ex
2362 5304 2616 5355 omnibus
2647 5318 2776 5355 mss.

1954 5373 2064 5441 (6|)
2101 5390 2120 5422 ι
2156 5375 2282 5446 Deo.
2311 5391 2334 5446 ι
2363 5370 2645 5446 Οιιιίιιίιιιι·
2688 5373 2737 5424 in
2784 5371 2968 5446 editis,
3007 5381 3061 5424 et
3091 5371 3142 5426 in
3178 5375 3454 5446 plerisque

1886 5459 2038 5504 tnss.,
2075 5443 2168 5494 sed
2207 5443 2511 5496 restituitur
2537 5458 2602 5494 ex
2635 5457 2765 5495 mss.
2805 5441 2970 5510 licgio
3001 5458 3148 5500 num.
3183 5445 3342 5499 1659.

1952 5513 2064 5582 (69)
2100 5512 2190 5564 Sic
2222 5527 2350 5565 mss.
2382 5514 2570 5582 nostri.
2607 5512 2744 5565 Editi
2786 5528 2933 5572 vero,
2967 5511 3064 5576 aL,
3108 5531 3126 5562 ι
3155 5515 3324 5580 Quem
3365 5534 3456 5572 au-

1885 5595 1987 5634 lctn
2043 5579 2332 5656 honorem;
2367 5602 2383 5630 ι
2427 5579 2524 5644 aL,
2565 5602 2580 5632 ι
2606 5584 2736 5647 Quis
2767 5595 2965 5655 'autctn
2995 5579 3276 5656 honorem,
3305 5606 3322 5639 ι
3355 5591 3452 5648 aL.

1889 5675 1904 5705 ι
1934 5657 2068 5720 Quin
2101 5661 2284 5707 autem
2321 5654 2602 5710 honorem.
2627 5671 2644 5705 ι
