3974 6206
468 225 572 279 885

1915 219 2234 275 ORIGENIS
3623 222 3711 278 88$

470 342 780 410 ruptionem
825 355 1068 411 qumrere
1112 339 1335 403 dicitur,
1369 353 1475 408 quo
1517 335 1730 392 scilicet
1777 350 1872 406 per
1911 337 2056 392 hanc
2085 344 2130 399 Α
2161 336 2407 391 cusativo
2449 336 2786 407 pratulisset,
2822 336 2866 390 si
2901 337 2952 390 id
2984 337 3050 390 ad
3097 336 3374 391 reddentis
3409 335 3502 389 Dei
3552 353 3714 406 persu-

469 433 836 488 ohservantite
889 431 1380 498 incorruptionem,
1413 429 1560 482 illam
1605 440 1728 496 quat
1769 445 1836 483 ex
1876 445 2055 484 resur-

469 527 712 580 rectione
736 539 818 580 est
843 523 1304 590 incorruptionem
1327 523 1585 592 consequi
1609 521 1726 592 (65)
1760 531 2054 576 mereatur.

472 618 614 684 Quid
674 627 854 670 autem
924 615 1082 669 detur
1131 615 1246 670 lure
1297 615 1702 685 requirentibus
1751 615 2054 672 videamus.

437 730 448 771 ε
475 729 492 760 ι
523 709 667 772 Vita,
691 725 711 758 ι
766 706 973 775 inquit,
1028 724 1046 758 ι
1071 715 1276 761 aeterna
1306 721 1322 760 :
1354 726 1372 758 ι
1437 707 1524 761 illa
1563 708 1630 762 de
1663 723 1770 778 qua
1803 707 2058 762 Salvator

469 799 649 859 docet,
681 811 806 850 cum
839 797 972 850 dicit
1006 815 1019 849 :
1060 815 1078 848 ι
1109 795 1236 850 Haec
1266 806 1349 852 est
1381 806 1561 851 autem
1603 797 1709 850 vita
1733 806 1962 861 aeterna,
1997 808 2059 851 ut

470 893 804 955 cognoscant
832 894 884 940 te
915 887 1089 940 solum
1123 901 1312 941 verum
1362 885 1551 950 Deum,
1583 896 1641 942 et
1661 902 1821 958 quem
1857 888 2054 942 misisti

467 973 650 1028 Jt‘sum
693 974 966 1031 Christum
996 976 1062 1029 "’.
1093 994 1112 1028 ι
1159 975 1262 1032 Per
1319 977 1466 1046 quod
1529 977 1772 1032 ostendit
1806 978 1858 1031 in
1904 979 2056 1048 agni-

471 1067 618 1121 tione
644 1067 759 1132 Dei,
783 1079 835 1121 et
863 1067 1068 1122 Christi
1098 1065 1248 1133 Jesu,
1273 1068 1396 1121 vita:
1425 1079 1644 1122 aiterute
1676 1082 1897 1123 manere
1923 1068 2056 1122 sub-

470 1156 751 1211 stantiam.
793 1156 1012 1227 Agnitio
1045 1171 1173 1210 vero
1203 1157 1296 1212 Dei
1329 1159 1600 1226 quomodo
1633 1157 1822 1212 haberi
1859 1158 2053 1228 possit,

469 1248 732 1302 docemur
784 1247 838 1302 in
881 1245 1134 1314 Psalmis,
1159 1262 1283 1302 cum
1318 1247 1524 1301 dicitur
1555 1248 1602 1278 “
1635 1265 1649 1301 :
1691 1265 1708 1298 ‹
1747 1247 1968 1316 Vacate,
2003 1258 2058 1304 et

471 1340 752 1410 agnoscite
775 1341 1029 1408 quoniam
1065 1354 1165 1410 ego
1197 1355 1315 1396 sum
1349 1340 1510 1394 Deus.
1536 1359 1554 1392 ι

542 1434 596 1490 6.
625 1451 642 1480 ι
668 1433 764 1487 liis
789 1445 967 1488 autem
995 1436 1084 1504 qui
1115 1448 1180 1488 ex
1201 1433 1575 1498 contentione,
1611 1442 1664 1488 et
1694 1434 1786 1502 qui
1810 1433 2059 1488 ditlidunt

471 1521 686 1588 quidem
726 1524 966 1586 veritati,
991 1524 1370 1593 obtemperant
1405 1532 1589 1577 autem
1637 1522 1940 1592 iniquitati,
1976 1524 2055 1578 ira

471 1623 528 1667 et
566 1613 890 1683 indignatio,
919 1614 1197 1670 tribulatio
1245 1626 1300 1669 et
1351 1615 1603 1684 angustia
1629 1614 1690 1668 “.
1727 1634 1745 1666 ι
1783 1615 1882 1682 Qui
1919 1617 2054 1670 sim-

2163 445 2288 484 nam
2336 428 2542 485 referre
2593 429 2880 484 voluisset.
2912 428 3065 496 Quod
3096 439 3151 485 ct
3195 430 3250 484 in
3288 422 3412 484 aliis
3447 427 3718 498 Scriptum

2166 518 2297 575 locis
2325 519 2580 576 similiter
2611 521 2932 591 intelligitur
2959 521 3268 589 designari,
3306 522 3453 575 sicut
3483 521 3536 575 in
3568 524 3718 590 primo

2161 610 2301 666 libro
2333 610 2675 682 Regnorum,
2701 611 2791 664 ubi
2813 611 2948 665 dicit
2981 611 3273 666 Dominus:
3305 630 3325 663 ‹
3355 611 3721 668 Glorilicantcs

2161 715 2245 753 me
2297 699 2640 770 gloriﬁcabo,
2699 711 3016 770 spernentes
3064 713 3149 754 me
3195 698 3645 768 spernentur".t
3677 699 3720 752 lu

2159 803 2266 858 quo
2303 790 2589 844 evidenter
2621 790 2933 844 ostenditur
2984 790 3169 844 dicere
3217 789 3479 844 Dominus
3512 805 3610 842 eos
3645 791 3721 858 qui

2157 883 2503 952 glurificandi
2540 892 2690 948 sunt,
2717 897 2814 951 per
2847 898 2906 938 se
2940 881 3357 951 gloriﬁcandos;
3391 881 3457 938 de
3495 883 3583 937 his
3617 898 3722 936 vero

2159 975 2250 1043 qui
2282 973 2568 1043 Sperueudi
2613 981 2761 1039 sunt,
2792 988 2896 1026 non
2955 971 3210 1028 retulisse
3255 973 3321 1028 ad
3353 973 3558 1037 se,sed
3586 974 3724 1026 abso.

2159 1067 2268 1121 lute
2297 1066 2522 1134 dixisse,
2550 1066 2676 1137 quia
2710 1075 3060 1136 spernentur.
3097 1065 3154 1120 Si
3193 1066 3338 1121 enim
3370 1074 3428 1119 ut
3472 1068 3619 1122 bona
3647 1082 3722 1136 per

2159 1159 2510 1226 semetipsum
2540 1155 2875 1226 praestat,ita
2907 1167 2961 1210 et
2990 1155 3130 1211 mala
3156 1172 3253 1227 per
3274 1156 3631 1224 semetipsum
3658 1174 3725 1212 rc-

2162 1248 2425 1302 tribueret
2455 1245 2619 1314 Deus,
2642 1261 2986 1316 consequens
3008 1255 3150 1310 erat,
3174 1255 3232 1300 ut
3257 1261 3364 1315 quo
3389 1247 3552 1299 tuodo
3579 1247 3722 1309 dixit,

2164 1358 2183 1390 ι
2222 1337 2612 1394 Glorilicantes
2653 1354 2739 1394 me
2788 1338 3172 1409 glorificabo,»
3236 1339 3310 1392 ita
3363 1339 3572 1393 diceret
3613 1357 3628 1393 :
3675 1339 3725 1392 Et

2161 1439 2482 1500 Sperueutes
2543 1444 2627 1484 me
2665 1446 2940 1502 spernam.
2975 1429 3084 1486 Sed
3127 1439 3183 1485 et
3225 1429 3280 1483 iu
3337 1429 3445 1484 alio
3480 1429 3607 1484 loco
3647 1445 3725 1500 per

2161 1521 2482 1591 prophetam
2516 1521 2693 1600 simile
2724 1522 2855 1592 quid
2886 1521 3100 1576 videtur
3133 1521 3347 1576 ostendi
3379 1523 3434 1576 in
3480 1537 3566 1586 eo,
3600 1523 3726 1592 quod

2163 1614 2218 1667 hi
2249 1614 2339 1684 qui
2364 1623 2498 1669 eunt
2526 1615 2579 1668 in
2601 1601 2787 1683 ignem
2817 1613 2959 1685 (68),
2995 1630 3102 1670 non
3136 1629 3166 1668 a
3200 1614 3332 1680 Deo,
3357 1615 3452 1670 sed
3483 1630 3514 1668 ει
3544 1626 3728 1670 semct-

472 1706 690 1774 pliciter
723 1708 838 1761 ha:c
867 1707 1091 1777 accipit,
1115 1706 1366 1762 sullicere
1387 1707 1563 1762 credit
1592 1709 1658 1762 ad
1691 1709 2050 1774 intellectum,
2090 1733 2132 1786 Β
2161 1707 2294 1777 ipsis
2342 1722 2464 1762 eum
2504 1707 2787 1762 inveniant
2833 1722 3146 1774 accensum,
3176 1710 3320 1764 sicut
3359 1710 3493 1764 dicit
3533 1707 3725 1766 Isaias;

472 1799 772 1855 secundum
821 1798 933 1869 (64)
983 1814 1047 1854 ea
1079 1813 1199 1869 qua:
1228 1814 1392 1870 supra
1442 1801 1586 1855 dicta
1617 1809 1781 1864 sunt,
1831 1799 2059 1856 reddere

479 1892 645 1945 Deum
679 1889 973 1960 unicuique
1005 1890 1303 1945 secundum
1331 1904 1497 1960 opera
1523 1907 1620 1947 sua
1656 1908 1671 1945 :
1707 1891 1758 1944 id
1783 1898 1887 1952 est,
1919 1891 2060 1944 sicut

472 1983 604 2046 illis,
641 1983 730 2051 qui
765 1998 862 2051 per
899 1980 1222 2052 patientiam
1273 1981 1398 2035 boui
1435 1981 1613 2051 operis
1659 1991 1911 2051 quaerunt
1939 1981 2058 2051 gloo

471 2077 611 2130 riam
638 2074 776 2144 (65),
794 2085 848 2129 et
875 2073 1362 2143 incorruptionem,
1379 2074 1546 2128 vitam
1569 2074 1744 2128 reddit
1771 2082 2057 2140 aeternam;

475 2171 549 2223 ita
580 2177 635 2223 et
690 2167 807 2221 istis
834 2165 926 2235 qui
959 2181 1025 2220 ex
1054 2166 1407 2221 contentione
1435 2163 1690 2219 diffidunt
1718 2165 1935 2233 quidem
1963 2179 2058 2219 ve-

475 2259 646 2323 ritati,
675 2262 1058 2328 obtemperant
1105 2265 1289 2312 autem
1336 2255 1641 2328 iniquitati,
1673 2257 1808 2311 irant
1841 2267 1896 2312 et
1919 2256 2059 2312 iudi-

474 2348 809 2418 gnationem,
844 2347 1252 2404 tribulationem
1282 2357 1336 2403 et
1367 2349 1676 2418 angustiam
1707 2348 1919 2402 reddat.
1954 2347 2057 2403 Sed

476 2441 566 2509 qui
601 2441 652 2495 in
682 2440 997 2512 apostolicis
1025 2441 1244 2505 litteris,
1269 2454 1366 2509 per
1399 2455 1535 2509 quas
1568 2439 1678 2512 (66)
1702 2439 1955 2495 Christus
1978 2440 2059 2492 lo-

472 2537 680 2604 quitur,
730 2535 838 2588 iota
874 2549 1065 2598 unum,
1111 2543 1204 2587 aut
1252 2548 1418 2588 unum
1471 2532 1683 2602 apicem
1731 2547 1835 2587 non
1885 2531 2061 2587 credit

474 2623 709 2678 otiosum
738 2623 805 2688 “,
833 2621 1174 2676 asseverabit
1207 2636 1316 2675 non
1371 2636 1470 2689 per
1507 2636 1750 2676 errorem
1799 2620 2062 2690 Apostolo

474 2714 773 2784 contigisse
797 2723 856 2766 ut
887 2713 979 2767 tali
1000 2712 1272 2768 locutione
1303 2722 1571 2773 uteretur,
1590 2714 1779 2768 dicens
1804 2713 1846 2746 ‘7
1873 2733 1886 2768 :
1917 2732 1936 2765 ι
1959 2713 2060 2781 Qui

481 2807 667 2861 reddet
716 2807 805 2861 his
843 2805 1088 2874 quidem,
1119 2803 1210 2874 qui
1237 2817 1333 2872 per
1357 2803 1680 2874 patientiam
1723 2805 1852 2860 boni
1878 2805 2062 2875 operis

477 2895 704 2966 gloriam
747 2906 800 2950 et
815 2896 1076 2951 honorem
1094 2905 1367 2966 quaerunt,
1385 2899 1552 2952 vitam
1567 2895 1732 2971 582
1747 2908 2022 2953 teteruam.
2037 2914 2056 2948 ι

481 2987 576 3043 llis
600 3003 728 3043 vero
758 2989 848 3059 qui
873 3004 940 3044 ex
960 2991 1304 3045 contentione
1336 2992 1718 3061 obtemperant
1762 2988 2059 3059 iniquitati,

479 3094 583 3134 non
621 3079 779 3144 dixit,
813 3082 950 3134 iram
973 3092 1021 3134 et
1047 3082 1490 3152 indignationem,
1521 3091 1583 3136 ιιι
1619 3092 1673 3136 et
1703 3081 1808 3137 hoc
1853 3080 2060 3136 refera-

479 3187 567 3228 tur
590 3175 657 3229 ad
687 3192 705 3226 ι
736 3175 944 3239 reddet,
977 3192 995 3225 ι
1043 3174 1184 3243 quod
1217 3174 1467 3245 superius
1513 3175 1756 3240 dixerat;
1793 3176 1888 3230 sed
1936 3175 2012 3230 ait
2040 3193 2057 3233 ι

482 3286 498 3317 ι
529 3267 611 3320 Ira
645 3276 699 3320 et
735 3266 1060 3337 indignatio,
1113 3265 1392 3321 tribulatio
1443 3277 1498 3322 et
1545 3267 1816 3338 angustia.
1853 3288 1872 3320 ι
1909 3267 2063 3324 Unde

479 3359 572 3425 qui
601 3357 866 3428 spiritalis
894 3368 998 3423 est,
1049 3367 1105 3413 et
1139 3357 1391 3428 intelligit
1419 3359 1548 3428 quid
1594 3357 1830 3428 Spiritus
1871 3359 2062 3428 loqua-

482 3465 569 3506 tur
601 3451 713 3522 (67)
746 3452 799 3506 in
835 3451 1021 3516 Paulo,
1050 3451 1184 3506 dicit
1215 3465 1322 3506 non
1351 3450 1467 3506 haec
1489 3450 1807 3522 Apostolqu
1837 3465 1935 3522 per
1962 3451 2062 3505 im-

478 3545 751 3611 peritiam,
794 3544 889 3598 sed
923 3559 1020 3614 per
1047 3543 1288 3598 divinam
1341 3543 1590 3614 peritiam
1623 3543 2059 3611 conscripsisse:

479 3636 689 3691 scilicet
725 3646 781 3691 ut
811 3651 909 3706 per
949 3636 1061 3691 haec
1095 3637 1408 3691 ostenderet
1441 3649 1503 3688 ea
1555 3633 1772 3703 quidem
1819 3649 1939 3708 qua:
1977 3649 2064 3688 se-

480 3729 720 3783 cundum
775 3728 1088 3798 patientiam
1144 3725 1270 3782 boui
1313 3725 1496 3794 operis
1535 3710 1906 3795 quaerentibus
1949 3721 2064 3791 glo-

482 3822 618 3874 riam
651 3830 706 3874 et
753 3819 1218 3887 incorruptionem
1273 3817 1551 3872 reddenda
1591 3825 1738 3881 sunt,
1768 3830 1864 3884 per
1897 3815 2062 3870 Deum

483 3912 657 3977 reddi,
689 3912 738 3966 id
766 3921 848 3964 est
893 3914 1063 3965 vitam
1113 3919 1374 3966 aeternam
1403 3927 1416 3963 :
1451 3925 1514 3964 ea
1547 3923 1679 3964 vero
1707 3924 1829 3978 qua:
1870 3922 2064 3964 conse-

479 4013 724 4072 quuntur
753 4015 846 4054 eos
869 4003 959 4070 qui
994 4015 1090 4069 per
1116 4001 1522 4056 contentionem
1569 3999 1814 4056 dillidunt
1844 4000 2062 4070 quidem

484 4093 728 4157 veritati,
779 4091 1157 4160 obtemperant
1214 4107 1342 4146 vero
1396 4092 1693 4161 iniquitati,
1732 4107 1840 4148 non
1888 4108 1919 4147 a
1954 4093 2064 4147 Deo

486 4187 624 4252 dari,
651 4185 809 4256 cujus
830 4186 970 4241 dona
1023 4185 1207 4254 utique
1238 4187 1640 4255 permanentia,
1671 4195 1726 4240 et
1756 4188 1874 4255 ipso
1902 4185 2061 4254 digna

484 4289 657 4332 sunt:
691 4277 786 4334 sed
843 4291 910 4332 ex
961 4277 1350 4347 consequentia
1393 4287 1669 4346 gestorum
1715 4291 1936 4332 suorum
1977 4276 2063 4331 his

483 4376 577 4442 qui
613 4383 908 4446 operantur
943 4373 1170 4439 malum,
1219 4374 1303 4428 ira
1335 4383 1390 4429 et
1430 4373 1753 4444 indignatio,
1786 4373 2062 4429 tribulatio

2167 1817 2185 1850 t
2221 1798 2298 1853 lte
2330 1798 2385 1853 in
2417 1799 2626 1853 lumine
2657 1800 2798 1870 ignis
2837 1800 3025 1864 vestri,
3076 1811 3132 1855 et
3181 1799 3402 1854 ﬂamma
3435 1799 3549 1871 (69)
3578 1816 3724 1870 quant

2160 1889 2488 1944 accendistis
2515 1890 2582 1945 ⁸³.
2623 1909 2641 1942 ι
2701 1890 2766 1945 Ει
2819 1901 2880 1946 ιιι
2928 1892 3107 1948 adhuc
3163 1892 3378 1958 planior
3421 1893 3618 1947 horum
3650 1895 3729 1946 list

2161 1968 2437 2046 dissertio,
2460 1981 2734 2036 addentur
2760 1982 2928 2038 etiam
2953 1983 3068 2038 haec
3098 1996 3114 2036 :
3149 1981 3205 2038 Si
3234 1983 3356 2052 quis
3380 1994 3574 2039 contra
3606 2000 3726 2054 prte-

2160 2079 2377 2140 ceptum
2427 2073 2626 2128 medici
2661 2075 2899 2145 sumptis
2939 2074 3208 2130 malorum
3247 2075 3496 2131 ciborum
3539 2079 3725 2140 succis,

2161 2173 2218 2218 et
2241 2164 2488 2232 corporis
2509 2165 2724 2220 turbata
2764 2167 3047 2236 temperie,
3077 2168 3161 2222 vel
3193 2167 3372 2224 febres
3407 2168 3492 2224 vel
3538 2169 3730 2238 quosli-

2162 2255 2251 2308 bet
2314 2253 2683 2322 hujuseemodi
2738 2257 3036 2313 incurrerit
3089 2258 3328 2323 morbos,
3377 2270 3592 2314 certum
3657 2269 3730 2313 est

2160 2349 2304 2416 quod
2365 2363 2472 2403 non
2519 2363 2616 2419 per
2664 2350 2955 2415 medicum,
2996 2351 3091 2406 sed
3124 2366 3221 2421 per
3262 2351 3725 2422 intemperantiam

2162 2453 2314 2494 suam
2346 2449 2552 2508 pestem
2608 2440 2889 2510 languoris
2937 2443 3248 2511 acceperit;
3282 2442 3328 2497 si
3364 2457 3497 2496 vero
3547 2441 3730 2496 medici

2162 2540 2431 2600 praecepta
2474 2533 2792 2588 custodiens
2839 2533 2894 2588 in
2945 2535 3210 2604 sospitate
3243 2534 3525 2603 perduret,
3555 2533 3732 2602 utique

2161 2637 2261 2692 per
2287 2623 2560 2680 medicum
2595 2625 2808 2681 dicetur
2829 2625 3031 2682 habere
3063 2627 3296 2696 gratiam
3333 2625 3606 2680 sanitatis.
3625 2624 3729 2682 Hoc

2163 2729 2293 2785 ergo
2318 2715 2479 2770 modo
2511 2726 2912 2787 consequenter
2941 2717 3214 2775 videbitur
3243 2717 3390 2773 Deus
3414 2718 3527 2788 ipse
3551 2732 3648 2788 per
3679 2731 3732 2772 se

2163 2807 2392 2863 reddere
2423 2808 2718 2880 unicuique
2758 2811 3060 2866 secundum
3083 2824 3246 2881 opera
3289 2825 3412 2876 sua,
3446 2823 3563 2880 quae
3599 2809 3729 2864 bona

2162 2908 2292 2956 sunt
2323 2918 2337 2955 :
2382 2901 2522 2956 mala
2551 2912 2732 2958 autem
2763 2903 2952 2959 venire
2986 2903 3356 2973 iutelligentur
3387 2917 3493 2957 nou
3540 2916 3568 2956 a
3606 2901 3729 2963 Deo,

2163 2992 2260 3048 sed
2284 3008 2351 3048 ex
2376 2994 2628 3063 pessimis
2658 2995 3095 3065 intemperantia:
3116 2996 3316 3061 succis,
3347 3004 3403 3049 et
3432 2993 3594 3049 cruda
3613 3009 3730 3064 pra-

2086 3097 2130 3156 ο
2163 3083 2330 3138 vitate
2369 3092 2669 3156 gestorum.
2690 3085 2894 3141 Verum
2941 3095 2996 3142 et
3019 3087 3125 3143 hoc
3154 3087 3332 3156 ipsum
3367 3089 3510 3158 quod
3547 3088 3678 3142 dixit
3711 3105 3725 3140 :

2177 3193 2197 3228 ι
2229 3174 2331 3242 Qui
2385 3191 2450 3232 ex
2509 3177 2857 3232 contentione
2911 3177 3166 3234 difﬁdunt
3217 3179 3438 3248 quidem
3499 3179 3727 3244 veritati,

2163 3267 2542 3336 obtemperant
2595 3277 2776 3323 autem
2831 3267 3173 3338 iniquitati,»
3228 3268 3584 3324 indiscussum
3623 3283 3724 3322 non

2164 3359 2507 3414 omittamus.
2539 3359 2594 3413 lu
2631 3359 2714 3415 his
2751 3359 2899 3414 enim
2938 3359 3168 3429 singulis
3199 3359 3491 3429 languores
3517 3359 3726 3428 quidam

2165 3453 2361 3505 animae
2388 3452 2455 3506 ab
2503 3451 2758 3523 Apostolo
2805 3452 3183 3523 designantur,
3215 3468 3448 3523 quorum
3480 3450 3723 3505 medelam

2171 3542 2356 3597 nullus
2408 3543 2668 3611 inveniet,
2709 3544 2814 3599 nisi
2864 3545 3016 3614 prius
3058 3547 3374 3601 morborum
3428 3542 3726 3614 cognoverit

2169 3627 2390 3690 causas.
2419 3634 2486 3690 Et
2524 3635 2648 3691 ideo
2693 3635 2748 3690 in
2799 3636 2998 3692 divinis
3040 3635 3345 3706 Scripturis
3395 3636 3724 3708 aegritudines

2167 3727 2370 3782 anima:
2405 3738 2766 3782 numerantur
2797 3738 2851 3785 et
2881 3729 3117 3784 remedia
3146 3729 3550 3790 describuntur,
3587 3737 3637 3778 ut
3665 3724 3720 3778 hi

2165 3820 2262 3889 qui
2303 3833 2362 3873 se
2405 3818 2723 3889 apostolicis
2771 3821 3114 3877 subdideriut
3158 3821 3466 3889 disciplinis
3508 3818 3719 3890 (70),ex

2167 3909 2252 3964 his
2285 3924 2402 3980 qua:
2442 3909 2647 3980 scripta
2681 3919 2809 3966 sunt
2844 3912 3042 3982 agnitis
3083 3911 3436 3982 languoribus
3483 3908 3607 3972 suis,
3633 3921 3719 3959 eu-

2169 4001 2268 4057 rati
2300 4001 2513 4072 possint
2534 4002 2751 4057 dicere:
2771 4021 2790 4054 ι
2822 4001 3027 4068 Lauda,
3062 4002 3246 4056 anima
3270 4018 3412 4068 mea,
3437 4000 3715 4058 Dominum.

2166 4095 2258 4164 qui
2282 4104 2653 4151 sanatomnes
2675 4093 2968 4166 languores
3014 4105 3134 4150 tuos
3154 4094 3222 4148 ‘°.
3256 4112 3275 4145 ι
3316 4093 3464 4148 linus
3505 4106 3621 4158 ergo
3653 4103 3714 4141 ex

2168 4185 2388 4241 eteteris
2423 4185 2616 4241 anima:
2674 4185 2922 4257 languor,
2947 4195 3001 4242 et
3029 4185 3247 4256 quidem
3281 4185 3564 4254 pessimus,
3597 4195 3712 4234 con-

2170 4278 2339 4332 tentio
2381 4292 2504 4333 esse
2539 4278 2881 4350 intelligenda
2913 4290 3017 4347 est,
3045 4292 3141 4347 per
3179 4293 3344 4347 quant
3397 4291 3554 4331 omne
3599 4285 3711 4341 opus

2170 4386 2394 4442 pravum
2430 4371 2660 4442 geritur.
2692 4371 2796 4428 Per
2833 4373 2976 4426 hanc
3017 4372 3254 4426 haereses
3301 4380 3606 4430 nascuntur,
3630 4377 3709 4431 per

485 4465 806 4534 etangustia
835 4465 959 4529 erit,
990 4464 1291 4521 secundum
1316 4479 1376 4518 ea
1409 4477 1530 4532 qua:
1557 4464 2064 4518 thesaurizaverunt
2096 4463 2141 4519 D
2170 4461 2309 4516 hanc
2333 4463 2655 4529 schismata,
2697 4473 2751 4518 et
2778 4463 2960 4517 omnia
2997 4461 3254 4518 scandala
3285 4461 3338 4515 in
3371 4460 3613 4515 Etclesiis
3635 4470 3708 4525 ge-

483 4557 586 4611 sibi
619 4557 718 4627 ipsi
767 4555 902 4610 Nam
955 4557 1144 4626 utique
1195 4555 1340 4610 sicut
1385 4554 1458 4608 ibi
1500 4573 1518 4605 t
1562 4554 1727 4608 vitam
1757 4562 2057 4608 attentam»

480 4665 612 4702 casu
639 4650 953 4704 accusativo
984 4647 1308 4718 protulerat,
1341 4647 1416 4702 ita
1463 4655 1518 4702 et
1546 4647 1633 4702 hic
1670 4646 1807 4701 iram
1839 4655 1894 4702 et
1924 4646 2064 4702 indi-

482 4741 820 4807 gnationem,
851 4739 1374 4810 tribulationemque
1390 4750 1445 4794 et
1473 4739 1776 4810 angustiam
1815 4753 1944 4794 casu
1970 4754 2062 4794 ac-

549 4867 590 4898 ”
619 4865 774 4919 .luan.
806 4879 936 4929 xvn,
965 4865 1018 4918 5.
1128 4865 1174 4896 ⁸⁸
1198 4863 1340 4919 Psal.
1374 4879 1496 4930 va,
1531 4863 1618 4917 ll.

482 4937 568 4992 δι).
641 4938 682 4968 *9
725 4937 825 4991 lsn.
867 4937 1035 4997 1.,11.

556 5073 666 5142 (63)
723 5074 796 5125 Ita
849 5087 979 5126 mss.
1018 5071 1287 5140 plerique,
1335 5070 1466 5125 editi
1517 5067 1885 5142 et_Rabanus.
1931 5067 2063 5124 Mss.

487 5138 614 5197 vero
647 5138 893 5211 quidam.
935 5158 953 5192 t
981 5138 1079 5211 per
1105 5138 1244 5196 hanc
1274 5139 1706 5202 observantiam,
1737 5138 1914 5205 illam,
1945 5153 2066 5208 qua:

485 5233 550 5268 ex
591 5215 996 5267 resurrectione
1028 5223 1131 5278 est,
1163 5211 1446 5277 consequi,
1471 5228 1489 5262 ι
1530 5216 1638 5262 etc.

556 5284 666 5350 £65)
725 5302 743 5334 ς
778 5283 1108 5338 Secundum.
1141 5303 1157 5333 ι
1196 5282 1356 5336 Deest
1403 5282 1454 5334 in
1512 5292 1642 5332 mss.
1695 5277 1864 5348 Regio
1910 5296 2059 5334 num.

495 5353 646 5404 ωδε).

561 5422 669 5488 (ti-‘5)
708 5420 871 5485 Editi,
905 5441 921 5474 ι
949 5422 1202 5484 credunt,
1232 5421 1311 5475 vel
1335 5431 1582 5489 quaerunt
1605 5419 1854 5490 gloriam.
1882 5439 1900 5470 ν
1929 5421 2056 5476 Mss.

490 5507 677 5543 omnes
709 5493 992 5555 omittunt,
1026 5511 1044 5542 ι
1066 5492 1424 5550 credunt,vel.
1461 5511 1479 5543 ι

560 5561 674 5624 (66)
729 5559 799 5610 lta
833 5559 1232 5615 Genebrardus.
1279 5564 1385 5616 Sed
1430 5562 1610 5616 caeteri
1657 5563 1783 5616 editi
1826 5573 1880 5617 et
1923 5575 2056 5614 mss.

493 5631 660 5681 nostri
691 5646 899 5690 omnes,
941 5648 958 5677 ι
985 5645 1081 5696 ρος
1107 5646 1259 5697 quos.
1295 5651 1312 5680 ι

563 5699 671 5772 (67)
691 5698 788 5754 .\ls.
817 5699 1018 5767 Regius
1044 5714 1191 5752 num.
1223 5699 1379 5768 1659,
1418 5720 1435 5752 t
1462 5706 1605 5772 quod
1630 5701 1861 5772 Spiritus
1885 5701 2060 5771 loqui-

1697 4864 1742 4895 “
1775 4863 1931 4917 Rom.
1961 4878 2020 4926 ιι,
2057 4863 2111 4929 8,
2144 4862 2197 4918 9.

1114 4935 1162 4966 ³ο
1194 4934 1336 4990 Psal.
1367 4950 1464 5000 Cll,
1491 4935 1547 5001 2,
1577 4934 1628 4986 5.
1708 4935 1748 4965 ⁵⁸
1785 4935 1890 4988 lsa.
1925 4949 1974 4996 v,
2001 4933 2091 4986 2i.

2172 4562 2458 4621 nerantur,
2497 4555 2626 4608 dum
2675 4555 2732 4612 hi
2762 4555 2854 4624 qui
2899 4554 3043 4622 apud
3091 4553 3421 4621 semetipsos
3451 4551 3708 4620 prudentes

2172 4655 2323 4710 sunt,
2352 4655 2406 4700 et
2434 4646 2488 4700 in
2527 4657 2824 4716 conspectu
2855 4661 2954 4702 suo
2984 4647 3264 4717 sapientes
3286 4646 3355 4709 “,
3391 4638 3633 4713 quidquid
3657 4633 3706 4687 li-

2171 4739 2353 4794 buerit
2387 4754 2484 4808 pro
2516 4739 2634 4808 lege
2663 4737 2966 4796 defendunt
2995 4757 3008 4794 :
3049 4750 3103 4796 et
3131 4740 3256 4793 inde
3301 4741 3360 4792 tit
3395 4749 3450 4791 ut
3475 4732 3705 4788 diﬂiJatut‘

2277 4864 2321 4896 “
2347 4864 2536 4918 Matth.
2571 4879 2624 4929 ν,
2656 4865 2743 4921 18.
2820 4864 2864 4897 ⁸⁷
2897 4863 3055 4920 Rom.
3086 4879 3148 4926 ιι,
3177 4863 3232 4930 6,
3267 4863 3324 4919 7.
3397 4862 3480 4916 κει
3509 4858 3624 4926 Reg.
3655 4870 3701 4915 ιι.

2173 5077 2284 5140 tur,
2311 5087 2328 5118 ι
2367 5079 2474 5122 etc.
2506 5066 2881 5140 AlterARegius
2920 5085 3070 5123 num.
3128 5067 3288 5140 1640,
3326 5087 3345 5121 ι
3380 5067 3468 5136 qui
3505 5062 3703 5140 Spiritus

2170 5137 2479 5218 loquatur,»
2514 5147 2619 5194 etc.
2651 5136 2968 5196 Sed'cteteri
3000 5155 3154 5205 tuss.,
3179 5138 3434 5194 Rabanus
3455 5146 3504 5192 et
3527 5136 3640 5188 editi
3659 5141 3702 5180 ut

2169 5223 2222 5262 ιιι
2261 5218 2430 5263 textu.

2242 5277 2356 5348 (68)
2391 5279 2492 5334 Ms.
2527 5281 2731 5350 Regius
2755 5296 2904 5336 num.
2937 5279 3095 5347 1659,
3134 5299 3153 5350 ε
3183 5280 3328 5346 quod
3364 5277 3703 5350 iuiquicutttvs

2169 5348 2222 5401 in
2254 5342 2452 5418 ignem.
2480 5370 2497 5402 ι
2540 5342 2734 5406 Caitcri
2779 5367 2908 5406 vero
2940 5342 3095 5415 mss.,
3128 5342 3384 5404 Rabanus
3423 5342 3474 5404 ei
3509 5342 3622 5398 (ιιιὶιί
3655 5342 3699 5390 ιιι

2169 5419 2219 5471 iu
2249 5427 2437 5491 nostro
2467 5431 2642 5476 textu.
2953 5488 2984 5491 _
3483 5485 3496 5491 _
3599 5483 3607 5491 .

2238 5489 2349 5558 (69)
2389 5489 2467 5544 Ita
2495 5508 2626 5547 mss.
2671 5502 2723 5546 et
2770 5491 2920 5545 editi.
2953 5488 3210 5544 Rabanus
3260 5505 3408 5550 vero,
3441 5485 3568 5548 tlte,
3597 5478 3694 5534 illu-

2165 5559 2369 5614 minate
2399 5562 2554 5626 ignes
2579 5573 2814 5628 vestros,
2844 5573 2897 5615 et
2925 5561 3220 5623 llatutuatn,
3251 5580 3268 5610 ι
3303 5569 3402 5613 etc.

2235 5630 2348 5700 (76)
2383 5632 2794 5699 Genebrardus,
2834 5650 2851 5683 t
2877 5629 3180 5700 discipulis,
3214 5651 3231 5681 ι
3270 5630 3422 5684 male.
