3974 6206
399 2673 402 2676 ’
490 2661 726 2715 mundus
756 2663 1124 2732 gratulabitur
1147 2707 1162 2732 ,
1194 2681 1290 2722 vos
1314 2676 1496 2723 autem
1521 2668 1774 2739 lugebitis
1801 2672 1850 2703 ⁷⁸
1885 2689 1899 2726 :
1943 2691 1962 2726 ι
2010 2683 2068 2728 et

491 253 596 306 887
1931 249 2046 308 ORI

2164 251 2254 309 ιιδ
3609 255 3688 313 888

491 385 628 436 quos
663 383 780 438 ipse
811 369 942 424 dicit
971 369 1022 424 in
1050 368 1260 423 occulto
1287 367 1502 424 ludaeos
1537 369 1602 435 ⁷⁸,
1639 380 1806 426 restat
1835 381 1893 426 ιιι
1920 372 2072 428 lirze-
2101 382 2148 438 Α
2179 374 2231 428 iu
2288 373 2406 429 loco
2459 381 2732 444 ponuntur
2769 373 2848 441 hi,
2881 393 2900 426 t
2931 375 3022 444 qui
3073 389 3142 429 ex
3182 373 3528 437 contentione.
3563 375 3693 454 484
3721 370 3738 387 ⁴

491 475 586 514 eos
619 463 852 531 gentiles
900 462 1020 516 illos
1045 462 1232 526 dicat,
1260 462 1352 531 qui
1403 464 1642 518 nondum
1700 464 2067 522 crediderunt.
2179 477 2233 521 et
2257 467 2350 537 qui
2375 463 2618 522 dimdunt
2646 468 2869 537 quidem
2894 468 3139 532 veritati,
3167 467 3530 536 obtemperant
3551 479 3692 522 autem

494 550 600 606 Sed
634 552 903 621 quomodo
938 551 1229 620 Apostolus
1257 561 1463 608 tantant
1493 570 1642 622 spem
1668 554 1920 624 gentibus
1943 571 2076 610 uon-
2179 555 2494 626 iniquitati;
2533 576 2552 610 ο
2591 558 2790 628 quibus
2824 577 2842 610 t
2885 559 2964 613 ira
3000 572 3054 614 et
3102 558 3436 629 indignatio,
3471 558 3695 617 tribulatio

491 646 618 697 dum
671 645 1019 698 credentibus
1068 645 1251 714 p0uit,
1297 661 1420 700 eum
1465 647 1840 703 ecclesiastica
1887 649 2072 718 regula
2176 653 2234 699 et
2258 646 2508 716 angustia
2541 647 2588 680 ⁸ο
2624 665 2642 698 ›
2670 647 2959 713 imminet;
3006 649 3057 702 id
3095 659 3204 715 est,
3240 649 3386 702 omni
3410 649 3688 716 animeope-

489 736 744 790 videatur
773 737 1060 805 obsistere,
1095 753 1216 808 qua:
1249 740 1444 795 statuit
1473 750 1534 795 ut
1570 759 1590 792 t
1633 741 1737 796 nisi
1767 742 1890 812 quis
1917 756 2078 796 reua-
2175 737 2316 791 ranti
2353 735 2465 808 (8t)
2496 737 2730 804 malum,
2767 737 2952 794 Judzeo
2987 739 3258 810 primum,
3292 749 3349 794 et
3395 736 3579 795 Greco.
3625 738 3698 796 llis

494 837 578 878 ius
615 827 776 881 fuerit
809 842 874 881 ex
926 843 1064 897 aqua
1115 840 1170 884 et
1197 829 1402 900 Spiritu
1436 843 1628 888 sancto
1651 871 1666 897 ,
1702 847 1808 886 non
1849 850 1868 884 t
1905 833 2075 902 possit
2175 839 2355 883 autem
2385 829 2590 886 eisdem
2629 829 2794 886 etiam
2840 831 3108 886 bonorum
3165 831 3452 886 retributio
3499 830 3636 886 tertio
3655 831 3696 885 in

495 932 518 966 ι
549 918 772 973 introire
795 919 846 972 in
871 934 1095 990 regnum
1119 922 1382 978 caelorum
1409 923 1454 958 "
1483 940 1499 990 ;
1539 941 1557 975 ι
1587 933 1640 979 et
1667 925 1862 980 iterum
1880 922 2072 978 Petrus
2177 922 2296 977 loco
2334 921 2448 990 pari
2476 937 2598 977 cum
2632 923 2979 978 distinctione
3008 923 3365 993 promittitur,
3414 937 3526 978 cum
3565 923 3696 977 dicit:

496 1025 545 1060 ιιι
581 1009 808 1063 Actibus
839 1011 1206 1079 apostolorum
1237 1013 1304 1068 de
1341 1013 1566 1068 Christo
1615 1015 1938 1085 pronuntiat
1986 1015 2072 1069 di-
2179 1030 2199 1062 t
2239 1009 2424 1067 Gloria
2471 1023 2688 1078 autem,
2727 1023 2781 1068 et
2825 1014 3039 1078 honor,
3083 1022 3140 1068 et
3185 1029 3292 1083 pax
3323 1013 3466 1068 omni
3495 1014 3696 1082 operanti

493 1114 626 1154 tsens
662 1116 677 1154 :
719 1119 739 1152 ‹
776 1099 962 1172 Neque
991 1103 1135 1156 enim
1183 1112 1267 1158 est
1314 1103 1460 1160 aliud
1490 1104 1659 1160 ullum
1718 1120 1914 1160 nomen
1967 1107 2071 1162 sub
2175 1099 2400 1169 bellum.
2430 1100 2618 1158 Iudaeo
2645 1102 2879 1172 Primum
2911 1101 3177 1159 θιῧτωεο
3200 1103 3272 1159 ’⁸ο
3304 1121 3325 1155 ³
3364 1102 3536 1170 ριιοάι
3558 1113 3696 1173 Πιθῧο

492 1193 632 1247 caelo
653 1234 668 1255 .
715 1197 767 1249 iu
801 1212 908 1266 quo
953 1207 1202 1267 oporteat
1232 1214 1333 1256 nos
1373 1201 1559 1257 salvos
1603 1201 1716 1258 ﬁeri
1750 1203 1842 1257 ⁷⁸2
1879 1221 1898 1255 ι
1929 1203 2051 1270 Quo

2173 1207 2374 1264 capere
2409 1209 2650 1265 possum,
2682 1199 2749 1251 de
2774 1194 3004 1262 Judeis,
3031 1205 3088 1252 et
3115 1196 3372 1267 gentibus
3397 1197 3542 1262 dicit,
3569 1197 3696 1252 utris-

495 1285 654 1340 tt.odo
681 1299 810 1356 ergo
841 1287 931 1342 hic
964 1297 1154 1359 gentes
1179 1289 1400 1360 glorie,
1429 1300 1484 1346 et
1512 1291 1772 1356 honoris,
1820 1302 1877 1348 et
1918 1293 2071 1360 pacis
2173 1298 2280 1353 quc
2305 1287 2546 1340 nondum
2574 1285 2946 1342 credentibus.
2989 1284 3178 1340 Potest
3211 1286 3357 1342 enim
3392 1284 3503 1340 ﬁeri
3523 1326 3542 1356 ,
3570 1294 3618 1340 ut
3638 1285 3698 1340 vel

493 1379 734 1431 secundo
772 1389 894 1449 post
929 1377 1148 1436 Judeos
1197 1381 1316 1438 loco
1342 1385 1638 1455 participes
1670 1385 1806 1440 facit
1831 1385 1923 1439 "'?
1963 1385 2068 1442 Sed
2173 1389 2239 1429 ex
2266 1373 2352 1429 bis
2387 1375 2478 1445 (ιυί
2513 1373 2565 1428 in
2600 1373 2744 1446 Ῑιθεε
2770 1383 2936 1441 sum:
2984 1375 3030 1432 Si
3066 1375 3190 1446 (ιυῖε
3233 1376 3573 1445 Ρθτειιθεῖοηθ
3611 1378 3701 1445 ιιιιί·

494 1470 776 1524 videamus
818 1486 886 1527 ne
925 1471 1063 1526 forte
1095 1473 1181 1526 illa
1213 1491 1333 1545 que
1362 1476 1502 1531 solet
1530 1477 1748 1532 bonitas
1767 1487 1820 1532 et
1845 1478 2051 1536 tlulcedt

2173 1465 2293 1519 dem
2343 1466 2620 1521 communi
2680 1465 2795 1537 (82)
2839 1465 3057 1521 Christo
3101 1481 3210 1522 non
3265 1465 3701 1536 credit,operettir

495 1563 587 1618 ltei
629 1565 888 1620 abscondi
937 1567 993 1621 iu
1043 1567 1354 1639 Scripturis
1391 1572 1596 1626 sanctis
1622 1613 1638 1638 ,
1667 1572 1872 1641 aliquid
1906 1573 2048 1628 etiau

2173 1568 2352 1613 tamen
2385 1561 2528 1630 quod
2559 1561 2760 1616 bonum
2783 1570 2891 1627 est,
2915 1558 3182 1630 justitiam
3211 1570 3424 1628 teneat,
3452 1563 3699 1619 misericor-

493 1655 582 1710 hic
609 1657 864 1712 moliatur
885 1659 1181 1714 occultum.
1217 1661 1352 1717 Tres
1386 1663 1517 1718 mihi
1549 1664 1650 1718 hoc
1681 1663 1734 1718 iu
1773 1664 1893 1720 loco
1920 1665 2069 1720 ordi-
2171 1651 2315 1706 dial“
2336 1651 2547 1724 duillius
2571 1653 2879 1710 οεδιῖιθιθηι
2901 1664 2958 1709 ει
2975 1654 3369 1710 θθηιίηθηιίιιιι
3403 1667 3586 1720 Servet.
3609 1672 3696 1710 mo'

495 1761 590 1800 nes
652 1747 846 1802 fecisse
886 1749 1102 1804 videtur
1150 1751 1462 1821 Apostolus.
1501 1752 1688 1810 Primo
1732 1755 1874 1810 enim
1940 1756 2071 1810 dicit
2103 1743 2146 1802 Β
2173 1744 2403 1800 destiam
2445 1744 2835 1816 lenitatemque
2863 1744 3178 1812 custodiat.
3203 1754 3372 1816 atque
3417 1762 3564 1802 omne
3597 1762 3701 1813 opus

491 1838 561 1890 de
615 1837 722 1903 his,
786 1857 806 1891 ο
844 1841 936 1910 qui
988 1843 1284 1898 secundum
1327 1844 1646 1913 patientiam
1702 1845 1827 1900 boni
1887 1848 2070 1916 operis
2173 1835 2513 1909 (85)bonum
2545 1847 2825 1908 operetur,
2855 1837 2946 1894 hic
2972 1838 3188 1894 etiamsi
3215 1839 3386 1892 vitam
3437 1853 3534 1894 nou
3571 1838 3700 1892 habet

490 1928 744 1995 gloriam,
772 1940 828 1985 et
853 1933 1140 2000 honorem,
1164 1944 1219 1990 et
1243 1936 1706 2006 incorruptionem
1734 1948 2008 2009 quierunt,
2043 1958 2051 1991 ι

2170 1933 2431 1984 eterna‘m
2451 1972 2468 1994 ,
2501 1930 2626 1999 quia
2670 1930 2904 1986 credens
2931 1929 3036 1984 soli
3058 1944 3188 1985 vero
3219 1928 3353 1996 Deo,
3375 1945 3487 1984 non
3516 1927 3699 1984 credidit

489 2021 632 2087 quod
670 2021 800 2092 ipsis
833 2025 1012 2080 reddit
1050 2025 1192 2084 Deus
1235 2047 1254 2076 σ
1301 2030 1468 2084 vitam
1509 2039 1768 2085 aeternam
1795 2031 1863 2086 τι.
1904 2051 1923 2084 ι
1968 2031 2070 2086 Pa-
2169 2031 2224 2076 et
2247 2015 2396 2076 Filio"
2413 2021 2531 2092 eius
2561 2019 2692 2076 Jesu
2735 2020 2961 2076 Christo
2998 2033 3161 2090 quem
3195 2019 3380 2085 misit.
3429 2021 3701 2088 lamentin-

491 2112 735 2167 ticutiam
789 2124 972 2171 autem
1027 2119 1150 2174 boni
1179 2121 1362 2190 operis
1419 2121 1470 2174 in
1532 2120 1638 2177 illis
1684 2137 1807 2178 esse
1855 2135 2046 2178 certun

2172 2111 2252 2168 ria
2273 2127 2500 2183 operum
2521 2113 2664 2184 ejus,
2692 2121 2744 2168 et
2771 2127 2901 2182 pax,
2927 2123 2984 2168 et
3005 2111 3182 2168 honor
3199 2112 3403 2183 poterit
3429 2127 3522 2167 non
3543 2111 3704 2182 perire.

489 2209 590 2256 est.
617 2204 711 2272 qui
738 2219 977 2276 agones,
1028 2219 1086 2263 et
1113 2212 1414 2265 certamina
1469 2211 1746 2281 perferunt
1805 2215 2019 2279 pietatis
2047 2232 2063 2270 :
2171 2201 2276 2259 Sed
2299 2213 2356 2259 ει
2388 2203 2610 2260 Graecus
2635 2243 2652 2269 ο
2679 2203 2733 2258 id
2762 2211 2848 2259 εει
2871 2202 3131 2274 Sentius:
3175 2205 3222 2259 εί
3249 2219 3374 2258 "um
3411 2202 3520 2273 (8‘)
3566 2201 3701 2269 ιεεειιι

489 2295 637 2361 quod
684 2311 849 2366 supra
897 2300 1254 2369 exposuimus
1300 2303 1583 2358 evidenter
1629 2306 1694 2360 de
1738 2305 2051 2362 Christiani:

2169 2313 2275 2352 non
2307 2296 2526 2362 habeat,
2557 2298 2672 2366 ipse
2727 2295 2832 2352 sibi
2877 2305 2962 2352 est
2999 2295 3109 2365 lex,
3147 2297 3450 2352 ostendens
3467 2311 3588 2368 opus
3603 2294 3707 2364 legis

489 2385 596 2440 dici
635 2385 768 2458 (78),
819 2391 960 2460 apud
1005 2408 1141 2462 quos
1192 2403 1468 2465 martyres
1511 2395 1667 2450 nunt.
1713 2395 1982 2452 Probatur
2015 2399 2065 2453 id
2172 2388 2224 2442 itt
2264 2387 2428 2444 corde
2460 2388 2645 2454 suo",
2685 2389 2991 2444 etnaturali
3032 2389 3246 2444 ratione
3287 2389 3563 2454 immotus,
3593 2389 3706 2442 sicut

488 2476 655 2530 etiam
699 2493 796 2546 per
844 2481 947 2536 hoc
993 2485 1135 2552 quod
1167 2483 1427 2541 Dominus
1481 2486 1614 2542 dicit
1665 2487 1731 2540 ad
1763 2489 2051 2556 apostolos.

2168 2479 2415 2534 videmus
2458 2477 2746 2535 nonnullos
2790 2479 2846 2534 in
2895 2480 3169 2549 gentibus,
3220 2479 3306 2535 vel
3327 2478 3591 2548 justitiam
3634 2487 3698 2532 te-

490 2567 616 2636 quia
645 2585 665 2620 t
709 2570 1119 2629 tribulationem
1162 2575 1438 2632 habebitis
1483 2577 1538 2633 in
1583 2578 1686 2636 hoc
1732 2581 1966 2646 mundo,
2012 2590 2066 2637 ct
2167 2580 2312 2637 neat,
2347 2569 2760 2627 velcasﬂtatem
2785 2581 2986 2640 servet,
3021 2572 3106 2626 vel
3129 2571 3501 2642 prudentiam,
3533 2581 3702 2638 tempe-

2167 2661 2439 2728 rantiam,
2489 2661 2926 2732 modestiamque
2975 2661 3292 2717 custodiat:
3327 2661 3438 2717 iste
3459 2661 3572 2715 licet
3601 2657 3706 2712 alie-

2167 2770 2270 2811 nus
2302 2770 2332 2809 a
2363 2755 2474 2809 vita
2500 2752 2752 2818 videatur
2771 2762 3000 2820 eterna,
3026 2752 3156 2822 quia
3187 2767 3294 2807 non
3313 2752 3490 2808 credit
3508 2750 3706 2815 Christo,

2167 2856 2224 2902 et
2255 2847 2466 2902 intrare
2492 2862 2599 2902 non
2641 2846 2817 2916 possit
2848 2844 2901 2898 iu
2934 2859 3161 2915 regnum
3191 2846 3478 2909 celerum,
3509 2844 3619 2914 quia
3641 2857 3708 2896 re-

489 2749 697 2805 addidit
723 2762 844 2820 post
873 2769 1044 2822 pauca
1082 2775 1096 2810 :
1127 2775 1150 2810 ο
1191 2757 1247 2812 ln
1281 2759 1540 2828 patientia
1592 2771 1769 2816 vestra
1813 2764 2064 2832 acquire-

489 2839 558 2894 tis
597 2840 810 2896 animas
857 2854 1068 2900 vestras
1095 2847 1168 2900 ⁷⁸.
1220 2866 1239 2900 ι
1300 2848 1741 2906 Christianorum
1797 2867 1928 2922 ergo
1980 2863 2068 2910 est

486 2941 794 2997 pressuram
827 2935 938 3004 pati
965 2935 1020 2990 iu
1051 2937 1155 2994 hoc
1189 2941 1418 3004 seculo,
1467 2950 1523 2996 et
1572 2941 1796 3013 lugere,
1828 2959 2062 3014 quorum
2168 2947 2328 2994 natus
2369 2952 2475 2993 non
2511 2946 2596 2994 est
2639 2951 2707 2992 ex
2751 2951 2890 3007 aqua
2915 2946 2970 2990 et
3019 2936 3226 3005 Spiritu
3274 2935 3349 3002 ⁸³,
3405 2936 3604 2990 videtur
3644 2943 3708 2986 ta-

485 3031 569 3076 est
603 3023 708 3077 vita
750 3035 978 3082 etet-na.
1007 3029 1072 3084 Et
1097 3030 1178 3086 vis
1225 3035 1369 3088 scire
1413 3037 1558 3104 quod
1609 3037 1807 3092 nullius
1836 3047 1918 3092 est
1955 3039 2061 3094 vita
2110 3103 2115 3104 ί
2167 3045 2292 3087 meti
2323 3029 2436 3102 (85)
2469 3029 2616 3099 quod
2648 3043 2748 3100 per
2776 3030 2893 3084 hec
2922 3043 3044 3099 que
3069 3027 3327 3083 dicuntur
3357 3028 3430 3083 ab
3466 3026 3704 3098 Apostoltt.

483 3124 715 3180 eterna,
767 3118 870 3173 nisi
922 3119 1040 3187 ejus
1089 3122 1182 3192 qui
1235 3103 1443 3178 credat
1476 3127 1528 3180 itt
1563 3126 1888 3183 Chrismm?
1923 3129 2062 3186 Audi
2089 3103 2133 3160 θ
2168 3123 2436 3178 bonorum
2462 3136 2687 3192 operum
2714 3120 2943 3192 ιςιοτὶθιη
2969 3159 2986 3187 ο
3031 3130 3086 3174 ei
3124 3120 3389 3174 honorem
3419 3161 3434 3186 ο
3471 3129 3524 3174 εί
3552 3132 3707 3188 Paw"

486 3205 788 3262 Salvatoris
823 3208 990 3280 ipsius
1019 3226 1205 3267 vocem
1240 3214 1518 3271 evidenter
1550 3217 1603 3270 in
1639 3215 1947 3290 Evangeliis
1975 3220 2065 3277 de-
2167 3213 2403 3283 perdere
2433 3214 2648 3283 peuitus
2680 3227 2788 3267 nou
2817 3212 3010 3282 possit.
3065 3209 3122 3264 Si
3157 3210 3304 3264 enim
3337 3210 3619 3264 secundum
3653 3220 3706 3257 est

485 3302 792 3371 signantem
830 3326 842 3359 :
879 3325 898 3357 t
940 3305 1065 3362 Haec
1111 3316 1194 3362 est
1232 3317 1414 3363 autem
1447 3309 1556 3365 vita
1587 3321 1826 3378 eterna,
1870 3323 1931 3368 ut
1969 3329 2051 3369 eo-

2167 3323 2288 3378 que
2319 3306 2375 3360 in
2421 3305 2797 3376 superioribus
2826 3302 3214 3366 disseruimus,
3262 3301 3478 3356 videtur
3506 3301 3708 3369 Aposto-

486 3402 755 3458 gnoscant
808 3404 859 3450 te
909 3396 1082 3451 solum
1112 3413 1298 3454 verum
1343 3399 1543 3465 Deum,
1575 3409 1631 3456 et
1663 3416 1822 3470 quem
1860 3403 2056 3460 misisti
2166 3400 2250 3455 lus
2277 3401 2641 3455 condemnare
2665 3395 2929 3466 gentiles,
2977 3409 3044 3450 ex
3077 3409 3142 3450 eo
3187 3394 3330 3463 quod
3381 3391 3600 3447 naturali
3641 3389 3706 3440 in.

480 3483 670 3539 Jesum
702 3487 979 3543 Christum
1007 3490 1073 3543 ".
1106 3509 1124 3542 ι
1183 3487 1373 3546 Omnis
1410 3505 1543 3559 ergo
1577 3493 1670 3562 qui
1707 3508 1814 3548 non
1843 3496 2065 3565 agnovit
2167 3491 2465 3563 telligentia
2489 3505 2614 3546 cum
2645 3486 3235 3559 eognovissentDeum,
3274 3499 3382 3539 non
3401 3485 3537 3538 sicut
3566 3482 3707 3535 Deum

486 3576 701 3632 l’airem
738 3581 914 3635 solum
947 3576 1135 3636 verum
1162 3581 1354 3647 Deum,
1395 3592 1450 3638 et
1478 3582 1672 3638 Filium
1709 3583 1846 3652 ejus,
1876 3584 2061 3642 Jesum
2165 3578 3016 3655 magniﬁcaverunt",quomodo
3033 3573 3707 3646 nouputamusquodetiain

483 3668 782 3734 Christum,
816 3673 1026 3727 alienus
1051 3681 1134 3728 est
1155 3674 1222 3728 ab
1250 3674 1557 3729 aeternitate
1583 3675 1729 3730 vite.
1761 3674 1886 3731 llec
1914 3678 2060 3732 enim
2165 3672 2482 3729 collaudare
2511 3686 2605 3727 eos
2629 3670 2836 3740 possit,
2865 3676 2921 3722 et
2967 3668 3202 3732 debeat,
3233 3669 3276 3722 si
3309 3669 3402 3737 qui
3457 3667 3509 3720 in
3537 3665 3612 3719 his
3630 3677 3710 3716 co-

485 3759 596 3826 ipsa
616 3761 822 3830 agnitio
842 3772 897 3816 et
920 3763 1052 3818 ﬁdes
1066 3765 1173 3819 vita
1199 3778 1322 3820 esse
1345 3765 1660 3834 designatur
1689 3774 1914 3822 eterna.
1967 3766 2063 3822 Est
2163 3773 2488 3834 guosceutes
2516 3763 2708 3828 Deum,
2755 3761 2896 3816 sicut
2927 3760 3093 3814 Deum
3147 3759 3529 3829 magniﬁeeut?
3564 3755 3706 3809 Dubi-

486 3851 646 3920 igitur
667 3855 871 3921 primus
912 3857 1023 3926 (79)
1051 3857 1138 3912 hic
1181 3857 1621 3912 Christianorum
1659 3857 1829 3924 locus,
1863 3859 2063 3928 quibus
2165 3857 2266 3910 tari
2319 3857 2485 3926 igitur
2543 3870 2648 3909 non
2693 3864 2823 3924 puto
2874 3853 3018 3922 quod
3067 3852 3114 3907 is
3155 3852 3246 3920 qui
3281 3868 3381 3922 pro
3412 3850 3547 3905 malo
3570 3861 3708 3918 Opem

485 3955 581 4005 per
607 3944 922 4007 patientiam
964 3945 1092 4000 boni
1135 3947 1318 4016 operis
1357 3947 1623 4016 gloriam,
1673 3957 1728 4005 et
1773 3951 2059 4016 honorem,
2163 3948 2516 4003 condemnari
2545 3947 2858 4012 meruisset,
2897 3946 3036 4000 idem
3065 3945 3110 3998 si
3140 3953 3400 4014 operatus
3425 3952 3564 3998 esset
3594 3953 3708 4010 opus

483 4041 539 4084 et
574 4033 1038 4102 incorruptionem
1071 4041 1441 4106 quaerentibus
1472 4044 1581 4096 vita
1627 4051 1831 4098 eterna
1869 4044 2063 4100 redde—
2164 4041 2364 4095 bonum
2395 4038 2532 4111 (86),
2563 4039 3000 4094 remuneratione
3027 4037 3151 4092 boni
3189 4038 3376 4106 operis
3417 4037 3601 4107 dignus
3633 4033 3711 4086 ba-

485 4135 572 4176 ...r
605 4123 674 4189 τε,
704 4125 790 4178 ina
817 4127 936 4182 sine
968 4128 1129 4185 dubio
1156 4133 1248 4200 qui
1276 4134 1410 4188 dicit
1437 4150 1452 4186 ε
1495 4155 1514 4188 ι
1546 4135 1659 4207 ego
1679 4153 1798 4192 sum
1830 4139 1938 4205 via,
1971 4155 2062 4195 ve-
2164 4133 2404 4188 beretur.
2439 4133 2599 4187 Vides
2626 4133 2770 4188 enim
2804 4130 3413 4200 dicentemApostolum
3440 4127 3571 4200 (87).
3597 4123 3704 4194 quia

488 4217 643 4281 ritas,
673 4225 728 4273 et
753 4217 860 4273 vita
888 4220 957 4274 π.
998 4239 1018 4273 ι
1047 4220 1103 4276 In
1131 4220 1352 4278 Christo
1375 4233 1578 4292 autem,
1602 4227 1694 4295 qui
1726 4228 1833 4282 vita
1858 4237 2059 4285 eterna
2168 4241 2190 4276 ι
2228 4238 2420 4280 omnes
2462 4239 2560 4280 nos
2603 4233 2749 4279 stare
2787 4231 3005 4292 oportet
3037 4232 3166 4277 ante
3225 4221 3458 4276 tribunal
3507 4214 3708 4276 Chrisﬁ.
3795 4276 3798 4277 ν

481 4319 586 4374 est,
621 4309 884 4365 bonorum
911 4311 1152 4367 omnium
1189 4323 1274 4369 est
1318 4314 1601 4385 plenitudo
1627 4317 1762 4388 (80).
1808 4319 2059 4376 Secundo
2164 4327 2225 4374 ut
2268 4327 2513 4390 reportet
2567 4320 2940 4390 unusquisque
2977 4317 3201 4386 propria
3250 4313 3530 4385 corporis,
3568 4315 3709 4381 prottl

553 4476 597 4506 ⁷⁰
634 4474 1018 4553 liorn.__tt_,'29.
1095 4477 1138 4508 '”
1178 4475 1462 4553 J_oan.wtt‘l,
1495 4481 1547 4536 5.
1623 4483 1668 4514 ⁷¹
1705 4484 1826 4536 Act.
1851 4497 1923 4553 tv,
1951 4483 2038 4539 12,

2191 4481 2350 4536 Rom.
2383 4481 2554 4553 ".10.
2630 4481 2677 4512 ⁷⁸
2708 4481 2840 4553 ibid.
2873 4480 2925 4534 7.
2979 4479 3346 4553 A’_"_J_oa_n._x_vi,
3525 4470 3702 4553 Ῐξιξις.

481 4562 593 4621 xxi,
628 4547 737 4621 l9._
789 4545 1176 4621 "Joan.__xvit._
1198 4547 1252 4621 ξς
1330 4551 1375 4582 ⁷⁸
1399 4538 1558 4621 Rom.
1591 4567 1652 4618 tt,
1685 4553 1738 4610 7.
1835 4538 2051 4610 "loan.

2164 4571 2206 4621 ν,
2243 4553 2298 4609 6.
2375 4538 2617 4606 ευίιοιη.
2659 4567 2721 4617 ιι,
2759 4551 2813 4618 8,
2845 4553 2900 4606 9.
2975 4550 3020 4581 ει
3045 4550 3182 4605 ibid.
3219 4538 3342 4603 to;
3386 4549 3429 4580 ει
3469 4543 3593 4598 ibid.
3629 4538 3702 4598 tt.

480 4618 566 4670 15.
643 4617 689 4648 ⁸³
710 4616 868 4673 Joan.
897 4633 976 4683 tu,
1016 4618 1070 4672 5.
1140 4616 1187 4650 ⁸⁸
1209 4615 1366 4675 Rom.
1394 4635 1432 4688 t,
1456 4620 1547 4676 21.

551 4708 664 4779 (78)
692 4709 853 4774 Editi,
879 4729 897 4761 t
928 4710 1071 4780 quod
1099 4725 1262 4783 supra
1293 4711 1534 4768 diximus
1557 4721 1611 4768 et
1637 4713 2054 4783 exposuimus...
2089 4715 2134 4771 Ι)
2163 4708 2357 4783 Ceteri
2391 4723 2522 4762 vero
2551 4707 2683 4783 editi
2704 4717 2760 4762 et
2786 4723 2889 4761 ms.
2915 4721 3087 4770 unus;
3108 4704 3204 4772 aL,
3235 4725 3254 4758 t
3284 4703 3657 4765 commonitus;
3681 4717 3699 4749 ι

478 4783 618 4852 apth
654 4795 790 4848 quos
824 4792 1094 4852 martyres
1129 4782 1380 4852 lueriut:
1424 4800 1443 4835 ι
1517 4784 1610 4838 sed
1673 4782 1863 4839 omnes
1916 4799 2048 4838 mss.

477 4864 531 4924 et
569 4849 914 4924 “.tbitlltlsll‘l
954 4849 1015 4924 i’u_
1039 4859 1210 4924 textu.
1250 4851 1456 4924 Deinde
1489 4869 1621 4924 mss.
1653 4855 1921 4924 plerique,
1951 4854 2052 4908 lla-

477 4870 531 4903 et
571 4870 826 4904 “nuntius
855 4870 914 4904 ut
954 4870 1007 4904 ιιι
1039 4870 1210 4906 textu.
1251 4870 1456 4908 uetnue
1489 4870 1621 4908 mss.
1653 4870 1786 4924 pleri
1832 4870 1921 4918 ue,
1951 4870 2050 4908 tia-

477 4921 654 4996 b.t_uus
679 4930 735 4974 et
757 4922 960 4996 editi,_t
993 4921 1263 4996 Probatur
1291 4941 1310 4973 ι
1336 4922 1440 4996 (al.
1463 4943 1481 4975 t
1509 4870 1839 4996 Probantu$
1870 4933 2050 4996 autem

476 4992 721 5064 etiam,_i_
746 5003 854 5064 etc.
907 4991 1021 5064 Sed
1067 4992 1272 5064 rectior
1301 4993 1514 5064 videtur
1554 4995 1721 5048 lectio
1753 4991 1858 5048 ms.
1895 4992 2048 5064 Regii

481 5078 631 5114 ttttiii.
661 5061 818 5126 1659,
858 5081 877 5112 t
910 5061 1169 5128 probatur
1194 5062 1245 5116 itl
1277 5063 1462 5126 etiam,
1493 5082 1513 5114 ι
1550 5073 1660 5120 etc.

547 5129 660 5201 (79)
697 5131 772 5185 Ita
821 5132 976 5197 editi,
1019 5141 1076 5187 et
1119 5131 1202 5202 sic
1232 5132 1532 5202 legendum
1568 5134 1803 5187 videtur.
1847 5132 2051 5188 Omnes

479 5199 660 5255 tamen
693 5217 825 5258 mss.
851 5203 1025 5258 nostri
1053 5210 1111 5259 et
1142 5199 1424 5269 Rabanus,
1449 5213 1562 5259 test
1591 5203 1754 5273 igitur
1783 5203 2052 5273 plurimus

479 5274 584 5334 hic,
609 5291 627 5322 ι
654 5282 761 5326 etc.

547 5342 660 5412 (80)
709 5343 880 5406 Alias,
933 5363 952 5394 ι
1000 5345 1270 5399 bonorum
1317 5345 1494 5401 omnis
1539 5355 1621 5400 est
1669 5343 1974 5414 plenitudo,
2025 5363 2044 5396 ι

476 5413 607 5463 etliti
642 5415 901 5466 omittunt
922 5433 940 5465 ι
966 5426 1072 5470 eSt.
1107 5434 1127 5468 ι

549 5482 663 5556 (8i)
689 5481 785 5538 bis.
820 5483 1018 5556 Regius
1056 5502 1206 5540 num.
1242 5486 1404 5555 1639,
1444 5505 1462 5538 ι
1497 5486 1646 5540 omni
1683 5485 1887 5540 homini
1921 5502 2049 5556 ope-

479 5553 646 5616 ranti,
696 5571 715 5601 ι
761 5564 870 5607 etc.
906 5553 1012 5610 Sed
1061 5557 1244 5610 ceteri
1279 5553 1406 5612 mss.
1455 5567 1506 5611 et
1539 5557 1666 5611 editi
1708 5565 1766 5609 tit
1797 5555 1849 5610 in
1880 5553 2050 5610 textu.

481 5621 756 5695 iialuttius.
785 5635 1090 5695 perperam,
1119 5641 1138 5695 ς
1169 5628 1317 5695 ouini
1353 5628 1404 5680 in
1440 5643 1525 5678 me
1567 5627 1837 5695 operanti,
1875 5648 1892 5677 ι
1943 5638 2049 5680 etr.

548 5691 662 5761 (8:!)
702 5690 790 5743 Sic
829 5705 960 5743 mss.
1002 5693 1267 5762 plerique,
1301 5694 1556 5752 llabanus
1603 5690 1655 5752 et
1701 5690 2047 5752 Sulotliunus.

2161 4780 2257 4841 al.,
2288 4797 2307 4830 t
2337 4779 2726 4834 communitus.
2754 4796 2773 4829 ι

2233 4848 2345 4920 (8³5)
2389 4867 2408 4920 ς
2444 4847 2614 4919 Opus.
2647 4848 2752 4920 i_ln
2787 4845 2954 4920 editis
2987 4845 3276 4920 omittitur.
3349 4915 3395 4920 η
3525 4910 3558 4920 ﬁ
3628 4909 3642 4920 ο

2233 4910 2348 4991 (84)
2387 4910 2617 4992 lla-ms.
2669 4917 2881 4992 Regius
2924 4916 3284 4992 uum._1639.
3334 4910 3701 4992 AlterOBegius

2162 4986 2497 5063 numiui-HA
2519 4991 2706 5053 habet,
2728 4986 2883 5063 (sed
2907 4997 2962 5040 et
2985 4987 3028 5041 si
3057 4986 3282 5063 Graecus
3422 4986 3658 5063 uitiati".
3678 4997 3696 5028 ³

2161 5069 2266 5113 etc.
2309 5059 2500 5116 Ceteri
2538 5073 2698 5124 mss.,
2726 5057 2986 5112 Rabanus
3028 5067 3083 5112 et
3115 5057 3269 5121 editi,
3319 5075 3338 5106 t
3378 5053 3457 5110 sed
3483 5059 3534 5104 et
3568 5052 3701 5103 Gre

2161 5145 2258 5182 cus
2401 5132 2492 5195 qui
2529 5146 2673 5193 cum,
2707 5151 2724 5180 ι
2759 5139 2866 5186 etc.

2231 5199 2344 5272 (85)
2377 5199 2854 5272 tTanien.r_Deest
2884 5201 2935 5252 in
2955 5197 3118 5272 editis
3135 5207 3188 5252 et
3219 5199 3272 5251 in
3285 5196 3542 5272 plerisque
3562 5205 3660 5272 ntss
3683 5226 3698 5250 ι

2161 5261 2369 5392 Rectum
2401 5283 2456 5327 et
2490 5272 2630 5340 apud
2665 5269 2949 5324 Babanum
2977 5285 2993 5334 ;
3019 5269 3115 5323 sed
3163 5261 3456 5323 restituitur
3479 5277 3544 5314 ex
3577 5261 3698 5311 duo-

2198 5356 2260 5392 us
2294 5356 2425 5392 mss.

2198 5356 2260 5394 llS
2294 5356 2425 5398 I'IISS.
3458 5399 3472 5406 -
3605 5397 3616 5406 .

2234 5410 2348 5482 (86)
2378 5409 2545 5476 Editi,
2577 5429 2597 5462 ι
2633 5411 2777 5466 idem
2807 5409 2852 5465 si
2880 5419 3143 5482 Operatur
3169 5410 3392 5482 bonum;
3420 5423 3434 5454 ι
3458 5399 3526 5481 ita
3549 5399 3696 5450 etiam

2163 5478 2572 5559 Balutittts_,_qui
2605 5482 2808 5559 omittit
2855 5500 2872 5532 t
2918 5478 3089 5559 idem.
3138 5500 3157 5530 ι
3220 5480 3321 5534 Ms.
3360 5478 3674 5559 liggﬂ'iil'ﬂ'f

2167 5551 2323 5616 1659,
2369 5571 2389 5605 t
2421 5542 2562 5606 idem
2596 5555 2640 5608 si
2680 5543 3008 5620 operaretur
3049 5553 3278 5605 bonum.
3335 5570 3353 5604 ι
3403 5542 3489 5599 Sed
3529 5550 3694 5592 “me”

2165 5639 2292 5677 mss.
2332 5635 2390 5676 ut
2419 5625 2470 5677 iu
2504 5633 2691 5678 nostro
2715 5632 2886 5678 textu.
3409 5687 3428 5691 _
3464 5679 3473 5691 .
3533 5681 3561 5691 ..

2235 5694 2348 5765 (87)
2383 5697 2456 5748 lta
2503 5710 2635 5750 mss.
2691 5693 2940 5763 plerique
2985 5700 3038 5748 et
3075 5691 3354 5749 Rabanus.
3402 5679 3688 5743 Salodianus
