3974 6206
225 343 234 349 η
319 272 428 330 ssc

1277 280 1636 338 COMMENT.
1677 283 1743 340 lN
1786 284 2006 342 EPIST.
2049 287 2139 341 AD
2180 286 2348 344 R051.
2390 287 2517 343 LIB.
2557 285 2624 343 ll.

3473 292 3581 348 890

316 393 513 462 gessit,
564 393 680 450 sive
727 393 952 461 bonum,
1001 396 1116 453 sive
1161 401 1360 456 malum
1401 403 1468 457 ⁸⁸.
1497 427 1516 456 1
1572 404 1699 460 lude
1755 406 1902 461 deni—
1929 411 1976 470 Α
2005 424 2099 478 per
2129 411 2245 466 haec
2277 411 2583 466 evidentior
2617 411 2713 465 flat
2743 409 3056 481 explanatio
3098 411 3371 481 quomodo
3407 411 3576 467 Judaei

316 495 424 550 que
448 491 533 534 est
562 482 708 550 quod
734 491 790 538 et
819 484 872 539 in
909 486 1012 540 hoc
1045 487 1165 543 loco
1204 489 1480 564 subjungit
1512 513 1527 550 :
1565 513 1583 545 1
1611 495 1727 551 Νοη
1749 500 1895 555 enim

313 587 678 642 personarum
723 577 970 646 acceptio
1007 587 1090 633 est
1121 582 1261 650 apud
1307 584 1472 639 Deum
1507 587 1574 640 ⁸⁸.
1605 607 1624 640 ι
1651 590 1802 657 Quod
1843 593 1886 647 si

314 662 492 754 adhuc
516 665 612 754 tibi
650 666 871 721 dubium
905 669 1138 738 videtur,
1162 674 1288 729 audi
1323 687 1378 731 et
1406 677 1595 734 Petrus
1621 682 1748 750 quid
1781 684 1894 754 (88)

316 751 368 842 i_n
404 751 633 842 Actibus
652 757 1014 842 apostolorum
1042 764 1374 831 pronuntiet,
1397 783 1520 823 cum
1546 771 1612 824 ad
1639 751 1893 842 gentilem

311 839 623 932 Cornelium
661 839 851 932 fuisset
875 845 1192 916 ingressus:
1235 871 1254 904 1
1282 839 1663 927 Compertum,
1697 863 1890 932 inquit,

315 929 490 1020 habeo
524 932 670 999 quod
709 931 849 990 Deus
878 951 1235 1005 personarum
1263 959 1517 1018 acceptor
1543 967 1646 1006 non
1670 929 1783 1020 est,
1798 929 1891 1012 sed

313 1018 368 1073 in
408 1021 556 1074 omni
599 1021 734 1085 loco,
773 1034 829 1080 et
863 1026 917 1080 in
957 1031 1104 1084 omni
1134 1044 1318 1105 gente,
1350 1040 1441 1106 qui
1476 1040 1610 1096 facit
1636 1018 1889 1104 volunta-

313 1114 421 1210 tem
451 1107 594 1210 ejus,
622 1123 877 1210 acceptus
908 1126 994 1210 est
1022 1120 1072 1175 ei
1095 1121 1162 1176 "'.
1203 1142 1222 1176 1
1266 1125 1370 1181 Sed
1402 1129 1564 1199 objici
1611 1136 1767 1192 nobis
1795 1155 1892 1210 po-

313 1207 420 1251 test
451 1199 582 1253 illud
608 1204 752 1271 quod
787 1205 1046 1266 Dominus
1081 1212 1134 1268 in
1173 1214 1468 1287 Evangelio
1499 1224 1665 1282 dicit:
1709 1248 1728 1280 1
1755 1199 1886 1286 0111-

310 1288 394 1343 nis
419 1291 513 1358 qui
539 1294 714 1348 credit
764 1295 817 1351 in
867 1313 974 1365 me,
1023 1319 1131 1360 non
1160 1307 1516 1376 judicabitur.
1561 1317 1662 1386 Qui
1701 1332 1884 1378 autem

310 1398 418 1438 non
453 1387 646 1450 credit,
687 1388 801 1456 jam
845 1391 1122 1459 judicatus
1159 1410 1265 1468 est,
1308 1405 1434 1474 quia
1469 1424 1572 1463 non
1625 1415 1801 1470 credit
1829 1417 1882 1472 in

308 1474 532 1576 nomine
563 1478 828 1576 unigeniti
863 1481 986 1538 Filii
1023 1485 1116 1576 Dei
1139 1489 1206 1544 ⁸³.
1239 1509 1259 1544 1
1292 1491 1400 1548 Sed
1425 1496 1703 1557 videamus
1745 1520 1885 1576 quo-

309 1565 471 1618 modo
499 1581 605 1620 non
629 1567 939 1637 iudicamur
964 1575 1058 1644 qui
1077 1579 1352 1638 credimus
1368 1583 1610 1654 Christo,
1644 1601 1703 1646 ut
1737 1565 1882 1649 scia-

305 1671 424 1711 mus
455 1662 728 1726 quomodo
777 1673 834 1718 et
911 1665 998 1722 ille
1037 1668 1151 1737 jam
1197 1670 1476 1741 judicatus
1521 1679 1592 1733 sit
1623 1683 1716 1751 qui
1772 1701 1876 1740 non

302 1751 502 1806 credit.
550 1751 952 1823 Numquidnam
1005 1767 1266 1828 putamus
1325 1767 1416 1835 qui
1478 1772 1771 1828 crediderit
1825 1777 1877 1830 in
1913 1754 1954 1808 Β

302 1841 547 1910 Christo,
581 1855 638 1899 et
681 1857 808 1916 post
840 1848 946 1904 hoc
996 1851 1371 1920 homicidium,
1424 1858 1509 1912 vel
1549 1862 1876 1918 adulteriutn

301 1937 661 2002 commiserit,
709 1947 802 1994 aut
843 1938 1039 1995 falsum
1087 1944 1468 2002 testimonium
1515 1951 1734 2020 dixerit,
1784 1967 1878 2010 aut

297 2025 506 2103 aliquid
533 2027 841 2102 hujnsmodi
874 2032 1131 2100 gesserit,
1162 2048 1284 2102 qua
1313 2050 1699 2108 nonnunquam
1732 2045 1877 2100 vide-

298 2141 417 2179 mus
449 2127 740 2183 admittere
768 2127 934 2182 etiam
974 2123 1185 2196 ﬁdeles,
1217 2127 1344 2200 quia
1379 2144 1478 2198 pro
1507 2132 1590 2186 his
1618 2133 1729 2203 jam
1765 2152 1872 2193 non

296 2214 628 2281 jo-licabitur
675 2217 768 2286 qui
821 2217 1056 2272 credidit
1101 2218 1154 2273 in
1213 2218 1437 2276 Christo
1475 2221 1499 2274 ?
1541 2222 1761 2280 Certum
1790 2238 1875 2283 est

296 2302 412 2354 hac
435 2301 620 2358 omnia
649 2303 840 2358 venire
873 2305 941 2359 ad
967 2304 1235 2374 judicium
1267 2319 1364 2376 ;et
1399 2311 1522 2368 ideo
1549 2315 1631 2368 sic
1666 2315 1866 2372 intellio

295 2396 508 2464 gendns
537 2406 623 2452 est
657 2397 867 2453 Domini
905 2412 1089 2455 sermo
1121 2414 1284 2472 quem
1316 2404 1468 2469 dicit,
1506 2427 1524 2460 1
1567 2407 1670 2476 Qui
1697 2412 1874 2466 credit

293 2485 346 2540 in
383 2503 492 2554 me,
523 2505 630 2544 non
656 2489 1014 2562 judicabitur,
1040 2513 1061 2548 i
1097 2496 1226 2566 quia
1257 2501 1554 2554 secundum
1585 2505 1687 2558 hoc
1726 2506 1872 2574 quod

293 2581 524 2635 credidit
549 2599 657 2635 non
685 2581 1026 2652 judicabitur
1055 2589 1211 2656 quasi
1247 2589 1562 2648 incredulus
1593 2603 1648 2651 et
1681 2597 1870 2654 intlde~

292 2669 490 2726 lis:de
519 2673 734 2728 actibus
782 2691 914 2732 vero
961 2680 1077 2733 suis
1126 2679 1246 2735 sine
1297 2681 1463 2738 dubio
1502 2684 1864 2752 judicabitnr.

290 2761 366 2816 Ita
413 2780 544 2833 ergo
574 2777 623 2821 et
664 2767 756 2821 ille
793 2769 906 2838 jam
933 2770 1213 2840 judicatus
1269 2784 1353 2829 est
1397 2777 1489 2848 qui
1529 2795 1634 2833 non
1670 2782 1864 2848 credit,

289 2859 588 2912 secundum
647 2861 754 2916 hoc
801 2863 943 2930 quod
1001 2879 1108 2919 non
1153 2869 1422 2936 credidit;
1464 2881 1516 2926 et
1565 2872 1706 2926 sicut
1747 2889 1871 2929 cre-

294 2947 470 3014 denti,
509 2953 554 3004 si
594 2952 938 3008 extrinsecus
991 2957 1202 3025 peccati
1253 2959 1460 3031 aliquid
1506 2965 1862 3034 commiserit,

2004 501 2202 570 primo,
2254 500 2448 556 deinde
2484 499 2659 556 Graeci
2713 507 2992 569 ponuntur
3034 501 3104 555 ab
3151 499 3434 569 Apostolo.
3470 501 3577 556 Sed

2004 602 2184 647 tamen
2209 593 2260 646 in
2279 593 2508 648 arbitrio
2525 593 2760 661 legentis
2783 591 2855 646 sit
2873 591 3108 660 probare
3120 608 3241 662 quae
3263 593 3406 648 dicta
3426 601 3574 646 sunt.

1999 685 2110 738 Nos
2126 695 2306 740 autem
2327 685 2481 756 plura
2498 684 2824 741 adduximus
2852 686 2904 738 in
2927 693 3242 748 tractatum,
3273 702 3338 738 ne
3356 687 3486 754 quid
3511 691 3577 740 de

1998 777 2236 846 Apostoli
2265 792 2426 832 sensu
2453 777 2815 832 indiscussum
2838 777 3149 844 relinquere
3173 777 3502 830 videremur.

2065 868 2230 940 485
2259 868 2315 924 8.
2361 887 2380 920 1
2415 869 2734 936 Quicunque
2789 868 2934 922 enim
2988 869 3105 923 sine
3142 869 3257 938 lege
3309 883 3573 938 peccave—

1994 971 2140 1024 rttut,
2170 961 2287 1014 sine
2312 959 2427 1030 lege
2455 969 2508 1013 ct
2539 959 2814 1029 peribunt,
2834 968 2888 1014 et
2911 967 3182 1028 quatqnot
3211 962 3262 1011 in
3299 959 3418 1028 lege
3449 974 3576 1027 pec-

1992 1061 2278 1117 caverunt,
2311 1067 2408 1122 per
2441 1051 2610 1122 legem
2632 1050 3049 1120 judicabnntur.
3076 1049 3191 1104 Non
3223 1050 3369 1104 enim
3418 1053 3574 1105 audi-

1994 1153 2137 1200 tores
2173 1145 2304 1214 legis
2329 1144 2461 1213 justi
2494 1153 2620 1200 sunt
2657 1144 2798 1212 apud
2829 1143 3018 1206 Deum,
3049 1144 3142 1198 sed
3179 1143 3409 1198 factores
3439 1144 3572 1212 legis

1983 1236 2431 1306 justificabuntur
2455 1237 2522 1291 ".
2561 1255 2579 1290 1
2632 1236 2766 1291 Cum
2811 1236 2956 1290 dicat
3008 1235 3302 1304 Apostolus
3340 1249 3433 1289 eos
3477 1234 3567 1303 qui

1987 1329 2106 1384 siue
2132 1329 2248 1400 lege
2274 1338 2655 1398 peccaverunt,
2692 1329 2813 1383 sine
2851 1326 2967 1392 lege
3011 1327 3305 1395 perituros,
3335 1327 3568 1395 requiri-

1989 1423 2130 1476 ritnr
2164 1433 2345 1476 utrum
2378 1423 2446 1477 de
2488 1422 2602 1476 sola
2641 1420 2810 1493 Moysi
2849 1420 2966 1492 lege
3015 1420 3424 1487 intelligendum
3475 1418 3565 1478 sit.

1985 1526 2050 1567 an
2073 1521 2128 1567 et
2158 1513 2223 1568 de
2255 1512 2370 1584 lege
2417 1512 2644 1577 Christi,
2676 1511 2760 1566 vel
2792 1511 2956 1565 etiam
3000 1511 3066 1564 de
3101 1524 3420 1578 quacunque
3461 1510 3564 1562 bn~

1984 1621 2142 1660 mana
2169 1604 2286 1675 lege
2312 1605 2411 1659 sub
2433 1619 2540 1673 qna
2563 1613 3018 1672 ntrumquemqne
3046 1601 3353 1656 mortalium
3383 1601 3566 1656 vivere

1982 1696 2268 1767 contingit,
2302 1695 2445 1764 quod
2476 1695 2772 1750 secundum
2809 1695 2979 1762 ipsam
3007 1692 3243 1759 jndicari
3270 1693 3440 1760 possit
3469 1691 3563 1761 qui

1985 1787 2039 1840 in
2064 1801 2126 1841 ea
2158 1797 2386 1856 peccat:
2427 1799 2496 1838 an
2537 1783 2630 1853 qui
2654 1794 2812 1836 extra
2839 1782 3011 1837 solam
3056 1780 3226 1853 Moysi
3256 1781 3427 1850 legem
3455 1790 3564 1844 est,

1978 1875 2195 1932 etiamsi
2236 1875 2337 1930 sub
2390 1874 2570 1944 aliqua
2629 1873 2746 1944 lege
2793 1874 2962 1938 vivat,
2997 1872 3142 1928 velut
3194 1883 3346 1926 extra
3387 1873 3560 1943 legem

1978 1967 2210 2038 positus,
2245 1984 2367 2020 eum
2404 1966 2732 2035 peccaverit,
2759 1976 2966 2034 pereat.
3008 1963 3138 2020 Nam
3170 1973 3226 2019 et
3267 1965 3382 2034 ipse
3425 1978 3561 2031 apo-

1977 2061 2147 2116 8tolus
2177 2058 2394 2120 Paulus,
2433 2075 2558 2113 cum
2590 2058 2720 2112 dicit
2747 2073 2806 2112 se
2846 2058 2930 2112 his
2966 2058 3056 2126 qui
3089 2056 3209 2111 sine
3250 2056 3367 2126 lege
3407 2065 3558 2120 sunt,

1975 2151 2127 2220 quasi
2152 2151 2272 2203 sine
2297 2149 2412 2217 lege
2434 2164 2574 2215 esse,
2595 2160 2650 2202 et
2679 2149 2829 2204 addit
2853 2165 2866 2199 :
2895 2167 2914 2201 1
2936 2148 3068 2203 Cum
3095 2147 3282 2216 utique
3302 2147 3421 2201 sine
3441 2147 3560 2216 lege

1977 2258 2081 2296 non
2124 2255 2325 2306 essem,
2362 2241 2455 2295 sed
2506 2241 2558 2295 in
2582 2240 2698 2309 lege
2732 2255 2910 2294 essent
2941 2238 3144 2294 Christi
3171 2239 3240 2304 ”,
3271 2259 3292 2290 ›
3321 2239 3560 2292 ostendit

1975 2347 2034 2387 se
2063 2334 2278 2400 quidem
2313 2331 2364 2384 in
2405 2331 2520 2401 lege
2569 2331 2738 2402 Moysi
2775 2347 2880 2385 non
2918 2345 3061 2394 esse,
3091 2345 3214 2385 esse
3248 2341 3425 2383 tamen
3454 2329 3556 2382 sub

1975 2425 2109 2497 lege.
2143 2427 2252 2480 Sed
2275 2434 2330 2480 ct
2361 2425 2632 2492 humana»,
2679 2434 2740 2479 ut
2767 2424 3029 2486 diximus,
3070 2423 3236 2493 leges,
3275 2422 3320 2477 si
3351 2423 3418 2477 ad
3453 2425 3557 2477 hoc

1975 2519 2152 2587 ipsum
2179 2517 2421 2586 reputari
2455 2515 2704 2582 debeant,
2733 2515 2910 2570 videto
2941 2514 3074 2585 (90).
3115 2512 3385 2568 Naturalis
3424 2526 3559 2568 vero

1973 2610 2080 2670 lex,
2103 2625 2224 2680 qua:
2239 2608 2603 2663 communiter
2627 2607 2877 2664 omnibus
2900 2605 3207 2662 hominibus
3234 2605 3396 2670 inest,
3419 2619 3556 2660 con-

1970 2700 2320 2754 siderandum
2357 2708 2441 2754 est
2485 2698 2530 2752 si
2563 2713 2753 2753 omnes
2793 2713 2932 2766 pene
2984 2697 3146 2752 faciat
3179 2698 3231 2751 in
3281 2696 3396 2768 lege
3419 2711 3552 2766 pec-

1970 2803 2120 2853 care,
2155 2789 2297 2842 sicut
2334 2787 2386 2841 iu
2429 2787 2894 2856 consequentibus
2938 2786 3075 2842 dicit
3115 2804 3131 2842 :
3171 2804 3190 2838 1
3239 2787 3372 2842 Cum
3404 2787 3550 2840 enim

1969 2891 2181 2950 gentes,
2218 2895 2337 2947 quae
2379 2879 2550 2950 legem
2591 2895 2698 2933 non
2731 2879 2958 2945 habent,
2981 2879 3302 2934 naturaliter
3327 2893 3447 2946 qua:
3475 2879 3556 2932 le-

1968 2973 2052 3043 gis
2071 2981 2199 3027 sunt
2219 2970 2510 3036 faciunt,hi
2546 2973 2716 3045 legem
2750 2987 2856 3025 non
2886 2971 3148 3027 habentes
3172 2970 3272 3038 ipsi
3299 2969 3400 3024 sibi
3425 2978 3554 3024 sunt

288 3041 438 3143 salva
624 3044 888 3148 jnilicinm
928 3058 1112 3102 manet
1156 3066 1172 3105 :
1221 3051 1292 3106 ita
1347 3061 1403 3108 et
1443 3071 1546 3110 non
1592 3059 1857 3125 credenti,
1890 3089 1933 3148 ο
1972 3041 2082 3128 lex,
2113 3063 2202 3131 qui
2231 3065 2528 3120 ostendunt
2557 3041 2692 3133 opus
2725 3064 2859 3134 legis
2887 3066 3152 3134 scriptum
3193 3065 3246 3118 in
3291 3063 3552 3117 cordibus

290 3132 338 3183 si
388 3133 518 3202 quid
556 3135 682 3190 boni
725 3139 908 3206 operis
954 3143 1207 3208 gesserit,
1256 3157 1480 3216 excepta
1525 3148 1860 3220 inﬁdelitate,

290 3228 664 3280 remuneratio
706 3244 810 3285 non
862 3232 1082 3299 peribit.
1131 3235 1244 3290 Nisi
1297 3236 1437 3292 forte
1483 3242 1606 3310 quis
1661 3245 1862 3315 aliquid

289 3331 456 3385 grave
487 3329 541 3371 et
586 3319 921 3378 intolerabile
970 3325 1102 3380 velit
1143 3329 1406 3397 objicere,
1457 3341 1516 3385 ut
1555 3334 1700 3388 dicat
1736 3352 1860 3392 eum

285 3409 377 3476 qui
411 3420 630 3478 peccat,
659 3417 1079 3480 computandum
1103 3435 1207 3473 non
1237 3437 1356 3476 esse
1383 3423 1520 3480 inter
1538 3430 1820 3485 credentes
1844 3449 1858 3498 ;

282 3501 411 3568 quia
443 3501 486 3554 si
513 3504 701 3556 credat
725 3506 868 3572 quis,
908 3523 1011 3562 non
1045 3523 1235 3579 peccat
1263 3529 1278 3567 :
1303 3516 1347 3570 si
1379 3532 1508 3572 vero
1554 3533 1760 3588 peccat,
1793 3539 1858 3578 ex

283 3593 389 3648 hoc
421 3594 542 3663 ipso
576 3608 838 3666 arguatur
864 3605 1008 3670 quod
1044 3621 1148 3659 non
1183 3609 1390 3664 credat.
1423 3610 1529 3665 Sed
1559 3614 1671 3668 ha3c
1694 3629 1858 3684 quam

280 3687 416 3739 dura
467 3688 540 3741 sit
590 3691 857 3746 sententia
900 3697 1035 3752 nulli
1074 3700 1388 3768 ambiguum
1444 3715 1592 3774 puto.
1649 3708 1861 3775 Quotus

278 3782 430 3833 cnim
479 3782 713 3851 quisque
757 3787 1064 3844 invenietur
1113 3791 1167 3844 in
1209 3795 1392 3857 terris,
1427 3797 1519 3864 qui
1571 3799 1640 3852 ita
1694 3803 1857 3856 vitam

277 3885 439 3924 suam
475 3872 634 3928 lihret
665 3876 797 3948 (89),
830 3880 962 3934 utin
995 3883 1144 3938 nullo
1165 3887 1378 3953 penitus
1402 3889 1678 3960 delinquat
1703 3894 1726 3946 ?
1751 3897 1856 3948 Sed

273 3974 328 4016 et
377 3963 624 4020 Joannes
672 3968 963 4036 Apostolus
1016 3975 1069 4028 in
1127 3977 1364 4044 Epistola
1427 3998 1523 4035 sua
1579 3986 1859 4040 evidenter

272 4056 442 4110 etiam
470 4058 782 4125 opinionem
823 4062 1129 4132 hnjusmodi
1161 4080 1332 4134 notat,
1378 4088 1498 4124 cum
1537 4074 1706 4131 dicit:
1747 4097 1764 4127 1
1799 4078 1854 4133 Si

271 4149 398 4217 quis
437 4149 570 4202 dicit
605 4151 726 4217 quia
770 4165 1052 4220 peccatum
1103 4173 1209 4212 non
1260 4161 1442 4227 habet,
1493 4165 1579 4217 hic
1624 4169 1852 4222 mendax

267 4248 373 4301 est,
393 4248 452 4290 et
482 4241 684 4295 veritas
721 4243 774 4295 in
805 4261 870 4299 eo
895 4261 998 4298 non
1033 4258 1110 4302 est
1140 4250 1362 4304 ”.--Si
1394 4260 1575 4306 autem
1598 4255 1858 4312 cantilen-

270 4348 398 4385 mur
454 4345 676 4401 peccata
744 4349 947 4400 nostra,
1014 4341 1274 4396 habemus
1337 4345 1658 4400 advocatum
1712 4350 1854 4416 apud

1967 3156 2083 3211 suis
2105 3156 2207 3211 “.i
2244 3154 2354 3211 Nisi
2386 3171 2482 3212 eos
2509 3155 2646 3211 forte
2679 3157 2924 3212 dicamus
2953 3168 3107 3213 extra
3132 3159 3304 3228 legem
3322 3156 3549 3226 positos,

1965 3248 2055 3316 qui
2086 3261 2262 3318 neque
2287 3248 2506 3318 scriptis
2529 3249 2754 3318 legibus,
2788 3265 2968 3318 neque
2989 3249 3338 3310 conscientia,
3369 3255 3424 3303 et
3452 3261 3552 3301 co~

1965 3338 2320 3408 gitationibus
2347 3339 2587 3411 propriis
2617 3341 3140 3408 reprehendentibus
3157 3355 3216 3394 se
3238 3347 3294 3392 et
3313 3352 3549 3408 arguen-

1966 3433 2114 3486 tibus
2139 3438 2352 3502 parent.
2380 3431 2662 3499 Quomodo
2690 3441 2872 3487 antem
2905 3430 3196 3502 dicit(9l):
3227 3450 3245 3482 1
3271 3431 3549 3499 Quotquot

1966 3522 2018 3577 in
2073 3523 2188 3592 lege
2242 3532 2646 3594 peccaverunt,
2684 3539 2782 3590 per
2836 3523 3005 3592 legem
3041 3523 3483 3592 judicabtnitur?
3520 3540 3539 3571 1

1967 3615 2166 3684 Utique
2200 3615 2292 3685 qui
2325 3615 2378 3668 in
2409 3615 2526 3682 lege
2567 3613 2766 3668 Christi
2796 3625 2900 3680 est,
2951 3629 3049 3683 per
3079 3613 3253 3681 legem
3288 3612 3489 3666 Christi
3524 3629 3542 3678 ;

1963 3717 2011 3760 et
2041 3706 2132 3774 qui
2161 3707 2214 3759 in
2248 3707 2365 3775 lege
2402 3704 2595 3776 Moysi,
2627 3720 2725 3774 per
2754 3705 2924 3776 legem
2973 3705 3140 3775 Moysi
3167 3704 3542 3774 judicabitur;

1963 3812 2136 3865 neque
2168 3797 2258 3866 qui
2297 3799 2400 3851 sub
2435 3797 2550 3866 lege
2593 3797 2794 3852 Christi
2837 3807 2942 3860 est,
2967 3799 3217 3866 quamvis
3243 3797 3404 3852 etiam
3437 3797 3542 3866 legi

1962 3890 2132 3960 Moysi
2156 3890 2402 3944 subditus
2443 3891 2711 3954 videatur,
2739 3889 2970 3957 judicari
3012 3900 3188 3945 tamen
3241 3890 3540 3944 secundnnt

1960 3999 2077 4038 eam
2109 3983 2380 4052 putandus
2416 3991 2500 4036 est
2543 3997 2642 4036 cur
2677 3997 2781 4034 non
2813 3983 2885 4038 sit
2925 3982 3302 4044 circumcisus.
3329 3981 3409 4035 vel
3444 3998 3544 4034 cur

1961 4077 2254 4130 Sabbatum
2289 4090 2393 4128 non
2431 4085 2635 4129 servet.
2665 4075 2820 4140 Quod
2841 4085 2895 4129 et
2924 4075 2966 4130 si
2994 4075 3146 4142 juxta
3171 4074 3341 4144 legem
3373 4073 3538 4144 Moysi

1962 4164 2234 4233 putandus
2261 4173 2344 4218 est
2369 4163 2624 4232 judicari,
2671 4164 2968 4219 secundum
3004 4165 3105 4220 hoc
3137 4164 3282 4234 quod
3317 4165 3397 4218 lex
3426 4164 3540 4232 spi-

1962 4255 2172 4310 ritualis
2206 4265 2310 4320 est,
2341 4255 2699 4326 judicahitur.
2755 4255 2869 4309 lloe
2899 4265 2982 4311 est
3009 4257 3153 4311 enim
3188 4272 3292 4310 non
3325 4256 3543 4308 audito-

1962 4363 2074 4400 rem
2112 4347 2266 4417 legis,
2308 4349 2400 4402 sed
2449 4348 2704 4402 factorem
2733 4346 3039 4414 jnstilicari.
3074 4346 3226 4413 Quod
3255 4361 3384 4401 vero
3410 4361 3538 4416 gra-

266 4423 520 4488 Patrem,
549 4424 731 4481 Jesuni
753 4428 980 4496 justum,
1015 4435 1106 4502 qui
1135 4446 1326 4489 exorat
1353 4453 1447 4503 pro
1481 4440 1718 4507 peccatis
1756 4458 1853 4496 ηο-
1885 4426 1930 4482 Ι)
1960 4439 2108 4493 viorc
2136 4439 2402 4492 sententia
2434 4440 2642 4507 percuti
2674 4438 2888 4492 videtur
2924 4439 2968 4493 is
2995 4439 3084 4506 qui
3117 4439 3235 4492 sine
3272 4437 3388 4508 lege
3412 4454 3537 4506 pec-

266 4517 404 4566 stris
430 4515 502 4566 ’°.
537 4535 553 4565 1
580 4517 700 4571 llzec
740 4537 870 4587 ergo
911 4537 937 4572 a
977 4524 1133 4576 nobis
1166 4525 1216 4578 in
1247 4527 1346 4578 hoc
1381 4527 1517 4592 loco,
1553 4541 1714 4599 prout
1750 4547 1847 4598 po-

266 4611 505 4673 tuimus,
544 4611 785 4666 discussa
815 4626 964 4675 sunt,
992 4617 1469 4672 cmnsiderantibus
1502 4622 1666 4674 etiam
1719 4623 1847 4676 illud

263 4702 417 4770 quod
460 4701 596 4755 dicit
627 4705 954 4771 Apostolus:
993 4724 1011 4756 1
1058 4709 1138 4760 Αη
1184 4707 1492 4764 Judzeorum
1533 4713 1672 4768 Deus
1724 4723 1846 4768 tart-

263 4792 433 4845 tum?
487 4791 678 4848 Nonne
707 4807 761 4850 et
792 4796 1031 4866 gentium
1057 4801 1078 4853 ?
1100 4801 1213 4854 Ιιιιο
1245 4812 1298 4855 et
1334 4803 1573 4872 gentium
1601 4806 1642 4837 "
1676 4823 1690 4872 ;
1725 4823 1743 4857 1
1791 4816 1849 4860 ut

343 4947 391 4979 as
423 4949 459 4998 ιι
487 4948 612 5002 cur,
655 4967 707 5010 ν,
744 4953 806 5006 to
901 4955 944 4984 ⁸⁸
980 4954 1137 5008 1ὶ11111.
1180 4972 1242 5019 tt,
1271 4957 1356 5011 il.

267 5019 306 5051 ⁹¹
351 5019 508 5070 llum.
553 5023 748 5082 ttt,‘2!t.

1383 5209 1401 5241 1
1450 5192 1635 5245 cmteri
1681 5192 1840 5254 editi.

274 5251 452 5324 {VVide
487 5253 702 5324 dicente
724 5254 1004 5324 Apostolo,
1053 5251 1077 5307 1⁷
1112 5274 1242 5312 tnss.
1275 5261 1401 5324 duo,
1448 5280 1466 5312 1
1505 5261 1664 5316 Vides
1697 5251 1840 5316 enini

269 5321 486 5374 dicente
515 5321 792 5387 Apostolu.
834 5344 851 5373 1

340 5389 453 5460 (88)
490 5388 581 5444 Sic
609 5407 740 5444 mss.
773 5393 1042 5460 plerique,
1078 5396 1334 5452 Rabanus
1356 5409 1412 5453 et
1438 5400 1610 5456 editio
1632 5402 1841 5456 Veneta

271 5456 572 5538 falodiani.
596 5456 798 5538 ⁸(ξειξιοὲἰ
826 5456 955 5518 vero
983 5456 1114 5538 editi
1144 5477 1196 5522 et
1227 5483 1330 5523 ms.
1365 5485 1528 5538 unus,
1566 5489 1585 5523 1
1629 5471 1757 5526 audi
1789 5483 1844 5527 et

268 5529 488 5582 Petrum
514 5531 700 5600 quid,»
733 5542 838 5588 etc.
872 5550 888 5586 :
929 5536 1092 5588 male.

339 5599 552 5680 {smnus
589 5616 689 5680 ms.
727 5619 864 5658 unus
894 5604 1275 5680 Regillsdltllll.
1316 5610 1455 5664 1640
1496 5621 1551 5666 et
1599 5611 1843 5680 plerique

266 5670 416 5724 editi.
451 5670 648 5727 Cicteri
685 5686 815 5728 vero
838 5670 1000 5741 mss;
1020 5675 1275 5734 Rabanus
1305 5690 1360 5735 ct
1389 5682 1556 5738 editio
1601 5670 1841 5748 'Venc'ta,

263 5196 442 5255 VI_'|_'_0_.
485 5182 746 5255 (“videns
773 5184 989 5238 (lit'Pttle
1019 5187 1275 5255 Apostolu
1317 5204 1332 5242 ε

1437 4959 1482 4990 ⁸⁷
1521 4960 1646 5029 Act.
1679 4975 1731 5024 ι,
1777 4960 1868 5029 54,
1917 4962 2008 5016 55.

828 5025 873 5056 ⁹¹
906 5025 1060 5079 ltotn.
1091 5042 1152 5091 tt,
1184 5026 1271 5089 Η..
1306 5029 1392 5084 l3.
1462 5029 1509 5063 °‘
1545 5028 1718 5085 lCor.
1746 5047 1820 5098 Ix,
1848 5025 1938 5086 (11.

1959 4532 2184 4597 caverit,
2204 4533 2458 4599 quoniam
2482 4533 2756 4600 periturus
2786 4531 3186 4601 pronuntiatur,
3202 4547 3322 4584 cum
3355 4531 3538 4597 utique

1955 4631 2011 4676 et
2041 4623 2390 4677 miseratione
2413 4623 2592 4692 aliqua
2628 4623 2820 4690 dignus
2847 4623 3112 4685 videatur,
3139 4624 3230 4692 qui
3272 4620 3539 4688 adjutorio

1959 4729 2062 4766 non
2099 4729 2229 4768 usus
2251 4725 2336 4768 est
2386 4713 2542 4782 legis,
2575 4714 2854 4768 videamus
2888 4727 2954 4766 ne
2980 4713 3106 4781 quid
3152 4714 3367 4773 iterum,
3401 4720 3456 4763 ut
3486 4711 3536 4763 in

1955 4808 2168 4860 caneris
2198 4805 2504 4868 docuimus,
2539 4804 2737 4859 divina.-
2761 4805 3016 4860 bouitatis
3043 4804 3130 4858 hic
3159 4804 3345 4870 lateat,
3378 4816 3536 4873 quam

2086 4962 2132 4993 ⁸⁸
2152 4960 2310 5017 Joan.
2348 4978 2427 5021 nt.
2457 4962 2541 5017 l8.
2616 4961 2876 5019 8'ldoan.
2903 4981 2939 5030 t,
2976 4965 3029 5020 8.
3103 4962 3366 5018 °°lJoan.
3396 4965 3536 5030 tt,l.

2019 5033 2066 5064 ”
2092 5032 2248 5090 Boni.
2276 5049 2336 5096 tt,
2371 5034 2458 5099 14,
2491 5033 2578 5088 l5.

1953 5213 1971 5245 1
2005 5195 2195 5248 liberet
2221 5213 2235 5248 :
2266 5215 2284 5248 1
2314 5195 2471 5250 male.

2025 5264 2136 5334 (90)
2173 5264 2300 5320 Mss.
2334 5265 2445 5320 fere
2493 5279 2682 5318 omnes
2715 5274 2770 5318 et
2794 5263 2945 5329 editi,
2978 5281 2999 5314 1
3023 5278 3128 5316 11011
3161 5263 3337 5317 video.
3377 5282 3396 5315 1
3433 5264 3533 5319 So-

1948 5332 2032 5406 lus
2057 5332 2160 5388 ms.
2199 5335 2396 5406 Regius
2437 5352 2564 5388 nunt
2615 5335 2774 5400 £659,
2809 5353 2826 5386 t
2867 5335 3077 5400 videto,
3113 5352 3132 5386 1
3165 5334 3305 5403 quod
3338 5336 3538 5390 rectius

1949 5403 2181 5458 videtur.

2021 5475 2153 5546 (9U,
2178 5477 2384 5546 ltairns.
2417 5474 2618 5546 Regius
2660 5490 2812 5528 num.
2852 5473 3173 5546 71659LAlii
3214 5483 3392 5546 autent
3429 5474 3537 5528 duo

1954 5543 2085 5598 mss.
2142 5543 2318 5612 Regii,
2355 5563 2373 5594 1
2417 5543 2517 5610 Qui
2549 5554 2728 5599 autem
2758 5545 2909 5598 dicit.
2944 5563 2962 5596 1
2996 5544 3094 5598 Ms.
3134 5544 3532 5605 Vallis-Claru-,

1959 5631 1978 5664 1
2023 5615 2176 5678 Quod
2214 5623 2395 5666 autem
2427 5615 2578 5667 dicit.
2616 5634 2633 5666 1
2673 5615 2846 5668 Editio
2892 5614 3120 5675 Veneta,
3158 5633 3177 5665 1
3217 5616 3316 5680 Qui
3354 5629 3532 5667 autem

1957 5683 2196 5750 diceris;
2237 5703 2255 5736 1
2291 5684 2471 5741 caeteri
2505 5701 2633 5740 vero
2681 5686 2845 5749 editi,
2884 5705 2901 5737 1
2949 5687 3050 5753 Qui
3093 5696 3274 5740 autem
3324 5685 3476 5738 dicis.
3510 5700 3528 5733 i
