3936 6196
387 323 484 374 alii

1803 312 2124 368 (tlilCENlS

3533 308 3656 362 8'92

386 453 598 507 suinpcr
635 440 917 493 :ilisconilit
955 436 1267 490 timentibus
1304 451 1360 490 se
1397 437 1463 488 ³⁸.
1494 436 1770 491 Fortassis
1814 438 1958 490 enim
1989 441 2034 494 Α
2065 443 2232 486 teratu
2266 432 2318 486 in
2343 445 2408 485 eo
2443 429 2688 484 videatur
2713 439 2769 484 et
2794 428 3102 491 aholita,de
3132 429 3237 484 isto
3260 439 3445 499 potest
3473 430 3650 481 videri

389 531 459 578 ob
492 531 591 581 line
625 530 724 580 sibi
760 526 870 598 (ΟΞ)
919 527 1328 594 propensiorem
1365 541 1550 580 curam
1607 542 1706 597 pro
1747 528 1830 580 his
1869 528 1962 596 qui

389 627 618 684 pereunt
650 618 828 669 inesse
862 617 976 682 ipse
1006 616 1263 670 Dominus
1295 618 1346 670 iii
1372 615 1666 687 Evangelio
1699 619 1960 683 ostendit,

386 723 508 760 cuni
557 706 686 760 dicit
735 707 858 775 quia
901 726 919 758 ι
973 709 1120 763 venit
1147 708 1312 763 Filius
1351 710 1586 763 hominis
1630 724 1872 778 quaerere
1911 721 1966 765 et

382 798 595 854 salvare
626 799 765 866 quod
799 799 1034 866 perierat
1063 799 1126 851 ".
1164 818 1182 851 ι
1208 800 1274 853 Et
1303 801 1498 854 iterum
1531 801 1662 855 dicit
1686 802 1730 832 ⁹⁷
1752 818 1765 854 :
1790 820 1810 852 ι
1848 801 1962 854 Non

386 904 505 939 stitit
565 891 762 942 missus
823 891 922 944 nisi
973 892 1038 944 ad
1097 907 1226 946 oves
1273 907 1392 961 quae
1439 893 1723 960 perierunt
1771 893 1964 947 demus

385 979 569 1032 Israel.
611 999 627 1030 ι
668 981 729 1034 Et
776 982 938 1036 David
968 983 1097 1036 dicit
1120 984 1166 1014 ⁸⁸
1203 999 1216 1038 :
1256 1001 1275 1034 ί
1308 983 1496 1037 Erravi
1533 985 1672 1038 sicut
1703 985 1821 1038 ovis
1843 999 1964 1053 pcr-

385 1069 519 1128 dita,
557 1069 771 1150 require
825 1086 1038 1124 servum
1090 1080 1262 1128 tuum.
1295 1091 1316 1125 ι
1350 1073 1454 1127 Sed
1487 1079 1542 1126 et
1585 1072 1638 1126 in
1672 1072 1964 1142 Evangelio

384 1161 499 1211 drai
520 1160 641 1213 lima
670 1161 781 1228 (93)
813 1177 929 1229 quae
973 1164 1226 1232 perierat,
1269 1165 1530 1218 mundata
1562 1166 1722 1220 domo
1750 1167 1961 1220 inveni-

388 1259 478 1301 tur
509 1266 536 1302 a
566 1252 789 1306 muliere
812 1254 889 1316 ’9;
921 1264 974 1306 et
1013 1255 1210 1323 gaudet
1242 1265 1396 1321 pater
1423 1271 1587 1324 super
1619 1256 1727 1309 tilio
1753 1256 1963 1323 iuniore

384 1344 702 1408 plenitente,
735 1345 824 1411 qui
861 1363 878 1394 i
921 1358 1164 1398 mortuus
1201 1347 1396 1410 fuerat,
1429 1357 1482 1399 et
1513 1349 1745 1413 revixit;
1780 1350 1962 1413 perie-

383 1445 488 1496 rat,
514 1445 567 1488 et
591 1437 842 1490 inventus
871 1449 949 1490 est
971 1439 1011 1499 ¹,
1037 1457 1054 1488 i
1083 1439 1256 1506 magis
1277 1454 1436 1506 quain
1466 1453 1628 1506 super
1653 1457 1718 1493 eo
1738 1440 1828 1506 qui
1859 1455 1962 1494 non

384 1525 621 1592 peiicrat
661 1542 757 1580 nec
789 1528 1036 1582 inventus
1071 1540 1152 1581 est
1176 1529 1309 1596 (94).
1344 1530 1442 1594 Qui
1471 1530 1656 1596 junior
1691 1530 1852 1592 filius,
1907 1541 1966 1584 ut

383 1629 482 1684 ego
537 1617 794 1681 arbitror,
837 1618 1003 1670 etiam
1055 1618 1223 1686 ipsam
1261 1618 1560 1672 naturalem
1607 1618 1718 1685 jam
1755 1620 1966 1688 fugerat

382 1704 552 1772 legent
591 1707 703 1776 (95)
740 1723 753 1758 :
789 1709 892 1762 hoc
923 1710 1064 1761 enim
1107 1710 1322 1763 videtur
1359 1710 1586 1764 indicari
1613 1711 1665 1763 in
1713 1726 1777 1764 eo
1819 1713 1964 1780 quod

2068 527 2268 579 dictum
2299 525 2438 591 quod
2477 525 2594 577 sine
2621 523 2737 592 lege
2771 531 2984 591 pereat;
3021 522 3350 588 jiialicandus
3385 536 3520 573 vero
3552 537 3654 588 per

2067 615 2232 682 legem
2262 615 2474 668 dicatur
2506 613 2553 666 is
2581 614 2670 681 qui
2701 613 2802 667 sub
2832 613 2946 679 lege
2992 613 3139 676 vivit,
3169 612 3292 680 quia
3320 622 3375 666 et
3412 613 3658 679 Aposto-

2067 704 2148 757 lus
2179 704 2223 735 ¹⁰
2250 714 2586 758 coiitestatur
2632 717 2846 757 onmem
2875 704 3356 758 circuiiicideiitem
3386 717 3472 766 se,
3503 705 3658 771 qun-il

2067 797 2278 851 debitor
2301 797 2371 851 sit
2396 797 2662 850 universae
2692 797 2828 867 legis
2860 797 3134 850 faciendas.

2134 887 2188 942 9.
2238 907 2257 940 ‹
2301 889 2432 942 Cum
2467 889 2612 941 enim
2664 898 2852 957 gentes
2878 902 2998 956 qua:
3054 887 3223 955 legem
3260 902 3370 939 non
3418 886 3656 946 habent,

2067 976 2388 1029 naturaliter
2417 991 2536 1045 quae
2577 976 2714 1045 legis
2764 986 2892 1030 sunt
2938 976 3161 1042 faciunt,
3201 977 3251 1030 lii
3305 975 3424 1044 (98)
3476 976 3656 1040 legem

2066 1083 2170 1121 non
2232 1069 2513 1132 habentes,
2568 1069 2666 1138 ipsi
2716 1069 2819 1124 sibi
2856 1078 2980 1122 sunt
3029 1069 3110 1122 lex
3146 1084 3161 1119 :
3201 1071 3294 1138 qui
3347 1070 3657 1122 ostendunt

2064 1171 2201 1225 opus
2234 1156 2368 1226 legis
2399 1159 2660 1226 scriptum
2716 1158 2767 1211 in
2812 1159 3066 1213 cordibus
3099 1160 3234 1221 suis,
3268 1159 3652 1213 testimoni-ir-

2069 1248 2323 1301 reddeute
2351 1248 2430 1302 eis
2463 1249 2813 1313 conscientia,
2848 1259 2903 1303 et
2946 1249 3085 1302 inter
3123 1249 3288 1320 586
3315 1265 3376 1302 se
3413 1251 3652 1302 illViCt'lll

2066 1339 2495 1404 cogitationibus
2529 1338 2931 1403 accusantibus,
2972 1351 3066 1391 aut
3102 1343 3261 1392 etiam
3295 1338 3654 1392 defeiideati-

2065 1430 2166 1484 bus
2189 1430 2326 1499 (99),
2361 1431 2414 1482 in
2468 1431 2554 1484 die
2580 1446 2704 1483 cum
2745 1428 3011 1497 judicabit
3039 1430 3178 1484 Deus
3217 1431 3437 1484 occulta
3474 1431 3650 1483 homi-

2068 1523 2526 1585 num,secundiiiii
2551 1521 2898 1590 Evangelium
2931 1537 3128 1584 meum,
3155 1539 3252 1593 per
3273 1520 3470 1577 Iesum
3495 1523 3605 1576 Chr
3625 1551 3650 1564 ο

2067 1622 2212 1666 stum
2242 1614 2307 1669 “.
2342 1631 2362 1666 ο
2395 1613 2615 1668 Certum
2653 1625 2738 1669 est
2769 1613 2910 1684 quod
2943 1625 3128 1683 gentes
3172 1629 3291 1683 qua:
3325 1615 3507 1682 legem
3541 1629 3646 1666 νυνι

2069 1705 2304 1770 habent,
2341 1705 2661 1760 naturaliter
2691 1721 2810 1776 quae
2837 1706 2970 1775 legis
3017 1715 3142 1761 sunt
3175 1707 3361 1760 facere
3409 1721 3522 1758 non
3555 1721 3648 1772 pro

381 1799 717 1865 consumpsit
751 1808 958 1868 partem
1010 1810 1248 1869 paternae
1299 1800 1614 1855 substantiae
1662 1817 1784 1870 qua:
1835 1817 1959 1858 eum
1994 1787 2035 1842 Β
2065 1795 2318 1850 Sabbatis
2349 1797 2432 1851 vel
2467 1796 2778 1852 Neomeniis
2811 1799 3080 1862 dicantur,
3108 1797 3188 1850 vel
3211 1795 3512 1851 sacriﬁciis
3535 1812 3650 1864 qva:

386 1891 758 1958 contingebat,
789 1893 1022 1945 vivendo
1051 1892 1348 1948 luxuriose.
1387 1892 1491 1946 Sed
1517 1902 1572 1946 et
1599 1893 1650 1947 in
1680 1893 1964 1950 Ezechiele

381 1980 642 2046 preplieta
682 1981 702 2011 ¹
737 1981 1046 2044 pastoribus
1108 1981 1413 2050 imputatur
1437 2021 1452 2045 ,
1505 1983 1647 2051 quod
1685 1984 1961 2038 intirmum

383 2085 486 2122 non
521 2069 986 2140 colligaveriut,et
1016 2074 1159 2141 quod
1190 2074 1426 2141 perierat
1474 2090 1578 2127 non
1607 2075 1958 2143 quaesierint;

380 2167 436 2211 et
471 2168 588 2228 post
618 2175 784 2227 pauca
811 2160 925 2229 ipse
951 2161 1206 2217 Dominus
1230 2163 1358 2216 dicit
1390 2181 1442 2216 ει
1477 2163 1542 2218 Et
1569 2165 1711 2232 quod
1741 2165 1954 2234 periit,»

382 2249 581 2317 inquit,
617 2268 634 2300 ι
673 2267 772 2320 ego
807 2252 1077 2321 requiram
1109 2252 1151 2306 ³.
1193 2271 1212 2304 ι
1251 2251 1628 2308 Verumtamen
1671 2253 1964 2310 observan-

378 2341 508 2394 dum
532 2348 616 2394 est
651 2341 880 2410 quodin
938 2343 1021 2396 his
1073 2342 1326 2398 omnibus
1368 2359 1632 2413 nusquam
1687 2345 1828 2400 Deus
1856 2346 1960 2400 ali-

380 2447 540 2501 quem
567 2433 766 2488 dieitur
795 2435 1120 2504 perdidisse,
1147 2435 1243 2490 sed
1269 2437 1638 2506 unusquisque
1668 2453 1734 2494 ex
1759 2454 1818 2494 se
1846 2439 1959 2508 pati

381 2523 485 2576 hoc
507 2524 651 2592 quod
687 2524 850 2591 perit,
898 2532 956 2577 ut
988 2524 1040 2578 in
1089 2524 1192 2579 hoc
1233 2525 1350 2594 ipso
1379 2524 1500 2579 ait:
1539 2544 1560 2578 ι
1594 2525 1723 2580 Sine
1757 2527 1876 2599 lege
1903 2536 1960 2582 et

378 2613 624 2679 peribunt
651 2631 666 2677 ;
691 2631 709 2665 ι
739 2624 824 2668 et:
865 2613 1058 2670 «Venit
1084 2613 1254 2670 Filius
1281 2615 1517 2672 hominis
1541 2633 1783 2687 quaerere
1813 2619 1958 2689 quod

379 2704 689 2771 perierat‘,
741 2725 759 2759 ι
797 2721 904 2762 non
962 2710 1108 2776 quod
1155 2709 1466 2778 perdiderat
1499 2726 1514 2764 :
1552 2719 1608 2764 et
1652 2728 1672 2762 i
1707 2711 1774 2766 ad
1825 2726 1958 2767 oves

379 2796 620 2864 perditas
671 2797 862 2852 donius
905 2797 1164 2865 lsrael’,»
1205 2814 1312 2856 non
1346 2814 1481 2870 quas
1524 2801 1856 2871 perdiderat.
1891 2803 1958 2858 Et

375 2901 499 2939 cum
527 2887 642 2956 ipse
666 2887 926 2943 Dominus
955 2889 1090 2946 dicit
1124 2905 1140 2939 ε
1176 2909 1196 2944 r
1231 2889 1454 2952 Omnes.
1491 2911 1511 2944 ι
1545 2893 1743 2963 inquit,
1771 2910 1792 2945 ι
1819 2908 1958 2964 quos

377 2979 576 3033 dedisti
619 2981 775 3045 mihi,
809 2982 1053 3048 servavi,
1103 2992 1159 3040 et
1204 2983 1384 3038 nullus
1414 2999 1481 3038 ex
1524 2986 1606 3040 eis
1629 2986 1793 3056 periit
1820 2987 1841 3019 ⁶
1873 3002 1889 3051 ;
1928 3003 1949 3039 ι

375 3082 483 3122 non
509 3068 644 3124 dixit
669 3087 682 3123 :
707 3069 920 3126 Nullum
950 3085 1018 3127 ex
1049 3072 1115 3127 iis
1147 3074 1380 3143 perdidi.
1416 3072 1562 3129 Sane
1601 3075 1773 3131 sicubi
1810 3076 1953 3131 Deus

375 3158 603 3228 perdere
628 3161 851 3228 dicitur,
881 3177 980 3231 pro
1023 3165 1314 3232 reprobare
1343 3164 1456 3236 (96)
1493 3167 1665 3239 magis
1709 3168 1953 3224 invenies

373 3248 606 3316 dictum,
639 3249 784 3304 sicut
807 3266 931 3305 cum
960 3251 1092 3307 dicit
1124 3273 1136 3308 :
1170 3271 1188 3305 i
1223 3251 1450 3308 Perdain
1500 3256 1824 3324 sapientiam
1871 3271 1959 3312 sa-

375 3337 667 3410 pientium,
695 3350 752 3395 et
790 3340 1126 3398 intellectum
1158 3343 1507 3414 prudentium
1543 3347 1902 3416 rcprobaho'.
1932 3365 1952 3401 ι

373 3431 529 3498 Quod
575 3442 759 3489 autem
803 3433 955 3499 dicit,
995 3434 1124 3506 quia
1155 3453 1175 3488 i
1215 3445 1483 3506 quotquot
1515 3437 1570 3492 in
1611 3437 1730 3508 lege
1764 3452 1960 3510 pecca-

374 3532 589 3588 verunt,
615 3540 712 3594 per
757 3524 928 3594 legem
965 3524 1376 3594 iudicabuntur,
1417 3546 1438 3581 ι
1475 3528 1688 3584 intuere
1711 3545 1781 3586 ne
1818 3527 1962 3588 forte

375 3618 670 3674 secundum
695 3617 964 3676 vindictas
987 3623 1103 3685 tias,
1129 3635 1250 3691 quae
1279 3622 1333 3677 in
1347 3621 1490 3693 Lege
1518 3622 1736 3692 scripta:
1761 3622 1958 3689 sunt‘,

376 3709 573 3775 quibus
601 3712 900 3778 agebantur
923 3709 1152 3779 judicia,
1180 3713 1268 3769 ubi
1298 3712 1549 3782 lapidari,
1586 3711 1670 3768 vel
1701 3711 1755 3768 in
1781 3713 1960 3782 ignem

379 3801 638 3865 tradi,vet
670 3804 948 3858 civitatem
983 3801 1176 3874 refugii
1205 3805 1376 3870 adire,
1394 3801 1482 3858 vel
1513 3802 1622 3858 alia
1644 3801 1958 3872 huiusmodi

379 3892 489 3958 pati
507 3890 830 3958 iubeantur:
852 3893 923 3947 ita
955 3891 1028 3946 sit
1049 3903 1102 3948 et
1112 3893 1380 3964 judicium
1397 3893 1674 3950 futurum:
1700 3897 1957 3965 quoniam

375 3980 591 4045 quidem
609 3990 812 4049 typo,et
825 3980 1028 4037 umbrae
1043 3983 1346 4039 cmlestium
1357 3985 1635 4040 deservire
1647 3981 1669 4012 ’
1703 3985 1962 4042 dicuntur

375 4069 430 4125 lii
445 4071 536 4138 qui
549 4071 649 4123 sub
665 4069 782 4139 lege
796 4081 943 4138 sunt;
958 4088 1023 4127 ne
1037 4073 1175 4130 forte
1191 4076 1351 4130 simili
1368 4079 1601 4146 quadam
1616 4078 1825 4133 ratione
1839 4092 1968 4148 aga-

377 4168 468 4215 tur
481 4160 642 4212 etiam
661 4159 899 4214 futurum
924 4161 1187 4230 judicium
1205 4164 1256 4217 in
1273 4180 1367 4220 eos
1380 4167 1471 4234 qui
1487 4168 1822 4236 praevaricati
1844 4169 1960 4224 fue-

378 4249 483 4302 rint
508 4249 703 4319 legem.
746 4251 880 4306 Cum
922 4267 1050 4320 ergo
1077 4253 1320 4309 diversas
1341 4254 1392 4308 in
1419 4255 1713 4324 Scripturis
1729 4258 1831 4312 dici
1847 4259 1961 4312 cla-

376 4343 547 4398 ruerit
581 4342 744 4411 leges,
780 4345 824 4398 si
855 4345 975 4413 quis
1015 4345 1066 4399 in
1103 4355 1309 4400 tantum
1337 4361 1526 4401 omnes
1557 4347 1653 4402 has
1681 4347 1960 4418 refugerit,

2068 1888 2120 1942 in
2154 1888 2272 1959 lege
2302 1890 2504 1959 scripta
2540 1900 2683 1944 sunt.
2722 1889 2837 1943 Non
2861 1891 3006 1944 enim
3042 1895 3156 1943 lucc
3185 1889 3267 1942 lex
3307 1888 3362 1941 in
3390 1889 3647 1942 cordibus

2065 1981 2304 2048 gentium
2346 1983 2552 2050 scripta
2580 1992 2662 2038 est
2695 1983 2772 2054 (l)
2800 1997 2816 2035 :
2850 1984 2942 2036 sed
2977 1983 3078 2037 hoc
3111 1990 3195 2036 est
3238 1981 3387 2050 quod
3443 1983 3650 2033 sentire

2064 2069 2384 2123 naturaliter
2412 2081 2636 2140 possunt
2670 2087 2684 2125 :
2719 2073 2868 2127 verbi
2912 2073 3107 2140 gratia,
3161 2087 3228 2125 ne
3253 2070 3648 2132 homicidium,

2063 2177 2132 2216 ne
2158 2160 2484 2216 adulterium
2514 2163 2734 2226 faciant,
2771 2179 2838 2220 ne
2869 2164 3139 2229 furentur,
3175 2178 3241 2217 ne
3261 2161 3466 2214 falsum
3497 2164 3654 2214 test-

2064 2253 2306 2308 monium
2334 2254 2515 2308 dicant
2545 2269 2560 2319 ;
2591 2265 2650 2309 ut
2683 2256 2950 2311 honorent
2973 2265 3178 2321 patrem
3211 2262 3265 2308 et
3314 2264 3577 2314 matrem,
3593 2261 3650 2304 et

2063 2343 2256 2396 horum
2284 2343 2502 2398 similia.
2527 2342 2795 2400 Fortassis
2824 2354 2879 2398 et
2905 2346 3046 2414 quod
3085 2345 3224 2399 Deus
3253 2359 3392 2397 unus
3423 2354 3650 2397 creator

2061 2433 2134 2488 sit
2170 2434 2436 2502 omnium,
2471 2435 2733 2506 scriptum
2769 2443 2855 2492 est
2893 2437 2943 2490 in
2964 2437 3216 2490 cordibus
3242 2437 3514 2503 gentium.
3539 2434 3654 2487 lla-

2059 2523 2144 2592 gis
2179 2534 2358 2579 tamen
2391 2523 2525 2580 mihi
2550 2525 2798 2582 videntur
2825 2527 2957 2588 lucc,
2991 2541 3110 2596 qua:
3145 2526 3196 2579 in
3231 2527 3400 2580 corde
3443 2527 3649 2589 scripi:

2059 2616 2334 2682 dicuntur,
2380 2631 2504 2671 cum
2561 2617 2888 2688 evangelicis
2935 2618 3142 2688 legibus
3189 2619 3512 2679 convenire,
3554 2615 3650 2667 ubi

2058 2717 2252 2763 cuncta
2295 2708 2362 2763 ad
2408 2709 2712 2765 naturalem
2769 2709 3080 2764 referuntur
3127 2709 3464 2776 equitatem.
3505 2706 3648 2772 Quid

2057 2801 2203 2856 enim
2245 2801 2320 2856 ita
2351 2802 2689 2858 naturalibus
2717 2802 2966 2859 sensibus
3000 2802 3334 2871 proximum,
3362 2815 3530 2869 quam
3581 2808 3648 2850 ut

2055 2906 2178 2961 qua:
2201 2891 2390 2947 nolunt
2404 2893 2509 2948 sibi
2535 2892 2652 2947 fieri
2670 2893 2937 2957 homines,
2965 2894 3078 2947 haec
3106 2908 3173 2946 ne
3193 2891 3398 2946 faciant
3419 2890 3544 2945 aliis
3563 2890 3654 2942 “Y

2054 2981 2186 3054 Legi
2207 2997 2340 3039 vero
2367 2982 2535 3055 Moysi
2570 2984 2904 3039 concordare
2923 2983 3010 3039 lex
3047 2982 3309 3038 naturalis
3331 2983 3644 3036 secundum

2055 3074 2326 3143 spiritum,
2354 3090 2461 3130 non
2507 3075 2805 3130 secundum
2850 3075 3088 3130 litteram
3119 3083 3314 3144 potest.
3342 3073 3483 3127 Nam
3519 3088 3644 3142 qua:

2055 3164 2162 3221 erit
2194 3164 2247 3219 in
2287 3164 2389 3222 hoc
2427 3164 2784 3236 intelligentia
2825 3161 3123 3226 naturalis,
3153 3163 3300 3218 verbi
3348 3162 3549 3232 gratia,
3583 3171 3644 3213 ut

2054 3265 2245 3312 octava
2279 3256 2368 3312 die
2394 3257 2518 3327 quis
2548 3255 2906 3312 circumcidat
2939 3254 3225 3321 infantem,
3246 3265 3341 3307 aut
3365 3271 3493 3306 cuni
3527 3254 3642 3306 lino

2055 3348 2220 3404 simul
2251 3364 2320 3404 ne
2345 3348 2467 3402 lana
2502 3358 2737 3418 texatur,
2768 3347 2853 3404 vel
2876 3364 2943 3404 ne
2973 3349 3094 3418 quis
3125 3349 3179 3404 in
3226 3347 3314 3402 die
3361 3345 3638 3401 Novoriiai

2056 3437 2439 3496 fermentatum
2483 3438 2688 3509 aliquid
2731 3439 2859 3494 edat
2885 3439 2928 3472 "
2955 3439 2980 3494 ‘l
3007 3439 3139 3506 Quae
3187 3455 3310 3494 cum
3345 3437 3645 3508 aliquoties

2054 3530 2440 3599 objecissemus
2470 3526 2696 3594 Iudaeis,
2739 3538 2796 3584 et
2821 3529 3162 3600 exigereinus
3191 3529 3268 3600 (2)
3315 3539 3377 3584 ut
3423 3532 3471 3582 si
3511 3529 3639 3596 quid

2059 3620 2113 3675 in
2152 3620 2238 3674 liis
2258 3619 2508 3676 utilitatis
2534 3629 2701 3684 esset,
2729 3620 3104 3682 ostenderent,
3145 3621 3355 3674 Scimus
3385 3633 3482 3671 eos
3537 3621 3642 3670 hoc

2057 3711 2235 3766 solum
2293 3710 2620 3782 respondere
2647 3710 2864 3776 solitos,
2913 3711 3038 3779 quia
3071 3711 3141 3764 ita
3168 3711 3341 3764 visum
3369 3712 3443 3764 sit
3484 3711 3642 3778 legis-

2057 3802 2240 3858 latori.
2267 3801 2378 3857 Nos
2400 3816 2529 3857 vero
2552 3803 2644 3872 qui
2674 3802 2788 3857 haec
2809 3803 2991 3856 omnia
3039 3802 3404 3869 spiritualitcr
3439 3803 3640 3856 intelli-

2058 3895 2228 3964 genda
2266 3893 2555 3960 sentimus,
2597 3892 2802 3948 idcirco
2844 3903 2899 3947 et
2947 3909 3052 3948 non
3097 3895 3401 3960 auditores,
3426 3897 3528 3948 sed
3559 3895 3640 3946 fa-

2060 3997 2240 4042 ctores
2290 3984 2426 4054 legis
2476 3983 2853 4053 iustificandos
2891 3984 2936 4016 ³⁸
2977 3985 3290 4049 credimus,
3341 4000 3451 4040 non
3507 3986 3640 4055 legis

2059 4078 2360 4132 secundum
2410 4077 2670 4142 litteram,
2704 4092 2826 4146 quas
2855 4077 3038 4147 utique
3081 4093 3178 4147 pro
3210 4079 3294 4132 sui
3333 4077 3642 4146 impossibi-

2061 4166 2212 4222 litate
2258 4181 2362 4221 nou
2395 4176 2574 4236 potest
2622 4168 2823 4222 habere
2873 4167 3157 4229 factorem,
3210 4169 3306 4222 sed
3338 4172 3639 4222 Secundum

2062 4257 2333 4323 spiritum,
2363 4271 2459 4326 per
2489 4273 2647 4326 quem
2671 4257 3008 4312 solummodo
3038 4257 3245 4326 impleri
3281 4257 3368 4311 lex
3415 4269 3636 4326 potem.

2064 4345 2176 4402 Hoc
2194 4358 2276 4402 est
2301 4363 2432 4419 ergo
2453 4364 2586 4419 opus
2609 4348 2765 4417 legis,
2790 4348 2929 4416 quod
2953 4349 3118 4401 etiam
3164 4357 3355 4417 gentes
3405 4349 3613 4417 Aposio

377 4441 434 4482 iit
466 4433 626 4486 etiam
665 4435 926 4489 naturalis
955 4438 1068 4505 ipsa
1104 4437 1208 4500 lex,
1237 4437 1498 4505 quicuulli
1530 4437 1640 4491 fere
1663 4439 1808 4493 deest
1824 4441 1957 4511 (97),
1994 4459 2035 4513 ο
2067 4439 2147 4494 lus
2175 4441 2304 4493 dicit
2335 4440 2559 4508 implere
2584 4440 2902 4493 naturaliter
2927 4452 3102 4506 posse.
3130 4438 3264 4490 Cum
3289 4437 3436 4489 enim
3471 4449 3640 4506 agunt

375 4525 456 4575 \‘ci
483 4539 577 4591 per
604 4527 879 4590 duritiam,
908 4527 989 4582 vel
1012 4543 1108 4597 per
1137 4529 1550 4584 crassitudinem
1597 4531 1778 4585 cordis
1819 4533 1958 4587 obli-

441 4661 652 4751 :‘-Ps:il.
684 4665 920 4751 xxx,‘29.
992 4666 1452 4751 fflhiic._§ix,}9.
1529 4669 1572 4699 ⁹⁷
1598 4668 1787 4751 Matth.
1821 4671 2023 4751 ηδ’-μ.

372 4732 394 4766 ¹
421 4730 613 4786 Ezech.
642 4749 826 4796 xxxiv,
860 4737 913 4790 4.
991 4737 1164 4790 8ibid.
1195 4738 1279 4791 16.
1359 4738 1380 4768 ⁸
1409 4737 1656 4798 ιιιιίπικ.
1697 4741 1781 4794 10.
1858 4730 2106 4796 "Matth.
2137 4757 2220 4798 xv.
2250 4743 2340 4796 25.
2412 4730 2750 4801 “Joan.xvii,
2775 4739 2854 4791 l2.
2929 4739 2947 4767 ⁷
2989 4737 3004 4788 ι
3032 4737 3158 4790 Cor.
3186 4751 3223 4798 i,
3247 4735 3330 4790 {9.
3407 4738 3429 4766 ⁸
3460 4737 3634 4789 Exod.

377 4817 658 4878 F’f'ifx‘l:
735 4809 755 4837 ⁹
785 4805 1081 4878 "Chr-3"".
1105 4807 1157 4878 5-
1192 4877 1201 4878 ί
1235 4807 1278 4837 ¹⁰
1313 4807 1489 4862 Galat-
1533 4823 1585 4871 ν,
1613 4809 1666 4864 3.
1745 4812 1785 4844 “
1815 4811 2253 4878 Roin.ii,M-i(i.
2335 4814 2379 4846 ¹²
2407 4810 2542 4867 Τοι).
2577 4826 2648 4874 iv,
2682 4808 2765 4863 16.
2841 4808 2881 4839 ⁸³
2912 4808 3088 4863 Levit.
3111 4809 3284 4877 \ii,3;
3307 4807 3460 4858 Deut.
3497 4823 3634 4870 sur,

377 4817 488 4863 XXI,
527 4818 658 4858 xxii.
735 4809 755 4837 ν
785 4805 1081 4869 llohr.viit,
1105 4807 1157 4859 5.
1235 4807 1278 4837 ¹⁰
1313 4807 1489 4862 Galat.
1533 4823 1585 4871 v,
1613 4809 1666 4864 3.

378 4871 473 4932 il;
508 4873 675 4926 Exod.
706 4883 802 4936 χιι,
825 4876 910 4938 15,
948 4876 1034 4930 19.
1119 4877 1159 4907 ⁸⁸
1188 4877 1342 4930 Ruiii.
1375 4893 1435 4936 ll.
1471 4878 1556 4932 15.

466 4987 557 5051 92)
601 5005 620 5039 i
655 4987 790 5042 Sibi.
832 5007 850 5040 ›
883 4989 936 5042 ln
968 4989 1128 5044 editis
1168 4991 1454 5045 omittitur.

469 5059 558 5125 95)
604 5058 695 5112 Sic
727 5074 826 5112 ms.
865 5059 1064 5129 Regius
1097 5075 1242 5114 nuni.
1277 5063 1412 5116 1639
1438 5073 1490 5115 et
1529 5062 1806 5115 Bahanus.
1832 5060 1947 5116 Ca:-

370 5129 473 5182 teri
511 5142 639 5181 vero
680 5143 810 5180 mss.
858 5139 913 5182 et
959 5130 1107 5191 editi,
1147 5148 1164 5180 i
1202 5147 1322 5182 mna
1362 5150 1380 5181 ι
1425 5147 1522 5194 pro
1550 5151 1568 5182 ε
1608 5133 1882 5185 drachma.
1923 5149 1942 5182 ι

453 5197 565 5267 (Ol)
599 5215 616 5248 i
649 5197 829 5270 Magis
838 5213 1005 5270 quam
1033 5214 1196 5268 super
1215 5215 1280 5254 eo
1300 5201 1391 5268 qui
1429 5217 1534 5254 non
1554 5201 1808 5270 perierat,
1846 5215 1946 5254 nec

372 5269 626 5323 inventus
648 5278 750 5323 est.
769 5288 788 5319 ο
813 5267 936 5322 Haec
969 5269 1020 5322 in
1052 5267 1208 5323 antea
1222 5267 1382 5324 editis
1411 5267 1865 5329 ilcsiderantur.et
1892 5271 1942 5324 in

374 5340 648 5406 plerisque
693 5354 824 5392 mss.
860 5354 1066 5393 necnon
1115 5339 1255 5408 apud
1311 5340 1590 5406 ltabanuiu
1612 5383 1626 5406 ,
1661 5343 1754 5396 sed
1784 5341 1942 5395 resti-

377 5419 600 5458 tuuntur
631 5423 696 5461 ex
734 5410 944 5463 duobus
987 5425 1114 5464 mss.

416 5478 558 5558 .(95)
599 5481 687 5536 Sic
724 5483 892 5558 codex
931 5483 1296 5558 Vallis-Clarae
1331 5494 1388 5539 et
1436 5484 1544 5539 duo
1583 5485 1754 5558 Regii.
1798 5489 1951 5546 Salo-

375 5549 570 5626 di_:_iiius
607 5567 706 5626 pro
751 5572 768 5603 ‹
815 5553 1024 5626 fugerat
1055 5573 1087 5626 AD
1131 5555 1258 5625 legit
1303 5574 1320 5606 ‹
1350 5549 1722 5626 suggeratfi
1766 5563 1948 5615 ωηατ-ἰ

375 5619 524 5690 editi,
562 5639 578 5668 ι
619 5619 928 5690 Τι’(θεριοίιιῖι
957 5623 1134 5677 Codex
1178 5619 1303 5678 vero
1343 5619 1688 5681 Eliriiiceiisis
1728 5639 1782 5684 ct
1808 5648 1949 5685 unus

375 5687 595 5764 Regius,
645 5710 662 5740 i
707 5687 873 5764 etiam
909 5691 1076 5759 ipsam
1110 5695 1406 5764 naturalem
1433 5695 1542 5762 jam
1577 5697 1804 5764 adeptus
1835 5701 1948 5755 fite.

377 5768 456 5812 rut
495 5761 682 5830 legem.
727 5779 742 5807 ιι
780 5759 1051 5825 liabanus,
1089 5781 1103 5811 ς
1143 5763 1302 5816 etiam
1350 5759 1462 5830 ipse
1511 5759 1807 5821 secundum
1851 5787 1948 5824 na-

2065 4548 2183 4605 qua:
2213 4532 2350 4602 legis
2385 4543 2532 4596 sunt,
2566 4550 2583 4582 i
2627 4531 2828 4600 scripta
2863 4549 2880 4580 ι
2920 4528 3130 4582 iidetur
3171 4527 3253 4581 lex
3289 4528 3348 4586 in
3375 4529 3636 4582 cordibus

2767 4669 2811 4700 ”
2842 4667 2970 4721 Luc.
3003 4681 3100 4728 xv,
3149 4666 3203 4720 8.
3312 4666 3328 4696 ¹
3369 4665 3502 4719 ibid.
3541 4668 3632 4722 ξι,

2100 4673 2145 4706 ’⁸
2177 4671 2530 4733 Pszil.cxvnl,
2565 4669 2686 4724 176.
2767 4669 2811 4700 ⁹⁹
2842 4669 2970 4721 Luc.
3003 4681 3100 4728 xv,
3149 4669 3203 4720 8.
3312 4669 3328 4696 ¹
3369 4669 3502 4719 ibid.
3541 4669 3608 4720 2i

2100 4779 2106 4790 .
2137 4757 2219 4790 xv.
2250 4743 2340 4790 25-
2412 4741 2750 4790 “JnanJvn.
2775 4739 2854 4790 12.
2929 4739 2947 4767 ⁷
2989 4737 3004 4788 I
3032 4737 3158 4790 Cor.
3186 4751 3223 4790 t.
3247 4735 3330 4790 l9.
3407 4738 3429 4766 ⁸
3460 4737 3610 4789 Exod

2063 4984 2287 5037 turalem
2327 4983 2433 5049 iam
2474 4981 2648 5034 fuerat
2685 4979 2874 5048 legem.
2914 4995 2931 5027 ι

2127 5057 2238 5128 (96)
2281 5059 2355 5110 Ita
2394 5057 2680 5128 ltabaiius,
2733 5057 2876 5126 quod
2939 5066 3138 5111 rectius
3193 5055 3411 5128 videtur
3466 5073 3632 5125 quam

2060 5145 2078 5177 α
2114 5126 2226 5196 pro
2251 5129 2411 5188 bono,
2448 5146 2466 5177 ι
2500 5138 2557 5179 ut
2592 5127 2770 5181 ferunt
2798 5142 2986 5179 omnes
3019 5141 3146 5178 mss.
3193 5126 3360 5178 nostri
3395 5138 3447 5180 et
3475 5133 3630 5183 editi.

2123 5197 2235 5264 (97)
2274 5196 2446 5260 Alias,
2476 5213 2495 5247 ‹
2535 5197 2731 5258 defert,
2769 5216 2786 5246 ι
2825 5198 2986 5248 male.

2051 5335 2063 5348 .
2123 5268 2236 5336 (98)
2278 5267 2440 5330 Editi,
2466 5285 2482 5317 ι
2524 5266 2826 5334 ejusmodi;
2860 5283 2880 5317 ι
2907 5278 2958 5318 et
3004 5274 3205 5332 postea,
3242 5282 3261 5314 ι
3292 5268 3630 5322 conscientia

2051 5353 2310 5406 ipsorum.
2356 5355 2374 5388 ι

2119 5407 2236 5488 (99)
2278 5406 2440 5486 Eiliti,
2460 5424 2477 5455 ι
2501 5405 2886 5474 cogitationum
2911 5403 3310 5468 accusantium,
3346 5407 3628 5460 autetiam

2049 5477 2470 5531 delcndciitiuni.
2509 5495 2526 5526 ι

2120 5546 2194 5616 (1)
2237 5547 2330 5600 Sic
2363 5558 2506 5599 recte
2543 5562 2670 5600 mss.
2693 5547 2796 5599 duo
2825 5544 3204 5614 chii.Cieteri
3239 5560 3364 5602 vero
3388 5555 3444 5600 et
3467 5546 3628 5612 editi,

2053 5634 2073 5668 ι
2119 5619 2318 5670 dicitur
2347 5617 2564 5683 scripta.
2587 5635 2604 5667 ι

2121 5686 2198 5756 (9.)
2229 5687 2301 5740 lla
2338 5704 2462 5740 mss.
2497 5685 2634 5738 Editi
2671 5701 2817 5746 vero,
2853 5686 2920 5738 al.
2957 5701 3363 5757 iui'gcrciiius,i
3397 5685 3469 5738 al.
3508 5702 3528 5736 ι
3553 5687 3634 5740 iii-

2052 5760 2415 5828 gei'enius,ial
2455 5775 2472 5808 ι
2507 5759 2899 5826 ingci'crcinus.
2937 5776 2952 5807 ι
