3974 6206
301 271 412 328 893

297 399 490 440 eorum
539 397 570 438 a
605 384 740 449 Deo,
783 399 804 435 ι
861 396 967 437 non
1018 389 1346 446 atramento,
1384 383 1479 436 sed
1540 381 1744 450 Spiritu
1791 381 1882 433 Dei
1916 382 1960 437 A

296 476 410 528 vivi
447 476 506 529 ³³.
546 495 565 527 ι
595 475 748 541 Quod
799 484 980 530 autem
1031 475 1184 540 dicit,
1221 491 1240 526 ι
1291 476 1344 529 in
1377 475 1668 540 cordibus,
1708 493 1727 528 ι
1775 491 1879 528 non

297 576 387 622 est
418 567 711 636 putandum
763 566 888 635 quia
926 567 978 620 in
1012 565 1255 620 membro
1283 567 1550 635 corporis,
1596 567 1738 635 quod
1789 583 1884 619 cor

297 659 644 730 appellatur,
688 659 773 712 lex
822 660 1024 728 scripta
1072 657 1310 714 dicatur.
1354 657 1508 713 Unde
1557 661 1701 715 enim
1751 676 1882 713 caro

296 762 396 805 aut
433 762 611 806 tantus
665 751 966 821 prudentia:
1013 766 1206 806 sensus
1254 753 1424 821 possit
1472 753 1745 816 emittere,
1787 763 1883 805 aut

299 854 456 897 tanta
509 843 786 897 memoria:
861 843 1201 913 receptacula
1263 845 1544 898 continere
1599 845 1675 914 (5)
1719 844 1881 899 ?Scd

296 935 581 989 sciendum
613 945 696 988 est
742 933 1057 989 rationalem
1093 936 1287 989 animae
1335 937 1591 989 virtutem
1644 951 1740 990 cor
1789 952 1879 989 so-

297 1027 414 1081 lere
440 1027 735 1081 nominari.
769 1031 951 1098 Atque
986 1028 1062 1099 (4)
1091 1029 1399 1084 testimonio
1423 1045 1567 1084 sana:
1599 1030 1882 1084 conscien-

295 1117 388 1169 the
437 1118 512 1169 uti
564 1117 855 1186 Apostolus
907 1119 1043 1172 dicit
1080 1134 1196 1185 eos,
1224 1119 1315 1188 qui
1349 1119 1679 1188 descriptam
1709 1120 1882 1173 conti-

292 1217 428 1261 nent
459 1209 514 1261 in
538 1208 798 1264 cordibus
839 1209 1038 1278 legem.
1079 1209 1237 1264 Unde
1275 1210 1640 1264 necessarium
1671 1210 1883 1264 videtur

292 1300 593 1366 discutere,
627 1301 757 1370 quid
785 1301 926 1357 istud
953 1302 1026 1356 sit
1054 1301 1198 1372 quod
1226 1303 1611 1357 conscientiam
1651 1304 1883 1373 Aposto-

292 1391 380 1446 lus
405 1403 567 1448 vocat
593 1411 608 1448 :
640 1403 891 1449 utrumne
913 1393 1017 1448 alia
1053 1395 1124 1450 sit
1151 1394 1331 1466 aliqua
1362 1393 1686 1460 substantia,
1717 1410 1880 1464 qualn

291 1500 414 1550 cor,
458 1485 544 1540 vel
573 1487 776 1540 anima.
817 1487 943 1542 Haec
995 1489 1142 1543 enim
1187 1490 1521 1543 conscientia
1561 1488 1639 1558 (ὅ)
1671 1498 1726 1542 et
1753 1487 1879 1542 alibi

291 1577 524 1645 dicitur,
543 1578 671 1646 quia
697 1580 1078 1649 reprehendat,
1104 1596 1210 1634 non
1235 1580 1682 1648 reprehendatur,
1713 1588 1767 1634 et
1791 1579 1881 1648 ju-

287 1669 442 1724 dicet
484 1670 786 1736 hominem,
811 1685 916 1724 non
962 1670 1078 1739 ipsa
1107 1670 1403 1741 judicetur,
1443 1670 1584 1725 sicut
1615 1670 1692 1723 ait
1718 1667 1879 1723 Joan~

1255 260 1613 320 COMMI‘INT.
1656 258 1724 314 IN
1767 257 1984 314 EPIST.
2027 259 2116 314 AD
2157 257 2324 314 ROM.
2362 257 2488 312 LIB.
2528 256 2589 310 ιι.

3459 254 3561 309 83:5

2063 380 2146 433 l0.
2191 377 2343 431 Nunc
2374 377 2652 430 videmnus
2675 373 2816 442 quod
2847 373 3091 442 sequitur
3117 387 3130 423 :
3172 388 3191 420 ι
3240 369 3306 423 Et
3335 369 3473 423 ittter
3504 388 3562 424 se

1989 471 2217 525 invicem
2260 466 2680 536 cogitationibus
2704 465 3109 527 accusantibus,
3144 472 3238 516 aut
3271 463 3434 515 etiam
3468 463 3564 514 de-

1987 560 2327 616 fendentihus
2353 561 2405 612 in
2429 559 2535 621 die,
2565 557 2967 626 cumjudicabit
2991 556 3130 607 Deus
3157 554 3360 606 osculta
3393 554 3565 606 homi-

1986 669 2110 706 num
2142 653 2434 706 secundmu
2468 649 2812 718 Evangelium
2847 663 3044 709 meum,
3066 660 3160 714 per
3187 643 3372 698 Jesum
3407 644 3566 698 Chri—

1984 747 2122 793 stum
2148 740 2212 794 “.
2253 759 2270 790 ι
2313 739 2534 792 lit-ctum
2583 737 2844 806 judicium
2893 734 2983 788 Dei
3026 750 3145 788 esse
3175 735 3298 802 quis
3329 735 3561 796 dubitet,

1985 831 2072 884 ubi
2124 840 2471 883 accusatores
2499 869 2512 892 ,
2548 840 2603 882 et
2648 827 2963 881 defensores
3011 827 3338 878 adhibentur
3374 834 3428 876 et
3486 834 3564 875 te-

1983 920 2141 975 stes?
2167 921 2228 974 Et
2257 921 2472 990 quidem
2502 920 2568 972 de
2597 921 2700 972 hoc
2723 918 2872 986 justo
2903 916 2991 971 Dei
3018 915 3223 984 judicio
3263 930 3360 967 nos
3393 915 3563 966 homi-

1986 1026 2080 1065 nes
2109 1011 2390 1079 capiamus
2417 1010 2745 1080 exemplum,
2785 1024 2881 1062 uec
2916 1016 3165 1076 putemus
3187 1020 3424 1073 unquam
3451 1006 3566 1057 sine

1985 1115 2293 1166 accusante,
2320 1112 2372 1156 et
2417 1101 2758 1163 defendente,
2799 1113 2852 1154 et
2885 1101 3112 1154 testibus
3139 1099 3342 1168 justum
3375 1097 3564 1150 haberi

1983 1209 2140 1262 posse
2175 1193 2450 1261 iudicium.
2483 1192 2685 1246 Deinde
2729 1192 3015 1245 videndum
3070 1199 3154 1243 est
3194 1189 3468 1259 quomodo
3508 1189 3563 1240 in

1984 1285 2069 1338 illa
2095 1286 2329 1348 die,cnm
2349 1285 2612 1352 judicahit
2639 1283 2777 1337 Deus
2802 1283 3012 1337 occulta
3042 1283 3338 1341 hominum,
3359 1280 3568 1348 cogita-

1983 1377 2157 1432 tiones
2185 1376 2347 1448 487
2385 1377 2462 1429 vel
2517 1376 2848 1430 accusabunt
2901 1375 3166 1438 animam,
3225 1372 3307 1425 vel
3372 1372 3562 1423 dvl‘eu-

1981 1470 2130 1530 dent,
2167 1484 2272 1521 nou
2309 1470 2496 1536 utique
2531 1468 2635 1522 illa:
2668 1467 3027 1536 cogitationes
3055 1480 3178 1534 qua:
3210 1479 3336 1518 tunc
3374 1476 3561 1527 erunt,

1980 1561 2074 1615 sed
2103 1562 2218 1615 ista:
2253 1576 2376 1629 qua:
2415 1574 2558 1614 nunc
2593 1569 2718 1614 sunt
2767 1560 2821 1612 in
2869 1561 3044 1613 nobis.
3099 1557 3230 1611 Cum
3277 1558 3420 1610 enim
3449 1559 3564 1610 sive

1984 1652 2143 1712 bona,
2192 1653 2310 1704 sive
2358 1648 2496 1702 mala
2530 1649 2863 1716 cogitamus,
2909 1647 3056 1700 velut
3089 1646 3142 1699 itt
3179 1645 3322 1698 ceris
3351 1645 3449 1718 (9),
3488 1648 3562 1696 ita

291 1776 391 1816 "es
420 1779 437 1816 ε
485 1780 504 1813 ι
563 1761 618 1817 Si
658 1735 1018 1827 conscientia"
1049 1780 1067 1814 ,
1106 1735 1320 1832 inquit,
1370 1735 1394 1813 ί
1431 1770 1616 1815 nostra
1658 1759 1736 1830 (ε)
1774 1776 1881 1814 non
1913 1735 1956 1792 Β
1986 1741 2036 1793 in
2063 1741 2226 1794 corde
2253 1749 2437 1795 nostro
2463 1750 2570 1793 tam
2599 1739 2860 1793 bonarum
2893 1753 3054 1807 quam
3121 1740 3381 1790 malarum
3410 1737 3558 1806 cogi-

288 1853 668 1921 reprehendat
696 1868 816 1918 nos,
874 1853 1126 1908 ﬁduciam
1161 1854 1422 1907 habemus
1463 1853 1530 1906 ad
1569 1852 1734 1905 Deum
1758 1852 1820 1905 ⁸⁸.
1857 1871 1875 1903 ι

287 1943 355 1997 Et
391 1945 600 1999 iterum
642 1946 758 2014 ipse
790 1944 988 2015 Paulus
1015 1945 1142 2000 alibi
1191 1945 1324 2001 dicit
1352 1946 1415 2012 ⁸⁷,
1451 1945 1578 2014 quia
1615 1961 1635 1995 ι
1674 1945 1883 2014 gloria-

289 2037 366 2090 tio
395 2047 593 2093 nostra
645 2038 763 2092 haec
809 2045 914 2103 est,
961 2035 1330 2092 testimonium
1366 2037 1720 2092 conscientia:
1781 2052 1882 2090 no-

286 2135 445 2180 stra.
491 2145 511 2180 ι
567 2125 702 2193 Quia
757 2141 890 2195 ergo
931 2134 1136 2182 tantam
1184 2125 1301 2194 ejus
1353 2126 1879 2191 videolihertatem,

285 2231 413 2284 quae
447 2217 504 2271 iu
532 2216 690 2274 bonis
731 2218 947 2288 quidem
978 2219 1148 2288 gestis
1175 2219 1408 2286 gaudeat
1435 2231 1669 2288 semper,
1707 2227 1764 2272 et
1787 2233 1885 2273 εις

287 2307 485 2371 saltet,
519 2308 575 2363 in
615 2308 772 2364 malis
802 2323 932 2364 vero
959 2323 1064 2364 non
1107 2320 1388 2380 arguatur,
1436 2310 1530 2365 sed
1569 2310 1737 2380 ipsam
1771 2309 1887 2365 atti-

289 2414 448 2452 mam
495 2398 583 2453 cui
613 2400 872 2465 cohazret,
911 2400 1291 2470 reprehendat,
1319 2413 1374 2455 et
1404 2412 1617 2472 arguat,
1647 2400 1884 2456 arbitror

285 2491 440 2559 quod
479 2491 596 2559 ipse
644 2492 714 2547 sit
774 2492 1023 2560 spiritus,
1057 2493 1149 2562 qui
1202 2494 1269 2547 ab
1317 2493 1576 2563 Apostolo
1599 2508 1719 2550 esse
1758 2509 1881 2549 cum

287 2584 482 2637 anima
511 2583 738 2650 dicitur,
761 2585 1063 2640 secundum
1089 2587 1234 2656 quod
1265 2586 1315 2640 in
1347 2587 1720 2657 superioribus
1753 2587 1885 2640 edo-

287 2677 536 2742 euimus,
574 2675 720 2730 velut
777 2676 1100 2748 pmdagogus
1153 2680 1201 2734 ei
1252 2680 1472 2750 quidam
1512 2680 1772 2741 sociatus,
1829 2688 1886 2734 et

291 2780 506 2833 rector,
542 2780 601 2823 ut
630 2784 748 2824 eam
785 2773 851 2824 de
883 2771 1205 2826 melioribus
1238 2782 1472 2839 moneat,
1497 2772 1581 2826 vel
1610 2773 1678 2827 de
1711 2773 1886 2843 culpis

288 2863 552 2930 castiget,
580 2869 636 2915 et
662 2869 851 2930 arguat
875 2875 891 2926 ;
920 2861 986 2916 de
1019 2877 1127 2931 quo
1149 2875 1203 2919 et
1245 2863 1377 2920 dicit
1403 2864 1720 2934 Apostolus,
1757 2869 1883 2936 quia

291 2971 309 3003 ς
351 2967 526 3007 nemo
553 2952 656 3006 scit
688 2951 964 3006 hominum
998 2967 1118 3022 qua:
1163 2963 1292 3009 sunt
1343 2955 1599 3022 hominis,
1629 2958 1732 3014 nisi
1773 2959 1886 3028 spi-

290 3045 438 3100 ritus
477 3043 736 3108 hominis,
765 3045 858 3123 qui
891 3045 944 3098 in
986 3045 1101 3113 ipso
1124 3054 1206 3101 est
1230 3047 1314 3113 ης
1350 3065 1369 3100 ι
1418 3057 1473 3101 et
1504 3048 1617 3118 ipse
1643 3049 1716 3104 sit
1749 3065 1881 3105 con-
1909 3075 1953 3133 ο

289 3137 550 3192 scientia:
572 3136 821 3205 spiritus,
843 3137 910 3192 de
931 3151 1039 3206 quo
1082 3137 1211 3192 dicit
1243 3153 1256 3190 :
1304 3155 1324 3189 ι
1363 3137 1484 3208 Ipse
1529 3139 1764 3210 Spiritus
1799 3152 1881 3197 te-

286 3229 616 3285 stimonium
646 3229 819 3294 reddit
837 3229 1052 3300 spiritui
1075 3241 1261 3286 nostro
1286 3231 1350 3286 ".
1368 3249 1387 3282 ι
1423 3231 1485 3286 Ει
1501 3231 1642 3288 forte
1660 3233 1746 3288 hic
1769 3233 1882 3303 ipse

287 3322 531 3392 spiritus
555 3329 662 3387 est,
693 3321 784 3390 qui
824 3321 1060 3376 cohaeret
1109 3323 1394 3378 animabus
1429 3321 1734 3392 justorum,
1762 3339 1882 3393 qua:

289 3416 394 3470 sibi
433 3413 492 3466 in
535 3412 791 3466 omnibus
830 3412 1149 3468 obedientes
1196 3413 1437 3479 luerint;
1474 3424 1531 3467 et
1581 3415 1700 3469 ideo
1747 3415 1881 3469 scri-

286 3516 449 3576 ptum
479 3513 563 3559 cst
590 3521 604 3557 :
650 3521 668 3554 ι
721 3502 986 3568 Laudate,
1018 3502 1244 3572 spiritus
1275 3512 1330 3557 et
1354 3504 1548 3558 animae
1574 3503 1871 3573 iustorum,

289 3598 591 3653 Dominum
613 3596 679 3653 ‘°.
718 3615 733 3647 ι
767 3595 823 3649 Si
855 3610 984 3650 vero
1022 3595 1339 3652 inohediens
1367 3597 1417 3650 ei
1445 3595 1626 3650 anima
1657 3606 1711 3650 et
1744 3611 1879 3650 con-

289 3699 487 3741 tumax
527 3684 713 3750 fuerit,
740 3685 1016 3740 dividetur
1037 3685 1106 3738 ab
1136 3699 1201 3739 eo
1231 3693 1352 3754 post
1379 3699 1689 3750 excessum,
1717 3695 1771 3739 et
1794 3701 1881 3740 se-

285 3776 600 3846 para-hitur.
639 3773 704 3826 Et
730 3785 948 3842 propter
968 3773 1068 3829 hoc
1090 3784 1220 3843 puto
1252 3774 1456 3828 dictum
1479 3789 1598 3830 esse
1625 3775 1678 3828 in
1707 3775 1882 3829 Evan-

288 3865 439 3933 gelio
469 3864 537 3916 de
571 3862 712 3916 malo
737 3862 913 3920 villico
967 3863 1068 3932 (7),
1093 3863 1218 3931 quia
1247 3881 1266 3915 ι
1294 3862 1502 3918 dividet
1533 3880 1655 3919 eum
1695 3865 1881 3920 Domi-

287 3973 416 4021 nus,
437 3963 493 4009 et
521 3963 730 4022 partem
755 3951 870 4020 ejus
897 3966 1019 4007 eum
1060 3951 1366 4007 inﬁdelibus
1409 3962 1571 4022 ponet
1601 3955 1667 4005 ἰ.
1707 3971 1725 4003 ι
1761 3953 1882 4022 Ipse

287 4047 552 4101 fortassis
571 4053 653 4098 est
674 4044 920 4115 spiritus,
942 4043 1008 4097 de
1040 4059 1148 4112 quo
1176 4044 1436 4112 scriptum
1460 4052 1559 4105 est,
1588 4043 1712 4113 quia
1743 4061 1762 4094 ι
1800 4043 1883 4098 in-

286 4136 672 4207 corruptibilis
717 4145 800 4190 est
829 4136 1047 4205 spiritus
1092 4137 1143 4190 in
1185 4135 1492 4191 hominibus
1535 4137 1601 4190 ²’.
1635 4153 1653 4188 ι
1696 4136 1764 4190 ΕΙ.
1791 4151 1879 4192 se-

285 4233 538 4286 cundum
573 4244 635 4283 ea
653 4245 771 4298 quae
798 4229 1048 4298 superius
1075 4229 1333 4294 diximus,
1371 4229 1498 4298 quia
1533 4229 1790 4285 dividitur
1817 4244 1881 4284 ac

286 4333 586 4392 separatur
615 4321 692 4390 (8)
723 4320 792 4374 ab
821 4321 1000 4374 anima
1042 4322 1367 4390 peccatrice,
1402 4331 1458 4375 ut
1484 4320 1572 4374 illa
1603 4336 1726 4376 cum
1759 4321 1882 4375 inli-

1989 1835 2251 1888 tatioauu‘.
2288 1845 2431 1888 noue
2457 1834 2706 1902 quasdam
2753 1843 2804 1887 el
2854 1831 3134 1902 signacula
3171 1830 3564 1898 relinquuntur,

1983 1941 2103 1996 qua?
2129 1926 2179 1978 in
2212 1925 2426 1979 occulto
2455 1941 2598 1978 nunc
2631 1923 2868 1992 pectoris
2900 1925 3093 1991 posita,
3140 1924 3192 1976 itt
3222 1923 3312 1976 illa
3341 1923 3426 1975 die
3475 1937 3563 1974 re-

1986 2016 2154 2071 velari
2188 2017 2443 2070 tlicuntur
2474 2030 2504 2068 a
2560 2015 2710 2068 nullo
2751 2014 2877 2076 alio,
2929 2013 3031 2067 nisi
3065 2015 3130 2066 ali
3183 2029 3247 2066 eo
3283 2014 3372 2080 qui
3417 2014 3564 2066 solus

1983 2115 2160 2174 potest
2186 2105 2394 2161 occulta
2424 2105 2703 2159 hominum
2755 2105 2897 2159 scire
2926 2121 2941 2158 :
2975 2120 3206 2173 quorum
3260 2107 3560 2173 signorum,

1985 2196 2070 2250 vel
2094 2210 2321 2265 quarum
2352 2204 2600 2249 notarum
2633 2205 2831 2248 causas
2862 2210 2966 2248 tton
3000 2194 3170 2247 latere
3200 2194 3365 2246 Deum
3394 2197 3556 2247 etiam

1986 2294 2172 2341 nostra
2200 2283 2534 2340 conscientia
2572 2282 2994 2338 contestahitur.
3050 2282 3203 2350 Quod
3266 2293 3446 2336 tamen
3473 2283 3561 2349 ju-

1982 2378 2204 2444 dicium,
2239 2377 2535 2431 secundum
2569 2375 2925 2442 Evangeliqu
2953 2373 3104 2428 Pauli
3141 2373 3266 2446 (hoc
3293 2376 3560 2445 est.quod

1987 2466 2186 2522 Paulus
2221 2467 2529 2539 annuntiat)
2561 2482 2658 2538 per
2679 2463 2863 2522 Iesum
2889 2467 3166 2521 Christum
3207 2467 3319 2523 llet.
3350 2486 3368 2518 ι
3401 2467 3563 2521 Pater

1984 2560 2129 2612 enim
2176 2562 2446 2614 nemiuem
2486 2560 2717 2631 judicat,
2760 2558 2853 2613 sed
2893 2575 3055 2612 omne
3099 2559 3363 2628 judicium
3411 2558 3562 2613 dedit

1985 2648 2122 2702 Filio
2151 2648 2216 2703 “.
2256 2668 2275 2702 ι
2310 2646 2548 2709 Marcion
2597 2657 2803 2711 tamen,
2854 2657 2908 2702 et
2937 2662 3129 2702 oumes
3185 2647 3276 2716 qui
3332 2648 3563 2702 diversis

1986 2739 2258 2810 figmentis
2309 2740 2490 2795 varias
2542 2739 2897 2794 introducunt
2941 2738 3243 2792 animarum
3316 2746 3560 2801 ttaturas,

1987 2831 2088 2884 hoc
2109 2845 2176 2883 ex
2203 2829 2320 2882 loco
2347 2828 2688 2898 apertissime
2737 2827 3110 2890 confutantur,
3155 2842 3276 2880 cum
3319 2842 3347 2880 a
3387 2826 3559 2880 Paulo

1985 2920 2183 2974 dicitur
2224 2919 2272 2951 "
2304 2919 2445 2974 Deus
2490 2919 2699 2974 occulta
2742 2919 3022 2974 hominum
3073 2917 3321 2988 judicare
3352 2932 3447 2986 per
3471 2913 3563 2970 Je-

1986 3025 2104 3064 sutn
2131 3008 2404 3064 Christum
2451 3024 2465 3062 :
2506 3019 2559 3064 et
2588 3010 2896 3065 ostenditur
2949 3021 3393 3076 unumquemque
3453 3021 3560 3060 non

1988 3113 2198 3156 natura:
2222 3099 2527 3171 privilegio,
2577 3102 2672 3156 sed
2706 3101 2944 3171 propriis
2995 3098 3420 3169 cogitationibus
3469 3109 3560 3153 ac-

1986 3200 2254 3259 cusatum,
2290 3191 2373 3247 vel
2408 3201 2749 3258 excusatum,
2777 3191 3125 3248 conscientiae
3154 3203 3267 3246 sua:
3313 3190 3566 3245 testimo-

1988 3283 2078 3338 nio
2093 3283 2471 3355 iudicandum.

2059 3414 2148 3475 If.
2185 3434 2206 3470 ι
2243 3415 2303 3474 Si
2347 3427 2528 3473 autem
2576 3426 2629 3471 tu
2663 3415 2879 3471 Iudaeus
2908 3416 3336 3486 coguominaris,
3391 3427 3445 3471 et
3474 3432 3562 3470 re-

1987 3504 2221 3574 quiescis
2263 3507 2315 3561 in
2357 3507 2496 3575 lege,
2531 3515 2586 3559 et
2634 3504 2884 3575 gloriaris
2933 3506 2985 3558 in
3017 3505 3151 3566 Deo,
3194 3513 3251 3557 et
3277 3504 3562 3572 cognoscis

1987 3595 2317 3652 voluntatem
2347 3597 2486 3665 ejus,
2525 3605 2581 3650 et
2619 3598 2820 3664 probas
2861 3595 3103 3658 utiliora,
3132 3593 3431 3646 instructus
3461 3607 3561 3658 per

1988 3686 2260 3758 legem,et
2281 3687 2508 3743 conﬁdis
2526 3695 2576 3741 te
2617 3687 2810 3740 ducem
2877 3699 2994 3740 esse
3053 3697 3340 3747 cmcorum,
3377 3682 3560 3737 lutucn

1985 3795 2174 3834 eorum
2213 3780 2304 3849 qui
2341 3779 2394 3832 in
2452 3779 2690 3833 tenebris
2719 3787 2866 3844 sunt,
2925 3777 3252 3830 eruditorem
3297 3775 3562 3842 insipien-

1989 3874 2144 3938 tium,
2191 3873 2508 3942 magistrum
2577 3869 2897 3933 infantium,
2964 3869 3254 3922 habentem
3330 3867 3564 3921 fortnam

1988 3964 2229 4020 scientiae
2257 3972 2313 4018 et
2342 3960 2589 4016 veritatis
2617 3961 2669 4013 in
2700 3960 2838 4030 lege.
2885 3959 2983 4024 Qui
3018 3973 3144 4011 vero
3181 3960 3342 4012 doces
3372 3957 3565 4022 alium,

1989 4054 2218 4123 teipsqu
2253 4067 2356 4106 non
2399 4050 2607 4104 doces:
2637 4049 2732 4118 qui
2779 4049 3043 4118 prmdicas
3097 4062 3203 4100 ιιοιι
3242 4045 3558 4110 furandum,

1987 4145 2190 4198 feraris
2219 4163 2232 4198 :
2267 4142 2355 4212 qui
2415 4141 2548 4195 dicis
2584 4155 2688 4194 uoa
2744 4139 3148 4203 tumeltandum,
3221 4137 3558 4192 mterharis:

1985 4237 2079 4307 qui
2129 4235 2464 4290 abominaris
2520 4234 2682 4301 idola,
2713 4235 3060 4304 sacrilegium
3100 4232 3434 4285 committis:
3467 4231 3559 4300 qui

1990 4329 2039 4383 in
2072 4327 2186 4397 lege
2213 4327 2492 4395 gloriaris,
2523 4342 2619 4397 per
2655 4325 3164 4396 praevariCationent
3223 4323 3355 4392 legis
3389 4322 3555 4377 Deum

283 4413 514 4468 delibus
551 4408 787 4477 accipiat
816 4418 1051 4476 partem,
1087 4417 1263 4477 potest
1299 4407 1550 4464 similiter
1590 4410 1673 4464 his
1705 4410 1877 4478 aptari

1988 4419 2308 4474 dehonoras.
2341 4419 2546 4472 Nomen
2583 4419 2729 4473 enim
2766 4417 2856 4470 Dei
2889 4432 2982 4485 per
3010 4429 3104 4467 vos
3140 4414 3550 4482 blasphematur

285 4515 339 4557 ct
362 4502 507 4556 illud
540 4500 678 4567 quod
710 4500 912 4554 dictqu
943 4509 1024 4553 est
1052 4515 1066 4552 :
1106 4517 1124 4549 ι
1160 4498 1329 4552 Erunt
1358 4499 1462 4552 duo
1487 4500 1539 4552 iu
1565 4514 1714 4570 agro,
1745 4515 1883 4555 unus

287 4602 632 4654 assumetur,
679 4599 733 4645 et
769 4607 907 4645 unus
960 4590 1294 4659 relinquetur
1327 4606 1338 4640 :
1370 4597 1424 4642 et
1473 4591 1592 4643 dum
1641 4590 1709 4642 ad
1768 4604 1883 4644 mo-

290 4690 430 4751 lam,
473 4699 577 4735 una
611 4693 942 4744 assumctur,
988 4690 1042 4735 et
1075 4696 1180 4734 una
1224 4680 1653 4750 relinquetur".
1694 4699 1712 4732 ι
1758 4680 1884 4736 Haec

287 4779 358 4831 de
387 4791 461 4832 eo
493 4775 636 4844 quod
664 4775 929 4844 scriptum
959 4784 1042 4830 est
1079 4790 1093 4828 :
1133 4791 1154 4824 ι
1187 4773 1578 4828 Testimonium
1621 4775 1883 4830 reddente

288 4868 656 4926 conscientia.
705 4887 724 4920 ι

369 5010 416 5040 ’⁵
450 5008 465 5062 Ι
506 5007 635 5062 Cor.
679 5022 761 5071 ιιι,
797 5006 852 5060 5.

291 5081 385 5135 86.
447 5081 490 5110 ¹¹
527 5077 654 5130 Luc.
680 5075 878 5139 nulli.

293 5165 356 5210 ιι,
391 5149 476 5202 16.
556 5148 598 5178 ⁸⁷
627 5147 753 5200 ibid.
791 5147 857 5200 l7
886 5161 1003 5216 seq.

369 5263 450 5331 (5)
493 5260 585 5316 Sic
616 5262 742 5315 editi
795 5263 1037 5331 plerique
1079 5271 1133 5316 et
1181 5276 1309 5315 mss.
1329 5259 1476 5328 “duo.
1500 5260 1690 5315 Castori
1745 5279 1874 5317 vero

296 5351 432 5385 mss.
468 5342 523 5385 et
552 5332 718 5385 editio
751 5332 973 5394 Veneta,
1005 5349 1025 5381 ι
1063 5339 1154 5385 aut
1195 5331 1346 5384 tanta
1389 5332 1659 5384 memoria:
1718 5347 1870 5385 rece-

298 5401 518 5467 ptacula
569 5401 906 5454 convenire?
931 5419 948 5452 ι
988 5400 1260 5464 Rabauus,
1303 5419 1320 5450 ι
1357 5412 1448 5452 aut
1484 5410 1632 5455 tanto
1669 5419 1874 5455 menm-

303 5474 399 5523 riac
434 5472 773 5534 receptaculo
805 5470 1138 5525 convenire?
1172 5490 1189 5520 ι

376 5542 454 5602 ll)
503 5540 707 5610 tAtque
741 5560 758 5590 ι
799 5541 1121 5593 Rrstituitur
1145 5555 1208 5593 ex
1229 5555 1329 5592 ms.
1354 5537 1520 5605 Regio
1557 5541 1870 5603 num.l659,

303 5610 398 5674 qui
452 5619 634 5676 postea
693 5610 851 5663 habet
901 5611 1040 5664 sicut
1089 5619 1143 5662 ct
1197 5611 1470 5673 llahauus,
1503 5628 1520 5659 ι
1562 5611 1871 5664 testimonia

305 5695 453 5730 sana:
483 5680 845 5746 conscientias,
882 5699 899 5732 ι
935 5690 1040 5734 etc.
1069 5680 1260 5735 (Σιριοιί
1297 5695 1424 5734 mss.
1460 5689 1512 5733 et
1547 5680 1697 5745 editi,
1724 5697 1741 5730 t
1782 5679 1869 5733 Te~

931 5004 1020 5058 “I
1060 5003 1215 5060 Joau.
1256 5019 1342 5065 ιιι,
1384 5005 1474 5059 2i.

1561 5006 1599 5034 ”
1643 5003 1829 5060 llCor.
1862 5021 1899 5069 ι,
1945 5008 2030 5061 12.

947 5078 991 5108 "
1019 5075 1139 5130 Job.
1173 5090 1348 5138 xsxrt,
1375 5075 1428 5128 8.
1488 5073 1535 5104 "
1557 5074 1746 5129 Matth.
1784 5077 2036 5141 multo.
2059 5079 2146 5134 41.

1982 4511 2124 4566 inter
2151 4520 2360 4579 gentes,
2426 4511 2566 4564 sicut
2600 4511 2865 4578 scriptum
2910 4517 2994 4562 est
3031 4507 3096 4558 ".
3136 4527 3154 4557 ι
3188 4505 3555 4572 Quemadmo-

1984 4602 2109 4656 dum
2143 4603 2195 4656 in
2257 4602 2554 4670 Scripturis
2608 4601 2939 4670 propheticis
2965 4599 3414 4662 observavimus,
3449 4615 3560 4655 non

1982 4696 2158 4749 solum
2207 4697 2436 4751 dicentis
2484 4711 2770 4764 personam
2821 4695 3054 4746 latenter
3101 4703 3152 4746 et
3189 4694 3369 4746 subito
3405 4707 3559 4746 (‘Oltl-

1983 4786 2200 4851 mutari,
2247 4795 2432 4842 verum
2476 4796 2529 4840 et
2577 4802 2762 4839 eorum
2818 4787 2880 4838 ad
2928 4800 3064 4854 quos
3113 4799 3315 4848 sermo,
3375 4785 3456 4838 vel
3494 4789 3559 4837 de

1981 4875 2182 4945 quibus
2217 4891 2398 4930 sermo
2431 4879 2486 4931 lit
2513 4894 2527 4943 ;
2556 4876 2705 4931 verbi
2745 4877 2946 4946 gratia,
2983 4885 3038 4928 ut
3071 4891 3220 4931 nunc
3277 4890 3345 4930 ex
3377 4875 3557 4929 Patris

2108 5010 2149 5041 ’³
2188 5007 2204 5060 I
2235 5008 2358 5062 Cur.
2393 5025 2450 5070 ll,
2491 5010 2576 5063 ll.
2655 5010 2698 5043 "
2726 5012 2878 5065 Itmu.
2915 5027 3032 5069 vitt.
3063 5011 3145 5064 16,

2224 5079 2268 5110 ³³
2301 5080 2626 5144 ltotn.tt,l5.
2651 5083 2732 5138 ιϐ.
2800 5081 2846 5112 ’⁵
2877 5080 3034 5136 Joau.
3071 5098 3120 5143 v,
3153 5081 3244 5136 2:2.

3228 5009 3272 5038 ²⁰
3303 5008 3443 5134 122ῐίἱ
3465 5023 3553 5070 ιιι,

3230 5122 3244 5134 ,
3446 5094 3553 5131 υιιι.

3446 5094 3556 5131 υιιι.

1977 5263 2234 5318 stimunio
2261 5276 2395 5315 sane
2433 5261 2800 5328 conscipntiae,
2832 5280 2850 5310 ι
2872 5269 3002 5324 etc.,
3035 5259 3237 5314 omisso
3267 5277 3285 5310 ι
3319 5269 3502 5328 atque.
3527 5273 3551 5308 s

2049 5333 2126 5402 (5)
2169 5352 2185 5382 ι
2200 5328 2563 5402 Conscientia.
2580 5326 2765 5383 iDeest
2792 5331 2843 5383 in
2863 5339 3026 5402 antea
3052 5331 3231 5388 editis.

2049 5399 2126 5538 (ὅ)
2171 5400 2451 5454 «Nostra.»
2485 5399 2540 5452 In
2573 5401 2736 5455 editis
2765 5401 3054 5452 omittitur.

2050 5473 2104 5537 (7
2171 5473 2329 5534 Editi,
2362 5489 2380 5520 ι
2408 5471 2620 5537 judice-2
2669 5488 2686 5521 ι
2724 5470 2881 5522 male.

2050 5470 2126 5537 (7)
2171 5473 2329 5534 Editi,
2362 5489 2380 5520 ι
2408 5471 2620 5537 judice-2
2669 5488 2686 5521 ι
2724 5470 2881 5522 male.

2051 5544 2126 5608 (8)
2169 5541 2342 5604 ΕιΙίιὶ,
2379 5560 2396 5592 ι
2431 5539 2698 5594 dividetur
2728 5555 2790 5592 ac
2819 5539 3181 5606 separabttur.
3217 5563 3232 5592 ι

2057 5614 2132 5682 (9)
2167 5614 2336 5678 Alias,
2374 5631 2390 5662 ι
2430 5610 2641 5664 cancris
2673 5628 2686 5661 :
2719 5629 2735 5650 ι
2764 5611 2922 5664 male.
