3974 6206
455 275 560 330 895

1931 273 2253 330 ORIGENlS
2452 317 2456 320 ~
3569 287 3650 342 896

456 408 708 462 persona,
743 408 886 446 nunc
917 409 980 447 ex
1029 393 1173 458 Filii,
1213 392 1297 447 vel
1357 393 1596 468 Spiritus
1641 393 1840 458 sancti,
1888 409 2034 450 nunc
2063 404 2108 457 Α
2137 399 2398 466 scriptum
2433 407 2517 452 cst
2548 415 2561 451 :
2599 417 2615 448 ι
2650 395 2810 461 Juda,
2862 406 2912 452 te
2965 394 3258 451 laudabunt
3307 397 3498 456 fratres
3546 404 3649 457 tui:

454 483 616 535 etiam
649 499 714 537 ex
745 499 973 553 persona
1021 484 1323 552 prophetae,
1378 496 1472 538 aut
1503 486 1733 539 aliorum
1762 502 2028 553 quorum-

456 575 585 628 lihet
621 576 799 644 aliqua
832 576 1121 641 dicantur;
1181 587 1239 630 et
1282 592 1426 630 nunc
1459 577 1680 646 quidem
1735 593 1918 631 sermo
1963 578 2028 631 ad

455 663 804 719 lsraeliticam
837 678 1076 736 gentem,
1113 684 1256 722 nunc
1285 671 1349 722 ad
1383 679 1602 723 exteras
1633 671 1906 734 nationes,
1939 680 2030 724 aut

453 760 518 811 ad
547 774 716 827 rcges,
752 768 803 810 et
830 760 894 811 ad
925 760 1070 814 mille
1096 762 1231 816 alios
1267 763 1569 829 dirigatur:
1607 765 1678 816 ita
1714 763 1843 816 mihi
1876 762 2029 817 vide-

454 861 540 901 tur
567 851 728 901 etiam
782 851 894 904 lucc
935 853 1004 904 ad
1057 852 1334 908 Romanos
1361 852 1473 924 (l0)
1513 855 1712 923 scripta
1745 869 1864 908 esse
1903 853 2032 922 Epi-

451 940 612 1000 stula.
645 951 702 994 ιιι
737 941 1009 995 interdum
1059 951 1113 997 et
1151 945 1382 999 dicentis
1405 960 1634 1014 persona
1677 954 1939 1008 mutetur,
1976 953 2029 998 et

450 1031 740 1100 aliquando
767 1034 982 1102 quidem
1022 1033 1219 1088 Paulus
1249 1037 1548 1106 spiritualis
1582 1037 1860 1105 loquatur,
1889 1034 2032 1090 sicut

452 1123 505 1177 in
567 1123 750 1178 multis
801 1123 1052 1192 Epistolas
1086 1125 1249 1192 locis;
1312 1126 1606 1196 aliquando
1656 1139 1784 1180 vero
1831 1125 2030 1180 Paulus

448 1216 710 1280 carnalis,
747 1218 912 1282 sicut,
951 1218 1096 1272 verbi
1129 1219 1325 1286 gratia,
1365 1233 1486 1272 cum
1515 1217 1650 1273 dicit
1680 1233 1694 1269 :
1729 1236 1749 1270 ι
1786 1217 1896 1286 Ego
1927 1232 2027 1270 au-

450 1317 556 1362 tem
583 1309 820 1363 carnalis
863 1325 980 1363 sum
1022 1312 1366 1365 venundatus
1418 1309 1520 1364 sub
1560 1319 1785 1379 peccato
1814 1308 1882 1376 ’³,
1915 1327 1933 1359 ι
1973 1315 2033 1362 ut

446 1403 767 1456 ostendetur
799 1399 936 1474 (ll),
968 1418 1089 1456 cum
1133 1404 1199 1455 ad
1230 1403 1404 1471 ipsum
1439 1401 1614 1456 locum
1637 1442 1650 1464 ,
1683 1400 1918 1455 Domino
1949 1401 2033 1454 ιιίο·

449 1493 677 1562 rigente,
744 1493 1071 1548 venerimus.
1131 1493 1409 1548 lnterdmn
1461 1508 1592 1548 vero
1645 1493 1706 1545 ﬁt
1753 1500 2029 1547 eteorum

447 1599 716 1653 personae,
762 1585 830 1639 ad
871 1599 1007 1654 quos
1045 1599 1230 1639 sermo
1275 1594 1384 1648 est,
1442 1585 1818 1650 commutatio,
1867 1585 1938 1638 ita
1973 1592 2031 1638 ut

446 1691 592 1730 nunc
622 1677 690 1729 ad
724 1691 940 1730 onmem
991 1674 1358 1730 Romanorum
1410 1675 1625 1728 dicatur
1677 1675 1972 1730 Ecclesium
2008 1690 2023 1727 :

450 1787 469 1819 ι
501 1766 724 1822 Gratias
756 1782 856 1837 ago
911 1766 1021 1822 Deo
1077 1782 1198 1820 tneo
1241 1782 1338 1836 per
1382 1764 1566 1821 Iesum
1603 1766 1876 1822 Christum
1926 1781 2026 1836 pro
2059 1743 2100 1798 Β

444 1864 699 1918 onmilus
745 1864 924 1930 V0lll8,
979 1864 1104 1934 quia
1161 1864 1292 1917 tides
1352 1872 1532 1918 vestra
1585 1864 1940 1918 annuntiatur
1971 1862 2024 1916 in

445 1957 703 2011 universo
735 1956 938 2010 mundo
965 1956 1010 1987 "
1043 1974 1059 2011 :
1106 1975 1124 2008 ι
1164 1956 1217 2009 in
1247 1954 1369 2009 aliis
1406 1969 1536 2009 vero
1565 1970 1669 2010 non
1701 1956 1767 2009 ad
1807 1969 2022 2009 omnem

445 2049 766 2112 Ecclesium,
803 2049 898 2103 sed
933 2049 998 2102 ad
1050 2063 1268 2103 onmem
1323 2048 1413 2116 qui
1465 2046 1679 2116 iudicat
1725 2047 1925 2112 alium,
1968 2055 2025 2101 et

444 2145 560 2212 ipse
591 2142 718 2196 facit
744 2157 806 2196 ea
837 2157 956 2210 quae
995 2141 1046 2194 in
1077 2142 1200 2196 aliis
1227 2142 1579 2206 condemnat,
1615 2151 1669 2195 et
1694 2152 1780 2196 est
1808 2142 2028 2197 inexctto

443 2236 652 2291 sabilis.
690 2234 842 2289 Nunc
873 2243 1052 2288 autem
1086 2249 1259 2302 neque
1286 2234 1353 2287 ad
1389 2233 1708 2300 Ecclesium,
1751 2248 1926 2302 neque
1955 2234 2021 2288 ad

441 2341 566 2380 eum
597 2326 686 2394 qui
727 2323 936 2392 judicat
965 2323 1026 2377 ﬁt
1068 2339 1250 2378 sermo
1299 2325 1422 2390 hic,
1455 2325 1506 2378 in
1543 2339 1650 2394 quo
1683 2325 1816 2380 dicit
1850 2343 1864 2381 :
1900 2344 1920 2378 ι
1963 2323 2024 2382 Si

443 2429 626 2472 autent
661 2427 712 2471 tu
764 2415 984 2472 Judaeus
1025 2415 1452 2486 cognutninaris,
1504 2426 1553 2472 et
1620 2417 1918 2487 requiescis
1968 2417 2023 2472 in

443 2510 580 2579 ινδιξ,
622 2518 676 2562 et
709 2508 962 2579 gloriaris
1011 2507 1063 2562 in
1103 2506 1232 2572 Deo,
1285 2516 1340 2562 et
1369 2507 1654 2578 cognoscis
1689 2506 2023 2563 voluntatem

442 2601 584 2668 ejus,
623 2617 641 2650 ι
674 2610 725 2655 et
748 2611 967 2663 caetera,
996 2614 1167 2667 usque
1205 2597 1272 2652 ad
1317 2614 1442 2654 eum
1473 2598 1646 2654 locum
1680 2617 1693 2654 :
1730 2617 1749 2651 t
1786 2599 1854 2654 Et
1877 2599 2024 2669 judi-

444 2695 591 2750 cahit
614 2694 756 2765 quod
783 2708 850 2748 ex
886 2700 1077 2745 natura
1129 2700 1213 2745 est
1254 2691 1600 2761 prmputium.
1639 2689 1811 2761 legem
1865 2691 2028 2760 perﬁ-

441 2791 611 2849 cieus.
668 2796 742 2850 te,
797 2787 891 2854 qni
943 2799 1040 2853 per
1101 2783 1375 2851 litteram,
1435 2792 1490 2838 et
1546 2781 2024 2839 circumcisionem

441 2878 830 2947 praevaricator
857 2892 916 2931 es
942 2876 1094 2945 legis.
1129 2895 1148 2928 ι
1187 2875 1344 2932 Sicut
1376 2877 1428 2930 in
1467 2875 1766 2946 Scripturis
1790 2875 2028 2944 prophe-

442 2971 565 3024 ticis
597 2967 882 3036 vigilanter
905 2975 1125 3036 oportet
1170 2967 1456 3020 intendere
1482 2981 1608 3022 eum
1654 2965 1746 3035 qui
1797 2965 1911 3018 vult
1939 2964 2024 3018 in-

2138 505 2330 544 manus
2366 500 2470 543 tua:
2495 505 2660 558 super
2683 491 2906 544 dorsum
2938 490 3278 543 inimicorum
3321 499 3540 545 tuorum.
3567 497 3650 544 ti...

2135 586 2278 639 tnlus
2308 585 2478 639 leonis
2504 583 2639 639 Iuda
2678 585 2746 650 ³’,
2785 605 2802 636 ο
2833 594 2886 640 et
2932 593 3152 650 caetera,
3191 599 3306 653 qua:
3345 585 3397 639 iu
3442 585 3654 639 Salvato-

2133 693 2245 731 rem
2278 679 2559 732 Domintnn
2586 679 2902 746 prophetata
2931 689 3076 733 sunt.
3137 679 3301 750 Igitur
3331 680 3372 733 si
3409 679 3584 733 claruit
3605 683 3656 734 de

2134 768 2454 824 diﬁcreutiis
2507 785 2883 838 personarum,
2940 781 2995 827 et
3039 773 3160 841 quis
3195 787 3316 827 vere
3345 774 3414 828 sit
3454 770 3657 832 Judteus.

2132 861 2254 930 quis
2287 872 2466 916 autem
2498 860 2613 916 solo
2661 863 2879 916 nomine
2913 863 3362 932 .cognominetur,
3419 863 3660 916 videamus

2132 967 2252 1021 qua:
2279 953 2345 1006 ad
2376 955 2518 1007 hunc
2545 953 2638 1022 qui
2667 969 2727 1007 se
2759 951 2926 1020 jactat
2949 968 3068 1006 esse
3094 951 3358 1016 Judaeum,
3383 962 3435 1005 et
3463 969 3556 1006 non
3577 963 3660 1017 est,

2131 1059 2312 1098 sermo
2359 1044 2691 1112 apostolicus
2741 1045 2904 1102 dicat.
2933 1044 3036 1109 Tu,
3096 1044 3291 1112 inquit,
3353 1045 3441 1114 qui
3476 1042 3660 1098 Iudaeus

2131 1136 2556 1206 cognontinaris,
2593 1145 2648 1190 et
2673 1151 2888 1189 omnem
2924 1135 3019 1189 tibi
3055 1137 3296 1206 requiem
3329 1134 3382 1189 in
3433 1134 3558 1203 legis
3598 1133 3664 1188 lit-

2130 1233 2244 1279 tera
2280 1225 2536 1292 collocas,
2565 1235 2619 1280 et
2650 1225 2904 1294 gloriaris
2933 1227 2984 1280 in
3015 1226 3125 1280 Deo
3163 1235 3423 1292 tanquam
3451 1225 3533 1294 qui
3564 1240 3663 1292 por-

2134 1313 2210 1370 tio
2241 1314 2359 1384 ejus
2387 1314 2484 1380 sis,
2511 1325 2564 1370 et
2595 1316 2681 1370 cui
2732 1331 3056 1370 concessum
3085 1317 3157 1371 sit
3196 1317 3340 1371 scire
3368 1315 3661 1369 voluntatem

2132 1401 2248 1469 Dei,
2283 1412 2337 1458 et
2368 1403 2510 1458 velut
2538 1405 2800 1474 probandi
2843 1421 3046 1477 gnarus
3066 1405 3245 1477 jactas
3273 1415 3324 1461 te
3357 1405 3493 1460 scire
3534 1417 3664 1473 posse

2130 1504 2186 1550 et
2223 1496 2542 1553 discernere
2587 1513 2709 1568 quae
2740 1499 2851 1554 sint
2883 1499 3122 1564 utiliora,
3169 1507 3228 1554 et
3272 1496 3582 1561 'dili'ereutia,
3605 1496 3662 1550 ita

2130 1596 2191 1642 ut
2243 1603 2349 1643 non
2404 1589 2579 1645 solum
2608 1607 2729 1661 qua:
2759 1593 2871 1647 sint
2925 1591 3062 1647 bona
3091 1593 3258 1657 scias,
3318 1605 3498 1646 verum
3529 1590 3660 1643 etiam

2129 1695 2249 1750 qua:
2277 1680 2386 1737 sint
2425 1682 2648 1737 meliora
2673 1681 2843 1755 488
2875 1693 2931 1738 et
2972 1685 3188 1739 utiliora
3220 1684 3516 1747 discernas,
3556 1694 3664 1736 con-

2131 1772 2254 1828 lldis
2282 1789 2497 1846 quoque
2527 1776 2672 1846 quod
2701 1779 2807 1832 dux
2841 1776 3015 1846 possis
3047 1791 3168 1831 esse
3194 1789 3463 1832 caecorum
3490 1791 3503 1826 :
3529 1771 3661 1828 nimi-

2129 1881 2250 1920 rum
2278 1880 2345 1922 ex
2378 1865 2484 1922 illis
2502 1882 2561 1923 es
2593 1868 2822 1923 ducibus
2849 1869 2914 1923 de
2935 1867 3132 1936 quibus
3156 1867 3382 1922 dicebat
3407 1864 3660 1919 Dominus:

2133 1975 2153 2010 ι
2182 1957 2324 2013 Cteci
2360 1969 2486 2013 sunt
2507 1959 2672 2016 duces
2701 1974 2992 2016 caecorum.
3023 1959 3214 2016 Cmrus
3251 1965 3425 2012 autem
3455 1955 3498 2010 si
3545 1969 3662 2009 caeco

2125 2046 2382 2104 ducatum
2434 2059 2690 2120 praestet,
2747 2051 2908 2106 ambo
2964 2051 3017 2105 in
3071 2049 3289 2104 foveam
3341 2043 3608 2102 cadunt".
3640 2061 3656 2092 ι

2126 2140 2360 2196 Contidit
2387 2155 2518 2213 ergo
2550 2143 2740 2198 ducem
2763 2159 2822 2199 se
2851 2157 2970 2198 esse
2992 2157 3290 2206 caecorum,
3315 2138 3484 2193 lumen
3508 2148 3660 2189 eorum

2126 2246 2343 2303 quoque
2371 2233 2466 2304 qui
2498 2233 2550 2288 in
2586 2235 2822 2290 teuehris
2847 2244 2991 2290 sunt.
3028 2233 3134 2289 Sed
3161 2245 3222 2288 et
3257 2234 3323 2287 ad
3352 2230 3474 2284 istos
3495 2222 3668 2279 nihilo-

2126 2327 2308 2382 minus
2341 2327 2606 2382 Dominus
2656 2326 2830 2383 dicit:
2860 2343 2880 2378 t
2919 2325 2977 2381 Si
3025 2335 3209 2380 autem
3273 2325 3393 2391 lux,
3422 2335 3529 2390 qua:
3554 2321 3598 2370 in
3624 2325 3664 2369 te

2126 2428 2231 2482 est,
2258 2418 2494 2475 tenebrae
2521 2425 2667 2487 sunt,
2699 2419 2832 2489 ipsa:
2890 2419 3127 2473 tenebrae
3154 2426 3380 2487 quanta
3407 2419 3522 2470 sunt
3553 2410 3614 2460 ³⁸2
3643 2426 3660 2459 ι

2127 2507 2421 2564 Conlidunt
2451 2515 2631 2565 tamen
2669 2509 2816 2576 quod
2846 2509 3150 2565 eruditores
3173 2508 3292 2563 sint
3315 2501 3662 2575 insipientium.

2126 2610 2182 2654 et
2207 2598 2446 2668 magistri
2483 2597 2800 2668 infantium,
2832 2608 3091 2668 tanquam
3121 2597 3215 2668 qui
3255 2612 3325 2653 ex
3363 2594 3490 2664 legis
3516 2591 3662 2645 littera

2128 2691 2357 2747 formam
2411 2691 2659 2747 scientia:
2697 2701 2754 2748 et
2801 2693 3052 2748 veritatis
3095 2690 3430 2761 acceperint.
3477 2685 3536 2741 Et
3561 2681 3664 2752 quia

2127 2781 2246 2838 haec
2279 2781 2606 2853 proﬁtentur
2661 2781 2904 2852 quidem,
2955 2797 3062 2837 non
3113 2789 3302 2835 tamen
3333 2793 3455 2833 vere
3491 2780 3663 2838 tenent,

2127 2875 2262 2932 dicit
2309 2876 2376 2930 ad
2426 2891 2522 2930 eos
2553 2875 2837 2945 Apostolus
2868 2891 2881 2927 :
2922 2893 2941 2925 ι
2976 2873 3078 2942 Qui
3137 2887 3279 2944 ergo
3317 2873 3472 2927 doces
3508 2868 3664 2928 alium,

2131 2969 2360 3039 teipsum
2387 2985 2492 3025 non
2515 2970 2709 3024 doces:
2738 2979 2788 3023 et
2814 2969 2903 3037 qui
2931 2966 3192 3038 praedicas
3227 2980 3335 3020 non
3359 2962 3660 3020 l‘uraudump

445 3059 800 3130 telligentiam
853 3075 1043 3114 eorum
1093 3075 1212 3128 qum
1268 3059 1474 3127 scripta
1529 3067 1656 3111 sunt
1693 3069 1910 3125 capere,
1939 3054 2024 3109 vel
2052 3072 2098 3134 (ς
2131 3071 2184 3116 ιιι
2214 3061 2504 3116 adventum
2535 3071 2590 3117 et
2642 3060 2985 3132 prmscnliam
3023 3057 3260 3123 Christi,
3309 3069 3428 3125 qum
3451 3053 3666 3108 universo

441 3153 763 3216 dicentium,
816 3151 898 3206 vel
942 3150 1008 3204 ad
1040 3165 1201 3221 quos,
1238 3151 1323 3205 vel
1362 3151 1430 3204 de
1472 3151 1669 3218 quibus
1718 3164 1902 3204 sermo
1938 3149 2021 3215 lit,

441 3246 689 3316 personis
744 3243 855 3316 (l2)
890 3259 903 3295 :
940 3243 1008 3297 ita
1065 3257 1209 3306 nunc
1268 3242 1319 3296 in
1355 3241 1593 3311 Epistula
1648 3243 1714 3294 ad
1748 3240 2024 3296 Romanos

441 3339 709 3408 agendum
740 3337 868 3390 mihi
903 3336 1136 3390 videtur.
1169 3334 1275 3388 Sed
1301 3334 1584 3388 videamus
1609 3332 1721 3401 jam
1752 3347 1872 3403 quae
1897 3341 2025 3388 sunt

439 3447 562 3499 qua:
590 3430 722 3484 dicit
752 3429 1043 3498 Apostolus
1070 3429 1136 3482 ad
1169 3443 1292 3482 eum
1327 3427 1418 3499 qtti
1463 3427 1887 3496 cognominatur
1924 3424 2022 3481 Ju-

440 3527 609 3582 dzeus.
661 3523 845 3578 Primo
892 3537 1127 3593 namque
1165 3521 1266 3577 hoc
1296 3521 1701 3576 observandum
1735 3529 1838 3587 est,
1877 3519 2020 3589 quod

441 3629 547 3667 non
591 3613 722 3666 dixit
770 3612 836 3666 de
885 3627 948 3667 eo
979 3630 992 3666 :
1028 3632 1048 3663 ‹
1087 3610 1142 3666 Si
1185 3620 1365 3666 autem
1399 3619 1452 3664 tu
1500 3629 1518 3662 ι
1545 3609 1763 3666 Iudaeus
1787 3625 1876 3677 es;
1903 3611 2019 3675 sed,

443 3724 464 3754 ι
504 3703 719 3759 Judrcus
757 3704 1166 3772 cognominaris
1195 3720 1212 3758 :
1249 3723 1268 3757 ι
1303 3703 1429 3774 quia
1464 3719 1568 3758 non
1603 3703 1744 3757 idem
1789 3714 1872 3756 est
1897 3716 2021 3756 esse

439 3796 705 3864 Judaeum,
766 3808 820 3852 et
882 3797 1256 3868 cognontinari
1307 3795 1576 3850 Judaeum.
1643 3794 1757 3864 Ipse
1816 3794 2019 3848 etenim

442 3890 642 3944 Paulus
682 3891 837 3943 docet
871 3891 921 3942 in
947 3888 1430 3958 consequentibus,
1463 3889 1607 3958 quod
1644 3903 1769 3942 vere
1802 3885 2020 3942 Iudaeus

441 3985 512 4033 sit
545 3983 632 4034 ille
665 3982 754 4047 qui
788 3999 805 4029 ι
841 3980 892 4033 in
921 3981 1135 4034 occulto
1173 4001 1190 4034 ι
1228 3981 1588 4036 circumcisus
1617 3989 1700 4034 est
1723 3979 2017 4033 circumci-

441 4075 595 4127 si0ne
622 4071 826 4137 cordis,
859 4073 948 4142 qui
985 4091 1003 4124 ι
1045 4073 1266 4141 spiritu,
1301 4090 1404 4128 non
1447 4075 1625 4129 littera
1667 4093 1684 4125 ι
1721 4074 1892 4144 legem
1925 4089 2022 4127 cu-

440 4167 628 4222 stodit.
663 4185 682 4217 ι
720 4161 877 4232 cujus
905 4163 1019 4218 laus
1053 4179 1159 4218 non
1197 4179 1265 4218 ex
1301 4165 1632 4231 hominibus,
1678 4167 1770 4219 sed
1803 4181 1868 4220 ex
1908 4167 2021 4220 Deo

439 4267 544 4312 est.
590 4276 608 4310 ι
645 4257 744 4325 Qui
774 4264 953 4310 autem
994 4273 1012 4307 ι
1043 4255 1097 4309 in
1128 4253 1436 4321 manifesto,
1471 4257 1524 4309 in
1559 4271 1757 4311 carne»
1789 4258 2021 4311 circum-

441 4352 588 4405 risus
628 4359 733 4414 est,
767 4348 939 4418 legem
985 4349 1054 4404 ad
1109 4349 1212 4403 hoc
1244 4347 1540 4402 observans
1572 4357 1628 4400 ut
1672 4349 1923 4402 videatur
1955 4349 2020 4402 ab

2127 3151 2328 3207 mundo
2371 3151 2593 3220 effulsit,
2630 3173 2648 3204 ι
2691 3151 2890 3209 iuraris
2919 3171 2936 3209 :
2967 3153 3059 3222 qui
3095 3153 3236 3207 dicis
3275 3167 3380 3206 nou
3432 3148 3668 3203 mtecltan-

2123 3242 2274 3307 dum,
2313 3261 2334 3295 ι
2373 3245 2426 3298 in
2457 3259 2785 3316 synagogam
2822 3245 3003 3316 populi
3043 3244 3137 3299 Dei
3191 3241 3517 3298 adulterium
3545 3253 3668 3292 com-

2126 3333 2320 3398 mittis,
2347 3350 2655 3392 sermonem
2687 3337 2950 3392 doctrinae
2989 3351 3225 3406 pravum
3260 3348 3315 3393 et
3347 3334 3665 3393 adulterinum

2124 3427 2173 3482 ei
2205 3429 2573 3496 superducens
2606 3447 2619 3481 :
2649 3437 2703 3482 et
2746 3427 2985 3484 collocas
3022 3443 3144 3483 eam
3172 3445 3302 3484 cum
3341 3429 3470 3498 legis
3522 3428 3668 3480 littera

2124 3538 2243 3594 quae
2289 3517 2422 3575 foris
2471 3530 2576 3586 est,
2624 3534 2745 3574 cum
2803 3519 3070 3589 scriptum
3123 3519 3188 3574 de
3249 3535 3313 3575 ea
3369 3521 3528 3586 legas,
3567 3520 3669 3586 quia

2128 3609 2154 3666 ι’
2185 3613 2360 3668 omnis
2400 3611 2566 3682 gloria
2615 3609 2736 3664 lilia:
2787 3610 2930 3681 regis
2978 3610 3320 3667 intrinsecus
3348 3613 3392 3644 ³⁸
3424 3628 3437 3664 :
3495 3630 3512 3662 ι
3545 3620 3593 3664 et
3617 3608 3671 3662 ad

2125 3719 2287 3774 quam
2335 3702 2469 3773 legis
2515 3716 2614 3772 per
2673 3701 2997 3770 prophetam
3056 3700 3418 3757 nihilominus
3450 3701 3668 3754 dictum:

2128 3817 2147 3850 ι
2183 3795 2295 3850 Nisi
2327 3796 2540 3849 occulte
2563 3792 2867 3858 audieritis,
2903 3792 3141 3863 plorabit
3170 3793 3358 3847 anima
3384 3801 3548 3847 vestra
3569 3790 3626 3843 ".
3654 3807 3668 3838 ι

2124 3888 2226 3956 Qui
2273 3902 2403 3957 ergo
2461 3900 2626 3954 negas
2664 3886 3074 3948 mmchandum,
3111 3894 3225 3939 tam
3282 3901 3447 3956 grave
3496 3883 3675 3937 adulte-

2125 3981 2264 4035 rium
2293 3977 2606 4042 committis,
2641 3988 2700 4033 ut
2731 3977 3094 4032 adulterinum
3136 3991 3362 4030 sensum
3393 3975 3672 4031 introducas

2124 4075 2190 4126 ad
2220 4087 2338 4126 eam
2371 4072 2437 4125 de
2470 4085 2575 4139 qua
2607 4070 2813 4124 dictum
2845 4069 2983 4140 legis
3013 4085 3043 4124 a
3082 4073 3193 4126 Deo
3232 4087 3248 4124 :
3283 4089 3304 4121 ι
3343 4071 3452 4141 Ego
3489 4077 3536 4122 te
3565 4065 3670 4120 mihi

2123 4161 2465 4231 desponsabo
2492 4161 2544 4213 in
2572 4160 2674 4214 lide
2698 4169 2754 4214 et
2786 4160 3162 4215 misericordia
3200 4161 3268 4215 ".
3310 4179 3329 4211 ι
3364 4159 3462 4226 Qui
3504 4153 3675 4210 abomi-

2125 4255 2270 4309 naris
2306 4253 2464 4317 idola,
2496 4252 2840 4321 sacrilegium
2868 4252 3188 4317 committis,
3225 4267 3415 4307 verum
3448 4249 3671 4318 templum

2127 4345 2244 4411 Dei,
2297 4346 2439 4414 quod
2485 4353 2567 4399 est
2593 4343 2844 4399 Christus
2887 4343 3064 4408 Jcsus,
3097 4345 3333 4399 violans.
3377 4343 3546 4398 Solvis
3580 4337 3670 4408 (15)

442 4443 786 4507 hominibus,
833 4442 935 4496 iste
979 4458 1082 4496 non
1128 4447 1210 4494 est
1263 4454 1390 4494 vere
1414 4479 1428 4503 ,
1469 4441 1563 4494 sed
1607 4442 2022 4509 cognominatur
2054 4417 2098 4472 θ
2126 4439 2269 4492 enim
2301 4437 2556 4506 templum
2592 4438 2684 4490 Dei
2713 4435 2856 4505 quod
2892 4436 2942 4489 in
2973 4436 3149 4490 tribus
3185 4435 3384 4490 diebus
3418 4432 3674 4488 resuscita-

439 4535 680 4589 Jndzeus.
737 4533 810 4587 De
856 4534 940 4590 his
993 4534 1137 4588 enim
1173 4541 1227 4588 et
1262 4533 1376 4601 ipse
1424 4533 1717 4602 Apostolus
1768 4534 1899 4588 dicit
1927 4535 2016 4590 a°:

444 4644 468 4676 ς
511 4627 698 4679 Videte
741 4625 1212 4680 circumcisionem
1263 4640 1278 4679 :
1335 4639 1434 4679 nos
1488 4625 1630 4679 enim
1679 4641 1866 4678 sumus
1913 4625 2022 4679 cir-

443 4717 728 4781 cumcisio,
758 4717 845 4785 qui
879 4717 1074 4784 spiritu
1103 4715 1214 4770 Deo
1249 4717 1537 4770 servimus.
1571 4734 1588 4768 ι
1625 4716 1730 4769 Sed
1761 4725 1813 4768 et
1848 4714 2016 4770 Joan-

444 4825 542 4863 nes
578 4809 629 4862 in
670 4809 990 4878 Apocalypsi
1031 4811 1098 4864 de
1123 4809 1447 4878 quibusdam
1493 4809 1563 4863 ita
1593 4809 1725 4863 dicit
1757 4807 1800 4838 ³¹
1831 4829 1842 4862 :
1876 4826 1892 4856 ι
1919 4807 2022 4872 Qui

445 4905 633 4956 dicunt
666 4916 724 4955 se
760 4916 881 4956 esse
917 4899 1158 4964 Judmos,
1200 4909 1392 4955 etnon
1437 4909 1561 4954 sunt
1597 4915 1611 4952 :
1654 4919 1671 4951 ι
1701 4915 1836 4967 quos
1858 4898 2022 4953 etiam

449 5011 467 5042 ι
507 4993 572 5044 de
622 5007 890 5062 synagoga
929 4983 1166 5056 Sataule,
1201 5009 1220 5042 ι
1258 5006 1380 5046 esse
1429 4993 1770 5061 pronuntiat.
1830 4990 2024 5044 Scien-

443 5085 571 5136 dum
607 5091 787 5138 tamen
817 5091 918 5148 est,
942 5083 1087 5151 quod
1121 5083 1222 5138 iste
1247 5083 1340 5152 qui
1372 5101 1390 5133 ι
1424 5083 1476 5137 in
1506 5083 1722 5138 occulto
1765 5103 1782 5136 ι
1813 5091 1866 5136 et
1900 5097 2025 5135 vere

443 5173 664 5228 luimus
703 5187 806 5242 est,
840 5177 908 5229 ah
939 5176 1031 5230 illo
1059 5174 1192 5230 Juda
1234 5175 1556 5229 vocabulum
1593 5175 1794 5238 trahat,
1825 5175 1892 5229 de
1917 5192 2025 5245 quo

518 5265 563 5296 ’³
590 5265 742 5319 Rom.
776 5280 872 5328 vtt,
911 5264 996 5318 Η.
1073 5264 1119 5295 ³³
1148 5263 1301 5317 Rom.
1337 5279 1374 5326 ι,
1408 5265 1460 5318 8.

450 5334 538 5390 Η.
619 5336 664 5366 ³⁸
697 5335 886 5389 Matth.
940 5351 1010 5401 vt,
1053 5335 1144 5389 93.
1225 5335 1271 5366 ³³
1303 5333 1445 5388 Psal.
1497 5348 1641 5399 suv,
1695 5336 1780 5390 14.

444 5403 490 5434 ⁸⁹
535 5403 688 5456 Joau.
731 5421 782 5469 v,
818 5407 906 5460 66.

529 5500 641 5566 (10)
667 5502 756 5555 Sic
791 5517 980 5556 omnes
1025 5516 1158 5556 mss.
1215 5500 1357 5555 Editi
1401 5514 1550 5564 vero,
1585 5519 1603 5550 ι
1633 5504 1739 5554 hoc
1771 5501 1928 5554 modo
1962 5499 2027 5552 ad

449 5570 742 5624 Rullianus.
781 5590 799 5620 ι

525 5638 636 5700 ιιι)
676 5639 747 5688 Ita
782 5655 910 5692 IlISS.
949 5640 1089 5693 Editi
1121 5655 1270 5701 vero,
1303 5659 1322 5690 ι
1361 5641 1729 5694 ostendemus.
1768 5659 1784 5691 ι

523 5707 638 5778 (1‘2)
667 5708 762 5759 Ms.
799 5705 992 5774 llegius
1027 5725 1176 5761 num.
1216 5711 1371 5774 W59,
1408 5731 1424 5758 ι
1458 5726 1738 5778 personas.
1775 5730 1790 5760 ι
1827 5708 2018 5762 (ἶςιςιειι

1539 5263 1581 5293 ⁸ο
1614 5262 1809 5332 Philip.
1857 5280 1935 5328 ιιι,
1963 5263 2018 5327 2,
2053 5265 2107 5320 5.

1860 5335 1905 5365 ³⁶
1929 5333 2129 5388 Jet‘cnt.
2174 5351 2290 5402 λιιι,
2314 5333 2321 5334 ί
2345 5336 2430 5388 17.

2131 4540 2243 4585 tum
2267 4539 2348 4587 est
2366 4531 2411 4563 ³⁸
2436 4531 2501 4584 iis
2523 4531 2612 4598 qui
2639 4531 2887 4584 credunt.
2926 4527 3032 4582 Sed
3064 4537 3117 4582 et
3143 4529 3234 4597 qui
3261 4545 3324 4582 ex
3356 4529 3470 4596 lege
3493 4535 3541 4579 et
3570 4537 3673 4591 pro-

2127 4623 2306 4693 phetis
2331 4635 2636 4676 sermonem
2670 4619 2946 4674 Christum
2993 4619 3434 4686 pronuntiantem
3491 4617 3673 4669 furatur

2126 4724 2181 4770 et
2225 4713 2481 4778 occultat,
2534 4728 2602 4766 ne
2659 4713 2891 4782 populus
2920 4713 3108 4767 audiat
3134 4721 3188 4766 et
3230 4713 3440 4772 credat,
3481 4705 3674 4763 sacrile-

2126 4807 2272 4880 gium
2307 4806 2620 4872 committit,
2649 4814 2704 4860 et
2739 4820 2867 4860 vere
2908 4805 2998 4859 Dei
3037 4805 3297 4874 templum
3337 4803 3513 4857 violat.
3549 4800 3669 4853 ldeut

2127 4915 2342 4968 quoque
2371 4898 2461 4953 hic
2485 4899 2578 4968 qui
2611 4898 3030 4968 cognominatur
3061 4898 3279 4952 Judtetts
3299 4938 3314 4964 ,
3347 4906 3402 4951 et
3433 4892 3670 4964 gloriatur

2129 4993 2180 5046 in
2216 4992 2394 5046 littera
2425 4989 2585 5062 Legis
2615 4990 2814 5063 Moysi,
2851 4991 3241 5062 prazvaricator
3265 4989 3425 5060 Legis
3457 4983 3672 5055 arguitur

2127 5101 2250 5138 cum
2286 5098 2390 5138 non
2438 5084 2613 5138 credit
2642 5083 2884 5138 Christo.
2930 5083 2989 5136 Si
3039 5083 3182 5138 enim
3213 5081 3460 5136 crederet
3509 5071 3669 5142 Moysi,

2129 5175 2382 5228 crederet
2427 5173 2616 5243 utique
2664 5173 2816 5234 huic.
2866 5173 2934 5228 de
2982 5187 3088 5242 quo
3144 5171 3356 5241 Moyses
3385 5165 3584 5236 scripsit
3613 5162 3666 5211 ‘°.

2185 5265 2226 5296 ³¹
2265 5269 2427 5334 Apoc.
2450 5279 2534 5326 ιιι,
2555 5265 2610 5319 9.
2677 5265 2732 5322 ,³⁸
2767 5263 2901 5319 Gen.
2932 5279 3091 5334 sus,
3115 5263 3167 5328 8,
3197 5261 3250 5334 9,.
3307 5261 3375 5334 _”
3399 5257 3572 5311 Mam"
3595 5266 3666 5334 ξξν

2508 5320 2550 5366 θ’
2580 5320 2742 5399 Osee,
2786 5350 2844 5401 ll,
2888 5333 2974 5400 l9,
3017 5320 3107 5388 '20.
3154 5320 3165 5328 ’
3201 5333 3248 5362 ³⁸
3297 5329 3451 5385 Jour.
3503 5341 3557 5390 ιι,
3596 5320 3666 5377 i9.

2141 5513 2276 5569 mss.
2299 5507 2353 5569 et
2377 5499 2530 5564 editi,
2560 5516 2581 5551 ι
2617 5501 2884 5569 personis.
2917 5520 2936 5552 ι

2209 5567 2319 5638 (15)
2349 5569 2419 5622 Ita
2456 5586 2556 5626 ms.
2592 5566 2793 5640 llcgitts
2830 5588 2975 5626 num.
3010 5569 3162 5628 1659.
3187 5566 3379 5624 Caneri
3407 5576 3526 5617 vero
3552 5569 3660 5610 ":55-

2131 5654 2183 5694 Ct
2217 5640 2370 5706 editi,
2401 5659 2420 5691 ι
2464 5642 2704 5696 Solvisti.
2739 5660 2758 5693 ι
