3974 6206
410 259 515 315 897

1357 259 1712 316 COMMENT.
1751 259 1818 314 IN
1858 259 2074 317 EPiST.
2113 261 2202 314 AD
2245 261 2409 319 ROM.
2455 263 2584 317 LIB.
2623 263 2686 318 ll.

3547 273 3654 329 εςε

406 374 636 443 Propter
662 373 796 429 istos
833 388 963 444 ergo
995 374 1129 429 tales
1165 376 1255 444 qui
1292 377 1546 432 dicuntur
1573 378 1764 446 Judaei,
1788 389 1844 434 ct
1869 396 1974 434 non
2005 381 2052 438 A
2083 393 2169 432 res
2213 379 2329 449 (l7)
2365 395 2424 434 se
2455 396 2576 435 esse
2603 396 2892 446 caecorum,
2943 392 2998 438 ct
3043 385 3332 456 magistros
3362 387 3652 444 infantium

404 473 550 526 sunt,
585 479 778 518 nomen
824 463 914 516 Dei
963 465 1371 534 blasphematur
1414 467 1558 521 inter
1595 481 1807 537 gentes,
1869 486 1976 523 non

401 559 578 608 solum
606 570 704 624 pro
725 557 980 622 operibus
1002 572 1188 610 eorum
1218 561 1490 626 pessimis,
1531 563 1624 615 sed
1671 572 1724 616 et
1758 574 1978 631 prepter

400 647 660 700 humilem
703 657 759 701 et
794 646 1056 713 dejectant
1107 650 1543 718 intelligentiat‘n,
1584 667 1743 720 quam
1780 655 1978 709 habent

396 740 453 792 in
490 739 610 806 lege
637 749 690 794 et
749 741 1049 808 prophetis.
1107 740 1349 795 Ridicnla
1380 759 1612 812 namque
1654 747 1816 798 etiam
1845 747 1976 815 ipsis

396 833 655 902 gentibus
709 832 863 894 liuut,
903 847 1022 885 cum
1068 831 1226 899 Legis
1269 834 1504 886 litteram
1557 848 1852 906 sequentes
1884 840 1974 892 di-

398 935 527 978 cunt
557 925 668 991 (11)
699 941 710 975 :
747 943 766 976 ι
809 923 886 976 Ne
943 925 1204 994 tetigeris,
1238 945 1303 984 ne
1330 931 1654 998 gustaveris,
1695 949 1762 986 ne
1785 945 1973 989 conta-

400 1020 697 1073 tninaveris
725 1037 739 1073 :
771 1035 892 1086 quae
937 1030 1060 1074 sunt
1109 1023 1290 1075 omnia
1341 1025 1390 1076 in
1429 1027 1829 1096 corruptionem
1887 1044 1972 1083 se-

395 1111 630 1162 cumhun
668 1113 918 1164 mandata
944 1123 997 1165 et
1029 1113 1304 1169 doctrinas
1328 1116 1602 1171 hominum
1624 1117 1688 1175 ⁸⁸.
1722 1138 1741 1170 ι
1773 1121 1970 1176 Verum

396 1203 510 1257 iure
567 1205 857 1270 Apostolus
911 1205 1130 1273 quidem
1178 1207 1246 1259 ad
1294 1223 1416 1261 eum
1449 1211 1537 1278 qui
1574 1211 1825 1272 nomine.
1862 1228 1967 1266 non

393 1308 557 1359 onere
585 1294 803 1350 ludar-us
840 1305 943 1359 est,
986 1296 1149 1361 dicit;
1189 1299 1461 1366 pertinuere
1497 1313 1674 1356 tamen
1705 1305 1869 1356 etiam
1899 1307 1964 1360 ad

395 1402 610 1441 omnem
658 1389 927 1442 hominem
983 1402 1236 1456 possunt,
1279 1391 1330 1444 in
1376 1407 1483 1458 quo
1516 1408 1712 1448 nomen
1756 1403 1965 1450 tantmu

397 1480 678 1546 religionis
713 1487 768 1532 et
800 1480 1016 1549 pietatis
1045 1489 1150 1542 est,
1177 1497 1336 1550 opera
1368 1492 1570 1550 autem,
1619 1493 1670 1539 et
1719 1486 1964 1561 scientia,

392 1581 444 1625 et
483 1571 617 1624 ﬁdes
646 1571 820 1624 deest.
869 1569 935 1624 Et
982 1571 1099 1624 ideo
1133 1573 1336 1639 majore
1385 1588 1516 1626 cura
1567 1576 1683 1630 haec
1729 1577 1780 1631 in
1813 1579 1966 1633 nobis

391 1664 524 1732 ipsis
549 1677 711 1732 quam
747 1663 796 1716 in
824 1663 907 1717 his
935 1664 1024 1732 qui
1051 1664 1115 1717 ad
1147 1663 1304 1719 tidem
1337 1664 1544 1722 Christi
1576 1683 1685 1723 non
1718 1671 1940 1724 veniunt

391 1757 662 1810 discutere
692 1757 972 1819 debemus,
1008 1772 1074 1812 ne
1101 1758 1224 1824 quis
1256 1768 1501 1812 nostrum
1532 1760 1624 1829 qtti
1665 1775 1763 1830 per
1799 1761 1962 1816 ﬁdem

390 1849 592 1902 Christi
617 1857 670 1900 et
693 1848 1158 1902 circumcisionem
1186 1850 1238 1902 in
1277 1849 1549 1918 baptismo
1574 1851 1755 1905 datam
1799 1868 1961 1908 verus

388 1937 607 1992 .ludacus
657 1938 882 1992 etTectns
911 1949 1012 2000 est,
1055 1940 1184 1994 etin
1236 1940 1351 2010 lege
1398 1939 1600 1996 Christi
1647 1945 1956 2011 requiescit,

387 2029 657 2096 gloriatur
688 2043 902 2098 quoque
929 2044 987 2082 se
1020 2029 1284 2084 idolorum
1319 2046 1503 2086 errore
1532 2033 1757 2100 depulso
1790 2049 1960 2104 agno-

391 2120 535 2173 visse
564 2119 752 2186 Deum,
790 2128 842 2174 et
869 2119 984 2188 ejus
1007 2121 1109 2175 sibi
1141 2121 1442 2176 inuotuisse
1467 2122 1799 2180 voluntatem
1832 2126 1960 2194 (scit

388 2212 531 2265 enim
563 2214 794 2277 probare
820 2213 960 2280 quod
987 2211 1208 2276 bonum,
1237 2223 1288 2267 et
1316 2213 1712 2283 beneplacitum
1762 2226 1865 2280 est,
1902 2225 1957 2272 et

386 2301 684 2370 perfectum
711 2301 777 2366 “,
806 2310 859 2354 et
883 2317 947 2355 eo
975 2317 1148 2372 usque
1179 2304 1438 2372 pervenit,
1475 2313 1534 2358 ut
1560 2307 1726 2358 etiam
1761 2307 1871 2361 dux
1903 2317 1959 2362 et

383 2394 574 2446 doctor
607 2392 861 2448 Ecclesia:
889 2394 1047 2448 sitad
1087 2394 1470 2450 illuminandos
1506 2396 1615 2467 (l5)
1645 2413 1740 2453 eos
1775 2400 1866 2468 qui
1901 2401 1954 2454 in

385 2485 617 2538 scientia
671 2485 798 2540 caeci
851 2497 1014 2550 sunt,
1073 2495 1128 2540 et
1187 2487 1538 2543 instruendus
1589 2491 1844 2558 parvulos
1900 2493 1950 2546 in

381 2577 620 2647 Christo)
652 2593 665 2629 :
696 2592 765 2631 ne
817 2577 886 2638 is,
941 2577 1178 2647 inquam,
1236 2578 1358 2632 talis
1412 2579 1548 2632 alios
1578 2581 1795 2649 quidem
1829 2581 1956 2636 velit

381 2669 582 2722 docere
613 2668 934 2733 districtius,
969 2679 1024 2722 et
1060 2669 1127 2723 de
1161 2668 1242 2722 bis
1268 2684 1408 2738 quos
1439 2671 1655 2724 instruit
1684 2687 1952 2726 summam

379 2759 726 2824 disciplinam
757 2761 1022 2814 castitatis
1052 2761 1272 2829 exigere
1297 2759 1433 2831 (l6),
1472 2761 1586 2830 ipse
1615 2777 1745 2818 vero
1769 2763 1958 2818 intem-

377 2855 643 2922 perantia:
668 2853 797 2906 vitio
823 2863 880 2908 et
901 2853 1218 2923 cupiditatis
1247 2861 1524 2921 urgeatur,
1567 2870 1950 2926 nonnunquam

376 2950 544 3002 etiam
583 2947 814 3004 ﬂannnis
857 2949 1081 3002 occultas
1113 2947 1354 3002 libidinis
1382 2956 1596 3002 mstuet.
1636 2949 1717 3002 Ad
1759 2949 1950 3019 hujus-

1948 1711 1962 1734 ’
1998 1714 2039 1768 Β

2079 471 2424 540 profitentur,
2456 477 2748 542 probantes
2774 473 2988 527 utiliora
3015 493 3132 541 qua:
3188 477 3357 531 latere
3385 479 3454 531 ab
3481 482 3650 534 cccle-

2079 562 2315 616 siasticis
2359 563 2564 617 dicunt.
2611 561 2716 616 Sed
2756 563 2840 614 isti
2885 565 3143 632 quoniam
3193 569 3441 620 furantur
3486 573 3646 624 verba

2080 654 2194 715 Dei,
2251 665 2304 708 et
2373 655 2700 710 intellectum
2767 670 2952 708 eorum
3003 672 3255 724 perversa
3317 663 3652 727 expositione

2077 745 2400 815 subripiunt,
2429 757 2482 800 et
2510 746 2874 800 adulterinum
2909 747 3028 801 lidci
3057 764 3270 802 seusmn
3297 753 3362 804 ad
3395 768 3646 820 sponsam

2077 837 2275 892 Christi
2307 838 2604 893 Ecclesiam
2647 839 2700 892 in
2731 841 2909 907 regios
2941 840 3210 894 thalamos
3240 842 3526 909 inducunt,
3558 863 3647 900 rc-

2075 937 2161 983 cte
2208 929 2272 982 ad
2309 944 2403 982 eos
2436 927 2549 1000 (l8)
2598 928 2794 983 dicitur
2828 946 2841 980 :
2879 947 2895 979 ι
2937 928 3036 992 Qui
3079 933 3341 1000 pra-dicas
3408 949 3511 988 non
3561 934 3648 989 fn-

2075 1019 2327 1085 raudum,
2361 1017 2592 1086 iuraris;
2627 1021 2717 1088 qui
2771 1020 2908 1074 dicis
2935 1036 3036 1073 non
3070 1024 3470 1086 mtechandnm,
3509 1043 3645 1079 iniu:-

2074 1106 2290 1174 charis;
2359 1117 2414 1162 et
2461 1109 2553 1178 qui
2603 1129 2622 1161 ι
2674 1113 3059 1164 abominantur
3109 1131 3127 1163 ‹
3177 1113 3348 1181 idola,
3423 1116 3646 1169 sacrile-

2072 1198 2218 1267 gium
2280 1218 2299 1250 ι
2363 1202 2743 1265 committunt,
2824 1204 3055 1272 pretiosa
3114 1221 3239 1259 vasa
3297 1209 3361 1260 de
3446 1208 3643 1277 templo

2072 1291 2206 1355 Dci,
2269 1291 2476 1355 idest,
2535 1307 2673 1347 vera:
2728 1293 2846 1347 lidei
2908 1296 3232 1362 margaritas
3266 1298 3328 1350 de
3392 1297 3643 1366 Scriptu-

2072 1382 2147 1436 ris
2215 1384 2420 1437 sanctis
2493 1382 2774 1438 furantes:
2823 1402 2914 1453 per
2956 1402 3090 1455 quos
3141 1397 3194 1441 et
3231 1406 3249 1436 ι
3291 1403 3489 1443 nomen
3547 1391 3638 1445 Dei

2067 1475 2473 1545 blasphematur
2531 1480 2672 1532 inter
2725 1488 2929 1549 gentes,
2972 1500 2990 1533 ι
3041 1484 3166 1536 dum
3217 1494 3362 1539 casta
3425 1496 3479 1540 et
3541 1489 3643 1540 ho-

2070 1573 2222 1617 nesta
2301 1562 2561 1619 Ecclesiae
2643 1568 2888 1636 dogmata
2965 1573 3240 1640 corruptis
3319 1590 3380 1629 ac
3454 1577 3637 1644 turpi-

2068 1652 2166 1706 bus
2230 1655 2503 1708 maculant
2587 1657 2732 1729 (l9)
2795 1660 3063 1714 haeretica:
3127 1666 3414 1732 pravitatis
3485 1683 3640 1724 erro-

2068 1742 2235 1796 ribus.
2269 1742 2437 1814 489
2475 1745 2549 1798 Ex
2590 1746 2694 1798 illis
2725 1749 2866 1800 enim
2909 1761 2962 1802 et
3013 1750 3367 1820 infanticidii,
3395 1751 3449 1808 et
3484 1757 3637 1811 incc-

2065 1833 2155 1896 sti,
2217 1846 2652 1906 cmtet‘ortnnqne
2702 1839 2956 1893 similium
3011 1842 3272 1897 scelerum
3326 1847 3519 1913 probra
3569 1852 3634 1902 ad

2068 1925 2330 1982 invidiam
2367 1942 2570 1984 sancta-
2599 1931 2874 2002 religionis
2910 1944 3101 1988 exorta
3149 1948 3295 1990 sunt.
3338 1937 3630 1994 Sciendum

2067 2029 2247 2074 tamen
2295 2030 2400 2082 est,
2453 2022 2566 2075 haec
2603 2025 2916 2092 Apostolum
2967 2042 3063 2095 per
3093 2028 3321 2084 ironiam
3354 2033 3536 2087 dicere
3566 2033 3634 2087 ad

2057 2107 2292 2166 .ludaeos.
2342 2111 2528 2182 Neque
2561 2115 2705 2167 enim
2756 2117 2848 2186 qui
2897 2132 3023 2172 vere
3059 2121 3350 2188 requiescit
3383 2124 3433 2177 itt
3465 2123 3633 2194 Lege,

2059 2213 2112 2258 et
2133 2204 2396 2274 gloriatur
2445 2205 2497 2258 in
2548 2205 2680 2268 Deo,
2729 2215 2782 2259 et
2820 2210 3014 2274 probat
3063 2210 3306 2278 utiliora,
3358 2214 3472 2268 ha-c
3513 2230 3634 2285 qua:

2059 2306 2374 2352 enumerata
2407 2307 2532 2351 sunt
2566 2297 2748 2354 facere
2773 2300 3074 2354 credendus
3098 2313 3202 2356 est.
3233 2303 3630 2360 Testimonium

2057 2402 2187 2441 sane
2226 2389 2371 2458 quod
2402 2388 2601 2457 posuit,
2656 2389 2706 2442 id
2750 2399 2855 2453 est,
2917 2408 2936 2441 ι
2974 2390 3178 2446 Nomen
3225 2393 3370 2448 enim
3405 2397 3494 2451 Dei
3537 2415 3632 2467 per

2056 2494 2154 2536 vos
2181 2479 2590 2550 blasphematur
2630 2480 2770 2534 inter
2800 2490 3008 2552 gentes,
3035 2501 3053 2533 ι
3083 2484 3148 2537 de
3186 2483 3324 2538 Isaia
3352 2497 3628 2557 sumptum

2057 2580 2139 2625 est
2161 2570 2226 2622 ⁸⁸.

2135 2661 2223 2714 12.
2263 2679 2280 2713 t
2310 2659 2664 2714 Circumcisio
2701 2658 2920 2728 quidem
2951 2661 3192 2728 prodest,
3226 2663 3271 2716 si
3326 2663 3500 2731 legem
3531 2682 3630 2720 cu-

2056 2754 2311 2810 stodias:
2355 2753 2398 2807 si
2433 2763 2613 2808 autent
2643 2753 3033 2822 prtevaricator
3076 2753 3210 2822 legis
3251 2755 3342 2815 sis,
3389 2756 3629 2810 circum-

2055 2846 2190 2902 cisio
2247 2854 2336 2900 tua
2372 2847 2694 2915 prmputium
2727 2847 2869 2900 facta
2893 2855 2994 2899 est.
3021 2843 3078 2900 Si
3113 2846 3276 2915 igitur
3303 2848 3625 2916 prrcputium

2051 2938 2296 3008 justitias
2350 2938 2487 3008 legis
2539 2937 2833 3002 custodiat,
2879 2953 3059 2992 nonne
3113 2939 3429 3007 pra-potioni
3483 2938 3626 2994 illius

379 3044 524 3096 ιιιοιΙί
556 3057 687 3112 ergo
711 3041 983 3096 hominem
1032 3039 1359 3111 apostolicus
1385 3041 1485 3108 hic
1523 3056 1703 3096 sermo
1731 3055 1952 3112 compe-
1977 3038 2022 3096 C
2056 3030 2107 3084 ῖιι
2131 3030 2609 3084 υίτθιιηιεῖείοηεειιι
2644 3029 3012 3099 τορυίθιιίίυτν
3039 3039 3091 3083 ει
3115 3029 3380 3098 1¹¹¹¹ίε³δίι
3408 3030 3460 3084 Μ
3483 3033 3623 3099 ⁴Ι¹¹οι¹

378 3145 559 3188 tenter
603 3145 837 3206 aptatur,
885 3135 1072 3188 dicens
1111 3137 1160 3188 ei
1202 3151 1216 3188 :
1249 3153 1267 3186 ι
1306 3133 1385 3188 Tu
1417 3135 1505 3204 qui
1556 3135 1720 3188 doces
1761 3134 1948 3199 alium,

379 3229 611 3295 lt'ipSttm
667 3244 772 3282 non
803 3229 968 3282 doces
997 3241 1011 3278 :
1044 3227 1134 3295 qui
1169 3226 1432 3296 praedicas
1473 3241 1578 3280 non
1639 3223 1948 3290 furandum,

376 3321 615 3385 furat-is;
651 3321 742 3390 qui
781 3320 917 3375 dicis
955 3335 1060 3373 non
1095 3320 1502 3383 mteehandum,
1567 3318 1880 3374 mmcharis.
1925 3337 1945 3370 ι

375 3414 530 3478 Quod
564 3415 608 3468 si
641 3415 826 3477 etiam,
855 3424 910 3468 ut
938 3429 1324 3484 nonnunquam
1376 3412 1491 3467 lieri
1522 3411 1684 3476 solet,
1723 3427 1946 3467 munera

374 3507 555 3560 oblata
586 3507 718 3570 Deo,
753 3517 806 3561 et
833 3507 1024 3576 stipem
1059 3507 1111 3560 in
1153 3521 1280 3560 usus
1309 3519 1606 3574 pauperum
1639 3505 1846 3569 datam,
1881 3507 1947 3559 ad

376 3600 594 3667 propria
629 3598 778 3652 lucra
825 3599 1179 3659 converterit,
1233 3610 1379 3651 recte
1423 3596 1471 3650 ei
1507 3596 1708 3650 dicitur
1739 3612 1753 3648 :
1789 3615 1806 3648 ι
1845 3595 1946 3663 Qui

373 3692 708 3746 abominaris
731 3691 894 3753 idola,
921 3690 1262 3760 sacrilegium
1295 3689 1450 3742 facis.
1483 3706 1503 3740 ι
1532 3687 1587 3742 Si
1625 3703 1754 3742 vero
1779 3689 1944 3743 etiam

375 3790 560 3850 aperta
593 3782 834 3836 incurrat
862 3781 1171 3850 opprobria,
1199 3789 1253 3834 et
1275 3780 1340 3835 de
1361 3779 1588 3834 avaritia
1617 3777 1752 3846 ejus,
1782 3789 1947 3848 atque

377 3873 580 3942 iniquis
605 3872 852 3941 judiciis,
875 3882 930 3926 et
960 3871 1272 3926 temulentia
1306 3870 1581 3942 publicam
1623 3868 1735 3937 jam
1767 3879 1948 3925 teneat

378 3977 582 4029 notam,
622 3965 987 4020 dehonoratur
1027 3967 1168 4020 Deus
1211 3965 1264 4020 in
1301 3964 1512 4018 actibus
1541 3964 1659 4032 ejus
1691 3981 1705 4017 :
1735 3973 1790 4018 et
1821 3979 1944 4018 cum

372 4056 564 4111 doctor
595 4057 848 4111 Ecclesia:
873 4057 996 4112 talis
1016 4072 1138 4111 esse
1161 4055 1372 4127 pupulis
1396 4055 1714 4120 innotuerit,
1746 4069 1942 4110 nomen

374 4149 464 4202 Dei
493 4151 905 4216 blasphematur
934 4147 986 4202 in
1023 4149 1300 4218 gentibus.
1324 4147 1472 4202 Certi
1497 4157 1622 4203 sunt
1655 4149 1798 4202 enim
1828 4163 1943 4200 ma-

371 4242 541 4308 gistro
574 4240 778 4295 similes
810 4254 932 4294 esse
965 4240 1279 4309 discipulos.
1315 4238 1553 4294 Possunt
1603 4247 1784 4291 tamen
1824 4238 1938 4292 hazc

370 4333 557 4385 eadem
593 4335 750 4385 tertio
803 4331 920 4384 loco
962 4330 1124 4385 etiam
1174 4331 1447 4386 haereticis
1493 4329 1688 4400 aptari.
1727 4329 1796 4383 Et
1837 4328 1936 4397 ipsi

363 4424 515 4498 enim
545 4424 1000 4491 cognominantur
1026 4423 1343 4486 Christiani,
1379 4432 1432 4477 et
1475 4421 1717 4476 nonnulli
1747 4437 1936 4476 eorum

367 4519 528 4570 etiam
571 4514 766 4586 Legem
817 4524 1058 4578 tenuere,
1105 4529 1200 4582 per
1244 4529 1410 4584 quam
1449 4513 1725 4577 instructi,
1754 4513 1942 4568 ducto-

1027 4653 1070 4685 “
1108 4653 1263 4708 Rom.
1288 4668 1383 4717 xu,
1415 4652 1470 4706 2.
1560 4651 1608 4683 δ’
1629 4651 1731 4706 lsa.
1752 4667 1848 4712 LII,
1872 4649 1925 4704 5.

435 4660 482 4691 “
519 4657 724 4714 Coloss.
755 4673 816 4721 ιι,
859 4656 949 4711 21.

437 4779 551 4849 (ll)
597 4779 690 4832 Sic
737 4791 868 4830 mss.
914 4773 1054 4828 Editi
1085 4785 1235 4849 vero,
1269 4789 1286 4820 ι
1321 4769 1487 4849 etiam
1519 4771 1775 4849 gentibus
1809 4768 1942 4849 ipsis

369 4837 500 4921 legis
534 4837 1111 4921 'litteramsequeptes
1156 4841 1362 4921 dicunt.
1399 4857 1417 4890 ι
1451 4839 1678 4921 Deinde
1701 4855 1802 4892 ms.
1823 4837 1943 4921 Re-

369 4909 486 4984 eius
522 4936 671 4975 num.
705 4915 864 4979 1659,
897 4909 1041 4987 rNe
1091 4911 1408 4977 tetigeritis,
1459 4923 1524 4960 ne
1565 4909 1937 4987 gustaveritis,

369 5007 432 5044 ne
478 4985 1018 5052 contaminaveritis;
1053 5003 1072 5036 ι
1097 4993 1151 5036 et
1196 4990 1384 5051 postea
1417 4993 1606 5032 omnes
1643 4993 1798 5040 mss.,
1826 4993 1844 5026 ι
1887 4985 1939 5028 in

369 5060 734 5128 corruptione.
774 5073 819 5128 I_
894 5126 903 5128 4
1071 5121 1108 5128 _
1155 5122 1167 5128 _
1414 5126 1421 5128 _

339 5151 341 5155 ‘
432 5117 548 5200 (15)
592 5127 720 5182 Mss.
773 5126 1036 5200 pigrique,
1071 5121 1424 5200 Ra_ba_ntts_et
1459 5117 1612 5200 editi,
1648 5135 1665 5166 ι
1698 5124 1754 5200 ut
1790 5123 1938 5200 esset

365 5182 560 5256 (ιυῖὶεί
589 5182 787 5252 doctor'
811 5182 1066 5250 Eccl'esia-
1096 5192 1160 5244 ad
1199 5188 1603 5246 illntninandos,
1639 5195 1791 5256 Leto.
1826 5182 1932 5256 Sed

366 5253 559 5325 melior
587 5270 801 5321 videtur
845 5265 1007 5320 lectio
1056 5276 1160 5316 ms.
1209 5259 1358 5328 Regii
1395 5271 1545 5310 num.
1596 5253 1755 5311 1639.
1788 5264 1840 5308 ιιι
1878 5255 1930 5307 in

363 5354 553 5395 11081Γο
579 5348 753 5392 textu.
1296 5397 1326 5404 __
1396 5398 1408 5404 _
1453 5397 1484 5404 __
1646 5403 1651 5404 ,
1813 5394 1845 5404 _.

432 5410 549 5492 (16)
590 5409 714 5462 Mss.
747 5407 872 5491 duo,
907 5423 926 5456 r
957 5415 1236 5486 summam
1279 5397 1574 5492 dissiplinm
1605 5403 1687 5492 et.
1713 5397 1934 5492 castita:

358 5463 698 5548 tis‘exigere.
729 5495 748 5528 ι
781 5463 972 5531 Czeteri
1009 5487 1136 5526 vero
1165 5484 1315 5531 mss.,
1353 5466 1606 5520 [tabanus
1638 5475 1694 5518 et
1722 5463 1850 5518 editi
1878 5471 1934 5515 ut

359 5561 674 5693 In(11971“)mb‘ic
715 5631 816 5671 ms.
855 5612 1053 5683 Regius
1094 5626 1251 5693 num.
1289 5601 1928 5693 1659..blss.rvero‘duo,

362 5713 384 5744 ιι
425 5674 589 5746 etia'm
619 5689 788 5757 legem
833 5674 1017 5739 tenevre
1059 5682 1330 5744 videntur,
1367 5695 1385 5728 ι
1419 5675 1490 5728 al.
1527 5692 1546 5724 ‹
1593 5674 1867 5727 dicuntur.
1904 5691 1921 5722 ι

2055 3139 2120 3177 ex
2155 3134 2349 3177 natura
2379 3132 2464 3177 est
2491 3123 2840 3192 przeputium,
2877 3120 3048 3192 legem
3079 3122 3390 3192 perliciens,
3421 3135 3494 3189 te,
3532 3124 3624 3192 qui

2053 3231 2150 3285 per
2201 3214 2437 3268 litteram
2485 3225 2540 3268 et
2589 3213 3058 3268 circumcisionem
3123 3215 3507 3282 praevaricator
3562 3229 3622 3268 es

2054 3306 2189 3376 legis
2222 3306 2247 3359 ἲ
2289 3305 2404 3360 Non
2437 3306 2580 3358 enim
2612 3305 2704 3374 qui
2744 3304 2796 3359 in
2831 3305 3120 3360 manifesto
3141 3305 3360 3360 .ludzens
3389 3319 3489 3368 est,
3527 3322 3621 3358 ne-

2051 3410 2157 3465 que
2196 3411 2316 3466 qua:
2349 3396 2402 3449 in
2440 3392 2732 3448 manifesto
2776 3404 2865 3447 est
2917 3394 2970 3448 in
3015 3410 3182 3448 carne
3229 3395 3625 3457 circumcisio;

2051 3490 2148 3544 sed
2178 3489 2270 3558 qui
2308 3489 2360 3542 in
2391 3487 2608 3542 occulto
2635 3485 2852 3540 Judteus
2886 3495 3006 3553 est;
3036 3496 3090 3540 et
3119 3486 3470 3540 circumcisio
3501 3499 3619 3538 ror-

2051 3581 2132 3635 dis
2160 3580 2212 3632 in
2245 3579 2463 3649 spiritu,
2497 3593 2604 3631 non
2642 3576 2820 3632 littera
2849 3592 2866 3642 ;
2901 3577 3056 3644 cujus
3105 3577 3221 3630 laus
3271 3591 3377 3630 non
3411 3592 3474 3628 ex
3519 3581 3622 3628 ho-

2052 3673 2288 3727 minibus
2315 3680 2418 3732 est,
2453 3671 2546 3724 sed
2581 3684 2646 3723 ex
2681 3669 2791 3722 Deo
2817 3667 2882 3721 ”.
2914 3686 2936 3722 ι
2975 3668 3104 3735 Quae
3149 3669 3216 3722 sit
3263 3667 3614 3721 circumcisio

2048 3780 2212 3834 quam
2246 3763 2504 3833 prodesse
2536 3760 2667 3816 dicit
2690 3757 3000 3829 Apostolus,
3034 3759 3118 3814 vel
3153 3773 3272 3828 quae
3299 3756 3381 3811 lex
3425 3759 3620 3826 prosit,

2047 3857 2090 3913 si
2117 3855 2456 3912 custodiatur
2494 3851 2629 3926 (2ο),
2672 3851 2985 3922 diligentius
3032 3849 3419 3921 requirendum
3469 3852 3619 3903 vide-

2050 3959 2172 4012 tur;
2207 3957 2266 4000 ut
2298 3961 2422 4000 cum
2455 3946 2570 3999 lucc
2617 3942 3080 4004 intellexerimus,
3112 3939 3385 4012 possimus
3418 3949 3474 3993 et
3522 3954 3622 3994 nos

2047 4039 2382 4096 circumcidi.
2414 4038 2628 4108 Quippe
2671 4037 2717 4092 si
2753 4035 2973 4106 prodest
3007 4031 3379 4095 circumcisio,
3427 4046 3620 4085 secun-

2047 4135 2173 4188 dum
2204 4134 2426 4186 verbum
2455 4126 2697 4200 Apostoli
2729 4124 2985 4186 dicentis,
3018 4123 3147 4194 quia
3196 4140 3214 4174 ι
3269 4120 3620 4176 circumcisio

2045 4225 2293 4296 prodest,
2335 4223 2379 4276 si
2413 4221 2583 4290 legem
2631 4218 2929 4281 custodias,
2982 4234 3003 4268 ι
3047 4215 3162 4286 ipse
3216 4214 3509 4283 Apostolus
3558 4213 3613 4268 in

2047 4313 2505 4385 consequentibus
2552 4312 2736 4377 docet,
2774 4310 2899 4379 quia
2933 4325 2953 4358 ι
2991 4323 3096 4360 ιιοιι
3135 4305 3221 4359 illa
3258 4320 3378 4373 qua:
3407 4305 3460 4358 in
3497 4322 3610 4358 ma-

2049 4415 2248 4470 nil'esto
2275 4420 2358 4466 est
2388 4409 2442 4463 in
2469 4420 2636 4462 carne
2671 4402 3037 4464 circumcisio,
3070 4420 3089 4452 ι
3131 4400 3222 4454 sed
3260 4417 3279 4450 ι
3315 4398 3614 4452 cit-euinci-

2050 4507 2132 4563 sio
2162 4503 2340 4560 cordis
2381 4520 2400 4553 ι
2442 4514 2538 4570 per
2587 4496 2860 4568 spiritum,
2899 4507 3003 4546 non
3035 4509 3132 4561 per
3161 4491 3398 4544 litteram
3447 4491 3616 4552 facta,

2021 4648 2067 4681 “
2092 4643 2250 4700 Rom.
2295 4657 2358 4703 tt,
2401 4637 2582 4693 25-29.

2049 4761 2239 4820 Caeteri
2278 4774 2406 4812 mss.
2461 4766 2513 4811 et
2565 4755 2843 4815 Rabanus,
2881 4769 2899 4800 ο
2929 4751 3091 4803 etiam
3130 4751 3300 4819 legem
3335 4759 3549 4812 tenere,
3588 4769 3612 4804 ι

2048 4833 2252 4889 omisso
2283 4847 2301 4878 ι
2337 4828 2602 4884 videntur,
2641 4845 2658 4874 ι
2692 4823 2770 4876 vel
2808 4839 2826 4871 ι
2865 4822 3150 4884 dicuntur;
3202 4839 3220 4872 ι
3252 4829 3306 4875 et
3336 4835 3432 4883 pro
3459 4836 3478 4868 ι
3517 4824 3613 4872 du-

2049 4913 2230 4956 ctores
2257 4911 2527 4951 ca-cornm
2564 4912 2582 4944 ι
2621 4892 2840 4948 habent.
2883 4909 2901 4940 ι
2932 4891 3182 4945 doctores
3208 4900 3551 4943 cancrorum.
3586 4908 3609 4940 ι

2047 4971 2188 5025 Editi
2217 4984 2364 5030 vero,
2409 4983 2427 5016 ι
2462 4963 2624 5018 etiam
2657 4963 2771 5031 lege
2810 4969 2989 5021 tenus,
3023 4976 3120 5028 per
3164 4975 3325 5029 quam
3357 4960 3611 5011 instructi

2048 5044 2320 5098 doctores,
2357 5056 2373 5087 ι
2404 5045 2510 5090 etc.

2120 5110 2228 5178 (l8)
2268 5097 2394 5159 Mss.
2444 5102 2616 5160 nostri
2660 5111 2712 5156 et
2758 5100 3033 5164 Rabanus,
3068 5117 3085 5150 ι
3119 5098 3187 5152 ad
3235 5114 3349 5152 eos.
3383 5117 3404 5148 ι
3444 5097 3613 5163 Editi,

2048 5197 2067 5231 ι
2113 5181 2178 5232 tle
2218 5179 2320 5231 his.
2357 5192 2376 5224 ι

2113 5247 2225 5318 (19)
2259 5243 2420 5318 Ιεξιιίιί,
2453 5261 2490 5318 ς-
2513 5241 2874 5318 maculantur.
2909 5259 2927 5289 ι

2114 5306 2226 5391 (20)
2281 5315 2357 5391 I_ta
2407 5306 2538 5391 editi
2583 5309 2894 5391 :Rahanus
2949 5323 3100 5391 vero,
3143 5327 3162 5360 ι
3197 5306 3370 5391 yere,
3408 5307 3612 5388 inquit,

2040 5378 2261 5460 prodest
2293 5386 2397 5460 lex,
2426 5381 2857 5460 siicnstodiatur.
2881 5397 2913 5460 ι»
2965 5378 3062 5432 Ms.
3100 5379 3275 5460 codex
3315 5378 3611 5460 Ehrniccn-

2041 5449 2117 5514 sis
2144 5475 2157 5521 ;
2195 5477 2213 5508 σ
2245 5456 2328 5509 vel
2360 5452 2488 5522 quid
2522 5452 2767 5522 prodest,
2812 5449 2894 5522 vel
2941 5449 3183 5522 quatch
3213 5450 3406 5516 prosit.
3436 5455 3613 5522 stt-n-

2040 5517 2304 5582 stodiatur
2333 5517 2402 5587 ςὶ
2449 5517 2577 5574 mss.
2613 5521 2772 5586 ἣδε..
2801 5517 2875 5572 al.
2933 5537 2952 5570 ι
3001 5517 3080 5572 vel
3131 5520 3183 5572 iu
3225 5533 3333 5586 quo
3365 5518 3610 5581 prodest,

2039 5598 2120 5651 vel
2149 5611 2267 5666 qua:
2295 5594 2402 5653 lex.
2439 5591 2500 5666 si_
2523 5590 2921 5666 custodiatur“;
2971 5609 2989 5641 ι
3042 5588 3115 5646 al.
3149 5605 3167 5639 ι
3203 5589 3287 5644 vel
3328 5588 3455 5656 quid
3486 5601 3610 5657 pro-

2039 5659 2180 5730 dest,
2215 5666 2295 5720 vel
2333 5678 2452 5734 quae
2489 5661 2597 5724 lex,
2629 5659 2674 5716 si
2699 5660 3058 5716 custodiatur.
3085 5687 3102 5718 ι
