  <div class='ocr_page' id='page_1' title='image "/cluster/home/n/w/nwhite01/storage/ocr_20150623/14/hvd.32044073501363/455.png"; bbox 0 0 3974 6206; ppageno 0'>
   <div class='ocr_carea' id='block_1_1' title="bbox 397 299 3659 363">
    <p class='ocr_par' dir='ltr' id='par_1_1' title="bbox 397 299 3659 363">
     <span class='ocr_line' id='line_1_1' title="bbox 397 299 3659 363; baseline 0.001 -7"><span class='ocrx_word' id='word_1_1' title='bbox 397 307 502 360; x_wconf 67' lang='lat'><strong>1.99</strong></span> <span class='ocrx_word' id='word_1_2' title='bbox 1848 299 2172 359; x_wconf 73' lang='lat' dir='ltr'><strong>DRiCENlS</strong></span> <span class='ocrx_word' id='word_1_3' title='bbox 3549 309 3659 363; x_wconf 78' lang='lat'><strong>900</strong></span> 
     </span>
    </p>
   </div>
   <div class='ocr_carea' id='block_1_2' title="bbox 355 421 3660 502">
    <p class='ocr_par' dir='ltr' id='par_1_2' title="bbox 355 421 3660 502">
     <span class='ocr_line' id='line_1_2' title="bbox 355 421 3660 502; baseline 0.001 -25"><span class='ocrx_word' id='word_1_4' title='bbox 355 489 363 502; x_wconf 33' lang='grc' dir='ltr'><strong>ε</strong></span> <span class='ocrx_word' id='word_1_5' title='bbox 395 427 614 479; x_wconf 80' lang='lat' dir='ltr'><strong>laudem</strong></span> <span class='ocrx_word' id='word_1_6' title='bbox 655 426 818 480; x_wconf 87' lang='lat' dir='ltr'><strong>habet</strong></span> <span class='ocrx_word' id='word_1_7' title='bbox 850 443 954 481; x_wconf 89' lang='lat' dir='ltr'><strong>non</strong></span> <span class='ocrx_word' id='word_1_8' title='bbox 1003 443 1067 480; x_wconf 76' lang='lat' dir='ltr'><strong>ex</strong></span> <span class='ocrx_word' id='word_1_9' title='bbox 1128 423 1463 488; x_wconf 89' lang='lat' dir='ltr'><strong>hominilms,</strong></span> <span class='ocrx_word' id='word_1_10' title='bbox 1497 423 1591 478; x_wconf 88' lang='lat' dir='ltr'><strong>sed</strong></span> <span class='ocrx_word' id='word_1_11' title='bbox 1623 439 1688 478; x_wconf 78' lang='lat' dir='ltr'><strong>ex</strong></span> <span class='ocrx_word' id='word_1_12' title='bbox 1729 425 1837 478; x_wconf 83' lang='lat' dir='ltr'><strong>Deo</strong></span> <span class='ocrx_word' id='word_1_13' title='bbox 1871 443 1885 480; x_wconf 90' lang='lat'>:</span> <span class='ocrx_word' id='word_1_14' title='bbox 1918 435 1974 479; x_wconf 90' lang='lat' dir='ltr'><strong>et</strong></span> <span class='ocrx_word' id='word_1_15' title='bbox 2003 427 2048 481; x_wconf 75' lang='grc' dir='ltr'><strong>Α</strong></span> <span class='ocrx_word' id='word_1_16' title='bbox 2076 424 2263 492; x_wconf 91' lang='lat' dir='ltr'><strong>possit.</strong></span> <span class='ocrx_word' id='word_1_17' title='bbox 2295 421 2525 492; x_wconf 78' lang='lat' dir='ltr'><strong>Dignius</strong></span> <span class='ocrx_word' id='word_1_18' title='bbox 2553 435 2684 493; x_wconf 90' lang='lat' dir='ltr'><strong>ergo</strong></span> <span class='ocrx_word' id='word_1_19' title='bbox 2712 430 2767 477; x_wconf 87' lang='lat' dir='ltr'><strong>et</strong></span> <span class='ocrx_word' id='word_1_20' title='bbox 2791 423 3101 479; x_wconf 74' lang='lat' dir='ltr'><strong>evidentius</strong></span> <span class='ocrx_word' id='word_1_21' title='bbox 3139 424 3481 496; x_wconf 71' lang='lat' dir='ltr'><strong>intelligitur.</strong></span> <span class='ocrx_word' id='word_1_22' title='bbox 3515 432 3660 498; x_wconf 89' lang='lat' dir='ltr'><strong>quod</strong></span> 
     </span>
    </p>
   </div>
   <div class='ocr_carea' id='block_1_3' title="bbox 349 515 3661 606">
    <p class='ocr_par' dir='ltr' id='par_1_3' title="bbox 349 515 3661 606">
     <span class='ocr_line' id='line_1_3' title="bbox 349 515 3661 606; baseline 0.001 -38"><span class='ocrx_word' id='word_1_23' title='bbox 395 518 524 571; x_wconf 90' lang='lat' dir='ltr'><strong>alibi</strong></span> <span class='ocrx_word' id='word_1_24' title='bbox 555 519 686 574; x_wconf 89' lang='lat' dir='ltr'><strong>dicit</strong></span> <span class='ocrx_word' id='word_1_25' title='bbox 713 519 762 552; x_wconf 72' lang='lat'><strong>“</strong></span> <span class='ocrx_word' id='word_1_26' title='bbox 801 536 816 574; x_wconf 82' lang='lat'><strong><em>:</em></strong></span> <span class='ocrx_word' id='word_1_27' title='bbox 864 538 881 570; x_wconf 75' lang='grc' dir='ltr'>ι</span> <span class='ocrx_word' id='word_1_28' title='bbox 929 516 1116 572; x_wconf 83' lang='lat' dir='ltr'><strong>Videte</strong></span> <span class='ocrx_word' id='word_1_29' title='bbox 1151 515 1624 572; x_wconf 88' lang='lat' dir='ltr'><strong>circumcisionem</strong></span> <span class='ocrx_word' id='word_1_30' title='bbox 1657 535 1670 570; x_wconf 91' lang='lat'><strong>:</strong></span> <span class='ocrx_word' id='word_1_31' title='bbox 1704 532 1801 571; x_wconf 86' lang='lat' dir='ltr'><strong>nos</strong></span> <span class='ocrx_word' id='word_1_32' title='bbox 1827 518 1969 570; x_wconf 87' lang='lat' dir='ltr'><strong>enim</strong></span> <span class='ocrx_word' id='word_1_33' title='bbox 2076 515 2411 570; x_wconf 77' lang='lat' dir='ltr'><strong>continentia</strong></span> <span class='ocrx_word' id='word_1_34' title='bbox 2460 515 2586 569; x_wconf 89' lang='lat' dir='ltr'><strong>mali</strong></span> <span class='ocrx_word' id='word_1_35' title='bbox 2632 515 2835 584; x_wconf 87' lang='lat' dir='ltr'><strong>operis,</strong></span> <span class='ocrx_word' id='word_1_36' title='bbox 2866 531 2988 584; x_wconf 77' lang='lat' dir='ltr'><strong>qua:</strong></span> <span class='ocrx_word' id='word_1_37' title='bbox 3037 531 3135 584; x_wconf 91' lang='lat' dir='ltr'><strong>per</strong></span> <span class='ocrx_word' id='word_1_38' title='bbox 3181 517 3661 574; x_wconf 85' lang='lat' dir='ltr'><strong>circumcisionem</strong></span> 
     </span>
    </p>
   </div>
   <div class='ocr_carea' id='block_1_4' title="bbox 354 611 1972 682">
    <p class='ocr_par' dir='ltr' id='par_1_4' title="bbox 354 611 1972 682">
     <span class='ocr_line' id='line_1_4' title="bbox 354 611 1972 682; baseline 0.004 -17"><span class='ocrx_word' id='word_1_39' title='bbox 354 629 356 634; x_wconf 74' lang='grc'><em>’</em></span> <span class='ocrx_word' id='word_1_40' title='bbox 397 629 584 668; x_wconf 86' lang='lat' dir='ltr'><strong>sunms</strong></span> <span class='ocrx_word' id='word_1_41' title='bbox 620 612 990 676; x_wconf 89' lang='lat' dir='ltr'><strong>circumcisio.</strong></span> <span class='ocrx_word' id='word_1_42' title='bbox 1043 613 1136 682; x_wconf 92' lang='lat' dir='ltr'><strong>qui</strong></span> <span class='ocrx_word' id='word_1_43' title='bbox 1189 611 1384 681; x_wconf 91' lang='lat' dir='ltr'><strong>spiritu</strong></span> <span class='ocrx_word' id='word_1_44' title='bbox 1436 611 1546 668; x_wconf 92' lang='lat' dir='ltr'><strong>Deo</strong></span> <span class='ocrx_word' id='word_1_45' title='bbox 1579 615 1870 680; x_wconf 84' lang='lat' dir='ltr'><strong>servimus,</strong></span> <span class='ocrx_word' id='word_1_46' title='bbox 1917 625 1972 671; x_wconf 86' lang='lat' dir='ltr'><strong>et</strong></span> 
     </span>
    </p>
   </div>
   <div class='ocr_carea' id='block_1_5' title="bbox 399 706 1972 777">
    <p class='ocr_par' dir='ltr' id='par_1_5' title="bbox 399 706 1972 777">
     <span class='ocr_line' id='line_1_5' title="bbox 399 706 1972 777; baseline 0.002 -19"><span class='ocrx_word' id='word_1_47' title='bbox 399 722 503 760; x_wconf 87' lang='lat' dir='ltr'><strong>non</strong></span> <span class='ocrx_word' id='word_1_48' title='bbox 557 707 607 760; x_wconf 91' lang='lat' dir='ltr'><strong>in</strong></span> <span class='ocrx_word' id='word_1_49' title='bbox 661 720 825 759; x_wconf 88' lang='lat' dir='ltr'><strong>carne</strong></span> <span class='ocrx_word' id='word_1_50' title='bbox 877 706 1218 764; x_wconf 89' lang='lat' dir='ltr'><strong>conﬁdimus.</strong></span> <span class='ocrx_word' id='word_1_51' title='bbox 1267 729 1285 762; x_wconf 71' lang='grc' dir='ltr'><strong>ι</strong></span> <span class='ocrx_word' id='word_1_52' title='bbox 1324 707 1476 773; x_wconf 72' lang='lat' dir='ltr'><strong>Haec,</strong></span> <span class='ocrx_word' id='word_1_53' title='bbox 1529 716 1588 762; x_wconf 93' lang='lat' dir='ltr'><strong>ut</strong></span> <span class='ocrx_word' id='word_1_54' title='bbox 1625 708 1839 777; x_wconf 74' lang='lat' dir='ltr'><strong>Opinor,</strong></span> <span class='ocrx_word' id='word_1_55' title='bbox 1890 719 1972 763; x_wconf 89' lang='lat' dir='ltr'><strong>est</strong></span> 
     </span>
    </p>
   </div>
   <div class='ocr_carea' id='block_1_6' title="bbox 397 796 1970 869">
    <p class='ocr_par' dir='ltr' id='par_1_6' title="bbox 397 796 1970 869">
     <span class='ocr_line' id='line_1_6' title="bbox 397 796 1970 869; baseline 0.004 -22"><span class='ocrx_word' id='word_1_56' title='bbox 397 796 744 849; x_wconf 80' lang='lat' dir='ltr'><strong>circumcisio</strong></span> <span class='ocrx_word' id='word_1_57' title='bbox 760 811 926 865; x_wconf 89' lang='lat' dir='ltr'><strong>quam</strong></span> <span class='ocrx_word' id='word_1_58' title='bbox 952 797 1210 865; x_wconf 84' lang='lat' dir='ltr'><strong>prodesse</strong></span> <span class='ocrx_word' id='word_1_59' title='bbox 1229 800 1360 855; x_wconf 88' lang='lat' dir='ltr'><strong>dicit</strong></span> <span class='ocrx_word' id='word_1_60' title='bbox 1388 800 1704 869; x_wconf 89' lang='lat' dir='ltr'><strong>Apostolus,</strong></span> <span class='ocrx_word' id='word_1_61' title='bbox 1726 801 1769 854; x_wconf 90' lang='lat' dir='ltr'><strong>si</strong></span> <span class='ocrx_word' id='word_1_62' title='bbox 1796 799 1970 868; x_wconf 83' lang='lat' dir='ltr'><strong>legem</strong></span> 
     </span>
    </p>
   </div>
   <div class='ocr_carea' id='block_1_7' title="bbox 395 887 1972 960">
    <p class='ocr_par' dir='ltr' id='par_1_7' title="bbox 395 887 1972 960">
     <span class='ocr_line' id='line_1_7' title="bbox 395 887 1972 960; baseline 0.006 -24"><span class='ocrx_word' id='word_1_63' title='bbox 395 887 710 942; x_wconf 82' lang='lat' dir='ltr'><strong>custodias:</strong></span> <span class='ocrx_word' id='word_1_64' title='bbox 745 902 853 942; x_wconf 93' lang='lat' dir='ltr'><strong>non</strong></span> <span class='ocrx_word' id='word_1_65' title='bbox 891 889 1061 958; x_wconf 81' lang='lat' dir='ltr'><strong>legem</strong></span> <span class='ocrx_word' id='word_1_66' title='bbox 1089 890 1302 956; x_wconf 66' lang='lat' dir='ltr'><strong>litterae,</strong></span> <span class='ocrx_word' id='word_1_67' title='bbox 1343 891 1498 958; x_wconf 85' lang='lat' dir='ltr'><strong>cujus</strong></span> <span class='ocrx_word' id='word_1_68' title='bbox 1528 891 1714 960; x_wconf 86' lang='lat' dir='ltr'><strong>utique</strong></span> <span class='ocrx_word' id='word_1_69' title='bbox 1734 891 1972 946; x_wconf 84' lang='lat' dir='ltr'><strong>circum-</strong></span> 
     </span>
    </p>
   </div>
   <div class='ocr_carea' id='block_1_8' title="bbox 396 978 1971 1052">
    <p class='ocr_par' dir='ltr' id='par_1_8' title="bbox 396 978 1971 1052">
     <span class='ocr_line' id='line_1_8' title="bbox 396 978 1971 1052; baseline 0.005 -22"><span class='ocrx_word' id='word_1_70' title='bbox 396 978 655 1033; x_wconf 89' lang='lat' dir='ltr'><strong>cisionem</strong></span> <span class='ocrx_word' id='word_1_71' title='bbox 689 979 745 1034; x_wconf 89' lang='lat' dir='ltr'><strong>in</strong></span> <span class='ocrx_word' id='word_1_72' title='bbox 779 996 944 1037; x_wconf 89' lang='lat' dir='ltr'><strong>carne</strong></span> <span class='ocrx_word' id='word_1_73' title='bbox 977 997 1080 1036; x_wconf 89' lang='lat' dir='ltr'><strong>non</strong></span> <span class='ocrx_word' id='word_1_74' title='bbox 1125 983 1343 1052; x_wconf 90' lang='lat' dir='ltr'><strong>recipis.</strong></span> <span class='ocrx_word' id='word_1_75' title='bbox 1373 983 1465 1038; x_wconf 90' lang='lat' dir='ltr'><strong>sed</strong></span> <span class='ocrx_word' id='word_1_76' title='bbox 1502 983 1672 1052; x_wconf 87' lang='lat' dir='ltr'><strong>legem</strong></span> <span class='ocrx_word' id='word_1_77' title='bbox 1725 983 1971 1050; x_wconf 83' lang='lat' dir='ltr'><strong>spiritus,</strong></span> 
     </span>
    </p>
   </div>
   <div class='ocr_carea' id='block_1_9' title="bbox 397 1072 1968 1142">
    <p class='ocr_par' dir='ltr' id='par_1_9' title="bbox 397 1072 1968 1142">
     <span class='ocr_line' id='line_1_9' title="bbox 397 1072 1968 1142; baseline 0.001 -18"><span class='ocrx_word' id='word_1_78' title='bbox 397 1072 694 1126; x_wconf 87' lang='lat' dir='ltr'><strong>secundum</strong></span> <span class='ocrx_word' id='word_1_79' title='bbox 723 1089 886 1142; x_wconf 82' lang='lat' dir='ltr'><strong>quam</strong></span> <span class='ocrx_word' id='word_1_80' title='bbox 908 1073 1316 1128; x_wconf 84' lang='lat' dir='ltr'><strong>circumcideris</strong></span> <span class='ocrx_word' id='word_1_81' title='bbox 1337 1074 1523 1131; x_wconf 90' lang='lat' dir='ltr'><strong>corde.</strong></span> <span class='ocrx_word' id='word_1_82' title='bbox 1559 1092 1577 1124; x_wconf 73' lang='grc' dir='ltr'>ι</span> <span class='ocrx_word' id='word_1_83' title='bbox 1604 1072 1803 1127; x_wconf 83' lang='lat' dir='ltr'><strong>Littera</strong></span> <span class='ocrx_word' id='word_1_84' title='bbox 1827 1074 1968 1126; x_wconf 91' lang='lat' dir='ltr'><strong>enim</strong></span> 
     </span>
    </p>
   </div>
   <div class='ocr_carea' id='block_1_10' title="bbox 395 1167 1968 1238">
    <p class='ocr_par' dir='ltr' id='par_1_10' title="bbox 395 1167 1968 1238">
     <span class='ocr_line' id='line_1_10' title="bbox 395 1167 1968 1238; baseline 0.001 -18"><span class='ocrx_word' id='word_1_85' title='bbox 395 1167 619 1232; x_wconf 89' lang='lat' dir='ltr'><strong>occidit,</strong></span> <span class='ocrx_word' id='word_1_86' title='bbox 654 1168 883 1237; x_wconf 78' lang='lat' dir='ltr'><strong>spiritus</strong></span> <span class='ocrx_word' id='word_1_87' title='bbox 914 1179 1093 1224; x_wconf 88' lang='lat' dir='ltr'><strong>autem</strong></span> <span class='ocrx_word' id='word_1_88' title='bbox 1121 1171 1383 1234; x_wconf 81' lang='lat' dir='ltr'><strong>viviﬁcat,</strong></span> <span class='ocrx_word' id='word_1_89' title='bbox 1426 1190 1444 1222; x_wconf 75' lang='grc' dir='ltr'><strong><em>ι</em></strong></span> <span class='ocrx_word' id='word_1_90' title='bbox 1486 1170 1612 1238; x_wconf 89' lang='lat' dir='ltr'><strong>quia</strong></span> <span class='ocrx_word' id='word_1_91' title='bbox 1645 1179 1699 1223; x_wconf 91' lang='lat' dir='ltr'><strong>et</strong></span> <span class='ocrx_word' id='word_1_92' title='bbox 1740 1168 1824 1222; x_wconf 84' lang='lat' dir='ltr'><strong>lex</strong></span> <span class='ocrx_word' id='word_1_93' title='bbox 1877 1169 1968 1222; x_wconf 86' lang='lat' dir='ltr'><strong>Dei</strong></span> 
     </span>
    </p>
   </div>
   <div class='ocr_carea' id='block_1_11' title="bbox 402 1255 1970 1326">
    <p class='ocr_par' dir='ltr' id='par_1_11' title="bbox 402 1255 1970 1326">
     <span class='ocr_line' id='line_1_11' title="bbox 402 1255 1970 1326; baseline 0.004 -22"><span class='ocrx_word' id='word_1_94' title='bbox 402 1273 421 1304; x_wconf 70' lang='grc' dir='ltr'><strong><em>ι</em></strong></span> <span class='ocrx_word' id='word_1_95' title='bbox 445 1255 847 1310; x_wconf 72' lang='lat' dir='ltr'><strong>llOllH‘Clel&#39;lUN</strong></span> <span class='ocrx_word' id='word_1_96' title='bbox 864 1265 1170 1313; x_wconf 90' lang='lat' dir='ltr'><strong>atramento</strong></span> <span class='ocrx_word' id='word_1_97' title='bbox 1197 1257 1426 1326; x_wconf 84' lang='lat' dir='ltr'><strong>scripta,</strong></span> <span class='ocrx_word' id='word_1_98' title='bbox 1467 1277 1484 1310; x_wconf 76' lang='grc' dir='ltr'><strong>ι</strong></span> <span class='ocrx_word' id='word_1_99' title='bbox 1521 1258 1616 1312; x_wconf 86' lang='lat' dir='ltr'><strong>sed</strong></span> <span class='ocrx_word' id='word_1_100' title='bbox 1654 1258 1824 1324; x_wconf 79' lang='lat' dir='ltr'><strong>digito</strong></span> <span class='ocrx_word' id='word_1_101' title='bbox 1855 1259 1970 1324; x_wconf 90' lang='lat' dir='ltr'><strong>Dei,</strong></span> 
     </span>
    </p>
   </div>
   <div class='ocr_carea' id='block_1_12' title="bbox 397 1345 1969 1417">
    <p class='ocr_par' dir='ltr' id='par_1_12' title="bbox 397 1345 1969 1417">
     <span class='ocr_line' id='line_1_12' title="bbox 397 1345 1969 1417; baseline 0.006 -23"><span class='ocrx_word' id='word_1_102' title='bbox 397 1347 486 1413; x_wconf 88' lang='lat' dir='ltr'><strong>qui</strong></span> <span class='ocrx_word' id='word_1_103' title='bbox 521 1356 604 1398; x_wconf 87' lang='lat' dir='ltr'><strong>est</strong></span> <span class='ocrx_word' id='word_1_104' title='bbox 637 1347 864 1413; x_wconf 87' lang='lat' dir='ltr'><strong>spiritus</strong></span> <span class='ocrx_word' id='word_1_105' title='bbox 895 1345 1035 1413; x_wconf 87' lang='lat' dir='ltr'><strong>ejus,</strong></span> <span class='ocrx_word' id='word_1_106' title='bbox 1077 1369 1094 1400; x_wconf 75' lang='grc' dir='ltr'>ι</span> <span class='ocrx_word' id='word_1_107' title='bbox 1127 1359 1180 1402; x_wconf 91' lang='lat' dir='ltr'><strong>et</strong></span> <span class='ocrx_word' id='word_1_108' title='bbox 1215 1365 1318 1402; x_wconf 91' lang='lat' dir='ltr'><strong>non</strong></span> <span class='ocrx_word' id='word_1_109' title='bbox 1373 1349 1424 1402; x_wconf 93' lang='lat' dir='ltr'><strong>in</strong></span> <span class='ocrx_word' id='word_1_110' title='bbox 1466 1348 1668 1403; x_wconf 82' lang='lat' dir='ltr'><strong>tabulis</strong></span> <span class='ocrx_word' id='word_1_111' title='bbox 1720 1348 1969 1417; x_wconf 84' lang='lat' dir='ltr'><strong>lapideis,</strong></span> 
     </span>
    </p>
   </div>
   <div class='ocr_carea' id='block_1_13' title="bbox 399 1437 1970 1507">
    <p class='ocr_par' dir='ltr' id='par_1_13' title="bbox 399 1437 1970 1507">
     <span class='ocr_line' id='line_1_13' title="bbox 399 1437 1970 1507; baseline 0.001 -17"><span class='ocrx_word' id='word_1_112' title='bbox 399 1439 492 1490; x_wconf 85' lang='lat' dir='ltr'><strong>sed</strong></span> <span class='ocrx_word' id='word_1_113' title='bbox 528 1440 581 1491; x_wconf 89' lang='lat' dir='ltr'><strong>in</strong></span> <span class='ocrx_word' id='word_1_114' title='bbox 615 1438 811 1492; x_wconf 86' lang='lat' dir='ltr'><strong>tabulis</strong></span> <span class='ocrx_word' id='word_1_115' title='bbox 835 1439 1016 1495; x_wconf 83' lang='lat' dir='ltr'><strong>cordis</strong></span> <span class='ocrx_word' id='word_1_116' title='bbox 1045 1439 1111 1492; x_wconf 74' lang='grc'><strong>⁸⁸.</strong></span> <span class='ocrx_word' id='word_1_117' title='bbox 1131 1457 1149 1490; x_wconf 73' lang='grc' dir='ltr'><strong>ι</strong></span> <span class='ocrx_word' id='word_1_118' title='bbox 1183 1437 1384 1493; x_wconf 80' lang='lat' dir='ltr'><strong>Verum</strong></span> <span class='ocrx_word' id='word_1_119' title='bbox 1409 1447 1586 1507; x_wconf 88' lang='lat' dir='ltr'><strong>potest</strong></span> <span class='ocrx_word' id='word_1_120' title='bbox 1618 1439 1773 1496; x_wconf 89' lang='lat' dir='ltr'><strong>nobis</strong></span> <span class='ocrx_word' id='word_1_121' title='bbox 1789 1440 1970 1505; x_wconf 90' lang='lat' dir='ltr'><strong>objiei,</strong></span> 
     </span>
    </p>
   </div>
   <div class='ocr_carea' id='block_1_14' title="bbox 397 1529 1970 1600">
    <p class='ocr_par' dir='ltr' id='par_1_14' title="bbox 397 1529 1970 1600">
     <span class='ocr_line' id='line_1_14' title="bbox 397 1529 1970 1600; baseline 0.001 -19"><span class='ocrx_word' id='word_1_122' title='bbox 397 1530 528 1596; x_wconf 84' lang='lat' dir='ltr'><strong>quia</strong></span> <span class='ocrx_word' id='word_1_123' title='bbox 574 1529 618 1581; x_wconf 91' lang='lat' dir='ltr'><strong>si</strong></span> <span class='ocrx_word' id='word_1_124' title='bbox 665 1529 956 1598; x_wconf 82' lang='lat' dir='ltr'><strong>Apostolus</strong></span> <span class='ocrx_word' id='word_1_125' title='bbox 1005 1529 1483 1586; x_wconf 87' lang='lat' dir='ltr'><strong>circumcisionem</strong></span> <span class='ocrx_word' id='word_1_126' title='bbox 1516 1532 1774 1600; x_wconf 86' lang='lat' dir='ltr'><strong>prodesse</strong></span> <span class='ocrx_word' id='word_1_127' title='bbox 1819 1531 1970 1597; x_wconf 83' lang='lat' dir='ltr'><strong>dicit,</strong></span> 
     </span>
    </p>
   </div>
   <div class='ocr_carea' id='block_1_15' title="bbox 397 1619 1974 1689">
    <p class='ocr_par' dir='ltr' id='par_1_15' title="bbox 397 1619 1974 1689">
     <span class='ocr_line' id='line_1_15' title="bbox 397 1619 1974 1689; baseline 0.001 -17"><span class='ocrx_word' id='word_1_128' title='bbox 397 1635 518 1686; x_wconf 78' lang='lat' dir='ltr'><strong>qurc</strong></span> <span class='ocrx_word' id='word_1_129' title='bbox 547 1619 734 1688; x_wconf 86' lang='lat' dir='ltr'><strong>utique</strong></span> <span class='ocrx_word' id='word_1_130' title='bbox 768 1620 876 1674; x_wconf 85' lang='lat' dir='ltr'><strong>alia</strong></span> <span class='ocrx_word' id='word_1_131' title='bbox 913 1635 1018 1673; x_wconf 93' lang='lat' dir='ltr'><strong>non</strong></span> <span class='ocrx_word' id='word_1_132' title='bbox 1057 1619 1383 1689; x_wconf 79' lang='lat' dir='ltr'><strong>intelligitur</strong></span> <span class='ocrx_word' id='word_1_133' title='bbox 1418 1635 1540 1674; x_wconf 88' lang='lat' dir='ltr'><strong>esse</strong></span> <span class='ocrx_word' id='word_1_134' title='bbox 1586 1635 1749 1688; x_wconf 82' lang='lat' dir='ltr'><strong>quam</strong></span> <span class='ocrx_word' id='word_1_135' title='bbox 1781 1619 1974 1674; x_wconf 68' lang='lat' dir='ltr'><strong>animm.</strong></span> 
     </span>
    </p>
   </div>
   <div class='ocr_carea' id='block_1_16' title="bbox 397 1710 1973 1780">
    <p class='ocr_par' dir='ltr' id='par_1_16' title="bbox 397 1710 1973 1780">
     <span class='ocr_line' id='line_1_16' title="bbox 397 1710 1973 1780; baseline 0.002 -19"><span class='ocrx_word' id='word_1_136' title='bbox 397 1712 667 1778; x_wconf 85' lang='lat' dir='ltr'><strong>purgatio.</strong></span> <span class='ocrx_word' id='word_1_137' title='bbox 716 1719 769 1764; x_wconf 89' lang='lat' dir='ltr'><strong>et</strong></span> <span class='ocrx_word' id='word_1_138' title='bbox 810 1710 1042 1779; x_wconf 87' lang='lat' dir='ltr'><strong>ahjectio</strong></span> <span class='ocrx_word' id='word_1_139' title='bbox 1105 1711 1363 1765; x_wconf 89' lang='lat' dir='ltr'><strong>vitiorum</strong></span> <span class='ocrx_word' id='word_1_140' title='bbox 1417 1728 1431 1764; x_wconf 90' lang='lat'><strong>:</strong></span> <span class='ocrx_word' id='word_1_141' title='bbox 1483 1711 1756 1780; x_wconf 89' lang='lat' dir='ltr'><strong>quomodo</strong></span> <span class='ocrx_word' id='word_1_142' title='bbox 1826 1711 1973 1766; x_wconf 85' lang='lat' dir='ltr'><strong>addit</strong></span> 
     </span>
    </p>
   </div>
   <div class='ocr_carea' id='block_1_17' title="bbox 398 1787 2049 1872">
    <p class='ocr_par' dir='ltr' id='par_1_17' title="bbox 398 1787 2049 1872">
     <span class='ocr_line' id='line_1_17' title="bbox 398 1787 2049 1872; baseline 0.004 -19"><span class='ocrx_word' id='word_1_143' title='bbox 398 1803 596 1865; x_wconf 82' lang='lat' dir='ltr'><strong>adhuc,</strong></span> <span class='ocrx_word' id='word_1_144' title='bbox 633 1803 704 1856; x_wconf 90' lang='lat' dir='ltr'><strong>ita</strong></span> <span class='ocrx_word' id='word_1_145' title='bbox 737 1802 952 1857; x_wconf 86' lang='lat' dir='ltr'><strong>demum</strong></span> <span class='ocrx_word' id='word_1_146' title='bbox 1007 1803 1271 1872; x_wconf 88' lang='lat' dir='ltr'><strong>prodesse</strong></span> <span class='ocrx_word' id='word_1_147' title='bbox 1328 1802 1638 1872; x_wconf 89' lang='lat' dir='ltr'><strong>hujusmodi</strong></span> <span class='ocrx_word' id='word_1_148' title='bbox 1688 1803 1977 1858; x_wconf 92' lang='lat' dir='ltr'><strong>circumci-</strong></span> <span class='ocrx_word' id='word_1_149' title='bbox 2008 1787 2049 1842; x_wconf 78' lang='grc' dir='ltr'>Β</span> 
     </span>
    </p>
   </div>
   <div class='ocr_carea' id='block_1_18' title="bbox 396 1893 1976 1965">
    <p class='ocr_par' dir='ltr' id='par_1_18' title="bbox 396 1893 1976 1965">
     <span class='ocr_line' id='line_1_18' title="bbox 396 1893 1976 1965; baseline 0.002 -18"><span class='ocrx_word' id='word_1_150' title='bbox 396 1897 606 1948; x_wconf 83' lang='lat' dir='ltr'><strong>sionem</strong></span> <span class='ocrx_word' id='word_1_151' title='bbox 638 1894 681 1948; x_wconf 88' lang='lat' dir='ltr'><strong>si</strong></span> <span class='ocrx_word' id='word_1_152' title='bbox 708 1893 878 1964; x_wconf 82' lang='lat' dir='ltr'><strong>legem</strong></span> <span class='ocrx_word' id='word_1_153' title='bbox 913 1895 1211 1958; x_wconf 84' lang='lat' dir='ltr'><strong>custodias,</strong></span> <span class='ocrx_word' id='word_1_154' title='bbox 1241 1909 1363 1950; x_wconf 92' lang='lat' dir='ltr'><strong>cum</strong></span> <span class='ocrx_word' id='word_1_155' title='bbox 1396 1895 1510 1950; x_wconf 73' lang='lat' dir='ltr'><strong>lucc</strong></span> <span class='ocrx_word' id='word_1_156' title='bbox 1542 1895 1656 1965; x_wconf 90' lang='lat' dir='ltr'><strong>ipsa</strong></span> <span class='ocrx_word' id='word_1_157' title='bbox 1687 1897 1976 1950; x_wconf 87' lang='lat' dir='ltr'><strong>circumci-</strong></span> 
     </span>
    </p>
   </div>
   <div class='ocr_carea' id='block_1_19' title="bbox 397 1986 1973 2054">
    <p class='ocr_par' dir='ltr' id='par_1_19' title="bbox 397 1986 1973 2054">
     <span class='ocr_line' id='line_1_19' title="bbox 397 1986 1973 2054; baseline 0.001 -14"><span class='ocrx_word' id='word_1_158' title='bbox 397 1986 480 2040; x_wconf 92' lang='lat' dir='ltr'><strong>sio</strong></span> <span class='ocrx_word' id='word_1_159' title='bbox 515 1986 726 2040; x_wconf 91' lang='lat' dir='ltr'><strong>nonnisi</strong></span> <span class='ocrx_word' id='word_1_160' title='bbox 753 2000 817 2041; x_wconf 81' lang='lat' dir='ltr'><strong>ex</strong></span> <span class='ocrx_word' id='word_1_161' title='bbox 865 1986 996 2054; x_wconf 90' lang='lat' dir='ltr'><strong>legis</strong></span> <span class='ocrx_word' id='word_1_162' title='bbox 1027 1987 1376 2042; x_wconf 83' lang='lat' dir='ltr'><strong>observantia</strong></span> <span class='ocrx_word' id='word_1_163' title='bbox 1411 1986 1525 2042; x_wconf 89' lang='lat' dir='ltr'><strong>ﬁeri</strong></span> <span class='ocrx_word' id='word_1_164' title='bbox 1556 1988 1828 2042; x_wconf 91' lang='lat' dir='ltr'><strong>videatur.</strong></span> <span class='ocrx_word' id='word_1_165' title='bbox 1867 1987 1973 2043; x_wconf 89' lang='lat' dir='ltr'><strong>Sed</strong></span> 
     </span>
    </p>
   </div>
   <div class='ocr_carea' id='block_1_20' title="bbox 398 2075 1975 2139">
    <p class='ocr_par' dir='ltr' id='par_1_20' title="bbox 398 2075 1975 2139">
     <span class='ocr_line' id='line_1_20' title="bbox 398 2075 1975 2139; baseline 0.003 -12"><span class='ocrx_word' id='word_1_166' title='bbox 398 2075 610 2129; x_wconf 91' lang='lat' dir='ltr'><strong>intuere</strong></span> <span class='ocrx_word' id='word_1_167' title='bbox 640 2090 706 2130; x_wconf 91' lang='lat' dir='ltr'><strong>ne</strong></span> <span class='ocrx_word' id='word_1_168' title='bbox 732 2075 867 2130; x_wconf 81' lang='lat' dir='ltr'><strong>forte</strong></span> <span class='ocrx_word' id='word_1_169' title='bbox 898 2075 1222 2130; x_wconf 85' lang='lat' dir='ltr'><strong>abscindere</strong></span> <span class='ocrx_word' id='word_1_170' title='bbox 1260 2075 1409 2139; x_wconf 90' lang='lat' dir='ltr'><strong>vitia,</strong></span> <span class='ocrx_word' id='word_1_171' title='bbox 1451 2084 1505 2130; x_wconf 91' lang='lat' dir='ltr'><strong>et</strong></span> <span class='ocrx_word' id='word_1_172' title='bbox 1543 2091 1812 2131; x_wconf 86' lang='lat' dir='ltr'><strong>cessarca</strong></span> <span class='ocrx_word' id='word_1_173' title='bbox 1857 2092 1975 2131; x_wconf 86' lang='lat' dir='ltr'><strong>ma-</strong></span> 
     </span>
    </p>
   </div>
   <div class='ocr_carea' id='block_1_21' title="bbox 398 2165 1976 2236">
    <p class='ocr_par' dir='ltr' id='par_1_21' title="bbox 398 2165 1976 2236">
     <span class='ocr_line' id='line_1_21' title="bbox 398 2165 1976 2236; baseline 0.004 -18"><span class='ocrx_word' id='word_1_174' title='bbox 398 2165 487 2227; x_wconf 92' lang='lat' dir='ltr'><strong>lis.</strong></span> <span class='ocrx_word' id='word_1_175' title='bbox 524 2165 998 2234; x_wconf 80' lang='lat' dir='ltr'><strong>circumcisionem</strong></span> <span class='ocrx_word' id='word_1_176' title='bbox 1051 2165 1322 2236; x_wconf 91' lang='lat' dir='ltr'><strong>signiﬁcet</strong></span> <span class='ocrx_word' id='word_1_177' title='bbox 1365 2184 1379 2219; x_wconf 92' lang='lat'><strong>:</strong></span> <span class='ocrx_word' id='word_1_178' title='bbox 1430 2182 1593 2236; x_wconf 91' lang='lat' dir='ltr'><strong>agere</strong></span> <span class='ocrx_word' id='word_1_179' title='bbox 1636 2178 1815 2222; x_wconf 89' lang='lat' dir='ltr'><strong>autem</strong></span> <span class='ocrx_word' id='word_1_180' title='bbox 1855 2183 1976 2236; x_wconf 75' lang='lat' dir='ltr'><strong>qua:</strong></span> 
     </span>
    </p>
   </div>
   <div class='ocr_carea' id='block_1_22' title="bbox 401 2255 1978 2327">
    <p class='ocr_par' dir='ltr' id='par_1_22' title="bbox 401 2255 1978 2327">
     <span class='ocr_line' id='line_1_22' title="bbox 401 2255 1978 2327; baseline 0.004 -19"><span class='ocrx_word' id='word_1_181' title='bbox 401 2257 538 2308; x_wconf 87' lang='lat' dir='ltr'><strong>bona</strong></span> <span class='ocrx_word' id='word_1_182' title='bbox 569 2264 712 2320; x_wconf 90' lang='lat' dir='ltr'><strong>sunt,</strong></span> <span class='ocrx_word' id='word_1_183' title='bbox 745 2266 799 2311; x_wconf 91' lang='lat' dir='ltr'><strong>et</strong></span> <span class='ocrx_word' id='word_1_184' title='bbox 827 2255 1040 2311; x_wconf 83' lang='lat' dir='ltr'><strong>eﬁicere</strong></span> <span class='ocrx_word' id='word_1_185' title='bbox 1065 2271 1186 2326; x_wconf 68' lang='lat' dir='ltr'><strong>quae</strong></span> <span class='ocrx_word' id='word_1_186' title='bbox 1225 2256 1466 2327; x_wconf 80' lang='lat' dir='ltr'><strong>perfecta</strong></span> <span class='ocrx_word' id='word_1_187' title='bbox 1517 2266 1663 2321; x_wconf 88' lang='lat' dir='ltr'><strong>sunt,</strong></span> <span class='ocrx_word' id='word_1_188' title='bbox 1702 2258 1978 2314; x_wconf 90' lang='lat' dir='ltr'><strong>custodire</strong></span> 
     </span>
    </p>
   </div>
   <div class='ocr_carea' id='block_1_23' title="bbox 400 2344 1979 2416">
    <p class='ocr_par' dir='ltr' id='par_1_23' title="bbox 400 2344 1979 2416">
     <span class='ocr_line' id='line_1_23' title="bbox 400 2344 1979 2416; baseline 0.001 -16"><span class='ocrx_word' id='word_1_189' title='bbox 400 2345 469 2400; x_wconf 85' lang='lat' dir='ltr'><strong>sit</strong></span> <span class='ocrx_word' id='word_1_190' title='bbox 499 2344 691 2415; x_wconf 80' lang='lat' dir='ltr'><strong>legem.</strong></span> <span class='ocrx_word' id='word_1_191' title='bbox 718 2344 902 2414; x_wconf 84' lang='lat' dir='ltr'><strong>Neque</strong></span> <span class='ocrx_word' id='word_1_192' title='bbox 931 2346 1075 2400; x_wconf 88' lang='lat' dir='ltr'><strong>enim</strong></span> <span class='ocrx_word' id='word_1_193' title='bbox 1119 2345 1175 2400; x_wconf 93' lang='lat' dir='ltr'><strong>in</strong></span> <span class='ocrx_word' id='word_1_194' title='bbox 1205 2362 1270 2402; x_wconf 88' lang='lat' dir='ltr'><strong>eo</strong></span> <span class='ocrx_word' id='word_1_195' title='bbox 1296 2345 1561 2416; x_wconf 76' lang='lat' dir='ltr'><strong>perfectio</strong></span> <span class='ocrx_word' id='word_1_196' title='bbox 1594 2355 1679 2402; x_wconf 90' lang='lat' dir='ltr'><strong>est</strong></span> <span class='ocrx_word' id='word_1_197' title='bbox 1716 2348 1760 2402; x_wconf 91' lang='lat' dir='ltr'><strong>si</strong></span> <span class='ocrx_word' id='word_1_198' title='bbox 1796 2363 1979 2402; x_wconf 90' lang='lat' dir='ltr'><strong>cesse-</strong></span> 
     </span>
    </p>
   </div>
   <div class='ocr_carea' id='block_1_24' title="bbox 400 2436 1977 2505">
    <p class='ocr_par' dir='ltr' id='par_1_24' title="bbox 400 2436 1977 2505">
     <span class='ocr_line' id='line_1_24' title="bbox 400 2436 1977 2505; baseline 0.004 -17"><span class='ocrx_word' id='word_1_199' title='bbox 400 2446 547 2489; x_wconf 92' lang='lat' dir='ltr'><strong>tura</strong></span> <span class='ocrx_word' id='word_1_200' title='bbox 575 2436 751 2500; x_wconf 87' lang='lat' dir='ltr'><strong>malis,</strong></span> <span class='ocrx_word' id='word_1_201' title='bbox 802 2437 894 2491; x_wconf 91' lang='lat' dir='ltr'><strong>sed</strong></span> <span class='ocrx_word' id='word_1_202' title='bbox 945 2437 998 2495; x_wconf 87' lang='lat' dir='ltr'><strong>in</strong></span> <span class='ocrx_word' id='word_1_203' title='bbox 1041 2452 1108 2494; x_wconf 90' lang='lat' dir='ltr'><strong>eo</strong></span> <span class='ocrx_word' id='word_1_204' title='bbox 1157 2439 1202 2493; x_wconf 91' lang='lat' dir='ltr'><strong>si</strong></span> <span class='ocrx_word' id='word_1_205' title='bbox 1256 2446 1492 2505; x_wconf 79' lang='lat' dir='ltr'><strong>agantur</strong></span> <span class='ocrx_word' id='word_1_206' title='bbox 1535 2440 1698 2503; x_wconf 87' lang='lat' dir='ltr'><strong>bona.</strong></span> <span class='ocrx_word' id='word_1_207' title='bbox 1750 2439 1890 2495; x_wconf 88' lang='lat' dir='ltr'><strong>sicut</strong></span> <span class='ocrx_word' id='word_1_208' title='bbox 1921 2441 1977 2494; x_wconf 91' lang='lat' dir='ltr'><strong>in</strong></span> 
     </span>
    </p>
   </div>
   <div class='ocr_carea' id='block_1_25' title="bbox 399 2524 1978 2598">
    <p class='ocr_par' dir='ltr' id='par_1_25' title="bbox 399 2524 1978 2598">
     <span class='ocr_line' id='line_1_25' title="bbox 399 2524 1978 2598; baseline 0.003 -17"><span class='ocrx_word' id='word_1_209' title='bbox 399 2524 613 2581; x_wconf 87' lang='lat' dir='ltr'><strong>Psalmo</strong></span> <span class='ocrx_word' id='word_1_210' title='bbox 648 2527 952 2582; x_wconf 89' lang='lat' dir='ltr'><strong>evidentius</strong></span> <span class='ocrx_word' id='word_1_211' title='bbox 999 2529 1383 2598; x_wconf 91' lang='lat' dir='ltr'><strong>perdocemur,</strong></span> <span class='ocrx_word' id='word_1_212' title='bbox 1433 2545 1557 2586; x_wconf 92' lang='lat' dir='ltr'><strong>cum</strong></span> <span class='ocrx_word' id='word_1_213' title='bbox 1608 2531 1779 2586; x_wconf 90' lang='lat' dir='ltr'><strong>dicit:</strong></span> <span class='ocrx_word' id='word_1_214' title='bbox 1821 2550 1841 2584; x_wconf 74' lang='grc' dir='ltr'>ι</span> <span class='ocrx_word' id='word_1_215' title='bbox 1877 2532 1978 2586; x_wconf 83' lang='lat' dir='ltr'><strong>De—</strong></span> 
     </span>
    </p>
   </div>
   <div class='ocr_carea' id='block_1_26' title="bbox 334 2607 1980 2684">
    <p class='ocr_par' dir='ltr' id='par_1_26' title="bbox 334 2607 1980 2684">
     <span class='ocr_line' id='line_1_26' title="bbox 334 2607 1980 2684; baseline 0.004 -13"><span class='ocrx_word' id='word_1_216' title='bbox 334 2607 340 2614; x_wconf 80' lang='grc'><em>’</em></span> <span class='ocrx_word' id='word_1_217' title='bbox 400 2615 545 2671; x_wconf 89' lang='lat' dir='ltr'><strong>clina</strong></span> <span class='ocrx_word' id='word_1_218' title='bbox 571 2633 599 2669; x_wconf 90' lang='lat' dir='ltr'><strong>a</strong></span> <span class='ocrx_word' id='word_1_219' title='bbox 637 2617 800 2682; x_wconf 86' lang='lat' dir='ltr'><strong>malo,</strong></span> <span class='ocrx_word' id='word_1_220' title='bbox 836 2636 856 2669; x_wconf 72' lang='grc' dir='ltr'><strong><em>ι</em></strong></span> <span class='ocrx_word' id='word_1_221' title='bbox 887 2628 944 2672; x_wconf 92' lang='lat' dir='ltr'><strong>et</strong></span> <span class='ocrx_word' id='word_1_222' title='bbox 978 2633 1086 2672; x_wconf 91' lang='lat' dir='ltr'><strong>non</strong></span> <span class='ocrx_word' id='word_1_223' title='bbox 1111 2617 1202 2674; x_wconf 92' lang='lat' dir='ltr'><strong>hic</strong></span> <span class='ocrx_word' id='word_1_224' title='bbox 1231 2621 1408 2684; x_wconf 90' lang='lat' dir='ltr'><strong>stetit,</strong></span> <span class='ocrx_word' id='word_1_225' title='bbox 1447 2621 1541 2676; x_wconf 89' lang='lat' dir='ltr'><strong>sed</strong></span> <span class='ocrx_word' id='word_1_226' title='bbox 1571 2621 1816 2676; x_wconf 80' lang='lat' dir='ltr'><strong>addidit:</strong></span> <span class='ocrx_word' id='word_1_227' title='bbox 1874 2640 1894 2675; x_wconf 73' lang='grc' dir='ltr'>ι</span> <span class='ocrx_word' id='word_1_228' title='bbox 1923 2632 1980 2678; x_wconf 94' lang='lat' dir='ltr'><strong>et</strong></span> 
     </span>
    </p>
   </div>
   <div class='ocr_carea' id='block_1_27' title="bbox 401 2707 1978 2784">
    <p class='ocr_par' dir='ltr' id='par_1_27' title="bbox 401 2707 1978 2784">
     <span class='ocr_line' id='line_1_27' title="bbox 401 2707 1978 2784; baseline 0.006 -24"><span class='ocrx_word' id='word_1_229' title='bbox 401 2707 487 2762; x_wconf 77' lang='lat' dir='ltr'><strong>rae</strong></span> <span class='ocrx_word' id='word_1_230' title='bbox 515 2710 714 2764; x_wconf 86' lang='lat' dir='ltr'><strong>bonum</strong></span> <span class='ocrx_word' id='word_1_231' title='bbox 739 2707 805 2762; x_wconf 76' lang='lat'><strong>“.</strong></span> <span class='ocrx_word' id='word_1_232' title='bbox 840 2727 859 2760; x_wconf 75' lang='grc' dir='ltr'><strong><em>ι</em></strong></span> <span class='ocrx_word' id='word_1_233' title='bbox 893 2707 1166 2763; x_wconf 89' lang='lat' dir='ltr'><strong>Similiter</strong></span> <span class='ocrx_word' id='word_1_234' title='bbox 1190 2723 1321 2778; x_wconf 85' lang='lat' dir='ltr'><strong>ergo</strong></span> <span class='ocrx_word' id='word_1_235' title='bbox 1359 2719 1414 2764; x_wconf 91' lang='lat' dir='ltr'><strong>et</strong></span> <span class='ocrx_word' id='word_1_236' title='bbox 1442 2709 1757 2780; x_wconf 87' lang='lat' dir='ltr'><strong>Apostolus,</strong></span> <span class='ocrx_word' id='word_1_237' title='bbox 1791 2722 1978 2784; x_wconf 88' lang='lat' dir='ltr'><strong>utpote</strong></span> 
     </span>
    </p>
   </div>
   <div class='ocr_carea' id='block_1_28' title="bbox 400 2797 1976 2871">
    <p class='ocr_par' dir='ltr' id='par_1_28' title="bbox 400 2797 1976 2871">
     <span class='ocr_line' id='line_1_28' title="bbox 400 2797 1976 2871; baseline 0.004 -19"><span class='ocrx_word' id='word_1_238' title='bbox 400 2799 458 2853; x_wconf 90' lang='lat' dir='ltr'><strong>in</strong></span> <span class='ocrx_word' id='word_1_239' title='bbox 487 2799 572 2852; x_wconf 91' lang='lat' dir='ltr'><strong>bis</strong></span> <span class='ocrx_word' id='word_1_240' title='bbox 603 2799 861 2858; x_wconf 90' lang='lat' dir='ltr'><strong>imbutus.</strong></span> <span class='ocrx_word' id='word_1_241' title='bbox 912 2797 985 2852; x_wconf 92' lang='lat' dir='ltr'><strong>ita</strong></span> <span class='ocrx_word' id='word_1_242' title='bbox 1011 2797 1228 2854; x_wconf 91' lang='lat' dir='ltr'><strong>demum</strong></span> <span class='ocrx_word' id='word_1_243' title='bbox 1259 2798 1417 2864; x_wconf 90' lang='lat' dir='ltr'><strong>dicit,</strong></span> <span class='ocrx_word' id='word_1_244' title='bbox 1447 2801 1704 2871; x_wconf 83' lang='lat' dir='ltr'><strong>prodesse</strong></span> <span class='ocrx_word' id='word_1_245' title='bbox 1736 2801 1976 2860; x_wconf 90' lang='lat' dir='ltr'><strong>circum-</strong></span> 
     </span>
    </p>
   </div>
   <div class='ocr_carea' id='block_1_29' title="bbox 399 2889 1977 2959">
    <p class='ocr_par' dir='ltr' id='par_1_29' title="bbox 399 2889 1977 2959">
     <span class='ocr_line' id='line_1_29' title="bbox 399 2889 1977 2959; baseline 0.006 -16"><span class='ocrx_word' id='word_1_246' title='bbox 399 2889 663 2943; x_wconf 89' lang='lat' dir='ltr'><strong>cisionem</strong></span> <span class='ocrx_word' id='word_1_247' title='bbox 691 2900 746 2944; x_wconf 90' lang='lat' dir='ltr'><strong>et</strong></span> <span class='ocrx_word' id='word_1_248' title='bbox 773 2889 1134 2959; x_wconf 88' lang='lat' dir='ltr'><strong>ahjectioncm</strong></span> <span class='ocrx_word' id='word_1_249' title='bbox 1171 2889 1462 2958; x_wconf 90' lang='lat' dir='ltr'><strong>malorum,</strong></span> <span class='ocrx_word' id='word_1_250' title='bbox 1497 2893 1546 2948; x_wconf 88' lang='lat' dir='ltr'><strong>si</strong></span> <span class='ocrx_word' id='word_1_251' title='bbox 1579 2893 1860 2951; x_wconf 84' lang='lat' dir='ltr'><strong>custodias</strong></span> <span class='ocrx_word' id='word_1_252' title='bbox 1901 2896 1977 2952; x_wconf 90' lang='lat' dir='ltr'><strong>le-</strong></span> 
     </span>
    </p>
   </div>
   <div class='ocr_carea' id='block_1_30' title="bbox 400 2999 1977 3078">
    <p class='ocr_par' dir='ltr' id='par_1_30' title="bbox 400 2999 1977 3078">
     <span class='ocr_line' id='line_1_30' title="bbox 400 2999 1977 3078; baseline 0.006 -23"><span class='ocrx_word' id='word_1_253' title='bbox 400 3015 522 3070; x_wconf 85' lang='lat' dir='ltr'><strong>gem</strong></span> <span class='ocrx_word' id='word_1_254' title='bbox 551 2999 838 3056; x_wconf 91' lang='lat' dir='ltr'><strong>bonornm.</strong></span> <span class='ocrx_word' id='word_1_255' title='bbox 868 3001 1054 3072; x_wconf 83' lang='lat' dir='ltr'><strong>Neque</strong></span> <span class='ocrx_word' id='word_1_256' title='bbox 1090 3003 1234 3058; x_wconf 88' lang='lat' dir='ltr'><strong>enim</strong></span> <span class='ocrx_word' id='word_1_257' title='bbox 1261 3003 1535 3074; x_wconf 80' lang='lat' dir='ltr'><strong>perfectus</strong></span> <span class='ocrx_word' id='word_1_258' title='bbox 1563 3007 1688 3078; x_wconf 85' lang='lat' dir='ltr'><strong>quis</strong></span> <span class='ocrx_word' id='word_1_259' title='bbox 1712 3023 1833 3064; x_wconf 88' lang='lat' dir='ltr'><strong>esse</strong></span> <span class='ocrx_word' id='word_1_260' title='bbox 1879 3024 1977 3078; x_wconf 86' lang='lat' dir='ltr'><strong>po-</strong></span> 
     </span>
    </p>
   </div>
   <div class='ocr_carea' id='block_1_31' title="bbox 403 3091 1972 3166">
    <p class='ocr_par' dir='ltr' id='par_1_31' title="bbox 403 3091 1972 3166">
     <span class='ocr_line' id='line_1_31' title="bbox 403 3091 1972 3166; baseline 0.004 -22"><span class='ocrx_word' id='word_1_261' title='bbox 403 3101 509 3146; x_wconf 83' lang='lat' dir='ltr'><strong>test</strong></span> <span class='ocrx_word' id='word_1_262' title='bbox 539 3091 584 3146; x_wconf 89' lang='lat' dir='ltr'><strong>si</strong></span> <span class='ocrx_word' id='word_1_263' title='bbox 615 3091 750 3145; x_wconf 89' lang='lat' dir='ltr'><strong>nibil</strong></span> <span class='ocrx_word' id='word_1_264' title='bbox 777 3092 948 3162; x_wconf 88' lang='lat' dir='ltr'><strong>egerit</strong></span> <span class='ocrx_word' id='word_1_265' title='bbox 983 3092 1133 3158; x_wconf 91' lang='lat' dir='ltr'><strong>mali,</strong></span> <span class='ocrx_word' id='word_1_266' title='bbox 1188 3093 1282 3149; x_wconf 90' lang='lat' dir='ltr'><strong>sed</strong></span> <span class='ocrx_word' id='word_1_267' title='bbox 1306 3093 1350 3150; x_wconf 82' lang='lat' dir='ltr'><strong>si</strong></span> <span class='ocrx_word' id='word_1_268' title='bbox 1390 3095 1590 3164; x_wconf 86' lang='lat' dir='ltr'><strong>aliquid</strong></span> <span class='ocrx_word' id='word_1_269' title='bbox 1614 3098 1786 3166; x_wconf 89' lang='lat' dir='ltr'><strong>egerit</strong></span> <span class='ocrx_word' id='word_1_270' title='bbox 1823 3096 1972 3152; x_wconf 88' lang='lat' dir='ltr'><strong>boni.</strong></span> 
     </span>
    </p>
   </div>
   <div class='ocr_carea' id='block_1_32' title="bbox 403 3183 1976 3257">
    <p class='ocr_par' dir='ltr' id='par_1_32' title="bbox 403 3183 1976 3257">
     <span class='ocr_line' id='line_1_32' title="bbox 403 3183 1976 3257; baseline 0.003 -16"><span class='ocrx_word' id='word_1_271' title='bbox 403 3183 563 3241; x_wconf 81' lang='lat' dir='ltr'><strong>Unde</strong></span> <span class='ocrx_word' id='word_1_272' title='bbox 591 3192 646 3238; x_wconf 89' lang='lat' dir='ltr'><strong>et</strong></span> <span class='ocrx_word' id='word_1_273' title='bbox 679 3185 793 3254; x_wconf 89' lang='lat' dir='ltr'><strong>ipsa</strong></span> <span class='ocrx_word' id='word_1_274' title='bbox 823 3185 1175 3241; x_wconf 89' lang='lat' dir='ltr'><strong>circumcisio</strong></span> <span class='ocrx_word' id='word_1_275' title='bbox 1205 3200 1328 3257; x_wconf 69' lang='lat' dir='ltr'><strong>qum</strong></span> <span class='ocrx_word' id='word_1_276' title='bbox 1357 3186 1520 3241; x_wconf 83' lang='lat' dir='ltr'><strong>ﬁebat</strong></span> <span class='ocrx_word' id='word_1_277' title='bbox 1551 3187 1604 3242; x_wconf 91' lang='lat' dir='ltr'><strong>in</strong></span> <span class='ocrx_word' id='word_1_278' title='bbox 1636 3203 1826 3255; x_wconf 89' lang='lat' dir='ltr'><strong>carne,</strong></span> <span class='ocrx_word' id='word_1_279' title='bbox 1870 3205 1976 3246; x_wconf 92' lang='lat' dir='ltr'><strong>non</strong></span> 
     </span>
    </p>
   </div>
   <div class='ocr_carea' id='block_1_33' title="bbox 400 3276 1976 3350">
    <p class='ocr_par' dir='ltr' id='par_1_33' title="bbox 400 3276 1976 3350">
     <span class='ocr_line' id='line_1_33' title="bbox 400 3276 1976 3350; baseline 0.006 -21"><span class='ocrx_word' id='word_1_280' title='bbox 400 3276 609 3347; x_wconf 83' lang='lat' dir='ltr'><strong>absque</strong></span> <span class='ocrx_word' id='word_1_281' title='bbox 639 3276 802 3345; x_wconf 89' lang='lat' dir='ltr'><strong>hujus</strong></span> <span class='ocrx_word' id='word_1_282' title='bbox 832 3276 1226 3347; x_wconf 62' lang='lat' dir='ltr'><strong>intelligentiae,</strong></span> <span class='ocrx_word' id='word_1_283' title='bbox 1254 3293 1419 3348; x_wconf 90' lang='lat' dir='ltr'><strong>quam</strong></span> <span class='ocrx_word' id='word_1_284' title='bbox 1455 3294 1598 3334; x_wconf 90' lang='lat' dir='ltr'><strong>nunc</strong></span> <span class='ocrx_word' id='word_1_285' title='bbox 1627 3282 1976 3350; x_wconf 79' lang='lat' dir='ltr'><strong>exponimus,</strong></span> 
     </span>
    </p>
   </div>
   <div class='ocr_carea' id='block_1_34' title="bbox 401 3369 1978 3444">
    <p class='ocr_par' dir='ltr' id='par_1_34' title="bbox 401 3369 1978 3444">
     <span class='ocr_line' id='line_1_34' title="bbox 401 3369 1978 3444; baseline 0.004 -20"><span class='ocrx_word' id='word_1_286' title='bbox 401 3369 801 3437; x_wconf 71' lang='lat' dir='ltr'><strong>significabitur</strong></span> <span class='ocrx_word' id='word_1_287' title='bbox 833 3369 1089 3440; x_wconf 82' lang='lat' dir='ltr'><strong>imagine.</strong></span> <span class='ocrx_word' id='word_1_288' title='bbox 1123 3369 1366 3439; x_wconf 88' lang='lat' dir='ltr'><strong>Denique</strong></span> <span class='ocrx_word' id='word_1_289' title='bbox 1391 3381 1586 3427; x_wconf 87' lang='lat' dir='ltr'><strong>octava</strong></span> <span class='ocrx_word' id='word_1_290' title='bbox 1613 3373 1701 3426; x_wconf 90' lang='lat' dir='ltr'><strong>die</strong></span> <span class='ocrx_word' id='word_1_291' title='bbox 1731 3375 1978 3444; x_wconf 83' lang='lat' dir='ltr'><strong>parvulis</strong></span> 
     </span>
    </p>
   </div>
   <div class='ocr_carea' id='block_1_35' title="bbox 402 3461 1975 3536">
    <p class='ocr_par' dir='ltr' id='par_1_35' title="bbox 402 3461 1975 3536">
     <span class='ocr_line' id='line_1_35' title="bbox 402 3461 1975 3536; baseline 0.005 -24"><span class='ocrx_word' id='word_1_292' title='bbox 402 3461 637 3516; x_wconf 85' lang='lat' dir='ltr'><strong>dabatur</strong></span> <span class='ocrx_word' id='word_1_293' title='bbox 664 3462 734 3526; x_wconf 83' lang='lat'><strong>&quot;,</strong></span> <span class='ocrx_word' id='word_1_294' title='bbox 765 3461 860 3532; x_wconf 87' lang='lat' dir='ltr'><strong>qui</strong></span> <span class='ocrx_word' id='word_1_295' title='bbox 892 3461 1028 3516; x_wconf 88' lang='lat' dir='ltr'><strong>nihil</strong></span> <span class='ocrx_word' id='word_1_296' title='bbox 1065 3461 1254 3532; x_wconf 88' lang='lat' dir='ltr'><strong>utique</strong></span> <span class='ocrx_word' id='word_1_297' title='bbox 1283 3463 1466 3518; x_wconf 90' lang='lat' dir='ltr'><strong>adhuc</strong></span> <span class='ocrx_word' id='word_1_298' title='bbox 1513 3465 1698 3533; x_wconf 79' lang='lat' dir='ltr'><strong>operis</strong></span> <span class='ocrx_word' id='word_1_299' title='bbox 1732 3477 1975 3536; x_wconf 89' lang='lat' dir='ltr'><strong>egerant.</strong></span> 
     </span>
    </p>
   </div>
   <div class='ocr_carea' id='block_1_36' title="bbox 400 3553 1961 3630">
    <p class='ocr_par' dir='ltr' id='par_1_36' title="bbox 400 3553 1961 3630">
     <span class='ocr_line' id='line_1_36' title="bbox 400 3553 1961 3630; baseline 0.007 -25"><span class='ocrx_word' id='word_1_300' title='bbox 400 3553 555 3618; x_wconf 85' lang='lat' dir='ltr'><strong>Quod</strong></span> <span class='ocrx_word' id='word_1_301' title='bbox 584 3556 626 3608; x_wconf 88' lang='lat' dir='ltr'><strong>si</strong></span> <span class='ocrx_word' id='word_1_302' title='bbox 660 3553 782 3623; x_wconf 90' lang='lat' dir='ltr'><strong>quis</strong></span> <span class='ocrx_word' id='word_1_303' title='bbox 819 3554 976 3609; x_wconf 87' lang='lat' dir='ltr'><strong>nobis</strong></span> <span class='ocrx_word' id='word_1_304' title='bbox 1012 3553 1252 3623; x_wconf 82' lang='lat' dir='ltr'><strong>proferat</strong></span> <span class='ocrx_word' id='word_1_305' title='bbox 1285 3555 1416 3609; x_wconf 93' lang='lat' dir='ltr'><strong>illud</strong></span> <span class='ocrx_word' id='word_1_306' title='bbox 1440 3559 1586 3626; x_wconf 89' lang='lat' dir='ltr'><strong>quod</strong></span> <span class='ocrx_word' id='word_1_307' title='bbox 1611 3557 1662 3612; x_wconf 91' lang='lat' dir='ltr'><strong>in</strong></span> <span class='ocrx_word' id='word_1_308' title='bbox 1691 3558 1961 3630; x_wconf 91' lang='lat' dir='ltr'><strong>principio</strong></span> 
     </span>
    </p>
   </div>
   <div class='ocr_carea' id='block_1_37' title="bbox 401 3644 1973 3716">
    <p class='ocr_par' dir='ltr' id='par_1_37' title="bbox 401 3644 1973 3716">
     <span class='ocr_line' id='line_1_37' title="bbox 401 3644 1973 3716; baseline 0.005 -18"><span class='ocrx_word' id='word_1_309' title='bbox 401 3645 527 3699; x_wconf 84' lang='lat' dir='ltr'><strong>libri</strong></span> <span class='ocrx_word' id='word_1_310' title='bbox 581 3644 684 3699; x_wconf 80' lang='lat' dir='ltr'><strong>an</strong></span> <span class='ocrx_word' id='word_1_311' title='bbox 737 3645 803 3700; x_wconf 92' lang='lat' dir='ltr'><strong>de</strong></span> <span class='ocrx_word' id='word_1_312' title='bbox 856 3645 1014 3699; x_wconf 87' lang='lat' dir='ltr'><strong>laude</strong></span> <span class='ocrx_word' id='word_1_313' title='bbox 1050 3644 1168 3713; x_wconf 89' lang='lat' dir='ltr'><strong>ejus</strong></span> <span class='ocrx_word' id='word_1_314' title='bbox 1209 3646 1446 3716; x_wconf 88' lang='lat' dir='ltr'><strong>positum</strong></span> <span class='ocrx_word' id='word_1_315' title='bbox 1479 3655 1580 3714; x_wconf 89' lang='lat' dir='ltr'><strong>est,</strong></span> <span class='ocrx_word' id='word_1_316' title='bbox 1617 3648 1706 3702; x_wconf 92' lang='lat' dir='ltr'><strong>ubi</strong></span> <span class='ocrx_word' id='word_1_317' title='bbox 1729 3647 1973 3706; x_wconf 88' lang='lat' dir='ltr'><strong>dicitur:</strong></span> 
     </span>
    </p>
   </div>
   <div class='ocr_carea' id='block_1_38' title="bbox 405 3737 1974 3809">
    <p class='ocr_par' dir='ltr' id='par_1_38' title="bbox 405 3737 1974 3809">
     <span class='ocr_line' id='line_1_38' title="bbox 405 3737 1974 3809; baseline 0.003 -18"><span class='ocrx_word' id='word_1_318' title='bbox 405 3758 424 3790; x_wconf 72' lang='grc' dir='ltr'>ι</span> <span class='ocrx_word' id='word_1_319' title='bbox 473 3739 536 3792; x_wconf 86' lang='lat' dir='ltr'><strong>Et</strong></span> <span class='ocrx_word' id='word_1_320' title='bbox 585 3749 705 3792; x_wconf 91' lang='lat' dir='ltr'><strong>erat</strong></span> <span class='ocrx_word' id='word_1_321' title='bbox 754 3737 853 3794; x_wconf 83' lang='lat' dir='ltr'><strong>Job</strong></span> <span class='ocrx_word' id='word_1_322' title='bbox 896 3740 1058 3794; x_wconf 91' lang='lat' dir='ltr'><strong>homo</strong></span> <span class='ocrx_word' id='word_1_323' title='bbox 1093 3754 1283 3802; x_wconf 77' lang='lat' dir='ltr'><strong>verax,</strong></span> <span class='ocrx_word' id='word_1_324' title='bbox 1323 3739 1442 3795; x_wconf 90' lang='lat' dir='ltr'><strong>sine</strong></span> <span class='ocrx_word' id='word_1_325' title='bbox 1479 3741 1722 3809; x_wconf 84' lang='lat' dir='ltr'><strong>querela,</strong></span> <span class='ocrx_word' id='word_1_326' title='bbox 1773 3741 1974 3809; x_wconf 86' lang='lat' dir='ltr'><strong>justus,</strong></span> 
     </span>
    </p>
   </div>
   <div class='ocr_carea' id='block_1_39' title="bbox 402 3830 1978 3894">
    <p class='ocr_par' dir='ltr' id='par_1_39' title="bbox 402 3830 1978 3894">
     <span class='ocr_line' id='line_1_39' title="bbox 402 3830 1978 3894; baseline 0.004 -10"><span class='ocrx_word' id='word_1_327' title='bbox 402 3830 494 3884; x_wconf 83' lang='lat' dir='ltr'><strong>Dei</strong></span> <span class='ocrx_word' id='word_1_328' title='bbox 529 3833 727 3894; x_wconf 91' lang='lat' dir='ltr'><strong>cultor,</strong></span> <span class='ocrx_word' id='word_1_329' title='bbox 765 3833 1044 3888; x_wconf 85' lang='lat' dir='ltr'><strong>abstinens</strong></span> <span class='ocrx_word' id='word_1_330' title='bbox 1083 3847 1142 3887; x_wconf 91' lang='lat' dir='ltr'><strong>se</strong></span> <span class='ocrx_word' id='word_1_331' title='bbox 1184 3833 1250 3887; x_wconf 91' lang='lat' dir='ltr'><strong>ab</strong></span> <span class='ocrx_word' id='word_1_332' title='bbox 1280 3833 1430 3887; x_wconf 92' lang='lat' dir='ltr'><strong>omni</strong></span> <span class='ocrx_word' id='word_1_333' title='bbox 1462 3847 1520 3887; x_wconf 92' lang='lat' dir='ltr'><strong>re</strong></span> <span class='ocrx_word' id='word_1_334' title='bbox 1541 3832 1683 3888; x_wconf 89' lang='lat' dir='ltr'><strong>mala</strong></span> <span class='ocrx_word' id='word_1_335' title='bbox 1705 3833 1792 3888; x_wconf 67' lang='grc' dir='ltr'><strong><em>δί</em></strong></span> <span class='ocrx_word' id='word_1_336' title='bbox 1829 3852 1848 3886; x_wconf 73' lang='grc' dir='ltr'><strong><em>ι</em></strong></span> <span class='ocrx_word' id='word_1_337' title='bbox 1879 3851 1978 3890; x_wconf 91' lang='lat' dir='ltr'><strong>cur</strong></span> 
     </span>
    </p>
   </div>
   <div class='ocr_carea' id='block_1_40' title="bbox 401 3922 1975 3992">
    <p class='ocr_par' dir='ltr' id='par_1_40' title="bbox 401 3922 1975 3992">
     <span class='ocr_line' id='line_1_40' title="bbox 401 3922 1975 3992; baseline 0.005 -20"><span class='ocrx_word' id='word_1_338' title='bbox 401 3925 739 3990; x_wconf 68' lang='lat' dir='ltr'><strong>praecedente</strong></span> <span class='ocrx_word' id='word_1_339' title='bbox 785 3924 911 3976; x_wconf 89' lang='lat' dir='ltr'><strong>boni</strong></span> <span class='ocrx_word' id='word_1_340' title='bbox 940 3923 1124 3992; x_wconf 88' lang='lat' dir='ltr'><strong>operis</strong></span> <span class='ocrx_word' id='word_1_341' title='bbox 1152 3922 1332 3988; x_wconf 89' lang='lat' dir='ltr'><strong>laude,</strong></span> <span class='ocrx_word' id='word_1_342' title='bbox 1376 3925 1426 3977; x_wconf 89' lang='lat' dir='ltr'><strong>in</strong></span> <span class='ocrx_word' id='word_1_343' title='bbox 1461 3924 1649 3980; x_wconf 87' lang='lat' dir='ltr'><strong>ultimo</strong></span> <span class='ocrx_word' id='word_1_344' title='bbox 1683 3927 1806 3980; x_wconf 89' lang='lat' dir='ltr'><strong>mali</strong></span> <span class='ocrx_word' id='word_1_345' title='bbox 1845 3942 1975 3980; x_wconf 89' lang='lat' dir='ltr'><strong>con-</strong></span> 
     </span>
    </p>
   </div>
   <div class='ocr_carea' id='block_1_41' title="bbox 402 4013 1972 4082">
    <p class='ocr_par' dir='ltr' id='par_1_41' title="bbox 402 4013 1972 4082">
     <span class='ocr_line' id='line_1_41' title="bbox 402 4013 1972 4082; baseline 0.006 -18"><span class='ocrx_word' id='word_1_346' title='bbox 402 4013 633 4066; x_wconf 84' lang='lat' dir='ltr'><strong>tinentia</strong></span> <span class='ocrx_word' id='word_1_347' title='bbox 670 4024 1026 4067; x_wconf 82' lang='lat' dir='ltr'><strong>muneretur:</strong></span> <span class='ocrx_word' id='word_1_348' title='bbox 1061 4014 1191 4068; x_wconf 92' lang='lat' dir='ltr'><strong>illud</strong></span> <span class='ocrx_word' id='word_1_349' title='bbox 1224 4015 1444 4082; x_wconf 89' lang='lat' dir='ltr'><strong>quidem</strong></span> <span class='ocrx_word' id='word_1_350' title='bbox 1480 4018 1719 4071; x_wconf 84' lang='lat' dir='ltr'><strong>arbitror</strong></span> <span class='ocrx_word' id='word_1_351' title='bbox 1747 4017 1972 4074; x_wconf 87' lang='lat' dir='ltr'><strong>iudicari</strong></span> 
     </span>
    </p>
   </div>
   <div class='ocr_carea' id='block_1_42' title="bbox 399 4102 1978 4178">
    <p class='ocr_par' dir='ltr' id='par_1_42' title="bbox 399 4102 1978 4178">
     <span class='ocr_line' id='line_1_42' title="bbox 399 4102 1978 4178; baseline 0.004 -22"><span class='ocrx_word' id='word_1_352' title='bbox 399 4104 545 4170; x_wconf 85' lang='lat' dir='ltr'><strong>quod</strong></span> <span class='ocrx_word' id='word_1_353' title='bbox 577 4117 717 4169; x_wconf 84' lang='lat' dir='ltr'><strong>saepe</strong></span> <span class='ocrx_word' id='word_1_354' title='bbox 744 4102 860 4155; x_wconf 89' lang='lat' dir='ltr'><strong>ﬁeri</strong></span> <span class='ocrx_word' id='word_1_355' title='bbox 893 4102 1050 4161; x_wconf 89' lang='lat' dir='ltr'><strong>solet.</strong></span> <span class='ocrx_word' id='word_1_356' title='bbox 1081 4103 1207 4171; x_wconf 91' lang='lat' dir='ltr'><strong>quia</strong></span> <span class='ocrx_word' id='word_1_357' title='bbox 1245 4104 1460 4172; x_wconf 87' lang='lat' dir='ltr'><strong>plurimi</strong></span> <span class='ocrx_word' id='word_1_358' title='bbox 1496 4106 1777 4160; x_wconf 91' lang='lat' dir='ltr'><strong>hominum</strong></span> <span class='ocrx_word' id='word_1_359' title='bbox 1809 4117 1978 4178; x_wconf 87' lang='lat' dir='ltr'><strong>agunt</strong></span> 
     </span>
    </p>
   </div>
   <div class='ocr_carea' id='block_1_43' title="bbox 401 4193 1978 4270">
    <p class='ocr_par' dir='ltr' id='par_1_43' title="bbox 401 4193 1978 4270">
     <span class='ocr_line' id='line_1_43' title="bbox 401 4193 1978 4270; baseline 0.005 -26"><span class='ocrx_word' id='word_1_360' title='bbox 401 4193 618 4260; x_wconf 86' lang='lat' dir='ltr'><strong>quidem</strong></span> <span class='ocrx_word' id='word_1_361' title='bbox 664 4208 786 4260; x_wconf 73' lang='lat' dir='ltr'><strong>quae</strong></span> <span class='ocrx_word' id='word_1_362' title='bbox 825 4193 964 4245; x_wconf 90' lang='lat' dir='ltr'><strong>bona</strong></span> <span class='ocrx_word' id='word_1_363' title='bbox 999 4204 1152 4256; x_wconf 82' lang='lat' dir='ltr'><strong>sum.</strong></span> <span class='ocrx_word' id='word_1_364' title='bbox 1188 4194 1420 4248; x_wconf 88' lang='lat' dir='ltr'><strong>miscent</strong></span> <span class='ocrx_word' id='word_1_365' title='bbox 1467 4206 1644 4252; x_wconf 89' lang='lat' dir='ltr'><strong>tamen</strong></span> <span class='ocrx_word' id='word_1_366' title='bbox 1688 4198 1892 4270; x_wconf 87' lang='lat' dir='ltr'><strong>aliquid</strong></span> <span class='ocrx_word' id='word_1_367' title='bbox 1923 4208 1978 4254; x_wconf 91' lang='lat' dir='ltr'><strong>ct</strong></span> 
     </span>
    </p>
   </div>
   <div class='ocr_carea' id='block_1_44' title="bbox 394 4284 1978 4358">
    <p class='ocr_par' dir='ltr' id='par_1_44' title="bbox 394 4284 1978 4358">
     <span class='ocr_line' id='line_1_44' title="bbox 394 4284 1978 4358; baseline 0.004 -19"><span class='ocrx_word' id='word_1_368' title='bbox 394 4286 586 4352; x_wconf 74' lang='lat' dir='ltr'><strong>aperis</strong></span> <span class='ocrx_word' id='word_1_369' title='bbox 621 4284 744 4338; x_wconf 87' lang='lat' dir='ltr'><strong>mali</strong></span> <span class='ocrx_word' id='word_1_370' title='bbox 775 4302 788 4338; x_wconf 89' lang='lat'><strong>:</strong></span> <span class='ocrx_word' id='word_1_371' title='bbox 816 4284 973 4353; x_wconf 90' lang='lat' dir='ltr'><strong>pauci</strong></span> <span class='ocrx_word' id='word_1_372' title='bbox 1008 4299 1134 4336; x_wconf 82' lang='lat' dir='ltr'><strong>vero</strong></span> <span class='ocrx_word' id='word_1_373' title='bbox 1178 4285 1287 4338; x_wconf 91' lang='lat' dir='ltr'><strong>sint</strong></span> <span class='ocrx_word' id='word_1_374' title='bbox 1332 4284 1472 4338; x_wconf 89' lang='lat' dir='ltr'><strong>sicut</strong></span> <span class='ocrx_word' id='word_1_375' title='bbox 1507 4286 1629 4352; x_wconf 85' lang='lat' dir='ltr'><strong>Job,</strong></span> <span class='ocrx_word' id='word_1_376' title='bbox 1671 4291 1764 4358; x_wconf 89' lang='lat' dir='ltr'><strong>qui</strong></span> <span class='ocrx_word' id='word_1_377' title='bbox 1810 4291 1883 4344; x_wconf 90' lang='lat' dir='ltr'><strong>ita</strong></span> <span class='ocrx_word' id='word_1_378' title='bbox 1920 4299 1978 4344; x_wconf 86' lang='lat' dir='ltr'><strong>et</strong></span> 
     </span>
    </p>
   </div>
   <div class='ocr_carea' id='block_1_45' title="bbox 399 4375 1976 4444">
    <p class='ocr_par' dir='ltr' id='par_1_45' title="bbox 399 4375 1976 4444">
     <span class='ocr_line' id='line_1_45' title="bbox 399 4375 1976 4444; baseline 0.003 -15"><span class='ocrx_word' id='word_1_379' title='bbox 399 4391 628 4431; x_wconf 83' lang='lat' dir='ltr'><strong>veraces</strong></span> <span class='ocrx_word' id='word_1_380' title='bbox 656 4384 711 4428; x_wconf 85' lang='lat' dir='ltr'><strong>et</strong></span> <span class='ocrx_word' id='word_1_381' title='bbox 751 4375 1284 4444; x_wconf 82' lang='lat' dir='ltr'><strong>irreprehensibiles,</strong></span> <span class='ocrx_word' id='word_1_382' title='bbox 1337 4376 1410 4430; x_wconf 89' lang='lat' dir='ltr'><strong>ita</strong></span> <span class='ocrx_word' id='word_1_383' title='bbox 1458 4376 1588 4444; x_wconf 84' lang='lat' dir='ltr'><strong>justi</strong></span> <span class='ocrx_word' id='word_1_384' title='bbox 1635 4379 1743 4432; x_wconf 92' lang='lat' dir='ltr'><strong>sint</strong></span> <span class='ocrx_word' id='word_1_385' title='bbox 1777 4391 1832 4435; x_wconf 91' lang='lat' dir='ltr'><strong>et</strong></span> <span class='ocrx_word' id='word_1_386' title='bbox 1859 4385 1976 4436; x_wconf 85' lang='lat' dir='ltr'><strong>cul-</strong></span> 
     </span>
    </p>
   </div>
   <div class='ocr_carea' id='block_1_46' title="bbox 2079 608 3662 678">
    <p class='ocr_par' dir='ltr' id='par_1_46' title="bbox 2079 608 3662 678">
     <span class='ocr_line' id='line_1_46' title="bbox 2079 608 3662 678; baseline 0.002 -16"><span class='ocrx_word' id='word_1_387' title='bbox 2079 608 2437 678; x_wconf 85' lang='lat' dir='ltr'><strong>signiﬁcatur,</strong></span> <span class='ocrx_word' id='word_1_388' title='bbox 2470 608 2514 663; x_wconf 91' lang='lat' dir='ltr'><strong>si</strong></span> <span class='ocrx_word' id='word_1_389' title='bbox 2547 622 2716 677; x_wconf 89' lang='lat' dir='ltr'><strong>opera</strong></span> <span class='ocrx_word' id='word_1_390' title='bbox 2757 608 2878 663; x_wconf 92' lang='lat' dir='ltr'><strong>ﬁdei</strong></span> <span class='ocrx_word' id='word_1_391' title='bbox 2914 624 3018 663; x_wconf 89' lang='lat' dir='ltr'><strong>non</strong></span> <span class='ocrx_word' id='word_1_392' title='bbox 3055 609 3278 673; x_wconf 83' lang='lat' dir='ltr'><strong>habeat,</strong></span> <span class='ocrx_word' id='word_1_393' title='bbox 3312 612 3380 664; x_wconf 88' lang='lat' dir='ltr'><strong>ad</strong></span> <span class='ocrx_word' id='word_1_394' title='bbox 3421 611 3662 665; x_wconf 87' lang='lat' dir='ltr'><strong>immun-</strong></span> 
     </span>
    </p>
   </div>
   <div class='ocr_carea' id='block_1_47' title="bbox 2079 700 3666 777">
    <p class='ocr_par' dir='ltr' id='par_1_47' title="bbox 2079 700 3666 777">
     <span class='ocr_line' id='line_1_47' title="bbox 2079 700 3666 777; baseline 0.004 -24"><span class='ocrx_word' id='word_1_395' title='bbox 2079 701 2265 754; x_wconf 87' lang='lat' dir='ltr'><strong>ditiam</strong></span> <span class='ocrx_word' id='word_1_396' title='bbox 2304 709 2606 768; x_wconf 88' lang='lat' dir='ltr'><strong>reputetur.</strong></span> <span class='ocrx_word' id='word_1_397' title='bbox 2661 700 2768 754; x_wconf 88' lang='lat' dir='ltr'><strong>Sed</strong></span> <span class='ocrx_word' id='word_1_398' title='bbox 2807 709 2876 754; x_wconf 72' lang='lat' dir='ltr'><strong>et‘</strong></span> <span class='ocrx_word' id='word_1_399' title='bbox 2911 701 2963 754; x_wconf 93' lang='lat' dir='ltr'><strong>in</strong></span> <span class='ocrx_word' id='word_1_400' title='bbox 3014 701 3253 756; x_wconf 87' lang='lat' dir='ltr'><strong>Ecclesia</strong></span> <span class='ocrx_word' id='word_1_401' title='bbox 3289 705 3382 771; x_wconf 89' lang='lat' dir='ltr'><strong>qui</strong></span> <span class='ocrx_word' id='word_1_402' title='bbox 3413 720 3514 772; x_wconf 85' lang='lat' dir='ltr'><strong>per</strong></span> <span class='ocrx_word' id='word_1_403' title='bbox 3547 705 3666 777; x_wconf 78' lang='grc'><strong>(9.1)</strong></span> 
     </span>
    </p>
   </div>
   <div class='ocr_carea' id='block_1_48' title="bbox 2083 793 3667 864">
    <p class='ocr_par' dir='ltr' id='par_1_48' title="bbox 2083 793 3667 864">
     <span class='ocr_line' id='line_1_48' title="bbox 2083 793 3667 864; baseline 0.001 -18"><span class='ocrx_word' id='word_1_404' title='bbox 2083 793 2338 860; x_wconf 85' lang='lat' dir='ltr'><strong>baptismi</strong></span> <span class='ocrx_word' id='word_1_405' title='bbox 2367 793 2599 859; x_wconf 87' lang='lat' dir='ltr'><strong>gratiam</strong></span> <span class='ocrx_word' id='word_1_406' title='bbox 2631 794 3063 858; x_wconf 87' lang='lat' dir='ltr'><strong>circumciditur,</strong></span> <span class='ocrx_word' id='word_1_407' title='bbox 3095 795 3139 848; x_wconf 89' lang='lat' dir='ltr'><strong>si</strong></span> <span class='ocrx_word' id='word_1_408' title='bbox 3172 806 3290 863; x_wconf 90' lang='lat' dir='ltr'><strong>post</strong></span> <span class='ocrx_word' id='word_1_409' title='bbox 3319 797 3434 849; x_wconf 68' lang='lat' dir='ltr'><strong>hare</strong></span> <span class='ocrx_word' id='word_1_410' title='bbox 3460 814 3667 864; x_wconf 68' lang='lat' dir='ltr'><strong>pra-ra-</strong></span> 
     </span>
    </p>
   </div>
   <div class='ocr_carea' id='block_1_49' title="bbox 2080 884 3665 958">
    <p class='ocr_par' dir='ltr' id='par_1_49' title="bbox 2080 884 3665 958">
     <span class='ocr_line' id='line_1_49' title="bbox 2080 884 3665 958; baseline 0.004 -20"><span class='ocrx_word' id='word_1_411' title='bbox 2080 885 2284 939; x_wconf 90' lang='lat' dir='ltr'><strong>ricator</strong></span> <span class='ocrx_word' id='word_1_412' title='bbox 2332 885 2404 939; x_wconf 86' lang='lat' dir='ltr'><strong>sit</strong></span> <span class='ocrx_word' id='word_1_413' title='bbox 2457 885 2591 954; x_wconf 88' lang='lat' dir='ltr'><strong>legis</strong></span> <span class='ocrx_word' id='word_1_414' title='bbox 2639 884 2867 949; x_wconf 89' lang='lat' dir='ltr'><strong>Christi,</strong></span> <span class='ocrx_word' id='word_1_415' title='bbox 2901 887 3250 942; x_wconf 89' lang='lat' dir='ltr'><strong>circumcisio</strong></span> <span class='ocrx_word' id='word_1_416' title='bbox 3303 888 3562 958; x_wconf 88' lang='lat' dir='ltr'><strong>baptismi</strong></span> <span class='ocrx_word' id='word_1_417' title='bbox 3599 892 3665 944; x_wconf 81' lang='lat' dir='ltr'><strong>ad</strong></span> 
     </span>
    </p>
   </div>
   <div class='ocr_carea' id='block_1_50' title="bbox 2080 975 3665 1046">
    <p class='ocr_par' dir='ltr' id='par_1_50' title="bbox 2080 975 3665 1046">
     <span class='ocr_line' id='line_1_50' title="bbox 2080 975 3665 1046; baseline 0.003 -18"><span class='ocrx_word' id='word_1_418' title='bbox 2080 975 2416 1030; x_wconf 90' lang='lat' dir='ltr'><strong>inﬁdelitatis</strong></span> <span class='ocrx_word' id='word_1_419' title='bbox 2445 975 2494 1028; x_wconf 90' lang='lat' dir='ltr'><strong>ei</strong></span> <span class='ocrx_word' id='word_1_420' title='bbox 2521 976 2846 1045; x_wconf 72' lang='lat' dir='ltr'><strong>prmputium</strong></span> <span class='ocrx_word' id='word_1_421' title='bbox 2877 977 3257 1044; x_wconf 90' lang='lat' dir='ltr'><strong>reputabitur:</strong></span> <span class='ocrx_word' id='word_1_422' title='bbox 3283 979 3410 1046; x_wconf 88' lang='lat' dir='ltr'><strong>quia</strong></span> <span class='ocrx_word' id='word_1_423' title='bbox 3436 989 3492 1032; x_wconf 89' lang='lat' dir='ltr'><strong>et</strong></span> <span class='ocrx_word' id='word_1_424' title='bbox 3541 997 3561 1029; x_wconf 74' lang='grc' dir='ltr'>ι</span> <span class='ocrx_word' id='word_1_425' title='bbox 3607 979 3665 1033; x_wconf 75' lang='grc'><strong>11-</strong></span> 
     </span>
    </p>
   </div>
   <div class='ocr_carea' id='block_1_51' title="bbox 2079 1068 3667 1136">
    <p class='ocr_par' dir='ltr' id='par_1_51' title="bbox 2079 1068 3667 1136">
     <span class='ocr_line' id='line_1_51' title="bbox 2079 1068 3667 1136; baseline 0.001 -14"><span class='ocrx_word' id='word_1_426' title='bbox 2079 1068 2172 1122; x_wconf 91' lang='lat' dir='ltr'><strong>des</strong></span> <span class='ocrx_word' id='word_1_427' title='bbox 2205 1070 2322 1123; x_wconf 91' lang='lat' dir='ltr'><strong>sine</strong></span> <span class='ocrx_word' id='word_1_428' title='bbox 2353 1068 2606 1136; x_wconf 89' lang='lat' dir='ltr'><strong>operibus</strong></span> <span class='ocrx_word' id='word_1_429' title='bbox 2645 1079 2858 1123; x_wconf 90' lang='lat' dir='ltr'><strong>mortua</strong></span> <span class='ocrx_word' id='word_1_430' title='bbox 2903 1087 2922 1120; x_wconf 72' lang='grc' dir='ltr'>ι</span> <span class='ocrx_word' id='word_1_431' title='bbox 2961 1068 3162 1122; x_wconf 87' lang='lat' dir='ltr'><strong>dicitur</strong></span> <span class='ocrx_word' id='word_1_432' title='bbox 3185 1069 3249 1135; x_wconf 70' lang='grc' dir='ltr'><strong>δ’,</strong></span> <span class='ocrx_word' id='word_1_433' title='bbox 3288 1080 3344 1124; x_wconf 93' lang='lat' dir='ltr'><strong>et</strong></span> <span class='ocrx_word' id='word_1_434' title='bbox 3387 1072 3516 1125; x_wconf 86' lang='lat' dir='ltr'><strong>mali</strong></span> <span class='ocrx_word' id='word_1_435' title='bbox 3561 1071 3667 1124; x_wconf 79' lang='lat' dir='ltr'><strong>vil-</strong></span> 
     </span>
    </p>
   </div>
   <div class='ocr_carea' id='block_1_52' title="bbox 2081 1158 3164 1229">
    <p class='ocr_par' dir='ltr' id='par_1_52' title="bbox 2081 1158 3164 1229">
     <span class='ocr_line' id='line_1_52' title="bbox 2081 1158 3164 1229; baseline 0.002 -18"><span class='ocrx_word' id='word_1_436' title='bbox 2081 1158 2169 1214; x_wconf 91' lang='lat' dir='ltr'><strong>lici</strong></span> <span class='ocrx_word' id='word_1_437' title='bbox 2201 1175 2328 1229; x_wconf 90' lang='lat' dir='ltr'><strong>pars</strong></span> <span class='ocrx_word' id='word_1_438' title='bbox 2355 1175 2479 1214; x_wconf 91' lang='lat' dir='ltr'><strong>cum</strong></span> <span class='ocrx_word' id='word_1_439' title='bbox 2509 1159 2820 1214; x_wconf 89' lang='lat' dir='ltr'><strong>inﬁdelibus</strong></span> <span class='ocrx_word' id='word_1_440' title='bbox 2855 1160 3074 1228; x_wconf 90' lang='lat' dir='ltr'><strong>ponitur</strong></span> <span class='ocrx_word' id='word_1_441' title='bbox 3094 1159 3164 1213; x_wconf 82' lang='grc' dir='ltr'><strong>⁸ο.</strong></span> 
     </span>
    </p>
   </div>
   <div class='ocr_carea' id='block_1_53' title="bbox 2153 1249 3664 1321">
    <p class='ocr_par' dir='ltr' id='par_1_53' title="bbox 2153 1249 3664 1321">
     <span class='ocr_line' id='line_1_53' title="bbox 2153 1249 3664 1321; baseline 0.001 -15"><span class='ocrx_word' id='word_1_442' title='bbox 2153 1254 2239 1306; x_wconf 78' lang='grc'><strong>15.</strong></span> <span class='ocrx_word' id='word_1_443' title='bbox 2279 1271 2299 1303; x_wconf 86' lang='grc'><em>‹</em></span> <span class='ocrx_word' id='word_1_444' title='bbox 2334 1252 2389 1305; x_wconf 82' lang='lat' dir='ltr'><strong>Si</strong></span> <span class='ocrx_word' id='word_1_445' title='bbox 2429 1260 2612 1305; x_wconf 90' lang='lat' dir='ltr'><strong>autem</strong></span> <span class='ocrx_word' id='word_1_446' title='bbox 2659 1251 2983 1319; x_wconf 65' lang='lat' dir='ltr'><strong>praeputium</strong></span> <span class='ocrx_word' id='word_1_447' title='bbox 3012 1249 3256 1317; x_wconf 88' lang='lat' dir='ltr'><strong>justitias</strong></span> <span class='ocrx_word' id='word_1_448' title='bbox 3301 1251 3439 1321; x_wconf 81' lang='lat' dir='ltr'><strong>legis</strong></span> <span class='ocrx_word' id='word_1_449' title='bbox 3471 1263 3664 1307; x_wconf 81' lang='lat' dir='ltr'><strong>custo-</strong></span> 
     </span>
    </p>
   </div>
   <div class='ocr_carea' id='block_1_54' title="bbox 2079 1342 3660 1414">
    <p class='ocr_par' dir='ltr' id='par_1_54' title="bbox 2079 1342 3660 1414">
     <span class='ocr_line' id='line_1_54' title="bbox 2079 1342 3660 1414; baseline -0.003 -14"><span class='ocrx_word' id='word_1_450' title='bbox 2079 1346 2213 1407; x_wconf 88' lang='lat' dir='ltr'><strong>diat,</strong></span> <span class='ocrx_word' id='word_1_451' title='bbox 2248 1359 2427 1399; x_wconf 90' lang='lat' dir='ltr'><strong>nonne</strong></span> <span class='ocrx_word' id='word_1_452' title='bbox 2448 1342 2713 1412; x_wconf 73' lang='lat' dir='ltr'><strong>iudicabit</strong></span> <span class='ocrx_word' id='word_1_453' title='bbox 2747 1343 2797 1397; x_wconf 90' lang='lat' dir='ltr'><strong>id</strong></span> <span class='ocrx_word' id='word_1_454' title='bbox 2824 1343 2966 1412; x_wconf 91' lang='lat' dir='ltr'><strong>quod</strong></span> <span class='ocrx_word' id='word_1_455' title='bbox 2995 1357 3060 1396; x_wconf 77' lang='lat' dir='ltr'><strong>ex</strong></span> <span class='ocrx_word' id='word_1_456' title='bbox 3100 1352 3295 1397; x_wconf 88' lang='lat' dir='ltr'><strong>natura</strong></span> <span class='ocrx_word' id='word_1_457' title='bbox 3325 1353 3409 1398; x_wconf 87' lang='lat' dir='ltr'><strong>est</strong></span> <span class='ocrx_word' id='word_1_458' title='bbox 3437 1361 3660 1414; x_wconf 63' lang='lat' dir='ltr'><strong>praepu-</strong></span> 
     </span>
    </p>
   </div>
   <div class='ocr_carea' id='block_1_55' title="bbox 2088 1434 3663 1504">
    <p class='ocr_par' dir='ltr' id='par_1_55' title="bbox 2088 1434 3663 1504">
     <span class='ocr_line' id='line_1_55' title="bbox 2088 1434 3663 1504; baseline 0 -13"><span class='ocrx_word' id='word_1_459' title='bbox 2088 1439 2246 1502; x_wconf 91' lang='lat' dir='ltr'><strong>tium,</strong></span> <span class='ocrx_word' id='word_1_460' title='bbox 2275 1437 2448 1504; x_wconf 83' lang='lat' dir='ltr'><strong>legem</strong></span> <span class='ocrx_word' id='word_1_461' title='bbox 2478 1435 2790 1503; x_wconf 88' lang='lat' dir='ltr'><strong>perliciens,</strong></span> <span class='ocrx_word' id='word_1_462' title='bbox 2829 1443 2902 1497; x_wconf 93' lang='lat' dir='ltr'><strong>te,</strong></span> <span class='ocrx_word' id='word_1_463' title='bbox 2935 1434 3026 1503; x_wconf 90' lang='lat' dir='ltr'><strong>qui</strong></span> <span class='ocrx_word' id='word_1_464' title='bbox 3066 1449 3161 1503; x_wconf 89' lang='lat' dir='ltr'><strong>per</strong></span> <span class='ocrx_word' id='word_1_465' title='bbox 3188 1436 3426 1490; x_wconf 89' lang='lat' dir='ltr'><strong>litteram</strong></span> <span class='ocrx_word' id='word_1_466' title='bbox 3456 1447 3514 1490; x_wconf 87' lang='lat' dir='ltr'><strong>et</strong></span> <span class='ocrx_word' id='word_1_467' title='bbox 3551 1438 3663 1492; x_wconf 85' lang='lat' dir='ltr'><strong>cir—</strong></span> 
     </span>
    </p>
   </div>
   <div class='ocr_carea' id='block_1_56' title="bbox 2081 1523 3664 1594">
    <p class='ocr_par' dir='ltr' id='par_1_56' title="bbox 2081 1523 3664 1594">
     <span class='ocr_line' id='line_1_56' title="bbox 2081 1523 3664 1594; baseline 0.001 -14"><span class='ocrx_word' id='word_1_468' title='bbox 2081 1525 2470 1580; x_wconf 90' lang='lat' dir='ltr'><strong>cumcisionem</strong></span> <span class='ocrx_word' id='word_1_469' title='bbox 2499 1524 2890 1593; x_wconf 71' lang='lat' dir='ltr'><strong>przcvaricator</strong></span> <span class='ocrx_word' id='word_1_470' title='bbox 2916 1538 2977 1578; x_wconf 92' lang='lat' dir='ltr'><strong>es</strong></span> <span class='ocrx_word' id='word_1_471' title='bbox 3005 1523 3143 1593; x_wconf 90' lang='lat' dir='ltr'><strong>legis</strong></span> <span class='ocrx_word' id='word_1_472' title='bbox 3187 1523 3232 1554; x_wconf 80' lang='grc'><strong>³¹</strong></span> <span class='ocrx_word' id='word_1_473' title='bbox 3270 1524 3294 1576; x_wconf 86' lang='lat'><strong>?</strong></span> <span class='ocrx_word' id='word_1_474' title='bbox 3325 1543 3344 1576; x_wconf 72' lang='grc' dir='ltr'><strong>ι</strong></span> <span class='ocrx_word' id='word_1_475' title='bbox 3396 1525 3664 1594; x_wconf 88' lang='lat' dir='ltr'><strong>Superius</strong></span> 
     </span>
    </p>
   </div>
   <div class='ocr_carea' id='block_1_57' title="bbox 2081 1613 3662 1683">
    <p class='ocr_par' dir='ltr' id='par_1_57' title="bbox 2081 1613 3662 1683">
     <span class='ocr_line' id='line_1_57' title="bbox 2081 1613 3662 1683; baseline 0.003 -14"><span class='ocrx_word' id='word_1_476' title='bbox 2081 1614 2323 1670; x_wconf 80' lang='lat' dir='ltr'><strong>diximus</strong></span> <span class='ocrx_word' id='word_1_477' title='bbox 2356 1614 2503 1683; x_wconf 88' lang='lat' dir='ltr'><strong>quod</strong></span> <span class='ocrx_word' id='word_1_478' title='bbox 2536 1615 2675 1668; x_wconf 88' lang='lat' dir='ltr'><strong>duos</strong></span> <span class='ocrx_word' id='word_1_479' title='bbox 2697 1613 2914 1669; x_wconf 65' lang='lat' dir='ltr'><strong>.ludaaos</strong></span> <span class='ocrx_word' id='word_1_480' title='bbox 2949 1623 3002 1670; x_wconf 91' lang='lat' dir='ltr'><strong>et</strong></span> <span class='ocrx_word' id='word_1_481' title='bbox 3035 1618 3168 1670; x_wconf 85' lang='lat' dir='ltr'><strong>duas</strong></span> <span class='ocrx_word' id='word_1_482' title='bbox 3213 1617 3662 1674; x_wconf 85' lang='lat' dir='ltr'><strong>circumcisiones</strong></span> 
     </span>
    </p>
   </div>
   <div class='ocr_carea' id='block_1_58' title="bbox 2081 1703 3662 1774">
    <p class='ocr_par' dir='ltr' id='par_1_58' title="bbox 2081 1703 3662 1774">
     <span class='ocr_line' id='line_1_58' title="bbox 2081 1703 3662 1774; baseline 0.003 -15"><span class='ocrx_word' id='word_1_483' title='bbox 2081 1705 2344 1760; x_wconf 89' lang='lat' dir='ltr'><strong>discutiat</strong></span> <span class='ocrx_word' id='word_1_484' title='bbox 2370 1703 2686 1774; x_wconf 89' lang='lat' dir='ltr'><strong>Apostolus,</strong></span> <span class='ocrx_word' id='word_1_485' title='bbox 2717 1712 2771 1760; x_wconf 90' lang='lat' dir='ltr'><strong>et</strong></span> <span class='ocrx_word' id='word_1_486' title='bbox 2798 1720 2941 1760; x_wconf 90' lang='lat' dir='ltr'><strong>nunc</strong></span> <span class='ocrx_word' id='word_1_487' title='bbox 2988 1705 3054 1761; x_wconf 89' lang='lat' dir='ltr'><strong>de</strong></span> <span class='ocrx_word' id='word_1_488' title='bbox 3096 1706 3324 1773; x_wconf 89' lang='lat' dir='ltr'><strong>carnali,</strong></span> <span class='ocrx_word' id='word_1_489' title='bbox 3352 1723 3504 1762; x_wconf 88' lang='lat' dir='ltr'><strong>nunc</strong></span> <span class='ocrx_word' id='word_1_490' title='bbox 3535 1723 3662 1763; x_wconf 85' lang='lat' dir='ltr'><strong>vero</strong></span> 
     </span>
    </p>
   </div>
   <div class='ocr_carea' id='block_1_59' title="bbox 2080 1795 3658 1870">
    <p class='ocr_par' dir='ltr' id='par_1_59' title="bbox 2080 1795 3658 1870">
     <span class='ocr_line' id='line_1_59' title="bbox 2080 1795 3658 1870; baseline 0.001 -18"><span class='ocrx_word' id='word_1_491' title='bbox 2080 1798 2146 1852; x_wconf 92' lang='lat' dir='ltr'><strong>de</strong></span> <span class='ocrx_word' id='word_1_492' title='bbox 2172 1797 2406 1867; x_wconf 86' lang='lat' dir='ltr'><strong>spiritali</strong></span> <span class='ocrx_word' id='word_1_493' title='bbox 2436 1795 2550 1868; x_wconf 72' lang='lat'><strong>(22)</strong></span> <span class='ocrx_word' id='word_1_494' title='bbox 2580 1806 2990 1852; x_wconf 87' lang='lat' dir='ltr'><strong>commemoret.</strong></span> <span class='ocrx_word' id='word_1_495' title='bbox 3023 1797 3249 1853; x_wconf 87' lang='lat' dir='ltr'><strong>Videtur</strong></span> <span class='ocrx_word' id='word_1_496' title='bbox 3277 1814 3412 1869; x_wconf 86' lang='lat' dir='ltr'><strong>ergo</strong></span> <span class='ocrx_word' id='word_1_497' title='bbox 3438 1801 3492 1854; x_wconf 92' lang='lat' dir='ltr'><strong>in</strong></span> <span class='ocrx_word' id='word_1_498' title='bbox 3531 1816 3658 1870; x_wconf 72' lang='lat' dir='ltr'><strong>pra:-</strong></span> 
     </span>
    </p>
   </div>
   <div class='ocr_carea' id='block_1_60' title="bbox 2079 1887 3660 1958">
    <p class='ocr_par' dir='ltr' id='par_1_60' title="bbox 2079 1887 3660 1958">
     <span class='ocr_line' id='line_1_60' title="bbox 2079 1887 3660 1958; baseline 0.001 -16"><span class='ocrx_word' id='word_1_499' title='bbox 2079 1889 2219 1942; x_wconf 91' lang='lat' dir='ltr'><strong>senti</strong></span> <span class='ocrx_word' id='word_1_500' title='bbox 2248 1887 2366 1942; x_wconf 92' lang='lat' dir='ltr'><strong>loco</strong></span> <span class='ocrx_word' id='word_1_501' title='bbox 2390 1888 2714 1958; x_wconf 71' lang='lat' dir='ltr'><strong>praeputium</strong></span> <span class='ocrx_word' id='word_1_502' title='bbox 2765 1888 2954 1943; x_wconf 89' lang='lat' dir='ltr'><strong>dicere</strong></span> <span class='ocrx_word' id='word_1_503' title='bbox 2994 1897 3206 1958; x_wconf 83' lang='lat' dir='ltr'><strong>gentes,</strong></span> <span class='ocrx_word' id='word_1_504' title='bbox 3241 1905 3364 1956; x_wconf 77' lang='lat' dir='ltr'><strong>qua:</strong></span> <span class='ocrx_word' id='word_1_505' title='bbox 3411 1891 3467 1943; x_wconf 91' lang='lat' dir='ltr'><strong>in</strong></span> <span class='ocrx_word' id='word_1_506' title='bbox 3522 1905 3660 1958; x_wconf 64' lang='lat' dir='ltr'><strong>prr-</strong></span> 
     </span>
    </p>
   </div>
   <div class='ocr_carea' id='block_1_61' title="bbox 2075 1977 3660 2051">
    <p class='ocr_par' dir='ltr' id='par_1_61' title="bbox 2075 1977 3660 2051">
     <span class='ocr_line' id='line_1_61' title="bbox 2075 1977 3660 2051; baseline 0.001 -19"><span class='ocrx_word' id='word_1_507' title='bbox 2075 1979 2230 2048; x_wconf 67' lang='lat' dir='ltr'><strong>~putio</strong></span> <span class='ocrx_word' id='word_1_508' title='bbox 2253 1977 2420 2051; x_wconf 54' lang='lat' dir='ltr'><strong>E90</strong></span> <span class='ocrx_word' id='word_1_509' title='bbox 2451 1979 2637 2033; x_wconf 89' lang='lat' dir='ltr'><strong>carnis</strong></span> <span class='ocrx_word' id='word_1_510' title='bbox 2671 1979 2738 2032; x_wconf 89' lang='lat' dir='ltr'><strong>ad</strong></span> <span class='ocrx_word' id='word_1_511' title='bbox 2767 1979 2926 2032; x_wconf 89' lang='lat' dir='ltr'><strong>ﬁdem</strong></span> <span class='ocrx_word' id='word_1_512' title='bbox 2953 1979 3158 2034; x_wconf 86' lang='lat' dir='ltr'><strong>Christi</strong></span> <span class='ocrx_word' id='word_1_513' title='bbox 3189 1990 3459 2036; x_wconf 89' lang='lat' dir='ltr'><strong>venerunt</strong></span> <span class='ocrx_word' id='word_1_514' title='bbox 3483 1999 3499 2034; x_wconf 91' lang='lat'><strong>:</strong></span> <span class='ocrx_word' id='word_1_515' title='bbox 3526 1996 3660 2049; x_wconf 87' lang='lat' dir='ltr'><strong>quas</strong></span> 
     </span>
    </p>
   </div>
   <div class='ocr_carea' id='block_1_62' title="bbox 2080 2069 3659 2140">
    <p class='ocr_par' dir='ltr' id='par_1_62' title="bbox 2080 2069 3659 2140">
     <span class='ocr_line' id='line_1_62' title="bbox 2080 2069 3659 2140; baseline 0.001 -18"><span class='ocrx_word' id='word_1_516' title='bbox 2080 2069 2252 2139; x_wconf 84' lang='lat' dir='ltr'><strong>legem</strong></span> <span class='ocrx_word' id='word_1_517' title='bbox 2281 2070 2580 2139; x_wconf 82' lang='lat' dir='ltr'><strong>spiritalem</strong></span> <span class='ocrx_word' id='word_1_518' title='bbox 2616 2081 2898 2125; x_wconf 86' lang='lat' dir='ltr'><strong>servantes</strong></span> <span class='ocrx_word' id='word_1_519' title='bbox 2942 2072 3223 2140; x_wconf 90' lang='lat' dir='ltr'><strong>componit</strong></span> <span class='ocrx_word' id='word_1_520' title='bbox 3265 2082 3319 2125; x_wconf 91' lang='lat' dir='ltr'><strong>et</strong></span> <span class='ocrx_word' id='word_1_521' title='bbox 3373 2080 3659 2139; x_wconf 84' lang='lat' dir='ltr'><strong>comparat</strong></span> 
     </span>
    </p>
   </div>
   <div class='ocr_carea' id='block_1_63' title="bbox 2079 2159 3658 2230">
    <p class='ocr_par' dir='ltr' id='par_1_63' title="bbox 2079 2159 3658 2230">
     <span class='ocr_line' id='line_1_63' title="bbox 2079 2159 3658 2230; baseline 0.001 -15"><span class='ocrx_word' id='word_1_522' title='bbox 2079 2159 2304 2224; x_wconf 72' lang='lat' dir='ltr'><strong>Judteis,</strong></span> <span class='ocrx_word' id='word_1_523' title='bbox 2338 2161 2430 2230; x_wconf 89' lang='lat' dir='ltr'><strong>qui</strong></span> <span class='ocrx_word' id='word_1_524' title='bbox 2461 2175 2556 2229; x_wconf 92' lang='lat' dir='ltr'><strong>per</strong></span> <span class='ocrx_word' id='word_1_525' title='bbox 2585 2161 2824 2216; x_wconf 85' lang='lat' dir='ltr'><strong>litteram</strong></span> <span class='ocrx_word' id='word_1_526' title='bbox 2856 2172 2906 2216; x_wconf 90' lang='lat' dir='ltr'><strong>et</strong></span> <span class='ocrx_word' id='word_1_527' title='bbox 2951 2163 3422 2219; x_wconf 88' lang='lat' dir='ltr'><strong>circumcisionem</strong></span> <span class='ocrx_word' id='word_1_528' title='bbox 3473 2165 3658 2217; x_wconf 87' lang='lat' dir='ltr'><strong>carnis</strong></span> 
     </span>
    </p>
   </div>
   <div class='ocr_carea' id='block_1_64' title="bbox 2081 2253 3659 2326">
    <p class='ocr_par' dir='ltr' id='par_1_64' title="bbox 2081 2253 3659 2326">
     <span class='ocr_line' id='line_1_64' title="bbox 2081 2253 3659 2326; baseline 0.003 -20"><span class='ocrx_word' id='word_1_529' title='bbox 2081 2253 2534 2323; x_wconf 69' lang='lat' dir='ltr'><strong>praevaricatores</strong></span> <span class='ocrx_word' id='word_1_530' title='bbox 2571 2263 2696 2308; x_wconf 91' lang='lat' dir='ltr'><strong>sunt</strong></span> <span class='ocrx_word' id='word_1_531' title='bbox 2731 2253 2884 2324; x_wconf 85' lang='lat' dir='ltr'><strong>legis,</strong></span> <span class='ocrx_word' id='word_1_532' title='bbox 2938 2269 3074 2324; x_wconf 90' lang='lat' dir='ltr'><strong>quos</strong></span> <span class='ocrx_word' id='word_1_533' title='bbox 3117 2264 3174 2309; x_wconf 88' lang='lat' dir='ltr'><strong>et</strong></span> <span class='ocrx_word' id='word_1_534' title='bbox 3217 2254 3547 2326; x_wconf 73' lang='lat' dir='ltr'><strong>iudicandos</strong></span> <span class='ocrx_word' id='word_1_535' title='bbox 3593 2256 3659 2310; x_wconf 83' lang='lat' dir='ltr'><strong>ab</strong></span> 
     </span>
    </p>
   </div>
   <div class='ocr_carea' id='block_1_65' title="bbox 2074 2344 3658 2415">
    <p class='ocr_par' dir='ltr' id='par_1_65' title="bbox 2074 2344 3658 2415">
     <span class='ocr_line' id='line_1_65' title="bbox 2074 2344 3658 2415; baseline 0.001 -16"><span class='ocrx_word' id='word_1_536' title='bbox 2074 2345 2167 2400; x_wconf 85' lang='lat' dir='ltr'><strong>&#39;bis</strong></span> <span class='ocrx_word' id='word_1_537' title='bbox 2198 2345 2330 2400; x_wconf 88' lang='lat' dir='ltr'><strong>dicit</strong></span> <span class='ocrx_word' id='word_1_538' title='bbox 2357 2345 2409 2399; x_wconf 92' lang='lat' dir='ltr'><strong>in</strong></span> <span class='ocrx_word' id='word_1_539' title='bbox 2452 2344 2650 2415; x_wconf 85' lang='lat' dir='ltr'><strong>quibus</strong></span> <span class='ocrx_word' id='word_1_540' title='bbox 2699 2359 2806 2399; x_wconf 93' lang='lat' dir='ltr'><strong>non</strong></span> <span class='ocrx_word' id='word_1_541' title='bbox 2835 2347 3020 2402; x_wconf 90' lang='lat' dir='ltr'><strong>carnis</strong></span> <span class='ocrx_word' id='word_1_542' title='bbox 3046 2346 3416 2411; x_wconf 87' lang='lat' dir='ltr'><strong>circumcisio,</strong></span> <span class='ocrx_word' id='word_1_543' title='bbox 3449 2349 3546 2401; x_wconf 90' lang='lat' dir='ltr'><strong>sed</strong></span> <span class='ocrx_word' id='word_1_544' title='bbox 3593 2347 3658 2401; x_wconf 88' lang='lat' dir='ltr'><strong>le-</strong></span> 
     </span>
    </p>
   </div>
   <div class='ocr_carea' id='block_1_66' title="bbox 2079 2434 3658 2506">
    <p class='ocr_par' dir='ltr' id='par_1_66' title="bbox 2079 2434 3658 2506">
     <span class='ocr_line' id='line_1_66' title="bbox 2079 2434 3658 2506; baseline 0.003 -16"><span class='ocrx_word' id='word_1_545' title='bbox 2079 2435 2161 2506; x_wconf 88' lang='lat' dir='ltr'><strong>gis</strong></span> <span class='ocrx_word' id='word_1_546' title='bbox 2199 2435 2519 2491; x_wconf 87' lang='lat' dir='ltr'><strong>observatio</strong></span> <span class='ocrx_word' id='word_1_547' title='bbox 2552 2446 2658 2493; x_wconf 90' lang='lat' dir='ltr'><strong>est.</strong></span> <span class='ocrx_word' id='word_1_548' title='bbox 2709 2434 3004 2492; x_wconf 87' lang='lat' dir='ltr'><strong>Possumus</strong></span> <span class='ocrx_word' id='word_1_549' title='bbox 3055 2447 3235 2492; x_wconf 88' lang='lat' dir='ltr'><strong>autem</strong></span> <span class='ocrx_word' id='word_1_550' title='bbox 3277 2453 3341 2493; x_wconf 77' lang='lat' dir='ltr'><strong>ex</strong></span> <span class='ocrx_word' id='word_1_551' title='bbox 3378 2441 3483 2494; x_wconf 89' lang='lat' dir='ltr'><strong>hac</strong></span> <span class='ocrx_word' id='word_1_552' title='bbox 3512 2455 3658 2497; x_wconf 87' lang='lat' dir='ltr'><strong>com-</strong></span> 
     </span>
    </p>
   </div>
   <div class='ocr_carea' id='block_1_67' title="bbox 2079 2527 3656 2599">
    <p class='ocr_par' dir='ltr' id='par_1_67' title="bbox 2079 2527 3656 2599">
     <span class='ocr_line' id='line_1_67' title="bbox 2079 2527 3656 2599; baseline 0.003 -17"><span class='ocrx_word' id='word_1_553' title='bbox 2079 2527 2368 2599; x_wconf 85' lang='lat' dir='ltr'><strong>paratione</strong></span> <span class='ocrx_word' id='word_1_554' title='bbox 2403 2527 2569 2582; x_wconf 90' lang='lat' dir='ltr'><strong>etiam</strong></span> <span class='ocrx_word' id='word_1_555' title='bbox 2601 2535 2819 2582; x_wconf 90' lang='lat' dir='ltr'><strong>nostros</strong></span> <span class='ocrx_word' id='word_1_556' title='bbox 2878 2528 2932 2583; x_wconf 93' lang='lat' dir='ltr'><strong>in</strong></span> <span class='ocrx_word' id='word_1_557' title='bbox 2975 2529 3215 2584; x_wconf 86' lang='lat' dir='ltr'><strong>Ecclesia</strong></span> <span class='ocrx_word' id='word_1_558' title='bbox 3266 2545 3656 2597; x_wconf 85' lang='lat' dir='ltr'><strong>eommonere;</strong></span> 
     </span>
    </p>
   </div>
   <div class='ocr_carea' id='block_1_68' title="bbox 2079 2618 3657 2691">
    <p class='ocr_par' dir='ltr' id='par_1_68' title="bbox 2079 2618 3657 2691">
     <span class='ocr_line' id='line_1_68' title="bbox 2079 2618 3657 2691; baseline 0.001 -18"><span class='ocrx_word' id='word_1_559' title='bbox 2079 2618 2228 2676; x_wconf 84' lang='lat' dir='ltr'><strong>verbi</strong></span> <span class='ocrx_word' id='word_1_560' title='bbox 2258 2633 2448 2684; x_wconf 84' lang='lat' dir='ltr'><strong>causa,</strong></span> <span class='ocrx_word' id='word_1_561' title='bbox 2483 2619 2529 2673; x_wconf 88' lang='lat' dir='ltr'><strong>si</strong></span> <span class='ocrx_word' id='word_1_562' title='bbox 2556 2619 2802 2675; x_wconf 88' lang='lat' dir='ltr'><strong>dicamus</strong></span> <span class='ocrx_word' id='word_1_563' title='bbox 2829 2620 2882 2675; x_wconf 93' lang='lat' dir='ltr'><strong>in</strong></span> <span class='ocrx_word' id='word_1_564' title='bbox 2911 2623 3177 2691; x_wconf 70' lang='lat' dir='ltr'><strong>pmputio</strong></span> <span class='ocrx_word' id='word_1_565' title='bbox 3206 2622 3388 2676; x_wconf 86' lang='lat' dir='ltr'><strong>adhuc</strong></span> <span class='ocrx_word' id='word_1_566' title='bbox 3413 2637 3541 2676; x_wconf 88' lang='lat' dir='ltr'><strong>esse</strong></span> <span class='ocrx_word' id='word_1_567' title='bbox 3565 2637 3657 2674; x_wconf 68' lang='lat' dir='ltr'><strong>ea.</strong></span> 
     </span>
    </p>
   </div>
   <div class='ocr_carea' id='block_1_69' title="bbox 2082 2711 3660 2782">
    <p class='ocr_par' dir='ltr' id='par_1_69' title="bbox 2082 2711 3660 2782">
     <span class='ocr_line' id='line_1_69' title="bbox 2082 2711 3660 2782; baseline 0 -16"><span class='ocrx_word' id='word_1_568' title='bbox 2082 2711 2457 2776; x_wconf 87' lang='lat' dir='ltr'><strong>techumenos,</strong></span> <span class='ocrx_word' id='word_1_569' title='bbox 2493 2718 2587 2764; x_wconf 90' lang='lat' dir='ltr'><strong>aut</strong></span> <span class='ocrx_word' id='word_1_570' title='bbox 2623 2711 2792 2766; x_wconf 90' lang='lat' dir='ltr'><strong>etiam</strong></span> <span class='ocrx_word' id='word_1_571' title='bbox 2841 2711 3072 2782; x_wconf 90' lang='lat' dir='ltr'><strong>gentiles</strong></span> <span class='ocrx_word' id='word_1_572' title='bbox 3111 2728 3128 2777; x_wconf 88' lang='lat'><strong>;</strong></span> <span class='ocrx_word' id='word_1_573' title='bbox 3185 2720 3240 2768; x_wconf 91' lang='lat' dir='ltr'><strong>et</strong></span> <span class='ocrx_word' id='word_1_574' title='bbox 3304 2712 3660 2768; x_wconf 83' lang='lat' dir='ltr'><strong>circumcisus</strong></span> 
     </span>
    </p>
   </div>
   <div class='ocr_carea' id='block_1_70' title="bbox 2080 2799 3654 2874">
    <p class='ocr_par' dir='ltr' id='par_1_70' title="bbox 2080 2799 3654 2874">
     <span class='ocr_line' id='line_1_70' title="bbox 2080 2799 3654 2874; baseline 0.001 -18"><span class='ocrx_word' id='word_1_575' title='bbox 2080 2817 2202 2860; x_wconf 79' lang='lat' dir='ltr'><strong>esse</strong></span> <span class='ocrx_word' id='word_1_576' title='bbox 2249 2799 2434 2858; x_wconf 84' lang='lat' dir='ltr'><strong>ﬁdeles</strong></span> <span class='ocrx_word' id='word_1_577' title='bbox 2481 2816 2578 2872; x_wconf 91' lang='lat' dir='ltr'><strong>per</strong></span> <span class='ocrx_word' id='word_1_578' title='bbox 2631 2802 2866 2874; x_wconf 84' lang='lat' dir='ltr'><strong>gratiam</strong></span> <span class='ocrx_word' id='word_1_579' title='bbox 2907 2802 3184 2872; x_wconf 88' lang='lat' dir='ltr'><strong>baptismi.</strong></span> <span class='ocrx_word' id='word_1_580' title='bbox 3237 2803 3294 2858; x_wconf 92' lang='lat' dir='ltr'><strong>Si</strong></span> <span class='ocrx_word' id='word_1_581' title='bbox 3333 2819 3468 2874; x_wconf 90' lang='lat' dir='ltr'><strong>ergo</strong></span> <span class='ocrx_word' id='word_1_582' title='bbox 3505 2815 3654 2859; x_wconf 83' lang='lat' dir='ltr'><strong>cate-</strong></span> 
     </span>
    </p>
   </div>
   <div class='ocr_carea' id='block_1_71' title="bbox 2079 2891 3654 2963">
    <p class='ocr_par' dir='ltr' id='par_1_71' title="bbox 2079 2891 3654 2963">
     <span class='ocr_line' id='line_1_71' title="bbox 2079 2891 3654 2963; baseline -0.001 -14"><span class='ocrx_word' id='word_1_583' title='bbox 2079 2894 2382 2949; x_wconf 89' lang='lat' dir='ltr'><strong>cbumeuus</strong></span> <span class='ocrx_word' id='word_1_584' title='bbox 2413 2893 2509 2963; x_wconf 91' lang='lat' dir='ltr'><strong>qui</strong></span> <span class='ocrx_word' id='word_1_585' title='bbox 2543 2892 2779 2948; x_wconf 91' lang='lat' dir='ltr'><strong>nondum</strong></span> <span class='ocrx_word' id='word_1_586' title='bbox 2805 2906 2902 2962; x_wconf 89' lang='lat' dir='ltr'><strong>per</strong></span> <span class='ocrx_word' id='word_1_587' title='bbox 2926 2892 3160 2963; x_wconf 88' lang='lat' dir='ltr'><strong>gratiam</strong></span> <span class='ocrx_word' id='word_1_588' title='bbox 3189 2891 3394 2947; x_wconf 88' lang='lat' dir='ltr'><strong>lavacri</strong></span> <span class='ocrx_word' id='word_1_589' title='bbox 3429 2893 3654 2947; x_wconf 78' lang='lat' dir='ltr'><strong>circum-</strong></span> 
     </span>
    </p>
   </div>
   <div class='ocr_carea' id='block_1_72' title="bbox 2081 2983 3649 3056">
    <p class='ocr_par' dir='ltr' id='par_1_72' title="bbox 2081 2983 3649 3056">
     <span class='ocr_line' id='line_1_72' title="bbox 2081 2983 3649 3056; baseline -0.003 -16"><span class='ocrx_word' id='word_1_590' title='bbox 2081 2986 2227 3041; x_wconf 89' lang='lat' dir='ltr'><strong>cisus</strong></span> <span class='ocrx_word' id='word_1_591' title='bbox 2249 2995 2355 3052; x_wconf 91' lang='lat' dir='ltr'><strong>est,</strong></span> <span class='ocrx_word' id='word_1_592' title='bbox 2392 2985 2562 3056; x_wconf 81' lang='lat' dir='ltr'><strong>legem</strong></span> <span class='ocrx_word' id='word_1_593' title='bbox 2584 2983 2785 3041; x_wconf 87' lang='lat' dir='ltr'><strong>Christi</strong></span> <span class='ocrx_word' id='word_1_594' title='bbox 2815 2994 3024 3050; x_wconf 88' lang='lat' dir='ltr'><strong>servet,</strong></span> <span class='ocrx_word' id='word_1_595' title='bbox 3044 2984 3284 3054; x_wconf 89' lang='lat' dir='ltr'><strong>justitias</strong></span> <span class='ocrx_word' id='word_1_596' title='bbox 3309 2993 3366 3040; x_wconf 93' lang='lat' dir='ltr'><strong>et</strong></span> <span class='ocrx_word' id='word_1_597' title='bbox 3399 2984 3649 3038; x_wconf 84' lang='lat' dir='ltr'><strong>mandata</strong></span> 
     </span>
    </p>
   </div>
   <div class='ocr_carea' id='block_1_73' title="bbox 2080 3079 3652 3149">
    <p class='ocr_par' dir='ltr' id='par_1_73' title="bbox 2080 3079 3652 3149">
     <span class='ocr_line' id='line_1_73' title="bbox 2080 3079 3652 3149; baseline -0.002 -12"><span class='ocrx_word' id='word_1_598' title='bbox 2080 3080 2396 3146; x_wconf 88' lang='lat' dir='ltr'><strong>custodiat,</strong></span> <span class='ocrx_word' id='word_1_599' title='bbox 2469 3095 2650 3135; x_wconf 92' lang='lat' dir='ltr'><strong>nonne</strong></span> <span class='ocrx_word' id='word_1_600' title='bbox 2703 3095 2771 3135; x_wconf 75' lang='lat' dir='ltr'><strong>ex</strong></span> <span class='ocrx_word' id='word_1_601' title='bbox 2835 3079 2940 3136; x_wconf 87' lang='lat' dir='ltr'><strong>hac</strong></span> <span class='ocrx_word' id='word_1_602' title='bbox 2993 3083 3405 3149; x_wconf 84' lang='lat' dir='ltr'><strong>comparatione</strong></span> <span class='ocrx_word' id='word_1_603' title='bbox 3454 3080 3652 3148; x_wconf 75' lang='lat' dir='ltr'><strong>iudicat</strong></span> 
     </span>
    </p>
   </div>
   <div class='ocr_carea' id='block_1_74' title="bbox 2083 3170 3649 3242">
    <p class='ocr_par' dir='ltr' id='par_1_74' title="bbox 2083 3170 3649 3242">
     <span class='ocr_line' id='line_1_74' title="bbox 2083 3170 3649 3242; baseline -0.002 -16"><span class='ocrx_word' id='word_1_604' title='bbox 2083 3187 2231 3237; x_wconf 90' lang='lat' dir='ltr'><strong>eum,</strong></span> <span class='ocrx_word' id='word_1_605' title='bbox 2267 3174 2362 3242; x_wconf 89' lang='lat' dir='ltr'><strong>qui</strong></span> <span class='ocrx_word' id='word_1_606' title='bbox 2394 3171 2568 3226; x_wconf 88' lang='lat' dir='ltr'><strong>ﬁdelis</strong></span> <span class='ocrx_word' id='word_1_607' title='bbox 2593 3170 2796 3226; x_wconf 86' lang='lat' dir='ltr'><strong>dicitur</strong></span> <span class='ocrx_word' id='word_1_608' title='bbox 2821 3180 2874 3226; x_wconf 90' lang='lat' dir='ltr'><strong>et</strong></span> <span class='ocrx_word' id='word_1_609' title='bbox 2897 3182 3168 3242; x_wconf 72' lang='lat' dir='ltr'><strong>praecepta</strong></span> <span class='ocrx_word' id='word_1_610' title='bbox 3215 3188 3322 3228; x_wconf 93' lang='lat' dir='ltr'><strong>non</strong></span> <span class='ocrx_word' id='word_1_611' title='bbox 3359 3183 3559 3236; x_wconf 84' lang='lat' dir='ltr'><strong>servat,</strong></span> <span class='ocrx_word' id='word_1_612' title='bbox 3590 3186 3649 3224; x_wconf 87' lang='lat' dir='ltr'><strong>ac</strong></span> 
     </span>
    </p>
   </div>
   <div class='ocr_carea' id='block_1_75' title="bbox 2081 3263 3650 3335">
    <p class='ocr_par' dir='ltr' id='par_1_75' title="bbox 2081 3263 3650 3335">
     <span class='ocr_line' id='line_1_75' title="bbox 2081 3263 3650 3335; baseline -0.001 -17"><span class='ocrx_word' id='word_1_613' title='bbox 2081 3264 2253 3334; x_wconf 85' lang='lat' dir='ltr'><strong>legem</strong></span> <span class='ocrx_word' id='word_1_614' title='bbox 2279 3264 2508 3329; x_wconf 86' lang='lat' dir='ltr'><strong>Christi,</strong></span> <span class='ocrx_word' id='word_1_615' title='bbox 2539 3273 2594 3319; x_wconf 90' lang='lat' dir='ltr'><strong>et</strong></span> <span class='ocrx_word' id='word_1_616' title='bbox 2635 3263 2891 3318; x_wconf 86' lang='lat' dir='ltr'><strong>mandata</strong></span> <span class='ocrx_word' id='word_1_617' title='bbox 2917 3265 3220 3319; x_wconf 88' lang='lat' dir='ltr'><strong>contemnit</strong></span> <span class='ocrx_word' id='word_1_618' title='bbox 3253 3265 3278 3318; x_wconf 84' lang='lat'><strong>?</strong></span> <span class='ocrx_word' id='word_1_619' title='bbox 3329 3266 3570 3335; x_wconf 88' lang='lat' dir='ltr'><strong>Denique</strong></span> <span class='ocrx_word' id='word_1_620' title='bbox 3599 3271 3650 3317; x_wconf 86' lang='lat' dir='ltr'><strong>et</strong></span> 
     </span>
    </p>
   </div>
   <div class='ocr_carea' id='block_1_76' title="bbox 2082 3356 3649 3428">
    <p class='ocr_par' dir='ltr' id='par_1_76' title="bbox 2082 3356 3649 3428">
     <span class='ocr_line' id='line_1_76' title="bbox 2082 3356 3649 3428; baseline -0.001 -18"><span class='ocrx_word' id='word_1_621' title='bbox 2082 3356 2198 3425; x_wconf 91' lang='lat' dir='ltr'><strong>ipse</strong></span> <span class='ocrx_word' id='word_1_622' title='bbox 2246 3357 2512 3413; x_wconf 91' lang='lat' dir='ltr'><strong>Dominus</strong></span> <span class='ocrx_word' id='word_1_623' title='bbox 2564 3357 2781 3413; x_wconf 87' lang='lat' dir='ltr'><strong>dicebat</strong></span> <span class='ocrx_word' id='word_1_624' title='bbox 2808 3357 2896 3412; x_wconf 82' lang='lat'><strong>&quot;:</strong></span> <span class='ocrx_word' id='word_1_625' title='bbox 2957 3376 2976 3410; x_wconf 77' lang='grc' dir='ltr'>ι</span> <span class='ocrx_word' id='word_1_626' title='bbox 3023 3356 3228 3428; x_wconf 82' lang='lat' dir='ltr'><strong>Regina</strong></span> <span class='ocrx_word' id='word_1_627' title='bbox 3264 3357 3448 3413; x_wconf 78' lang='lat' dir='ltr'><strong>Austri</strong></span> <span class='ocrx_word' id='word_1_628' title='bbox 3475 3365 3649 3428; x_wconf 72' lang='lat' dir='ltr'><strong>surget</strong></span> 
     </span>
    </p>
   </div>
   <div class='ocr_carea' id='block_1_77' title="bbox 2081 3445 3651 3520">
    <p class='ocr_par' dir='ltr' id='par_1_77' title="bbox 2081 3445 3651 3520">
     <span class='ocr_line' id='line_1_77' title="bbox 2081 3445 3651 3520; baseline 0.003 -20"><span class='ocrx_word' id='word_1_629' title='bbox 2081 3447 2133 3502; x_wconf 90' lang='lat' dir='ltr'><strong>in</strong></span> <span class='ocrx_word' id='word_1_630' title='bbox 2157 3445 2362 3516; x_wconf 78' lang='lat' dir='ltr'><strong>judicio</strong></span> <span class='ocrx_word' id='word_1_631' title='bbox 2409 3463 2532 3503; x_wconf 90' lang='lat' dir='ltr'><strong>cum</strong></span> <span class='ocrx_word' id='word_1_632' title='bbox 2579 3449 2713 3504; x_wconf 89' lang='lat' dir='ltr'><strong>viris</strong></span> <span class='ocrx_word' id='word_1_633' title='bbox 2760 3449 3136 3519; x_wconf 88' lang='lat' dir='ltr'><strong>generationis</strong></span> <span class='ocrx_word' id='word_1_634' title='bbox 3191 3450 3378 3520; x_wconf 89' lang='lat' dir='ltr'><strong>hujus,</strong></span> <span class='ocrx_word' id='word_1_635' title='bbox 3418 3460 3474 3506; x_wconf 89' lang='lat' dir='ltr'><strong>et</strong></span> <span class='ocrx_word' id='word_1_636' title='bbox 3524 3465 3651 3504; x_wconf 83' lang='lat' dir='ltr'><strong>con-</strong></span> 
     </span>
    </p>
   </div>
   <div class='ocr_carea' id='block_1_78' title="bbox 2079 3537 3644 3608">
    <p class='ocr_par' dir='ltr' id='par_1_78' title="bbox 2079 3537 3644 3608">
     <span class='ocr_line' id='line_1_78' title="bbox 2079 3537 3644 3608; baseline 0.002 -17"><span class='ocrx_word' id='word_1_637' title='bbox 2079 3537 2356 3593; x_wconf 89' lang='lat' dir='ltr'><strong>demnabit</strong></span> <span class='ocrx_word' id='word_1_638' title='bbox 2389 3553 2504 3603; x_wconf 91' lang='lat' dir='ltr'><strong>eos,</strong></span> <span class='ocrx_word' id='word_1_639' title='bbox 2538 3540 2666 3608; x_wconf 88' lang='lat' dir='ltr'><strong>quia</strong></span> <span class='ocrx_word' id='word_1_640' title='bbox 2699 3540 2847 3596; x_wconf 85' lang='lat' dir='ltr'><strong>venit</strong></span> <span class='ocrx_word' id='word_1_641' title='bbox 2871 3554 2901 3593; x_wconf 93' lang='lat' dir='ltr'><strong>a</strong></span> <span class='ocrx_word' id='word_1_642' title='bbox 2927 3540 3125 3596; x_wconf 79' lang='lat' dir='ltr'><strong>ﬁnibus</strong></span> <span class='ocrx_word' id='word_1_643' title='bbox 3155 3549 3314 3595; x_wconf 77' lang='lat' dir='ltr'><strong>terra:</strong></span> <span class='ocrx_word' id='word_1_644' title='bbox 3341 3541 3537 3594; x_wconf 89' lang='lat' dir='ltr'><strong>audire</strong></span> <span class='ocrx_word' id='word_1_645' title='bbox 3560 3555 3644 3594; x_wconf 83' lang='lat' dir='ltr'><strong>sa-</strong></span> 
     </span>
    </p>
   </div>
   <div class='ocr_carea' id='block_1_79' title="bbox 2080 3630 3648 3701">
    <p class='ocr_par' dir='ltr' id='par_1_79' title="bbox 2080 3630 3648 3701">
     <span class='ocr_line' id='line_1_79' title="bbox 2080 3630 3648 3701; baseline 0.002 -19"><span class='ocrx_word' id='word_1_646' title='bbox 2080 3630 2342 3700; x_wconf 87' lang='lat' dir='ltr'><strong>pientiam</strong></span> <span class='ocrx_word' id='word_1_647' title='bbox 2378 3631 2709 3687; x_wconf 90' lang='lat' dir='ltr'><strong>Salomonis.</strong></span> <span class='ocrx_word' id='word_1_648' title='bbox 2765 3650 2786 3684; x_wconf 71' lang='grc'><strong>»</strong></span> <span class='ocrx_word' id='word_1_649' title='bbox 2843 3630 2967 3687; x_wconf 74' lang='lat' dir='ltr'><strong>llzec</strong></span> <span class='ocrx_word' id='word_1_650' title='bbox 2999 3631 3218 3701; x_wconf 92' lang='lat' dir='ltr'><strong>quidem</strong></span> <span class='ocrx_word' id='word_1_651' title='bbox 3261 3632 3329 3686; x_wconf 88' lang='lat' dir='ltr'><strong>ad</strong></span> <span class='ocrx_word' id='word_1_652' title='bbox 3383 3632 3648 3689; x_wconf 85' lang='lat' dir='ltr'><strong>instruen-</strong></span> 
     </span>
    </p>
   </div>
   <div class='ocr_carea' id='block_1_80' title="bbox 2093 3721 3642 3778">
    <p class='ocr_par' dir='ltr' id='par_1_80' title="bbox 2093 3721 3642 3778">
     <span class='ocr_line' id='line_1_80' title="bbox 2093 3721 3642 3778; baseline -0.001 -2"><span class='ocrx_word' id='word_1_653' title='bbox 2093 3723 2215 3776; x_wconf 91' lang='lat' dir='ltr'><strong>dam</strong></span> <span class='ocrx_word' id='word_1_654' title='bbox 2246 3721 2545 3778; x_wconf 83' lang='lat' dir='ltr'><strong>Ecclesiam</strong></span> <span class='ocrx_word' id='word_1_655' title='bbox 2578 3722 2734 3778; x_wconf 85' lang='lat' dir='ltr'><strong>nobis</strong></span> <span class='ocrx_word' id='word_1_656' title='bbox 2779 3723 2923 3778; x_wconf 87' lang='lat' dir='ltr'><strong>dicta</strong></span> <span class='ocrx_word' id='word_1_657' title='bbox 2955 3723 3084 3777; x_wconf 90' lang='lat' dir='ltr'><strong>sint.</strong></span> <span class='ocrx_word' id='word_1_658' title='bbox 3118 3722 3316 3778; x_wconf 81' lang='lat' dir='ltr'><strong>Verum</strong></span> <span class='ocrx_word' id='word_1_659' title='bbox 3367 3723 3642 3778; x_wconf 74' lang='lat' dir='ltr'><strong>considera</strong></span> 
     </span>
    </p>
   </div>
   <div class='ocr_carea' id='block_1_81' title="bbox 2079 3812 3647 3882">
    <p class='ocr_par' dir='ltr' id='par_1_81' title="bbox 2079 3812 3647 3882">
     <span class='ocr_line' id='line_1_81' title="bbox 2079 3812 3647 3882; baseline 0 -16"><span class='ocrx_word' id='word_1_660' title='bbox 2079 3812 2122 3866; x_wconf 92' lang='lat' dir='ltr'><strong>si</strong></span> <span class='ocrx_word' id='word_1_661' title='bbox 2169 3814 2342 3882; x_wconf 89' lang='lat' dir='ltr'><strong>possit</strong></span> <span class='ocrx_word' id='word_1_662' title='bbox 2371 3814 2422 3868; x_wconf 94' lang='lat' dir='ltr'><strong>in</strong></span> <span class='ocrx_word' id='word_1_663' title='bbox 2455 3815 2556 3868; x_wconf 92' lang='lat' dir='ltr'><strong>hoc</strong></span> <span class='ocrx_word' id='word_1_664' title='bbox 2589 3813 2708 3870; x_wconf 90' lang='lat' dir='ltr'><strong>loco</strong></span> <span class='ocrx_word' id='word_1_665' title='bbox 2737 3824 2792 3869; x_wconf 92' lang='lat' dir='ltr'><strong>et</strong></span> <span class='ocrx_word' id='word_1_666' title='bbox 2821 3815 2914 3870; x_wconf 92' lang='lat' dir='ltr'><strong>ille</strong></span> <span class='ocrx_word' id='word_1_667' title='bbox 2959 3814 3268 3870; x_wconf 88' lang='lat' dir='ltr'><strong>intellectus</strong></span> <span class='ocrx_word' id='word_1_668' title='bbox 3323 3816 3563 3874; x_wconf 88' lang='lat' dir='ltr'><strong>admitti.</strong></span> <span class='ocrx_word' id='word_1_669' title='bbox 3595 3823 3647 3867; x_wconf 92' lang='lat' dir='ltr'><strong>ut</strong></span> 
     </span>
    </p>
   </div>
   <div class='ocr_carea' id='block_1_82' title="bbox 2078 3901 3640 3972">
    <p class='ocr_par' dir='ltr' id='par_1_82' title="bbox 2078 3901 3640 3972">
     <span class='ocr_line' id='line_1_82' title="bbox 2078 3901 3640 3972; baseline -0.001 -15"><span class='ocrx_word' id='word_1_670' title='bbox 2078 3901 2292 3957; x_wconf 86' lang='lat' dir='ltr'><strong>dicatur</strong></span> <span class='ocrx_word' id='word_1_671' title='bbox 2324 3903 2487 3957; x_wconf 83' lang='lat' dir='ltr'><strong>etiam</strong></span> <span class='ocrx_word' id='word_1_672' title='bbox 2520 3912 2643 3972; x_wconf 89' lang='lat' dir='ltr'><strong>post</strong></span> <span class='ocrx_word' id='word_1_673' title='bbox 2671 3905 2961 3960; x_wconf 87' lang='lat' dir='ltr'><strong>adventum</strong></span> <span class='ocrx_word' id='word_1_674' title='bbox 3005 3903 3210 3959; x_wconf 86' lang='lat' dir='ltr'><strong>Christi</strong></span> <span class='ocrx_word' id='word_1_675' title='bbox 3263 3904 3501 3959; x_wconf 88' lang='lat' dir='ltr'><strong>carnalis</strong></span> <span class='ocrx_word' id='word_1_676' title='bbox 3547 3906 3640 3959; x_wconf 86' lang='lat' dir='ltr'><strong>cir-</strong></span> 
     </span>
    </p>
   </div>
   <div class='ocr_carea' id='block_1_83' title="bbox 2078 3994 3646 4066">
    <p class='ocr_par' dir='ltr' id='par_1_83' title="bbox 2078 3994 3646 4066">
     <span class='ocr_line' id='line_1_83' title="bbox 2078 3994 3646 4066; baseline 0.001 -18"><span class='ocrx_word' id='word_1_677' title='bbox 2078 3994 2366 4061; x_wconf 88' lang='lat' dir='ltr'><strong>cumcisio,</strong></span> <span class='ocrx_word' id='word_1_678' title='bbox 2400 4009 2519 4064; x_wconf 77' lang='lat' dir='ltr'><strong>qua:</strong></span> <span class='ocrx_word' id='word_1_679' title='bbox 2569 4009 2636 4049; x_wconf 84' lang='lat' dir='ltr'><strong>ex</strong></span> <span class='ocrx_word' id='word_1_680' title='bbox 2687 3995 2802 4065; x_wconf 85' lang='lat' dir='ltr'><strong>lege</strong></span> <span class='ocrx_word' id='word_1_681' title='bbox 2855 3996 3180 4051; x_wconf 85' lang='lat' dir='ltr'><strong>observatur</strong></span> <span class='ocrx_word' id='word_1_682' title='bbox 3205 3997 3342 4066; x_wconf 78' lang='lat'><strong>(‘25),</strong></span> <span class='ocrx_word' id='word_1_683' title='bbox 3398 3998 3646 4066; x_wconf 86' lang='lat' dir='ltr'><strong>prodesse</strong></span> 
     </span>
    </p>
   </div>
   <div class='ocr_carea' id='block_1_84' title="bbox 2087 4079 3646 4158">
    <p class='ocr_par' dir='ltr' id='par_1_84' title="bbox 2087 4079 3646 4158">
     <span class='ocr_line' id='line_1_84' title="bbox 2087 4079 3646 4158; baseline 0.002 -18"><span class='ocrx_word' id='word_1_684' title='bbox 2087 4086 2297 4156; x_wconf 90' lang='lat' dir='ltr'><strong>aliquid</strong></span> <span class='ocrx_word' id='word_1_685' title='bbox 2326 4079 2758 4143; x_wconf 85' lang='lat' dir='ltr'><strong>custodientibus</strong></span> <span class='ocrx_word' id='word_1_686' title='bbox 2798 4087 2990 4158; x_wconf 89' lang='lat' dir='ltr'><strong>legem,</strong></span> <span class='ocrx_word' id='word_1_687' title='bbox 3023 4090 3321 4144; x_wconf 88' lang='lat' dir='ltr'><strong>secundum</strong></span> <span class='ocrx_word' id='word_1_688' title='bbox 3365 4091 3468 4145; x_wconf 91' lang='lat' dir='ltr'><strong>hoc</strong></span> <span class='ocrx_word' id='word_1_689' title='bbox 3513 4089 3646 4158; x_wconf 85' lang='lat' dir='ltr'><strong>quod</strong></span> 
     </span>
    </p>
   </div>
   <div class='ocr_carea' id='block_1_85' title="bbox 2082 4179 3645 4238">
    <p class='ocr_par' dir='ltr' id='par_1_85' title="bbox 2082 4179 3645 4238">
     <span class='ocr_line' id='line_1_85' title="bbox 2082 4179 3645 4238; baseline -0.001 -5"><span class='ocrx_word' id='word_1_690' title='bbox 2082 4179 2133 4233; x_wconf 90' lang='lat' dir='ltr'><strong>in</strong></span> <span class='ocrx_word' id='word_1_691' title='bbox 2177 4179 2330 4235; x_wconf 90' lang='lat' dir='ltr'><strong>initio</strong></span> <span class='ocrx_word' id='word_1_692' title='bbox 2362 4180 2482 4234; x_wconf 89' lang='lat' dir='ltr'><strong>ﬁdei</strong></span> <span class='ocrx_word' id='word_1_693' title='bbox 2513 4190 2713 4235; x_wconf 69' lang='lat' dir='ltr'><strong>nostra:</strong></span> <span class='ocrx_word' id='word_1_694' title='bbox 2745 4182 2920 4235; x_wconf 88' lang='lat' dir='ltr'><strong>adhuc</strong></span> <span class='ocrx_word' id='word_1_695' title='bbox 2955 4197 2983 4234; x_wconf 88' lang='lat' dir='ltr'><strong>a</strong></span> <span class='ocrx_word' id='word_1_696' title='bbox 3014 4182 3364 4236; x_wconf 87' lang='lat' dir='ltr'><strong>credentibus</strong></span> <span class='ocrx_word' id='word_1_697' title='bbox 3393 4183 3645 4238; x_wconf 81' lang='lat' dir='ltr'><strong>observa-</strong></span> 
     </span>
    </p>
   </div>
   <div class='ocr_carea' id='block_1_86' title="bbox 2080 4271 3642 4343">
    <p class='ocr_par' dir='ltr' id='par_1_86' title="bbox 2080 4271 3642 4343">
     <span class='ocr_line' id='line_1_86' title="bbox 2080 4271 3642 4343; baseline 0.002 -19"><span class='ocrx_word' id='word_1_698' title='bbox 2080 4271 2238 4324; x_wconf 91' lang='lat' dir='ltr'><strong>batur</strong></span> <span class='ocrx_word' id='word_1_699' title='bbox 2281 4287 2297 4325; x_wconf 89' lang='lat'><strong>:</strong></span> <span class='ocrx_word' id='word_1_700' title='bbox 2351 4281 2409 4326; x_wconf 88' lang='lat' dir='ltr'><strong>ut</strong></span> <span class='ocrx_word' id='word_1_701' title='bbox 2463 4272 2514 4325; x_wconf 91' lang='lat' dir='ltr'><strong>in</strong></span> <span class='ocrx_word' id='word_1_702' title='bbox 2564 4271 2791 4326; x_wconf 78' lang='lat' dir='ltr'><strong>Actibus</strong></span> <span class='ocrx_word' id='word_1_703' title='bbox 2826 4273 3193 4343; x_wconf 89' lang='lat' dir='ltr'><strong>apostolorum</strong></span> <span class='ocrx_word' id='word_1_704' title='bbox 3223 4273 3454 4328; x_wconf 86' lang='lat' dir='ltr'><strong>docetur</strong></span> <span class='ocrx_word' id='word_1_705' title='bbox 3481 4276 3527 4306; x_wconf 87' lang='grc'><strong>³³</strong></span> <span class='ocrx_word' id='word_1_706' title='bbox 3569 4275 3642 4328; x_wconf 85' lang='lat' dir='ltr'><strong>vel</strong></span> 
     </span>
    </p>
   </div>
   <div class='ocr_carea' id='block_1_87' title="bbox 2082 4365 3642 4430">
    <p class='ocr_par' dir='ltr' id='par_1_87' title="bbox 2082 4365 3642 4430">
     <span class='ocr_line' id='line_1_87' title="bbox 2082 4365 3642 4430; baseline 0.001 -11"><span class='ocrx_word' id='word_1_707' title='bbox 2082 4365 2271 4420; x_wconf 83' lang='lat' dir='ltr'><strong>Petrus</strong></span> <span class='ocrx_word' id='word_1_708' title='bbox 2303 4367 2354 4420; x_wconf 92' lang='lat' dir='ltr'><strong>in</strong></span> <span class='ocrx_word' id='word_1_709' title='bbox 2387 4366 2721 4422; x_wconf 87' lang='lat' dir='ltr'><strong>discretione</strong></span> <span class='ocrx_word' id='word_1_710' title='bbox 2752 4365 3023 4430; x_wconf 91' lang='lat' dir='ltr'><strong>ciborum,</strong></span> <span class='ocrx_word' id='word_1_711' title='bbox 3085 4367 3172 4420; x_wconf 90' lang='lat' dir='ltr'><strong>vel</strong></span> <span class='ocrx_word' id='word_1_712' title='bbox 3225 4365 3429 4423; x_wconf 87' lang='lat' dir='ltr'><strong>Paulus</strong></span> <span class='ocrx_word' id='word_1_713' title='bbox 3479 4368 3530 4422; x_wconf 90' lang='lat' dir='ltr'><strong>in</strong></span> <span class='ocrx_word' id='word_1_714' title='bbox 3561 4383 3642 4421; x_wconf 55' lang='lat' dir='ltr'><strong>sae</strong></span> 
     </span>
    </p>
   </div>
   <div class='ocr_carea' id='block_1_88' title="bbox 395 4456 3642 4546">
    <p class='ocr_par' dir='ltr' id='par_1_88' title="bbox 395 4456 3642 4546">
     <span class='ocr_line' id='line_1_88' title="bbox 395 4456 3642 4546; baseline -0.003 -26"><span class='ocrx_word' id='word_1_715' title='bbox 395 4478 546 4521; x_wconf 84' lang='lat' dir='ltr'><strong>tores</strong></span> <span class='ocrx_word' id='word_1_716' title='bbox 579 4466 698 4531; x_wconf 90' lang='lat' dir='ltr'><strong>Dei,</strong></span> <span class='ocrx_word' id='word_1_717' title='bbox 733 4475 791 4520; x_wconf 91' lang='lat' dir='ltr'><strong>ut</strong></span> <span class='ocrx_word' id='word_1_718' title='bbox 840 4467 952 4519; x_wconf 72' lang='lat' dir='ltr'><strong>hare</strong></span> <span class='ocrx_word' id='word_1_719' title='bbox 997 4467 1179 4521; x_wconf 90' lang='lat' dir='ltr'><strong>omnia</strong></span> <span class='ocrx_word' id='word_1_720' title='bbox 1230 4477 1455 4536; x_wconf 86' lang='lat' dir='ltr'><strong>agentes</strong></span> <span class='ocrx_word' id='word_1_721' title='bbox 1487 4469 1795 4524; x_wconf 83' lang='lat' dir='ltr'><strong>abstineant</strong></span> <span class='ocrx_word' id='word_1_722' title='bbox 1819 4487 1878 4526; x_wconf 89' lang='lat' dir='ltr'><strong>se</strong></span> <span class='ocrx_word' id='word_1_723' title='bbox 1905 4474 1972 4526; x_wconf 90' lang='lat' dir='ltr'><strong>ab</strong></span> <span class='ocrx_word' id='word_1_724' title='bbox 2006 4487 2052 4546; x_wconf 75' lang='grc' dir='ltr'>ο</span> <span class='ocrx_word' id='word_1_725' title='bbox 2081 4457 2303 4514; x_wconf 89' lang='lat' dir='ltr'><strong>criﬁciis</strong></span> <span class='ocrx_word' id='word_1_726' title='bbox 2332 4457 2733 4528; x_wconf 88' lang='lat' dir='ltr'><strong>purilicationis</strong></span> <span class='ocrx_word' id='word_1_727' title='bbox 2755 4460 2802 4491; x_wconf 74' lang='lat'>“</span> <span class='ocrx_word' id='word_1_728' title='bbox 2833 4459 3026 4512; x_wconf 82' lang='lat' dir='ltr'><strong>fecisse</strong></span> <span class='ocrx_word' id='word_1_729' title='bbox 3060 4475 3073 4510; x_wconf 92' lang='lat'>:</span> <span class='ocrx_word' id='word_1_730' title='bbox 3116 4457 3160 4512; x_wconf 93' lang='lat' dir='ltr'><strong>si</strong></span> <span class='ocrx_word' id='word_1_731' title='bbox 3195 4456 3337 4513; x_wconf 80' lang='lat' dir='ltr'><strong>forte</strong></span> <span class='ocrx_word' id='word_1_732' title='bbox 3363 4460 3530 4513; x_wconf 86' lang='lat' dir='ltr'><strong>etiam</strong></span> <span class='ocrx_word' id='word_1_733' title='bbox 3566 4459 3642 4512; x_wconf 88' lang='lat' dir='ltr'><strong>hic</strong></span> 
     </span>
    </p>
   </div>
   <div class='ocr_carea' id='block_1_89' title="bbox 392 4557 1973 4631">
    <p class='ocr_par' dir='ltr' id='par_1_89' title="bbox 392 4557 1973 4631">
     <span class='ocr_line' id='line_1_89' title="bbox 392 4557 1973 4631; baseline 0.004 -21"><span class='ocrx_word' id='word_1_734' title='bbox 392 4560 546 4612; x_wconf 83' lang='lat' dir='ltr'><strong>omni</strong></span> <span class='ocrx_word' id='word_1_735' title='bbox 585 4574 644 4612; x_wconf 85' lang='lat' dir='ltr'><strong>re</strong></span> <span class='ocrx_word' id='word_1_736' title='bbox 683 4559 844 4612; x_wconf 91' lang='lat' dir='ltr'><strong>mala.</strong></span> <span class='ocrx_word' id='word_1_737' title='bbox 884 4576 904 4608; x_wconf 75' lang='grc' dir='ltr'>ι</span> <span class='ocrx_word' id='word_1_738' title='bbox 948 4557 1004 4612; x_wconf 91' lang='lat' dir='ltr'><strong>Si</strong></span> <span class='ocrx_word' id='word_1_739' title='bbox 1038 4575 1190 4628; x_wconf 86' lang='lat' dir='ltr'><strong>ergo,</strong></span> <span class='ocrx_word' id='word_1_740' title='bbox 1224 4559 1418 4628; x_wconf 88' lang='lat' dir='ltr'><strong>inquit,</strong></span> <span class='ocrx_word' id='word_1_741' title='bbox 1462 4562 1851 4631; x_wconf 72' lang='lat' dir='ltr'><strong>prmvaricator</strong></span> <span class='ocrx_word' id='word_1_742' title='bbox 1895 4563 1973 4617; x_wconf 88' lang='lat' dir='ltr'><strong>sis</strong></span> 
     </span>
    </p>
   </div>
   <div class='ocr_carea' id='block_1_90' title="bbox 398 4649 1973 4724">
    <p class='ocr_par' dir='ltr' id='par_1_90' title="bbox 398 4649 1973 4724">
     <span class='ocr_line' id='line_1_90' title="bbox 398 4649 1973 4724; baseline 0.005 -22"><span class='ocrx_word' id='word_1_743' title='bbox 398 4649 556 4716; x_wconf 82' lang='lat' dir='ltr'><strong>legis,</strong></span> <span class='ocrx_word' id='word_1_744' title='bbox 592 4669 611 4701; x_wconf 74' lang='grc' dir='ltr'><strong><em>ι</em></strong></span> <span class='ocrx_word' id='word_1_745' title='bbox 653 4650 794 4702; x_wconf 88' lang='lat' dir='ltr'><strong>sicut</strong></span> <span class='ocrx_word' id='word_1_746' title='bbox 829 4665 994 4718; x_wconf 90' lang='lat' dir='ltr'><strong>supra</strong></span> <span class='ocrx_word' id='word_1_747' title='bbox 1029 4651 1404 4720; x_wconf 78' lang='lat' dir='ltr'><strong>exposuimus,</strong></span> <span class='ocrx_word' id='word_1_748' title='bbox 1438 4667 1542 4705; x_wconf 91' lang='lat' dir='ltr'><strong>non</strong></span> <span class='ocrx_word' id='word_1_749' title='bbox 1585 4654 1795 4724; x_wconf 89' lang='lat' dir='ltr'><strong>agendo</strong></span> <span class='ocrx_word' id='word_1_750' title='bbox 1851 4671 1973 4724; x_wconf 69' lang='lat' dir='ltr'><strong>qua:</strong></span> 
     </span>
    </p>
   </div>
   <div class='ocr_carea' id='block_1_91' title="bbox 398 4741 1967 4812">
    <p class='ocr_par' dir='ltr' id='par_1_91' title="bbox 398 4741 1967 4812">
     <span class='ocr_line' id='line_1_91' title="bbox 398 4741 1967 4812; baseline 0.003 -17"><span class='ocrx_word' id='word_1_751' title='bbox 398 4742 542 4795; x_wconf 90' lang='lat' dir='ltr'><strong>bona</strong></span> <span class='ocrx_word' id='word_1_752' title='bbox 573 4750 721 4806; x_wconf 88' lang='lat' dir='ltr'><strong>sunt,</strong></span> <span class='ocrx_word' id='word_1_753' title='bbox 760 4759 775 4792; x_wconf 81' lang='grc' dir='ltr'>ι</span> <span class='ocrx_word' id='word_1_754' title='bbox 811 4741 1163 4796; x_wconf 86' lang='lat' dir='ltr'><strong>circumcisio</strong></span> <span class='ocrx_word' id='word_1_755' title='bbox 1192 4751 1280 4795; x_wconf 90' lang='lat' dir='ltr'><strong>tua</strong></span> <span class='ocrx_word' id='word_1_756' title='bbox 1305 4743 1629 4812; x_wconf 61' lang='lat' dir='ltr'><strong>praeputium</strong></span> <span class='ocrx_word' id='word_1_757' title='bbox 1661 4743 1801 4799; x_wconf 80' lang='lat' dir='ltr'><strong>facta</strong></span> <span class='ocrx_word' id='word_1_758' title='bbox 1823 4756 1924 4811; x_wconf 88' lang='lat' dir='ltr'><strong>est,</strong></span> <span class='ocrx_word' id='word_1_759' title='bbox 1947 4766 1967 4799; x_wconf 74' lang='grc' dir='ltr'>ι</span> 
     </span>
    </p>
   </div>
   <div class='ocr_carea' id='block_1_92' title="bbox 387 4832 1968 4904">
    <p class='ocr_par' dir='ltr' id='par_1_92' title="bbox 387 4832 1968 4904">
     <span class='ocr_line' id='line_1_92' title="bbox 387 4832 1968 4904; baseline 0.006 -20"><span class='ocrx_word' id='word_1_760' title='bbox 387 4833 524 4885; x_wconf 70' lang='lat' dir='ltr'><strong>«dum</strong></span> <span class='ocrx_word' id='word_1_761' title='bbox 550 4832 737 4885; x_wconf 85' lang='lat' dir='ltr'><strong>ethoc</strong></span> <span class='ocrx_word' id='word_1_762' title='bbox 764 4832 880 4897; x_wconf 86' lang='lat' dir='ltr'><strong>tibi,</strong></span> <span class='ocrx_word' id='word_1_763' title='bbox 917 4833 1059 4900; x_wconf 88' lang='lat' dir='ltr'><strong>quod</strong></span> <span class='ocrx_word' id='word_1_764' title='bbox 1113 4835 1392 4889; x_wconf 89' lang='lat' dir='ltr'><strong>abstinere</strong></span> <span class='ocrx_word' id='word_1_765' title='bbox 1427 4851 1456 4888; x_wconf 88' lang='lat' dir='ltr'><strong>a</strong></span> <span class='ocrx_word' id='word_1_766' title='bbox 1503 4835 1646 4892; x_wconf 92' lang='lat' dir='ltr'><strong>malo</strong></span> <span class='ocrx_word' id='word_1_767' title='bbox 1696 4838 1844 4893; x_wconf 86' lang='lat' dir='ltr'><strong>visus</strong></span> <span class='ocrx_word' id='word_1_768' title='bbox 1889 4855 1968 4904; x_wconf 86' lang='lat' dir='ltr'><strong>es,</strong></span> 
     </span>
    </p>
   </div>
   <div class='ocr_carea' id='block_1_93' title="bbox 383 4922 1968 4995">
    <p class='ocr_par' dir='ltr' id='par_1_93' title="bbox 383 4922 1968 4995">
     <span class='ocr_line' id='line_1_93' title="bbox 383 4922 1968 4995; baseline 0.005 -17"><span class='ocrx_word' id='word_1_769' title='bbox 383 4938 562 4993; x_wconf 78' lang='lat' dir='ltr'><strong>~0pera</strong></span> <span class='ocrx_word' id='word_1_770' title='bbox 606 4922 727 4976; x_wconf 87' lang='lat' dir='ltr'><strong>ﬁdei</strong></span> <span class='ocrx_word' id='word_1_771' title='bbox 767 4933 824 4976; x_wconf 88' lang='lat' dir='ltr'><strong>et</strong></span> <span class='ocrx_word' id='word_1_772' title='bbox 863 4922 1092 4989; x_wconf 70' lang='lat' dir='ltr'><strong>iustitiae</strong></span> <span class='ocrx_word' id='word_1_773' title='bbox 1125 4939 1229 4978; x_wconf 89' lang='lat' dir='ltr'><strong>nou</strong></span> <span class='ocrx_word' id='word_1_774' title='bbox 1265 4927 1444 4995; x_wconf 91' lang='lat' dir='ltr'><strong>agenti</strong></span> <span class='ocrx_word' id='word_1_775' title='bbox 1491 4929 1558 4981; x_wconf 89' lang='lat' dir='ltr'><strong>ad</strong></span> <span class='ocrx_word' id='word_1_776' title='bbox 1596 4929 1968 4986; x_wconf 84' lang='lat' dir='ltr'><strong>inﬁdelitatem</strong></span> 
     </span>
    </p>
   </div>
   <div class='ocr_carea' id='block_1_94' title="bbox 395 5013 1971 5084">
    <p class='ocr_par' dir='ltr' id='par_1_94' title="bbox 395 5013 1971 5084">
     <span class='ocr_line' id='line_1_94' title="bbox 395 5013 1971 5084; baseline 0.004 -16"><span class='ocrx_word' id='word_1_777' title='bbox 395 5022 699 5084; x_wconf 82' lang='lat' dir='ltr'><strong>reputatur.</strong></span> <span class='ocrx_word' id='word_1_778' title='bbox 736 5013 922 5081; x_wconf 80' lang='lat' dir='ltr'><strong>Neque</strong></span> <span class='ocrx_word' id='word_1_779' title='bbox 948 5013 1096 5068; x_wconf 89' lang='lat' dir='ltr'><strong>enim</strong></span> <span class='ocrx_word' id='word_1_780' title='bbox 1127 5017 1388 5083; x_wconf 89' lang='lat' dir='ltr'><strong>possibile</strong></span> <span class='ocrx_word' id='word_1_781' title='bbox 1437 5027 1518 5072; x_wconf 86' lang='lat' dir='ltr'><strong>est</strong></span> <span class='ocrx_word' id='word_1_782' title='bbox 1563 5018 1728 5074; x_wconf 87' lang='lat' dir='ltr'><strong>alicui</strong></span> <span class='ocrx_word' id='word_1_783' title='bbox 1782 5037 1971 5076; x_wconf 86' lang='lat' dir='ltr'><strong>carna-</strong></span> 
     </span>
    </p>
   </div>
   <div class='ocr_carea' id='block_1_95' title="bbox 395 5103 1967 5175">
    <p class='ocr_par' dir='ltr' id='par_1_95' title="bbox 395 5103 1967 5175">
     <span class='ocr_line' id='line_1_95' title="bbox 395 5103 1967 5175; baseline 0.003 -17"><span class='ocrx_word' id='word_1_784' title='bbox 395 5105 500 5160; x_wconf 89' lang='lat' dir='ltr'><strong>lem</strong></span> <span class='ocrx_word' id='word_1_785' title='bbox 550 5103 1020 5160; x_wconf 87' lang='lat' dir='ltr'><strong>circumcisionem</strong></span> <span class='ocrx_word' id='word_1_786' title='bbox 1073 5118 1289 5157; x_wconf 90' lang='lat' dir='ltr'><strong>rursum</strong></span> <span class='ocrx_word' id='word_1_787' title='bbox 1338 5105 1390 5159; x_wconf 89' lang='lat' dir='ltr'><strong>in</strong></span> <span class='ocrx_word' id='word_1_788' title='bbox 1433 5108 1758 5175; x_wconf 66' lang='lat' dir='ltr'><strong>praeputium</strong></span> <span class='ocrx_word' id='word_1_789' title='bbox 1810 5110 1967 5171; x_wconf 86' lang='lat' dir='ltr'><strong>verti.</strong></span> 
     </span>
    </p>
   </div>
   <div class='ocr_carea' id='block_1_96' title="bbox 387 5195 1965 5265">
    <p class='ocr_par' dir='ltr' id='par_1_96' title="bbox 387 5195 1965 5265">
     <span class='ocr_line' id='line_1_96' title="bbox 387 5195 1965 5265; baseline 0.001 -13"><span class='ocrx_word' id='word_1_790' title='bbox 387 5213 517 5252; x_wconf 83' lang='lat' dir='ltr'><strong>cum</strong></span> <span class='ocrx_word' id='word_1_791' title='bbox 553 5197 740 5265; x_wconf 90' lang='lat' dir='ltr'><strong>utique</strong></span> <span class='ocrx_word' id='word_1_792' title='bbox 779 5195 1018 5249; x_wconf 81' lang='lat' dir='ltr'><strong>abscissa</strong></span> <span class='ocrx_word' id='word_1_793' title='bbox 1043 5195 1293 5263; x_wconf 64' lang='lat' dir='ltr'><strong>praaputii</strong></span> <span class='ocrx_word' id='word_1_794' title='bbox 1317 5211 1446 5251; x_wconf 87' lang='lat' dir='ltr'><strong>caro</strong></span> <span class='ocrx_word' id='word_1_795' title='bbox 1475 5197 1618 5250; x_wconf 86' lang='lat' dir='ltr'><strong>ultra</strong></span> <span class='ocrx_word' id='word_1_796' title='bbox 1649 5199 1828 5253; x_wconf 89' lang='lat' dir='ltr'><strong>redire</strong></span> <span class='ocrx_word' id='word_1_797' title='bbox 1861 5215 1965 5254; x_wconf 80' lang='lat' dir='ltr'><strong>non</strong></span> 
     </span>
    </p>
   </div>
   <div class='ocr_carea' id='block_1_97' title="bbox 463 5310 1004 5380">
    <p class='ocr_par' dir='ltr' id='par_1_97' title="bbox 463 5310 1004 5380">
     <span class='ocr_line' id='line_1_97' title="bbox 463 5310 1004 5380; baseline -0.007 -16"><span class='ocrx_word' id='word_1_798' title='bbox 463 5311 511 5342; x_wconf 78' lang='lat'><strong>“</strong></span> <span class='ocrx_word' id='word_1_799' title='bbox 539 5311 734 5380; x_wconf 82' lang='lat' dir='ltr'><strong>Philip.</strong></span> <span class='ocrx_word' id='word_1_800' title='bbox 761 5328 842 5371; x_wconf 85' lang='lat' dir='ltr'><strong>tu.</strong></span> <span class='ocrx_word' id='word_1_801' title='bbox 867 5312 923 5374; x_wconf 66' lang='grc' dir='ltr'><strong>Ξ,</strong></span> <span class='ocrx_word' id='word_1_802' title='bbox 950 5310 1004 5363; x_wconf 81' lang='grc'><strong>5.</strong></span> 
     </span>
    </p>
   </div>
   <div class='ocr_carea' id='block_1_98' title="bbox 396 5380 930 5447">
    <p class='ocr_par' dir='ltr' id='par_1_98' title="bbox 396 5380 930 5447">
     <span class='ocr_line' id='line_1_98' title="bbox 396 5380 930 5447; baseline 0.007 -15"><span class='ocrx_word' id='word_1_803' title='bbox 396 5380 448 5432; x_wconf 76' lang='grc'><strong>1.</strong></span> <span class='ocrx_word' id='word_1_804' title='bbox 537 5381 585 5413; x_wconf 65' lang='grc' dir='ltr'><strong>δ’</strong></span> <span class='ocrx_word' id='word_1_805' title='bbox 622 5381 806 5447; x_wconf 84' lang='lat' dir='ltr'><strong>.lae.|t,</strong></span> <span class='ocrx_word' id='word_1_806' title='bbox 842 5382 930 5436; x_wconf 67' lang='lat'><strong>26.</strong></span> 
     </span>
    </p>
   </div>
   <div class='ocr_carea' id='block_1_99' title="bbox 393 5451 626 5507">
    <p class='ocr_par' dir='ltr' id='par_1_99' title="bbox 393 5451 626 5507">
     <span class='ocr_line' id='line_1_99' title="bbox 393 5451 626 5507; baseline 0.009 -7"><span class='ocrx_word' id='word_1_807' title='bbox 393 5465 512 5507; x_wconf 68' lang='lat' dir='ltr'><strong>3m.</strong></span> <span class='ocrx_word' id='word_1_808' title='bbox 537 5451 626 5504; x_wconf 63' lang='lat'><strong>26.</strong></span> 
     </span>
    </p>
   </div>
   <div class='ocr_carea' id='block_1_100' title="bbox 467 5542 1960 5616">
    <p class='ocr_par' dir='ltr' id='par_1_100' title="bbox 467 5542 1960 5616">
     <span class='ocr_line' id='line_1_100' title="bbox 467 5542 1960 5616; baseline 0.009 -25"><span class='ocrx_word' id='word_1_809' title='bbox 467 5542 580 5616; x_wconf 50' lang='grc'><strong>(21)</strong></span> <span class='ocrx_word' id='word_1_810' title='bbox 619 5561 637 5593; x_wconf 76' lang='grc' dir='ltr'>ι</span> <span class='ocrx_word' id='word_1_811' title='bbox 669 5543 772 5596; x_wconf 89' lang='lat' dir='ltr'><strong>Sed</strong></span> <span class='ocrx_word' id='word_1_812' title='bbox 801 5553 856 5616; x_wconf 81' lang='lat' dir='ltr'><strong>e_t</strong></span> <span class='ocrx_word' id='word_1_813' title='bbox 879 5545 931 5598; x_wconf 91' lang='lat' dir='ltr'><strong>in</strong></span> <span class='ocrx_word' id='word_1_814' title='bbox 964 5546 1200 5602; x_wconf 82' lang='lat' dir='ltr'><strong>Ecclesia</strong></span> <span class='ocrx_word' id='word_1_815' title='bbox 1228 5546 1318 5616; x_wconf 88' lang='lat' dir='ltr'><strong>qui</strong></span> <span class='ocrx_word' id='word_1_816' title='bbox 1369 5562 1488 5614; x_wconf 87' lang='lat' dir='ltr'><strong>per,</strong></span> <span class='ocrx_word' id='word_1_817' title='bbox 1520 5565 1537 5598; x_wconf 72' lang='grc' dir='ltr'><strong><em>ι</em></strong></span> <span class='ocrx_word' id='word_1_818' title='bbox 1569 5555 1676 5602; x_wconf 87' lang='lat' dir='ltr'><strong>etc.</strong></span> <span class='ocrx_word' id='word_1_819' title='bbox 1719 5546 1792 5599; x_wconf 90' lang='lat' dir='ltr'><strong>Ita</strong></span> <span class='ocrx_word' id='word_1_820' title='bbox 1827 5561 1960 5604; x_wconf 90' lang='lat' dir='ltr'><strong>mss.</strong></span> 
     </span>
    </p>
   </div>
   <div class='ocr_carea' id='block_1_101' title="bbox 392 5611 1960 5672">
    <p class='ocr_par' dir='ltr' id='par_1_101' title="bbox 392 5611 1960 5672">
     <span class='ocr_line' id='line_1_101' title="bbox 392 5611 1960 5672; baseline 0.003 -8"><span class='ocrx_word' id='word_1_821' title='bbox 392 5622 449 5664; x_wconf 70' lang='lat' dir='ltr'><strong>et</strong></span> <span class='ocrx_word' id='word_1_822' title='bbox 482 5612 757 5664; x_wconf 68' lang='lat' dir='ltr'><strong>Rabanus.</strong></span> <span class='ocrx_word' id='word_1_823' title='bbox 811 5611 954 5668; x_wconf 83' lang='lat' dir='ltr'><strong>Editi</strong></span> <span class='ocrx_word' id='word_1_824' title='bbox 990 5631 1116 5670; x_wconf 89' lang='lat' dir='ltr'><strong>vero</strong></span> <span class='ocrx_word' id='word_1_825' title='bbox 1161 5635 1175 5670; x_wconf 89' lang='lat'>:</span> <span class='ocrx_word' id='word_1_826' title='bbox 1229 5611 1258 5667; x_wconf 73' lang='grc' dir='ltr'><strong>ι’</strong></span> <span class='ocrx_word' id='word_1_827' title='bbox 1283 5611 1389 5670; x_wconf 86' lang='lat' dir='ltr'><strong>Sed</strong></span> <span class='ocrx_word' id='word_1_828' title='bbox 1432 5627 1487 5671; x_wconf 93' lang='lat' dir='ltr'><strong>et</strong></span> <span class='ocrx_word' id='word_1_829' title='bbox 1531 5619 1574 5672; x_wconf 88' lang='lat' dir='ltr'><strong>si</strong></span> <span class='ocrx_word' id='word_1_830' title='bbox 1616 5618 1670 5672; x_wconf 88' lang='lat' dir='ltr'><strong>in</strong></span> <span class='ocrx_word' id='word_1_831' title='bbox 1722 5617 1960 5671; x_wconf 89' lang='lat' dir='ltr'><strong>Ecclesia</strong></span> 
     </span>
    </p>
   </div>
   <div class='ocr_carea' id='block_1_102' title="bbox 394 5690 1960 5822">
    <p class='ocr_par' dir='ltr' id='par_1_102' title="bbox 394 5690 1960 5822">
     <span class='ocr_line' id='line_1_102' title="bbox 441 5690 697 5731; baseline -0.012 1"><span class='ocrx_word' id='word_1_832' title='bbox 441 5699 459 5716; x_wconf 62' lang='grc' dir='ltr'><strong>τ</strong></span> <span class='ocrx_word' id='word_1_833' title='bbox 545 5701 564 5731; x_wconf 75' lang='grc' dir='ltr'><strong><em>ο</em></strong></span> <span class='ocrx_word' id='word_1_834' title='bbox 623 5690 697 5731; x_wconf 85' lang='lat' dir='ltr'><strong>te.</strong></span> 
     </span>
     <span class='ocr_line' id='line_1_103' title="bbox 394 5695 1960 5822; baseline 0.002 -18"><span class='ocrx_word' id='word_1_835' title='bbox 394 5695 627 5821; x_wconf 46' lang='grc' dir='ltr'><strong>μὶ.ίέἑῇ</strong></span> <span class='ocrx_word' id='word_1_836' title='bbox 664 5747 739 5800; x_wconf 85' lang='lat' dir='ltr'><strong>De</strong></span> <span class='ocrx_word' id='word_1_837' title='bbox 766 5748 990 5803; x_wconf 79' lang='lat' dir='ltr'><strong>carnali.</strong></span> <span class='ocrx_word' id='word_1_838' title='bbox 1021 5766 1162 5804; x_wconf 89' lang='lat' dir='ltr'><strong>nunc</strong></span> <span class='ocrx_word' id='word_1_839' title='bbox 1193 5767 1320 5806; x_wconf 89' lang='lat' dir='ltr'><strong>veru</strong></span> <span class='ocrx_word' id='word_1_840' title='bbox 1365 5755 1430 5808; x_wconf 88' lang='lat' dir='ltr'><strong>de</strong></span> <span class='ocrx_word' id='word_1_841' title='bbox 1463 5756 1708 5822; x_wconf 82' lang='lat' dir='ltr'><strong>spiritali.</strong></span> <span class='ocrx_word' id='word_1_842' title='bbox 1757 5775 1775 5806; x_wconf 71' lang='grc' dir='ltr'><strong>ι</strong></span> <span class='ocrx_word' id='word_1_843' title='bbox 1840 5754 1960 5807; x_wconf 77' lang='lat' dir='ltr'><strong>llaec</strong></span> 
     </span>
    </p>
   </div>
   <div class='ocr_carea' id='block_1_103' title="bbox 1010 5381 1513 5441">
    <p class='ocr_par' dir='ltr' id='par_1_103' title="bbox 1010 5381 1513 5441">
     <span class='ocr_line' id='line_1_104' title="bbox 1010 5381 1513 5441; baseline 0.008 -8"><span class='ocrx_word' id='word_1_844' title='bbox 1010 5381 1056 5411; x_wconf 82' lang='grc'>⁸⁰</span> <span class='ocrx_word' id='word_1_845' title='bbox 1101 5381 1232 5434; x_wconf 85' lang='lat' dir='ltr'><strong>Luc.</strong></span> <span class='ocrx_word' id='word_1_846' title='bbox 1281 5398 1378 5441; x_wconf 81' lang='lat' dir='ltr'><strong>xit.</strong></span> <span class='ocrx_word' id='word_1_847' title='bbox 1424 5383 1513 5437; x_wconf 79' lang='grc'><strong>46.</strong></span> 
     </span>
    </p>
   </div>
   <div class='ocr_carea' id='block_1_104' title="bbox 1083 5310 2283 5377">
    <p class='ocr_par' dir='ltr' id='par_1_104' title="bbox 1083 5310 2283 5377">
     <span class='ocr_line' id='line_1_105' title="bbox 1083 5310 2283 5377; baseline 0.003 -15"><span class='ocrx_word' id='word_1_848' title='bbox 1083 5312 1129 5342; x_wconf 59' lang='grc' dir='ltr'><strong>ιδ</strong></span> <span class='ocrx_word' id='word_1_849' title='bbox 1154 5310 1194 5362; x_wconf 91' lang='grc'><strong>11</strong></span> <span class='ocrx_word' id='word_1_850' title='bbox 1230 5312 1355 5366; x_wconf 85' lang='lat' dir='ltr'><strong>Cor.</strong></span> <span class='ocrx_word' id='word_1_851' title='bbox 1404 5329 1477 5371; x_wconf 87' lang='lat' dir='ltr'><strong>Ill.</strong></span> <span class='ocrx_word' id='word_1_852' title='bbox 1515 5311 1573 5377; x_wconf 87' lang='lat'><strong>6,</strong></span> <span class='ocrx_word' id='word_1_853' title='bbox 1611 5314 1666 5369; x_wconf 81' lang='grc'><strong>5.</strong></span> <span class='ocrx_word' id='word_1_854' title='bbox 1741 5317 1787 5346; x_wconf 60' lang='grc'>⁸⁸</span> <span class='ocrx_word' id='word_1_855' title='bbox 1815 5315 1961 5370; x_wconf 87' lang='lat' dir='ltr'><strong>Psal.</strong></span> <span class='ocrx_word' id='word_1_856' title='bbox 1990 5313 2283 5372; x_wconf 71' lang='lat' dir='ltr'><strong>sxxvu.’27.</strong></span> 
     </span>
    </p>
   </div>
   <div class='ocr_carea' id='block_1_105' title="bbox 1593 5383 2174 5452">
    <p class='ocr_par' dir='ltr' id='par_1_105' title="bbox 1593 5383 2174 5452">
     <span class='ocr_line' id='line_1_106' title="bbox 1593 5383 2174 5452; baseline 0.002 -15"><span class='ocrx_word' id='word_1_857' title='bbox 1593 5386 1635 5415; x_wconf 81' lang='grc'>⁸¹</span> <span class='ocrx_word' id='word_1_858' title='bbox 1673 5383 1830 5438; x_wconf 77' lang='lat' dir='ltr'><strong>Rom.</strong></span> <span class='ocrx_word' id='word_1_859' title='bbox 1861 5402 1920 5450; x_wconf 85' lang='lat' dir='ltr'><strong>tl,</strong></span> <span class='ocrx_word' id='word_1_860' title='bbox 1957 5386 2048 5452; x_wconf 71' lang='lat'><strong>26,</strong></span> <span class='ocrx_word' id='word_1_861' title='bbox 2086 5387 2174 5439; x_wconf 67' lang='grc' dir='ltr'><strong>Ξῖ.</strong></span> 
     </span>
    </p>
   </div>
   <div class='ocr_carea' id='block_1_106' title="bbox 2082 4549 3644 4618">
    <p class='ocr_par' dir='ltr' id='par_1_106' title="bbox 2082 4549 3644 4618">
     <span class='ocr_line' id='line_1_107' title="bbox 2082 4549 3644 4618; baseline -0.001 -14"><span class='ocrx_word' id='word_1_862' title='bbox 2082 4549 2390 4618; x_wconf 89' lang='lat' dir='ltr'><strong>lmjusmodi</strong></span> <span class='ocrx_word' id='word_1_863' title='bbox 2439 4549 2915 4605; x_wconf 88' lang='lat' dir='ltr'><strong>circumcisionem</strong></span> <span class='ocrx_word' id='word_1_864' title='bbox 2981 4549 3336 4618; x_wconf 88' lang='lat' dir='ltr'><strong>proposuisse</strong></span> <span class='ocrx_word' id='word_1_865' title='bbox 3405 4551 3644 4604; x_wconf 86' lang='lat' dir='ltr'><strong>videatur</strong></span> 
     </span>
    </p>
   </div>
   <div class='ocr_carea' id='block_1_107' title="bbox 2078 4640 3644 4711">
    <p class='ocr_par' dir='ltr' id='par_1_107' title="bbox 2078 4640 3644 4711">
     <span class='ocr_line' id='line_1_108' title="bbox 2078 4640 3644 4711; baseline -0.001 -15"><span class='ocrx_word' id='word_1_866' title='bbox 2078 4640 2389 4711; x_wconf 86' lang='lat' dir='ltr'><strong>Apostolus,</strong></span> <span class='ocrx_word' id='word_1_867' title='bbox 2419 4657 2580 4710; x_wconf 91' lang='lat' dir='ltr'><strong>quam</strong></span> <span class='ocrx_word' id='word_1_868' title='bbox 2615 4641 2875 4711; x_wconf 87' lang='lat' dir='ltr'><strong>prodesse</strong></span> <span class='ocrx_word' id='word_1_869' title='bbox 2899 4642 3029 4696; x_wconf 86' lang='lat' dir='ltr'><strong>dicit</strong></span> <span class='ocrx_word' id='word_1_870' title='bbox 3061 4643 3135 4696; x_wconf 88' lang='lat' dir='ltr'><strong>ita</strong></span> <span class='ocrx_word' id='word_1_871' title='bbox 3163 4641 3208 4696; x_wconf 91' lang='lat' dir='ltr'><strong>si</strong></span> <span class='ocrx_word' id='word_1_872' title='bbox 3236 4644 3402 4696; x_wconf 88' lang='lat' dir='ltr'><strong>etiam</strong></span> <span class='ocrx_word' id='word_1_873' title='bbox 3427 4644 3513 4698; x_wconf 79' lang='lat' dir='ltr'><strong>lex</strong></span> <span class='ocrx_word' id='word_1_874' title='bbox 3543 4659 3644 4697; x_wconf 87' lang='lat' dir='ltr'><strong>ser-</strong></span> 
     </span>
    </p>
   </div>
   <div class='ocr_carea' id='block_1_108' title="bbox 2082 4733 3643 4805">
    <p class='ocr_par' dir='ltr' id='par_1_108' title="bbox 2082 4733 3643 4805">
     <span class='ocr_line' id='line_1_109' title="bbox 2082 4733 3643 4805; baseline -0.001 -18"><span class='ocrx_word' id='word_1_875' title='bbox 2082 4743 2276 4788; x_wconf 86' lang='lat' dir='ltr'><strong>vetur:</strong></span> <span class='ocrx_word' id='word_1_876' title='bbox 2310 4734 2354 4787; x_wconf 91' lang='lat' dir='ltr'><strong>si</strong></span> <span class='ocrx_word' id='word_1_877' title='bbox 2394 4733 2592 4796; x_wconf 90' lang='lat' dir='ltr'><strong>tniutts,</strong></span> <span class='ocrx_word' id='word_1_878' title='bbox 2649 4733 3122 4788; x_wconf 88' lang='lat' dir='ltr'><strong>circumcisionem</strong></span> <span class='ocrx_word' id='word_1_879' title='bbox 3154 4733 3294 4787; x_wconf 80' lang='lat' dir='ltr'><strong>hanc</strong></span> <span class='ocrx_word' id='word_1_880' title='bbox 3349 4735 3402 4788; x_wconf 87' lang='lat' dir='ltr'><strong>in</strong></span> <span class='ocrx_word' id='word_1_881' title='bbox 3447 4751 3643 4805; x_wconf 71' lang='lat' dir='ltr'><strong>praepu-</strong></span> 
     </span>
    </p>
   </div>
   <div class='ocr_carea' id='block_1_109' title="bbox 2083 4824 3642 4893">
    <p class='ocr_par' dir='ltr' id='par_1_109' title="bbox 2083 4824 3642 4893">
     <span class='ocr_line' id='line_1_110' title="bbox 2083 4824 3642 4893; baseline -0.001 -14"><span class='ocrx_word' id='word_1_882' title='bbox 2083 4825 2214 4879; x_wconf 87' lang='lat' dir='ltr'><strong>tium</strong></span> <span class='ocrx_word' id='word_1_883' title='bbox 2257 4825 2597 4890; x_wconf 80' lang='lat' dir='ltr'><strong>vertendam,</strong></span> <span class='ocrx_word' id='word_1_884' title='bbox 2654 4825 2758 4879; x_wconf 85' lang='lat' dir='ltr'><strong>ltoc</strong></span> <span class='ocrx_word' id='word_1_885' title='bbox 2810 4834 2916 4889; x_wconf 86' lang='lat' dir='ltr'><strong>est,</strong></span> <span class='ocrx_word' id='word_1_886' title='bbox 2955 4824 3088 4878; x_wconf 85' lang='lat' dir='ltr'><strong>nihil</strong></span> <span class='ocrx_word' id='word_1_887' title='bbox 3131 4825 3476 4893; x_wconf 77' lang='lat' dir='ltr'><strong>profuturum</strong></span> <span class='ocrx_word' id='word_1_888' title='bbox 3503 4844 3516 4878; x_wconf 89' lang='lat'><strong>:</strong></span> <span class='ocrx_word' id='word_1_889' title='bbox 3547 4829 3642 4878; x_wconf 88' lang='lat' dir='ltr'><strong>imo</strong></span> 
     </span>
    </p>
   </div>
   <div class='ocr_carea' id='block_1_110' title="bbox 2079 4918 3640 4989">
    <p class='ocr_par' dir='ltr' id='par_1_110' title="bbox 2079 4918 3640 4989">
     <span class='ocr_line' id='line_1_111' title="bbox 2079 4918 3640 4989; baseline -0.004 -15"><span class='ocrx_word' id='word_1_890' title='bbox 2079 4921 2242 4975; x_wconf 89' lang='lat' dir='ltr'><strong>etiam</strong></span> <span class='ocrx_word' id='word_1_891' title='bbox 2274 4919 2450 4989; x_wconf 89' lang='lat' dir='ltr'><strong>majus</strong></span> <span class='ocrx_word' id='word_1_892' title='bbox 2479 4919 2593 4989; x_wconf 69' lang='grc'><strong>(24)</strong></span> <span class='ocrx_word' id='word_1_893' title='bbox 2625 4919 2827 4972; x_wconf 89' lang='lat' dir='ltr'><strong>habere</strong></span> <span class='ocrx_word' id='word_1_894' title='bbox 2849 4918 3116 4987; x_wconf 86' lang='lat' dir='ltr'><strong>judicium</strong></span> <span class='ocrx_word' id='word_1_895' title='bbox 3146 4933 3270 4973; x_wconf 86' lang='lat' dir='ltr'><strong>eum</strong></span> <span class='ocrx_word' id='word_1_896' title='bbox 3302 4919 3393 4988; x_wconf 88' lang='lat' dir='ltr'><strong>qui</strong></span> <span class='ocrx_word' id='word_1_897' title='bbox 3427 4935 3522 4986; x_wconf 89' lang='lat' dir='ltr'><strong>per</strong></span> <span class='ocrx_word' id='word_1_898' title='bbox 3544 4921 3640 4970; x_wconf 85' lang='lat' dir='ltr'><strong>cir-</strong></span> 
     </span>
    </p>
   </div>
   <div class='ocr_carea' id='block_1_111' title="bbox 2079 5010 3638 5080">
    <p class='ocr_par' dir='ltr' id='par_1_111' title="bbox 2079 5010 3638 5080">
     <span class='ocr_line' id='line_1_112' title="bbox 2079 5010 3638 5080; baseline -0.004 -16"><span class='ocrx_word' id='word_1_899' title='bbox 2079 5011 2468 5066; x_wconf 90' lang='lat' dir='ltr'><strong>cumcisionem</strong></span> <span class='ocrx_word' id='word_1_900' title='bbox 2526 5010 2708 5065; x_wconf 92' lang='lat' dir='ltr'><strong>carnis</strong></span> <span class='ocrx_word' id='word_1_901' title='bbox 2761 5011 3006 5065; x_wconf 88' lang='lat' dir='ltr'><strong>videatur</strong></span> <span class='ocrx_word' id='word_1_902' title='bbox 3055 5010 3188 5080; x_wconf 89' lang='lat' dir='ltr'><strong>legis</strong></span> <span class='ocrx_word' id='word_1_903' title='bbox 3241 5011 3638 5064; x_wconf 82' lang='lat' dir='ltr'><strong>observantiam</strong></span> 
     </span>
    </p>
   </div>
   <div class='ocr_carea' id='block_1_112' title="bbox 2076 5098 3634 5172">
    <p class='ocr_par' dir='ltr' id='par_1_112' title="bbox 2076 5098 3634 5172">
     <span class='ocr_line' id='line_1_113' title="bbox 2076 5098 3634 5172; baseline -0.001 -17"><span class='ocrx_word' id='word_1_904' title='bbox 2076 5102 2346 5172; x_wconf 87' lang='lat' dir='ltr'><strong>proﬁteri,</strong></span> <span class='ocrx_word' id='word_1_905' title='bbox 2375 5109 2430 5155; x_wconf 92' lang='lat' dir='ltr'><strong>et</strong></span> <span class='ocrx_word' id='word_1_906' title='bbox 2459 5101 2870 5170; x_wconf 76' lang='lat' dir='ltr'><strong>praevaricando</strong></span> <span class='ocrx_word' id='word_1_907' title='bbox 2899 5100 3070 5171; x_wconf 87' lang='lat' dir='ltr'><strong>legem</strong></span> <span class='ocrx_word' id='word_1_908' title='bbox 3093 5099 3336 5168; x_wconf 87' lang='lat' dir='ltr'><strong>judicari</strong></span> <span class='ocrx_word' id='word_1_909' title='bbox 3370 5102 3437 5154; x_wconf 90' lang='lat' dir='ltr'><strong>ab</strong></span> <span class='ocrx_word' id='word_1_910' title='bbox 3459 5116 3522 5155; x_wconf 91' lang='lat' dir='ltr'><strong>eo</strong></span> <span class='ocrx_word' id='word_1_911' title='bbox 3553 5098 3634 5167; x_wconf 83' lang='lat' dir='ltr'><strong>qui</strong></span> 
     </span>
    </p>
   </div>
   <div class='ocr_carea' id='block_1_113' title="bbox 2080 5191 3633 5264">
    <p class='ocr_par' dir='ltr' id='par_1_113' title="bbox 2080 5191 3633 5264">
     <span class='ocr_line' id='line_1_114' title="bbox 2080 5191 3633 5264; baseline 0 -16"><span class='ocrx_word' id='word_1_912' title='bbox 2080 5210 2185 5248; x_wconf 90' lang='lat' dir='ltr'><strong>non</strong></span> <span class='ocrx_word' id='word_1_913' title='bbox 2221 5193 2522 5264; x_wconf 90' lang='lat' dir='ltr'><strong>susceperit</strong></span> <span class='ocrx_word' id='word_1_914' title='bbox 2552 5193 2774 5261; x_wconf 90' lang='lat' dir='ltr'><strong>quidem</strong></span> <span class='ocrx_word' id='word_1_915' title='bbox 2799 5193 3274 5249; x_wconf 89' lang='lat' dir='ltr'><strong>circumcisionem</strong></span> <span class='ocrx_word' id='word_1_916' title='bbox 3313 5194 3518 5252; x_wconf 82' lang='lat' dir='ltr'><strong>carnis.</strong></span> <span class='ocrx_word' id='word_1_917' title='bbox 3554 5191 3633 5260; x_wconf 78' lang='lat' dir='ltr'><strong>ju-</strong></span> 
     </span>
    </p>
   </div>
   <div class='ocr_carea' id='block_1_114' title="bbox 2358 5306 3630 5373">
    <p class='ocr_par' dir='ltr' id='par_1_114' title="bbox 2358 5306 3630 5373">
     <span class='ocr_line' id='line_1_115' title="bbox 2358 5306 3630 5373; baseline -0.008 -6"><span class='ocrx_word' id='word_1_918' title='bbox 2358 5313 2402 5344; x_wconf 83' lang='lat'><strong>&quot;’</strong></span> <span class='ocrx_word' id='word_1_919' title='bbox 2439 5311 2574 5366; x_wconf 89' lang='lat' dir='ltr'><strong>Gen.</strong></span> <span class='ocrx_word' id='word_1_920' title='bbox 2605 5326 2731 5373; x_wconf 76' lang='lat' dir='ltr'><strong>XVII,</strong></span> <span class='ocrx_word' id='word_1_921' title='bbox 2761 5310 2868 5373; x_wconf 67' lang='lat' dir='ltr'><strong>l2;</strong></span> <span class='ocrx_word' id='word_1_922' title='bbox 2900 5309 3075 5363; x_wconf 89' lang='lat' dir='ltr'><strong>Levit.</strong></span> <span class='ocrx_word' id='word_1_923' title='bbox 3109 5325 3212 5371; x_wconf 76' lang='grc' dir='ltr'><strong>ιιι,</strong></span> <span class='ocrx_word' id='word_1_924' title='bbox 3241 5308 3296 5362; x_wconf 74' lang='lat'><strong>3.</strong></span> <span class='ocrx_word' id='word_1_925' title='bbox 3373 5308 3421 5342; x_wconf 76' lang='grc'><strong>⁸⁸</strong></span> <span class='ocrx_word' id='word_1_926' title='bbox 3443 5306 3555 5362; x_wconf 80' lang='lat' dir='ltr'><strong>Joh.</strong></span> <span class='ocrx_word' id='word_1_927' title='bbox 3595 5320 3630 5369; x_wconf 80' lang='grc' dir='ltr'><strong>ι,</strong></span> 
     </span>
    </p>
   </div>
   <div class='ocr_carea' id='block_1_115' title="bbox 2253 5377 3629 5448">
    <p class='ocr_par' dir='ltr' id='par_1_115' title="bbox 2253 5377 3629 5448">
     <span class='ocr_line' id='line_1_116' title="bbox 2253 5377 3629 5448; baseline -0.008 -11"><span class='ocrx_word' id='word_1_928' title='bbox 2253 5384 2297 5415; x_wconf 79' lang='grc'>⁸³</span> <span class='ocrx_word' id='word_1_929' title='bbox 2327 5383 2524 5437; x_wconf 80' lang='lat' dir='ltr'><strong>Matth.</strong></span> <span class='ocrx_word' id='word_1_930' title='bbox 2553 5397 2651 5444; x_wconf 77' lang='grc' dir='ltr'><strong>χιι,</strong></span> <span class='ocrx_word' id='word_1_931' title='bbox 2677 5381 2767 5435; x_wconf 66' lang='grc'><strong>49..</strong></span> <span class='ocrx_word' id='word_1_932' title='bbox 2848 5381 2892 5413; x_wconf 82' lang='grc'><strong>⁸³</strong></span> <span class='ocrx_word' id='word_1_933' title='bbox 2919 5380 3040 5435; x_wconf 79' lang='lat' dir='ltr'><strong>Aet.</strong></span> <span class='ocrx_word' id='word_1_934' title='bbox 3074 5396 3130 5444; x_wconf 71' lang='grc' dir='ltr'><strong>κ,</strong></span> <span class='ocrx_word' id='word_1_935' title='bbox 3163 5381 3222 5434; x_wconf 81' lang='lat' dir='ltr'><strong>ll</strong></span> <span class='ocrx_word' id='word_1_936' title='bbox 3254 5393 3374 5448; x_wconf 89' lang='lat' dir='ltr'><strong>seq.</strong></span> <span class='ocrx_word' id='word_1_937' title='bbox 3450 5378 3497 5411; x_wconf 60' lang='grc' dir='ltr'><strong>ιδ</strong></span> <span class='ocrx_word' id='word_1_938' title='bbox 3519 5377 3629 5430; x_wconf 79' lang='lat' dir='ltr'><strong>Act.</strong></span> 
     </span>
    </p>
   </div>
   <div class='ocr_carea' id='block_1_116' title="bbox 2071 5541 2950 5603">
    <p class='ocr_par' dir='ltr' id='par_1_116' title="bbox 2071 5541 2950 5603">
     <span class='ocr_line' id='line_1_117' title="bbox 2071 5541 2950 5603; baseline -0.011 0"><span class='ocrx_word' id='word_1_939' title='bbox 2071 5549 2454 5603; x_wconf 79' lang='lat' dir='ltr'><strong>desiderantur</strong></span> <span class='ocrx_word' id='word_1_940' title='bbox 2485 5544 2538 5598; x_wconf 89' lang='lat' dir='ltr'><strong>in</strong></span> <span class='ocrx_word' id='word_1_941' title='bbox 2574 5551 2732 5596; x_wconf 86' lang='lat' dir='ltr'><strong>antea</strong></span> <span class='ocrx_word' id='word_1_942' title='bbox 2768 5541 2950 5596; x_wconf 89' lang='lat' dir='ltr'><strong>editis.</strong></span> 
     </span>
    </p>
   </div>
   <div class='ocr_carea' id='block_1_117' title="bbox 2143 5609 3447 5687">
    <p class='ocr_par' dir='ltr' id='par_1_117' title="bbox 2143 5609 3447 5687">
     <span class='ocr_line' id='line_1_118' title="bbox 2143 5609 3447 5687; baseline -0.008 -16"><span class='ocrx_word' id='word_1_943' title='bbox 2143 5618 2255 5687; x_wconf 72' lang='lat'><strong>(23)</strong></span> <span class='ocrx_word' id='word_1_944' title='bbox 2294 5617 2390 5687; x_wconf 73' lang='lat' dir='ltr'><strong>Sic</strong></span> <span class='ocrx_word' id='word_1_945' title='bbox 2414 5630 2542 5687; x_wconf 83' lang='lat' dir='ltr'><strong>mss.</strong></span> <span class='ocrx_word' id='word_1_946' title='bbox 2579 5613 2720 5687; x_wconf 62' lang='grc' dir='ltr'><strong>Εεῇςῇ</strong></span> <span class='ocrx_word' id='word_1_947' title='bbox 2746 5627 2898 5687; x_wconf 76' lang='lat' dir='ltr'><strong>vero,</strong></span> <span class='ocrx_word' id='word_1_948' title='bbox 2929 5629 2946 5661; x_wconf 74' lang='grc' dir='ltr'>ι</span> <span class='ocrx_word' id='word_1_949' title='bbox 2979 5609 3395 5687; x_wconf 72' lang='lat' dir='ltr'><strong>observabatur.</strong></span> <span class='ocrx_word' id='word_1_950' title='bbox 3429 5626 3447 5661; x_wconf 77' lang='grc' dir='ltr'>ι</span> 
     </span>
    </p>
   </div>
   <div class='ocr_carea' id='block_1_118' title="bbox 2143 5680 3344 5757">
    <p class='ocr_par' dir='ltr' id='par_1_118' title="bbox 2143 5680 3344 5757">
     <span class='ocr_line' id='line_1_119' title="bbox 2143 5680 3344 5757; baseline -0.012 -15"><span class='ocrx_word' id='word_1_951' title='bbox 2143 5680 2256 5757; x_wconf 48' lang='lat' dir='ltr'><strong>(Ei)</strong></span> <span class='ocrx_word' id='word_1_952' title='bbox 2289 5708 2305 5737; x_wconf 71' lang='grc' dir='ltr'><strong>ε</strong></span> <span class='ocrx_word' id='word_1_953' title='bbox 2348 5685 2536 5752; x_wconf 71' lang='lat' dir='ltr'><strong>Maius.</strong></span> <span class='ocrx_word' id='word_1_954' title='bbox 2572 5706 2590 5735; x_wconf 70' lang='grc' dir='ltr'>ι</span> <span class='ocrx_word' id='word_1_955' title='bbox 2626 5683 2788 5749; x_wconf 68' lang='grc' dir='ltr'><strong>ΙΞιΙίιί,</strong></span> <span class='ocrx_word' id='word_1_956' title='bbox 2825 5701 2842 5733; x_wconf 89' lang='lat' dir='ltr'><strong>t</strong></span> <span class='ocrx_word' id='word_1_957' title='bbox 2875 5684 2925 5734; x_wconf 91' lang='lat' dir='ltr'><strong>iu</strong></span> <span class='ocrx_word' id='word_1_958' title='bbox 2959 5680 3097 5751; x_wconf 70' lang='lat' dir='ltr'><strong>aliis,</strong></span> <span class='ocrx_word' id='word_1_959' title='bbox 3133 5701 3150 5731; x_wconf 72' lang='grc' dir='ltr'>ι</span> <span class='ocrx_word' id='word_1_960' title='bbox 3185 5681 3344 5734; x_wconf 83' lang='lat' dir='ltr'><strong>male.</strong></span> 
     </span>
    </p>
   </div>
  </div>
