3974 6206
369 275 460 329 9M

1316 273 1671 330 COMMENT.
1718 275 1781 328 IN
1823 273 2038 330 lil’lST.
2075 276 2168 329 AD
2208 275 2374 331 ROM.
2423 278 2548 333 LIB.
2593 279 2655 335 ll.

3509 290 3614 342 (lii?!

367 395 540 446 stitias
572 401 752 445 tamen
787 392 1088 447 servaverit
1123 392 1274 462 legis.
1329 395 1385 448 Si
1429 411 1560 464 ergo
1590 405 1645 449 et
1671 396 1757 449 hie
1809 410 1934 448 seu-
1968 397 2014 454 Α
2044 393 2182 447 nalis
2230 392 2470 460 Iudaeus,
2518 396 2731 465 perﬁcit
2765 406 2946 450 autem
2999 397 3283 466 spiritalis,
3329 408 3384 452 et
3428 404 3520 468 qui
3559 410 3610 455 ‘m

366 503 459 541 sus
505 485 672 554 recipi
719 483 934 549 debeat,
987 485 1167 539 videto
1193 487 1356 540 etiam
1393 494 1445 540 tu
1477 487 1569 556 qui
1617 487 1771 558 legis,
1799 503 1934 557 quo-

367 578 510 630 niam
543 575 761 643 quidem
789 576 903 642 ipse
935 574 1227 643 Apostolus
1254 578 1539 647 proﬁtetur
1568 579 1612 611 ⁸⁸
1649 593 1707 633 se
1735 577 1934 632 Jndseis

365 667 480 720 fieri
513 663 781 727 Judaeum,
809 673 864 717 et
895 665 983 718 his
1021 666 1112 733 qui
1145 667 1262 721 sine
1307 667 1426 738 lege
1453 677 1606 734 sunt,
1643 669 1796 739 quasi
1842 671 1930 738 qui

363 760 482 812 sine
514 759 632 825 lege
661 757 732 811 sit
759 755 900 826 (25),
933 767 988 811 et
1022 758 1278 814 omnibus
1321 761 1502 814 omnia
1533 761 1615 824 fit,
1651 771 1710 816 ut
1743 777 1934 818 omnes

363 848 690 912 lucrifaciat,
730 864 796 904 ne
831 849 974 904 forte
1004 859 1288 918 propterea
1325 851 1412 906 hic
1457 851 1706 907 videatur
1751 853 1930 906 indul-

360 958 490 1007 gere
514 942 715 996 Judaeis
772 955 836 994 ea
888 955 1009 1009 quae
1059 941 1128 996 ad
1153 940 1371 998 Galatas
1415 943 1682 1008 scribens,
1721 944 1808 998 his
1839 945 1930 1014 qui

360 1050 424 1086 ex
453 1034 704 1103 gentibus
737 1033 1088 1087 crediderant.
1121 1047 1225 1087 non
1253 1034 1518 1104 indulget.
1567 1035 1707 1089 Dicit
1735 1037 1878 1088 enim
1913 1052 1928 1088 :

363 1145 383 1176 ι
435 1125 569 1190 Quia
626 1126 670 1178 si
716 1124 1184 1180 circumcidamini
1218 1166 1234 1189 ,
1281 1124 1536 1181 Christus
1585 1126 1744 1181 vobis
1797 1125 1929 1179 nihil

361 1220 607 1288 proderit
629 1218 732 1271 ³⁸.»
767 1217 908 1273 Nihil
931 1233 1061 1288 ergo
1077 1219 1332 1288 proderat
1359 1219 1701 1274 circumcisio
1726 1219 1813 1273 his
1837 1217 1930 1288 qui

355 1327 418 1364 ex
455 1328 518 1364 ea
553 1313 809 1379 putabant
841 1311 1045 1380 aliquid
1075 1312 1484 1379 justificatiOnis
1514 1312 1719 1367 assumi
1750 1327 1926 1381 φίλι-οη

353 1405 512 1458 derat
552 1413 733 1456 autem
773 1404 878 1470 his,
916 1405 1008 1473 qui
1072 1407 1339 1473 putabant
1383 1405 1483 1457 sibi
1531 1403 1596 1457 ad
1650 1403 1926 1458 Christum

351 1511 464 1548 non
494 1510 616 1550 esse
649 1496 996 1564 veniendum,
1040 1499 1085 1552 si
1115 1498 1195 1552 eis
1227 1497 1627 1552 circumcidere
1661 1496 1802 1551 ﬁlios
1833 1511 1926 1550 ve-

350 1598 583 1644 taretur.
618 1588 785 1660 Erant
811 1589 955 1647 enim
993 1589 1242 1644 nonnulli
1274 1590 1324 1643 in
1357 1590 1546 1654 initiis,
1577 1589 1670 1658 qui
1698 1588 1928 1644 circum-

346 1681 614 1735 eisionem
648 1681 811 1736 veluti
845 1682 1056 1750 insigne
1085 1682 1444 1737 vernaculum
1485 1683 1663 1752 gentis
1693 1697 1805 1737 suae
1841 1683 1925 1736 ni-

345 1774 461 1826 mio
505 1787 693 1828 amore
732 1782 1013 1828 servarent
1057 1791 1073 1828 :
1115 1783 1174 1827 et
1218 1773 1467 1841 impediri
1515 1773 1840 1829 videbantur
1889 1789 1920 1830 a

345 1863 482 1924 fide.
521 1863 564 1917 si
601 1865 704 1917 hoc
733 1862 843 1934 (26)
876 1863 957 1918 eis
987 1873 1266 1918 vetaretur
1309 1878 1418 1933 quo
1452 1875 1644 1918 carere
1677 1878 1781 1918 non
1825 1879 1922 1934 po-

346 1961 550 2009 terant.
587 1952 729 2020 Ergo
761 1953 976 2008 videtur
1026 1952 1320 2023 Apostolus
1364 1954 1431 2008 ad
1467 1953 1773 2020 huiusmodi
1823 1958 1924 2010 ho-

342 2046 527 2101 mines
554 2047 761 2109 dieere,
803 2060 871 2102 ne
921 2046 1002 2100 eis
1059 2045 1184 2101 ﬁdei
1230 2045 1454 2114 jnuam
1505 2045 1745 2110 claudat,
1790 2045 1918 2116 quia

346 2155 369 2188 α
400 2137 752 2192 circumcisio
796 2137 1038 2206 prodest,
1085 2137 1130 2190 si
1182 2137 1358 2208 legem
1383 2137 1662 2192 custodias
1693 2153 1706 2191 :
1739 2137 1786 2192 si
1817 2152 1918 2190 au-

345 2238 462 2279 tem
496 2224 888 2295 praevaricator
920 2225 1057 2296 legis
1088 2226 1184 2293 sis,
1207 2226 1555 2284 circumcisio
1585 2233 1675 2278 tua
1705 2240 1920 2296 praepu-

343 2318 485 2371 tium
517 2315 657 2370 facta
685 2325 790 2372 est.
827 2334 848 2370 ι
901 2317 943 2372 Ε
987 2318 1264 2373 contrario
1315 2325 1497 2372 autem
1541 2316 1586 2372 si
1632 2316 1919 2372 credentes

337 2423 407 2464 ex
465 2408 718 2479 gentibus
757 2409 824 2463 ad
875 2409 1346 2465 circumeisionem
1395 2417 1744 2478 cogerentur,
1793 2407 1915 2461 ﬁdei

339 2498 556 2554 Christi
583 2507 640 2552 et
675 2499 1047 2568 praedicationi
1077 2499 1225 2554 verbi
1252 2499 1368 2553 fieri
1391 2498 1670 2552 videretur
1694 2496 1913 2564 injuria.

337 2588 452 2644 Sed
489 2599 547 2644 et
574 2589 706 2643 illud
727 2589 1127 2644 observandum
1161 2598 1265 2657 est,
1319 2589 1464 2659 quod
1505 2603 1628 2643 cum
1671 2587 1869 2645 dixerit
1900 2603 1916 2644 :

341 2701 361 2733 ι
390 2680 758 2736 Circumcisio
777 2680 996 2750 quidem
1029 2680 1274 2750 prodest,
1297 2681 1342 2735 si
1363 2679 1531 2750 legem
1549 2677 1864 2734 custodias:
1890 2697 1910 2732 ι

336 2784 448 2823 non
484 2768 710 2835 addidit,
744 2769 803 2824 Si
841 2777 1022 2823 autem
1067 2783 1173 2824 non
1193 2768 1498 2834 .custodias,
1535 2767 1682 2824 sicut
1723 2783 1917 2822 conse-

335 2875 518 2928 quens
551 2859 869 2928 videbatur,
895 2859 993 2915 sed
1013 2859 1092 2914 ait
1121 2876 1136 2914 :
1167 2876 1186 2910 ι
1223 2857 1280 2915 Si
1312 2869 1494 2920 autem
1524 2856 1916 2928 pmvaricator

338 2951 416 3004 sis
451 2950 612 3020 legis.
645 2968 666 3002 ι
700 2949 758 3005 ιιι
785 2965 894 3020 quo
913 2949 1154 3005 ostendit
1186 2949 1332 3004 aliud
1368 2964 1611 3005 essenon
1635 2948 1912 3005 custodire

2037 484 2257 537 occulto
2287 483 2507 538 Judzcus
2539 494 2642 538 est.
2687 483 2740 537 In
2773 500 2880 552 quo
2911 485 3002 539 ille
3029 487 3244 553 quidem
3277 490 3609 556 praevarica-

2039 583 2124 628 tor
2158 573 2316 643 legis,
2351 577 2440 630 hic
2463 589 2640 630 autem
2683 575 2846 644 jnch
2899 578 3331 646 przcvaricatoris
3361 577 3611 638 efﬁcitur.

2036 661 2432 720 Przevaricator
2460 678 2644 722 autem
2675 667 2910 722 ciIicitur
2955 667 3070 738 (~28)
3103 669 3337 722 carnalis
3369 669 3610 738 Judznus,

2033 759 2162 826 quia
2192 758 2274 812 lex
2303 760 2415 828 ipsa
2439 761 2816 815 iniirmabatnr
2842 776 2936 831 per
2963 776 3202 815 carnem.
3221 761 3330 816 Nisi
3357 765 3500 818 enim
3531 769 3615 817 in—

2035 848 2249 902 ﬁrmata
2284 849 2475 905 fuisset
2496 852 2792 906 secundum
2824 866 3068 916 carnem,
3106 867 3209 906 non
3243 853 3428 922 utique
3459 855 3612 909 dice-

2035 951 2182 992 retur
2208 958 2220 994 :
2249 959 2267 993 ‹
2302 938 2436 994 Nam
2465 943 2606 1011 quod
2637 942 2970 1011 impossibile
3003 952 3123 996 erat
3152 943 3276 1009 legi,
3310 945 3362 998 in
3390 960 3501 1014 quo
3530 947 3612 1000 in-

2033 1029 2354 1085 ﬁrmabatur
2367 1034 2777 1103 perc‘arnem”.
2801 1053 2820 1087 ι
2845 1033 2951 1090 Per
2970 1035 3220 1104 Spiritum
3249 1045 3430 1092 autem
3464 1039 3613 1092 intir.

2033 1123 2166 1176 mari
2195 1123 2366 1194 legem
2390 1140 2666 1194 nunquam
2697 1127 2934 1181 invenies
2950 1129 3299 1196 scriptum,et
3320 1127 3441 1183 ideo
3464 1149 3481 1181 ι
3514 1131 3605 1199 qui

2034 1213 2085 1266 in
2120 1229 2284 1268 carne
2312 1225 2460 1277 sunt,
2488 1214 2593 1268 Deo
2611 1217 2833 1284 placere
2865 1231 2968 1269 non
3005 1225 3229 1284 possunt
3255 1215 3332 1284 l”;
3359 1237 3376 1269 θ
3400 1219 3489 1287 qui
3509 1236 3601 1272 au-

2034 1313 2140 1358 tem
2166 1321 2263 1374 per
2286 1305 2534 1375 spiritum
2571 1315 2726 1362 actus
2761 1308 2940 1362 carnis
2976 1309 3445 1374 mortiﬁcaverint,
3493 1327 3597 1364 non

2032 1395 2205 1450 solum
2233 1397 2437 1462 vivent,
2467 1398 2794 1466 sedjudices
2815 1409 2974 1452 erunt
3016 1415 3122 1452 non
3171 1408 3381 1453 tantum
3427 1400 3608 1454 homi-

2031 1489 2288 1550 num,sed
2308 1496 2362 1543 et
2376 1489 2686 1556 angelorum
2709 1491 2862 1558 :quia
2883 1490 3025 1543 illius
3045 1492 3164 1544 laus
3190 1493 3256 1544 ah
3285 1492 3602 1547 hominibus

2028 1589 2130 1642 est,
2152 1578 2354 1651 hujusa
2375 1581 2485 1634 Deo
2507 1582 2572 1634 6°.
2601 1580 2724 1635 Haec
2742 1583 2956 1650 quidem
2975 1582 3117 1636 dicta
3136 1583 3243 1635 sint
3271 1600 3300 1632 a
3341 1584 3495 1638 nobis
3529 1586 3600 1640 ad

2028 1669 2189 1742 49],
2259 1672 2692 1741 explanationem
2742 1674 3010 1726 sermonis
3065 1674 3381 1743 apostolici,
3433 1691 3595 1744 quem

1959 1742 2299 1815 Bdisserere
2349 1763 2750 1830 proposuimus.
2817 1761 2932 1816 Non
3001 1775 3180 1817 tamen
3235 1766 3595 1833 importunum

2025 1851 2295 1904 videbitur
2346 1851 2509 1905 etiam
2564 1851 2998 1907 circumcisiouis
3063 1853 3235 1922 ipsius
3290 1855 3602 1925 generalem

2022 1943 2296 1998 discutere
2351 1943 2654 2007 rationem,
2702 1943 3147 2014 quandoquidem
3206 1944 3274 2000 de
3329 1962 3393 1999 ea
3454 1945 3606 2002 locus

2022 2035 2138 2104 ipse
2182 2034 2542 2090 commonuit.
2591 2033 2922 2103 Repetamus
2954 2034 3142 2106 igitur,
3185 2045 3236 2090 et
3284 2037 3602 2091 inmedium

2020 2126 2384 2196 proferamus,
2419 2125 2465 2180 si
2497 2140 2604 2196 qua
2639 2125 2691 2178 in
2721 2124 2838 2194 lege
2878 2126 2944 2180 de
2973 2141 3058 2192 ea,
3098 2126 3181 2180 vel
3226 2127 3276 2180 in
3307 2127 3604 2196 Scripturis

2019 2217 2232 2270 caeteris
2259 2215 2630 2270 continentur.
2693 2213 3000 2270 Invenimus
3031 2215 3082 2268 in
3111 2213 3310 2270 Genesi
3338 2218 3600 2286 scriptum

2019 2307 2251 2377 primum
2287 2307 2354 2360 de
2390 2305 3315 2372 circumcisionemandatum,cum
3339 2322 3600 2377 responsa

2017 2399 2278 2454 darentur
2322 2398 2388 2452 ad
2443 2398 2718 2454 Abraham
2791 2398 2894 2454 ltoc
2975 2399 3136 2454 modo
3165 2399 3208 2430 “
3242 2415 3258 2453 :
3296 2418 3314 2452 ι
3346 2398 3414 2455 Ει
3465 2400 3601 2456 dixit

2019 2489 2160 2546 Deus
2191 2490 2257 2545 ad
2306 2489 2582 2546 Abraham
2616 2488 2740 2546 :Tu
2767 2499 2949 2546 autem
2994 2501 3378 2547 testamentum
3418 2507 3599 2547 meum

2016 2585 2279 2650 servabis,
2324 2594 2380 2640 et
2406 2599 2571 2639 omne
2611 2600 2798 2640 semen
2845 2593 2994 2640 tuum
3047 2595 3170 2654 post
3199 2597 3251 2641 te
3281 2587 3334 2640 in
3363 2601 3598 2658 genera-

2017 2679 2192 2734 tiones
2214 2691 2362 2733 suas.
2389 2676 2451 2731 Et
2477 2676 2579 2732 hoc
2611 2675 3168 2746 testamentum,quod
3191 2677 3432 2747 disposui
3455 2679 3600 2732 inter

2017 2784 2104 2824 me
2130 2778 2186 2824 et
2214 2784 2330 2835 vos,
2355 2779 2410 2825 et
2437 2769 2582 2825 inter
2608 2783 2695 2824 me
2716 2782 2772 2822 et
2794 2767 2938 2822 inter
2959 2767 3196 2821 medium
3226 2769 3452 2823 seminis
3482 2769 3596 2839 (29)

2015 2861 2091 2916 tui
2127 2869 2247 2931 post
2285 2872 2338 2916 te
2373 2861 2426 2916 in
2457 2859 2836 2932 generationes
2891 2853 3082 2915 eorum
3118 2876 3134 2912 :
3174 2859 3600 2914 circumcidetur

2013 2968 2174 3008 omne
2201 2954 2559 3009 masculinum
2589 2962 2852 3018 vestrum,
2873 2961 2926 3006 et
2951 2950 3352 3006 circumcidetis
3374 2967 3596 3006 carnem

335 3041 543 3110 legem,
589 3040 735 3096 aliud
782 3039 1134 3110 pra-varicari
1184 3039 1379 3110 legem.
1421 3037 1556 3094 Nam
1599 3049 1656 3095 et
1709 3037 1908 3094 Paulus
1937 3081 1981 3140 ϐ
2015 3045 2258 3113 praaputii
2287 3044 2478 3113 vestri,
2505 3054 2561 3100 et
2589 3043 2695 3098 erit
2749 3044 2802 3098 in
2851 3043 3060 3114 signum
3112 3041 3418 3096 testamenti
3454 3041 3598 3096 inter

333 3135 456 3204 ipse
509 3149 619 3188 non
664 3147 877 3203 semper
905 3132 1074 3202 legem
1111 3131 1368 3198 custodit,
1411 3145 1684 3201 nunquam
1728 3139 1908 3184 tamen

332 3225 728 3292 praevaricator
753 3233 836 3278 est
863 3224 1014 3292 legis.
1042 3223 1336 3294 Propterea
1369 3222 1421 3276 in
1452 3221 1912 3289 consequentibus

335 3316 514 3371 dicit:
558 3333 577 3367 ι
610 3313 666 3368 Si
701 3324 881 3370 autem
907 3315 1231 3384 praeputium
1261 3313 1529 3382 justitiam
1563 3312 1697 3382 legis
1729 3323 1912 3366 custo-

332 3411 475 3473 diat,
499 3422 682 3462 nonne
703 3407 969 3477 judicahit
991 3407 1136 3475 quod
1159 3422 1224 3462 ex
1247 3417 1436 3461 natura
1458 3415 1538 3461 est
1563 3405 1908 3476 przrputinm,

331 3502 514 3570 legem
547 3497 858 3568 perﬁciens,
894 3508 968 3564 te,
999 3499 1090 3566 qui
1123 3513 1220 3567 per
1251 3497 1486 3550 litteram
1523 3505 1577 3550 et
1622 3495 1910 3550 circumci-

327 3595 544 3648 sionem
577 3591 964 3662 praevaricator
1007 3605 1066 3644 es
1112 3589 1290 3658 legis?
1323 3607 1342 3640 ι
1378 3587 1627 3642 Custodit
1667 3601 1797 3656 ergo
1835 3588 1912 3639 lc-

329 3702 458 3756 gem
511 3687 558 3739 is
602 3685 690 3752 qui
723 3699 842 3738 eam
899 3683 1196 3738 secundum
1227 3681 1464 3735 litteram
1493 3679 1750 3732 observat
1788 3694 1802 3742 ;
1851 3687 1906 3730 et

332 3780 378 3832 is
407 3777 801 3846 pra’varicatur
832 3789 976 3840 eant,
1010 3774 1102 3843 qui
1139 3771 1440 3841 spiritalem
1465 3770 1582 3838 ejus
1616 3783 1719 3822 non
1760 3775 1908 3822 tenet

330 3883 581 3923 sensum.
619 3866 836 3921 Justitia
879 3881 1008 3921 vero
1055 3866 1210 3936 legis,
1265 3863 1487 3918 moralis
1533 3861 1646 3928 ejus
1691 3869 1776 3915 est
1824 3859 1906 3912 lo-

327 3978 434 4016 cus
463 3961 599 4032 (27).
646 3960 759 4014 Lex
800 3961 943 4014 enim
979 3958 1238 4029 generale
1279 3955 1603 4012 vocabulum
1655 3965 1737 4008 est
1769 3971 1782 4007 :
1821 3955 1909 4022 ju-

325 4053 478 4107 stitia
511 4066 642 4106 vero
667 4064 795 4119 pars
835 4049 968 4119 legis
999 4055 1100 4103 est.
1133 4046 1394 4102 Continet
1425 4043 1570 4097 enim
1615 4041 1699 4094 lex
1741 4041 1904 4105 iusti-

329 4146 463 4208 tias,
509 4154 563 4197 et
607 4143 834 4213 judicia,
890 4152 942 4195 et
1003 4139 1278 4200 mandata,
1347 4143 1402 4189 et
1449 4131 1901 4199 jnstiﬁcationes,

327 4237 576 4302 aliasque
624 4231 1052 4303 quamplurimas
1101 4226 1336 4297 species.
1394 4224 1449 4280 Si
1504 4237 1634 4289 ergo
1689 4237 1902 4290 praepu-

331 4330 468 4380 tium
519 4341 624 4380 non
673 4326 748 4379 ait
799 4325 970 4393 ipsam
1004 4321 1198 4390 legem,
1247 4317 1340 4374 sed
1391 4317 1432 4372 si
1475 4315 1715 4383 justitias
1766 4313 1902 4381 legis

2017 3150 2100 3190 me
2127 3146 2183 3190 et
2211 3150 2347 3190 vos:
2385 3145 2442 3190 et
2501 3151 2638 3205 puer
2671 3144 2864 3190 octava
2924 3133 3011 3188 die
3069 3131 3492 3187 circumcidetur
3538 3132 3593 3186 in

2011 3226 2186 3286 vobis.
2214 3227 2394 3283 omnis
2435 3225 2710 3282 masculus
2753 3225 2808 3280 in
2858 3223 3306 3295 generationibus
3341 3221 3538 3278 vestris
3574 3241 3588 3278 :

2013 3319 2356 3386 vernaculus,
2415 3327 2470 3376 et
2525 3317 2756 3389 pecunia
2801 3325 3015 3386 emptus
3062 3316 3130 3369 ab
3181 3315 3432 3370 omnibus
3467 3315 3592 3369 ﬁliis

2013 3408 2465 3479 alienigenarum,
2494 3408 2586 3478 qui
2621 3423 2728 3462 non
2758 3418 2845 3462 est
2868 3422 2932 3461 ex
2960 3406 3169 3461 semine
3203 3415 3318 3472 tuo,
3353 3408 3590 3462 circum-

2011 3497 2218 3553 cisione
2267 3497 2697 3552 circumcidetur
2743 3495 3070 3551 vernaculus
3114 3497 3307 3550 domus
3363 3507 3488 3559 tuae,
3537 3507 3592 3550 et

2011 3589 2239 3657 pecunia
2261 3597 2605 3658 comparatus
2629 3601 2657 3640 a
2691 3597 2772 3640 te:
2799 3597 2853 3640 et
2870 3587 2973 3640 erit
3005 3594 3386 3640 testamentum
3410 3600 3586 3639 memn

2009 3696 2174 3748 super
2223 3695 2444 3735 carnem
2487 3691 2723 3732 vestram
2758 3685 3143 3732 testamentum
3190 3685 3454 3729 aeternum
3487 3692 3501 3728 ἔ
3537 3685 3591 3748 (ἓοι

2011 3772 2423 3826 incircumcisus
2458 3769 2733 3824 masculus
2766 3769 2860 3838 qui
2889 3785 2994 3821 non
3030 3766 3190 3821 fuerit
3233 3767 3589 3821 circumcisus

2009 3862 2064 3917 in
2105 3877 2267 3916 carne
2296 3862 2543 3932 praeputii
2594 3863 2677 3915 sui
2727 3861 2813 3914 die
2860 3866 3076 3922 octava,
3131 3857 3589 3912 exterminabitur

2007 3949 2185 4001 anima
2217 3947 2304 4001 illa
2352 3949 2419 4002 de
2454 3962 2656 4018 genere
2706 3962 2806 4002 suo
2839 3946 2975 4018 (50),
3009 3946 3135 4014 quia
3193 3954 3584 4000 testamentum

2010 4055 2186 4094 meum
2227 4039 2535 4109 dissipavit.
2575 4059 2594 4092 ι
2663 4039 2779 4093 Νοη
2836 4053 2935 4093 nos
2985 4047 3162 4090 tamen
3208 4037 3376 4092 latere
3406 4039 3586 4104 debet,

2008 4133 2149 4202 quod
2189 4135 2242 4184 in
2298 4131 2422 4186 aliis
2467 4130 2867 4200 exemplaribus
2908 4147 3012 4184 non
3062 4130 3291 4184 habetur
3325 4129 3584 4198 positum,

2013 4243 2030 4275 ι
2060 4233 2252 4278 octava
2280 4224 2387 4287 die,
2418 4242 2435 4275 ι
2481 4224 2532 4276 in
2565 4224 2668 4278 hoc
2713 4225 2977 4276 duntaxat
3013 4222 3150 4274 loco.
3182 4221 3310 4274 Item
3345 4222 3396 4273 in
3427 4219 3588 4273 Levi-

2015 4318 2122 4368 tico
2149 4314 2409 4383 scriptum
2440 4324 2522 4366 est
2545 4314 2590 4346 "
2623 4328 2637 4364 :
2676 4331 2692 4362 ι
2732 4311 2794 4363 Et
2834 4312 3047 4365 locutus
3077 4320 3158 4364 est
3201 4309 3460 4362 Dominus
3517 4311 3594 4360 ad:

323 4419 626 4482 custodiat,
660 4418 711 4470 in
745 4425 954 4470 tantum
991 4411 1276 4481 prmfertur
1309 4407 1714 4462 eireumcisioni
1761 4419 1899 4472 prte-
1935 4410 1979 4466 ι)
2011 4407 2229 4478 Moysen
2263 4406 2448 4460 dicens
2479 4422 2492 4459 :
2531 4404 2778 4472 Loquere
2813 4403 2938 4456 ﬁliis
2967 4400 3174 4464 Israel,
3221 4407 3274 4452 et
3327 4400 3478 4453 dices
3515 4402 3589 4452 ad

327 4510 598 4565 varicanti
626 4508 818 4578 legem,
850 4514 908 4558 ut
933 4506 1099 4558 etiam
1127 4501 1338 4570 judicet
1369 4514 1512 4554 eam.
1541 4497 1607 4550 Et
1635 4496 1772 4550 bene
1801 4495 1897 4547 ad-

327 4604 495 4668 didit,
531 4620 549 4652 ι
581 4602 752 4668 legem
782 4596 1092 4668 perﬁcicns.
1125 4613 1142 4644 ι
1178 4591 1269 4644 Ille
1302 4591 1444 4642 enim
1473 4587 1564 4657 qui
1605 4587 1898 4641 secundum

327 4695 566 4748 litteram
612 4691 766 4753 vivit,
811 4687 1092 4742 custodire
1124 4683 1322 4736 dicitur
1359 4681 1530 4750 legem
1575 4695 1589 4742 ;
1639 4678 1742 4732 iste
1776 4691 1903 4730 vero

327 4787 419 4854 qui
454 4783 752 4838 secundum
790 4779 1061 4848 spiritum,
1095 4773 1356 4844 perﬁcere
1384 4789 1398 4824 :
1424 4768 1686 4837 perfectio
1717 4777 1900 4820 autem

331 4879 464 4947 legis
493 4877 545 4930 in
577 4873 796 4928 Christo
833 4880 938 4932 est,
969 4869 1060 4938 qui
1098 4866 1239 4920 dixit
1267 4884 1282 4918 :
1316 4882 1334 4913 ι
1374 4862 1488 4915 Non
1523 4860 1642 4914 veni
1687 4857 1901 4912 solvere

333 4971 520 5036 legem,
551 4966 646 5022 sed
670 4963 964 5034 adimplere
991 4962 1058 5014 ⁸⁷.
1095 4979 1114 5010 ›
1143 4956 1452 5025 Adimplere
1486 4961 1665 5005 autem
1699 4949 1898 5018 legem,

333 5061 435 5116 hoc
472 5069 556 5115 est
581 5057 842 5128 perﬁcere
886 5055 1080 5125 legem.
1125 5047 1368 5106 Custodit
1400 5057 1528 5112 ergo
1567 5041 1740 5106 legem
1775 5055 1898 5093 ear.

2007 4512 2137 4552 eos:
2169 4495 2359 4550 Mulier
2389 4509 2725 4564 quaecunque
2770 4493 3071 4560 susceperit
3094 4505 3300 4553 semen,
3336 4497 3392 4543 et
3423 4505 3588 4558 pepeo

2009 4590 2142 4642 rerit
2191 4589 2508 4650 masculum,
2569 4585 2845 4638 immunda
2910 4584 3017 4636 erit
3078 4589 3282 4647 septem
3341 4579 3533 4632 diebus
3567 4620 3583 4640 ,

2009 4681 2307 4734 secundum
2345 4678 2464 4730 dies
2515 4675 2858 4744 purgationis
2907 4672 3184 4727 immunda
3220 4670 3345 4737 erit,
3393 4680 3446 4723 et
3498 4669 3584 4722 die

2009 4779 2202 4824 octava
2239 4766 2593 4821 circumcidet
2638 4779 2857 4820 carnem
2917 4762 3166 4833 prmputii
3215 4763 3352 4829 ejus,
3393 4772 3442 4814 et
3485 4761 3583 4813 tri-

2008 4863 2155 4930 ginta
2195 4858 2366 4909 tribus
2387 4856 2576 4909 diebus
2602 4855 2808 4910 sedebit
2847 4854 2899 4906 in
2928 4852 3190 4920 sanguine
3216 4867 3315 4904 suo
3352 4851 3586 4904 'tnnnun-

2009 4951 2098 5005 da.
2143 4967 2161 5000 ι
2213 4946 2336 5001 Haec
2361 4947 2590 5028 quidem,
2615 4947 2678 5001 de
2708 4946 2824 5014 lege
2855 4945 3024 5015 Moysi
3053 4943 3355 4999 testimonia
3397 4941 3585 5010 posui-

2008 5055 2148 5094 mus.
2197 5037 2449 5092 Salvator
2476 5051 2606 5091 vero
2635 5036 2686 5089 in
2722 5034 3019 5103 Evangelio
3048 5033 3161 5098 ait,
3209 5029 3590 5085 circumcisio-

405 5205 634 5261 "lCor.
660 5220 735 5266 Ix,
763 5201 950 5256 20-22.
1026 5199 1072 5231 ⁸⁸
1093 5195 1270 5250 Galat.
1315 5208 1366 5254 v,
1395 5190 1448 5244 2.
1474 5171 1572 5266 -’⁸⁷
1617 5185 1806 5240 Matth.
1845 5201 1896 5252 v,
1922 5188 2012 5242 Π.
2087 5186 2138 5220 ⁵⁸
2164 5187 2318 5241 Rom.
2349 5199 2470 5244 vm.
2503 5181 2558 5236 5.
2633 5182 2678 5214 ⁸³
2704 5180 2836 5235 ibid.
2869 5178 2925 5243 8,
2968 5179 3054 5232 i5.
3131 5177 3175 5208 ⁸⁸
3204 5175 3362 5229 Rom.
3406 5186 3467 5234 ιι,
3492 5169 3583 5224 ‘29-

337 5277 376 5306 "
399 5276 533 5333 Gen.
562 5290 696 5337 xvn,
724 5261 777 5326 '9
813 5287 968 5340 seqq.
1043 5269 1088 5300 θ’
1131 5266 1259 5319 Lev.
1316 5278 1412 5325 xu,
1467 5261 1492 5313 1
1551 5271 1705 5326 seqq.

405 5415 517 5484 (25)
546 5412 710 5484 Editi,
749 5429 766 5462 ι
795 5408 948 5484 quasi
979 5407 1096 5484 sine
1127 5405 1256 5484 iege
1273 5401 1363 5456 sit.
1402 5419 1421 5453 ι

405 5477 514 5554 (2ϋῷ
548 5503 566 5554 ᾳ
601 5482 734 5535 Hoc.
765 5499 784 5531 ι
816 5477 1262 5554 'Deestin‘editis}

404 5533 514 5624 iiii
545 5533 787 5624 namss.
820 5533 1016 5624 nostri.
1050 5547 1147 5600 Ast
1179 5543 1330 5604 editi,
1367 5559 1386 5592 ε
1414 5539 1654 5595 Justitia:
1683 5549 1807 5590 vero
1827 5533 1904 5588 lc-

337 5620 433 5691 gis‘.
470 5620 687 5676 moralis
719 5629 802 5673 est
830 5620 998 5691 locu_s.
1033 5633 1052 5666 ι
1080 5684 1110 5691 η
1145 5683 1156 5691 _
1309 5683 1320 5691 '
1361 5680 1387 5691 γ’

403 5695 514 5764 (28)
547 5711 564 5743 ‹
599 5691 854 5744 Etl‘tcitur.
889 5706 906 5738 ο
938 5685 994 5740 In
1029 5683 1190 5739 editis
1214 5683 1501 5735 omittitur.

2082 5388 2192 5459 (29)
2231 5406 2249 5438 ι
2280 5386 2348 5439 ΕΙ.
2390 5387 2534 5459 inter
2563 5381 2799 5437 medium
2834 5378 3082 5438 seminis,
3121 5394 3140 5427 ι
3175 5383 3280 5459 etc.
3317 5371 3405 5453 Sic
3427 5372 3580 5459 “edit.

2010 5453 2137 5513 Mss.
2175 5453 2340 5511 vero:
2381 5466 2464 5507 cet
2492 5456 2634 5506 inter
2663 5465 2848 5506 semen
2891 5461 3038 5503 tuttm
3074 5455 3194 5514 post
3233 5453 3284 5496 te
3336 5459 3386 5495 Ill
3418 5457 3583 5510 gene-

2011 5530 2228 5583 ratione
2262 5536 2600 5578 sanctorum.
2641 5540 2660 5572 ι

2084 5577 2225 5664 (3ογ
2255 5577 2414 5652 Editi,
2464 5611 2483 5643 ι
2524 5593 2701 5644 anima
2737 5589 2821 5643 illa
2869 5589 2933 5642 de
2975 5600 3173 5657 genere
3213 5598 3330 5637 suo.
3356 5600 3374 5632 ι
3427 5577 3581 5642 Mss...

2023 5687 2038 5719 ι
2070 5663 2158 5720 ille
2188 5667 2252 5719 dc
2279 5663 2470 5734 populo
2494 5677 2608 5718 suo.
2641 5681 2661 5714 ι
