3974 6206
428 242 534 298 903

1877 235 2194 294 ORIGENIS

3569 237 3658 299 90I

429 379 554 418 nem
606 362 856 433 accipere
883 361 1159 418 hominem
1201 361 1254 416 iu
1290 359 1555 426 Sabbato,
1618 370 1672 416 et
1718 376 1824 416 non
1873 360 2008 415 solvi
2041 363 2087 418 Α
2114 365 2194 410 cst
2262 353 2507 418 advenis,
2561 351 2834 424 loquatur,
2890 352 3205 408 necessario
3266 351 3447 422 utique
3486 355 3653 410 obser-

432 462 605 524 Iegem
635 454 801 526 Moysi
827 473 842 521 ;
865 465 922 509 et
950 455 1080 508 dicit
1110 469 1229 508 eam
1256 469 1321 508 ex
1348 455 1592 525 patribus
1626 469 1765 518 esse,
1797 463 1850 507 et
1883 461 2009 506 ante

431 545 650 618 Moysen
714 548 894 600 datam
963 545 1028 598 ".
1089 545 1255 614 Cujus
1313 549 1604 602 sententia:
1657 547 2009 612 auctoritate,

430 641 588 695 simul
628 649 681 692 et
712 639 896 708 legalis
925 640 1188 708 praecepti
1233 644 1502 711 gravitate
1535 643 1764 711 permoti
1793 683 1808 708 ,
1841 641 2005 694 etiam

431 741 552 801 post
585 731 875 784 adventum
911 728 1037 786 Jesu
1073 733 1224 786 suasi
1257 743 1382 788 sunt
1407 735 1624 803 quidam
1669 735 2004 798 circumcidi,

430 839 552 875 cunt
587 832 771 876 essent
820 837 885 876 ex
938 825 1208 894 gentibus.
1262 826 1366 879 Alii
1421 843 1566 891 vero,
1629 827 2007 883 horrescentes

429 913 637 979 pondus
672 914 948 980 praecepti,
985 914 1300 984 refugerunt
1328 917 1545 984 penitus
1575 919 1741 972 etiam
1781 921 1848 973 ab
1873 917 2006 988 ipsis

431 1003 641 1069 legibus
668 1005 718 1057 in
747 1005 944 1072 quibus
969 1007 1082 1060 haec
1113 1008 1316 1075 scripta
1347 1008 1688 1072 videbantur,
1715 1010 1786 1064 ita
1824 1019 1880 1064 ιιι
1909 1027 2006 1080 pu-

431 1101 606 1144 tarent
635 1092 750 1145 lucc
794 1107 897 1145 non
936 1108 1056 1146 esse
1111 1094 1236 1146 boui
1289 1095 1378 1148 Dei
1436 1097 1706 1156 mandata.
1745 1111 1844 1150 nec
1887 1095 2003 1162 ejus

425 1201 542 1247 qua:
564 1182 827 1237 Dominus
857 1195 909 1236 et
936 1184 1191 1237 Salvator
1216 1195 1398 1239 noster
1421 1187 1720 1253 praadicare
1745 1189 2000 1242 venisset.

427 1274 490 1325 I'It
543 1275 661 1326 ideo
713 1274 840 1328 mihi
889 1275 1104 1328 videtur
1164 1275 1476 1344 diligentior
1523 1277 1574 1330 in
1626 1277 1824 1331 talibus
1869 1277 2004 1331 locis

424 1363 733 1416 adhibenda
781 1365 1069 1430 discussit),
1132 1367 1174 1419 si
1220 1367 1291 1420 sit
1338 1366 1537 1436 aliquid
1588 1368 1639 1420 in
1696 1366 2000 1434 hujusmodi

426 1453 680 1505 mamlan
711 1453 961 1508 utilitatis
1001 1455 1168 1508 etiam
1210 1457 1508 1510 secundum
1543 1456 1783 1510 litteram
1818 1474 1832 1512 :
1874 1467 1928 1510 et
1957 1456 1999 1509 si

425 1543 534 1595 sint
566 1537 766 1610 quibus
795 1544 929 1600 utile
950 1546 1042 1608 sit,
1072 1547 1154 1600 vcl
1185 1563 1345 1613 quem
1376 1548 1441 1598 ad
1473 1547 1630 1601 linem
1665 1548 1848 1601 tendat
1885 1548 2002 1616 ejus

424 1635 633 1688 utilitas
661 1676 673 1695 ,
704 1647 796 1688 aut
823 1636 866 1690 si
896 1636 1100 1703 aliqttid
1148 1637 1333 1692 utilius
1376 1637 1678 1705 ﬁguraliter
1708 1639 1996 1692 iudicetur.

424 1721 593 1790 Igitur
627 1735 938 1791 repetentes
971 1742 1033 1779 ea
1071 1743 1191 1796 qum
1225 1743 1288 1780 cx
1336 1726 1452 1796 lege
1485 1728 1810 1796 protulimus
1846 1729 1999 1782 testi-

423 1815 627 1877 monia,
659 1814 1014 1871 discutiamus
1037 1820 1321 1878 attentius,
1375 1829 1628 1874 utrumne
1656 1820 1755 1873 soli
1783 1817 2000 1873 Judaeo-

423 1921 541 1958 I'Iltll
583 1907 727 1975 genti
781 1907 1028 1960 videatur
1085 1908 1386 1976 hujusmodi
1444 1909 1727 1964 imminere
1780 1912 1999 1964 manda-

423 2006 557 2057 tum,
595 2011 662 2047 an
689 2006 754 2065 ‘et
805 2011 997 2052 omnes
1046 1999 1138 2066 qui
1196 2015 1262 2053 ex
1319 2001 1573 2068 gentibus
1616 2001 1992 2065 crediderunt,

420 2102 574 2154 a-qua
609 2097 758 2142 sorte
797 2089 1153 2160 constringat.
1192 2091 1510 2146 Intucatnur
1540 2109 1671 2162 ergo
1703 2092 1833 2146 illud
1855 2094 1998 2163 quod

421 2181 487 2232 ad
546 2180 823 2236 Alt-altam
877 2180 1126 2236 defertur
1183 2187 1484 2251 oraculum,
1539 2201 1645 2254 quo
1683 2185 1870 2254 jussus
1915 2198 1998 2242 est

417 2274 851 2329 circumcisionis
890 2283 1209 2331 testamenta
1265 2292 1504 2332 servare.
1567 2296 1586 2330 ι
1619 2278 1698 2333 Tu
1723 2321 1738 2345 ,
1777 2281 1996 2351 inquit,

421 2372 800 2416 testamentum
834 2379 1012 2418 meum
1039 2365 1280 2420 servabis
1300 2407 1315 2431 ,
1348 2377 1403 2422 et
1431 2383 1594 2423 omne
1622 2384 1809 2426 semen
1847 2380 1994 2426 tuum

418 2469 536 2522 post
564 2465 615 2509 te
638 2471 733 2525 per
756 2458 1136 2526 generationes
1163 2475 1314 2514 suas.
1366 2458 1430 2512 Et
1461 2461 1563 2515 hoc
1591 2470 1674 2516 est
1705 2471 1997 2517 testamen-

419 2554 530 2598 tum
580 2547 720 2616 quod
757 2548 995 2618 disposui
1029 2550 1172 2604 inter
1215 2566 1336 2615 me,
1399 2561 1453 2605 et
1507 2562 1580 2616 te,
1613 2563 1668 2607 et
1721 2553 1887 2621 ipsos,
1939 2562 1998 2608 ιιι

418 2637 848 2692 circumcidatur
874 2653 1035 2694 omne
1061 2641 1418 2694 masculinum
1446 2657 1655 2707 eorum,
1684 2652 1738 2696 et
1765 2643 1996 2696 circum-

416 2727 602 2780 cidant
633 2743 851 2782 carnem
879 2731 1130 2798 przeputii
1158 2732 1264 2798 sui,
1301 2741 1360 2786 ut
1386 2733 1457 2787 sit
1485 2735 1536 2788 in
1575 2729 1790 2804 sigrium
1829 2743 1996 2788 testa-

419 2818 586 2872 menti
620 2819 762 2873 inter
790 2834 898 2884 Ille,
925 2829 981 2875 et
1011 2822 1186 2892 ipsos;
1217 2833 1272 2879 et
1295 2824 1473 2880 omnis
1508 2825 1779 2880 masculus
1803 2837 1994 2882 octava

416 2909 504 2962 die
536 2908 968 2966 circumcidatur
1003 2911 1074 2968 “.
1106 2933 1123 2966 ι
1173 2913 1324 2982 Quos
1370 2931 1501 2971 sane
1539 2916 1654 2988 (3I)
1714 2917 1876 2973 etiam
1924 2933 1993 2974 ex

2114 445 2293 498 valida
2340 445 2622 499 distinctio
2669 453 2794 498 est:
2828 444 2954 510 quia
2998 443 3139 497 sicut
3186 443 3238 496 in
3285 443 3368 496 his
3427 443 3553 498 locis
3577 447 3656 500 ubi

2111 537 2310 592 dicitur
2341 553 2354 590 :
2400 537 2678 606 «Loquere
2708 537 2773 590 ad
2808 538 2993 589 Aaron
3032 536 3148 599 ⁶⁹;›
3183 545 3238 588 et
3268 534 3396 589 alibi
3427 535 3509 591 "z
3538 536 3657 590 «Lo-

2108 642 2276 697 quere
2308 629 2376 680 ad
2413 627 2554 680 ﬁlios
2593 630 2807 690 Aaron;
2839 645 2858 678 ι
2913 637 2966 679 et
2995 625 3124 679 alibi
3157 626 3202 656 ⁷¹
3233 640 3246 676 :
3283 645 3301 678 ι
3330 625 3568 696 Loquere
3603 631 3658 680 ad

2109 720 2351 783 Levitas,
2377 728 2424 773 et
2455 718 2605 771 dices
2627 718 2693 771 ad
2725 733 2874 775 eos.»
2910 728 3122 771 certum
3153 725 3236 770 est
3263 733 3372 772 nou
3403 720 3660 787 suhjacet’c

2111 813 2351 880 reliquos
2403 811 2540 864 ﬁlios
2589 809 2756 863 Israel
2819 809 2903 862 his
2967 808 3206 878 legibus,
3255 823 3376 877 qum
3423 808 3502 862 vel
3557 810 3660 862 ﬁliis

2107 905 2312 969 Aaron,
2333 904 2415 957 vel
2451 902 2674 965 Levitis,
2707 901 2792 955 vel
2820 901 2918 970 ipsi
2945 903 3128 954 Aaron
3158 900 3510 969 promulgat?
3526 912 3658 954 sunt:

2107 997 2180 1050 ita
2211 996 2374 1049 etiam
2407 1010 2526 1063 quae
2552 993 2679 1048 ﬁliis
2710 992 2876 1046 Israel
2913 991 3197 1059 jubentur,
3233 1005 3332 1045 nec
3367 991 3662 1060 alienigenae

2108 1082 2369 1135 memoria
2398 1080 2504 1134 ulla
2539 1081 2630 1143 ﬁt,
2665 1095 2770 1134 non
2815 1088 2899 1134 est
2935 1080 3232 1146 putandum
3283 1094 3570 1133 commune
3619 1080 3660 1132 in

2106 1171 2191 1225 his
2237 1186 2356 1224 esse
2405 1171 2758 1232 mandatum,
2811 1169 2895 1223 vel
2937 1185 3282 1224 communem
3326 1168 3444 1222 ﬁeri
3487 1169 3659 1238 legem,

2106 1265 2194 1316 ubi
2229 1262 2610 1332 appellationis
2653 1262 2888 1316 habetur
2932 1261 3201 1330 exceptio.
3263 1260 3440 1314 Pauca
3505 1269 3659 1314 tamen

2104 1358 2169 1409 ad
2201 1357 2394 1410 horum
2446 1355 2822 1425 probationem
2874 1354 3184 1409 testimonia
3217 1354 3570 1408 adhibeamus
3605 1367 3662 1405 ex

2102 1449 2373 1518 pluribus,
2411 1461 2508 1515 per
2537 1461 2658 1515 quae
2703 1448 3066 1502 necessariam
3111 1461 3233 1501 esse
3291 1445 3374 1498 vel
3419 1445 3662 1513 adjectio-

2105 1555 2265 1601 nem,
2296 1538 2380 1592 vel
2413 1539 2794 1606 exceptionem
2850 1537 3158 1603 huiusmodi
3204 1537 3487 1591 nominum
3531 1553 3661 1591 com-

2104 1631 2418 1700 probemus.
2447 1629 2501 1682 In
2529 1631 2716 1697 primis
2738 1629 2960 1684 Levitici
2987 1629 3231 1700 partibus
3249 1628 3414 1700 492
3439 1629 3510 1681 ad
3535 1629 3659 1684 solos

2106 1723 2248 1776 ﬁlios
2303 1721 2470 1776 Israel
2534 1721 2707 1776 fertur
2757 1721 3063 1791 ltujusmodi
3119 1721 3251 1774 lex:
3297 1739 3316 1770 ι
3349 1719 3611 1787 Loquere,
3640 1742 3656 1772 ι

2104 1818 2273 1887 inquit
2313 1817 2599 1881 Dominus,
2632 1815 2800 1872 «ﬁliis
2852 1817 3041 1883 Israel,
3095 1826 3151 1871 et
3199 1817 3353 1872 dices
3409 1817 3483 1870 ad
3537 1832 3655 1872 eos:

2103 1909 2274 1963 Homo
2304 1925 2368 1962 ex
2403 1909 2558 1964 vobis
2575 1910 2620 1965 si
2643 1907 2836 1962 offerat
2855 1908 2994 1962 dona
3016 1909 3124 1963 Deo
3150 1923 3213 1962 ex
3233 1907 3526 1977 pecoribus
3555 1908 3618 1974 ",
3637 1927 3653 1959 ι

2101 2011 2154 2054 et
2181 2011 2413 2067 caetera;
2441 2009 2496 2056 et
2527 2003 2722 2056 iterum
2756 2018 2769 2054 :
2813 2019 2830 2050 ι
2858 2000 2922 2054 Ει
2953 2001 3164 2054 loeutus
3191 2009 3277 2054 est
3305 2001 3574 2054 Dominus
3603 2001 3658 2054 ad

2101 2092 2326 2164 Moysen
2383 2094 2614 2149 dicens:
2651 2093 2899 2162 Loquere
2960 2091 3084 2146 ﬁliis
3131 2089 3294 2146 Israel
3330 2111 3344 2144 :
3379 2092 3573 2145 Anima
3620 2091 3658 2145 si

2103 2186 2414 2254 peccaverit
2445 2201 2548 2239 non
2594 2184 2875 2240 voluntate
2907 2183 2973 2246 ⁷⁸,
3001 2201 3022 2235 ι
3064 2194 3117 2237 et
3164 2191 3384 2236 cetera.
3436 2180 3564 2236 [line
3614 2191 3662 2236 et

2101 2274 2408 2342 Imjusmodi
2437 2275 2560 2344 quis
2587 2276 2798 2331 dubitet
2831 2275 2977 2344 quod
3016 2275 3083 2328 ad
3130 2274 3276 2328 solos
3330 2272 3476 2328 ﬁlios
3513 2272 3656 2327 Israel

2101 2368 2464 2424 mandentur?
2495 2367 2613 2422 Alia
2648 2381 2779 2422 vero
2823 2382 2929 2421 non
2967 2367 3134 2436 ipsis,
3179 2366 3272 2421 sed
3320 2367 3508 2420 Aaron
3537 2405 3554 2430 ,
3588 2364 3658 2418 vel

2101 2457 2227 2514 ﬁliis
2255 2459 2392 2526 ejus,
2425 2467 2484 2513 ιιι
2515 2458 2648 2512 dicit
2685 2457 2738 2512 in
2765 2456 3228 2525 consequentibus
3260 2473 3275 2509 :
3314 2473 3334 2507 ι
3365 2455 3427 2509 Ει
3463 2455 3660 2510 locutus

2097 2561 2180 2605 est
2211 2548 2470 2603 Dominus
2496 2549 2564 2602 ad
2597 2546 2818 2619 Moysen
2851 2547 3042 2602 dicens
3074 2563 3089 2601 :
3125 2545 3366 2616 Ptxecipe
3401 2545 3584 2602 Aaron
3613 2555 3662 2602 et

2099 2639 2226 2694 ﬁliis
2247 2639 2364 2708 ejus
2393 2639 2580 2693 dicens
2605 2651 2622 2692 :
2654 2637 2781 2693 IImc
2807 2647 2891 2692 est
2915 2636 3000 2692 lex
3034 2637 3483 2692 holocaustorum
3515 2639 3559 2670 “
3582 2679 3596 2702 ,
3638 2657 3654 2688 ι

2097 2740 2202 2785 etc.
2230 2746 2246 2795 ;
2283 2738 2338 2783 et
2369 2743 2582 2782 rursum
2619 2743 2632 2779 :
2673 2726 2947 2782 «Locutus
2967 2737 3052 2781 cst
3084 2727 3344 2782 Dominus
3373 2727 3440 2781 ad
3456 2726 3660 2799 Moysen

2097 2823 2325 2877 dicens:
2363 2819 2612 2890 Loquere
2648 2820 2827 2875 Aaron
2865 2829 2922 2876 et
2954 2818 3081 2875 ﬁliis
3111 2819 3232 2890 ejus
3269 2819 3458 2876 dicens
3498 2837 3515 2875 :
3549 2819 3661 2874 Ilaec

2095 2925 2181 2970 est
2241 2915 2326 2970 lex
2379 2913 2588 2984 peccati
2625 2911 2724 2967 :In
2776 2911 2896 2968 loco
2943 2927 3052 2982 quo
3091 2911 3463 2982 jugulaverint
3507 2912 3652 2968 bolo.

415 2998 761 3068 alienigenis,
789 3000 842 3056 id
870 3011 976 3069 est,
1007 3005 1098 3074 qui
1136 3005 1360 3060 minime
1403 3023 1468 3062 ex
1513 3008 1786 3062 Abraham
1814 3010 1988 3080 stirpe
2020 3031 2064 3090 ο
2096 3018 2367 3068 caustum,
2403 3005 2476 3060 ibi
2497 3003 2827 3074 jugulabunt
2871 3017 2970 3074 pro
3008 3013 3235 3074 peccato
3279 3003 3333 3057 in
3363 3014 3656 3074 conspectu

414 3089 692 3157 dicuntur,
720 3093 1039 3150 circumcidi
1066 3095 1197 3151 velit
1242 3095 1382 3168 (32),
1428 3100 1714 3155 manifeste
1750 3116 1994 3170 pronun-

425 3181 546 3238 tiat.
598 3185 688 3238 Ait
735 3201 1014 3255 namque:
1053 3187 1421 3244 «Vernaculus
1456 3201 1614 3257 tuus,
1665 3203 1720 3248 et
1763 3197 1992 3262 pecunia

413 3285 628 3342 emptus
660 3276 728 3329 ab
758 3277 1011 3333 omnibus
1034 3278 1159 3333 ﬁliis
1187 3281 1637 3351 alienigenarum,
1669 3285 1759 3352 qui
1780 3300 1886 3339 non
1911 3295 1994 3340 est

410 3381 476 3418 ex
511 3365 718 3421 semine
753 3377 877 3429 tuo,
915 3367 1336 3425 circumcisione
1383 3371 1809 3428 circumcidatur
1855 3374 1921 3430 ⁸⁸.
1966 3394 1986 3427 ›

409 3455 686 3526 Nusquam
716 3457 842 3512 fecit
873 3459 1150 3530 proselyti,
1177 3461 1227 3514 id
1255 3470 1340 3516 est
1361 3461 1606 3526 adveore,
1631 3465 1987 3530 mentionem;

408 3547 503 3602 sed
541 3550 891 3604 vernaculum
923 3565 1162 3615 servum,
1184 3551 1430 3621 profecto
1455 3555 1630 3622 gentis
1659 3555 1989 3621 illius,domi

410 3649 614 3701 natum,
639 3642 720 3694 vel
747 3641 910 3696 etiam
936 3644 1112 3712 pretio
1145 3654 1447 3699 mercatum
1471 3646 1784 3700 circumcidi
1812 3646 1984 3714 jubet;

410 3751 518 3789 non
544 3735 797 3800 liberum,
833 3753 940 3792 non
980 3739 1252 3809 hospitem
1291 3739 1649 3808 constringit,
1684 3756 1788 3794 non
1821 3741 1988 3797 adve-

408 3838 556 3878 nam.
601 3825 1018 3883 Perscrutemur
1073 3845 1220 3884 nunc
1276 3830 1443 3883 etiam
1499 3828 1732 3885 Levitici
1787 3829 1983 3901 legem,

409 3919 863 3985 quomodoetiam
890 3919 1056 3989 Moysi
1085 3920 1365 3990 przecipiat
1393 3921 1533 3978 Deus
1562 3923 1642 3976 “:
1673 3921 1980 3993 «Loquere,

408 4005 621 4074 inquit,
678 4007 804 4060 tiliis
867 4005 1053 4073 Israel,
1111 4019 1167 4064 et
1201 4011 1350 4067 dices
1403 4013 1472 4067 ad
1521 4027 1615 4069 eos
1649 4030 1666 4068 :
1700 4012 1894 4070 Mulier
1939 4015 1983 4070 si

406 4096 709 4165 susceperit
737 4111 924 4150 semen
945 4136 963 4162 ,
993 4107 1047 4153 et
1068 4102 1342 4167 pepererit
1369 4105 1723 4159 masculum.»
1766 4105 1833 4161 Et
1862 4115 1986 4176 post

405 4187 681 4255 aliquanta
711 4205 725 4242 :
760 4185 1022 4254 r0ctava,
1056 4189 1252 4257 inquit,
1277 4193 1366 4247 die
1387 4193 1736 4251 circumcidet
1758 4212 1981 4253 carnem

403 4279 652 4346 przeputii
683 4278 802 4343 eius
833 4279 898 4332 ".
935 4297 955 4331 ι
1009 4279 1224 4336 Intuere
1247 4292 1300 4338 et
1324 4283 1412 4338 hic
1435 4286 1884 4353 quemadmodum
1915 4291 1984 4345 de

2099 3097 2308 3154 Domini
2339 3098 2386 3129 "
2413 3113 2428 3162 ;
2453 3115 2473 3150 ι
2502 3105 2556 3150 et
2582 3097 2781 3150 iterum
2830 3097 2896 3148 ad
2927 3095 3109 3150 Aaron
3137 3113 3152 3150 :
3188 3094 3444 3161 «Vinum,
3477 3097 3657 3167 inquit,

2095 3199 2151 3243 et
2180 3188 2414 3242 siceram
2442 3201 2547 3240 non
2589 3185 2785 3239 bibetis
2835 3194 2891 3238 tu
2929 3193 2986 3238 et
3030 3183 3124 3238 ﬁlii
3175 3185 3250 3238 tui
3293 3194 3511 3249 tecum,
3545 3200 3658 3240 cum

2095 3277 2421 3334 introieritis
2460 3276 2514 3330 in
2581 3274 2990 3330 tabernaculum
3045 3275 3341 3330 testimonii
3386 3277 3501 3330 τ’.»
3552 3275 3659 3331 Alia

2094 3380 2279 3425 autem
2312 3381 2490 3436 neque
2515 3369 2723 3432 Aaron,
2762 3380 2939 3436 neque
2963 3366 3088 3420 ﬁliis
3121 3365 3290 3422 Israel
3318 3368 3658 3433 mandantur,

2093 3465 2190 3522 sed
2215 3462 2528 3519 senioribus
2551 3458 2721 3516 Israel
2750 3461 2853 3515 hoc
2881 3461 3040 3515 modo
3076 3476 3091 3513 :
3125 3457 3436 3530 «Loquere,
3470 3461 3656 3532 inquit,

2092 3559 2158 3612 ad
2180 3556 2422 3612 seniores
2437 3553 2607 3609 Israel
2638 3552 2826 3608 dicens
2853 3569 2866 3606 :
2890 3553 3138 3622 Accipite
3163 3553 3380 3608 hircum
3395 3568 3463 3609 ex
3491 3553 3659 3623 capris

2091 3664 2188 3720 pro
2208 3655 2428 3718 peccato
2451 3645 2520 3709 ",
2551 3663 2572 3699 ι
2606 3653 2714 3698 etc.
2761 3641 3011 3713 Nunquid
3055 3644 3337 3700 dubitatur
3378 3646 3526 3715 quod
3549 3649 3655 3700 haec

2089 3740 2176 3796 lex
2204 3738 2334 3795 solis
2364 3736 2674 3793 senioribus
2709 3735 2940 3791 ﬁliorum
2972 3736 3139 3792 Israel
3169 3736 3524 3807 praecipitur?
3557 3735 3654 3792 Sed

2087 3843 2145 3889 et
2191 3833 2258 3889 de
2313 3831 2528 3887 mundis
2572 3841 2631 3887 et
2683 3830 2980 3886 immundis
3026 3831 3357 3887 animalibus
3411 3832 3657 3904 specialis

2089 3924 2444 3982 nihilominus
2474 3923 2562 3978 lex
2586 3922 2716 3978 ﬁliis
2745 3921 2910 3977 Israel
2932 3921 3048 3977 dari
3071 3921 3304 3976 videtur.
3329 3921 3406 3977 Ita
3426 3935 3654 3992 namque

2086 4020 2350 4089 scripmm
2379 4025 2465 4073 est
2486 4016 2570 4072 ηε
2602 4014 2697 4070 «Et
2723 4013 2938 4070 locutus
2967 4023 3048 4067 est
3075 4012 3335 4068 Dominus
3350 4015 3418 4068 ad
3443 4013 3651 4084 Moysen

2085 4122 2142 4166 et
2179 4111 2364 4166 Aaron
2407 4109 2640 4165 dicens:
2671 4105 2982 4176 Loquimini
3017 4104 3145 4161 ﬁliis
3180 4103 3382 4169 Israel,
3411 4103 3648 4158 dicentes

2085 4203 2153 4258 ad
2186 4217 2281 4259 eos
2311 4218 2325 4255 :
2353 4199 2479 4257 Ilaec
2503 4209 2633 4257 sunt
2655 4199 2916 4255 animalia
2950 4213 3071 4268 qua:
3108 4197 3526 4262 manducabitis,
3549 4215 3569 4249 ο
3599 4203 3652 4248 ct

2084 4293 2314 4363 reliqua.
2345 4291 2438 4348 Sic
2467 4307 2598 4360 ergo
2619 4291 2786 4345 etiam
2813 4291 2880 4346 de
2913 4279 3356 4353 circumcisione,
3379 4287 3463 4344 vel
3487 4287 3538 4342 in
3571 4285 3653 4340 his

404 4372 522 4438 tege
555 4371 990 4428 circumcisionis
1025 4383 1234 4428 tantum
1282 4377 1349 4430 ad
1388 4375 1531 4431 ﬁlios
1560 4375 1724 4433 Israel
1762 4377 1979 4451 Moyses
2009 4383 2056 4440 D
2091 4397 2211 4452 qua:
2239 4381 2307 4436 ad
2341 4381 2616 4436 Abraham
2658 4393 2921 4450 responsa
2955 4387 3084 4434 sunt
3127 4378 3263 4451 (53),
3327 4377 3412 4432 vel
3455 4379 3510 4433 in
3567 4379 3647 4431 bis

403 4463 547 4534 loqui
587 4465 830 4533 jubetur,
867 4472 924 4519 et
961 4463 1394 4535 alienigenarum
1439 4466 1584 4523 nulla
1633 4469 1690 4524 ﬁt
1750 4471 1974 4526 mentio.

401 4555 459 4608 Si
490 4556 634 4608 enim
662 4557 938 4612 credimus
961 4572 1059 4627 per
1085 4557 1326 4612 divinum
1356 4557 1616 4629 Spiritum
1633 4560 1836 4632 scripta
1855 4576 1978 4619 esse

399 4663 521 4716 quae
543 4647 851 4703 inferuntur
885 4649 937 4703 itt
967 4649 1118 4720 lege;
1145 4651 1331 4722 utique
1351 4667 1457 4707 non
1490 4651 1692 4708 frustra
1725 4663 1819 4710 aut
1846 4655 1974 4711 addi

398 4739 602 4809 aliquid
642 4741 938 4810 putandum
983 4751 1088 4803 est,
1142 4751 1237 4797 aut
1263 4741 1413 4798 sileri
1454 4753 1552 4800 :et
1602 4745 1724 4801 ideo
1763 4761 1885 4800 cum
1918 4747 1973 4802 itt

396 4833 720 4900 quibusdam
780 4831 1050 4888 mandatis
1106 4833 1307 4890 dicitur
1345 4850 1359 4888 :
1395 4855 1415 4888 ι
1443 4835 1693 4906 Loquere
1724 4837 1790 4892 ad
1836 4837 1974 4893 ﬁlios

399 4921 580 4986 Israel,
604 4931 658 4975 et
679 4922 827 4976 dices
862 4923 928 4976 ad
964 4937 1058 4978 eos
1081 4923 1148 4990 ⁸⁸,
1177 4942 1197 4978 ι
1237 4925 1288 4980 in
1312 4926 1637 4996 quibusdam
1659 4943 1788 4984 vero
1816 4929 1970 4984 addi-

398 5024 504 5080 tur,
533 5026 588 5069 ut
624 5031 728 5070 non
762 5015 935 5069 solum
972 5016 1094 5070 ﬁliis
1120 5016 1323 5081 Israel,.
1345 5021 1435 5073 sed
1465 5032 1522 5075 et
1562 5021 1874 5091 proselytis,
1915 5021 1968 5075 id

459 5110 506 5142 ⁸³
526 5108 678 5163 Joan.
708 5125 804 5168 vu.
829 5109 919 5171 ἐξ,
957 5110 1048 5163 9.3.
1125 5113 1170 5142 ⁶³
1195 5110 1330 5169 Gen.
1361 5130 1490 5174 xvtt.
1521 5115 1678 5178 9,19...
1755 5117 1803 5148 “
1837 5115 1968 5170 ibitl.

395 5179 438 5211 ⁶⁹
477 5181 642 5236 Exod.
683 5196 798 5241 vm,
830 5180 914 5232 I6.
991 5181 1034 5211 7°
1076 5179 1231 5234 Num.
1285 5199 1358 5245 vt,
1403 5184 1495 5236 9.5.

494 5251 631 5370 ιῖὲιι.
707 5251 752 5282 ⁷⁵
783 5251 910 5306 ibid.
938 5249 1032 5315 24,
1086 5251 1178 5305 23.
1254 5253 1299 5284 "‘
1322 5253 1450 5308 Lev.
1496 5269 1550 5318 κ,
1584 5253 1638 5308 9.

465 5411 575 5476 (5t)
610 5431 627 5462 ι
655 5412 805 5486 Quos
833 5429 1014 5470 sane.»
1050 5414 1180 5470 Mss.
1225 5416 1427 5484 Regius
1470 5433 1524 5470 ιι.
1561 5416 1725 5479 16⁸59.
1770 5433 1789 5467 ι
1822 5417 1966 5486 quod

393 5495 591 5557 sanep
625 5484 805 5557 caeteri
833 5499 958 5536 vero
987 5501 1100 5539 mss
1149 5496 1204 5540 el
1226 5488 1378 5551 editi,
1410 5503 1574 5557 «quos
1593 5502 1747 5551 sane.
1771 5505 1789 5538 ⁵
1825 5484 1970 5555 ‘luotl

396 5550 601 5601 ret-tius
633 5551 870 5606 videtur.

467 5618 578 5690 (52)
613 5635 629 5667 ι
657 5617 1149 5676 Circumcidivclit.
1178 5644 1195 5676 ι
1243 5627 1317 5679 Ita
1357 5627 1484 5680 editi
1516 5636 1565 5680 et
1598 5642 1725 5680 mss.
1760 5627 1964 5695 plures.

2017 5139 2034 5152 ι
2074 5116 2119 5146 ⁸³
2153 5114 2277 5167 Lev.
2330 5128 2425 5173 xu,
2450 5111 2506 5165 2.

1571 5186 1613 5214 τι
1673 5184 1829 5237 Νιιιιι.
1880 5186 2129 5251 χνιιιρἰ.
2206 5182 2450 5238 "Levit.
2494 5181 2614 5247 1,2.
2691 5181 2736 5211 ⁷³
2786 5179 2978 5251 Levii.
3016 5194 3091 5251 tv_,
3133 5179 3184 5251 I,
3235 5179 3290 5233 Ξ.

1735 5255 1777 5286 ⁷⁷
1807 5253 1932 5310 Lev.
1965 5271 2042 5320 Ix,
2079 5255 2134 5309 5.

2085 4492 2207 4548 quae
2233 4475 2288 4530 iu
2340 4471 2582 4528 Levitico
2619 4473 2990 4538 continentur,
3045 4485 3151 4526 non
3190 4470 3333 4525 alius
3370 4470 3644 4539 quisquam

2085 4566 2530 4625 circumcisionis
2583 4567 2698 4637 lege
2751 4564 3167 4635 constringitur,
3221 4562 3327 4618 nisi
3362 4563 3433 4619 sit
3468 4562 3546 4618 vel
3581 4576 3645 4615 ex

2081 4659 2362 4715 Abraham
2387 4658 2651 4726 originem
2687 4655 2932 4720 trahens,
2958 4655 3043 4711 vel
3080 4656 3404 4710 vernaculus
3441 4671 3642 4718 cornu»,

2081 4757 2177 4802 aut
2205 4747 2381 4816 pretio
2406 4755 2642 4815 emptus.
2689 4743 2781 4800 Vis
2825 4753 3006 4798 autem
3046 4746 3272 4808 videre,
3313 4745 3442 4814 quia
3482 4741 3642 4797 sicubi

2081 4837 2195 4891 vult
2219 4837 2384 4891 etiam
2427 4836 2759 4906 alienigenas
2789 4850 2896 4890 una
2921 4834 3223 4904 eademque
3245 4834 3365 4904 lege
3383 4833 3642 4896 conuecti,

2079 4927 2455 4996 signiﬁcanter
2495 4924 2796 4980 ostendat?
2831 4923 2971 4980 Audi
3005 4924 3136 4994 quid
3163 4926 3428 4994 scriptum
3456 4925 3517 4978 sit
3545 4923 3590 4954 "
3623 4939 3638 4974 :

2083 5018 2178 5072 «Et
2209 5017 2422 5071 locutus
2443 5025 2546 5078 est,
2581 5015 2781 5084 inquit,
2815 5013 3079 5070 Dominus
3107 5016 3174 5068 ad
3194 5013 3417 5084 Moysen
3447 5013 3640 5067 dicens:

2615 5110 2665 5141 "
2695 5109 2825 5165 ibid.
2870 5109 2924 5165 5.
3000 5109 3046 5140 “
3069 5107 3231 5164 Num.
3265 5123 3341 5174 vr,
3378 5107 3415 5162 2
3441 5119 3488 5160 et
3513 5106 3632 5184 alib.

2691 5181 2736 5211 ⁷³
2786 5179 2958 5229 Levii.
3016 5194 3091 5229 tv.
3133 5179 3184 5229 I.
3235 5179 3290 5229 2.
3392 5179 3438 5210 "
3473 5178 3632 5229 Lettl.

3511 5191 3632 5228 CIII.

2279 5255 2324 5285 ⁷⁸
2352 5244 2529 5306 Levit.
2568 5267 2646 5316 XI,
2698 5253 2750 5316 I,
2787 5254 2840 5303 2.
2960 5249 3008 5282 τ’
3058 5249 3236 5304 Levit.
3280 5263 3417 5312 xvii,
3477 5249 3520 5310 I,
3573 5244 3630 5308 ξ,

2078 5415 2304 5482 Quidam
2334 5424 2542 5484 tamen,
2574 5427 2881 5484 perperam,
2917 5433 2934 5464 ι
2960 5414 3277 5484 circumcidi
3308 5414 3496 5470 velle.»

2147 5485 2261 5554 (55)
2299 5483 2424 5540 cVeI
2454 5485 2509 5540 in
2541 5481 2629 5540 his
2659 5481 2780 5555 qua:
2796 5485 2861 5555 ad
2882 5481 3155 5539 Abraham
3172 5500 3227 5539 re
3256 5500 3421 5555 pensa
3439 5487 3570 5539 sunt.
3597 5497 3618 5530 ι

2079 5554 2203 5610 IIa'c
2241 5553 2436 5612 desunt
2464 5556 2516 5609 itt
2545 5553 2781 5610 editione
2801 5553 3162 5610 Genebrardt.
