3936 6196
186 356 326 414 903

1169 356 1525 413 COMMEN'I‘.
1568 355 1636 412 IN
1672 352 1895 412 EPIST.
1941 355 2032 410 AD
2074 355 2241 412 80M.
2281 354 2408 408 LIB.
2446 354 2512 407 II.

3369 357 3476 411 906

173 471 454 543 Loquere
485 472 549 528 ad
591 471 795 536 Aaron,
832 480 885 525 et
910 472 977 526 ad
1010 470 1148 525 filios
1185 472 1304 538 ejus
1328 511 1342 534 .
1398 482 1453 525 et
1489 473 1555 526 ad
1601 483 1792 525 omnes
1824 471 1868 528 Α
1901 466 2064 523 faciat
2095 470 2271 537 jubet,
2308 472 2402 525 sed
2455 470 2498 523 si
2554 468 2692 524 forte
2742 468 2963 534 fecerit,
2996 470 3266 537 quomodo
3298 470 3477 525 facere

176 564 348 620 filios
374 565 570 627 Israel,
597 574 648 619 et
681 565 833 619 dices
859 564 925 617 ad
953 580 1047 620 cos
1082 583 1096 617 :
1139 563 1310 618 Ilomo
1340 580 1406 618 ex
1444 565 1569 619 filiis
1606 563 1788 629 Israel,

178 656 291 710 vel
344 673 410 711 ex
458 658 682 712 advenis
731 656 821 726 qui
885 656 1093 710 fuerint
1148 659 1199 711 in
1252 659 1439 720 vobis,
1481 657 1791 726 quicunque

178 750 619 803 manducaverit
654 764 870 804 onmem
905 750 1251 819 sanguinem,
1282 758 1515 803 statuam
1547 735 1824 802 animam‘

179 857 386 895 meam
425 857 588 911 super
619 843 863 896 animam
892 844 1038 897 illan)
1068 858 1188 911 qua:
1217 842 1628 897 manducaverit
1661 858 1789 897 san~

176 932 449 999 guinem,
497 942 552 986 et
585 934 895 1003 disperdam
946 949 1065 988 eam
1119 934 1187 989 de
1240 934 1436 1003 popqu
1488 950 1608 998 suo,
1658 935 1786 1004 quia

176 1025 389 1078 anima
416 1027 594 1081 omnis
621 1028 804 1082 carnis
839 1028 1062 1098 sanguis
1104 1027 1246 1081 illius
1278 1040 1361 1082 est
1393 1047 1405 1081 :
1439 1038 1487 1082 et
1524 1043 1622 1098 ego
1665 1029 1785 1083 dedi

175 1118 363 1173 vobis
386 1119 559 1182 illum,
594 1128 651 1174 ut
683 1135 749 1175 ex
784 1121 903 1188 ipso
928 1136 1092 1191 supra
1127 1122 1302 1175 altare
1337 1121 1662 1190 pr0pitietur
1689 1136 1786 1189 pro

177 1210 490 1265 animabus
524 1212 739 1276 vestris,
776 1212 903 1281 quia
936 1214 1161 1283 sanguis
1180 1228 1280 1283 pro
1313 1213 1492 1267 anima
1522 1214 1783 1282 expiabit.

176 1300 497 1373 Propterea
530 1306 638 1359 dixi
682 1306 809 1360 filiis
839 1305 1002 1361 Israel
1030 1321 1044 1359 :
1074 1305 1265 1361 Omnis
1310 1307 1490 1359 anima
1531 1323 1598 1360 ex
1633 1307 1785 1362 vobis

160 1396 312 1449 ‘ston
346 1396 697 1451 manducabit
719 1397 1039 1467 sanguinem
1067 1438 1082 1463 ,
1140 1407 1196 1451 et
1222 1399 1433 1453 advena
1471 1399 1785 1468 quicunque

181 1484 367 1540 fuerit
398 1487 450 1541 in
486 1489 637 1542 vobis
668 1504 773 1542 non
798 1488 1513 1560 manducabitsanguinem.
1550 1509 1570 1543 ι
1620 1489 1784 1547 Vides

178 1593 335 1649 ergo
386 1582 525 1635 hanc
566 1583 633 1637 de
679 1585 1064 1639 observatione
1097 1586 1380 1655 sanguinis
1421 1585 1625 1655 legem,
1666 1600 1787 1655 quae

180 1673 567 1728 communiter
595 1684 647 1728 et
682 1675 812 1730 filiis
856 1674 1059 1738 Israel,
1112 1685 1168 1730 et
1227 1676 1454 1729 advenis
1494 1678 1618 1730 data
1676 1684 1781 1739 est,

178 1763 480 1818 observari
504 1766 668 1819 etiam
699 1781 729 1819 λ
760 1767 921 1821 nobis
953 1767 1042 1835 qui
1077 1782 1145 1820 ex
1196 1767 1446 1836 gentibus
1473 1781 1569 1833 per
1596 1765 1781 1819 .Iesum

182 1852 490 1909 Christum
538 1855 816 1910 credimus
869 1857 1000 1910 Deo.
1049 1855 1156 1909 Nos
1196 1856 1340 1909 enim
1390 1855 1693 1924 proselytos
1728 1864 1782 1907 et

184 1945 446 1999 advenas
466 1945 751 2014 Scriptura
772 1947 1058 2001 nominare
1082 1947 1385 2011 consuevit,
1413 1962 1536 2002 cum
1559 1947 1688 2001 dicit
1709 1947 1775 2000 ⁸ος

188 2037 461 2091 «Αόιοθηιι
505 2038 594 2105 qui
618 2046 705 2093 est
730 2038 841 2107 (5t)
871 2038 925 2092 in
962 2047 1011 2091 te
1032 2079 1046 2103 ,
1100 2042 1361 2094 ascendet
1385 2053 1548 2108 super
1578 2047 1627 2093 te
1658 2054 1781 2092 sur-

184 2144 362 2195 sum;
410 2138 463 2182 tu
505 2137 689 2183 autem
723 2130 1025 2185 descendes
1083 2131 1360 2185 deorsum.
1396 2131 1514 2200 Ipse
1548 2131 1654 2185 erit
1684 2131 1780 2185 tibi

181 2230 403 2289 caput;
437 2229 490 2274 tu
530 2229 711 2275 autent
744 2223 855 2276 eris
875 2220 996 2289 ejus
1022 2223 1219 2276 cauda.
1245 2240 1265 2274 ι
1302 2220 1426 2275 Ideo
1450 2235 1580 2289 ergo
1611 2222 1779 2290 legem

186 2311 271 2364 de
319 2312 704 2368 observatione
741 2315 1029 2384 sanguinis
1080 2329 1429 2369 communem
1478 2330 1600 2367 cum
1660 2315 1782 2369 filiis

188 2401 370 2455 Israel
397 2403 564 2457 etiam
590 2405 833 2472 gentium
866 2407 1109 2474 suscepit
1147 2405 1407 2459 Ecclesia.
1458 2404 1583 2459 llaec
1625 2420 1781 2457 nant-

189 2507 310 2561 que
333 2493 405 2547 ita
432 2492 542 2564 (55)
572 2494 884 2565 intelligens
915 2497 969 2550 in
1002 2496 1120 2567 lege
1150 2496 1373 2565 scripta,
1409 2506 1532 2550 tunc
1561 2496 1781 2550 beatum

189 2582 337 2637 illud
367 2585 742 2653 apostolorum
790 2587 1083 2641 concilium
1128 2588 1496 2651 decernebat,
1532 2588 1781 2657 dogmata

187 2682 257 2729 et
286 2678 503 2730 decreta
521 2678 778 2745 gentibus
814 2680 1092 2745 scribens,
1122 2691 1182 2734 ut
1214 2682 1553 2737 abstinerent
1584 2697 1644 2736 se
1671 2697 1779 2737 non

186 2765 374 2819 solum
430 2767 619 2823 abhis
669 2784 791 2839 qua:
852 2771 1011 2825 idolis
1047 2773 1418 2838 immolantur,
1472 2783 1527 2828 et
1577 2787 1605 2826 a
1663 2772 1780 2827 for-

191 2857 501 2923 nicatione,
534 2859 629 2913 sed
667 2876 695 2913 a
742 2862 1009 2930 sanguine
1047 2874 1103 2918 et
1131 2879 1160 2917 a
1191 2862 1451 2919 sufl'ocato
1481 2865 1545 2919 ³¹.
1579 2865 1778 2921 Verum

185 2947 432 3004 fortasse
468 2951 715 3018 requires
744 2991 759 3016 ,
809 2954 853 3006 si
904 2962 962 3006 ut
1013 2956 1078 3009 de
1115 2957 1397 3026 sanguinis
1430 2958 1777 3014 observantia

184 3038 415 3104 claruit,
480 3041 552 3094 ita
624 3042 788 3095 etiam
848 3043 912 3098 de
965 3044 1229 3101 suﬂ‘ocato
1262 3048 1543 3113 doceatur,
1594 3059 1776 3104 utrum

174 3135 506 3188 communis
547 3134 672 3190 filiis
714 3135 877 3191 Israel
929 3153 1053 3193 cum
1106 3139 1332 3194 advenis
1367 3141 1492 3195 data
1543 3142 1615 3196 sit
1661 3143 1772 3208 lex,

184 3224 323 3292 quia
373 3226 537 3278 etiam
578 3226 643 3281 de
676 3226 778 3280 hoc
816 3228 1107 3284 observare
1154 3239 1346 3301 gentes
1401 3232 1772 3302 apostolorum

178 3324 402 3368 statuta
434 3315 753 3372 decernunt.
806 3320 947 3374 Audi
998 3335 1159 3389 quam
1208 3324 1567 3379 observanter
1608 3327 1774 3380 etiam

176 3420 359 3474 super
387 3409 486 3463 hoc
530 3410 583 3462 in
637 3408 730 3465 Dei
786 3410 993 3480 legibus
1026 3422 1247 3467 cautum
1280 3415 1352 3469 sit
1391 3416 1437 3447 ⁸³
1470 3434 1484 3469 :
1530 3435 1547 3467 ι
1576 3417 1773 3483 Ilomo,

180 3496 380 3565 homo,
424 3500 622 3571 inquit,
652 3518 717 3557 ex
753 3502 875 3557 filiis
918 3505 1128 3570 Israel,
1176 3517 1231 3561 et
1287 3522 1352 3562 ex
1411 3510 1638 3564 advenis
1680 3511 1772 3578 qui

180 3601 318 3646 sunt
352 3594 403 3646 in
430 3595 604 3661 vobis,
655 3610 963 3667 quicunque
990 3610 1222 3654 venatus
1263 3601 1426 3655 fuerit
1460 3602 1655 3669 ferant,
1682 3611 1773 3656 aut

185 3698 371 3748 avem,
403 3700 525 3753 quae
554 3685 972 3753 manducantur,
996 3689 1239 3744 effundat
1263 3689 1580 3759 sanguinem
1626 3692 1769 3757 ejus,

184 3784 241 3827 et
279 3776 560 3843 cooperiat
592 3786 734 3831 terra
757 3817 771 3842 ,
811 3780 938 3846 quia
983 3782 1166 3835 anima
1208 3782 1389 3836 omnis
1423 3782 1607 3836 carnis
1639 3797 1767 3835 san-

184 3866 312 3933 guis
364 3867 533 3936 ipsius
591 3877 742 3923 est.»
816 3870 947 3924 Vide
1001 3884 1133 3942 ergo
1195 3886 1360 3941 quam
1417 3872 1772 3927 observanter

185 3954 470 4024 legislator
516 3957 568 4011 in
611 3973 719 4026 quo
759 3961 1076 4013 mandatum
1128 3976 1413 4016 commune
1470 3963 1580 4015 vult
1627 3978 1768 4027 esse,

184 4044 470 4116 conjungit
499 4048 731 4103 advenas
760 4049 882 4103 filiis
909 4050 1113 4104 Israel:
1142 4051 1197 4105 in
1226 4066 1331 4121 quo
1354 4068 1481 4108 vero
1512 4053 1770 4123 specialia

185 4139 287 4191 dat
324 4148 590 4208 prmeepta
620 4179 635 4204 ,
695 4156 724 4194 ιι
777 4142 980 4210 quibus
1011 4159 1072 4196 ea
1104 4144 1234 4197 velit
1269 4145 1547 4199 observari
1574 4146 1767 4199 distin-

184 4231 328 4300 guit.
382 4229 579 4285 Verum
616 4233 873 4299 quoniam
924 4234 1067 4288 inter
1122 4234 1210 4287 illa
1244 4250 1367 4304 qua:
1413 4236 1478 4291 de
1525 4234 1769 4291 Levitico

185 4324 441 4392 superius
468 4324 814 4393 protulimus,
838 4326 1002 4379 etiam
1027 4326 1126 4380 hoc
1148 4327 1408 4396 scriptum
1431 4326 1665 4381 refertur
1686 4328 1763 4381 “3:

189 4432 210 4465 ι
243 4412 440 4477 Homo,
467 4414 629 4469 homo
663 4430 728 4469 ex
764 4416 890 4469 filiis
932 4414 1130 4479 Israel,
1175 4416 1259 4469 vel
1300 4430 1370 4470 ex
1411 4417 1638 4471 advenis
1671 4417 1761 4486 qui

1896 560 2091 613 debeat
2121 561 2299 615 docet.
2333 559 2552 616 Certum
2586 570 2666 614 est
2697 560 2862 624 enim,
2896 574 2994 613 nec
3018 560 3251 614 dubitari
3278 571 3473 631 potest.

1892 652 2033 718 quod
2071 653 2195 703 dum
2231 651 2581 722 .Ierosolymis
2606 654 2873 720 templum
2902 661 3201 715 constaret,
3243 664 3299 707 et
3348 657 3475 709 re'i-

1892 743 1979 811 gio
2062 743 2310 811 patribus
2377 745 2573 796 tradita
2664 745 2921 813 vigeret,
3010 744 3227 812 plurimi
3308 748 3473 800 etiam

1891 833 2134 899 gentium
2179 834 2469 886 veniebant
2532 833 2780 896 adorare,
2819 842 2875 886 et
2926 832 3122 887 oli‘erre
3175 836 3471 888 sacriliria.

1891 924 1995 976 Sed
2078 927 2177 977 hoc
2254 925 2511 992 quoniam
2590 925 2643 977 in
2710 925 2829 977 loco
2911 939 3019 978 uno
3097 930 3472 979 tanttmmtodu

1891 1016 2003 1068 fieri
2051 1028 2379 1085 praeceptum
2414 1028 2518 1083 est,
2576 1018 2641 1071 de
2688 1032 2796 1086 quo
2824 1019 2988 1071 etiam
3016 1020 3104 1073 hic
3160 1022 3383 1074 mandat
3415 1032 3474 1073 ttt

1888 1108 1955 1161 ad
2007 1109 2207 1162 ostium
2260 1110 2593 1166 tabernaculi
2646 1110 2947 1179 jugulanda
3005 1111 3225 1165 victima
3299 1115 3467 1168 dedu«

1888 1210 2042 1251 catur
2082 1197 2218 1270 (37),
2252 1202 2461 1261 tamdiu
2512 1202 2689 1269 potuit
2731 1200 2973 1271 legitime
3028 1202 3177 1266 fieri,
3227 1206 3467 1272 qttandiu

1887 1299 2061 1343 status
2106 1290 2207 1344 loci
2242 1293 2540 1358 permansit
2582 1293 2888 1348 incolumis.
2940 1292 3181 1363 Denique
3234 1305 3290 1349 et
3345 1296 3468 1367 Sal-

1889 1392 2045 1435 vator
2074 1382 2236 1454 493
2268 1384 2334 1438 ad
2377 1385 2498 1439 illos
2533 1386 2718 1439 decem
2771 1386 3019 1454 leprosos
3055 1402 3190 1456 quos
3232 1391 3460 1441 munda-

1894 1483 2086 1527 verat:
2122 1493 2141 1524 ι
2169 1473 2266 1539 Ite,
2310 1475 2518 1543 inquit,
2573 1483 2628 1527 et
2680 1475 2954 1529 ostendite
3001 1492 3097 1531 vos
3152 1479 3465 1535 sacerdoti:

1886 1576 1941 1620 et
1969 1566 2164 1621 oll‘erte
2203 1582 2298 1637 pro
2342 1568 2494 1622 vobis
2541 1568 2769 1632 hostias,
2813 1568 2961 1622 sicut
3008 1574 3265 1638 praecepit
3316 1573 3467 1644 Moy-

1888 1673 1975 1712 Ses
1993 1657 2073 1723 M;
2104 1678 2123 1709 ι
2163 1674 2227 1712 ex
2269 1659 2467 1726 quibus
2498 1674 2620 1712 cum
2667 1674 2804 1712 unus
2848 1674 3131 1728 regressus
3170 1662 3362 1718 fuisset
3396 1667 3465 1717 ad

1890 1746 2231 1801 Salvatorem
2266 1747 2473 1816 gratias
2526 1764 2715 1816 agens,
2766 1751 2841 1802 ait
2885 1750 3187 1805 Dominus:
3228 1771 3246 1805 ι
3278 1754 3467 1810 Nonne

1816 1822 1859 1874 Β
1890 1837 2075 1891 decem
2108 1838 2321 1908 purgati
2363 1838 2528 1892 sunt?
2562 1838 2663 1893 Ubi
2712 1851 2838 1895 sunt
2873 1842 2944 1895 illi
2983 1845 3215 1898 novem?
3241 1845 3354 1900 Non
3383 1860 3468 1900 est

1886 1929 2137 1983 inventus
2176 1930 2267 1998 qui
2315 1930 2545 1994 rediret,
2599 1942 2654 1986 et
2714 1932 2920 2000 gratias
2973 1944 3160 2003 ageret
3193 1935 3320 1998 Deo,
3362 1939 3466 1992 nisi

1884 2020 1974 2075 hic
2002 2021 2304 2088 alienigena
2325 2022 2393 2074 ⁸³.
2425 2041 2443 2074 ι
2484 2023 2559 2076 Ita
2587 2038 2718 2093 ergo
2747 2035 3035 2080 constante
3080 2028 3263 2097 templi
3291 2037 3459 2093 statu,

1883 2115 2054 2168 etiam
2098 2114 2422 2183 alienigenis
2474 2114 2738 2171 oll'erendi
2779 2117 3045 2172 sacrificia
3099 2120 3267 2176 moris
3308 2122 3408 2177 fuit
3444 2144 3459 2179 :

1885 2221 2033 2259 nunc
2075 2220 2202 2259 vero
2241 2206 2368 2274 quid
2397 2209 2709 2275 exposcitur
2743 2207 2811 2262 ab
2854 2210 3099 2274 advenis,
3127 2213 3270 2280 quod
3301 2216 3459 2269 exhi-

1882 2295 2013 2349 bere
2042 2311 2111 2350 ne
2149 2296 2384 2366 propriis
2419 2297 2636 2365 quidem
2665 2299 2965 2354 cultoribus
3006 2302 3175 2356 licet?
3202 2302 3329 2359 ll;cc
3360 2322 3460 2359 au-

1886 2395 1993 2441 tem
2044 2389 2227 2442 omnia
2276 2389 2420 2443 dicta
2467 2399 2594 2445 sunt
2641 2407 2669 2444 a
2722 2392 2901 2457 nobis,
2946 2403 3005 2447 ut
3047 2397 3465 2454 ostenderemus

1883 2487 2086 2545 quanta
2138 2478 2210 2533 sit
2261 2481 2311 2532 in
2343 2479 2463 2549 lege
2492 2482 2767 2535 distinctio
2800 2485 3207 2551 mandatorum,
3236 2498 3291 2542 et
3319 2502 3461 2556 pra:-

1884 2567 2041 2637 cipue
2084 2579 2141 2624 ut
2188 2571 2256 2625 de
2309 2571 2748 2626 circumcisionis
2807 2584 3078 2643 praecepto
3110 2577 3459 2644 doceremus,

1883 2661 2027 2727 quod
2069 2676 2177 2715 non
2216 2662 2336 2716 aliis
2379 2680 2544 2733 quam
2596 2665 2681 2720 his
2725 2667 2815 2734 qui
2858 2682 2924 2720 ex
2965 2668 3243 2725 Abraham
3282 2688 3454 2742 genus

1882 2750 2108 2817 ducunt,
2153 2756 2574 2825 vernaculisque
2637 2770 2847 2822 eorum,
2891 2759 2972 2813 vel
3032 2762 3207 2830 pretio
3257 2767 3458 2831 emptis

1878 2855 2025 2900 esset
2053 2846 2353 2915 iujunctum
2392 2868 2405 2902 :
2435 2850 2637 2905 liberos
2664 2865 2790 2904 vero
2818 2866 2939 2907 esse
2964 2853 3032 2908 ab
3069 2854 3451 2922 hujuscemodi

1879 2937 2087 3006 legibus
2117 2954 2231 3007 eos,
2256 2941 2348 3008 qui
2380 2957 2475 3010 per
2501 2941 2777 2997 Christum
2813 2944 2921 2999 Deo
2960 2960 3024 3000 ex
3054 2949 3306 3015 gentibus
3333 2964 3455 3005 cre-

1878 3033 2031 3086 dunt.
2082 3031 2211 3098 Qua:
2267 3042 2444 3086 tamen
2502 3034 2709 3089 ideirco
2770 3037 2990 3091 interim
3046 3040 3252 3109 absque
3287 3040 3452 3096 ullius

1878 3122 2150 3191 allegorice
2185 3125 2489 3192 adiectione
2532 3127 2917 3193 diseussimus,
2946 3144 3012 3184 ne
3036 3146 3165 3199 qua,
3204 3146 3261 3188 ut
3293 3135 3453 3201 solet,

1801 3190 1848 3252 (ἶ
1878 3215 1964 3273 his
1998 3218 2090 3286 qui
2132 3229 2260 3273 sunt
2300 3234 2369 3274 ex
2403 3220 2845 3288 circumcisione,
2877 3223 3225 3294 obstrependi
3260 3232 3457 3283 adver-

1878 3323 1997 3363 sum
2043 3310 2330 3364 veritatem
2377 3312 2640 3367 resideret
2686 3314 2927 3370 occasio.
2965 3312 3071 3370 Sed
3104 3317 3282 3373 adhuc
3320 3322 3458 3376 vali-

1877 3400 2003 3453 dum
2045 3401 2335 3456 adversum
2365 3419 2465 3458 nos
2494 3404 2672 3458 levare
2708 3413 2969 3473 poterunt
3010 3407 3195 3475 telum,
3242 3413 3450 3467 coulir-

1878 3503 2088 3549 mantes
2126 3497 2290 3551 etiam
2341 3498 2644 3568 prosclytos
2684 3514 2781 3567 per
2814 3499 2989 3568 legem
3035 3503 3441 3561 circumeisiom

1874 3587 2137 3643 obnoxios
2172 3590 2309 3653 fieri,
2346 3606 2412 3645 ex
2459 3593 2544 3646 bis
2589 3608 2711 3660 quae
2745 3594 2799 3647 in
2845 3586 3032 3647 Exodo
3074 3597 3277 3664 scripta
3318 3614 3447 3651 Sllltt

1878 3677 1981 3731 hoc
2019 3679 2176 3734 modo
2206 3700 2217 3734 :
2255 3699 2273 3731 ι
2297 3680 2352 3734 Si
2386 3697 2514 3736 vero
2547 3681 2677 3751 quis
2710 3684 3009 3737 accesserit
3039 3685 3103 3738 ad
3136 3700 3229 3740 vos
3264 3701 3453 3755 prose~

1878 3768 2052 3838 lytus,
2097 3781 2151 3824 et
2194 3769 2387 3826 fecerit
2431 3772 2637 3828 Pascha
2695 3772 2945 3838 Domino,
2997 3776 3359 3834 circumcides
3402 3780 3452 3835 ei

1877 3875 2037 3914 omne
2083 3860 2466 3928 masculinum,
2497 3872 2552 3916 et
2588 3871 2714 3915 tunc
2744 3863 2973 3918 accedet
3013 3864 3196 3922 facere
3222 3868 3373 3936 illud,
3399 3881 3454 3922 et

1875 3950 1986 4005 erit
2022 3951 2167 4006 sicut
2212 3951 2490 4019 indigena.
2520 3952 2709 4008 Omnis
2738 3955 3157 4012 incircumcisus
3188 3974 3291 4013 non
3328 3962 3452 4015 edet

1874 4059 1943 4098 ex
1975 4059 2061 4099 co.
2091 4043 2199 4099 Lex
2238 4060 2339 4097 una
2374 4047 2479 4100 erit
2518 4046 2783 4115 indigenae
2824 4055 2879 4099 et
2923 4046 3143 4102 advena:
3169 4052 3258 4119 qui
3288 4053 3450 4106 adveo

1876 4136 2016 4189 nerit
2068 4136 2135 4189 ad
2184 4150 2277 4190 vos
2301 4135 2368 4189 ⁸⁸.
2399 4154 2418 4187 ι
2456 4137 2586 4202 Qua:
2639 4138 2891 4206 quamvis
2941 4148 3132 4208 arguta
3201 4143 3450 4197 videatur

1873 4225 2129 4293 objectio,
2166 4238 2342 4282 tamen
2377 4230 2692 4284 admiranda
2723 4229 3057 4300 legislatoris
3083 4232 3287 4303 ubique
3317 4249 3447 4289 cau-

1876 4322 1979 4375 tela
2028 4322 2320 4376 succurrit.
2371 4322 2667 4380 Cousidera
2712 4325 2859 4379 enim
2911 4328 3055 4394 quod
3104 4335 3159 4381 et
3199 4328 3287 4382 hic
3340 4342 3444 4382 ιιοιι

1875 4410 2029 4473 dixit,
2076 4411 2200 4479 quia
2248 4412 2457 4467 advena
2506 4414 2597 4481 qui
2639 4414 2849 4468 venerit
2894 4415 2960 4468 ad
2999 4429 3115 4477 vos,
3148 4414 3314 4470 faciat
3346 4415 3447 4469 Pa-

184 4516 317 4559 suut
366 4504 418 4558 in
464 4506 585 4570 eis,
637 4506 947 4574 quicunque
998 4507 1193 4560 fecerit
1244 4506 1617 4562 holocaustum
1670 4516 1763 4561 aut

1880 4503 2003 4555 scha
2034 4502 2287 4567 Domino,
2318 4512 2373 4557 et
2399 4504 2824 4559 circumcidatur
2859 4520 2873 4568 ;
2903 4504 2994 4559 sed
3024 4503 3447 4560 observantissi-

185 4596 517 4650 sacrificium
550 4636 567 4661 ,
615 4606 671 4651 et
703 4598 768 4651 ad
813 4598 1014 4653 ostium
1079 4598 1411 4653 tabernaculi
1466 4599 1762 4653 testimonii

186 4702 296 4741 non
334 4686 622 4742 adduxerit
655 4688 837 4743 facere
873 4689 1002 4742 illud
1029 4689 1277 4751 Domino,
1304 4689 1763 4744 exterminabitur

187 4781 351 4834 homo
380 4780 467 4835 ille
488 4781 551 4833 de
570 4781 764 4849 populo
788 4796 890 4839 suo
919 4798 932 4833 :
963 4800 980 4832 ι
1007 4791 1060 4835 et
1087 4797 1181 4849 per
1217 4782 1319 4837 hoc
1353 4781 1566 4839 videtur
1591 4783 1753 4835 etiam

188 4872 412 4926 advena:
470 4884 524 4926 et
576 4873 643 4928 de
694 4872 984 4926 sacriliciis
1035 4871 1269 4942 iujungi,
1320 4880 1374 4926 et
1409 4871 1649 4926 Ecclesia
1689 4888 1753 4927 ex

189 4965 439 5032 gentibus
465 4962 756 5019 olferendis
786 4962 1118 5018 holocaustis
1166 4962 1279 5033 (56)
1318 4962 1554 5017 obnoxia
1594 4964 1709 5018 lteri
1739 4981 1754 5017 :

188 5059 351 5110 etiam
413 5058 524 5110 haec
580 5056 893 5126 diligentius
945 5056 1132 5118 verba,
1188 5066 1241 5109 et
1290 5053 1533 5123 syllabae,
1592 5063 1650 5109 ut
1685 5055 1757 5109 ita

191 5148 382 5213 diram,
407 5147 757 5201 observanda:
791 5156 917 5201 sunt
942 5144 1094 5214 legis.
1123 5144 1212 5198 Ait
1240 5145 1406 5207 enim,
1437 5144 1481 5198 si
1516 5162 1532 5194 ι
1563 5144 1760 5200 fecerit

191 5235 557 5290 holocaustmn
595 5238 678 5291 vel
732 5238 1132 5302 sacrificium,»
1196 5247 1253 5291 ut
1312 5237 1566 5291 adhibeat
1624 5238 1751 5294 illud

197 5347 212 5377 ι
248 5330 310 5380 ad
353 5331 550 5384 οειίιιιιι
598 5332 929 5386 tabernaculi
987 5331 1344 5385 testimonii.»
1396 5330 1504 5384 Lex
1546 5346 1649 5384 non
1695 5340 1752 5384 ιιι

276 5421 321 5453 ⁸⁸
354 5422 506 5476 Deut.
548 5438 743 5484 xxvttt,
774 5424 863 5488 43,
885 5424 977 5479 4i.
1045 5423 1088 5455 ⁸¹
1124 5422 1242 5477 Act.
1274 5440 1363 5483 xv,
1388 5423 1478 5477 20.

193 5489 315 5543 Luc.
345 5506 477 5555 xvu,
507 5492 702 5557 l7,18.
777 5493 823 5523 ⁸⁸
848 5493 1018 5548 Exod.
1054 5510 1149 5558 xu,
1188 5493 1278 5555 48,
1310 5494 1399 5546 49.

256 5587 364 5655 (54)
394 5586 499 5651 Qui
538 5597 635 5644 est.
670 5588 837 5652 Edili,
873 5606 893 5639 ι
926 5589 1167 5657 quidem.
1199 5606 1218 5639 ι

256 5658 366 5725 (55)
400 5658 507 5713 Ιια.
539 5657 594 5710 In
625 5659 861 5712 editione
896 5658 1235 5713 Genebrardi
1272 5657 1563 5711 omittitur.

188 5746 191 5747 ν
258 5724 367 5795 (36)
399 5726 759 5781 Holocaustis.
796 5727 952 5782 Deest
982 5728 1032 5780 in
1059 5729 1296 5782 editione
1322 5724 1680 5782 Gencbrardi.

262 5794 368 5865 (57)
393 5795 716 5851 Declaratur.
756 5797 809 5849 In
844 5797 1081 5850 editione
1112 5797 1473 5861 Geneltrardi,
1520 5811 1537 5844 ι
1561 5795 1741 5847 decla-

499 5891 771 5950 Ps'raox.
804 5889 920 5950 Ca.
952 5890 1116 5950 XIV.

1554 5425 1599 5456 ⁸⁸
1637 5423 1807 5478 Levit.
1842 5436 1974 5486 xvtt,
2020 5420 2101 5480 l5,
2159 5416 2242 5469 14.

1867 5716 1987 5772 loco
2028 5732 2187 5785 quem
2228 5716 2389 5783 elegit
2428 5717 2689 5773 Dominus
2718 5720 2878 5783 Deus,
2926 5716 3113 5781 idest,

1856 5790 1981 5854 mis,
2009 5786 2394 5841 celebrandum
2429 5796 2527 5843 est.
2568 5805 2587 5838 ι

1870 4609 1955 4645 ma
2004 4594 2374 4648 moderatione
2426 4593 2673 4648 decernit
2727 4594 2953 4649 dicens:
2988 4596 3086 4649 «Si
3147 4599 3442 4651 accesserit

1862 4683 1935 4739 ad
1968 4698 2084 4747 vos,
2121 4693 2174 4737 et
2208 4683 2397 4738 fecerit
2446 4683 2676 4739 Pascha.
2710 4702 2728 4735 ι
2766 4682 2878 4739 Nec
2912 4686 3146 4741 dubitari
3191 4688 3332 4742 enim
3374 4693 3440 4742 de

1867 4778 1969 4830 hoc
1994 4785 2193 4844 potest,
2220 4777 2359 4844 quod
2388 4776 2435 4830 si
2474 4777 2597 4843 quis
2620 4791 2741 4830 cum
2786 4776 2990 4833 Iudaeis
3018 4777 3300 4834 Iudaicum
3333 4779 3403 4833 Pa
3423 4811 3437 4817 -

1861 4870 1994 4921 scha
2045 4865 2254 4933 fecerit,
2287 4874 2341 4922 et
2384 4866 2708 4922 circumcidi
2752 4867 2950 4923 debeat
2981 4886 2999 4925 :
3027 4885 3191 4924 unum
3224 4870 3326 4925 hoc
3357 4872 3438 4924 Il.-

1863 4958 2042 5021 terim,
2072 4973 2179 5027 quo
2229 4958 2587 5013 retundantur
2612 4960 3067 5027 contradicentes,
3103 4960 3435 5032 legislatoris

1866 5049 2074 5104 cautela
2130 5048 2430 5119 prospexit.
2473 5048 2567 5105 Est
2599 5059 2653 5104 et
2689 5051 2817 5106 illud
2866 5063 3124 5121 prseterea
3172 5054 3239 5107 ad
3285 5057 3427 5121 quod

1866 5141 2062 5196 mutire
2117 5157 2221 5197 nou
2282 5150 2557 5211 poterunt.
2599 5140 2805 5197 Pascha
2861 5144 3005 5212 quod
3034 5143 3121 5200 lex
3154 5144 3268 5198 fieri
3299 5159 3434 5212 pra:-

1863 5232 2012 5300 cipit,
2052 5232 2104 5284 in
2150 5231 2267 5285 loco
2318 5232 2412 5286 illo
2445 5231 2560 5287 ﬁeri
2593 5230 2749 5299 jubet
2773 5247 2933 5299 quem
2982 5232 3146 5301 elegit
3174 5231 3429 5285 Dentium

1862 5326 2021 5383 Deus,
2052 5325 2102 5376 id
2134 5333 2216 5378 est
2270 5321 2624 5393 Jerosolyntis
2657 5321 2792 5393 (58).
2834 5322 2889 5374 In
2922 5322 3014 5373 illo
3050 5323 3251 5377 etenim
3292 5332 3424 5375 tem-

2322 5415 2367 5446 ⁸³
2401 5414 2529 5469 ibid.
2563 5414 2616 5480 8,
2648 5416 2701 5468 9.
2792 5413 3048 5469 “Matth.
3088 5430 3206 5483 Vttt,
3259 5414 3312 5469 Δ.
3388 5414 3428 5443 ⁸⁵

1865 5590 2034 5637 ratur,
2068 5596 2084 5626 ι
2123 5577 2281 5629 male.

1935 5648 2047 5719 (58)
2082 5647 2240 5711 Editi,
2286 5664 2302 5696 ι
2334 5645 2536 5727 Pascha
2562 5648 2705 5729 quod
2739 5648 2817 5701 lex
2846 5646 2957 5728 fieri
2992 5647 3232 5768 prtecipit
3259 5647 3309 5700 iu
3337 5648 3428 5701 illo

1935 5736 1987 5768 :0
2028 5732 2187 5768 ouem
2228 5716 2389 5768 eleutt
2428 5717 2689 5768 Dominus
2718 5720 2878 5768 Deus.
2926 5722 2977 5768 td
3012 5726 3113 5768 est.
3187 5718 3428 5768 erosolv-

3187 5731 3428 5785 erosoty-

3032 5880 3109 5937 2‘.)
