3936 6196
491 339 597 395 εστ

1947 330 2266 392 ORlGENlS

3665 343 3774 396 πὶ

481 458 594 523 'plo
630 461 839 508 tantum
871 451 1054 507 otTcrri
1100 449 1374 506 sacriﬁcia
1415 451 1805 507 decernuntur.
1837 449 2084 522 Recupe-
2114 457 2156 512 Α
2193 470 2211 504 i
2242 451 2332 522 qui
2368 451 2578 521 seipsos
2600 459 2977 506 castrarcrunt
3009 461 3232 524 propter
3263 469 3484 522 regnum
3514 458 3714 521 Dei",
3749 483 3766 509 ι

502 553 626 599 rent
657 559 788 614 ergo
821 543 974 611 prius
1004 552 1202 595 statum
1238 541 1442 612 templi,
1481 553 1536 598 et
1568 552 1695 596 tunc
1730 541 1796 596 de
1849 542 2082 596 cireum-

501 636 707 690 cisione
748 631 1084 686 contendant
1113 649 1126 686 :
1161 631 1206 686 si
1238 646 1367 687 vero
1406 633 1476 687 ibi
1527 631 1828 688 secundum
1860 641 2082 686 senten-

500 725 626 777 tiam
655 720 955 776 Salvatoris
972 721 1015 752 ⁸⁷
1045 736 1150 776 non
1177 722 1440 778 remansit
1467 722 1601 792 lapis
1629 737 1797 793 super
1821 721 2081 791 lapidem,

499 815 590 882 qui
643 827 749 868 non
784 815 856 868 sit
909 813 1234 882 destructus,
1272 815 1540 885 superﬂua
1576 812 1688 887 (59)
1726 823 1810 868 εει
1857 813 1923 868 de
1975 813 2082 867 cir-

499 904 840 959 cumcisioue
869 907 1133 962 causatio.
1165 906 1223 960 lu
1257 917 1465 960 tantum
1515 915 1695 961 autem
1728 905 2079 960 circumcisio

498 998 853 1052 vernaculum
908 998 1098 1068 ipsius,
1125 1007 1180 1054 ct
1221 999 1422 1054 nullius
1451 998 1682 1055 alterius
1716 999 1915 1069 gentis,
1949 997 2084 1053 insi-

499 1104 604 1159 gne
639 1099 744 1153 est,
782 1099 839 1144 ut
865 1106 1136 1161 nusquam
1165 1091 1304 1146 alius
1331 1091 1452 1160 quis
1475 1091 1529 1146 in
1555 1091 1801 1146 historiis
1830 1103 2078 1146 veterum

500 1197 601 1251 pro
653 1182 757 1237 hac
821 1182 1098 1238 referatur
1153 1192 1460 1253 correptus,
1519 1183 1624 1239 nisi
1681 1183 1824 1239 ﬁlius
1881 1182 2077 1255 Moysi,

503 1274 659 1343 cujus
693 1283 868 1328 mater
903 1273 1145 1342 Sephora
1176 1274 1286 1328 vim
1319 1275 1495 1344 angeli
1538 1274 1926 1330 comminantis
1961 1275 2078 1328 exi-

507 1368 640 1422 tium
675 1366 769 1420 lilii
802 1367 1220 1421 circumcisione
1255 1367 1674 1437 compescuit“.
1713 1367 1787 1422 Ex
1840 1367 1923 1422 his
1949 1382 2079 1434 ergo

499 1458 753 1513 omnibus
805 1458 1112 1512 ostenditur
1153 1458 1318 1512 Israel
1368 1458 1474 1526 ille,
1509 1460 1597 1528 qui
1631 1459 1930 1513 secundum
1961 1473 2081 1510 car-

501 1568 622 1607 nem
653 1561 735 1606 est
762 1550 900 1621 (40),
934 1549 1082 1606 solus
1111 1550 1515 1606 circumcisioni
1549 1552 1735 1605 carnis
1764 1550 2032 1605 obnoxius
2064 1569 2076 1602 :

503 1643 639 1696 liber
672 1649 850 1695 autem
891 1651 947 1694 ct
996 1641 1209 1694 alienus
1264 1641 1332 1694 ab
1377 1655 1439 1694 ea
1491 1641 1724 1710 populus
1774 1640 2080 1710 proselytus

503 1736 592 1805 qui
619 1733 837 1788 advenit
870 1735 935 1786 ad
969 1748 1108 1799 eam,
1144 1733 1234 1802 qui
1270 1733 1536 1797 ascendit,
1564 1733 1816 1788 etractus
1835 1742 1920 1786 εει
1959 1748 2081 1785 sur-

503 1844 656 1888 sum;
713 1825 803 1880 ille
865 1833 1046 1879 autem
1095 1823 1398 1890 descendit,
1466 1833 1520 1876 ει
1557 1825 1736 1878 factus
1780 1833 1863 1878 est
1915 1823 2080 1878 dcor-

501 1935 619 1974 sum
636 1918 682 1950 ’δ’
712 1936 724 1972 :
753 1925 809 1971 et
835 1930 931 1986 per
957 1915 1391 1970 misericordiam
1421 1914 1622 1970 Christi
1659 1914 1835 1969 lactus
1858 1923 1944 1968 est
1978 1915 2082 1969 iste

502 2010 732 2081 populus
767 2009 820 2064 in
853 2008 1054 2078 capite,
1093 2017 1148 2062 et
1172 2007 1261 2062 ille
1289 2007 1339 2061 iu
1371 2007 1564 2062 cauda.
1600 2005 1750 2060 Facti
1783 2019 1906 2060 sunt
1933 2007 2079 2062 enim

506 2123 526 2157 ι
553 2103 832 2158 novissimi
873 2101 1056 2172 primi,
1115 2109 1166 2155 ct
1208 2099 1378 2170 primi
1434 2098 1787 2154 novissimi”
1824 2115 1881 2152 ει
1908 2109 1960 2154 ει
2011 2099 2082 2154 ub

502 2194 825 2264 hocjudicat
859 2193 908 2248 id
944 2192 1088 2264 quod
1111 2207 1175 2247 ex
1209 2201 1402 2246 natura
1435 2199 1518 2245 est
1556 2191 1877 2260 praeputium
1908 2189 2080 2260 legem

501 2287 811 2358 perliciens,
853 2284 974 2340 illos
1003 2284 1094 2354 qui
1125 2299 1222 2354 per
1256 2283 1494 2337 litteram
1523 2290 1579 2336 et
1609 2281 2080 2336 circumcisionem

503 2378 952 2449 praevaricatores
994 2382 1120 2430 sunt
1165 2373 1324 2442 legis.
1357 2371 1476 2426 Non
1507 2371 1653 2426 enim
1677 2370 1928 2441 puriﬁcat
1960 2372 2082 2425 ani-

505 2487 650 2526 mam
685 2471 802 2524 hanc
835 2483 956 2538 qua:
990 2467 1042 2521 in
1078 2464 1368 2520 manifesto
1397 2464 1536 2519 litin
1579 2477 1744 2518 carne
1789 2464 2081 2520 circumci-

505 2565 621 2628 sio;
656 2561 749 2616 sed
781 2560 872 2615 illa
903 2573 1022 2628 quae
1053 2557 1107 2611 in
1135 2555 1354 2610 occulto
1384 2564 1468 2610 est
1497 2555 1852 2611 circumcisio
1876 2555 2079 2620 cordis,

507 2657 621 2726 ipsa
679 2654 932 2726 puriﬁcat
983 2659 1242 2714 mentem,
1284 2663 1338 2704 et
1397 2647 1651 2702 vitiorum
1702 2649 1944 2703 maculas
1995 2650 2086 2704 ab-

505 2747 706 2802 scindit
728 2745 796 2798 ⁸⁸.
829 2742 1102 2797 Hactenus
1143 2739 1296 2795 nobis
1332 2739 1400 2794 de
1423 2739 1846 2795 circumcisione
1874 2741 2085 2795 carnali

504 2857 608 2910 pro
653 2838 864 2892 viribus
918 2833 1126 2888 dictum
1183 2830 1275 2885 sit.
1308 2830 1422 2901 Age
1457 2829 1571 2899 jam
1608 2831 1905 2886 secundum
1958 2845 2083 2885 eum

507 2935 596 2998 qui
646 2930 804 2994 dixit,
843 2947 860 2979 ι
894 2926 1019 2996 quia
1069 2925 1152 2979 lex
1203 2923 1472 2994 spiritalis
1506 2923 1696 2978 est“:
1740 2941 1759 2976 ι
1788 2933 1842 2978 ει
1893 2925 1987 2994 qui
2018 2925 2085 2979 de

508 3024 593 3079 his
620 3037 740 3091 qua:
773 3021 1085 3076 referuntur
1116 3016 1167 3070 in
1199 3017 1340 3088 lege,
1373 3017 1508 3072 dicit
1536 3016 1680 3087 quod
1728 3031 1825 3086 per
1877 3017 2082 3087 allego-

2185 551 2240 595 et
2293 557 2522 611 quorum
2571 544 2622 596 in
2674 543 2838 598 terris
2879 544 3276 599 ambulautium
3328 564 3348 597 σ
3379 552 3434 600 tn
3481 548 3644 602 oculis
3689 563 3770 602 εει

2185 633 2529 687 conversatio
2553 633 2666 698 ",a
2696 633 2896 702 quique
2944 635 3284 704 prOSpiciunt
3329 652 3432 688 non
3486 652 3553 689 ea
3613 652 3770 704 «que

2185 722 2458 788 videntur,
2482 723 2574 777 sed
2633 738 2752 791 quae
2801 736 2908 776 non
2946 723 3217 785 videntur,
3252 741 3272 775 ι
3309 733 3362 777 ει
3403 726 3593 778 εεὶιιιιι
3645 730 3766 793 qui.

2192 831 2209 863 ι
2242 828 2360 882 qua:
2404 815 2684 880 videntur,
2720 816 3038 883 temporalia
3073 825 3228 879 sunt;
3265 832 3383 884 qua:
3435 828 3630 869 autem
3665 836 3764 870 eoa

2185 903 2463 969 videntur,
2496 915 2703 959 :etcrna
2733 917 2857 960 sunt
2880 905 2946 960 ’⁸.
2975 925 2994 958 ι
3036 905 3257 974 Verum,
3289 919 3341 960 ut
3372 909 3640 976 superius
3663 926 3762 961 me

2188 995 2542 1062 tnoravimus,
2565 998 2766 1050 dictum
2807 1007 2892 1051 cst
2923 1005 2977 1051 et
2999 997 3067 1050 ab
3097 997 3217 1051 aliis
3249 998 3391 1064 quod
3419 999 3764 1053 circumc'sio

2183 1085 2444 1151 spiritalis
2471 1087 2540 1142 sit
2577 1102 2793 1143 onmem
2838 1087 3175 1142 immundam
3207 1086 3318 1156 (ιὲ)
3350 1088 3760 1156 εοεὶιειίοιιτε,

2187 1189 2349 1248 atque
2382 1179 2624 1249 impuros
2661 1195 2856 1236 sensus
2911 1179 3232 1235 abscindere
3269 1196 3298 1232 a
3332 1181 3506 1234 corde
3549 1189 3612 1233 et
3645 1181 3762 1246 abdi-

2185 1285 2327 1325 ccre.
2389 1271 2495 1325 Sed
2550 1273 2860 1326 occurritur
2895 1271 3268 1338 hujuscemodi
3329 1270 3759 1324 editioniboscx

2186 1362 2270 1414 his
2292 1377 2415 1430 qua!
2446 1366 2581 1430 apud
2607 1361 2773 1433 494
2804 1363 3136 1415 Ezecliiclem
3179 1362 3380 1428 scripta
3435 1362 3762 1422 referuntur.

2187 1457 2275 1508 ubi
2310 1456 2440 1510 dicit
2481 1455 2780 1510 Dominus:
2813 1473 2828 1504 ι
2861 1453 3052 1510 Omnis
3084 1456 3223 1506 [ilius
3254 1455 3572 1524 alienigena
3611 1455 3762 1508 incir-

2185 1550 2462 1602 cumcisus
2505 1549 2692 1610 corde,
2757 1556 2811 1600 et
2851 1548 3264 1601 incircumcisus
3313 1561 3510 1611 carne,
3545 1561 3657 1601 non
3691 1548 3764 1600 io-

2188 1639 2374 1691 troibit
2406 1638 2458 1690 in
2495 1648 2679 1693 sancta
2721 1652 2838 1692 mea
2874 1639 2926 1692 in
2969 1639 3222 1692 omnibus
3267 1638 3395 1692 liliis
3436 1638 3765 1708 alienigena.

2190 1744 2308 1782 rum
2345 1729 2434 1797 qui
2467 1741 2595 1783 sunt
2623 1729 2676 1783 in
2709 1731 2884 1784 medio
2915 1730 3106 1783 domus
3138 1730 3300 1782 lsrael
3321 1729 3389 1780 θ’.
3418 1747 3438 1779 ι
3476 1729 3766 1784 Evidcatcr

2186 1821 2388 1875 etenim
2439 1821 2575 1875 duas
2626 1821 3074 1878 circumcisioues
3111 1823 3211 1876 hoc
3257 1822 3312 1875 in
3364 1820 3491 1875 loco
3539 1825 3762 1875 ostemtn

2190 1927 2375 1968 sermo
2415 1914 2760 1983 pr0pheticns
2799 1915 3030 1969 dicens:
3068 1933 3086 1965 ι
3117 1914 3546 1970 lncircumcisus
3588 1916 3756 1974 eordr.

2185 2015 2241 2059 et
2265 2005 2680 2061 incircumcisus
2715 2021 2905 2062 carne.
2929 2026 2948 2060 ι
2989 2005 3142 2062 Unde
3189 2009 3445 2078 cogimur
3473 2011 3754 2062 secundum

2186 2095 2508 2166 allegoricas
2550 2097 2700 2167 leges
2748 2098 3034 2168 utriusque
3079 2098 3519 2153 circuaiicisionis
3570 2099 3756 2152 toruus

2187 2202 2251 2243 ac
2303 2189 2517 2258 species
2575 2189 2877 2260 assignare,
2924 2190 3176 2258 quamvis
3229 2191 3334 2244 hoc
3387 2191 3570 2258 possit
3619 2191 3754 2242 nobis

2185 2281 2347 2334 etiam
2396 2279 2449 2333 in
2507 2280 2614 2334 illis
2655 2296 2793 2350 quas
2835 2295 2998 2350 supra
3057 2283 3416 2350 exposuimus
3467 2281 3754 2334 rationibus

2185 2370 2370 2439 objici.
2411 2365 2520 2424 Sed
2557 2369 2773 2423 interim
2832 2385 2975 2424 nunc
3025 2385 3428 2440 persequamur
3485 2387 3612 2440 qua:
3657 2373 3752 2441 (ὧι

2184 2463 2356 2532 possit
2405 2462 2632 2516 duarum
2682 2462 3159 2517 circumcisionum
3219 2465 3524 2518 secundum
3577 2466 3756 2534 allego-

2187 2555 2322 2610 riam
2357 2556 2525 2624 ﬁgura
2568 2555 2815 2611 servari:
2851 2565 2904 2610 et
2954 2556 3232 2610 videamus
3280 2571 3348 2610 ne
3389 2557 3531 2611 forte
3581 2558 3754 2612 referri

2186 2655 2350 2717 queat
2389 2650 2454 2703 ad
2499 2649 2603 2703 duo
2652 2649 2927 2720 generalia
2977 2661 3220 2718 peccata,
3251 2649 3305 2704 in
3341 2649 3551 2719 quibus
3604 2652 3756 2705 incir-

2186 2741 2463 2796 cumcisus
2511 2756 2638 2798 esse
2688 2757 2796 2798 non
2848 2743 3089 2811 expedit,
3127 2742 3180 2796 id
3226 2752 3335 2805 cst,
3365 2743 3422 2796 in
3459 2742 3593 2808 ﬁde,
3625 2753 3680 2797 et
3711 2745 3756 2796 ia

2187 2834 2445 2902 operibus
2473 2849 2485 2884 :
2520 2843 2578 2889 ut
2603 2835 2674 2889 sit
2707 2833 3121 2890 incircumcisus
3143 2835 3308 2889 corde
3337 2833 3436 2903 qui
3471 2849 3582 2888 non
3614 2833 3764 2887 habet

2189 2925 2347 2980 ﬁdem
2379 2924 2518 2998 (45),
2567 2934 2621 2980 et
2673 2925 3090 2982 incircumcisus
3133 2940 3302 2980 carne
3326 2925 3422 2995 qui
3458 2939 3630 2994 Opera
3667 2941 3763 2979 non

2171 3018 2374 3074 'babet.
2431 3019 2675 3075 Alterum
2731 3034 2964 3087 namque
3010 3019 3131 3073 sine
3179 3013 3352 3073 altero
3419 3022 3761 3088 repmhatur.

507 3117 642 3171 riam
697 3115 840 3168 dicta
889 3111 1001 3165 sint
1023 3108 1068 3142 ³³
1098 3128 1110 3165 τ
1137 3110 1265 3178 quid
1317 3108 1481 3162 etiam
1539 3107 1844 3178 allegoricis
1878 3106 2086 3178 legibus
2112 3130 2156 3190 α
2191 3113 2317 3180 quia
2350 3120 2406 3167 et
2435 3111 2567 3167 ﬁdes
2613 3113 2733 3167 sine
2761 3112 3016 3180 Operibus
3063 3121 3276 3166 mortua
3312 3111 3520 3165 dicitur
3542 3114 3582 3176 ⁸,
3627 3121 3677 3166 et
3701 3127 3762 3165 ex

504 3209 573 3262 de
604 3221 674 3268 ea
697 3201 1042 3259 sentiendum
1073 3200 1143 3255 sit
1173 3201 1475 3257 videamus.
1520 3198 1646 3254 Scio
1695 3198 1988 3254 multorum
2018 3200 2086 3253 de

505 3297 611 3350 hoc
645 3293 774 3350 ferri
811 3293 955 3348 dicta
986 3290 1072 3346 vel
1111 3291 1348 3360 scripta;
1376 3291 1470 3346 sed
1515 3300 1570 3346 et
1615 3307 1713 3346 nos
1747 3306 1868 3362 quae
1901 3291 2088 3347 Domi-

505 3404 610 3444 nus
635 3387 866 3452 dederit,
893 3386 960 3439 ad
991 3399 1054 3439 ea
1084 3399 1204 3454 quae
1233 3383 1302 3438 ab
1325 3383 1446 3437 aliis
1470 3385 1755 3440 commode
1786 3385 2085 3456 composita

505 3481 764 3536 videntur
806 3476 1088 3532 addemus.
1135 3475 1563 3542 Circumcidere,
1604 3485 1692 3530 est
1737 3491 1806 3531 ex
1859 3476 2084 3546 genitali

506 3572 776 3637 membro,
831 3585 928 3641 per
977 3553 1121 3639 quod
1176 3570 1458 3624 successio
1499 3569 1720 3623 humani
1768 3569 1983 3639 generis
2032 3577 2088 3624 ct

506 3664 746 3722 carnalis
801 3676 1042 3732 propago
1088 3659 1460 3726 ministratur,
1513 3668 1797 3728 amputare
1845 3659 2085 3729 aliquam

508 3766 738 3827 partem.
779 3753 885 3809 Per
939 3754 1044 3809 hoc
1097 3766 1229 3822 ergo
1283 3752 1514 3807 indicari
1572 3752 1873 3820 ﬁguraliter
1939 3768 2083 3821 reor,

507 3847 894 3920 amputandam
932 3860 1056 3900 esse
1089 3845 1157 3899 ab
1193 3846 1399 3911 anima,
1433 3845 1478 3902 si
1512 3859 1618 3916 qua
1656 3846 1734 3900 illi
1769 3861 1833 3900 ex
1860 3860 2087 3902 consor-

513 3940 586 3992 rio
620 3936 804 3990 carnis
838 3933 1067 3988 adhaesit
1101 3935 1407 4005 impuritas,
1439 3935 1487 3990 si
1526 3936 1652 4005 quis
1695 3950 1813 3990 eam
1845 3936 2088 3994 libidinis

508 4023 834 4080 malesuada:
867 4037 1062 4077 sensus
1093 4023 1317 4079 obtexit.
1366 4025 1574 4081 Idcirco
1618 4027 1785 4096 igitur
1826 4043 1934 4083 non
1965 4029 2087 4085 aliis

504 4119 614 4172 ista
652 4112 893 4170 desectio
945 4111 1080 4182 (Η),
1109 4114 1202 4167 sed
1235 4114 1563 4183 genitalibus
1608 4117 1870 4173 membris
1904 4117 2086 4189 inﬁgi-

509 4221 619 4274 tur,
656 4216 717 4262 ut
763 4204 964 4262 clareat
1009 4204 1151 4273 quod
1190 4203 1502 4273 huiusmodi
1558 4207 1688 4262 vitia
1729 4209 1926 4264 aniuue
1980 4226 2086 4265 non

504 4318 574 4357 ex
609 4299 826 4371 propria
865 4295 1196 4362 substantia,
1222 4295 1316 4352 sed
1347 4311 1414 4352 ex
1455 4299 1692 4368 genuino
1721 4309 1868 4355 motu
1906 4311 1962 4357 et
2011 4303 2090 4357 in-

511 4394 728 4450 centivo
776 4389 959 4447 carnis
997 4387 1310 4444 adveniunt.
1362 4389 1518 4456 Quod
1567 4399 1751 4446 autem
1775 4401 1972 4447 octava
1997 4393 2086 4448 die

509 4483 857 4542 circumcisio
888 4482 1047 4538 datur
1066 4481 1137 4549 ",
1161 4482 1295 4537 illud
1338 4479 1613 4552 designari
1647 4481 1906 4548 arbitror,
1941 4486 2086 4553 quod
2119 4476 2163 4532 Ι)

508 4573 764 4646 praesenti
805 4571 1022 4643 quidem
1070 4571 1269 4628 sarculo
1303 4571 1607 4641 septimana
1657 4572 1909 4642 deputata
1956 4584 2079 4630 est:

508 4678 734 4722 octavus
773 4674 953 4720 autem
981 4664 1100 4719 dies
1130 4663 1298 4719 futuri
1337 4661 1522 4718 saeculi
1552 4663 1871 4736 mysterium
1917 4675 2079 4722 tenet.

511 4759 733 4813 illorum
762 4770 892 4826 ergo
921 4764 1008 4810 est
1040 4753 1388 4810 circumcisio
1427 4754 1712 4824 spiritalis,
1763 4759 1856 4826 qui
1904 4757 2086 4817 futuro

507 4849 708 4906 sazculo
751 4848 1008 4914 militant,
1044 4847 1096 4901 in
1126 4861 1232 4915 quo
1261 4865 1279 4898 ι
1302 4862 1476 4916 neque
1507 4849 1736 4914 nubent,
1765 4865 1941 4920 neque
1987 4868 2084 4907 nu-

513 4944 733 5006 bentur,
767 4939 863 4995 sed
898 4949 1062 4993 erunt
1105 4939 1245 4993 sicut
1292 4938 1468 5010 angeli
1517 4937 1608 4994 Dei
1625 4941 1712 5006 ⁹⁸;
1752 4960 1770 4993 ι
1806 4950 1860 4996 ει
1891 4957 2080 4998 eorum

579 5077 624 5110 ⁸⁷
656 5075 844 5130 Matth.
877 5091 1027 5142 xxiv,
1063 5075 1118 5128 2.
1195 5075 1242 5108 ⁸⁸
1269 5076 1440 5133 Exod.
1474 5093 1550 5137 tv,
1577 5076 1668 5141 2i,
1691 5079 1780 5133 25.

511 5148 556 5178 "
591 5148 745 5202 lieni.
767 5161 862 5209 vit,
890 5146 976 5199 14.
1051 5145 1096 5178 ⁵³
1113 5144 1286 5200 Galat.
1325 5161 1396 5208 tv,
1423 5148 1514 5201 24.

508 5218 555 5249 "'
590 5216 780 5285 Philip.
817 5231 899 5282 nt,
931 5214 1021 5270 20.
1098 5216 1143 5249 ’⁸
1172 5215 1210 5268 ll
1251 5216 1378 5270 Cor.
1413 5232 1484 5279 tv,
1519 5215 1604 5273 18.

511 5285 536 5318 ⁸
561 5287 716 5342 Joan.
752 5302 866 5354 xrv,
901 5286 987 5342 25.
1064 5286 1085 5318 ⁵
1114 5285 1306 5340 Matth.
1342 5302 1435 5350 vn,
1466 5288 1558 5345 24.
1661 5291 1682 5321 °
1709 5288 1837 5344 Luc.
1869 5305 1941 5358 vr,
1976 5293 2066 5347 46.

584 5403 698 5472 (39)
736 5401 1144 5472 Genebrardus,
1181 5419 1200 5453 ι
1223 5402 1516 5472 superﬂue,
1548 5420 1568 5454 ι
1608 5403 1768 5461 male.

587 5471 699 5538 (40)
733 5471 809 5528 ita
841 5487 971 5526 mss.
1009 5473 1200 5528 nostri.
1229 5471 1370 5528 Editi
1404 5489 1556 5542 vero,
1593 5493 1612 5526 ι
1635 5475 1932 5531 secundum
1967 5491 2081 5532 car-

515 5555 659 5600 nem.
690 5542 858 5606 solus,
888 5562 908 5596 ι
943 5554 1052 5598 etc.

587 5611 700 5681 (Η)
735 5611 1135 5681 Genebrardus,
1165 5633 1184 5667 ι
1208 5613 1459 5680 defectio,
1484 5635 1504 5669 ι
1542 5616 1703 5672 male.

587 5679 698 5750 (42)
730 5679 1136 5750 Genebrardus,
1173 5679 1629 5740 «immunditiam.
1655 5705 1674 5738 ι

586 5747 699 5819 (45)
731 5747 834 5804 Sed
861 5751 1067 5804 interim
1098 5747 1236 5806 nunc
1273 5770 1646 5821 persequamur
1677 5772 1814 5820 qua.
1845 5768 1953 5814 etc.
1985 5757 2078 5816 Sic

1858 5080 1902 5113 ⁸⁹
1933 5081 2091 5138 Dent.
2119 5101 2310 5150 xum,
2341 5087 2432 5152 43,
2459 5089 2547 5144 Η.

1592 5149 1637 5180 ⁸⁵
1665 5149 1795 5204 Gen.
1833 5166 1965 5216 xvrt,
2000 5153 2100 5218 i2;
2130 5149 2303 5209 licvit.
2342 5149 2435 5219 xu,
2464 5160 2516 5214 5.

1679 5220 1728 5291 ’ξ
1751 5219 1944 5274 Ezecb.
1973 5237 2118 5291 xuv,
2145 5226 2201 5279 9.

2187 3204 2442 3274 operibus
2463 3205 2581 3258 sine
2601 3204 2705 3258 ﬁde
2727 3219 2884 3259 nemo
2904 3205 3045 3274 apud
3077 3204 3239 3258 Deum
3253 3203 3596 3274 justiﬁeatnr
3613 3207 3654 3258 '.
3679 3204 3765 3258 επ

2186 3311 2340 3366 ergo,
2375 3305 2433 3352 ut
2467 3313 2566 3367 ego
2595 3297 2856 3361 arbitror,
2905 3298 3110 3352 dictum
3155 3298 3536 3368 propheticum
3577 3314 3768 3353 cont-ro

2188 3390 2402 3445 nicnter
2435 3391 2710 3459 aptabitur
2738 3391 2975 3446 ﬁdelium
3030 3389 3248 3460 populo,
3288 3390 3494 3458 quibus
3521 3391 3760 3446 dicitur:

2193 3497 2213 3532 ε
2244 3479 2434 3537 Omnis
2478 3482 2781 3553 alienigena
2813 3483 2904 3552 qui
2958 3491 3042 3538 est
3086 3482 3137 3536 in
3186 3481 3342 3536 vobis
3378 3482 3438 3536 in
3471 3483 3650 3538 medio
3673 3485 3765 3535 do-

2189 3587 2312 3627 mus
2343 3572 2508 3628 lsracl
2559 3575 2984 3631 incircumcisus
3021 3574 3204 3640 corde,
3249 3585 3307 3630 et
3349 3576 3763 3631 incircumcisus

2190 3678 2396 3730 carne,
2438 3680 2544 3719 non
2603 3666 2857 3722 introibit
2897 3667 2951 3722 in
3004 3679 3190 3722 sancta
3244 3682 3364 3722 mea
3387 3668 3434 3726 ³.
3467 3687 3488 3720 ι
3539 3668 3655 3723 Hoc
3691 3677 3764 3722 est

2191 3753 2450 3810 nimirum
2478 3759 2624 3826 quod
2650 3769 2703 3812 et
2729 3758 2986 3815 Dominus
3023 3761 3075 3815 in
3110 3759 3408 3830 Evangelio
3437 3763 3576 3818 dicit
3599 3781 3644 3815 ει
3669 3763 3761 3829 Qui

2189 3851 2365 3905 credit
2404 3851 2457 3904 in
2491 3867 2599 3916 me,
2631 3853 2884 3908 mandata
2916 3869 3033 3907 mea
3061 3854 3366 3920 custodit‘;
3393 3875 3414 3908 ι
3443 3863 3501 3910 ει
3535 3856 3760 3910 item:

2195 3959 2214 3992 ι
2241 3939 2341 4006 Qui
2376 3944 2530 3997 audit
2578 3944 2744 3998 verba
2783 3958 2901 3999 mea
2935 3945 3070 4013 haec,
3101 3945 3314 4002 etfacit
3357 3963 3424 4003 ea
3451 3951 3508 4012 ’ς
3543 3967 3562 3999 ι
3597 3959 3652 4004 et
3679 3949 3766 4002 ilo-

2191 4048 2309 4087 rum
2345 4052 2358 4088 :
2395 4051 2415 4084 ι
2445 4033 2586 4101 Quid
2615 4043 2798 4091 autem
2837 4036 3018 4091 dicitis
3045 4037 3174 4092 mihi
3197 4055 3210 4090 :
3235 4039 3488 4105 Domine,
3523 4040 3761 4103 Domine,

2189 4132 2243 4176 et
2267 4138 2371 4177 non
2406 4124 2584 4180 facitis
2611 4141 2732 4195 qua:
2763 4128 2921 4182 dico“
2940 4128 2964 4182 ἳ
2985 4147 3004 4181 ι
3037 4129 3198 4186 Vides
3217 4145 3345 4202 ergo
3379 4132 3589 4202 ubique
3618 4134 3764 4186 ﬁdem

2190 4230 2313 4268 cum
2369 4217 2624 4285 operibus
2663 4219 2840 4288 jungi,
2881 4229 2939 4274 et
2985 4236 3147 4290 opera
3207 4222 3405 4277 sociari
3465 4239 3592 4276 cum
3645 4223 3762 4278 (ide.

2191 4304 2383 4362 Cordis
2419 4307 2602 4376 itaque
2625 4319 2708 4364 est
2740 4311 3085 4366 circumcisio
3115 4312 3250 4384 (45),
3284 4314 3424 4368 nihil
3457 4315 3762 4378 sordidum,

2193 4397 2329 4452 nihil
2367 4397 2645 4469 indignum
2677 4403 2882 4458 sentire
2917 4403 2986 4458 de
3015 4404 3140 4459 ﬁde.
3175 4404 3373 4460 Carnis
3411 4407 3764 4462 circumcisio

2191 4499 2298 4559 est,
2325 4491 2460 4546 nihil
2491 4492 2849 4562 immundum,
2879 4496 3010 4550 nihil
3045 4499 3482 4554 contaminatum
3516 4501 3571 4554 in
3605 4515 3765 4569 opere

2192 4584 2468 4654 gestisque
2507 4587 2870 4644 committere.
2914 4589 3018 4656 Qui
3072 4593 3216 4647 enim
3262 4591 3316 4646 in
3360 4593 3542 4646 altero
3575 4593 3763 4647 horum

2191 4675 2608 4733 incircumcisus
2656 4677 2820 4734 fuerit
2845 4692 2898 4735 et
2929 4683 3263 4744 immundus,
3304 4683 3393 4738 Dei
3425 4685 3660 4740 vocibus
3685 4687 3762 4738 in-

2193 4766 2345 4836 gredi
2389 4769 2711 4836 prohibetur
2763 4771 2818 4824 in
2859 4783 3072 4828 sancta.
3117 4774 3424 4844 Ingreditur
3475 4787 3660 4832 tamen
3714 4790 3766 4832 et

2195 4858 2497 4929 alienigena
2559 4862 2612 4916 in
2664 4875 2878 4930 sancta,
2921 4878 3030 4934 quo
3069 4881 3174 4921 non
3217 4867 3416 4922 licebat
3442 4868 3658 4940 ingredi
3688 4887 3765 4922 se-

2198 4951 2432 5006 cundum
2476 4951 2649 5024 legem
2711 4954 2909 5010 littera:
2963 4957 3072 5010 nisi
3121 4958 3254 5012 solis
3313 4960 3699 5014 sacerdotibus
3722 4960 3762 5013 '.

2623 5093 2669 5126 ’°
2704 5093 2894 5148 Matth.
2923 5109 3014 5152 xx.
3047 5091 3134 5147 16.
3208 5094 3252 5126 ⁹¹
3283 5093 3443 5147 Rom.
3483 5109 3546 5159 It,
3573 5094 3645 5148 27
3678 5095 3762 5148 29.

2595 5163 2640 5194 "
2669 5165 2858 5216 Matth.
2888 5179 3019 5225 χιιι,
3050 5162 3141 5216 50.
3219 5163 3266 5195 ’⁸
3298 5164 3489 5217 Matth.
3531 5181 3646 5226 an,
3686 5166 3764 5218 I2.

2279 5226 2297 5258 ¹
2331 5227 2451 5286 Jac.
2487 5246 2542 5292 ιι,
2581 5232 2668 5286 l7.
2746 5237 2766 5266 ³
2790 5233 2966 5289 Galat.
3003 5249 3063 5298 ιι,
3099 5233 3183 5288 t6.
3260 5233 3282 5265 ³
3310 5234 3512 5292 Bacch.
3538 5249 3682 5298 aur,
3711 5239 3762 5289 9.

2166 5297 2185 5328 ⁷
2216 5295 2376 5355 Num.
2402 5315 2556 5368 xvttt,
2593 5302 2646 5357 7.

2187 5423 2326 5547 (IIIISS.
2381 5413 2520 5468 Editi
2577 5430 2726 5483 vero,
2785 5435 2802 5468 ι
2835 5415 2940 5471 Sed
2994 5416 3211 5471 interim
3267 5417 3550 5472 videamus
3618 5434 3754 5472 nunc

2231 5495 2330 5542 tttP,
2362 5500 2381 5534 ι
2415 5495 2523 5537 ειε.

2231 5495 2330 5542 tttP,
2362 5500 2381 5534 ι
2415 5495 2523 5537 ειε.

2262 5553 2376 5620 (44)
2410 5553 2551 5608 Editi
2572 5593 2586 5618 ,
2625 5574 2641 5606 ι
2665 5567 2720 5612 ιιι
2752 5556 2824 5611 sit
2853 5557 3209 5612 circumcisus
3243 5559 3414 5612 corde
3459 5560 3555 5626 qui
3609 5560 3760 5613 ham

2189 5619 2370 5686 ﬁdem,
2397 5642 2414 5674 ι
2451 5625 2611 5679 male.
2759 5637 2764 5642 '

2260 5691 2378 5765 (45)
2415 5692 2606 5748 Cordi:
2657 5695 2832 5765 itaque
2866 5707 2944 5750 est
2987 5697 3340 5751 circumcisio.
3375 5695 3454 5750 lta
3497 5713 3635 5753 mss.
3670 5716 3761 5755 no-

2188 5765 2307 5816 stri.
2341 5765 2479 5819 Editi
2509 5780 2636 5822 vero
2656 5807 2673 5834 ,
2713 5785 2731 5819 ι
2753 5768 2945 5822 Curdis
2970 5769 3068 5822 ista
3099 5767 3465 5821 circumcisio.
3489 5786 3508 5818 ι
