3974 6206
276 372 382 429 οιιξι

1238 370 1597 435 COMMENT.
1640 378 1703 432 ΙΝ
1742 374 1966 436 E‘PIST.
2009 379 2099 433 Al)
2141 368 2307 436 ROM.
2351 380 2478 435 LIB.
2521 376 2585 434 li.

3442 390 3546 444 {illi

298 491 467 542 Datur
492 496 620 542 vero
648 501 792 541 nunc
820 494 874 541 et
895 485 1214 556 alienigenis
1241 500 1301 543 ut
1326 491 1704 561 ingrediantur
1730 491 1866 563 (iii),
1898 492 1946 553 Α
1974 492 2414 559 circumcisione,
2447 508 2572 549 cum
2603 496 2670 550 ab
2701 494 2780 550 eis
2816 498 3017 553 veteris
3052 497 3289 555 hominis
3316 512 3544 557 COIISttc-

281 590 342 634 ιιι
380 581 495 635 sint
543 578 669 634 ﬁdei
726 588 783 633 et
817 589 1035 633 actuum
1084 581 1502 637 circumcisione
1541 585 1776 652 purgati.
1808 585 1864 640 Si

280 677 410 745 quis
447 685 630 730 autem
660 692 758 732 nos
795 678 862 731 ad
900 676 1211 747 superiores
1250 678 1577 744 quaestiones
1610 694 1887 760 revocare.

280 770 605 831 contendat,
644 776 698 823 et
727 769 922 822 iterum
984 769 1138 823 nobis
1183 769 1410 837 replicet
1437 768 1540 823 hoc
1571 770 1713 837 quod
1740 761 1898 825 seri?

278 862 439 925 ptum
471 869 553 915 est
582 859 648 913 de
672 859 1004 929 alienigena,
1036 861 1177 929 quod
1211 861 1279 914 ab
1312 876 1378 915 eo
1407 861 1621 915 volente
1656 862 1865 929 ingredi

282 953 338 1004 in
395 960 604 1011 sancta,
658 965 765 1005 non
814 949 990 1006 solum
1041 952 1225 1006 cordis
1278 953 1650 1016 circumcisio,
1684 955 1869 1009 sedet

278 1043 471 1096 carnis
501 1041 740 1109 exigitur
772 1059 785 1095 :
810 1041 938 1096 huic
968 1042 1042 1095 ita
1069 1043 1294 1098 moleste
1323 1043 1638 1113 persistenti
1675 1045 1869 1100 obver-

282 1134 456 1187 timus
486 1142 540 1187 et
573 1148 676 1188 nos
734 1133 866 1188 illud
925 1137 1068 1203 quod
1102 1132 1369 1189 Jeremias
1405 1136 1665 1204 propheta
1698 1136 1863 1191 dicit:

286 1246 305 1277 ι
330 1227 474 1280 Ecce
500 1227 896 1283 incircumcisae
920 1237 1046 1282 sunt
1069 1243 1228 1282 aures
1256 1247 1274 1279 ι
1312 1237 1505 1283 vestra:
1527 1230 1569 1283 ⁸.
1606 1228 1867 1284 Ostendat

282 1320 445 1375 nobis
474 1320 575 1375 iste
621 1320 859 1375 carnalis
903 1321 1340 1376 circumcisionis
1376 1330 1601 1376 exactor
1652 1326 1865 1376 aurium

277 1410 760 1465 circumcisionem
798 1412 1111 1467 sensibilem
1157 1421 1213 1466 et
1268 1412 1636 1481 corporalem,
1670 1414 1712 1466 si
1769 1429 1868 1481 po-

284 1510 438 1554 test:
492 1502 587 1555 sed
643 1511 850 1557 certum
898 1513 981 1555 est
1022 1504 1165 1571 quod
1210 1504 1357 1557 nullo
1400 1511 1560 1572 pacto
1600 1505 1652 1557 id
1688 1504 1867 1560 facere

282 1602 471 1662 queat.
522 1593 849 1649 “evertetur
890 1609 1020 1662 ergo
1066 1593 1135 1649 ad
1185 1595 1477 1665 allegorias
1540 1597 1866 1652 necessitate

280 1684 632 1751 compulsus,
666 1693 720 1738 et
754 1685 898 1739 dicet
928 1684 1244 1739 circumcidi
1275 1700 1452 1747 aures,
1485 1701 1632 1749 cum,
1672 1701 1866 1741 secun-

281 1777 412 1830 dum
446 1778 757 1834 Salomonis
785 1780 1043 1843 monita",
1078 1794 1182 1832 non
1232 1779 1502 1849 recipiunt
1531 1783 1862 1838 auditionem

280 1882 504 1929 vanam,
528 1880 582 1922 et
614 1885 733 1923 cum
769 1872 1086 1939 oppilautur
1110 1886 1176 1925 ne
1207 1871 1719 1942 audiantjudicium
1744 1890 1867 1930 san-

282 1960 488 2025 guinis.
519 1970 572 2014 et
612 1976 732 2015 cum
778 1963 1061 2031 sepiuntur
1080 1964 1252 2031 spinis
1283 1979 1351 2019 ne
1386 1965 1657 2033 recipiant
1687 1967 1869 2020 obtre—

282 2051 607 2115 ctationem,
660 2054 754 2107 sed
807 2061 869 2106 ut
924 2053 1022 2107 soli
1079 2054 1245 2109 verbo
1280 2054 1373 2109 Dei
1419 2065 1668 2125 pateant,
1699 2065 1753 2110 et
1784 2057 1868 2112 his

282 2157 410 2207 qua:
458 2141 522 2195 ad
578 2142 997 2200 aedificationem
1050 2145 1323 2201 dicuntur.
1361 2144 1446 2199 Sit
1487 2161 1617 2216 ergo
1649 2147 1777 2203 talis
1814 2158 1869 2203 et

282 2236 379 2287 illa
424 2236 631 2302 cordis,
666 2237 841 2306 qualis
867 2247 923 2293 et
948 2239 1063 2294 haec
1096 2241 1310 2294 aurium
1336 2240 1707 2305 circumcisio,
1746 2255 1868 2310 qme

280 2329 653 2404 communiter
681 2329 899 2384 videtur
936 2333 1204 2401 exposita.
1255 2330 1371 2388 Hoc
1410 2342 1590 2388 autem
1623 2334 1783 2389 modo
1813 2342 1869 2389 et

284 2421 705 2476 incircumcisus
738 2421 901 2479 labiis
932 2424 1161 2490 dicitur,
1196 2426 1284 2494 qui
1323 2441 1430 2481 non
1463 2426 1870 2481 circumciderit

282 2511 707 2582 blasphemiam,
756 2513 1169 2584 scurrilitatem,
1213 2516 1611 2587 turpiloquium
1655 2518 1721 2572 de
1773 2532 1869 2574 ore

282 2620 405 2668 suo,
437 2606 528 2675 qui
562 2621 668 2661 non
692 2607 937 2674 posuerit
966 2607 1271 2663 custodiam
1306 2610 1388 2664 ori
1418 2624 1538 2676 suo,
1568 2618 1623 2665 et
1657 2609 1862 2665 ostium

283 2698 714 2752 circumstantiae
752 2698 912 2753 labiis
936 2701 1050 2755 suis
1074 2701 1141 2767 ‘°,
1177 2700 1267 2769 qui
1306 2715 1409 2756 non
1444 2703 1608 2757 etiam
1632 2718 1661 2757 a
1700 2703 1869 2760 verbo

282 2791 465 2843 otioso
515 2789 921 2845 circumciderit
955 2806 1017 2848 os
1069 2805 1249 2849 suum.
1298 2792 1541 2863 Denique
1584 2792 1674 2847 ubi
1736 2793 1870 2848 dicit

287 2882 507 2955 Moyses
560 2886 627 2940 ad
685 2886 1009 2941 Dominum:
1041 2887 1346 2954 «Provide,
1388 2887 1654 2955 Domine,
1700 2888 1866 2943 alium

283 2992 447 3044 quem
478 2978 681 3040 mittas,
700 2991 801 3048 ego
826 2988 1003 3034 autem
1025 2980 1422 3051 tarduslingua,
1443 2989 1495 3036 et
1523 2981 1867 3052 gracili‘voce

283 3070 465 3121 sum"
497 3088 509 3123 :
552 3084 573 3120 ι
610 3069 707 3136 ipsi
745 3070 797 3124 in
847 3069 1087 3127 Hebraeis
1122 3072 1523 3142 exemplaribus
1574 3072 1780 3129 habere
1808 3088 1869 3129 se

1975 586 2237 653 tudinem,
2255 598 2311 642 et
2329 588 2612 657 passiones
2631 603 2694 644 ac
2718 586 2849 642 vitia
2866 590 3045 645 carnis
3066 590 3299 647 abscidit
3316 608 3331 644 :
3348 604 3404 649 et
3424 604 3551 648 tttnc

1971 677 2276 748 completur
2314 680 2455 747 quod
2485 680 2538 733 in
2570 678 2696 735 Jesu
2728 679 2876 735 Nave
2899 680 3162 752 scriptum
3187 691 3272 738 est
3298 702 3311 738 :
3337 702 3355 736 ι
3380 683 3551 740 Hodie

1971 785 2000 824 a
2056 770 2212 826 vobis
2265 771 2464 827 abstuli
2505 772 2794 842 cpprobria
2828 773 3045 844 Egypti
3084 774 3149 828 ιι.
3182 794 3199 828 ι
3246 774 3549 846 Opprobriu

1972 876 2211 933 namque
2227 862 2445 933 Egypti
2464 876 2647 918 secum
2673 863 3001 932 circumfert,
3019 867 3062 921 si
3090 868 3211 937 quis
3235 868 3288 922 in
3309 869 3548 925 EcclesFa

1972 954 2202 1021 positus,
2238 964 2292 1008 et
2323 955 2422 1009 sub
2462 954 2591 1010 Jesu
2614 956 2748 1010 duce
2773 956 3036 1025 militans,
3058 956 3343 1029 ASgyptios
3370 977 3551 1015 mores

1971 1055 2027 1101 et
2074 1057 2254 1102 motus
2314 1049 2481 1104 animi
2530 1050 2793 1105 barbaros
2831 1060 3034 1107 servet.
3096 1053 3336 1110 Marcion
3390 1072 3547 1123 sane,

1970 1139 2058 1193 cui
2092 1156 2187 1208 per
2210 1140 2523 1210 allegoriam
2547 1143 2679 1196 nihil
2700 1143 2874 1211 placet
2901 1144 3152 1215 intelligi,
3174 1148 3444 1215 quomodo
3461 1164 3555 1203 ex-

1971 1242 2133 1299 ponat
2158 1232 2320 1305 495
2355 1236 2496 1303 quod
2534 1236 2661 1289 dicit
2684 1236 2972 1305 Apostolus
2994 1238 3058 1302 ¹⁸,
3077 1238 3550 1296 eircumcisioncm

1971 1322 2253 1390 prodesse,
2305 1325 2526 1377 omnino
2557 1340 2663 1378 non
2694 1326 2950 1381 inveniet.
2993 1326 3097 1383 Sed
3131 1344 3198 1383 ne
3230 1330 3296 1384 de
3328 1331 3555 1402 singulis

1969 1412 2183 1480 quidem
2235 1430 2354 1484 qua:
2412 1415 2723 1469 inferuntur
2768 1418 3037 1475 ullatenus
3078 1423 3306 1477 reddere
3356 1426 3555 1492 poterit

1970 1506 2255 1559 rationem.
2298 1508 2589 1562 Adversari
2614 1525 2765 1574 sane,
2793 1520 2994 1565 etcum
3028 1513 3280 1569 irrisione
3318 1516 3552 1586 quadam

1972 1598 2219 1652 inuolare
2264 1597 2431 1651 Deum
2477 1599 2611 1667 legis
2660 1602 2752 1669 qui
2802 1602 3271 1659 circumcisionem
3320 1606 3550 1667 dederit,

1971 1689 2107 1743 solet
2141 1704 2248 1742 non
2298 1691 2475 1743 solum
2509 1690 2624 1759 ipse
2652 1730 2666 1752 ,
2718 1694 2811 1745 sed
2855 1702 2908 1745 et
2953 1709 3141 1747 omnes
3183 1696 3422 1751 haeretici
3456 1699 3552 1765 qui

1970 1790 2126 1833 vetus
2149 1779 2553 1834 Testamentum
2586 1783 2893 1850 repudiant,
2930 1800 3032 1838 una
3083 1802 3206 1841 cum
3240 1791 3550 1855 gentilibus,

1972 1870 2060 1939 qui
2117 1887 2307 1926 omnes
2339 1872 2623 1927 adversum
2659 1874 2823 1927 Deum
2854 1875 2985 1946 legis
3018 1878 3140 1931 talia
3173 1881 3419 1946 quaedam
3457 1897 3554 1934 vc-

1977 1960 2052 2014 lut
2086 1961 2348 2017 foederata
2379 1962 2491 2033 (47)
2528 1966 2925 2020 obtrectatione
2954 1969 3357 2037 congeminant.
3384 1970 3549 2025 Stoiri

1971 2052 2124 2107 aiunt
2158 2062 2174 2107 ’:
2210 2053 2417 2107 lndicct
2449 2054 2652 2123 aliquid
2682 2060 2967 2125 mysticum
3000 2060 3343 2118 circumcisio
3365 2102 3379 2126 ,
3403 2074 3456 2119 et
3486 2067 3551 2117 fl-

1969 2159 2161 2215 guram
2200 2152 2379 2198 teneat
2432 2145 2817 2216 allegoricam;
2882 2148 3028 2204 itane
3061 2152 3305 2219 oportuit
3343 2165 3399 2208 ut
3426 2171 3550 2210 cum

1970 2250 2131 2307 paena
2157 2246 2211 2291 et
2241 2236 2482 2307 periculo
2528 2239 2900 2306 parvulorum,
2951 2257 3074 2295 cum
3113 2244 3443 2301 cruciatibus
3473 2257 3553 2301 te-

1972 2341 2116 2382 nerae
2146 2336 2201 2381 et
2229 2328 2406 2383 adhuc
2456 2328 2765 2385 innocentis
2797 2330 3062 2396 infantiae,
3099 2333 3393 2404 figurarum
3422 2352 3549 2407 spc-

1972 2419 2082 2475 cies
2110 2419 2244 2492 (48),
2275 2430 2330 2475 et
2362 2420 2497 2491 legis
2540 2423 2825 2493 aenigmata
2875 2425 3277 2481 conderentur?
3314 2426 3405 2483 Sic
3438 2445 3551 2484 non

1972 2512 2207 2568 habebat
2273 2512 2554 2582 legislator
2601 2513 2690 2567 ubi
2740 2513 2946 2570 formas
2990 2517 3253 2587 mysticae
3299 2532 3548 2589 poneret,

1971 2605 2075 2659 nisi
2107 2606 2160 2659 in
2193 2605 2616 2660 dedecoratioue
2645 2604 2759 2676 (49)
2786 2607 3215 2662 verecundorum
3261 2609 3506 2665 locorum
3532 2629 3553 2680 ς

1971 2707 2026 2752 ει
2052 2698 2146 2752 Dei
2186 2698 2577 2768 omnipotentis
2626 2697 2711 2752 lex
2736 2737 2751 2762 ,
2797 2699 3097 2768 aiternique
3127 2704 3437 2758 testamenti
3472 2705 3514 2758 si
3537 2734 3551 2745 -

1970 2787 2260 2858 gnaculum
2311 2803 2417 2841 non
2462 2786 2635 2857 potuit
2664 2786 2768 2841 nisi
2799 2786 2852 2841 iu
2884 2787 3137 2843 obscenis
3176 2791 3546 2845 membrorum

1971 2878 2217 2946 partibus
2270 2878 2573 2934 collocari?
2618 2878 2769 2933 itane
2809 2878 2982 2933 bonus
3032 2887 3115 2933 est
3158 2880 3299 2935 Deus
3327 2884 3427 2937 iste
3456 2884 3545 2951 qui

1971 2980 2157 3023 natum
2193 2970 2468 3025 hominem
2502 2971 2684 3025 statim
2719 2971 2770 3025 in
2804 2971 2992 3041 primis
3020 2986 3172 3027 novat
3203 2972 3338 3028 lucis
3364 2977 3548 3042 auSpi-

1967 3059 2071 3115 ciis
2094 3061 2414 3130 praeceperit
2450 3061 2771 3116 vulnerari?
2827 3062 2886 3116 Et
2916 3062 2961 3116 si
2984 3102 3000 3125 ,
3033 3071 3092 3117 ιιι
3120 3062 3272 3118 vobis
3314 3065 3549 3124 videtin.

284 3161 471 3215 dicunt
503 3180 516 3215 :
544 3179 561 3213 ι
587 3162 701 3232 Ego
722 3173 902 3219 autem
939 3164 1351 3221 incircumcisus
1407 3181 1526 3221 sum
1564 3163 1725 3223 labiis
1765 3166 1863 3226 ⁸⁸.»

1976 3152 2089 3223 ipse
2116 3162 2201 3209 est
2230 3164 2284 3209 et
2306 3154 2503 3209 aniuue
2538 3164 2754 3210 creator
2775 3164 2831 3210 et
2859 3153 3125 3224 corporis,
3162 3165 3255 3210 aut
3278 3156 3554 3227 superﬂuo

283 3252 438 3319 Quod
486 3254 529 3308 si
579 3255 682 3309 hoc
720 3258 901 3322 modo,
944 3270 1052 3326 quo
1097 3259 1347 3327 superius
1400 3258 1656 3326 diximus,
1689 3269 1868 3330 potest

280 3346 410 3415 quis
440 3346 856 3405 incircumcisus
886 3350 1054 3404 videri
1082 3349 1328 3414 auribus,
1356 3359 1410 3405 et
1440 3350 1862 3407 incircumcisus

280 3438 469 3506 labiis,
504 3457 604 3496 cur
635 3457 741 3497 non
786 3452 841 3497 et
875 3442 1038 3497 simili
1071 3440 1244 3497 forma
1277 3443 1694 3499 incircumcisus
1728 3459 1869 3514 prae-

281 3531 437 3599 putio
465 3533 648 3587 carnis
680 3547 791 3589 sua:
842 3535 1057 3590 dicatur
1092 3534 1136 3588 is
1166 3535 1254 3604 qui
1283 3550 1408 3604 erga
1440 3535 1740 3590 naturalem
1776 3552 1869 3592 co-

282 3621 395 3675 itus
438 3630 645 3676 motum
670 3622 1081 3678 immoderatius
1098 3632 1154 3679 et
1179 3625 1634 3693 intemperantius
1656 3622 1823 3680 emuit
1850 3642 1862 3678 :

279 3714 648 3768 circumcisus
678 3728 807 3768 vero
832 3698 1118 3777 habeatur,
1150 3715 1194 3769 si
1225 3716 1348 3783 quis
1390 3716 1442 3769 iu
1490 3717 1864 3784 hujuscemodi

284 3805 507 3876 negotio
549 3804 807 3875 legitimis
852 3813 908 3860 et
957 3816 1219 3874 quantum
1280 3807 1586 3876 posteritati
1648 3807 1866 3873 suilicit,

283 3907 478 3951 utatur
510 3896 738 3953 ciliciis?
772 3893 970 3952 Verum
1016 3898 1274 3964 quoniam
1315 3901 1382 3952 de
1430 3898 1867 3954 circumcisiouis

282 3991 505 4045 ratione
539 3999 867 4055 tractamus,
906 3990 1071 4043 etiam
1110 3988 1239 4043 illud
1294 3989 1380 4043 his
1423 3989 1718 4059 adiungere
1758 4005 1865 4045 non

281 4081 584 4136 absurdum
620 4082 855 4149 videtur,
888 4082 1033 4151 quod
1084 4078 1242 4135 Jesus
1276 4077 1418 4135 illius
1453 4080 1599 4136 Nave
1633 4097 1697 4136 ex
1727 4098 1867 4151 prte-

278 4185 446 4245 cepto
501 4173 711 4228 Domini
747 4173 887 4228 filios
933 4172 1096 4227 Israel
1156 4173 1399 4227 secundo
1451 4173 1867 4230 circumcidisse

279 4265 483 4318 cultris
507 4264 690 4318 saxeis
718 4272 1050 4319 memoratur
1072 4261 1116 4296 ¹⁸
1143 4282 1157 4319 :
1190 4264 1332 4332 quod
1365 4263 1571 4332 utique,
1601 4274 1864 4334 qttantutn

277 4357 345 4407 ad
406 4354 644 4409 litteram
694 4364 923 4424 spectat,
966 4353 1317 4423 impossibile
1373 4353 1575 4408 factum
1630 4354 1864 4409 videtur.

277 4445 470 4501 Semel
514 4444 656 4498 enim
706 4445 1048 4500 circumcisis
1098 4445 1150 4498 in
1198 4458 1365 4500 carne
1416 4444 1689 4515 praeputii,
1738 4444 1864 4514 quid

279 4539 533 4594 invenire
561 4549 744 4608 posset
771 4539 1007 4593 secunda
1041 4535 1388 4591 circumcisio
1413 4536 1555 4605 quod
1584 4536 1866 4589 auferret?

278 4630 445 4686 Jesus
497 4645 624 4686 vero
685 4639 891 4695 noster,
945 4630 1037 4699 qui
1102 4642 1231 4682 vere
1277 4637 1396 4697 post
1444 4627 1662 4698 Moysen
1724 4626 1863 4681 illios

280 4721 452 4778 Israel
504 4721 555 4776 in
602 4731 801 4776 terram
838 4729 1085 4776 sanctam
1129 4717 1385 4774 fluentem
1425 4718 1508 4772 lac
1546 4727 1600 4773 et
1653 4718 1781 4782 mel,
1808 4719 1861 4772 iu

286 4826 493 4870 terram
521 4813 956 4884 repromissionis
989 4812 1217 4874 inducit,
1237 4811 1460 4865 evidens
1479 4819 1561 4864 est
1592 4809 1865 4878 quomodo

285 4920 393 4959 non
428 4905 618 4968 semel,
648 4905 740 4960 sed
771 4906 1010 4960 secundo
1033 4903 1372 4959 cicumcidat
1396 4901 1738 4955 credentium
1767 4915 1865 4969 po-

284 4996 494 5065 pulum.
533 4995 713 5051 Prima
748 5009 985 5064 namque
1034 5002 1117 5048 est
1165 4993 1285 5063 ejus
1344 4990 1714 5052 circumcisio,
1759 5000 1865 5058 qua

285 5086 356 5140 ab
386 5076 467 5141 eis
503 5087 588 5143 vel
620 5087 888 5142 idolorum
916 5085 1149 5149 cultum,
1182 5084 1264 5137 vel
1295 5091 1602 5138 commenta
1628 5080 1868 5149 philoso-

286 5177 464 5245 phicze
509 5177 886 5248 persuasionis
925 5176 1194 5231 exsecuit.
1246 5172 1499 5229 Secunda
1531 5186 1662 5225 vero
1696 5170 1865 5223 utitur

357 5317 379 5349 ⁸
405 5315 606 5371 Jerem.
634 5322 712 5379 vi,
744 5314 832 5370 10.
909 5315 930 5346 ⁸
965 5312 1130 5368 Eccli.
1163 5325 1354 5376 xxviii,
1380 5308 1472 5364 28.

286 5403 340 5452 v,
368 5388 423 5441 2.
503 5387 548 5418 ¹⁸
576 5387 705 5442 ibid.
732 5386 787 5443 9.
864 5385 909 5419 "
936 5383 1089 5439 Rom.
1125 5399 1188 5444 ιι,
1216 5381 1307 5435 25.

357 5501 474 5575 (46)
506 5501 597 5556 Sic
627 5500 791 5567 editi;
821 5502 914 5556 sed
945 5515 1076 5555 mss.
1104 5514 1313 5563 omnes,
1350 5516 1368 5550 ι
1396 5497 1602 5567 ingredi
1635 5505 1863 5557 tantum,

268 5582 673 5709 ,ιηῖίῆιεῦειιιε
699 5640 973 5709 fmdemta.
1017 5639 1154 5693 Editi
1189 5657 1202 5693 :
1243 5658 1261 5690 ι
1299 5636 1378 5691 vel
1414 5634 1576 5709 ratio.
1618 5655 1635 5686 ι

363 5703 473 5781 (48)
518 5703 818 5765 Innocentis
848 5710 1086 5778 infantem
1115 5710 1416 5781 ﬁgurantur
1442 5708 1655 5781 species.
1716 5703 1858 5759 Editi

293 5776 573 5854 perperam
612 5799 626 5834 ι
669 5801 685 5833 ι
722 5776 1024 5836 innocentis
1050 5776 1254 5849 partis,
1306 5778 1356 5831 iu
1394 5776 1530 5831 facie
1563 5776 1856 5845 figurarum

1554 5307 1596 5339 ⁸⁸
1625 5306 1768 5361 Psal.
1805 5321 1929 5371 cn,
1962 5307 2017 5361 3.

1971 3259 2031 3301 se
2080 3245 2379 3315 plasmasse
2429 3256 2635 3317 partem
2698 3247 2845 3303 illam
2896 3250 3143 3321 corporis
3188 3258 3342 3305 notat
3387 3265 3548 3320 quam

1971 3338 2313 3406 postmodum
2365 3339 2589 3393 mandat
2635 3339 2881 3395 absciudi
2910 3384 2924 3409 ,
2977 3351 3037 3396 ut
3082 3354 3181 3412 per
3225 3343 3549 3398 miserorum

1971 3430 2234 3499 supplicia
2302 3431 2580 3500 proprium
2642 3432 2896 3487 emendet
2943 3432 3058 3504 (50)
3108 3448 3389 3501 errorem;
3458 3445 3552 3487 ant

1971 3522 2115 3588 quod
2148 3523 2462 3576 necessario
2507 3530 2562 3577 et
2591 3522 2803 3577 utiliter
2834 3523 2981 3588 fecit,
3016 3539 3121 3578 non
3151 3534 3297 3580 recte
3325 3527 3548 3580 mandat

1974 3610 2200 3668 auferri.
2239 3611 2372 3665 Tum
2400 3622 2660 3682 praeterea
2687 3614 2730 3668 si
2759 3629 2905 3668 cura:
2933 3624 3016 3668 est
3052 3614 3163 3667 Deo
3191 3615 3546 3683 plurimosad

1971 3704 2175 3759 cultum
2214 3719 2329 3759 sua:
2357 3703 2636 3772 religionis
2669 3705 2886 3771 adduci,
2915 3706 3209 3759 maximum
3234 3719 3298 3759 ex
3323 3706 3551 3760 circum-

1969 3797 2182 3853 cisione
2229 3795 2566 3851 obstaculqu
2610 3796 2875 3850 nascitur.
2931 3795 3063 3850 Cum
3112 3811 3179 3851 eo
3217 3796 3363 3850 enim
3404 3800 3548 3866 quod

1970 3890 2295 3961 supplicium
2326 3887 2700 3959 unusquisque
2727 3887 2981 3951 declinat,
3011 3896 3120 3941 tum
3143 3888 3308 3944 etiam
3340 3888 3552 3943 irrisio-

1971 3999 2092 4037 nem
2125 3983 2473 4052 turpitudinis
2516 3981 2717 4053 refugit
2749 3988 2764 4034 ξ
2800 3982 2942 4035 unde
2976 3980 3149 4051 magis
3194 3981 3549 4051 impedimen-

1974 4083 2082 4129 tum
2125 4073 2229 4129 hoc
2270 4073 2577 4144 religionis,
2619 4088 2782 4144 quam
2834 4072 3046 4142 insigne
3087 4073 3391 4130 ducendum
3439 4086 3546 4130 ρι’.

1969 4164 2097 4221 Haec
2126 4174 2181 4219 et
2206 4164 2370 4218 multa
2405 4164 2489 4219 his
2520 4164 2717 4218 similia
2751 4162 2837 4216 vel
2870 4164 3097 4234 gentiles
3142 4165 3434 4222 adversum
3467 4166 3548 4221 Ie-

1970 4256 2301 4329 gislatorem,
2356 4255 2439 4308 vel
2478 4254 2720 4310 haeretici
2754 4264 3105 4325 perstrepunt
3147 4273 3161 4309 :
3204 4257 3403 4325 quibus
3458 4271 3551 4311 re-

1969 4351 2238 4420 spondere
2276 4347 2644 4405 necessarium
2693 4356 2859 4413 puto.
2902 4347 2995 4401 sed
3046 4347 3225 4415 primo
3272 4348 3546 4415 gentibus.

1970 4434 2142 4491 Nemo
2169 4436 2387 4505 sapiens
2418 4449 2485 4490 ea
2525 4435 2579 4489 in
2608 4432 2739 4488 aliis
2764 4442 2935 4500 notat,
2975 4448 3095 4503 qua:
3120 4435 3258 4502 apud
3284 4450 3344 4489 se
3372 4436 3515 4490 hune
3542 4469 3550 4476 -

1898 4517 1943 4571 Ῑ)
1973 4537 2056 4583 sta
2090 4529 2239 4583 ducit
2282 4537 2340 4583 et
2374 4541 2566 4597 magna
2600 4542 2614 4579 :
2648 4524 2850 4580 etenim
2879 4523 3225 4580 circumcisio
3254 4527 3398 4594 apud
3428 4540 3548 4589 vos,

1971 4636 2004 4674 ο
2033 4620 2284 4689 gentiles,
2312 4620 2383 4672 ita
2411 4617 2594 4685 magni
2639 4616 2887 4680 habetur,
2918 4623 2977 4668 ut
3000 4629 3109 4668 non
3144 4614 3347 4685 passim
3382 4615 3549 4686 vulgo

1973 4711 2219 4782 ignobili,
2240 4710 2332 4764 sed
2359 4709 2493 4765 solis
2516 4706 2910 4773 sacerdotibus,
2937 4713 2992 4761 et
3015 4705 3102 4761 his
3124 4707 3214 4776 qui
3238 4707 3379 4762 inter
3402 4708 3549 4777 ipsos

1968 4798 2316 4856 electioribus
2360 4796 2556 4852 studiis
2608 4794 2899 4866 mancipati
2961 4793 3204 4858 fuerint,
3269 4796 3545 4851 credatur.

1970 4891 2105 4945 Nam
2132 4891 2271 4958 apud
2305 4886 2593 4959 Egyptios
2636 4887 2729 4957 qui
2756 4888 2808 4941 in
2837 4884 3316 4956 superstitionibus
3347 4884 3546 4940 vestris

1968 4992 2023 5037 et
2054 4980 2404 5036 vetustissimi
2458 4978 2734 5033 habentur
2770 4987 2826 5031 et
2852 4976 3227 5043 eruditissimi,
3278 4992 3306 5032 a
3345 4979 3545 5049 quibus

1969 5089 2135 5145 prope
2163 5087 2353 5127 omnes
2373 5070 2567 5142 reliqui
2600 5070 2764 5125 ritum
2799 5084 3091 5124 sacrorum.
3115 5080 3170 5125 et
3189 5068 3547 5126 cazren'onias

1970 5164 2195 5220 mutuati
2231 5173 2388 5229 sunt;
2423 5163 2563 5234 apud
2595 5163 2729 5230 hos,
2764 5162 2981 5233 inquam
3006 5200 3041 5241 ,ι
3074 5161 3254 5216 nullus
3293 5170 3387 5214 aut.
3418 5174 3547 5231 geo-

2098 5309 2136 5340 ¹¹
2170 5306 2341 5363 Exod.
2368 5322 2443 5373 tv,
2480 5305 2566 5369 10,
2602 5304 2689 5358 l5.
2770 5304 2811 5335 ¹¹
2839 5300 3009 5357 Exod.
3049 5315 3124 5366 γι,
3156 5298 3245 5354 30.
3318 5302 3360 5332 "
3383 5299 3545 5355 .losue

1973 5506 2270 5637 spagit;
2302 5574 2433 5614 mss.
2466 5557 2605 5637 Editi
2637 5571 2784 5622 vero,
2822 5575 2840 5608 ι
2881 5554 3280 5637 dectirtatione.
3323 5573 3339 5605 ι

2044 5563 2135 5631 (49
2200 5563 2270 5613 ita
2302 5574 2433 5614 mss.
2466 5563 2605 5615 Editi
2637 5571 2784 5622 vero,
2822 5575 2840 5608 ι
2881 5563 3280 5637 decurtatione.
3323 5573 3339 5605 ι

1969 5563 2319 5758 dl‘ssdielzlcss.
2346 5630 2515 5685 nostri
2544 5668 2559 5696 ,
2619 5645 2638 5680 ι
2675 5637 2726 5684 et
2754 5642 2850 5699 per
2876 5623 3199 5681 nnscrordm
3224 5663 3239 5680 .
3266 5664 3280 5679 .
3310 5663 3325 5679 .
3351 5632 3542 5679 emen-

2007 5734 2032 5756 II
2044 5734 2080 5771 ι,
2121 5734 2138 5752 Ι
2167 5734 2275 5756 ῦιιιο
