  <div class='ocr_page' id='page_1' title='image "/cluster/home/n/w/nwhite01/storage/ocr_20150623/14/hvd.32044073501363/461.png"; bbox 0 0 3974 6206; ppageno 0'>
   <div class='ocr_carea' id='block_1_1' title="bbox 516 375 617 432">
    <p class='ocr_par' dir='ltr' id='par_1_1' title="bbox 516 375 617 432">
     <span class='ocr_line' id='line_1_1' title="bbox 516 375 617 432; baseline 0 -1"><span class='ocrx_word' id='word_1_1' title='bbox 516 375 617 432; x_wconf 62' lang='grc' dir='ltr'>ριι</span> 
     </span>
    </p>
   </div>
   <div class='ocr_carea' id='block_1_2' title="bbox 2001 374 2322 431">
    <p class='ocr_par' dir='ltr' id='par_1_2' title="bbox 2001 374 2322 431">
     <span class='ocr_line' id='line_1_2' title="bbox 2001 374 2322 431; baseline -0.003 0"><span class='ocrx_word' id='word_1_2' title='bbox 2001 374 2322 431; x_wconf 75' lang='lat' dir='ltr'><strong>ORIGENIS</strong></span> 
     </span>
    </p>
   </div>
   <div class='ocr_carea' id='block_1_3' title="bbox 3663 379 3762 435">
    <p class='ocr_par' dir='ltr' id='par_1_3' title="bbox 3663 379 3762 435">
     <span class='ocr_line' id='line_1_3' title="bbox 3663 379 3762 435; baseline 0 0"><span class='ocrx_word' id='word_1_3' title='bbox 3663 379 3762 435; x_wconf 61' lang='lat' dir='ltr'><strong>{tu</strong></span> 
     </span>
    </p>
   </div>
   <div class='ocr_carea' id='block_1_4' title="bbox 515 487 3755 560">
    <p class='ocr_par' dir='ltr' id='par_1_4' title="bbox 515 487 3755 560">
     <span class='ocr_line' id='line_1_4' title="bbox 515 487 3755 560; baseline -0.002 -8"><span class='ocrx_word' id='word_1_4' title='bbox 515 498 720 552; x_wconf 72' lang='lat' dir='ltr'><strong>metria:</strong></span> <span class='ocrx_word' id='word_1_5' title='bbox 754 492 1041 556; x_wconf 87' lang='lat' dir='ltr'><strong>studebat,</strong></span> <span class='ocrx_word' id='word_1_6' title='bbox 1088 498 1181 543; x_wconf 88' lang='lat' dir='ltr'><strong>aut</strong></span> <span class='ocrx_word' id='word_1_7' title='bbox 1215 487 1594 554; x_wconf 72' lang='lat' dir='ltr'><strong>astronomiae,</strong></span> <span class='ocrx_word' id='word_1_8' title='bbox 1629 503 1751 558; x_wconf 72' lang='lat' dir='ltr'><strong>quae</strong></span> <span class='ocrx_word' id='word_1_9' title='bbox 1794 491 1936 560; x_wconf 85' lang='lat' dir='ltr'><strong>apud</strong></span> <span class='ocrx_word' id='word_1_10' title='bbox 1967 490 2086 545; x_wconf 89' lang='lat' dir='ltr'><strong>illos</strong></span> <span class='ocrx_word' id='word_1_11' title='bbox 2114 496 2155 553; x_wconf 75' lang='grc' dir='ltr'>Α</span> <span class='ocrx_word' id='word_1_12' title='bbox 2191 490 2390 544; x_wconf 83' lang='lat' dir='ltr'><strong>factum</strong></span> <span class='ocrx_word' id='word_1_13' title='bbox 2449 489 2714 559; x_wconf 87' lang='lat' dir='ltr'><strong>culpatis,</strong></span> <span class='ocrx_word' id='word_1_14' title='bbox 2777 490 2868 560; x_wconf 85' lang='lat' dir='ltr'><strong>qui</strong></span> <span class='ocrx_word' id='word_1_15' title='bbox 2914 499 2968 545; x_wconf 90' lang='lat' dir='ltr'><strong>ct</strong></span> <span class='ocrx_word' id='word_1_16' title='bbox 3013 497 3205 545; x_wconf 78' lang='lat' dir='ltr'><strong>octava</strong></span> <span class='ocrx_word' id='word_1_17' title='bbox 3259 491 3354 547; x_wconf 87' lang='lat' dir='ltr'><strong>die</strong></span> <span class='ocrx_word' id='word_1_18' title='bbox 3409 492 3755 546; x_wconf 71' lang='lat' dir='ltr'><strong>circumcisus</strong></span> 
     </span>
    </p>
   </div>
   <div class='ocr_carea' id='block_1_5' title="bbox 511 579 2087 659">
    <p class='ocr_par' dir='ltr' id='par_1_5' title="bbox 511 579 2087 659">
     <span class='ocr_line' id='line_1_5' title="bbox 511 579 2087 659; baseline -0.004 -18"><span class='ocrx_word' id='word_1_19' title='bbox 511 590 796 659; x_wconf 70' lang='lat' dir='ltr'><strong>praecipua:</strong></span> <span class='ocrx_word' id='word_1_20' title='bbox 829 586 1134 645; x_wconf 84' lang='lat' dir='ltr'><strong>dueuntur;</strong></span> <span class='ocrx_word' id='word_1_21' title='bbox 1179 579 1359 636; x_wconf 90' lang='lat' dir='ltr'><strong>nullus</strong></span> <span class='ocrx_word' id='word_1_22' title='bbox 1389 589 1537 636; x_wconf 88' lang='lat' dir='ltr'><strong>certe</strong></span> <span class='ocrx_word' id='word_1_23' title='bbox 1570 580 1876 651; x_wconf 72' lang='lat' dir='ltr'><strong>astrologiae</strong></span> <span class='ocrx_word' id='word_1_24' title='bbox 1907 591 1962 635; x_wconf 89' lang='lat' dir='ltr'><strong>et</strong></span> <span class='ocrx_word' id='word_1_25' title='bbox 1990 595 2087 651; x_wconf 83' lang='lat' dir='ltr'><strong>ge-</strong></span> 
     </span>
    </p>
   </div>
   <div class='ocr_carea' id='block_1_6' title="bbox 512 673 2086 747">
    <p class='ocr_par' dir='ltr' id='par_1_6' title="bbox 512 673 2086 747">
     <span class='ocr_line' id='line_1_6' title="bbox 512 673 2086 747; baseline -0.004 -13"><span class='ocrx_word' id='word_1_26' title='bbox 512 695 730 741; x_wconf 86' lang='lat' dir='ltr'><strong>neseos,</strong></span> <span class='ocrx_word' id='word_1_27' title='bbox 769 691 874 747; x_wconf 88' lang='lat' dir='ltr'><strong>qua</strong></span> <span class='ocrx_word' id='word_1_28' title='bbox 915 673 1051 730; x_wconf 83' lang='lat' dir='ltr'><strong>nihil</strong></span> <span class='ocrx_word' id='word_1_29' title='bbox 1083 673 1322 730; x_wconf 82' lang='lat' dir='ltr'><strong>divinius</strong></span> <span class='ocrx_word' id='word_1_30' title='bbox 1351 680 1574 744; x_wconf 88' lang='lat' dir='ltr'><strong>putant,</strong></span> <span class='ocrx_word' id='word_1_31' title='bbox 1606 682 1814 728; x_wconf 89' lang='lat' dir='ltr'><strong>secreta</strong></span> <span class='ocrx_word' id='word_1_32' title='bbox 1847 673 2086 730; x_wconf 81' lang='lat' dir='ltr'><strong>rimaba-</strong></span> 
     </span>
    </p>
   </div>
   <div class='ocr_carea' id='block_1_7' title="bbox 511 762 2085 835">
    <p class='ocr_par' dir='ltr' id='par_1_7' title="bbox 511 762 2085 835">
     <span class='ocr_line' id='line_1_7' title="bbox 511 762 2085 835; baseline -0.005 -11"><span class='ocrx_word' id='word_1_33' title='bbox 511 781 619 834; x_wconf 85' lang='lat' dir='ltr'><strong>tur,</strong></span> <span class='ocrx_word' id='word_1_34' title='bbox 665 768 768 824; x_wconf 75' lang='lat' dir='ltr'><strong>nisi</strong></span> <span class='ocrx_word' id='word_1_35' title='bbox 821 765 1242 823; x_wconf 85' lang='lat' dir='ltr'><strong>circumcisione</strong></span> <span class='ocrx_word' id='word_1_36' title='bbox 1281 774 1555 835; x_wconf 86' lang='lat' dir='ltr'><strong>suscepta.</strong></span> <span class='ocrx_word' id='word_1_37' title='bbox 1621 762 1892 819; x_wconf 80' lang='lat' dir='ltr'><strong>Sacerdos</strong></span> <span class='ocrx_word' id='word_1_38' title='bbox 1943 762 2085 832; x_wconf 86' lang='lat' dir='ltr'><strong>apud</strong></span> 
     </span>
    </p>
   </div>
   <div class='ocr_carea' id='block_1_8' title="bbox 507 853 2084 926">
    <p class='ocr_par' dir='ltr' id='par_1_8' title="bbox 507 853 2084 926">
     <span class='ocr_line' id='line_1_8' title="bbox 507 853 2084 926; baseline -0.004 -14"><span class='ocrx_word' id='word_1_39' title='bbox 507 873 621 922; x_wconf 82' lang='lat' dir='ltr'><strong>eos,</strong></span> <span class='ocrx_word' id='word_1_40' title='bbox 668 869 926 926; x_wconf 80' lang='lat' dir='ltr'><strong>aruspex,</strong></span> <span class='ocrx_word' id='word_1_41' title='bbox 967 864 1062 909; x_wconf 88' lang='lat' dir='ltr'><strong>aut</strong></span> <span class='ocrx_word' id='word_1_42' title='bbox 1101 855 1470 926; x_wconf 87' lang='lat' dir='ltr'><strong>quorumlibet</strong></span> <span class='ocrx_word' id='word_1_43' title='bbox 1499 869 1784 910; x_wconf 88' lang='lat' dir='ltr'><strong>sacrorum</strong></span> <span class='ocrx_word' id='word_1_44' title='bbox 1813 853 2084 918; x_wconf 74' lang='lat' dir='ltr'><strong>minister,</strong></span> 
     </span>
    </p>
   </div>
   <div class='ocr_carea' id='block_1_9' title="bbox 509 942 2086 1017">
    <p class='ocr_par' dir='ltr' id='par_1_9' title="bbox 509 942 2086 1017">
     <span class='ocr_line' id='line_1_9' title="bbox 509 942 2086 1017; baseline -0.001 -19"><span class='ocrx_word' id='word_1_45' title='bbox 509 947 613 1014; x_wconf 88' lang='lat' dir='ltr'><strong>vel,</strong></span> <span class='ocrx_word' id='word_1_46' title='bbox 650 957 706 1001; x_wconf 95' lang='lat' dir='ltr'><strong>ut</strong></span> <span class='ocrx_word' id='word_1_47' title='bbox 740 946 814 1000; x_wconf 88' lang='lat' dir='ltr'><strong>illi</strong></span> <span class='ocrx_word' id='word_1_48' title='bbox 860 946 1164 1017; x_wconf 88' lang='lat' dir='ltr'><strong>appellant,</strong></span> <span class='ocrx_word' id='word_1_49' title='bbox 1193 945 1455 1014; x_wconf 78' lang='lat' dir='ltr'><strong>propheta</strong></span> <span class='ocrx_word' id='word_1_50' title='bbox 1489 943 1704 1007; x_wconf 88' lang='lat' dir='ltr'><strong>omnis,</strong></span> <span class='ocrx_word' id='word_1_51' title='bbox 1732 942 2086 998; x_wconf 81' lang='lat' dir='ltr'><strong>circumcisus</strong></span> 
     </span>
    </p>
   </div>
   <div class='ocr_carea' id='block_1_10' title="bbox 505 1030 2086 1104">
    <p class='ocr_par' dir='ltr' id='par_1_10' title="bbox 505 1030 2086 1104">
     <span class='ocr_line' id='line_1_10' title="bbox 505 1030 2086 1104; baseline -0.002 -14"><span class='ocrx_word' id='word_1_52' title='bbox 505 1046 608 1090; x_wconf 88' lang='lat' dir='ltr'><strong>est.</strong></span> <span class='ocrx_word' id='word_1_53' title='bbox 649 1034 887 1090; x_wconf 89' lang='lat' dir='ltr'><strong>Litteras</strong></span> <span class='ocrx_word' id='word_1_54' title='bbox 937 1048 1152 1104; x_wconf 86' lang='lat' dir='ltr'><strong>quoque</strong></span> <span class='ocrx_word' id='word_1_55' title='bbox 1203 1033 1571 1089; x_wconf 74' lang='lat' dir='ltr'><strong>sacerdotales</strong></span> <span class='ocrx_word' id='word_1_56' title='bbox 1623 1041 1866 1087; x_wconf 81' lang='lat' dir='ltr'><strong>veterqu</strong></span> <span class='ocrx_word' id='word_1_57' title='bbox 1913 1030 2086 1102; x_wconf 59' lang='lat' dir='ltr'><strong>Egy-</strong></span> 
     </span>
    </p>
   </div>
   <div class='ocr_carea' id='block_1_11' title="bbox 507 1121 2086 1195">
    <p class='ocr_par' dir='ltr' id='par_1_11' title="bbox 507 1121 2086 1195">
     <span class='ocr_line' id='line_1_11' title="bbox 507 1121 2086 1195; baseline -0.001 -17"><span class='ocrx_word' id='word_1_58' title='bbox 507 1125 777 1193; x_wconf 81' lang='lat' dir='ltr'><strong>ptiorum,</strong></span> <span class='ocrx_word' id='word_1_59' title='bbox 810 1139 949 1195; x_wconf 87' lang='lat' dir='ltr'><strong>quas</strong></span> <span class='ocrx_word' id='word_1_60' title='bbox 994 1121 1427 1193; x_wconf 76' lang='lat' dir='ltr'><strong>hieroglyphicas</strong></span> <span class='ocrx_word' id='word_1_61' title='bbox 1460 1123 1772 1192; x_wconf 88' lang='lat' dir='ltr'><strong>appellant,</strong></span> <span class='ocrx_word' id='word_1_62' title='bbox 1807 1137 1966 1177; x_wconf 87' lang='lat' dir='ltr'><strong>nemo</strong></span> <span class='ocrx_word' id='word_1_63' title='bbox 1999 1122 2086 1177; x_wconf 82' lang='lat' dir='ltr'><strong>di-</strong></span> 
     </span>
    </p>
   </div>
   <div class='ocr_carea' id='block_1_12' title="bbox 507 1212 2087 1282">
    <p class='ocr_par' dir='ltr' id='par_1_12' title="bbox 507 1212 2087 1282">
     <span class='ocr_line' id='line_1_12' title="bbox 507 1212 2087 1282; baseline -0.003 -12"><span class='ocrx_word' id='word_1_64' title='bbox 507 1217 694 1272; x_wconf 82' lang='lat' dir='ltr'><strong>scebat</strong></span> <span class='ocrx_word' id='word_1_65' title='bbox 727 1217 833 1271; x_wconf 88' lang='lat' dir='ltr'><strong>nisi</strong></span> <span class='ocrx_word' id='word_1_66' title='bbox 860 1216 1235 1271; x_wconf 86' lang='lat' dir='ltr'><strong>circumcisus.</strong></span> <span class='ocrx_word' id='word_1_67' title='bbox 1260 1214 1449 1270; x_wconf 88' lang='lat' dir='ltr'><strong>Omnis</strong></span> <span class='ocrx_word' id='word_1_68' title='bbox 1481 1213 1890 1282; x_wconf 81' lang='lat' dir='ltr'><strong>hierophantes,</strong></span> <span class='ocrx_word' id='word_1_69' title='bbox 1909 1212 2087 1267; x_wconf 88' lang='lat' dir='ltr'><strong>omnis</strong></span> 
     </span>
    </p>
   </div>
   <div class='ocr_carea' id='block_1_13' title="bbox 505 1304 2087 1375">
    <p class='ocr_par' dir='ltr' id='par_1_13' title="bbox 505 1304 2087 1375">
     <span class='ocr_line' id='line_1_13' title="bbox 505 1304 2087 1375; baseline -0.003 -15"><span class='ocrx_word' id='word_1_70' title='bbox 505 1317 678 1372; x_wconf 87' lang='lat' dir='ltr'><strong>vates,</strong></span> <span class='ocrx_word' id='word_1_71' title='bbox 720 1307 900 1362; x_wconf 90' lang='lat' dir='ltr'><strong>omnis</strong></span> <span class='ocrx_word' id='word_1_72' title='bbox 927 1306 1074 1371; x_wconf 71' lang='lat' dir='ltr'><strong>cmli,</strong></span> <span class='ocrx_word' id='word_1_73' title='bbox 1118 1316 1175 1359; x_wconf 92' lang='lat' dir='ltr'><strong>ut</strong></span> <span class='ocrx_word' id='word_1_74' title='bbox 1207 1315 1422 1375; x_wconf 89' lang='lat' dir='ltr'><strong>putant,</strong></span> <span class='ocrx_word' id='word_1_75' title='bbox 1459 1304 1769 1375; x_wconf 88' lang='lat' dir='ltr'><strong>infernique</strong></span> <span class='ocrx_word' id='word_1_76' title='bbox 1799 1315 2001 1374; x_wconf 87' lang='lat' dir='ltr'><strong>mystes</strong></span> <span class='ocrx_word' id='word_1_77' title='bbox 2031 1313 2087 1357; x_wconf 87' lang='lat' dir='ltr'><strong>et</strong></span> 
     </span>
    </p>
   </div>
   <div class='ocr_carea' id='block_1_14' title="bbox 505 1395 2086 1468">
    <p class='ocr_par' dir='ltr' id='par_1_14' title="bbox 505 1395 2086 1468">
     <span class='ocr_line' id='line_1_14' title="bbox 505 1395 2086 1468; baseline -0.003 -14"><span class='ocrx_word' id='word_1_78' title='bbox 505 1400 758 1454; x_wconf 84' lang='lat' dir='ltr'><strong>conscius</strong></span> <span class='ocrx_word' id='word_1_79' title='bbox 801 1399 942 1468; x_wconf 84' lang='lat' dir='ltr'><strong>apud</strong></span> <span class='ocrx_word' id='word_1_80' title='bbox 984 1414 1078 1455; x_wconf 90' lang='lat' dir='ltr'><strong>eos</strong></span> <span class='ocrx_word' id='word_1_81' title='bbox 1127 1413 1248 1454; x_wconf 85' lang='lat' dir='ltr'><strong>esse</strong></span> <span class='ocrx_word' id='word_1_82' title='bbox 1297 1412 1406 1454; x_wconf 82' lang='lat' dir='ltr'><strong>non</strong></span> <span class='ocrx_word' id='word_1_83' title='bbox 1449 1399 1723 1464; x_wconf 76' lang='lat' dir='ltr'><strong>creditur,</strong></span> <span class='ocrx_word' id='word_1_84' title='bbox 1777 1397 1879 1449; x_wconf 83' lang='lat' dir='ltr'><strong>nisi</strong></span> <span class='ocrx_word' id='word_1_85' title='bbox 1922 1395 2086 1450; x_wconf 87' lang='lat' dir='ltr'><strong>fuerit</strong></span> 
     </span>
    </p>
   </div>
   <div class='ocr_carea' id='block_1_15' title="bbox 506 1488 2084 1561">
    <p class='ocr_par' dir='ltr' id='par_1_15' title="bbox 506 1488 2084 1561">
     <span class='ocr_line' id='line_1_15' title="bbox 506 1488 2084 1561; baseline -0.001 -18"><span class='ocrx_word' id='word_1_86' title='bbox 506 1493 884 1547; x_wconf 84' lang='lat' dir='ltr'><strong>circumcisus.</strong></span> <span class='ocrx_word' id='word_1_87' title='bbox 929 1489 1042 1548; x_wconf 81' lang='lat' dir='ltr'><strong>Hoc</strong></span> <span class='ocrx_word' id='word_1_88' title='bbox 1087 1490 1257 1561; x_wconf 81' lang='lat' dir='ltr'><strong>igitur</strong></span> <span class='ocrx_word' id='word_1_89' title='bbox 1291 1489 1432 1560; x_wconf 88' lang='lat' dir='ltr'><strong>apud</strong></span> <span class='ocrx_word' id='word_1_90' title='bbox 1486 1505 1587 1544; x_wconf 88' lang='lat' dir='ltr'><strong>nos</strong></span> <span class='ocrx_word' id='word_1_91' title='bbox 1627 1499 1782 1558; x_wconf 82' lang='lat' dir='ltr'><strong>turpe</strong></span> <span class='ocrx_word' id='word_1_92' title='bbox 1807 1498 1860 1542; x_wconf 91' lang='lat' dir='ltr'><strong>et</strong></span> <span class='ocrx_word' id='word_1_93' title='bbox 1889 1488 2084 1543; x_wconf 87' lang='lat' dir='ltr'><strong>obsce-</strong></span> 
     </span>
    </p>
   </div>
   <div class='ocr_carea' id='block_1_16' title="bbox 509 1579 2086 1654">
    <p class='ocr_par' dir='ltr' id='par_1_16' title="bbox 509 1579 2086 1654">
     <span class='ocr_line' id='line_1_16' title="bbox 509 1579 2086 1654; baseline -0.003 -17"><span class='ocrx_word' id='word_1_94' title='bbox 509 1601 635 1638; x_wconf 86' lang='lat' dir='ltr'><strong>num</strong></span> <span class='ocrx_word' id='word_1_95' title='bbox 669 1583 948 1654; x_wconf 88' lang='lat' dir='ltr'><strong>jndicatis,</strong></span> <span class='ocrx_word' id='word_1_96' title='bbox 1000 1582 1144 1651; x_wconf 90' lang='lat' dir='ltr'><strong>quod</strong></span> <span class='ocrx_word' id='word_1_97' title='bbox 1176 1583 1316 1648; x_wconf 88' lang='lat' dir='ltr'><strong>apud</strong></span> <span class='ocrx_word' id='word_1_98' title='bbox 1355 1596 1450 1636; x_wconf 88' lang='lat' dir='ltr'><strong>vos</strong></span> <span class='ocrx_word' id='word_1_99' title='bbox 1482 1581 1554 1635; x_wconf 90' lang='lat' dir='ltr'><strong>ita</strong></span> <span class='ocrx_word' id='word_1_100' title='bbox 1590 1581 1874 1635; x_wconf 83' lang='lat' dir='ltr'><strong>honestum</strong></span> <span class='ocrx_word' id='word_1_101' title='bbox 1919 1579 2086 1635; x_wconf 82' lang='lat' dir='ltr'><strong>habe-</strong></span> 
     </span>
    </p>
   </div>
   <div class='ocr_carea' id='block_1_17' title="bbox 510 1671 2084 1743">
    <p class='ocr_par' dir='ltr' id='par_1_17' title="bbox 510 1671 2084 1743">
     <span class='ocr_line' id='line_1_17' title="bbox 510 1671 2084 1743; baseline -0.003 -15"><span class='ocrx_word' id='word_1_102' title='bbox 510 1689 596 1728; x_wconf 85' lang='lat' dir='ltr'><strong>Ittt‘</strong></span> <span class='ocrx_word' id='word_1_103' title='bbox 634 1684 688 1727; x_wconf 91' lang='lat' dir='ltr'><strong>et</strong></span> <span class='ocrx_word' id='word_1_104' title='bbox 734 1687 987 1743; x_wconf 84' lang='lat' dir='ltr'><strong>magnum</strong></span> <span class='ocrx_word' id='word_1_105' title='bbox 1013 1712 1028 1736; x_wconf 91' lang='lat'><strong>,</strong></span> <span class='ocrx_word' id='word_1_106' title='bbox 1065 1682 1122 1725; x_wconf 90' lang='lat' dir='ltr'><strong>ut</strong></span> <span class='ocrx_word' id='word_1_107' title='bbox 1169 1671 1469 1726; x_wconf 64' lang='lat' dir='ltr'><strong>caelestium</strong></span> <span class='ocrx_word' id='word_1_108' title='bbox 1509 1671 1954 1739; x_wconf 76' lang='lat' dir='ltr'><strong>internarumque</strong></span> <span class='ocrx_word' id='word_1_109' title='bbox 1995 1684 2084 1724; x_wconf 85' lang='lat' dir='ltr'><strong>se-</strong></span> 
     </span>
    </p>
   </div>
   <div class='ocr_carea' id='block_1_18' title="bbox 507 1762 2083 1832">
    <p class='ocr_par' dir='ltr' id='par_1_18' title="bbox 507 1762 2083 1832">
     <span class='ocr_line' id='line_1_18' title="bbox 507 1762 2083 1832; baseline 0 -18"><span class='ocrx_word' id='word_1_110' title='bbox 507 1776 655 1818; x_wconf 58' lang='lat' dir='ltr'><strong>creta</strong></span> <span class='ocrx_word' id='word_1_111' title='bbox 708 1764 926 1818; x_wconf 86' lang='lat' dir='ltr'><strong>nonnisi</strong></span> <span class='ocrx_word' id='word_1_112' title='bbox 976 1778 1072 1832; x_wconf 89' lang='lat' dir='ltr'><strong>per</strong></span> <span class='ocrx_word' id='word_1_113' title='bbox 1117 1762 1487 1832; x_wconf 83' lang='lat' dir='ltr'><strong>hujuscemodi</strong></span> <span class='ocrx_word' id='word_1_114' title='bbox 1543 1762 1775 1832; x_wconf 84' lang='lat' dir='ltr'><strong>insignia</strong></span> <span class='ocrx_word' id='word_1_115' title='bbox 1811 1762 2083 1816; x_wconf 77' lang='lat' dir='ltr'><strong>eiiuntiari</strong></span> 
     </span>
    </p>
   </div>
   <div class='ocr_carea' id='block_1_19' title="bbox 2190 580 3759 650">
    <p class='ocr_par' dir='ltr' id='par_1_19' title="bbox 2190 580 3759 650">
     <span class='ocr_line' id='line_1_19' title="bbox 2190 580 3759 650; baseline 0.003 -16"><span class='ocrx_word' id='word_1_116' title='bbox 2190 590 2275 635; x_wconf 89' lang='lat' dir='ltr'><strong>est</strong></span> <span class='ocrx_word' id='word_1_117' title='bbox 2302 580 2378 645; x_wconf 77' lang='lat'><strong>&quot;,</strong></span> <span class='ocrx_word' id='word_1_118' title='bbox 2407 590 2460 634; x_wconf 91' lang='lat' dir='ltr'><strong>et</strong></span> <span class='ocrx_word' id='word_1_119' title='bbox 2493 581 2712 633; x_wconf 92' lang='lat' dir='ltr'><strong>vulnera</strong></span> <span class='ocrx_word' id='word_1_120' title='bbox 2750 581 3019 649; x_wconf 71' lang='lat' dir='ltr'><strong>passionis</strong></span> <span class='ocrx_word' id='word_1_121' title='bbox 3061 581 3312 650; x_wconf 74' lang='lat' dir='ltr'><strong>excepit,</strong></span> <span class='ocrx_word' id='word_1_122' title='bbox 3345 591 3399 636; x_wconf 88' lang='lat' dir='ltr'><strong>et</strong></span> <span class='ocrx_word' id='word_1_123' title='bbox 3437 596 3565 636; x_wconf 90' lang='lat' dir='ltr'><strong>cum</strong></span> <span class='ocrx_word' id='word_1_124' title='bbox 3595 584 3759 638; x_wconf 78' lang='lat' dir='ltr'><strong>crucia</strong></span> 
     </span>
    </p>
   </div>
   <div class='ocr_carea' id='block_1_20' title="bbox 2191 669 3755 743">
    <p class='ocr_par' dir='ltr' id='par_1_20' title="bbox 2191 669 3755 743">
     <span class='ocr_line' id='line_1_20' title="bbox 2191 669 3755 743; baseline 0.005 -23"><span class='ocrx_word' id='word_1_125' title='bbox 2191 684 2350 740; x_wconf 76' lang='lat' dir='ltr'><strong>pa~na</strong></span> <span class='ocrx_word' id='word_1_126' title='bbox 2377 669 2694 739; x_wconf 81' lang='lat' dir='ltr'><strong>sanguinem</strong></span> <span class='ocrx_word' id='word_1_127' title='bbox 2737 685 2893 724; x_wconf 85' lang='lat' dir='ltr'><strong>suum</strong></span> <span class='ocrx_word' id='word_1_128' title='bbox 2924 669 3082 724; x_wconf 80' lang='lat' dir='ltr'><strong>fudit.</strong></span> <span class='ocrx_word' id='word_1_129' title='bbox 3125 671 3280 738; x_wconf 77' lang='lat' dir='ltr'><strong>Quod</strong></span> <span class='ocrx_word' id='word_1_130' title='bbox 3307 670 3483 743; x_wconf 58' lang='lat'><strong>5,96</strong></span> <span class='ocrx_word' id='word_1_131' title='bbox 3506 685 3635 725; x_wconf 76' lang='lat' dir='ltr'><strong>vero</strong></span> <span class='ocrx_word' id='word_1_132' title='bbox 3658 673 3755 728; x_wconf 87' lang='lat' dir='ltr'><strong>cir-</strong></span> 
     </span>
    </p>
   </div>
   <div class='ocr_carea' id='block_1_21' title="bbox 2189 758 3750 831">
    <p class='ocr_par' dir='ltr' id='par_1_21' title="bbox 2189 758 3750 831">
     <span class='ocr_line' id='line_1_21' title="bbox 2189 758 3750 831; baseline 0.003 -18"><span class='ocrx_word' id='word_1_133' title='bbox 2189 758 2540 816; x_wconf 82' lang='lat' dir='ltr'><strong>cumcisionis</strong></span> <span class='ocrx_word' id='word_1_134' title='bbox 2585 760 2815 813; x_wconf 84' lang='lat' dir='ltr'><strong>horrore</strong></span> <span class='ocrx_word' id='word_1_135' title='bbox 2855 759 3096 814; x_wconf 85' lang='lat' dir='ltr'><strong>difficilis</strong></span> <span class='ocrx_word' id='word_1_136' title='bbox 3138 761 3289 815; x_wconf 81' lang='lat' dir='ltr'><strong>vobis</strong></span> <span class='ocrx_word' id='word_1_137' title='bbox 3339 764 3402 815; x_wconf 81' lang='lat' dir='ltr'><strong>ad</strong></span> <span class='ocrx_word' id='word_1_138' title='bbox 3457 761 3750 831; x_wconf 81' lang='lat' dir='ltr'><strong>religionem</strong></span> 
     </span>
    </p>
   </div>
   <div class='ocr_carea' id='block_1_22' title="bbox 2192 852 3752 923">
    <p class='ocr_par' dir='ltr' id='par_1_22' title="bbox 2192 852 3752 923">
     <span class='ocr_line' id='line_1_22' title="bbox 2192 852 3752 923; baseline 0.003 -20"><span class='ocrx_word' id='word_1_139' title='bbox 2192 852 2404 905; x_wconf 72' lang='lat' dir='ltr'><strong>videtur</strong></span> <span class='ocrx_word' id='word_1_140' title='bbox 2454 866 2710 905; x_wconf 77' lang='lat' dir='ltr'><strong>accessus</strong></span> <span class='ocrx_word' id='word_1_141' title='bbox 2739 852 2884 923; x_wconf 79' lang='lat'><strong>(55),</strong></span> <span class='ocrx_word' id='word_1_142' title='bbox 2930 852 3208 907; x_wconf 67' lang='lat' dir='ltr'><strong>difficilior</strong></span> <span class='ocrx_word' id='word_1_143' title='bbox 3244 854 3411 908; x_wconf 85' lang='lat' dir='ltr'><strong>multo</strong></span> <span class='ocrx_word' id='word_1_144' title='bbox 3444 854 3658 908; x_wconf 78' lang='lat' dir='ltr'><strong>videtur</strong></span> <span class='ocrx_word' id='word_1_145' title='bbox 3683 855 3752 908; x_wconf 89' lang='lat' dir='ltr'><strong>in-</strong></span> 
     </span>
    </p>
   </div>
   <div class='ocr_carea' id='block_1_23' title="bbox 2189 942 3746 1016">
    <p class='ocr_par' dir='ltr' id='par_1_23' title="bbox 2189 942 3746 1016">
     <span class='ocr_line' id='line_1_23' title="bbox 2189 942 3746 1016; baseline 0.001 -19"><span class='ocrx_word' id='word_1_146' title='bbox 2189 957 2412 1011; x_wconf 73' lang='lat' dir='ltr'><strong>gressus</strong></span> <span class='ocrx_word' id='word_1_147' title='bbox 2456 945 2523 997; x_wconf 89' lang='lat' dir='ltr'><strong>ad</strong></span> <span class='ocrx_word' id='word_1_148' title='bbox 2554 942 2937 1013; x_wconf 78' lang='lat' dir='ltr'><strong>Evangelium,</strong></span> <span class='ocrx_word' id='word_1_149' title='bbox 2987 945 3077 999; x_wconf 92' lang='lat' dir='ltr'><strong>ubi</strong></span> <span class='ocrx_word' id='word_1_150' title='bbox 3124 961 3231 1000; x_wconf 90' lang='lat' dir='ltr'><strong>non</strong></span> <span class='ocrx_word' id='word_1_151' title='bbox 3263 954 3479 1014; x_wconf 89' lang='lat' dir='ltr'><strong>partem</strong></span> <span class='ocrx_word' id='word_1_152' title='bbox 3512 946 3746 1016; x_wconf 77' lang='lat' dir='ltr'><strong>eaiguatu</strong></span> 
     </span>
    </p>
   </div>
   <div class='ocr_carea' id='block_1_24' title="bbox 2190 1032 3748 1106">
    <p class='ocr_par' dir='ltr' id='par_1_24' title="bbox 2190 1032 3748 1106">
     <span class='ocr_line' id='line_1_24' title="bbox 2190 1032 3748 1106; baseline 0.003 -21"><span class='ocrx_word' id='word_1_153' title='bbox 2190 1032 2460 1100; x_wconf 80' lang='lat' dir='ltr'><strong>corporis,</strong></span> <span class='ocrx_word' id='word_1_154' title='bbox 2487 1033 2580 1087; x_wconf 86' lang='lat' dir='ltr'><strong>sed</strong></span> <span class='ocrx_word' id='word_1_155' title='bbox 2612 1033 2780 1102; x_wconf 84' lang='lat' dir='ltr'><strong>ipsam</strong></span> <span class='ocrx_word' id='word_1_156' title='bbox 2818 1034 2942 1102; x_wconf 86' lang='lat' dir='ltr'><strong>quis</strong></span> <span class='ocrx_word' id='word_1_157' title='bbox 2961 1035 3203 1089; x_wconf 83' lang='lat' dir='ltr'><strong>animam</strong></span> <span class='ocrx_word' id='word_1_158' title='bbox 3233 1049 3434 1104; x_wconf 88' lang='lat' dir='ltr'><strong>ponere</strong></span> <span class='ocrx_word' id='word_1_159' title='bbox 3450 1035 3748 1106; x_wconf 65' lang='lat' dir='ltr'><strong>iubetur&quot;.</strong></span> 
     </span>
    </p>
   </div>
   <div class='ocr_carea' id='block_1_25' title="bbox 2191 1126 3750 1197">
    <p class='ocr_par' dir='ltr' id='par_1_25' title="bbox 2191 1126 3750 1197">
     <span class='ocr_line' id='line_1_25' title="bbox 2191 1126 3750 1197; baseline 0.001 -17"><span class='ocrx_word' id='word_1_160' title='bbox 2191 1127 2293 1180; x_wconf 84' lang='lat' dir='ltr'><strong>Sed</strong></span> <span class='ocrx_word' id='word_1_161' title='bbox 2343 1126 2586 1196; x_wconf 67' lang='lat' dir='ltr'><strong>exempla</strong></span> <span class='ocrx_word' id='word_1_162' title='bbox 2616 1137 2953 1196; x_wconf 80' lang='lat' dir='ltr'><strong>martyrum,</strong></span> <span class='ocrx_word' id='word_1_163' title='bbox 3005 1127 3302 1181; x_wconf 85' lang='lat' dir='ltr'><strong>secundum</strong></span> <span class='ocrx_word' id='word_1_164' title='bbox 3330 1142 3464 1194; x_wconf 80' lang='lat' dir='ltr'><strong>vos,</strong></span> <span class='ocrx_word' id='word_1_165' title='bbox 3525 1127 3750 1197; x_wconf 79' lang='lat' dir='ltr'><strong>prohibe-</strong></span> 
     </span>
    </p>
   </div>
   <div class='ocr_carea' id='block_1_26' title="bbox 2188 1218 3751 1288">
    <p class='ocr_par' dir='ltr' id='par_1_26' title="bbox 2188 1218 3751 1288">
     <span class='ocr_line' id='line_1_26' title="bbox 2188 1218 3751 1288; baseline 0 -15"><span class='ocrx_word' id='word_1_166' title='bbox 2188 1218 2321 1273; x_wconf 83' lang='lat' dir='ltr'><strong>bunt</strong></span> <span class='ocrx_word' id='word_1_167' title='bbox 2353 1219 2601 1273; x_wconf 79' lang='lat' dir='ltr'><strong>homines</strong></span> <span class='ocrx_word' id='word_1_168' title='bbox 2635 1222 2898 1274; x_wconf 82' lang='lat' dir='ltr'><strong>accedere</strong></span> <span class='ocrx_word' id='word_1_169' title='bbox 2921 1218 2990 1271; x_wconf 88' lang='lat' dir='ltr'><strong>ad</strong></span> <span class='ocrx_word' id='word_1_170' title='bbox 3016 1219 3197 1272; x_wconf 88' lang='lat' dir='ltr'><strong>fidem.</strong></span> <span class='ocrx_word' id='word_1_171' title='bbox 3237 1221 3322 1270; x_wconf 79' lang='lat' dir='ltr'><strong>An</strong></span> <span class='ocrx_word' id='word_1_172' title='bbox 3349 1232 3415 1272; x_wconf 90' lang='lat' dir='ltr'><strong>eo</strong></span> <span class='ocrx_word' id='word_1_173' title='bbox 3445 1219 3623 1288; x_wconf 87' lang='lat' dir='ltr'><strong>magis</strong></span> <span class='ocrx_word' id='word_1_174' title='bbox 3652 1219 3751 1288; x_wconf 71' lang='grc'><strong>(54)</strong></span> 
     </span>
    </p>
   </div>
   <div class='ocr_carea' id='block_1_27' title="bbox 2189 1309 3748 1380">
    <p class='ocr_par' dir='ltr' id='par_1_27' title="bbox 2189 1309 3748 1380">
     <span class='ocr_line' id='line_1_27' title="bbox 2189 1309 3748 1380; baseline -0.001 -15"><span class='ocrx_word' id='word_1_175' title='bbox 2189 1311 2435 1365; x_wconf 79' lang='lat' dir='ltr'><strong>creditur</strong></span> <span class='ocrx_word' id='word_1_176' title='bbox 2478 1310 2632 1363; x_wconf 89' lang='lat' dir='ltr'><strong>firma</strong></span> <span class='ocrx_word' id='word_1_177' title='bbox 2667 1309 2892 1380; x_wconf 80' lang='lat' dir='ltr'><strong>religio,</strong></span> <span class='ocrx_word' id='word_1_178' title='bbox 2929 1311 3072 1380; x_wconf 89' lang='lat' dir='ltr'><strong>quod</strong></span> <span class='ocrx_word' id='word_1_179' title='bbox 3117 1309 3251 1365; x_wconf 83' lang='lat' dir='ltr'><strong>nihil</strong></span> <span class='ocrx_word' id='word_1_180' title='bbox 3279 1311 3608 1376; x_wconf 87' lang='lat' dir='ltr'><strong>remissum,</strong></span> <span class='ocrx_word' id='word_1_181' title='bbox 3636 1310 3748 1364; x_wconf 83' lang='lat' dir='ltr'><strong>nihil</strong></span> 
     </span>
    </p>
   </div>
   <div class='ocr_carea' id='block_1_28' title="bbox 2190 1401 3746 1470">
    <p class='ocr_par' dir='ltr' id='par_1_28' title="bbox 2190 1401 3746 1470">
     <span class='ocr_line' id='line_1_28' title="bbox 2190 1401 3746 1470; baseline 0.001 -15"><span class='ocrx_word' id='word_1_182' title='bbox 2190 1402 2479 1455; x_wconf 83' lang='lat' dir='ltr'><strong>delicatum</strong></span> <span class='ocrx_word' id='word_1_183' title='bbox 2529 1402 2816 1470; x_wconf 73' lang='lat' dir='ltr'><strong>pollicetur</strong></span> <span class='ocrx_word' id='word_1_184' title='bbox 2851 1414 2943 1456; x_wconf 86' lang='lat' dir='ltr'><strong>aut</strong></span> <span class='ocrx_word' id='word_1_185' title='bbox 2989 1402 3192 1458; x_wconf 75' lang='lat' dir='ltr'><strong>uiuite?</strong></span> <span class='ocrx_word' id='word_1_186' title='bbox 3245 1401 3400 1470; x_wconf 84' lang='lat' dir='ltr'><strong>Quod</strong></span> <span class='ocrx_word' id='word_1_187' title='bbox 3441 1412 3502 1456; x_wconf 89' lang='lat' dir='ltr'><strong>et</strong></span> <span class='ocrx_word' id='word_1_188' title='bbox 3542 1402 3589 1457; x_wconf 89' lang='lat' dir='ltr'><strong>si</strong></span> <span class='ocrx_word' id='word_1_189' title='bbox 3633 1402 3746 1456; x_wconf 81' lang='lat' dir='ltr'><strong>nihil</strong></span> 
     </span>
    </p>
   </div>
   <div class='ocr_carea' id='block_1_29' title="bbox 2185 1491 3746 1562">
    <p class='ocr_par' dir='ltr' id='par_1_29' title="bbox 2185 1491 3746 1562">
     <span class='ocr_line' id='line_1_29' title="bbox 2185 1491 3746 1562; baseline 0.001 -18"><span class='ocrx_word' id='word_1_190' title='bbox 2185 1492 2332 1546; x_wconf 82' lang='lat' dir='ltr'><strong>aliud</strong></span> <span class='ocrx_word' id='word_1_191' title='bbox 2391 1495 2717 1548; x_wconf 77' lang='lat' dir='ltr'><strong>sacramenti</strong></span> <span class='ocrx_word' id='word_1_192' title='bbox 2779 1491 3077 1562; x_wconf 78' lang='lat' dir='ltr'><strong>figuraliter</strong></span> <span class='ocrx_word' id='word_1_193' title='bbox 3125 1494 3476 1548; x_wconf 86' lang='lat' dir='ltr'><strong>circumcisio</strong></span> <span class='ocrx_word' id='word_1_194' title='bbox 3529 1503 3746 1556; x_wconf 84' lang='lat' dir='ltr'><strong>teneret,</strong></span> 
     </span>
    </p>
   </div>
   <div class='ocr_carea' id='block_1_30' title="bbox 2187 1582 3749 1653">
    <p class='ocr_par' dir='ltr' id='par_1_30' title="bbox 2187 1582 3749 1653">
     <span class='ocr_line' id='line_1_30' title="bbox 2187 1582 3749 1653; baseline -0.001 -16"><span class='ocrx_word' id='word_1_195' title='bbox 2187 1585 2316 1653; x_wconf 85' lang='lat' dir='ltr'><strong>quid</strong></span> <span class='ocrx_word' id='word_1_196' title='bbox 2357 1594 2508 1638; x_wconf 82' lang='lat' dir='ltr'><strong>esset</strong></span> <span class='ocrx_word' id='word_1_197' title='bbox 2533 1582 2779 1650; x_wconf 83' lang='lat' dir='ltr'><strong>absurdi,</strong></span> <span class='ocrx_word' id='word_1_198' title='bbox 2832 1585 2878 1638; x_wconf 83' lang='lat' dir='ltr'><strong>si</strong></span> <span class='ocrx_word' id='word_1_199' title='bbox 2923 1584 2988 1638; x_wconf 87' lang='lat' dir='ltr'><strong>ad</strong></span> <span class='ocrx_word' id='word_1_200' title='bbox 3023 1585 3405 1640; x_wconf 76' lang='lat' dir='ltr'><strong>discretionem</strong></span> <span class='ocrx_word' id='word_1_201' title='bbox 3438 1593 3749 1639; x_wconf 61' lang='lat' dir='ltr'><strong>ceterarum</strong></span> 
     </span>
    </p>
   </div>
   <div class='ocr_carea' id='block_1_31' title="bbox 2189 1675 3750 1746">
    <p class='ocr_par' dir='ltr' id='par_1_31' title="bbox 2189 1675 3750 1746">
     <span class='ocr_line' id='line_1_31' title="bbox 2189 1675 3750 1746; baseline -0.001 -17"><span class='ocrx_word' id='word_1_202' title='bbox 2189 1676 2428 1746; x_wconf 79' lang='lat' dir='ltr'><strong>gentium</strong></span> <span class='ocrx_word' id='word_1_203' title='bbox 2463 1676 2734 1745; x_wconf 88' lang='lat' dir='ltr'><strong>populus,</strong></span> <span class='ocrx_word' id='word_1_204' title='bbox 2779 1677 2872 1745; x_wconf 92' lang='lat' dir='ltr'><strong>qui</strong></span> <span class='ocrx_word' id='word_1_205' title='bbox 2917 1675 3020 1732; x_wconf 87' lang='lat' dir='ltr'><strong>sub</strong></span> <span class='ocrx_word' id='word_1_206' title='bbox 3069 1675 3186 1745; x_wconf 88' lang='lat' dir='ltr'><strong>lege</strong></span> <span class='ocrx_word' id='word_1_207' title='bbox 3227 1675 3322 1730; x_wconf 82' lang='lat' dir='ltr'><strong>Dei</strong></span> <span class='ocrx_word' id='word_1_208' title='bbox 3355 1675 3750 1736; x_wconf 75' lang='lat' dir='ltr'><strong>instituebatur.</strong></span> 
     </span>
    </p>
   </div>
   <div class='ocr_carea' id='block_1_32' title="bbox 2191 1767 3744 1839">
    <p class='ocr_par' dir='ltr' id='par_1_32' title="bbox 2191 1767 3744 1839">
     <span class='ocr_line' id='line_1_32' title="bbox 2191 1767 3744 1839; baseline -0.001 -18"><span class='ocrx_word' id='word_1_209' title='bbox 2191 1768 2467 1839; x_wconf 88' lang='lat' dir='ltr'><strong>proprium</strong></span> <span class='ocrx_word' id='word_1_210' title='bbox 2504 1768 2722 1837; x_wconf 79' lang='lat' dir='ltr'><strong>aliquod</strong></span> <span class='ocrx_word' id='word_1_211' title='bbox 2749 1777 2984 1836; x_wconf 75' lang='lat' dir='ltr'><strong>gestaret</strong></span> <span class='ocrx_word' id='word_1_212' title='bbox 3021 1767 3266 1838; x_wconf 76' lang='lat' dir='ltr'><strong>insigne?</strong></span> <span class='ocrx_word' id='word_1_213' title='bbox 3295 1775 3351 1824; x_wconf 80' lang='lat' dir='ltr'><strong>et</strong></span> <span class='ocrx_word' id='word_1_214' title='bbox 3381 1768 3428 1822; x_wconf 84' lang='lat' dir='ltr'><strong>si</strong></span> <span class='ocrx_word' id='word_1_215' title='bbox 3456 1769 3744 1822; x_wconf 74' lang='lat' dir='ltr'><strong>necessaria</strong></span> 
     </span>
    </p>
   </div>
   <div class='ocr_carea' id='block_1_33' title="bbox 513 1847 3746 1926">
    <p class='ocr_par' dir='ltr' id='par_1_33' title="bbox 513 1847 3746 1926">
     <span class='ocr_line' id='line_1_33' title="bbox 513 1847 3746 1926; baseline 0.001 -20"><span class='ocrx_word' id='word_1_216' title='bbox 513 1855 660 1908; x_wconf 70' lang='lat' dir='ltr'><strong>vobis</strong></span> <span class='ocrx_word' id='word_1_217' title='bbox 691 1868 854 1923; x_wconf 84' lang='lat' dir='ltr'><strong>posse</strong></span> <span class='ocrx_word' id='word_1_218' title='bbox 885 1851 1170 1907; x_wconf 76' lang='lat' dir='ltr'><strong>credatis?</strong></span> <span class='ocrx_word' id='word_1_219' title='bbox 1232 1851 1385 1918; x_wconf 86' lang='lat' dir='ltr'><strong>Quod</strong></span> <span class='ocrx_word' id='word_1_220' title='bbox 1419 1851 1463 1905; x_wconf 88' lang='lat' dir='ltr'><strong>si</strong></span> <span class='ocrx_word' id='word_1_221' title='bbox 1496 1853 1639 1921; x_wconf 87' lang='lat' dir='ltr'><strong>apud</strong></span> <span class='ocrx_word' id='word_1_222' title='bbox 1669 1866 1762 1904; x_wconf 88' lang='lat' dir='ltr'><strong>vos</strong></span> <span class='ocrx_word' id='word_1_223' title='bbox 1786 1866 1886 1919; x_wconf 91' lang='lat' dir='ltr'><strong>pro</strong></span> <span class='ocrx_word' id='word_1_224' title='bbox 1919 1860 1997 1904; x_wconf 90' lang='lat' dir='ltr'><strong>tot</strong></span> <span class='ocrx_word' id='word_1_225' title='bbox 2031 1859 2086 1904; x_wconf 85' lang='lat' dir='ltr'><strong>et</strong></span> <span class='ocrx_word' id='word_1_226' title='bbox 2113 1847 2158 1904; x_wconf 72' lang='grc' dir='ltr'><strong>θ</strong></span> <span class='ocrx_word' id='word_1_227' title='bbox 2191 1857 2302 1910; x_wconf 85' lang='lat' dir='ltr'><strong>visa</strong></span> <span class='ocrx_word' id='word_1_228' title='bbox 2339 1865 2426 1912; x_wconf 87' lang='lat' dir='ltr'><strong>est</strong></span> <span class='ocrx_word' id='word_1_229' title='bbox 2471 1857 2641 1926; x_wconf 88' lang='lat' dir='ltr'><strong>partis</strong></span> <span class='ocrx_word' id='word_1_230' title='bbox 2689 1855 2920 1924; x_wconf 80' lang='lat' dir='ltr'><strong>alicujus</strong></span> <span class='ocrx_word' id='word_1_231' title='bbox 2953 1857 3279 1926; x_wconf 79' lang='lat' dir='ltr'><strong>amputatio,</strong></span> <span class='ocrx_word' id='word_1_232' title='bbox 3326 1857 3459 1926; x_wconf 89' lang='lat' dir='ltr'><strong>quid</strong></span> <span class='ocrx_word' id='word_1_233' title='bbox 3495 1867 3597 1912; x_wconf 86' lang='lat' dir='ltr'><strong>tam</strong></span> <span class='ocrx_word' id='word_1_234' title='bbox 3624 1872 3746 1912; x_wconf 82' lang='lat' dir='ltr'><strong>con-</strong></span> 
     </span>
    </p>
   </div>
   <div class='ocr_carea' id='block_1_34' title="bbox 510 1941 2085 2012">
    <p class='ocr_par' dir='ltr' id='par_1_34' title="bbox 510 1941 2085 2012">
     <span class='ocr_line' id='line_1_34' title="bbox 510 1941 2085 2012; baseline -0.002 -14"><span class='ocrx_word' id='word_1_235' title='bbox 510 1947 675 1998; x_wconf 86' lang='lat' dir='ltr'><strong>tantis</strong></span> <span class='ocrx_word' id='word_1_236' title='bbox 721 1953 1060 1999; x_wconf 86' lang='lat' dir='ltr'><strong>secretorum</strong></span> <span class='ocrx_word' id='word_1_237' title='bbox 1109 1952 1411 1997; x_wconf 85' lang='lat' dir='ltr'><strong>vestrorum</strong></span> <span class='ocrx_word' id='word_1_238' title='bbox 1455 1943 1638 1997; x_wconf 85' lang='lat' dir='ltr'><strong>causis</strong></span> <span class='ocrx_word' id='word_1_239' title='bbox 1681 1958 1804 2012; x_wconf 81' lang='lat' dir='ltr'><strong>qua:</strong></span> <span class='ocrx_word' id='word_1_240' title='bbox 1836 1941 2085 1995; x_wconf 85' lang='lat' dir='ltr'><strong>ministra</strong></span> 
     </span>
    </p>
   </div>
   <div class='ocr_carea' id='block_1_35' title="bbox 509 2033 2084 2105">
    <p class='ocr_par' dir='ltr' id='par_1_35' title="bbox 509 2033 2084 2105">
     <span class='ocr_line' id='line_1_35' title="bbox 509 2033 2084 2105; baseline -0.003 -15"><span class='ocrx_word' id='word_1_241' title='bbox 509 2038 924 2091; x_wconf 80' lang='lat' dir='ltr'><strong>eirctnncisione</strong></span> <span class='ocrx_word' id='word_1_242' title='bbox 967 2045 1334 2105; x_wconf 82' lang='lat' dir='ltr'><strong>peraguntur,</strong></span> <span class='ocrx_word' id='word_1_243' title='bbox 1383 2036 1752 2089; x_wconf 85' lang='lat' dir='ltr'><strong>necessarium</strong></span> <span class='ocrx_word' id='word_1_244' title='bbox 1785 2033 1888 2088; x_wconf 88' lang='lat' dir='ltr'><strong>erit</strong></span> <span class='ocrx_word' id='word_1_245' title='bbox 1916 2033 2084 2086; x_wconf 80' lang='lat' dir='ltr'><strong>ratio-</strong></span> 
     </span>
    </p>
   </div>
   <div class='ocr_carea' id='block_1_36' title="bbox 511 2124 2086 2196">
    <p class='ocr_par' dir='ltr' id='par_1_36' title="bbox 511 2124 2086 2196">
     <span class='ocr_line' id='line_1_36' title="bbox 511 2124 2086 2196; baseline -0.003 -14"><span class='ocrx_word' id='word_1_246' title='bbox 511 2145 630 2183; x_wconf 89' lang='lat' dir='ltr'><strong>nem</strong></span> <span class='ocrx_word' id='word_1_247' title='bbox 659 2129 852 2196; x_wconf 71' lang='lat' dir='ltr'><strong>qumri,</strong></span> <span class='ocrx_word' id='word_1_248' title='bbox 887 2138 942 2182; x_wconf 90' lang='lat' dir='ltr'><strong>et</strong></span> <span class='ocrx_word' id='word_1_249' title='bbox 976 2128 1135 2181; x_wconf 89' lang='lat' dir='ltr'><strong>talem</strong></span> <span class='ocrx_word' id='word_1_250' title='bbox 1170 2141 1290 2196; x_wconf 78' lang='lat' dir='ltr'><strong>qua:</strong></span> <span class='ocrx_word' id='word_1_251' title='bbox 1321 2126 1597 2181; x_wconf 90' lang='lat' dir='ltr'><strong>contemni</strong></span> <span class='ocrx_word' id='word_1_252' title='bbox 1627 2141 1735 2180; x_wconf 89' lang='lat' dir='ltr'><strong>non</strong></span> <span class='ocrx_word' id='word_1_253' title='bbox 1767 2124 1980 2191; x_wconf 87' lang='lat' dir='ltr'><strong>debeat,</strong></span> <span class='ocrx_word' id='word_1_254' title='bbox 2020 2138 2086 2178; x_wconf 92' lang='lat' dir='ltr'><strong>ne</strong></span> 
     </span>
    </p>
   </div>
   <div class='ocr_carea' id='block_1_37' title="bbox 505 2217 2084 2290">
    <p class='ocr_par' dir='ltr' id='par_1_37' title="bbox 505 2217 2084 2290">
     <span class='ocr_line' id='line_1_37' title="bbox 505 2217 2084 2290; baseline -0.003 -16"><span class='ocrx_word' id='word_1_255' title='bbox 505 2239 628 2275; x_wconf 79' lang='lat' dir='ltr'><strong>cum</strong></span> <span class='ocrx_word' id='word_1_256' title='bbox 679 2237 740 2276; x_wconf 86' lang='lat' dir='ltr'><strong>ea</strong></span> <span class='ocrx_word' id='word_1_257' title='bbox 783 2230 993 2275; x_wconf 73' lang='lat' dir='ltr'><strong>etmette</strong></span> <span class='ocrx_word' id='word_1_258' title='bbox 1017 2219 1223 2290; x_wconf 86' lang='lat' dir='ltr'><strong>pariter</strong></span> <span class='ocrx_word' id='word_1_259' title='bbox 1263 2218 1416 2274; x_wconf 88' lang='lat' dir='ltr'><strong>vobis</strong></span> <span class='ocrx_word' id='word_1_260' title='bbox 1445 2218 1783 2274; x_wconf 73' lang='lat' dir='ltr'><strong>caeremoniae</strong></span> <span class='ocrx_word' id='word_1_261' title='bbox 1812 2217 2084 2273; x_wconf 88' lang='lat' dir='ltr'><strong>subruan-</strong></span> 
     </span>
    </p>
   </div>
   <div class='ocr_carea' id='block_1_38' title="bbox 507 2309 2086 2384">
    <p class='ocr_par' dir='ltr' id='par_1_38' title="bbox 507 2309 2086 2384">
     <span class='ocr_line' id='line_1_38' title="bbox 507 2309 2086 2384; baseline -0.003 -16"><span class='ocrx_word' id='word_1_262' title='bbox 507 2329 598 2368; x_wconf 77' lang='lat' dir='ltr'><strong>tur</strong></span> <span class='ocrx_word' id='word_1_263' title='bbox 626 2313 762 2384; x_wconf 71' lang='lat' dir='ltr'><strong>(Sf),</strong></span> <span class='ocrx_word' id='word_1_264' title='bbox 799 2328 897 2368; x_wconf 87' lang='lat' dir='ltr'><strong>cur</strong></span> <span class='ocrx_word' id='word_1_265' title='bbox 929 2328 1036 2367; x_wconf 86' lang='lat' dir='ltr'><strong>non</strong></span> <span class='ocrx_word' id='word_1_266' title='bbox 1059 2313 1110 2366; x_wconf 90' lang='lat' dir='ltr'><strong>id</strong></span> <span class='ocrx_word' id='word_1_267' title='bbox 1139 2312 1302 2366; x_wconf 86' lang='lat' dir='ltr'><strong>etiam</strong></span> <span class='ocrx_word' id='word_1_268' title='bbox 1330 2311 1470 2380; x_wconf 88' lang='lat' dir='ltr'><strong>apud</strong></span> <span class='ocrx_word' id='word_1_269' title='bbox 1499 2325 1598 2365; x_wconf 91' lang='lat' dir='ltr'><strong>nos</strong></span> <span class='ocrx_word' id='word_1_270' title='bbox 1626 2309 1742 2364; x_wconf 88' lang='lat' dir='ltr'><strong>fieri</strong></span> <span class='ocrx_word' id='word_1_271' title='bbox 1773 2323 1934 2379; x_wconf 85' lang='lat' dir='ltr'><strong>posse</strong></span> <span class='ocrx_word' id='word_1_272' title='bbox 1959 2323 2086 2378; x_wconf 81' lang='lat' dir='ltr'><strong>spe-</strong></span> 
     </span>
    </p>
   </div>
   <div class='ocr_carea' id='block_1_39' title="bbox 508 2401 2089 2473">
    <p class='ocr_par' dir='ltr' id='par_1_39' title="bbox 508 2401 2089 2473">
     <span class='ocr_line' id='line_1_39' title="bbox 508 2401 2089 2473; baseline -0.001 -15"><span class='ocrx_word' id='word_1_273' title='bbox 508 2406 686 2460; x_wconf 82' lang='lat' dir='ltr'><strong>retis?</strong></span> <span class='ocrx_word' id='word_1_274' title='bbox 730 2408 927 2460; x_wconf 70' lang='lat' dir='ltr'><strong>Verum</strong></span> <span class='ocrx_word' id='word_1_275' title='bbox 975 2406 1017 2459; x_wconf 87' lang='lat' dir='ltr'><strong>si</strong></span> <span class='ocrx_word' id='word_1_276' title='bbox 1070 2403 1345 2473; x_wconf 76' lang='lat' dir='ltr'><strong>replicatis</strong></span> <span class='ocrx_word' id='word_1_277' title='bbox 1385 2403 1640 2458; x_wconf 87' lang='lat' dir='ltr'><strong>historias</strong></span> <span class='ocrx_word' id='word_1_278' title='bbox 1669 2411 1907 2467; x_wconf 82' lang='lat' dir='ltr'><strong>vestras,</strong></span> <span class='ocrx_word' id='word_1_279' title='bbox 1939 2401 2089 2456; x_wconf 78' lang='lat' dir='ltr'><strong>iuve-</strong></span> 
     </span>
    </p>
   </div>
   <div class='ocr_carea' id='block_1_40' title="bbox 476 2493 2085 2566">
    <p class='ocr_par' dir='ltr' id='par_1_40' title="bbox 476 2493 2085 2566">
     <span class='ocr_line' id='line_1_40' title="bbox 476 2493 2085 2566; baseline -0.004 -14"><span class='ocrx_word' id='word_1_280' title='bbox 476 2557 484 2566; x_wconf 58' lang='grc'><em>,</em></span> <span class='ocrx_word' id='word_1_281' title='bbox 509 2501 672 2554; x_wconf 77' lang='lat' dir='ltr'><strong>nietis</strong></span> <span class='ocrx_word' id='word_1_282' title='bbox 703 2513 808 2554; x_wconf 89' lang='lat' dir='ltr'><strong>non</strong></span> <span class='ocrx_word' id='word_1_283' title='bbox 835 2498 1011 2554; x_wconf 91' lang='lat' dir='ltr'><strong>solum</strong></span> <span class='ocrx_word' id='word_1_284' title='bbox 1038 2495 1425 2566; x_wconf 65' lang='lat' dir='ltr'><strong>Egyptiorutn</strong></span> <span class='ocrx_word' id='word_1_285' title='bbox 1471 2495 1786 2549; x_wconf 83' lang='lat' dir='ltr'><strong>sacerdotes</strong></span> <span class='ocrx_word' id='word_1_286' title='bbox 1815 2503 1870 2548; x_wconf 89' lang='lat' dir='ltr'><strong>et</strong></span> <span class='ocrx_word' id='word_1_287' title='bbox 1897 2493 2085 2548; x_wconf 82' lang='lat' dir='ltr'><strong>hiero-</strong></span> 
     </span>
    </p>
   </div>
   <div class='ocr_carea' id='block_1_41' title="bbox 507 2585 2088 2661">
    <p class='ocr_par' dir='ltr' id='par_1_41' title="bbox 507 2585 2088 2661">
     <span class='ocr_line' id='line_1_41' title="bbox 507 2585 2088 2661; baseline -0.004 -15"><span class='ocrx_word' id='word_1_288' title='bbox 507 2595 741 2661; x_wconf 62' lang='lat' dir='ltr'><strong>phantrs</strong></span> <span class='ocrx_word' id='word_1_289' title='bbox 773 2607 899 2646; x_wconf 83' lang='lat' dir='ltr'><strong>usos</strong></span> <span class='ocrx_word' id='word_1_290' title='bbox 937 2605 1057 2645; x_wconf 84' lang='lat' dir='ltr'><strong>esse</strong></span> <span class='ocrx_word' id='word_1_291' title='bbox 1084 2587 1536 2650; x_wconf 81' lang='lat' dir='ltr'><strong>circumcisione,</strong></span> <span class='ocrx_word' id='word_1_292' title='bbox 1583 2589 1678 2642; x_wconf 81' lang='lat' dir='ltr'><strong>sed</strong></span> <span class='ocrx_word' id='word_1_293' title='bbox 1709 2596 1764 2642; x_wconf 87' lang='lat' dir='ltr'><strong>et</strong></span> <span class='ocrx_word' id='word_1_294' title='bbox 1793 2585 2001 2642; x_wconf 79' lang='lat' dir='ltr'><strong>Arabas</strong></span> <span class='ocrx_word' id='word_1_295' title='bbox 2032 2594 2088 2640; x_wconf 86' lang='lat' dir='ltr'><strong>et</strong></span> 
     </span>
    </p>
   </div>
   <div class='ocr_carea' id='block_1_42' title="bbox 505 2679 2087 2753">
    <p class='ocr_par' dir='ltr' id='par_1_42' title="bbox 505 2679 2087 2753">
     <span class='ocr_line' id='line_1_42' title="bbox 505 2679 2087 2753; baseline -0.004 -13"><span class='ocrx_word' id='word_1_296' title='bbox 505 2684 832 2753; x_wconf 66' lang='lat' dir='ltr'><strong>Aitliiopas,</strong></span> <span class='ocrx_word' id='word_1_297' title='bbox 881 2693 934 2736; x_wconf 91' lang='lat' dir='ltr'><strong>et</strong></span> <span class='ocrx_word' id='word_1_298' title='bbox 985 2681 1308 2742; x_wconf 70' lang='lat' dir='ltr'><strong>Pluenices,</strong></span> <span class='ocrx_word' id='word_1_299' title='bbox 1347 2679 1592 2749; x_wconf 87' lang='lat' dir='ltr'><strong>aliosque</strong></span> <span class='ocrx_word' id='word_1_300' title='bbox 1632 2694 1863 2749; x_wconf 87' lang='lat' dir='ltr'><strong>quorum</strong></span> <span class='ocrx_word' id='word_1_301' title='bbox 1909 2679 2087 2734; x_wconf 87' lang='lat' dir='ltr'><strong>studia</strong></span> 
     </span>
    </p>
   </div>
   <div class='ocr_carea' id='block_1_43' title="bbox 504 2772 2088 2845">
    <p class='ocr_par' dir='ltr' id='par_1_43' title="bbox 504 2772 2088 2845">
     <span class='ocr_line' id='line_1_43' title="bbox 504 2772 2088 2845; baseline -0.002 -15"><span class='ocrx_word' id='word_1_302' title='bbox 504 2793 634 2844; x_wconf 79' lang='lat' dir='ltr'><strong>erga</strong></span> <span class='ocrx_word' id='word_1_303' title='bbox 689 2774 1057 2845; x_wconf 73' lang='lat' dir='ltr'><strong>hujuscemodi</strong></span> <span class='ocrx_word' id='word_1_304' title='bbox 1108 2772 1521 2842; x_wconf 78' lang='lat' dir='ltr'><strong>superstitiones</strong></span> <span class='ocrx_word' id='word_1_305' title='bbox 1583 2773 1818 2827; x_wconf 90' lang='lat' dir='ltr'><strong>nobilius</strong></span> <span class='ocrx_word' id='word_1_306' title='bbox 1869 2772 2088 2842; x_wconf 88' lang='lat' dir='ltr'><strong>viguere</strong></span> 
     </span>
    </p>
   </div>
   <div class='ocr_carea' id='block_1_44' title="bbox 507 2862 2088 2936">
    <p class='ocr_par' dir='ltr' id='par_1_44' title="bbox 507 2862 2088 2936">
     <span class='ocr_line' id='line_1_44' title="bbox 507 2862 2088 2936; baseline -0.003 -17"><span class='ocrx_word' id='word_1_307' title='bbox 507 2866 645 2936; x_wconf 70' lang='grc'><strong>(52).</strong></span> <span class='ocrx_word' id='word_1_308' title='bbox 685 2865 811 2919; x_wconf 67' lang='lat' dir='ltr'><strong>llaec</strong></span> <span class='ocrx_word' id='word_1_309' title='bbox 841 2864 1171 2918; x_wconf 70' lang='lat' dir='ltr'><strong>sufﬁcienter</strong></span> <span class='ocrx_word' id='word_1_310' title='bbox 1199 2863 1340 2916; x_wconf 88' lang='lat' dir='ltr'><strong>dicta</strong></span> <span class='ocrx_word' id='word_1_311' title='bbox 1375 2863 1486 2918; x_wconf 84' lang='lat' dir='ltr'><strong>sint</strong></span> <span class='ocrx_word' id='word_1_312' title='bbox 1521 2864 1805 2917; x_wconf 86' lang='lat' dir='ltr'><strong>adversum</strong></span> <span class='ocrx_word' id='word_1_313' title='bbox 1835 2862 2088 2934; x_wconf 84' lang='lat' dir='ltr'><strong>gentiles,</strong></span> 
     </span>
    </p>
   </div>
   <div class='ocr_carea' id='block_1_45' title="bbox 507 2955 2089 3029">
    <p class='ocr_par' dir='ltr' id='par_1_45' title="bbox 507 2955 2089 3029">
     <span class='ocr_line' id='line_1_45' title="bbox 507 2955 2089 3029; baseline -0.003 -17"><span class='ocrx_word' id='word_1_314' title='bbox 507 2960 704 3029; x_wconf 79' lang='lat' dir='ltr'><strong>quibus</strong></span> <span class='ocrx_word' id='word_1_315' title='bbox 735 2958 799 3011; x_wconf 91' lang='lat' dir='ltr'><strong>de</strong></span> <span class='ocrx_word' id='word_1_316' title='bbox 846 2957 980 3025; x_wconf 81' lang='lat' dir='ltr'><strong>legis</strong></span> <span class='ocrx_word' id='word_1_317' title='bbox 1027 2966 1228 3010; x_wconf 73' lang='lat' dir='ltr'><strong>nostra:</strong></span> <span class='ocrx_word' id='word_1_318' title='bbox 1257 2956 1534 3027; x_wconf 85' lang='lat' dir='ltr'><strong>mysteriis</strong></span> <span class='ocrx_word' id='word_1_319' title='bbox 1571 2955 1902 3026; x_wconf 80' lang='lat' dir='ltr'><strong>loquendum</strong></span> <span class='ocrx_word' id='word_1_320' title='bbox 1931 2969 2089 3025; x_wconf 88' lang='lat' dir='ltr'><strong>aper-</strong></span> 
     </span>
    </p>
   </div>
   <div class='ocr_carea' id='block_1_46' title="bbox 510 3047 2087 3117">
    <p class='ocr_par' dir='ltr' id='par_1_46' title="bbox 510 3047 2087 3117">
     <span class='ocr_line' id='line_1_46' title="bbox 510 3047 2087 3117; baseline -0.003 -11"><span class='ocrx_word' id='word_1_321' title='bbox 510 3055 618 3107; x_wconf 84' lang='lat' dir='ltr'><strong>tius</strong></span> <span class='ocrx_word' id='word_1_322' title='bbox 643 3065 748 3105; x_wconf 87' lang='lat' dir='ltr'><strong>nou</strong></span> <span class='ocrx_word' id='word_1_323' title='bbox 775 3061 913 3106; x_wconf 87' lang='lat' dir='ltr'><strong>erat.</strong></span> <span class='ocrx_word' id='word_1_324' title='bbox 955 3047 1108 3104; x_wconf 84' lang='lat' dir='ltr'><strong>Nunc</strong></span> <span class='ocrx_word' id='word_1_325' title='bbox 1127 3048 1236 3116; x_wconf 84' lang='lat' dir='ltr'><strong>jam</strong></span> <span class='ocrx_word' id='word_1_326' title='bbox 1267 3047 1427 3103; x_wconf 88' lang='lat' dir='ltr'><strong>nobis</strong></span> <span class='ocrx_word' id='word_1_327' title='bbox 1453 3051 1520 3103; x_wconf 88' lang='lat' dir='ltr'><strong>ad</strong></span> <span class='ocrx_word' id='word_1_328' title='bbox 1545 3063 1640 3104; x_wconf 89' lang='lat' dir='ltr'><strong>eos</strong></span> <span class='ocrx_word' id='word_1_329' title='bbox 1667 3064 1852 3104; x_wconf 85' lang='lat' dir='ltr'><strong>sermo</strong></span> <span class='ocrx_word' id='word_1_330' title='bbox 1877 3049 2087 3117; x_wconf 77' lang='lat' dir='ltr'><strong>diriga-</strong></span> 
     </span>
    </p>
   </div>
   <div class='ocr_carea' id='block_1_47' title="bbox 507 3139 2083 3214">
    <p class='ocr_par' dir='ltr' id='par_1_47' title="bbox 507 3139 2083 3214">
     <span class='ocr_line' id='line_1_47' title="bbox 507 3139 2083 3214; baseline -0.003 -15"><span class='ocrx_word' id='word_1_331' title='bbox 507 3162 618 3211; x_wconf 88' lang='lat' dir='ltr'><strong>tur,</strong></span> <span class='ocrx_word' id='word_1_332' title='bbox 665 3146 760 3214; x_wconf 83' lang='lat' dir='ltr'><strong>qui</strong></span> <span class='ocrx_word' id='word_1_333' title='bbox 797 3146 1014 3210; x_wconf 76' lang='lat' dir='ltr'><strong>Christo</strong></span> <span class='ocrx_word' id='word_1_334' title='bbox 1059 3143 1277 3211; x_wconf 87' lang='lat' dir='ltr'><strong>quidem</strong></span> <span class='ocrx_word' id='word_1_335' title='bbox 1321 3145 1550 3198; x_wconf 87' lang='lat' dir='ltr'><strong>credunt</strong></span> <span class='ocrx_word' id='word_1_336' title='bbox 1577 3180 1595 3206; x_wconf 91' lang='lat'><strong>,</strong></span> <span class='ocrx_word' id='word_1_337' title='bbox 1629 3142 1723 3198; x_wconf 86' lang='lat' dir='ltr'><strong>sed</strong></span> <span class='ocrx_word' id='word_1_338' title='bbox 1752 3139 1947 3208; x_wconf 79' lang='lat' dir='ltr'><strong>Legem</strong></span> <span class='ocrx_word' id='word_1_339' title='bbox 1977 3156 2083 3195; x_wconf 90' lang='lat' dir='ltr'><strong>non</strong></span> 
     </span>
    </p>
   </div>
   <div class='ocr_carea' id='block_1_48' title="bbox 508 3231 2080 3306">
    <p class='ocr_par' dir='ltr' id='par_1_48' title="bbox 508 3231 2080 3306">
     <span class='ocr_line' id='line_1_48' title="bbox 508 3231 2080 3306; baseline -0.003 -18"><span class='ocrx_word' id='word_1_340' title='bbox 508 3235 776 3306; x_wconf 85' lang='lat' dir='ltr'><strong>recipiunt</strong></span> <span class='ocrx_word' id='word_1_341' title='bbox 805 3245 860 3288; x_wconf 84' lang='lat' dir='ltr'><strong>et</strong></span> <span class='ocrx_word' id='word_1_342' title='bbox 880 3231 1200 3302; x_wconf 84' lang='lat' dir='ltr'><strong>Prophetas.</strong></span> <span class='ocrx_word' id='word_1_343' title='bbox 1241 3231 1512 3286; x_wconf 76' lang='lat' dir='ltr'><strong>Fatemini</strong></span> <span class='ocrx_word' id='word_1_344' title='bbox 1551 3233 1671 3288; x_wconf 86' lang='lat' dir='ltr'><strong>sine</strong></span> <span class='ocrx_word' id='word_1_345' title='bbox 1697 3231 1864 3286; x_wconf 84' lang='lat' dir='ltr'><strong>dubio</strong></span> <span class='ocrx_word' id='word_1_346' title='bbox 1891 3247 2080 3286; x_wconf 87' lang='lat' dir='ltr'><strong>verum</strong></span> 
     </span>
    </p>
   </div>
   <div class='ocr_carea' id='block_1_49' title="bbox 500 3321 2081 3396">
    <p class='ocr_par' dir='ltr' id='par_1_49' title="bbox 500 3321 2081 3396">
     <span class='ocr_line' id='line_1_49' title="bbox 500 3321 2081 3396; baseline -0.004 -14"><span class='ocrx_word' id='word_1_347' title='bbox 500 3343 623 3382; x_wconf 87' lang='lat' dir='ltr'><strong>esse</strong></span> <span class='ocrx_word' id='word_1_348' title='bbox 654 3327 798 3396; x_wconf 85' lang='lat' dir='ltr'><strong>quod</strong></span> <span class='ocrx_word' id='word_1_349' title='bbox 848 3325 1111 3395; x_wconf 86' lang='lat' dir='ltr'><strong>scriptum</strong></span> <span class='ocrx_word' id='word_1_350' title='bbox 1159 3332 1246 3378; x_wconf 86' lang='lat' dir='ltr'><strong>est</strong></span> <span class='ocrx_word' id='word_1_351' title='bbox 1291 3323 1343 3377; x_wconf 87' lang='lat' dir='ltr'><strong>in</strong></span> <span class='ocrx_word' id='word_1_352' title='bbox 1391 3323 1632 3394; x_wconf 81' lang='lat' dir='ltr'><strong>Epismla</strong></span> <span class='ocrx_word' id='word_1_353' title='bbox 1667 3323 1813 3380; x_wconf 80' lang='lat' dir='ltr'><strong>Petri</strong></span> <span class='ocrx_word' id='word_1_354' title='bbox 1846 3343 1858 3378; x_wconf 92' lang='lat'><strong>:</strong></span> <span class='ocrx_word' id='word_1_355' title='bbox 1893 3342 1913 3374; x_wconf 76' lang='grc' dir='ltr'><strong>ι</strong></span> <span class='ocrx_word' id='word_1_356' title='bbox 1945 3321 2081 3389; x_wconf 85' lang='lat' dir='ltr'><strong>Quia</strong></span> 
     </span>
    </p>
   </div>
   <div class='ocr_carea' id='block_1_50' title="bbox 506 3415 2080 3487">
    <p class='ocr_par' dir='ltr' id='par_1_50' title="bbox 506 3415 2080 3487">
     <span class='ocr_line' id='line_1_50' title="bbox 506 3415 2080 3487; baseline -0.001 -16"><span class='ocrx_word' id='word_1_357' title='bbox 506 3419 770 3487; x_wconf 86' lang='lat' dir='ltr'><strong>redempti</strong></span> <span class='ocrx_word' id='word_1_358' title='bbox 809 3436 830 3471; x_wconf 73' lang='grc' dir='ltr'><strong>ι</strong></span> <span class='ocrx_word' id='word_1_359' title='bbox 873 3432 1062 3472; x_wconf 86' lang='lat' dir='ltr'><strong>smnus</strong></span> <span class='ocrx_word' id='word_1_360' title='bbox 1091 3437 1109 3470; x_wconf 74' lang='grc' dir='ltr'><strong>ι</strong></span> <span class='ocrx_word' id='word_1_361' title='bbox 1145 3432 1250 3472; x_wconf 89' lang='lat' dir='ltr'><strong>non</strong></span> <span class='ocrx_word' id='word_1_362' title='bbox 1285 3415 1632 3486; x_wconf 87' lang='lat' dir='ltr'><strong>corruptibili</strong></span> <span class='ocrx_word' id='word_1_363' title='bbox 1665 3416 1842 3485; x_wconf 85' lang='lat' dir='ltr'><strong>pretio</strong></span> <span class='ocrx_word' id='word_1_364' title='bbox 1871 3415 2080 3485; x_wconf 86' lang='lat' dir='ltr'><strong>argenti</strong></span> 
     </span>
    </p>
   </div>
   <div class='ocr_carea' id='block_1_51' title="bbox 501 3505 2082 3578">
    <p class='ocr_par' dir='ltr' id='par_1_51' title="bbox 501 3505 2082 3578">
     <span class='ocr_line' id='line_1_51' title="bbox 501 3505 2082 3578; baseline -0.001 -15"><span class='ocrx_word' id='word_1_365' title='bbox 501 3520 554 3564; x_wconf 89' lang='lat' dir='ltr'><strong>et</strong></span> <span class='ocrx_word' id='word_1_366' title='bbox 587 3513 704 3564; x_wconf 89' lang='lat' dir='ltr'><strong>auri</strong></span> <span class='ocrx_word' id='word_1_367' title='bbox 723 3545 745 3576; x_wconf 72' lang='lat'><strong>~,</strong></span> <span class='ocrx_word' id='word_1_368' title='bbox 790 3508 884 3564; x_wconf 86' lang='lat' dir='ltr'><strong>sed</strong></span> <span class='ocrx_word' id='word_1_369' title='bbox 944 3508 1181 3576; x_wconf 87' lang='lat' dir='ltr'><strong>pretioso</strong></span> <span class='ocrx_word' id='word_1_370' title='bbox 1229 3509 1490 3578; x_wconf 77' lang='lat' dir='ltr'><strong>sanguine</strong></span> <span class='ocrx_word' id='word_1_371' title='bbox 1525 3525 1545 3560; x_wconf 77' lang='grc' dir='ltr'><strong>ι</strong></span> <span class='ocrx_word' id='word_1_372' title='bbox 1598 3505 1873 3576; x_wconf 80' lang='lat' dir='ltr'><strong>Unigeniti</strong></span> <span class='ocrx_word' id='word_1_373' title='bbox 1903 3507 1970 3560; x_wconf 78' lang='lat'><strong>“.</strong></span> <span class='ocrx_word' id='word_1_374' title='bbox 2021 3505 2082 3562; x_wconf 87' lang='lat' dir='ltr'><strong>Si</strong></span> 
     </span>
    </p>
   </div>
   <div class='ocr_carea' id='block_1_52' title="bbox 496 3599 2080 3675">
    <p class='ocr_par' dir='ltr' id='par_1_52' title="bbox 496 3599 2080 3675">
     <span class='ocr_line' id='line_1_52' title="bbox 496 3599 2080 3675; baseline -0.002 -17"><span class='ocrx_word' id='word_1_375' title='bbox 496 3617 631 3675; x_wconf 79' lang='lat' dir='ltr'><strong>ergo</strong></span> <span class='ocrx_word' id='word_1_376' title='bbox 661 3623 680 3656; x_wconf 82' lang='grc' dir='ltr'><strong>ι</strong></span> <span class='ocrx_word' id='word_1_377' title='bbox 719 3603 895 3672; x_wconf 87' lang='lat' dir='ltr'><strong>pretio</strong></span> <span class='ocrx_word' id='word_1_378' title='bbox 921 3603 1086 3670; x_wconf 85' lang='lat' dir='ltr'><strong>empti</strong></span> <span class='ocrx_word' id='word_1_379' title='bbox 1121 3619 1142 3654; x_wconf 70' lang='grc' dir='ltr'>δ</span> <span class='ocrx_word' id='word_1_380' title='bbox 1171 3613 1358 3654; x_wconf 89' lang='lat' dir='ltr'><strong>sumus</strong></span> <span class='ocrx_word' id='word_1_381' title='bbox 1378 3639 1396 3664; x_wconf 91' lang='lat'><strong>,</strong></span> <span class='ocrx_word' id='word_1_382' title='bbox 1435 3609 1494 3655; x_wconf 88' lang='lat' dir='ltr'><strong>ut</strong></span> <span class='ocrx_word' id='word_1_383' title='bbox 1529 3601 1692 3655; x_wconf 88' lang='lat' dir='ltr'><strong>etiam</strong></span> <span class='ocrx_word' id='word_1_384' title='bbox 1718 3599 1920 3656; x_wconf 84' lang='lat' dir='ltr'><strong>Paulus</strong></span> <span class='ocrx_word' id='word_1_385' title='bbox 1943 3600 2080 3656; x_wconf 81' lang='lat' dir='ltr'><strong>asti-</strong></span> 
     </span>
    </p>
   </div>
   <div class='ocr_carea' id='block_1_53' title="bbox 502 3693 2083 3765">
    <p class='ocr_par' dir='ltr' id='par_1_53' title="bbox 502 3693 2083 3765">
     <span class='ocr_line' id='line_1_53' title="bbox 502 3693 2083 3765; baseline -0.003 -14"><span class='ocrx_word' id='word_1_386' title='bbox 502 3696 724 3765; x_wconf 84' lang='lat' dir='ltr'><strong>pulutur</strong></span> <span class='ocrx_word' id='word_1_387' title='bbox 752 3696 826 3759; x_wconf 78' lang='grc'><strong>⁸⁷,</strong></span> <span class='ocrx_word' id='word_1_388' title='bbox 866 3696 936 3749; x_wconf 84' lang='lat' dir='ltr'><strong>ab</strong></span> <span class='ocrx_word' id='word_1_389' title='bbox 965 3695 1149 3764; x_wconf 85' lang='lat' dir='ltr'><strong>aliquo</strong></span> <span class='ocrx_word' id='word_1_390' title='bbox 1173 3693 1293 3748; x_wconf 85' lang='lat' dir='ltr'><strong>sine</strong></span> <span class='ocrx_word' id='word_1_391' title='bbox 1325 3693 1490 3748; x_wconf 89' lang='lat' dir='ltr'><strong>dubio</strong></span> <span class='ocrx_word' id='word_1_392' title='bbox 1515 3693 1682 3764; x_wconf 86' lang='lat' dir='ltr'><strong>empti</strong></span> <span class='ocrx_word' id='word_1_393' title='bbox 1725 3707 1953 3760; x_wconf 86' lang='lat' dir='ltr'><strong>sumus,</strong></span> <span class='ocrx_word' id='word_1_394' title='bbox 1987 3708 2083 3748; x_wconf 86' lang='lat' dir='ltr'><strong>cu-</strong></span> 
     </span>
    </p>
   </div>
   <div class='ocr_carea' id='block_1_54' title="bbox 495 3785 2080 3858">
    <p class='ocr_par' dir='ltr' id='par_1_54' title="bbox 495 3785 2080 3858">
     <span class='ocr_line' id='line_1_54' title="bbox 495 3785 2080 3858; baseline -0.003 -15"><span class='ocrx_word' id='word_1_395' title='bbox 495 3789 586 3858; x_wconf 73' lang='lat' dir='ltr'><strong>ius</strong></span> <span class='ocrx_word' id='word_1_396' title='bbox 613 3795 835 3844; x_wconf 78' lang='lat' dir='ltr'><strong>eramus</strong></span> <span class='ocrx_word' id='word_1_397' title='bbox 871 3787 1040 3853; x_wconf 88' lang='lat' dir='ltr'><strong>servi,</strong></span> <span class='ocrx_word' id='word_1_398' title='bbox 1068 3786 1164 3856; x_wconf 83' lang='lat' dir='ltr'><strong>qui</strong></span> <span class='ocrx_word' id='word_1_399' title='bbox 1190 3795 1245 3842; x_wconf 89' lang='lat' dir='ltr'><strong>et</strong></span> <span class='ocrx_word' id='word_1_400' title='bbox 1273 3787 1506 3856; x_wconf 83' lang='lat' dir='ltr'><strong>pretium</strong></span> <span class='ocrx_word' id='word_1_401' title='bbox 1537 3786 1782 3856; x_wconf 83' lang='lat' dir='ltr'><strong>poposcit</strong></span> <span class='ocrx_word' id='word_1_402' title='bbox 1813 3785 1956 3854; x_wconf 91' lang='lat' dir='ltr'><strong>quod</strong></span> <span class='ocrx_word' id='word_1_403' title='bbox 1981 3799 2080 3839; x_wconf 79' lang='lat' dir='ltr'><strong>vo-</strong></span> 
     </span>
    </p>
   </div>
   <div class='ocr_carea' id='block_1_55' title="bbox 501 3875 2078 3950">
    <p class='ocr_par' dir='ltr' id='par_1_55' title="bbox 501 3875 2078 3950">
     <span class='ocr_line' id='line_1_55' title="bbox 501 3875 2078 3950; baseline -0.001 -16"><span class='ocrx_word' id='word_1_404' title='bbox 501 3882 624 3946; x_wconf 85' lang='lat' dir='ltr'><strong>luit,</strong></span> <span class='ocrx_word' id='word_1_405' title='bbox 662 3891 720 3937; x_wconf 89' lang='lat' dir='ltr'><strong>ut</strong></span> <span class='ocrx_word' id='word_1_406' title='bbox 753 3881 821 3936; x_wconf 88' lang='lat' dir='ltr'><strong>de</strong></span> <span class='ocrx_word' id='word_1_407' title='bbox 861 3887 1132 3950; x_wconf 83' lang='lat' dir='ltr'><strong>potestate</strong></span> <span class='ocrx_word' id='word_1_408' title='bbox 1179 3876 1479 3934; x_wconf 83' lang='lat' dir='ltr'><strong>dimitteret</strong></span> <span class='ocrx_word' id='word_1_409' title='bbox 1521 3893 1660 3949; x_wconf 88' lang='lat' dir='ltr'><strong>quos</strong></span> <span class='ocrx_word' id='word_1_410' title='bbox 1693 3877 1928 3933; x_wconf 88' lang='lat' dir='ltr'><strong>tenebat.</strong></span> <span class='ocrx_word' id='word_1_411' title='bbox 1972 3875 2078 3932; x_wconf 79' lang='lat' dir='ltr'><strong>Te-</strong></span> 
     </span>
    </p>
   </div>
   <div class='ocr_carea' id='block_1_56' title="bbox 501 3970 2082 4037">
    <p class='ocr_par' dir='ltr' id='par_1_56' title="bbox 501 3970 2082 4037">
     <span class='ocr_line' id='line_1_56' title="bbox 501 3970 2082 4037; baseline -0.002 -11"><span class='ocrx_word' id='word_1_412' title='bbox 501 3974 666 4026; x_wconf 81' lang='lat' dir='ltr'><strong>nebat</strong></span> <span class='ocrx_word' id='word_1_413' title='bbox 697 3981 881 4025; x_wconf 89' lang='lat' dir='ltr'><strong>autem</strong></span> <span class='ocrx_word' id='word_1_414' title='bbox 914 3985 1015 4025; x_wconf 89' lang='lat' dir='ltr'><strong>nos</strong></span> <span class='ocrx_word' id='word_1_415' title='bbox 1045 3970 1294 4024; x_wconf 86' lang='lat' dir='ltr'><strong>diabolus</strong></span> <span class='ocrx_word' id='word_1_416' title='bbox 1314 4013 1328 4037; x_wconf 94' lang='lat'><strong>,</strong></span> <span class='ocrx_word' id='word_1_417' title='bbox 1366 3971 1451 4026; x_wconf 91' lang='lat' dir='ltr'><strong>cui</strong></span> <span class='ocrx_word' id='word_1_418' title='bbox 1507 3970 1755 4027; x_wconf 80' lang='lat' dir='ltr'><strong>distracti</strong></span> <span class='ocrx_word' id='word_1_419' title='bbox 1800 3970 2082 4025; x_wconf 82' lang='lat' dir='ltr'><strong>fueramus</strong></span> 
     </span>
    </p>
   </div>
   <div class='ocr_carea' id='block_1_57' title="bbox 500 4057 2078 4132">
    <p class='ocr_par' dir='ltr' id='par_1_57' title="bbox 500 4057 2078 4132">
     <span class='ocr_line' id='line_1_57' title="bbox 500 4057 2078 4132; baseline 0.001 -18"><span class='ocrx_word' id='word_1_420' title='bbox 500 4060 738 4131; x_wconf 83' lang='lat' dir='ltr'><strong>peccatis</strong></span> <span class='ocrx_word' id='word_1_421' title='bbox 790 4061 1014 4116; x_wconf 81' lang='lat' dir='ltr'><strong>nostris.</strong></span> <span class='ocrx_word' id='word_1_422' title='bbox 1071 4057 1324 4129; x_wconf 86' lang='lat' dir='ltr'><strong>Poposcit</strong></span> <span class='ocrx_word' id='word_1_423' title='bbox 1366 4077 1497 4132; x_wconf 86' lang='lat' dir='ltr'><strong>ergo</strong></span> <span class='ocrx_word' id='word_1_424' title='bbox 1549 4063 1783 4131; x_wconf 85' lang='lat' dir='ltr'><strong>pretium</strong></span> <span class='ocrx_word' id='word_1_425' title='bbox 1833 4071 2078 4117; x_wconf 86' lang='lat' dir='ltr'><strong>nostrum</strong></span> 
     </span>
    </p>
   </div>
   <div class='ocr_carea' id='block_1_58' title="bbox 503 4149 2080 4226">
    <p class='ocr_par' dir='ltr' id='par_1_58' title="bbox 503 4149 2080 4226">
     <span class='ocr_line' id='line_1_58' title="bbox 503 4149 2080 4226; baseline 0.003 -22"><span class='ocrx_word' id='word_1_426' title='bbox 503 4153 824 4221; x_wconf 74' lang='lat' dir='ltr'><strong>sanguinem</strong></span> <span class='ocrx_word' id='word_1_427' title='bbox 857 4149 1081 4204; x_wconf 86' lang='lat' dir='ltr'><strong>Christi.</strong></span> <span class='ocrx_word' id='word_1_428' title='bbox 1126 4150 1322 4204; x_wconf 81' lang='lat' dir='ltr'><strong>Verum</strong></span> <span class='ocrx_word' id='word_1_429' title='bbox 1365 4155 1537 4208; x_wconf 87' lang='lat' dir='ltr'><strong>donec</strong></span> <span class='ocrx_word' id='word_1_430' title='bbox 1573 4153 1701 4210; x_wconf 67' lang='lat' dir='ltr'><strong>Iesu</strong></span> <span class='ocrx_word' id='word_1_431' title='bbox 1727 4155 1954 4226; x_wconf 81' lang='lat' dir='ltr'><strong>sanguis</strong></span> <span class='ocrx_word' id='word_1_432' title='bbox 1983 4155 2080 4209; x_wconf 83' lang='lat' dir='ltr'><strong>da-</strong></span> 
     </span>
    </p>
   </div>
   <div class='ocr_carea' id='block_1_59' title="bbox 503 4240 2078 4315">
    <p class='ocr_par' dir='ltr' id='par_1_59' title="bbox 503 4240 2078 4315">
     <span class='ocr_line' id='line_1_59' title="bbox 503 4240 2078 4315; baseline 0.003 -18"><span class='ocrx_word' id='word_1_433' title='bbox 503 4253 675 4310; x_wconf 87' lang='lat' dir='ltr'><strong>retur,</strong></span> <span class='ocrx_word' id='word_1_434' title='bbox 707 4241 802 4311; x_wconf 85' lang='lat' dir='ltr'><strong>qui</strong></span> <span class='ocrx_word' id='word_1_435' title='bbox 829 4250 936 4296; x_wconf 83' lang='lat' dir='ltr'><strong>tam</strong></span> <span class='ocrx_word' id='word_1_436' title='bbox 967 4240 1239 4312; x_wconf 88' lang='lat' dir='ltr'><strong>pretiosus</strong></span> <span class='ocrx_word' id='word_1_437' title='bbox 1265 4240 1400 4307; x_wconf 92' lang='lat' dir='ltr'><strong>fuit,</strong></span> <span class='ocrx_word' id='word_1_438' title='bbox 1435 4253 1492 4296; x_wconf 88' lang='lat' dir='ltr'><strong>ut</strong></span> <span class='ocrx_word' id='word_1_439' title='bbox 1524 4245 1673 4299; x_wconf 86' lang='lat' dir='ltr'><strong>solus</strong></span> <span class='ocrx_word' id='word_1_440' title='bbox 1712 4259 1811 4315; x_wconf 92' lang='lat' dir='ltr'><strong>pro</strong></span> <span class='ocrx_word' id='word_1_441' title='bbox 1835 4247 2078 4301; x_wconf 88' lang='lat' dir='ltr'><strong>omnium</strong></span> 
     </span>
    </p>
   </div>
   <div class='ocr_carea' id='block_1_60' title="bbox 502 4331 2078 4407">
    <p class='ocr_par' dir='ltr' id='par_1_60' title="bbox 502 4331 2078 4407">
     <span class='ocr_line' id='line_1_60' title="bbox 502 4331 2078 4407; baseline 0.003 -19"><span class='ocrx_word' id='word_1_442' title='bbox 502 4333 876 4402; x_wconf 87' lang='lat' dir='ltr'><strong>redemptione</strong></span> <span class='ocrx_word' id='word_1_443' title='bbox 903 4331 1198 4399; x_wconf 78' lang='lat' dir='ltr'><strong>suﬂiceret,</strong></span> <span class='ocrx_word' id='word_1_444' title='bbox 1229 4336 1594 4390; x_wconf 86' lang='lat' dir='ltr'><strong>necessarium</strong></span> <span class='ocrx_word' id='word_1_445' title='bbox 1626 4336 1726 4392; x_wconf 90' lang='lat' dir='ltr'><strong>fuit</strong></span> <span class='ocrx_word' id='word_1_446' title='bbox 1755 4351 1849 4393; x_wconf 86' lang='lat' dir='ltr'><strong>eos</strong></span> <span class='ocrx_word' id='word_1_447' title='bbox 1879 4339 1970 4407; x_wconf 90' lang='lat' dir='ltr'><strong>qui</strong></span> <span class='ocrx_word' id='word_1_448' title='bbox 1995 4339 2078 4393; x_wconf 83' lang='lat' dir='ltr'><strong>in-</strong></span> 
     </span>
    </p>
   </div>
   <div class='ocr_carea' id='block_1_61' title="bbox 499 4423 2076 4496">
    <p class='ocr_par' dir='ltr' id='par_1_61' title="bbox 499 4423 2076 4496">
     <span class='ocr_line' id='line_1_61' title="bbox 499 4423 2076 4496; baseline 0.004 -18"><span class='ocrx_word' id='word_1_449' title='bbox 499 4425 868 4480; x_wconf 87' lang='lat' dir='ltr'><strong>stituebantur</strong></span> <span class='ocrx_word' id='word_1_450' title='bbox 897 4425 950 4480; x_wconf 92' lang='lat' dir='ltr'><strong>in</strong></span> <span class='ocrx_word' id='word_1_451' title='bbox 975 4423 1114 4494; x_wconf 84' lang='lat' dir='ltr'><strong>lege,</strong></span> <span class='ocrx_word' id='word_1_452' title='bbox 1147 4438 1588 4495; x_wconf 83' lang='lat' dir='ltr'><strong>unumquemque</strong></span> <span class='ocrx_word' id='word_1_453' title='bbox 1602 4441 1702 4496; x_wconf 85' lang='lat' dir='ltr'><strong>pro</strong></span> <span class='ocrx_word' id='word_1_454' title='bbox 1723 4441 1806 4493; x_wconf 88' lang='lat' dir='ltr'><strong>se,</strong></span> <span class='ocrx_word' id='word_1_455' title='bbox 1841 4428 1986 4485; x_wconf 83' lang='lat' dir='ltr'><strong>velut</strong></span> <span class='ocrx_word' id='word_1_456' title='bbox 2007 4429 2076 4484; x_wconf 89' lang='lat' dir='ltr'><strong>ad</strong></span> 
     </span>
    </p>
   </div>
   <div class='ocr_carea' id='block_1_62' title="bbox 2189 1946 3749 2019">
    <p class='ocr_par' dir='ltr' id='par_1_62' title="bbox 2189 1946 3749 2019">
     <span class='ocr_line' id='line_1_62' title="bbox 2189 1946 3749 2019; baseline 0.003 -20"><span class='ocrx_word' id='word_1_457' title='bbox 2189 1949 2410 2003; x_wconf 87' lang='lat' dir='ltr'><strong>veniens</strong></span> <span class='ocrx_word' id='word_1_458' title='bbox 2438 1946 2561 2013; x_wconf 89' lang='lat' dir='ltr'><strong>fuit,</strong></span> <span class='ocrx_word' id='word_1_459' title='bbox 2591 1962 2757 2016; x_wconf 86' lang='lat' dir='ltr'><strong>quam</strong></span> <span class='ocrx_word' id='word_1_460' title='bbox 2794 1963 2914 2004; x_wconf 88' lang='lat' dir='ltr'><strong>eam</strong></span> <span class='ocrx_word' id='word_1_461' title='bbox 2939 1949 3182 2005; x_wconf 87' lang='lat' dir='ltr'><strong>invenire</strong></span> <span class='ocrx_word' id='word_1_462' title='bbox 3214 1965 3335 2019; x_wconf 73' lang='lat' dir='ltr'><strong>quae</strong></span> <span class='ocrx_word' id='word_1_463' title='bbox 3363 1949 3640 2004; x_wconf 86' lang='lat' dir='ltr'><strong>videbatur</strong></span> <span class='ocrx_word' id='word_1_464' title='bbox 3665 1951 3749 2004; x_wconf 83' lang='lat' dir='ltr'><strong>ob-</strong></span> 
     </span>
    </p>
   </div>
   <div class='ocr_carea' id='block_1_63' title="bbox 2187 2039 3744 2109">
    <p class='ocr_par' dir='ltr' id='par_1_63' title="bbox 2187 2039 3744 2109">
     <span class='ocr_line' id='line_1_63' title="bbox 2187 2039 3744 2109; baseline 0 -17"><span class='ocrx_word' id='word_1_465' title='bbox 2187 2054 2387 2104; x_wconf 85' lang='lat' dir='ltr'><strong>scena,</strong></span> <span class='ocrx_word' id='word_1_466' title='bbox 2439 2048 2494 2093; x_wconf 85' lang='lat' dir='ltr'><strong>et</strong></span> <span class='ocrx_word' id='word_1_467' title='bbox 2537 2039 2632 2093; x_wconf 88' lang='lat' dir='ltr'><strong>illa</strong></span> <span class='ocrx_word' id='word_1_468' title='bbox 2679 2040 2896 2093; x_wconf 82' lang='lat' dir='ltr'><strong>auferre</strong></span> <span class='ocrx_word' id='word_1_469' title='bbox 2941 2055 3174 2109; x_wconf 89' lang='lat' dir='ltr'><strong>quorum</strong></span> <span class='ocrx_word' id='word_1_470' title='bbox 3217 2039 3506 2094; x_wconf 76' lang='lat' dir='ltr'><strong>diminutio</strong></span> <span class='ocrx_word' id='word_1_471' title='bbox 3529 2039 3660 2094; x_wconf 83' lang='lat' dir='ltr'><strong>nihil</strong></span> <span class='ocrx_word' id='word_1_472' title='bbox 3683 2047 3744 2092; x_wconf 80' lang='lat' dir='ltr'><strong>ad</strong></span> 
     </span>
    </p>
   </div>
   <div class='ocr_carea' id='block_1_64' title="bbox 2187 2128 3742 2200">
    <p class='ocr_par' dir='ltr' id='par_1_64' title="bbox 2187 2128 3742 2200">
     <span class='ocr_line' id='line_1_64' title="bbox 2187 2128 3742 2200; baseline 0.001 -18"><span class='ocrx_word' id='word_1_473' title='bbox 2187 2128 2429 2195; x_wconf 84' lang='lat' dir='ltr'><strong>officium</strong></span> <span class='ocrx_word' id='word_1_474' title='bbox 2473 2129 2718 2199; x_wconf 84' lang='lat' dir='ltr'><strong>corporis</strong></span> <span class='ocrx_word' id='word_1_475' title='bbox 2770 2129 3100 2200; x_wconf 81' lang='lat' dir='ltr'><strong>impediret?</strong></span> <span class='ocrx_word' id='word_1_476' title='bbox 3175 2129 3331 2197; x_wconf 80' lang='lat' dir='ltr'><strong>Quod</strong></span> <span class='ocrx_word' id='word_1_477' title='bbox 3376 2146 3508 2186; x_wconf 86' lang='lat' dir='ltr'><strong>vero</strong></span> <span class='ocrx_word' id='word_1_478' title='bbox 3553 2132 3742 2195; x_wconf 79' lang='lat' dir='ltr'><strong>dicunt,</strong></span> 
     </span>
    </p>
   </div>
   <div class='ocr_carea' id='block_1_65' title="bbox 2183 2221 3736 2293">
    <p class='ocr_par' dir='ltr' id='par_1_65' title="bbox 2183 2221 3736 2293">
     <span class='ocr_line' id='line_1_65' title="bbox 2183 2221 3736 2293; baseline 0.003 -22"><span class='ocrx_word' id='word_1_479' title='bbox 2183 2221 2311 2291; x_wconf 81' lang='lat' dir='ltr'><strong>quia</strong></span> <span class='ocrx_word' id='word_1_480' title='bbox 2341 2221 2388 2274; x_wconf 91' lang='lat' dir='ltr'><strong>si</strong></span> <span class='ocrx_word' id='word_1_481' title='bbox 2421 2221 2727 2275; x_wconf 86' lang='lat' dir='ltr'><strong>necessaria</strong></span> <span class='ocrx_word' id='word_1_482' title='bbox 2774 2237 2881 2276; x_wconf 89' lang='lat' dir='ltr'><strong>non</strong></span> <span class='ocrx_word' id='word_1_483' title='bbox 2926 2231 3044 2278; x_wconf 88' lang='lat' dir='ltr'><strong>erat</strong></span> <span class='ocrx_word' id='word_1_484' title='bbox 3073 2222 3162 2277; x_wconf 87' lang='lat' dir='ltr'><strong>illa</strong></span> <span class='ocrx_word' id='word_1_485' title='bbox 3194 2239 3324 2293; x_wconf 86' lang='lat' dir='ltr'><strong>pars</strong></span> <span class='ocrx_word' id='word_1_486' title='bbox 3355 2224 3614 2289; x_wconf 84' lang='lat' dir='ltr'><strong>membri,</strong></span> <span class='ocrx_word' id='word_1_487' title='bbox 3637 2225 3736 2279; x_wconf 82' lang='lat' dir='ltr'><strong>lteri</strong></span> 
     </span>
    </p>
   </div>
   <div class='ocr_carea' id='block_1_66' title="bbox 2191 2311 3736 2381">
    <p class='ocr_par' dir='ltr' id='par_1_66' title="bbox 2191 2311 3736 2381">
     <span class='ocr_line' id='line_1_66' title="bbox 2191 2311 3736 2381; baseline 0.002 -16"><span class='ocrx_word' id='word_1_488' title='bbox 2191 2329 2220 2365; x_wconf 91' lang='lat' dir='ltr'><strong>a</strong></span> <span class='ocrx_word' id='word_1_489' title='bbox 2249 2311 2510 2367; x_wconf 87' lang='lat' dir='ltr'><strong>Creatore</strong></span> <span class='ocrx_word' id='word_1_490' title='bbox 2534 2325 2639 2366; x_wconf 90' lang='lat' dir='ltr'><strong>non</strong></span> <span class='ocrx_word' id='word_1_491' title='bbox 2664 2312 2848 2367; x_wconf 86' lang='lat' dir='ltr'><strong>debuit</strong></span> <span class='ocrx_word' id='word_1_492' title='bbox 2876 2326 2891 2366; x_wconf 87' lang='lat'><strong>:</strong></span> <span class='ocrx_word' id='word_1_493' title='bbox 2925 2314 2969 2368; x_wconf 89' lang='lat' dir='ltr'><strong>si</strong></span> <span class='ocrx_word' id='word_1_494' title='bbox 3002 2315 3314 2370; x_wconf 88' lang='lat' dir='ltr'><strong>necessario</strong></span> <span class='ocrx_word' id='word_1_495' title='bbox 3335 2313 3487 2370; x_wconf 80' lang='lat' dir='ltr'><strong>facta</strong></span> <span class='ocrx_word' id='word_1_496' title='bbox 3516 2326 3619 2381; x_wconf 90' lang='lat' dir='ltr'><strong>est,</strong></span> <span class='ocrx_word' id='word_1_497' title='bbox 3641 2329 3736 2369; x_wconf 82' lang='lat' dir='ltr'><strong>uoa</strong></span> 
     </span>
    </p>
   </div>
   <div class='ocr_carea' id='block_1_67' title="bbox 2185 2398 3739 2471">
    <p class='ocr_par' dir='ltr' id='par_1_67' title="bbox 2185 2398 3739 2471">
     <span class='ocr_line' id='line_1_67' title="bbox 2185 2398 3739 2471; baseline 0.001 -15"><span class='ocrx_word' id='word_1_498' title='bbox 2185 2401 2346 2456; x_wconf 85' lang='lat' dir='ltr'><strong>debet</strong></span> <span class='ocrx_word' id='word_1_499' title='bbox 2373 2398 2576 2456; x_wconf 84' lang='lat' dir='ltr'><strong>auferri</strong></span> <span class='ocrx_word' id='word_1_500' title='bbox 2629 2419 2644 2456; x_wconf 86' lang='lat'><strong>:</strong></span> <span class='ocrx_word' id='word_1_501' title='bbox 2677 2401 3076 2471; x_wconf 80' lang='lat' dir='ltr'><strong>interrogemus</strong></span> <span class='ocrx_word' id='word_1_502' title='bbox 3118 2418 3214 2458; x_wconf 87' lang='lat' dir='ltr'><strong>eos</strong></span> <span class='ocrx_word' id='word_1_503' title='bbox 3244 2415 3298 2460; x_wconf 91' lang='lat' dir='ltr'><strong>et</strong></span> <span class='ocrx_word' id='word_1_504' title='bbox 3327 2419 3462 2470; x_wconf 89' lang='lat' dir='ltr'><strong>nos,</strong></span> <span class='ocrx_word' id='word_1_505' title='bbox 3498 2407 3542 2460; x_wconf 90' lang='lat' dir='ltr'><strong>si</strong></span> <span class='ocrx_word' id='word_1_506' title='bbox 3574 2419 3739 2459; x_wconf 57' lang='lat' dir='ltr'><strong>neces.</strong></span> 
     </span>
    </p>
   </div>
   <div class='ocr_carea' id='block_1_68' title="bbox 2187 2492 3733 2566">
    <p class='ocr_par' dir='ltr' id='par_1_68' title="bbox 2187 2492 3733 2566">
     <span class='ocr_line' id='line_1_68' title="bbox 2187 2492 3733 2566; baseline 0.001 -18"><span class='ocrx_word' id='word_1_507' title='bbox 2187 2493 2388 2548; x_wconf 84' lang='lat' dir='ltr'><strong>sariam</strong></span> <span class='ocrx_word' id='word_1_508' title='bbox 2415 2492 2600 2548; x_wconf 82' lang='lat' dir='ltr'><strong>dicant</strong></span> <span class='ocrx_word' id='word_1_509' title='bbox 2623 2492 2858 2549; x_wconf 87' lang='lat' dir='ltr'><strong>filiorum</strong></span> <span class='ocrx_word' id='word_1_510' title='bbox 2885 2498 3346 2566; x_wconf 79' lang='lat' dir='ltr'><strong>procreationem.</strong></span> <span class='ocrx_word' id='word_1_511' title='bbox 3387 2496 3733 2554; x_wconf 71' lang='lat' dir='ltr'><strong>Necessarium</strong></span> 
     </span>
    </p>
   </div>
   <div class='ocr_carea' id='block_1_69' title="bbox 2187 2587 3734 2660">
    <p class='ocr_par' dir='ltr' id='par_1_69' title="bbox 2187 2587 3734 2660">
     <span class='ocr_line' id='line_1_69' title="bbox 2187 2587 3734 2660; baseline 0.001 -18"><span class='ocrx_word' id='word_1_512' title='bbox 2187 2587 2306 2642; x_wconf 86' lang='lat' dir='ltr'><strong>sine</strong></span> <span class='ocrx_word' id='word_1_513' title='bbox 2356 2587 2522 2644; x_wconf 88' lang='lat' dir='ltr'><strong>dubio</strong></span> <span class='ocrx_word' id='word_1_514' title='bbox 2569 2589 2991 2658; x_wconf 87' lang='lat' dir='ltr'><strong>respondebunt.</strong></span> <span class='ocrx_word' id='word_1_515' title='bbox 3059 2590 3231 2644; x_wconf 85' lang='lat' dir='ltr'><strong>Erunt</strong></span> <span class='ocrx_word' id='word_1_516' title='bbox 3285 2605 3418 2660; x_wconf 82' lang='lat' dir='ltr'><strong>ergo</strong></span> <span class='ocrx_word' id='word_1_517' title='bbox 3471 2590 3734 2658; x_wconf 78' lang='lat' dir='ltr'><strong>culpabiles</strong></span> 
     </span>
    </p>
   </div>
   <div class='ocr_carea' id='block_1_70' title="bbox 2185 2677 3740 2749">
    <p class='ocr_par' dir='ltr' id='par_1_70' title="bbox 2185 2677 3740 2749">
     <span class='ocr_line' id='line_1_70' title="bbox 2185 2677 3740 2749; baseline 0.005 -23"><span class='ocrx_word' id='word_1_518' title='bbox 2185 2679 2298 2746; x_wconf 77' lang='lat' dir='ltr'><strong>qui,</strong></span> <span class='ocrx_word' id='word_1_519' title='bbox 2327 2677 2677 2732; x_wconf 79' lang='lat' dir='ltr'><strong>continentia:</strong></span> <span class='ocrx_word' id='word_1_520' title='bbox 2711 2689 2767 2733; x_wconf 89' lang='lat' dir='ltr'><strong>et</strong></span> <span class='ocrx_word' id='word_1_521' title='bbox 2794 2680 3121 2749; x_wconf 77' lang='lat' dir='ltr'><strong>virginitatis</strong></span> <span class='ocrx_word' id='word_1_522' title='bbox 3146 2683 3406 2746; x_wconf 74' lang='lat' dir='ltr'><strong>obtentu,</strong></span> <span class='ocrx_word' id='word_1_523' title='bbox 3439 2681 3740 2736; x_wconf 72' lang='lat' dir='ltr'><strong>necessariis</strong></span> 
     </span>
    </p>
   </div>
   <div class='ocr_carea' id='block_1_71' title="bbox 2190 2768 3734 2844">
    <p class='ocr_par' dir='ltr' id='par_1_71' title="bbox 2190 2768 3734 2844">
     <span class='ocr_line' id='line_1_71' title="bbox 2190 2768 3734 2844; baseline 0.003 -23"><span class='ocrx_word' id='word_1_524' title='bbox 2190 2778 2396 2822; x_wconf 74' lang='lat' dir='ltr'><strong>natura:</strong></span> <span class='ocrx_word' id='word_1_525' title='bbox 2442 2768 2641 2824; x_wconf 86' lang='lat' dir='ltr'><strong>officiis</strong></span> <span class='ocrx_word' id='word_1_526' title='bbox 2689 2786 2798 2825; x_wconf 87' lang='lat' dir='ltr'><strong>non</strong></span> <span class='ocrx_word' id='word_1_527' title='bbox 2843 2773 3204 2828; x_wconf 87' lang='lat' dir='ltr'><strong>ministrant:</strong></span> <span class='ocrx_word' id='word_1_528' title='bbox 3237 2784 3290 2828; x_wconf 89' lang='lat' dir='ltr'><strong>et</strong></span> <span class='ocrx_word' id='word_1_529' title='bbox 3335 2783 3494 2828; x_wconf 88' lang='lat' dir='ltr'><strong>erunt</strong></span> <span class='ocrx_word' id='word_1_530' title='bbox 3532 2771 3734 2844; x_wconf 79' lang='lat' dir='ltr'><strong>cogendi</strong></span> 
     </span>
    </p>
   </div>
   <div class='ocr_carea' id='block_1_72' title="bbox 2187 2864 3739 2938">
    <p class='ocr_par' dir='ltr' id='par_1_72' title="bbox 2187 2864 3739 2938">
     <span class='ocr_line' id='line_1_72' title="bbox 2187 2864 3739 2938; baseline 0.001 -22"><span class='ocrx_word' id='word_1_531' title='bbox 2187 2864 2254 2916; x_wconf 88' lang='lat' dir='ltr'><strong>ad</strong></span> <span class='ocrx_word' id='word_1_532' title='bbox 2300 2864 2514 2932; x_wconf 88' lang='lat' dir='ltr'><strong>nuptias</strong></span> <span class='ocrx_word' id='word_1_533' title='bbox 2558 2879 2748 2919; x_wconf 89' lang='lat' dir='ltr'><strong>omnes</strong></span> <span class='ocrx_word' id='word_1_534' title='bbox 2803 2865 2896 2935; x_wconf 88' lang='lat' dir='ltr'><strong>qui</strong></span> <span class='ocrx_word' id='word_1_535' title='bbox 2945 2867 3250 2921; x_wconf 84' lang='lat' dir='ltr'><strong>secundum</strong></span> <span class='ocrx_word' id='word_1_536' title='bbox 3292 2866 3562 2938; x_wconf 74' lang='lat' dir='ltr'><strong>Evangelii</strong></span> <span class='ocrx_word' id='word_1_537' title='bbox 3606 2865 3739 2934; x_wconf 74' lang='lat' dir='ltr'><strong>leges</strong></span> 
     </span>
    </p>
   </div>
   <div class='ocr_carea' id='block_1_73' title="bbox 2191 2955 3722 3030">
    <p class='ocr_par' dir='ltr' id='par_1_73' title="bbox 2191 2955 3722 3030">
     <span class='ocr_line' id='line_1_73' title="bbox 2191 2955 3722 3030; baseline 0.003 -22"><span class='ocrx_word' id='word_1_538' title='bbox 2191 2975 2210 3008; x_wconf 76' lang='grc' dir='ltr'><strong>ι</strong></span> <span class='ocrx_word' id='word_1_539' title='bbox 2245 2955 2567 3025; x_wconf 83' lang='lat' dir='ltr'><strong>setuctipsos</strong></span> <span class='ocrx_word' id='word_1_540' title='bbox 2612 2967 2994 3011; x_wconf 80' lang='lat' dir='ltr'><strong>castravcrnnt</strong></span> <span class='ocrx_word' id='word_1_541' title='bbox 3039 2969 3260 3027; x_wconf 87' lang='lat' dir='ltr'><strong>propter</strong></span> <span class='ocrx_word' id='word_1_542' title='bbox 3290 2974 3517 3030; x_wconf 84' lang='lat' dir='ltr'><strong>regnum</strong></span> <span class='ocrx_word' id='word_1_543' title='bbox 3539 2959 3722 3022; x_wconf 64' lang='lat' dir='ltr'><strong>Dei”,»</strong></span> 
     </span>
    </p>
   </div>
   <div class='ocr_carea' id='block_1_74' title="bbox 2188 3048 3736 3120">
    <p class='ocr_par' dir='ltr' id='par_1_74' title="bbox 2188 3048 3736 3120">
     <span class='ocr_line' id='line_1_74' title="bbox 2188 3048 3736 3120; baseline -0.002 -17"><span class='ocrx_word' id='word_1_544' title='bbox 2188 3049 2451 3104; x_wconf 77' lang='lat' dir='ltr'><strong>habentes</strong></span> <span class='ocrx_word' id='word_1_545' title='bbox 2488 3049 2718 3120; x_wconf 79' lang='lat' dir='ltr'><strong>exempli</strong></span> <span class='ocrx_word' id='word_1_546' title='bbox 2749 3050 2911 3120; x_wconf 85' lang='lat' dir='ltr'><strong>hujus</strong></span> <span class='ocrx_word' id='word_1_547' title='bbox 2939 3061 3215 3106; x_wconf 77' lang='lat' dir='ltr'><strong>auctorem</strong></span> <span class='ocrx_word' id='word_1_548' title='bbox 3246 3065 3372 3107; x_wconf 84' lang='lat' dir='ltr'><strong>cunt</strong></span> <span class='ocrx_word' id='word_1_549' title='bbox 3401 3052 3588 3108; x_wconf 71' lang='grc' dir='ltr'>ιιιιιυοδ</span> <span class='ocrx_word' id='word_1_550' title='bbox 3612 3048 3736 3102; x_wconf 80' lang='lat' dir='ltr'><strong>alios</strong></span> 
     </span>
    </p>
   </div>
   <div class='ocr_carea' id='block_1_75' title="bbox 2187 3138 3734 3211">
    <p class='ocr_par' dir='ltr' id='par_1_75' title="bbox 2187 3138 3734 3211">
     <span class='ocr_line' id='line_1_75' title="bbox 2187 3138 3734 3211; baseline -0.003 -17"><span class='ocrx_word' id='word_1_551' title='bbox 2187 3149 2525 3205; x_wconf 74' lang='lat' dir='ltr'><strong>Sanctorum,</strong></span> <span class='ocrx_word' id='word_1_552' title='bbox 2578 3149 2690 3194; x_wconf 88' lang='lat' dir='ltr'><strong>tum</strong></span> <span class='ocrx_word' id='word_1_553' title='bbox 2738 3142 2901 3195; x_wconf 80' lang='lat' dir='ltr'><strong>etiam</strong></span> <span class='ocrx_word' id='word_1_554' title='bbox 2935 3141 3110 3211; x_wconf 86' lang='lat' dir='ltr'><strong>ipsum</strong></span> <span class='ocrx_word' id='word_1_555' title='bbox 3141 3141 3426 3196; x_wconf 87' lang='lat' dir='ltr'><strong>Dominum</strong></span> <span class='ocrx_word' id='word_1_556' title='bbox 3459 3140 3644 3196; x_wconf 71' lang='lat' dir='ltr'><strong>Iesum.</strong></span> <span class='ocrx_word' id='word_1_557' title='bbox 3681 3138 3734 3192; x_wconf 88' lang='lat' dir='ltr'><strong>lu</strong></span> 
     </span>
    </p>
   </div>
   <div class='ocr_carea' id='block_1_76' title="bbox 2189 3234 3736 3302">
    <p class='ocr_par' dir='ltr' id='par_1_76' title="bbox 2189 3234 3736 3302">
     <span class='ocr_line' id='line_1_76' title="bbox 2189 3234 3736 3302; baseline -0.001 -16"><span class='ocrx_word' id='word_1_558' title='bbox 2189 3247 2399 3286; x_wconf 87' lang='lat' dir='ltr'><strong>summa</strong></span> <span class='ocrx_word' id='word_1_559' title='bbox 2423 3248 2556 3288; x_wconf 90' lang='lat' dir='ltr'><strong>vero</strong></span> <span class='ocrx_word' id='word_1_560' title='bbox 2589 3235 2877 3289; x_wconf 87' lang='lat' dir='ltr'><strong>dicendum</strong></span> <span class='ocrx_word' id='word_1_561' title='bbox 2911 3245 2992 3288; x_wconf 87' lang='lat' dir='ltr'><strong>est</strong></span> <span class='ocrx_word' id='word_1_562' title='bbox 3026 3236 3168 3302; x_wconf 89' lang='lat' dir='ltr'><strong>quod</strong></span> <span class='ocrx_word' id='word_1_563' title='bbox 3203 3234 3345 3289; x_wconf 88' lang='lat' dir='ltr'><strong>sicut</strong></span> <span class='ocrx_word' id='word_1_564' title='bbox 3377 3234 3537 3288; x_wconf 90' lang='lat' dir='ltr'><strong>multa</strong></span> <span class='ocrx_word' id='word_1_565' title='bbox 3567 3245 3736 3286; x_wconf 84' lang='lat' dir='ltr'><strong>ncces-</strong></span> 
     </span>
    </p>
   </div>
   <div class='ocr_carea' id='block_1_77' title="bbox 2190 3323 3732 3396">
    <p class='ocr_par' dir='ltr' id='par_1_77' title="bbox 2190 3323 3732 3396">
     <span class='ocr_line' id='line_1_77' title="bbox 2190 3323 3732 3396; baseline -0.003 -19"><span class='ocrx_word' id='word_1_566' title='bbox 2190 3323 2335 3377; x_wconf 86' lang='lat' dir='ltr'><strong>saria</strong></span> <span class='ocrx_word' id='word_1_567' title='bbox 2367 3335 2528 3379; x_wconf 87' lang='lat' dir='ltr'><strong>erant</strong></span> <span class='ocrx_word' id='word_1_568' title='bbox 2561 3326 2888 3396; x_wconf 77' lang='lat' dir='ltr'><strong>baptismate</strong></span> <span class='ocrx_word' id='word_1_569' title='bbox 2928 3335 3055 3380; x_wconf 81' lang='lat' dir='ltr'><strong>ante</strong></span> <span class='ocrx_word' id='word_1_570' title='bbox 3083 3327 3411 3394; x_wconf 83' lang='lat' dir='ltr'><strong>baptismum</strong></span> <span class='ocrx_word' id='word_1_571' title='bbox 3433 3323 3653 3386; x_wconf 77' lang='lat' dir='ltr'><strong>Christi,</strong></span> <span class='ocrx_word' id='word_1_572' title='bbox 3684 3327 3732 3374; x_wconf 81' lang='lat' dir='ltr'><strong>et</strong></span> 
     </span>
    </p>
   </div>
   <div class='ocr_carea' id='block_1_78' title="bbox 2190 3413 3732 3488">
    <p class='ocr_par' dir='ltr' id='par_1_78' title="bbox 2190 3413 3732 3488">
     <span class='ocr_line' id='line_1_78' title="bbox 2190 3413 3732 3488; baseline -0.002 -19"><span class='ocrx_word' id='word_1_573' title='bbox 2190 3414 2374 3469; x_wconf 73' lang='lat' dir='ltr'><strong>multa:</strong></span> <span class='ocrx_word' id='word_1_574' title='bbox 2404 3417 2812 3485; x_wconf 87' lang='lat' dir='ltr'><strong>purificationes</strong></span> <span class='ocrx_word' id='word_1_575' title='bbox 2855 3427 3144 3488; x_wconf 86' lang='lat' dir='ltr'><strong>antequam</strong></span> <span class='ocrx_word' id='word_1_576' title='bbox 3175 3418 3480 3487; x_wconf 85' lang='lat' dir='ltr'><strong>purificatio</strong></span> <span class='ocrx_word' id='word_1_577' title='bbox 3507 3430 3595 3486; x_wconf 86' lang='lat' dir='ltr'><strong>per</strong></span> <span class='ocrx_word' id='word_1_578' title='bbox 3624 3413 3732 3483; x_wconf 82' lang='lat' dir='ltr'><strong>Spi-</strong></span> 
     </span>
    </p>
   </div>
   <div class='ocr_carea' id='block_1_79' title="bbox 2191 3507 3728 3574">
    <p class='ocr_par' dir='ltr' id='par_1_79' title="bbox 2191 3507 3728 3574">
     <span class='ocr_line' id='line_1_79' title="bbox 2191 3507 3728 3574; baseline 0 -12"><span class='ocrx_word' id='word_1_579' title='bbox 2191 3507 2356 3562; x_wconf 87' lang='lat' dir='ltr'><strong>ritum</strong></span> <span class='ocrx_word' id='word_1_580' title='bbox 2391 3517 2640 3563; x_wconf 87' lang='lat' dir='ltr'><strong>sauctum</strong></span> <span class='ocrx_word' id='word_1_581' title='bbox 2678 3508 2864 3574; x_wconf 84' lang='lat' dir='ltr'><strong>fieret,</strong></span> <span class='ocrx_word' id='word_1_582' title='bbox 2915 3516 2970 3563; x_wconf 90' lang='lat' dir='ltr'><strong>et</strong></span> <span class='ocrx_word' id='word_1_583' title='bbox 3012 3507 3192 3562; x_wconf 74' lang='lat' dir='ltr'><strong>multa:</strong></span> <span class='ocrx_word' id='word_1_584' title='bbox 3233 3509 3425 3566; x_wconf 78' lang='lat' dir='ltr'><strong>hostia:</strong></span> <span class='ocrx_word' id='word_1_585' title='bbox 3469 3513 3728 3572; x_wconf 75' lang='lat' dir='ltr'><strong>antequam</strong></span> 
     </span>
    </p>
   </div>
   <div class='ocr_carea' id='block_1_80' title="bbox 2191 3589 3731 3668">
    <p class='ocr_par' dir='ltr' id='par_1_80' title="bbox 2191 3589 3731 3668">
     <span class='ocr_line' id='line_1_80' title="bbox 2191 3589 3731 3668; baseline -0.004 -18"><span class='ocrx_word' id='word_1_586' title='bbox 2191 3611 2295 3650; x_wconf 90' lang='lat' dir='ltr'><strong>una</strong></span> <span class='ocrx_word' id='word_1_587' title='bbox 2328 3597 2502 3652; x_wconf 82' lang='lat' dir='ltr'><strong>hostia</strong></span> <span class='ocrx_word' id='word_1_588' title='bbox 2545 3595 2736 3667; x_wconf 81' lang='lat' dir='ltr'><strong>Agnus</strong></span> <span class='ocrx_word' id='word_1_589' title='bbox 2782 3597 3166 3660; x_wconf 61' lang='lat' dir='ltr'><strong>inmaculatus</strong></span> <span class='ocrx_word' id='word_1_590' title='bbox 3207 3589 3551 3668; x_wconf 78' lang='lat' dir='ltr'><strong>semetipsum</strong></span> <span class='ocrx_word' id='word_1_591' title='bbox 3597 3593 3731 3650; x_wconf 77' lang='lat' dir='ltr'><strong>Patri</strong></span> 
     </span>
    </p>
   </div>
   <div class='ocr_carea' id='block_1_81' title="bbox 2188 3683 3724 3744">
    <p class='ocr_par' dir='ltr' id='par_1_81' title="bbox 2188 3683 3724 3744">
     <span class='ocr_line' id='line_1_81' title="bbox 2188 3683 3724 3744; baseline -0.005 -1"><span class='ocrx_word' id='word_1_592' title='bbox 2188 3686 2413 3744; x_wconf 70' lang='lat' dir='ltr'><strong>oﬂ&#39;erret</strong></span> <span class='ocrx_word' id='word_1_593' title='bbox 2459 3688 2692 3743; x_wconf 81' lang='lat' dir='ltr'><strong>hostium</strong></span> <span class='ocrx_word' id='word_1_594' title='bbox 2723 3688 2974 3744; x_wconf 84' lang='lat' dir='ltr'><strong>Christus</strong></span> <span class='ocrx_word' id='word_1_595' title='bbox 3003 3689 3048 3720; x_wconf 78' lang='lat'><strong>&quot;</strong></span> <span class='ocrx_word' id='word_1_596' title='bbox 3081 3708 3094 3743; x_wconf 91' lang='lat'>:</span> <span class='ocrx_word' id='word_1_597' title='bbox 3133 3691 3204 3744; x_wconf 83' lang='lat' dir='ltr'><strong>ita</strong></span> <span class='ocrx_word' id='word_1_598' title='bbox 3235 3691 3403 3744; x_wconf 83' lang='lat' dir='ltr'><strong>etiam</strong></span> <span class='ocrx_word' id='word_1_599' title='bbox 3437 3686 3608 3743; x_wconf 89' lang='lat' dir='ltr'><strong>multis</strong></span> <span class='ocrx_word' id='word_1_600' title='bbox 3632 3683 3724 3737; x_wconf 80' lang='lat' dir='ltr'><strong>cir-</strong></span> 
     </span>
    </p>
   </div>
   <div class='ocr_carea' id='block_1_82' title="bbox 2187 3776 3730 3851">
    <p class='ocr_par' dir='ltr' id='par_1_82' title="bbox 2187 3776 3730 3851">
     <span class='ocr_line' id='line_1_82' title="bbox 2187 3776 3730 3851; baseline -0.006 -13"><span class='ocrx_word' id='word_1_601' title='bbox 2187 3782 2616 3838; x_wconf 84' lang='lat' dir='ltr'><strong>cumcisionibus</strong></span> <span class='ocrx_word' id='word_1_602' title='bbox 2659 3795 2794 3851; x_wconf 84' lang='lat' dir='ltr'><strong>Opus</strong></span> <span class='ocrx_word' id='word_1_603' title='bbox 2823 3780 2926 3834; x_wconf 90' lang='lat' dir='ltr'><strong>fuit</strong></span> <span class='ocrx_word' id='word_1_604' title='bbox 2949 3819 2964 3846; x_wconf 95' lang='lat'><strong>,</strong></span> <span class='ocrx_word' id='word_1_605' title='bbox 3020 3794 3301 3851; x_wconf 86' lang='lat' dir='ltr'><strong>usquequo</strong></span> <span class='ocrx_word' id='word_1_606' title='bbox 3333 3793 3439 3834; x_wconf 84' lang='lat' dir='ltr'><strong>una</strong></span> <span class='ocrx_word' id='word_1_607' title='bbox 3467 3779 3516 3833; x_wconf 88' lang='lat' dir='ltr'><strong>in</strong></span> <span class='ocrx_word' id='word_1_608' title='bbox 3539 3776 3730 3832; x_wconf 74' lang='lat' dir='ltr'><strong>Chrisu)</strong></span> 
     </span>
    </p>
   </div>
   <div class='ocr_carea' id='block_1_83' title="bbox 2185 3871 3720 3928">
    <p class='ocr_par' dir='ltr' id='par_1_83' title="bbox 2185 3871 3720 3928">
     <span class='ocr_line' id='line_1_83' title="bbox 2185 3871 3720 3928; baseline -0.006 0"><span class='ocrx_word' id='word_1_609' title='bbox 2185 3873 2539 3928; x_wconf 86' lang='lat' dir='ltr'><strong>circumcisio</strong></span> <span class='ocrx_word' id='word_1_610' title='bbox 2562 3872 2817 3928; x_wconf 82' lang='lat' dir='ltr'><strong>omnibus</strong></span> <span class='ocrx_word' id='word_1_611' title='bbox 2849 3872 3158 3927; x_wconf 87' lang='lat' dir='ltr'><strong>traderetur</strong></span> <span class='ocrx_word' id='word_1_612' title='bbox 3187 3889 3201 3927; x_wconf 86' lang='lat'><strong>:</strong></span> <span class='ocrx_word' id='word_1_613' title='bbox 3235 3880 3296 3926; x_wconf 92' lang='lat' dir='ltr'><strong>et</strong></span> <span class='ocrx_word' id='word_1_614' title='bbox 3328 3871 3600 3925; x_wconf 85' lang='lat' dir='ltr'><strong>multorum</strong></span> <span class='ocrx_word' id='word_1_615' title='bbox 3622 3879 3720 3919; x_wconf 82' lang='lat' dir='ltr'><strong>san-</strong></span> 
     </span>
    </p>
   </div>
   <div class='ocr_carea' id='block_1_84' title="bbox 2179 3961 3722 4039">
    <p class='ocr_par' dir='ltr' id='par_1_84' title="bbox 2179 3961 3722 4039">
     <span class='ocr_line' id='line_1_84' title="bbox 2179 3961 3722 4039; baseline -0.004 -21"><span class='ocrx_word' id='word_1_616' title='bbox 2179 3967 2365 4039; x_wconf 74' lang='lat' dir='ltr'><strong>guinis</strong></span> <span class='ocrx_word' id='word_1_617' title='bbox 2409 3963 2602 4022; x_wconf 65' lang='lat' dir='ltr'><strong>effusio</strong></span> <span class='ocrx_word' id='word_1_618' title='bbox 2657 3966 2965 4036; x_wconf 60' lang='lat' dir='ltr'><strong>praecessit,</strong></span> <span class='ocrx_word' id='word_1_619' title='bbox 3013 3979 3291 4035; x_wconf 83' lang='lat' dir='ltr'><strong>usquequo</strong></span> <span class='ocrx_word' id='word_1_620' title='bbox 3323 3978 3420 4034; x_wconf 88' lang='lat' dir='ltr'><strong>per</strong></span> <span class='ocrx_word' id='word_1_621' title='bbox 3451 3961 3598 4016; x_wconf 85' lang='lat' dir='ltr'><strong>unius</strong></span> <span class='ocrx_word' id='word_1_622' title='bbox 3619 3970 3722 4012; x_wconf 63' lang='lat' dir='ltr'><strong>sano</strong></span> 
     </span>
    </p>
   </div>
   <div class='ocr_carea' id='block_1_85' title="bbox 2181 4053 3720 4130">
    <p class='ocr_par' dir='ltr' id='par_1_85' title="bbox 2181 4053 3720 4130">
     <span class='ocr_line' id='line_1_85' title="bbox 2181 4053 3720 4130; baseline -0.011 -14"><span class='ocrx_word' id='word_1_623' title='bbox 2181 4061 2402 4130; x_wconf 77' lang='lat' dir='ltr'><strong>guinem</strong></span> <span class='ocrx_word' id='word_1_624' title='bbox 2428 4060 2672 4113; x_wconf 86' lang='lat' dir='ltr'><strong>omnium</strong></span> <span class='ocrx_word' id='word_1_625' title='bbox 2712 4056 3016 4126; x_wconf 80' lang='lat' dir='ltr'><strong>redemptio</strong></span> <span class='ocrx_word' id='word_1_626' title='bbox 3047 4057 3221 4111; x_wconf 82' lang='lat' dir='ltr'><strong>fieret.</strong></span> <span class='ocrx_word' id='word_1_627' title='bbox 3268 4055 3396 4110; x_wconf 67' lang='lat' dir='ltr'><strong>“me</strong></span> <span class='ocrx_word' id='word_1_628' title='bbox 3423 4053 3619 4124; x_wconf 84' lang='lat' dir='ltr'><strong>quidem</strong></span> <span class='ocrx_word' id='word_1_629' title='bbox 3642 4064 3720 4100; x_wconf 88' lang='lat' dir='ltr'><strong>uo-</strong></span> 
     </span>
    </p>
   </div>
   <div class='ocr_carea' id='block_1_86' title="bbox 2185 4140 3720 4220">
    <p class='ocr_par' dir='ltr' id='par_1_86' title="bbox 2185 4140 3720 4220">
     <span class='ocr_line' id='line_1_86' title="bbox 2185 4140 3720 4220; baseline -0.012 -13"><span class='ocrx_word' id='word_1_630' title='bbox 2185 4153 2269 4207; x_wconf 89' lang='lat' dir='ltr'><strong>bis</strong></span> <span class='ocrx_word' id='word_1_631' title='bbox 2296 4151 2362 4206; x_wconf 86' lang='lat' dir='ltr'><strong>ad</strong></span> <span class='ocrx_word' id='word_1_632' title='bbox 2390 4164 2631 4220; x_wconf 75' lang='lat' dir='ltr'><strong>praesens</strong></span> <span class='ocrx_word' id='word_1_633' title='bbox 2656 4163 2949 4204; x_wconf 88' lang='lat' dir='ltr'><strong>occurrere</strong></span> <span class='ocrx_word' id='word_1_634' title='bbox 2992 4149 3059 4203; x_wconf 89' lang='lat' dir='ltr'><strong>de</strong></span> <span class='ocrx_word' id='word_1_635' title='bbox 3086 4145 3518 4202; x_wconf 86' lang='lat' dir='ltr'><strong>circumcisionis</strong></span> <span class='ocrx_word' id='word_1_636' title='bbox 3544 4140 3720 4197; x_wconf 85' lang='lat' dir='ltr'><strong>ratione</strong></span> 
     </span>
    </p>
   </div>
   <div class='ocr_carea' id='block_1_87' title="bbox 2185 4233 3722 4313">
    <p class='ocr_par' dir='ltr' id='par_1_87' title="bbox 2185 4233 3722 4313">
     <span class='ocr_line' id='line_1_87' title="bbox 2185 4233 3722 4313; baseline -0.01 -14"><span class='ocrx_word' id='word_1_637' title='bbox 2185 4251 2479 4313; x_wconf 89' lang='lat' dir='ltr'><strong>potuerunt</strong></span> <span class='ocrx_word' id='word_1_638' title='bbox 2507 4259 2525 4298; x_wconf 92' lang='lat'><strong>:</strong></span> <span class='ocrx_word' id='word_1_639' title='bbox 2551 4258 2672 4313; x_wconf 80' lang='lat' dir='ltr'><strong>qua:</strong></span> <span class='ocrx_word' id='word_1_640' title='bbox 2704 4251 2882 4296; x_wconf 86' lang='lat' dir='ltr'><strong>tamen</strong></span> <span class='ocrx_word' id='word_1_641' title='bbox 2929 4255 2994 4295; x_wconf 90' lang='lat' dir='ltr'><strong>ea</strong></span> <span class='ocrx_word' id='word_1_642' title='bbox 3036 4240 3155 4312; x_wconf 85' lang='lat' dir='ltr'><strong>lege</strong></span> <span class='ocrx_word' id='word_1_643' title='bbox 3199 4241 3343 4295; x_wconf 89' lang='lat' dir='ltr'><strong>dicta</strong></span> <span class='ocrx_word' id='word_1_644' title='bbox 3389 4239 3495 4294; x_wconf 88' lang='lat' dir='ltr'><strong>sint</strong></span> <span class='ocrx_word' id='word_1_645' title='bbox 3521 4233 3722 4291; x_wconf 82' lang='lat' dir='ltr'><strong>anubis,</strong></span> 
     </span>
    </p>
   </div>
   <div class='ocr_carea' id='block_1_88' title="bbox 2185 4321 3722 4406">
    <p class='ocr_par' dir='ltr' id='par_1_88' title="bbox 2185 4321 3722 4406">
     <span class='ocr_line' id='line_1_88' title="bbox 2185 4321 3722 4406; baseline -0.008 -14"><span class='ocrx_word' id='word_1_646' title='bbox 2185 4347 2245 4392; x_wconf 86' lang='lat' dir='ltr'><strong>ut</strong></span> <span class='ocrx_word' id='word_1_647' title='bbox 2274 4337 2317 4392; x_wconf 89' lang='lat' dir='ltr'><strong>si</strong></span> <span class='ocrx_word' id='word_1_648' title='bbox 2342 4336 2463 4406; x_wconf 90' lang='lat' dir='ltr'><strong>quis</strong></span> <span class='ocrx_word' id='word_1_649' title='bbox 2494 4335 2688 4390; x_wconf 90' lang='lat' dir='ltr'><strong>melius</strong></span> <span class='ocrx_word' id='word_1_650' title='bbox 2711 4343 2766 4390; x_wconf 78' lang='lat' dir='ltr'><strong>et</strong></span> <span class='ocrx_word' id='word_1_651' title='bbox 2791 4333 3164 4388; x_wconf 88' lang='lat' dir='ltr'><strong>rationabilius</strong></span> <span class='ocrx_word' id='word_1_652' title='bbox 3195 4330 3394 4387; x_wconf 69' lang='lat' dir='ltr'><strong>dixerit</strong></span> <span class='ocrx_word' id='word_1_653' title='bbox 3413 4370 3429 4396; x_wconf 94' lang='lat'><strong>,</strong></span> <span class='ocrx_word' id='word_1_654' title='bbox 3468 4329 3550 4384; x_wconf 85' lang='lat' dir='ltr'><strong>illa</strong></span> <span class='ocrx_word' id='word_1_655' title='bbox 3579 4321 3722 4393; x_wconf 74' lang='lat' dir='ltr'><strong>magis</strong></span> 
     </span>
    </p>
   </div>
   <div class='ocr_carea' id='block_1_89' title="bbox 2183 4425 3722 4499">
    <p class='ocr_par' dir='ltr' id='par_1_89' title="bbox 2183 4425 3722 4499">
     <span class='ocr_line' id='line_1_89' title="bbox 2183 4425 3722 4499; baseline -0.012 -16"><span class='ocrx_word' id='word_1_656' title='bbox 2183 4444 2346 4499; x_wconf 86' lang='lat' dir='ltr'><strong>quam</strong></span> <span class='ocrx_word' id='word_1_657' title='bbox 2376 4427 2496 4484; x_wconf 75' lang='lat' dir='ltr'><strong>haec</strong></span> <span class='ocrx_word' id='word_1_658' title='bbox 2523 4436 2707 4482; x_wconf 89' lang='lat' dir='ltr'><strong>nostra</strong></span> <span class='ocrx_word' id='word_1_659' title='bbox 2741 4436 3048 4482; x_wconf 87' lang='lat' dir='ltr'><strong>teneantur.</strong></span> <span class='ocrx_word' id='word_1_660' title='bbox 3095 4425 3299 4480; x_wconf 80' lang='lat' dir='ltr'><strong>Verum</strong></span> <span class='ocrx_word' id='word_1_661' title='bbox 3333 4432 3448 4491; x_wconf 86' lang='lat' dir='ltr'><strong>post</strong></span> <span class='ocrx_word' id='word_1_662' title='bbox 3474 4429 3722 4476; x_wconf 74' lang='lat' dir='ltr'><strong>excessum</strong></span> 
     </span>
    </p>
   </div>
   <div class='ocr_carea' id='block_1_90' title="bbox 498 4507 3724 4596">
    <p class='ocr_par' dir='ltr' id='par_1_90' title="bbox 498 4507 3724 4596">
     <span class='ocr_line' id='line_1_90' title="bbox 498 4507 3724 4596; baseline -0.003 -25"><span class='ocrx_word' id='word_1_663' title='bbox 498 4517 853 4572; x_wconf 85' lang='lat' dir='ltr'><strong>imitationem</strong></span> <span class='ocrx_word' id='word_1_664' title='bbox 883 4518 1172 4588; x_wconf 79' lang='lat' dir='ltr'><strong>quamdam</strong></span> <span class='ocrx_word' id='word_1_665' title='bbox 1198 4514 1395 4571; x_wconf 74' lang='lat' dir='ltr'><strong>futura:</strong></span> <span class='ocrx_word' id='word_1_666' title='bbox 1415 4516 1838 4590; x_wconf 80' lang='lat' dir='ltr'><strong>redemptionis,</strong></span> <span class='ocrx_word' id='word_1_667' title='bbox 1863 4520 2079 4591; x_wconf 81' lang='lat' dir='ltr'><strong>sangui-</strong></span> <span class='ocrx_word' id='word_1_668' title='bbox 2104 4538 2153 4596; x_wconf 78' lang='grc' dir='ltr'>ι)</span> <span class='ocrx_word' id='word_1_669' title='bbox 2176 4523 2327 4593; x_wconf 60' lang='lat' dir='ltr'><strong>iusto</strong></span> <span class='ocrx_word' id='word_1_670' title='bbox 2372 4519 2600 4576; x_wconf 79' lang='lat' dir='ltr'><strong>forsitan</strong></span> <span class='ocrx_word' id='word_1_671' title='bbox 2648 4519 2980 4590; x_wconf 86' lang='lat' dir='ltr'><strong>largiorem,</strong></span> <span class='ocrx_word' id='word_1_672' title='bbox 3033 4517 3101 4572; x_wconf 86' lang='lat' dir='ltr'><strong>ad</strong></span> <span class='ocrx_word' id='word_1_673' title='bbox 3133 4513 3418 4586; x_wconf 89' lang='lat' dir='ltr'><strong>apostolici</strong></span> <span class='ocrx_word' id='word_1_674' title='bbox 3455 4507 3724 4567; x_wconf 86' lang='lat' dir='ltr'><strong>conclusio-</strong></span> 
     </span>
    </p>
   </div>
   <div class='ocr_carea' id='block_1_91' title="bbox 496 4608 2076 4681">
    <p class='ocr_par' dir='ltr' id='par_1_91' title="bbox 496 4608 2076 4681">
     <span class='ocr_line' id='line_1_91' title="bbox 496 4608 2076 4681; baseline 0.004 -19"><span class='ocrx_word' id='word_1_675' title='bbox 496 4622 620 4663; x_wconf 88' lang='lat' dir='ltr'><strong>nem</strong></span> <span class='ocrx_word' id='word_1_676' title='bbox 644 4623 799 4663; x_wconf 83' lang='lat' dir='ltr'><strong>suum</strong></span> <span class='ocrx_word' id='word_1_677' title='bbox 826 4608 986 4675; x_wconf 82' lang='lat' dir='ltr'><strong>dare;</strong></span> <span class='ocrx_word' id='word_1_678' title='bbox 1024 4617 1078 4663; x_wconf 85' lang='lat' dir='ltr'><strong>et</strong></span> <span class='ocrx_word' id='word_1_679' title='bbox 1102 4616 1387 4679; x_wconf 86' lang='lat' dir='ltr'><strong>propterea</strong></span> <span class='ocrx_word' id='word_1_680' title='bbox 1419 4621 1538 4675; x_wconf 85' lang='lat' dir='ltr'><strong>nos,</strong></span> <span class='ocrx_word' id='word_1_681' title='bbox 1569 4624 1670 4680; x_wconf 89' lang='lat' dir='ltr'><strong>pro</strong></span> <span class='ocrx_word' id='word_1_682' title='bbox 1699 4611 1894 4681; x_wconf 87' lang='lat' dir='ltr'><strong>quibus</strong></span> <span class='ocrx_word' id='word_1_683' title='bbox 1921 4626 2076 4668; x_wconf 44' lang='lat' dir='ltr'><strong>coms</strong></span> 
     </span>
    </p>
   </div>
   <div class='ocr_carea' id='block_1_92' title="bbox 496 4698 2077 4770">
    <p class='ocr_par' dir='ltr' id='par_1_92' title="bbox 496 4698 2077 4770">
     <span class='ocr_line' id='line_1_92' title="bbox 496 4698 2077 4770; baseline 0.008 -21"><span class='ocrx_word' id='word_1_684' title='bbox 496 4700 698 4766; x_wconf 79' lang='lat' dir='ltr'><strong>pletum</strong></span> <span class='ocrx_word' id='word_1_685' title='bbox 725 4707 811 4755; x_wconf 90' lang='lat' dir='ltr'><strong>est</strong></span> <span class='ocrx_word' id='word_1_686' title='bbox 851 4699 1088 4770; x_wconf 88' lang='lat' dir='ltr'><strong>pretium</strong></span> <span class='ocrx_word' id='word_1_687' title='bbox 1116 4700 1397 4770; x_wconf 86' lang='lat' dir='ltr'><strong>sanguinis</strong></span> <span class='ocrx_word' id='word_1_688' title='bbox 1426 4698 1631 4758; x_wconf 82' lang='lat' dir='ltr'><strong>Christi</strong></span> <span class='ocrx_word' id='word_1_689' title='bbox 1656 4741 1672 4768; x_wconf 93' lang='lat'><strong>,</strong></span> <span class='ocrx_word' id='word_1_690' title='bbox 1717 4718 1825 4759; x_wconf 88' lang='lat' dir='ltr'><strong>non</strong></span> <span class='ocrx_word' id='word_1_691' title='bbox 1856 4719 2077 4762; x_wconf 82' lang='lat' dir='ltr'><strong>necesse</strong></span> 
     </span>
    </p>
   </div>
   <div class='ocr_carea' id='block_1_93' title="bbox 496 4792 2074 4869">
    <p class='ocr_par' dir='ltr' id='par_1_93' title="bbox 496 4792 2074 4869">
     <span class='ocr_line' id='line_1_93' title="bbox 496 4792 2074 4869; baseline 0.004 -22"><span class='ocrx_word' id='word_1_692' title='bbox 496 4793 759 4849; x_wconf 85' lang='lat' dir='ltr'><strong>habemus</strong></span> <span class='ocrx_word' id='word_1_693' title='bbox 787 4807 884 4861; x_wconf 90' lang='lat' dir='ltr'><strong>pro</strong></span> <span class='ocrx_word' id='word_1_694' title='bbox 908 4792 1064 4848; x_wconf 86' lang='lat' dir='ltr'><strong>nobis</strong></span> <span class='ocrx_word' id='word_1_695' title='bbox 1088 4792 1219 4863; x_wconf 84' lang='lat' dir='ltr'><strong>ipsis</strong></span> <span class='ocrx_word' id='word_1_696' title='bbox 1246 4795 1502 4864; x_wconf 80' lang='lat' dir='ltr'><strong>pretium,</strong></span> <span class='ocrx_word' id='word_1_697' title='bbox 1541 4797 1594 4851; x_wconf 90' lang='lat' dir='ltr'><strong>id</strong></span> <span class='ocrx_word' id='word_1_698' title='bbox 1621 4808 1726 4861; x_wconf 89' lang='lat' dir='ltr'><strong>est,</strong></span> <span class='ocrx_word' id='word_1_699' title='bbox 1757 4798 2074 4869; x_wconf 81' lang='lat' dir='ltr'><strong>sanguinem</strong></span> 
     </span>
    </p>
   </div>
   <div class='ocr_carea' id='block_1_94' title="bbox 468 4885 2074 4960">
    <p class='ocr_par' dir='ltr' id='par_1_94' title="bbox 468 4885 2074 4960">
     <span class='ocr_line' id='line_1_94' title="bbox 468 4885 2074 4960; baseline 0.006 -24"><span class='ocrx_word' id='word_1_700' title='bbox 468 4885 932 4942; x_wconf 79' lang='lat' dir='ltr'><strong>.rircumcisiouis</strong></span> <span class='ocrx_word' id='word_1_701' title='bbox 971 4885 1190 4941; x_wconf 73' lang='lat' dir='ltr'><strong>offerre.</strong></span> <span class='ocrx_word' id='word_1_702' title='bbox 1245 4887 1306 4941; x_wconf 85' lang='lat' dir='ltr'><strong>Si</strong></span> <span class='ocrx_word' id='word_1_703' title='bbox 1341 4901 1472 4943; x_wconf 79' lang='lat' dir='ltr'><strong>vero</strong></span> <span class='ocrx_word' id='word_1_704' title='bbox 1513 4888 1784 4960; x_wconf 82' lang='lat' dir='ltr'><strong>culpabile</strong></span> <span class='ocrx_word' id='word_1_705' title='bbox 1815 4891 1968 4945; x_wconf 83' lang='lat' dir='ltr'><strong>vobis</strong></span> <span class='ocrx_word' id='word_1_706' title='bbox 1990 4892 2074 4946; x_wconf 92' lang='lat' dir='ltr'><strong>vi-</strong></span> 
     </span>
    </p>
   </div>
   <div class='ocr_carea' id='block_1_95' title="bbox 469 4976 2075 5050">
    <p class='ocr_par' dir='ltr' id='par_1_95' title="bbox 469 4976 2075 5050">
     <span class='ocr_line' id='line_1_95' title="bbox 469 4976 2075 5050; baseline 0.004 -21"><span class='ocrx_word' id='word_1_707' title='bbox 469 4979 657 5034; x_wconf 79' lang='lat' dir='ltr'><strong>detur</strong></span> <span class='ocrx_word' id='word_1_708' title='bbox 695 4979 836 5047; x_wconf 86' lang='lat' dir='ltr'><strong>quod</strong></span> <span class='ocrx_word' id='word_1_709' title='bbox 885 4976 1030 5033; x_wconf 88' lang='lat' dir='ltr'><strong>Deus</strong></span> <span class='ocrx_word' id='word_1_710' title='bbox 1063 4978 1198 5048; x_wconf 85' lang='lat' dir='ltr'><strong>legis</strong></span> <span class='ocrx_word' id='word_1_711' title='bbox 1225 4977 1414 5034; x_wconf 83' lang='lat' dir='ltr'><strong>inferri</strong></span> <span class='ocrx_word' id='word_1_712' title='bbox 1442 4980 1598 5050; x_wconf 86' lang='lat' dir='ltr'><strong>jubet</strong></span> <span class='ocrx_word' id='word_1_713' title='bbox 1626 4980 1930 5037; x_wconf 84' lang='lat' dir='ltr'><strong>lnfantihus</strong></span> <span class='ocrx_word' id='word_1_714' title='bbox 1951 4983 2075 5036; x_wconf 73' lang='lat' dir='ltr'><strong>vul—</strong></span> 
     </span>
    </p>
   </div>
   <div class='ocr_carea' id='block_1_96' title="bbox 496 5069 2070 5141">
    <p class='ocr_par' dir='ltr' id='par_1_96' title="bbox 496 5069 2070 5141">
     <span class='ocr_line' id='line_1_96' title="bbox 496 5069 2070 5141; baseline 0.004 -18"><span class='ocrx_word' id='word_1_715' title='bbox 496 5083 659 5134; x_wconf 79' lang='lat' dir='ltr'><strong>nera,</strong></span> <span class='ocrx_word' id='word_1_716' title='bbox 711 5077 766 5125; x_wconf 86' lang='lat' dir='ltr'><strong>et</strong></span> <span class='ocrx_word' id='word_1_717' title='bbox 805 5070 1126 5141; x_wconf 81' lang='lat' dir='ltr'><strong>sanguinem</strong></span> <span class='ocrx_word' id='word_1_718' title='bbox 1173 5069 1371 5125; x_wconf 80' lang='lat' dir='ltr'><strong>fundi:</strong></span> <span class='ocrx_word' id='word_1_719' title='bbox 1411 5073 1514 5127; x_wconf 90' lang='lat' dir='ltr'><strong>hoc</strong></span> <span class='ocrx_word' id='word_1_720' title='bbox 1539 5073 1703 5128; x_wconf 85' lang='lat' dir='ltr'><strong>etiam</strong></span> <span class='ocrx_word' id='word_1_721' title='bbox 1755 5074 1808 5128; x_wconf 89' lang='lat' dir='ltr'><strong>in</strong></span> <span class='ocrx_word' id='word_1_722' title='bbox 1852 5073 2070 5129; x_wconf 78' lang='lat' dir='ltr'><strong>Christo</strong></span> 
     </span>
    </p>
   </div>
   <div class='ocr_carea' id='block_1_97' title="bbox 569 5191 1741 5300">
    <p class='ocr_par' dir='ltr' id='par_1_97' title="bbox 569 5191 1741 5300">
     <span class='ocr_line' id='line_1_97' title="bbox 569 5191 1741 5300; baseline 0.002 -14"><span class='ocrx_word' id='word_1_723' title='bbox 569 5234 612 5264; x_wconf 80' lang='grc' dir='ltr'>η</span> <span class='ocrx_word' id='word_1_724' title='bbox 643 5232 658 5286; x_wconf 96' lang='lat' dir='ltr'><strong>l</strong></span> <span class='ocrx_word' id='word_1_725' title='bbox 692 5231 837 5287; x_wconf 82' lang='lat' dir='ltr'><strong>Petr.</strong></span> <span class='ocrx_word' id='word_1_726' title='bbox 869 5191 920 5292; x_wconf 73' lang='grc' dir='ltr'><strong>ἶ.</strong></span> <span class='ocrx_word' id='word_1_727' title='bbox 953 5232 1039 5296; x_wconf 87' lang='lat' dir='ltr'><strong>l8,</strong></span> <span class='ocrx_word' id='word_1_728' title='bbox 1072 5231 1158 5286; x_wconf 83' lang='lat' dir='ltr'><strong>t9.</strong></span> <span class='ocrx_word' id='word_1_729' title='bbox 1237 5234 1278 5265; x_wconf 76' lang='grc' dir='ltr'>ιτ</span> <span class='ocrx_word' id='word_1_730' title='bbox 1311 5232 1332 5287; x_wconf 88' lang='grc' dir='ltr'><strong>ι</strong></span> <span class='ocrx_word' id='word_1_731' title='bbox 1361 5233 1490 5289; x_wconf 87' lang='lat' dir='ltr'><strong>Cor.</strong></span> <span class='ocrx_word' id='word_1_732' title='bbox 1522 5249 1618 5300; x_wconf 83' lang='lat' dir='ltr'><strong>vn,</strong></span> <span class='ocrx_word' id='word_1_733' title='bbox 1652 5235 1741 5290; x_wconf 75' lang='lat'><strong>25.</strong></span> 
     </span>
    </p>
   </div>
   <div class='ocr_carea' id='block_1_98' title="bbox 493 5302 1710 5370">
    <p class='ocr_par' dir='ltr' id='par_1_98' title="bbox 493 5302 1710 5370">
     <span class='ocr_line' id='line_1_98' title="bbox 493 5302 1710 5370; baseline 0.002 -14"><span class='ocrx_word' id='word_1_734' title='bbox 493 5302 535 5334; x_wconf 85' lang='lat'><strong>&quot;</strong></span> <span class='ocrx_word' id='word_1_735' title='bbox 570 5302 732 5357; x_wconf 82' lang='lat' dir='ltr'><strong>Hebr.</strong></span> <span class='ocrx_word' id='word_1_736' title='bbox 759 5320 835 5367; x_wconf 70' lang='lat' dir='ltr'><strong>ts,</strong></span> <span class='ocrx_word' id='word_1_737' title='bbox 875 5303 971 5370; x_wconf 62' lang='lat' dir='ltr'><strong>lt;</strong></span> <span class='ocrx_word' id='word_1_738' title='bbox 1003 5303 1022 5358; x_wconf 84' lang='lat' dir='ltr'><strong>l</strong></span> <span class='ocrx_word' id='word_1_739' title='bbox 1049 5303 1194 5358; x_wconf 78' lang='lat' dir='ltr'><strong>Petr.</strong></span> <span class='ocrx_word' id='word_1_740' title='bbox 1225 5319 1264 5369; x_wconf 86' lang='grc' dir='ltr'>ι,</span> <span class='ocrx_word' id='word_1_741' title='bbox 1290 5304 1379 5359; x_wconf 72' lang='grc'><strong>19.</strong></span> <span class='ocrx_word' id='word_1_742' title='bbox 1708 5326 1710 5328; x_wconf 51' lang='grc' dir='ltr'><strong><em>ν</em></strong></span> 
     </span>
    </p>
   </div>
   <div class='ocr_carea' id='block_1_99' title="bbox 565 5454 2068 5530">
    <p class='ocr_par' dir='ltr' id='par_1_99' title="bbox 565 5454 2068 5530">
     <span class='ocr_line' id='line_1_99' title="bbox 565 5454 2068 5530; baseline 0.005 -21"><span class='ocrx_word' id='word_1_743' title='bbox 565 5454 679 5530; x_wconf 69' lang='lat' dir='ltr'><strong>(5H</strong></span> <span class='ocrx_word' id='word_1_744' title='bbox 722 5455 805 5511; x_wconf 79' lang='lat' dir='ltr'><strong>Ne</strong></span> <span class='ocrx_word' id='word_1_745' title='bbox 831 5475 946 5530; x_wconf 73' lang='grc' dir='ltr'>οιινιι</span> <span class='ocrx_word' id='word_1_746' title='bbox 993 5476 1054 5515; x_wconf 82' lang='lat' dir='ltr'><strong>ea</strong></span> <span class='ocrx_word' id='word_1_747' title='bbox 1082 5470 1283 5530; x_wconf 65' lang='lat' dir='ltr'><strong>cunare</strong></span> <span class='ocrx_word' id='word_1_748' title='bbox 1325 5460 1528 5530; x_wconf 80' lang='lat' dir='ltr'><strong>pariter</strong></span> <span class='ocrx_word' id='word_1_749' title='bbox 1573 5461 1714 5516; x_wconf 73' lang='lat' dir='ltr'><strong>vobis</strong></span> <span class='ocrx_word' id='word_1_750' title='bbox 1743 5461 2068 5516; x_wconf 75' lang='lat' dir='ltr'><strong>ceremonia:</strong></span> 
     </span>
    </p>
   </div>
   <div class='ocr_carea' id='block_1_100' title="bbox 494 5526 2070 5595">
    <p class='ocr_par' dir='ltr' id='par_1_100' title="bbox 494 5526 2070 5595">
     <span class='ocr_line' id='line_1_100' title="bbox 494 5526 2070 5595; baseline 0.006 -19"><span class='ocrx_word' id='word_1_751' title='bbox 494 5526 842 5584; x_wconf 77' lang='lat' dir='ltr'><strong>subruantur.</strong></span> <span class='ocrx_word' id='word_1_752' title='bbox 885 5529 978 5584; x_wconf 81' lang='lat' dir='ltr'><strong>Sic</strong></span> <span class='ocrx_word' id='word_1_753' title='bbox 1007 5545 1136 5585; x_wconf 86' lang='lat' dir='ltr'><strong>mss.</strong></span> <span class='ocrx_word' id='word_1_754' title='bbox 1169 5526 1491 5595; x_wconf 58' lang='lat' dir='ltr'><strong>Editi&#39;vcro,</strong></span> <span class='ocrx_word' id='word_1_755' title='bbox 1531 5547 1553 5582; x_wconf 68' lang='grc' dir='ltr'><strong>ι</strong></span> <span class='ocrx_word' id='word_1_756' title='bbox 1589 5547 1655 5586; x_wconf 93' lang='lat' dir='ltr'><strong>ne</strong></span> <span class='ocrx_word' id='word_1_757' title='bbox 1684 5549 1806 5586; x_wconf 88' lang='lat' dir='ltr'><strong>cum</strong></span> <span class='ocrx_word' id='word_1_758' title='bbox 1843 5546 1909 5587; x_wconf 92' lang='lat' dir='ltr'><strong>eo</strong></span> <span class='ocrx_word' id='word_1_759' title='bbox 1937 5548 2070 5587; x_wconf 90' lang='lat' dir='ltr'><strong>cun-</strong></span> 
     </span>
    </p>
   </div>
   <div class='ocr_carea' id='block_1_101' title="bbox 496 5598 1615 5662">
    <p class='ocr_par' dir='ltr' id='par_1_101' title="bbox 496 5598 1615 5662">
     <span class='ocr_line' id='line_1_101' title="bbox 496 5598 1615 5662; baseline 0.004 -15"><span class='ocrx_word' id='word_1_760' title='bbox 496 5607 581 5647; x_wconf 72' lang='lat' dir='ltr'><strong>t&#39;lu</strong></span> <span class='ocrx_word' id='word_1_761' title='bbox 611 5598 817 5662; x_wconf 78' lang='lat' dir='ltr'><strong>pariter</strong></span> <span class='ocrx_word' id='word_1_762' title='bbox 841 5599 1193 5654; x_wconf 84' lang='lat' dir='ltr'><strong>subrnantur.</strong></span> <span class='ocrx_word' id='word_1_763' title='bbox 1229 5618 1248 5650; x_wconf 77' lang='grc' dir='ltr'><strong>ι</strong></span> <span class='ocrx_word' id='word_1_764' title='bbox 1609 5647 1615 5651; x_wconf 94' lang='grc'>.</span> 
     </span>
    </p>
   </div>
   <div class='ocr_carea' id='block_1_102' title="bbox 567 5665 2070 5744">
    <p class='ocr_par' dir='ltr' id='par_1_102' title="bbox 567 5665 2070 5744">
     <span class='ocr_line' id='line_1_102' title="bbox 567 5665 2070 5744; baseline 0.008 -29"><span class='ocrx_word' id='word_1_765' title='bbox 567 5667 682 5744; x_wconf 53' lang='grc' dir='ltr'><strong>ςῦςιξ)</strong></span> <span class='ocrx_word' id='word_1_766' title='bbox 724 5665 896 5743; x_wconf 58' lang='lat' dir='ltr'><strong>finiti,</strong></span> <span class='ocrx_word' id='word_1_767' title='bbox 961 5685 978 5715; x_wconf 82' lang='grc' dir='ltr'><strong>ι</strong></span> <span class='ocrx_word' id='word_1_768' title='bbox 1017 5670 1184 5734; x_wconf 87' lang='lat' dir='ltr'><strong>gratia</strong></span> <span class='ocrx_word' id='word_1_769' title='bbox 1237 5669 1614 5736; x_wconf 77' lang='lat' dir='ltr'><strong>hujuscemodi</strong></span> <span class='ocrx_word' id='word_1_770' title='bbox 1667 5672 2070 5744; x_wconf 62' lang='lat' dir='ltr'><strong>superstitionis</strong></span> 
     </span>
    </p>
   </div>
   <div class='ocr_carea' id='block_1_103' title="bbox 495 5733 1028 5800">
    <p class='ocr_par' dir='ltr' id='par_1_103' title="bbox 495 5733 1028 5800">
     <span class='ocr_line' id='line_1_103' title="bbox 495 5733 1028 5800; baseline 0.008 -19"><span class='ocrx_word' id='word_1_771' title='bbox 495 5735 730 5790; x_wconf 76' lang='lat' dir='ltr'><strong>nobilius</strong></span> <span class='ocrx_word' id='word_1_772' title='bbox 771 5733 968 5800; x_wconf 75' lang='lat' dir='ltr'><strong>vigent.</strong></span> <span class='ocrx_word' id='word_1_773' title='bbox 1011 5754 1028 5785; x_wconf 71' lang='grc' dir='ltr'><strong>ι</strong></span> 
     </span>
    </p>
   </div>
   <div class='ocr_carea' id='block_1_104' title="bbox 570 5804 1622 5876">
    <p class='ocr_par' dir='ltr' id='par_1_104' title="bbox 570 5804 1622 5876">
     <span class='ocr_line' id='line_1_104' title="bbox 570 5804 1622 5876; baseline 0.004 -20"><span class='ocrx_word' id='word_1_774' title='bbox 570 5804 682 5876; x_wconf 50' lang='lat' dir='ltr'><strong>tibi)</strong></span> <span class='ocrx_word' id='word_1_775' title='bbox 727 5805 865 5858; x_wconf 75' lang='grc' dir='ltr'><strong>Εόίιὶ</strong></span> <span class='ocrx_word' id='word_1_776' title='bbox 891 5816 1196 5873; x_wconf 84' lang='lat' dir='ltr'><strong>perperam,</strong></span> <span class='ocrx_word' id='word_1_777' title='bbox 1230 5824 1247 5856; x_wconf 81' lang='grc' dir='ltr'><strong>ι</strong></span> <span class='ocrx_word' id='word_1_778' title='bbox 1282 5821 1559 5864; x_wconf 85' lang='lat' dir='ltr'><strong>ascensus.</strong></span> <span class='ocrx_word' id='word_1_779' title='bbox 1596 5828 1622 5860; x_wconf 71' lang='grc' dir='ltr'><strong>ο</strong></span> 
     </span>
    </p>
   </div>
   <div class='ocr_carea' id='block_1_105' title="bbox 2181 4601 3720 4683">
    <p class='ocr_par' dir='ltr' id='par_1_105' title="bbox 2181 4601 3720 4683">
     <span class='ocr_line' id='line_1_105' title="bbox 2181 4601 3720 4683; baseline -0.012 -14"><span class='ocrx_word' id='word_1_780' title='bbox 2181 4629 2303 4670; x_wconf 88' lang='lat' dir='ltr'><strong>nem</strong></span> <span class='ocrx_word' id='word_1_781' title='bbox 2333 4611 2560 4683; x_wconf 87' lang='lat' dir='ltr'><strong>capituli</strong></span> <span class='ocrx_word' id='word_1_782' title='bbox 2603 4621 2964 4666; x_wconf 87' lang='lat' dir='ltr'><strong>revertamur.</strong></span> <span class='ocrx_word' id='word_1_783' title='bbox 3025 4608 3196 4680; x_wconf 75' lang='lat' dir='ltr'><strong>igitur</strong></span> <span class='ocrx_word' id='word_1_784' title='bbox 3221 4605 3475 4675; x_wconf 89' lang='lat' dir='ltr'><strong>quoniam</strong></span> <span class='ocrx_word' id='word_1_785' title='bbox 3501 4601 3720 4668; x_wconf 79' lang='lat' dir='ltr'><strong>frequens</strong></span> 
     </span>
    </p>
   </div>
   <div class='ocr_carea' id='block_1_106' title="bbox 2183 4693 3718 4774">
    <p class='ocr_par' dir='ltr' id='par_1_106' title="bbox 2183 4693 3718 4774">
     <span class='ocr_line' id='line_1_106' title="bbox 2183 4693 3718 4774; baseline -0.014 -13"><span class='ocrx_word' id='word_1_786' title='bbox 2183 4715 2266 4762; x_wconf 87' lang='lat' dir='ltr'><strong>est</strong></span> <span class='ocrx_word' id='word_1_787' title='bbox 2307 4704 2564 4774; x_wconf 79' lang='lat' dir='ltr'><strong>Apostolo</strong></span> <span class='ocrx_word' id='word_1_788' title='bbox 2599 4703 2702 4758; x_wconf 90' lang='lat' dir='ltr'><strong>iste</strong></span> <span class='ocrx_word' id='word_1_789' title='bbox 2731 4711 3032 4765; x_wconf 86' lang='lat' dir='ltr'><strong>tractatus,</strong></span> <span class='ocrx_word' id='word_1_790' title='bbox 3065 4715 3174 4769; x_wconf 91' lang='lat' dir='ltr'><strong>quo</strong></span> <span class='ocrx_word' id='word_1_791' title='bbox 3211 4713 3306 4767; x_wconf 89' lang='lat' dir='ltr'><strong>per</strong></span> <span class='ocrx_word' id='word_1_792' title='bbox 3333 4693 3718 4767; x_wconf 78' lang='lat' dir='ltr'><strong>singulosquos-</strong></span> 
     </span>
    </p>
   </div>
   <div class='ocr_carea' id='block_1_107' title="bbox 2183 4789 3716 4866">
    <p class='ocr_par' dir='ltr' id='par_1_107' title="bbox 2183 4789 3716 4866">
     <span class='ocr_line' id='line_1_107' title="bbox 2183 4789 3716 4866; baseline -0.008 -15"><span class='ocrx_word' id='word_1_793' title='bbox 2183 4811 2290 4866; x_wconf 87' lang='lat' dir='ltr'><strong>que</strong></span> <span class='ocrx_word' id='word_1_794' title='bbox 2326 4795 2440 4866; x_wconf 80' lang='grc'><strong>(55)</strong></span> <span class='ocrx_word' id='word_1_795' title='bbox 2493 4793 2654 4850; x_wconf 89' lang='lat' dir='ltr'><strong>binos</strong></span> <span class='ocrx_word' id='word_1_796' title='bbox 2705 4793 2952 4846; x_wconf 89' lang='lat' dir='ltr'><strong>homines</strong></span> <span class='ocrx_word' id='word_1_797' title='bbox 2996 4805 3120 4846; x_wconf 89' lang='lat' dir='ltr'><strong>esse</strong></span> <span class='ocrx_word' id='word_1_798' title='bbox 3173 4789 3416 4858; x_wconf 79' lang='lat' dir='ltr'><strong>designat</strong></span> <span class='ocrx_word' id='word_1_799' title='bbox 3459 4803 3474 4842; x_wconf 92' lang='lat'><strong>:</strong></span> <span class='ocrx_word' id='word_1_800' title='bbox 3520 4795 3716 4855; x_wconf 71' lang='lat' dir='ltr'><strong>quorum</strong></span> 
     </span>
    </p>
   </div>
   <div class='ocr_carea' id='block_1_108' title="bbox 2181 4878 3716 4948">
    <p class='ocr_par' dir='ltr' id='par_1_108' title="bbox 2181 4878 3716 4948">
     <span class='ocr_line' id='line_1_108' title="bbox 2181 4878 3716 4948; baseline -0.013 -6"><span class='ocrx_word' id='word_1_801' title='bbox 2181 4889 2412 4942; x_wconf 86' lang='lat' dir='ltr'><strong>alterum</strong></span> <span class='ocrx_word' id='word_1_802' title='bbox 2459 4886 2789 4941; x_wconf 83' lang='lat' dir='ltr'><strong>exteriorem</strong></span> <span class='ocrx_word' id='word_1_803' title='bbox 2823 4884 3130 4948; x_wconf 89' lang='lat' dir='ltr'><strong>nominare,</strong></span> <span class='ocrx_word' id='word_1_804' title='bbox 3176 4881 3408 4935; x_wconf 89' lang='lat' dir='ltr'><strong>alterum</strong></span> <span class='ocrx_word' id='word_1_805' title='bbox 3438 4878 3716 4934; x_wconf 85' lang='lat' dir='ltr'><strong>interiorem</strong></span> 
     </span>
    </p>
   </div>
   <div class='ocr_carea' id='block_1_109' title="bbox 2181 4975 3713 5048">
    <p class='ocr_par' dir='ltr' id='par_1_109' title="bbox 2181 4975 3713 5048">
     <span class='ocr_line' id='line_1_109' title="bbox 2181 4975 3713 5048; baseline -0.012 -12"><span class='ocrx_word' id='word_1_806' title='bbox 2181 4980 2318 5036; x_wconf 86' lang='lat' dir='ltr'><strong>solet</strong></span> <span class='ocrx_word' id='word_1_807' title='bbox 2365 4998 2381 5034; x_wconf 86' lang='lat'><strong>:</strong></span> <span class='ocrx_word' id='word_1_808' title='bbox 2419 4976 2718 5048; x_wconf 89' lang='lat' dir='ltr'><strong>eorumque</strong></span> <span class='ocrx_word' id='word_1_809' title='bbox 2757 4977 2984 5031; x_wconf 89' lang='lat' dir='ltr'><strong>alterum</strong></span> <span class='ocrx_word' id='word_1_810' title='bbox 3011 4975 3332 5030; x_wconf 73' lang='lat' dir='ltr'><strong>secundum</strong></span> <span class='ocrx_word' id='word_1_811' title='bbox 3355 4981 3564 5027; x_wconf 81' lang='lat' dir='ltr'><strong>carnem</strong></span> <span class='ocrx_word' id='word_1_812' title='bbox 3595 4975 3713 5019; x_wconf 63' lang='lat' dir='ltr'><strong>esse.</strong></span> 
     </span>
    </p>
   </div>
   <div class='ocr_carea' id='block_1_110' title="bbox 2179 5054 3714 5140">
    <p class='ocr_par' dir='ltr' id='par_1_110' title="bbox 2179 5054 3714 5140">
     <span class='ocr_line' id='line_1_110' title="bbox 2179 5054 3714 5140; baseline -0.014 -13"><span class='ocrx_word' id='word_1_813' title='bbox 2179 5074 2414 5128; x_wconf 84' lang='lat' dir='ltr'><strong>alterum</strong></span> <span class='ocrx_word' id='word_1_814' title='bbox 2447 5073 2748 5126; x_wconf 85' lang='lat' dir='ltr'><strong>secundum</strong></span> <span class='ocrx_word' id='word_1_815' title='bbox 2801 5069 3054 5140; x_wconf 89' lang='lat' dir='ltr'><strong>spiritum</strong></span> <span class='ocrx_word' id='word_1_816' title='bbox 3085 5066 3236 5131; x_wconf 84' lang='lat' dir='ltr'><strong>dicit,</strong></span> <span class='ocrx_word' id='word_1_817' title='bbox 3270 5065 3512 5138; x_wconf 88' lang='lat' dir='ltr'><strong>(opinor,</strong></span> <span class='ocrx_word' id='word_1_818' title='bbox 3542 5073 3600 5113; x_wconf 76' lang='lat' dir='ltr'><strong>ex</strong></span> <span class='ocrx_word' id='word_1_819' title='bbox 3627 5054 3714 5108; x_wconf 79' lang='lat' dir='ltr'><strong>illis</strong></span> 
     </span>
    </p>
   </div>
   <div class='ocr_carea' id='block_1_111' title="bbox 1827 5202 3704 5301">
    <p class='ocr_par' dir='ltr' id='par_1_111' title="bbox 1827 5202 3704 5301">
     <span class='ocr_line' id='line_1_111' title="bbox 1827 5202 3704 5301; baseline -0.01 -9"><span class='ocrx_word' id='word_1_820' title='bbox 1827 5236 1870 5269; x_wconf 82' lang='lat'>“</span> <span class='ocrx_word' id='word_1_821' title='bbox 1891 5235 2026 5292; x_wconf 83' lang='lat' dir='ltr'><strong>Luc.</strong></span> <span class='ocrx_word' id='word_1_822' title='bbox 2054 5253 2114 5301; x_wconf 91' lang='grc' dir='ltr'>ιι,</span> <span class='ocrx_word' id='word_1_823' title='bbox 2144 5237 2236 5292; x_wconf 70' lang='lat' dir='ltr'><strong>2t.</strong></span> <span class='ocrx_word' id='word_1_824' title='bbox 2317 5236 2358 5268; x_wconf 85' lang='grc'><strong>¹⁹</strong></span> <span class='ocrx_word' id='word_1_825' title='bbox 2390 5235 2578 5290; x_wconf 81' lang='lat' dir='ltr'><strong>Matth.</strong></span> <span class='ocrx_word' id='word_1_826' title='bbox 2613 5252 2664 5294; x_wconf 80' lang='grc' dir='ltr'>ιι,</span> <span class='ocrx_word' id='word_1_827' title='bbox 2694 5231 2796 5298; x_wconf 80' lang='lat'><strong>39;</strong></span> <span class='ocrx_word' id='word_1_828' title='bbox 2846 5247 2958 5298; x_wconf 72' lang='lat' dir='ltr'><strong>xvi,</strong></span> <span class='ocrx_word' id='word_1_829' title='bbox 2993 5228 3084 5284; x_wconf 72' lang='lat'><strong>25.</strong></span> <span class='ocrx_word' id='word_1_830' title='bbox 3161 5227 3206 5258; x_wconf 76' lang='lat'><strong>&#39;°</strong></span> <span class='ocrx_word' id='word_1_831' title='bbox 3255 5225 3444 5280; x_wconf 77' lang='lat' dir='ltr'><strong>Matth.</strong></span> <span class='ocrx_word' id='word_1_832' title='bbox 3487 5235 3600 5282; x_wconf 73' lang='lat' dir='ltr'><strong>nx.</strong></span> <span class='ocrx_word' id='word_1_833' title='bbox 3639 5202 3704 5267; x_wconf 65' lang='lat' dir='ltr'><strong>f1-</strong></span> 
     </span>
    </p>
   </div>
   <div class='ocr_carea' id='block_1_112' title="bbox 2248 5441 3702 5530">
    <p class='ocr_par' dir='ltr' id='par_1_112' title="bbox 2248 5441 3702 5530">
     <span class='ocr_line' id='line_1_112' title="bbox 2248 5441 3702 5530; baseline -0.006 -18"><span class='ocrx_word' id='word_1_834' title='bbox 2248 5459 2358 5530; x_wconf 67' lang='grc'><strong>(54)</strong></span> <span class='ocrx_word' id='word_1_835' title='bbox 2397 5459 2479 5512; x_wconf 78' lang='lat' dir='ltr'><strong>An</strong></span> <span class='ocrx_word' id='word_1_836' title='bbox 2508 5475 2567 5530; x_wconf 79' lang='lat' dir='ltr'><strong>co</strong></span> <span class='ocrx_word' id='word_1_837' title='bbox 2601 5460 2785 5528; x_wconf 79' lang='lat' dir='ltr'><strong>magis.</strong></span> <span class='ocrx_word' id='word_1_838' title='bbox 2813 5459 2887 5512; x_wconf 81' lang='lat' dir='ltr'><strong>Ita</strong></span> <span class='ocrx_word' id='word_1_839' title='bbox 2913 5458 3113 5512; x_wconf 80' lang='lat' dir='ltr'><strong>habent</strong></span> <span class='ocrx_word' id='word_1_840' title='bbox 3142 5457 3269 5511; x_wconf 87' lang='lat' dir='ltr'><strong>editi</strong></span> <span class='ocrx_word' id='word_1_841' title='bbox 3298 5468 3352 5512; x_wconf 92' lang='lat' dir='ltr'><strong>et</strong></span> <span class='ocrx_word' id='word_1_842' title='bbox 3375 5471 3498 5530; x_wconf 71' lang='lat' dir='ltr'><strong>mss.</strong></span> <span class='ocrx_word' id='word_1_843' title='bbox 3529 5441 3702 5506; x_wconf 73' lang='lat' dir='ltr'><strong>nostri:</strong></span> 
     </span>
    </p>
   </div>
   <div class='ocr_carea' id='block_1_113' title="bbox 2173 5526 3708 5598">
    <p class='ocr_par' dir='ltr' id='par_1_113' title="bbox 2173 5526 3708 5598">
     <span class='ocr_line' id='line_1_113' title="bbox 2173 5526 3708 5598; baseline -0.006 -14"><span class='ocrx_word' id='word_1_844' title='bbox 2173 5526 2264 5584; x_wconf 71' lang='lat' dir='ltr'><strong>sed</strong></span> <span class='ocrx_word' id='word_1_845' title='bbox 2305 5526 2480 5583; x_wconf 74' lang='lat' dir='ltr'><strong>tamen</strong></span> <span class='ocrx_word' id='word_1_846' title='bbox 2514 5526 2799 5598; x_wconf 77' lang='lat' dir='ltr'><strong>legendum</strong></span> <span class='ocrx_word' id='word_1_847' title='bbox 2835 5531 3044 5582; x_wconf 83' lang='lat' dir='ltr'><strong>videtur</strong></span> <span class='ocrx_word' id='word_1_848' title='bbox 3072 5545 3085 5581; x_wconf 91' lang='lat'>:</span> <span class='ocrx_word' id='word_1_849' title='bbox 3129 5548 3148 5580; x_wconf 76' lang='grc' dir='ltr'><strong>ι</strong></span> <span class='ocrx_word' id='word_1_850' title='bbox 3174 5532 3243 5582; x_wconf 76' lang='lat' dir='ltr'><strong>At</strong></span> <span class='ocrx_word' id='word_1_851' title='bbox 3273 5547 3337 5584; x_wconf 86' lang='lat' dir='ltr'><strong>eo</strong></span> <span class='ocrx_word' id='word_1_852' title='bbox 3363 5526 3540 5596; x_wconf 76' lang='lat' dir='ltr'><strong>magis,</strong></span> <span class='ocrx_word' id='word_1_853' title='bbox 3566 5535 3708 5584; x_wconf 54' lang='lat' dir='ltr'><strong>actin,</strong></span> 
     </span>
    </p>
   </div>
   <div class='ocr_carea' id='block_1_114' title="bbox 2175 5599 2943 5668">
    <p class='ocr_par' dir='ltr' id='par_1_114' title="bbox 2175 5599 2943 5668">
     <span class='ocr_line' id='line_1_114' title="bbox 2175 5599 2943 5668; baseline -0.004 -16"><span class='ocrx_word' id='word_1_854' title='bbox 2175 5599 2280 5658; x_wconf 67' lang='lat' dir='ltr'><strong>\‘cl,</strong></span> <span class='ocrx_word' id='word_1_855' title='bbox 2322 5617 2340 5648; x_wconf 77' lang='lat' dir='ltr'><strong>r</strong></span> <span class='ocrx_word' id='word_1_856' title='bbox 2379 5601 2571 5653; x_wconf 78' lang='lat' dir='ltr'><strong>Annon</strong></span> <span class='ocrx_word' id='word_1_857' title='bbox 2602 5617 2665 5654; x_wconf 79' lang='lat' dir='ltr'><strong>eo</strong></span> <span class='ocrx_word' id='word_1_858' title='bbox 2693 5600 2884 5668; x_wconf 72' lang='lat' dir='ltr'><strong>magis.</strong></span> <span class='ocrx_word' id='word_1_859' title='bbox 2927 5618 2943 5649; x_wconf 77' lang='grc' dir='ltr'><strong>ι</strong></span> 
     </span>
    </p>
   </div>
   <div class='ocr_carea' id='block_1_115' title="bbox 2249 5668 3693 5741">
    <p class='ocr_par' dir='ltr' id='par_1_115' title="bbox 2249 5668 3693 5741">
     <span class='ocr_line' id='line_1_115' title="bbox 2249 5668 3693 5741; baseline -0.011 -22"><span class='ocrx_word' id='word_1_860' title='bbox 2249 5668 2361 5737; x_wconf 64' lang='lat' dir='ltr'><strong>(i=5)</strong></span> <span class='ocrx_word' id='word_1_861' title='bbox 2396 5669 2644 5740; x_wconf 72' lang='lat' dir='ltr'><strong>Singulos</strong></span> <span class='ocrx_word' id='word_1_862' title='bbox 2689 5685 2936 5739; x_wconf 57' lang='lat' dir='ltr'><strong>quosque.</strong></span> <span class='ocrx_word' id='word_1_863' title='bbox 2981 5669 3117 5723; x_wconf 79' lang='lat' dir='ltr'><strong>Edili</strong></span> <span class='ocrx_word' id='word_1_864' title='bbox 3141 5709 3156 5734; x_wconf 94' lang='lat'><strong>,</strong></span> <span class='ocrx_word' id='word_1_865' title='bbox 3193 5670 3428 5741; x_wconf 78' lang='lat' dir='ltr'><strong>tsittgula</strong></span> <span class='ocrx_word' id='word_1_866' title='bbox 3454 5672 3693 5736; x_wconf 65' lang='lat' dir='ltr'><strong>qumqum</strong></span> 
     </span>
    </p>
   </div>
   <div class='ocr_carea' id='block_1_116' title="bbox 2177 5744 2334 5794">
    <p class='ocr_par' dir='ltr' id='par_1_116' title="bbox 2177 5744 2334 5794">
     <span class='ocr_line' id='line_1_116' title="bbox 2177 5744 2334 5794; baseline -0.006 0"><span class='ocrx_word' id='word_1_867' title='bbox 2177 5744 2334 5794; x_wconf 72' lang='lat' dir='ltr'><strong>male.</strong></span> 
     </span>
    </p>
   </div>
  </div>
