3974 6206
304 258 428 331 g5-

1256 263 1613 321 (ΖΟΜΜΕΝΤ.
1651 264 1729 319 1N
1760 262 1975 318 EPIST.
2019 262 2107 316 AD
2149 259 2315 316 ιιοιι.
2358 259 2485 312 LIB.
2525 258 2586 312 ll.

3463 258 3574 313 9H-

309 386 593 444 institutus
620 383 738 456 (56)
762 398 883 454 quae
912 383 963 437 in
996 380 1195 437 Genesi
1224 382 1428 451 scripta
1453 392 1602 447 sunt,
1632 381 1720 438 ubi
1749 382 1843 437 alii:

1950 377 2151 450 .597
2189 378 2328 432 Deus
2366 388 2528 429 verax
2558 412 2574 439 ,
2621 369 2801 425 omnis
2849 377 3031 424 autem
3070 369 3236 425 homo
3282 373 3513 425 merulas
3548 390 3563 423 :

260 502 265 503 ί
306 477 374 529 ad
407 473 704 543 imaginem
740 473 833 527 Dei
870 472 1080 536 factus,
1116 470 1253 526 alius
1286 473 1352 527 de
1387 472 1514 533 limo
1549 482 1707 528 terrae
1758 472 1881 540 plac

296 576 506 626 amatus
523 563 843 637 refertur")
869 603 885 629 ,
905 574 957 619 et
986 565 1083 620 hos
1115 565 1259 633 ipsos
1292 580 1434 619 nunc
1464 565 1628 619 alium
1677 564 1728 619 in
1766 580 1883 617 ma-

298 657 499 712 nifesto
521 698 538 721 ,
588 656 757 715 alium
793 657 845 710 in
875 654 1089 715 occulto
1116 653 1361 713 Judzenm
1393 667 1550 710 vocat
1578 655 1623 686 "
1657 672 1670 708 :
1706 655 1883 719 scicn-

298 748 426 805 dum
457 757 541 803 est
580 748 722 817 quod
757 734 954 809 horum
984 756 1213 816 uterque
1257 748 1310 801 in
1342 748 1668 816 quibusdam
1707 748 1880 807 disso-

293 840 405 905 nis,
458 840 515 897 in
560 840 840 897 nonnullis
871 854 1002 897 vero
1035 839 1419 897 communibus
1462 840 1634 895 utitur
1663 841 1879 898 institu-

294 931 394 987 tis.
429 930 564 986 Nam
610 939 739 986 sunt
782 931 1036 1002 quedam
1085 946 1205 1000 qua:
1248 931 1317 987 ab
1364 930 1625 987 interiore
1654 930 1877 991 homine

290 1023 508 1078 initium
556 1033 816 1091 sumunt,
871 1033 925 1079 et
979 1038 1155 1092 usque
1201 1023 1269 1077 ad
1308 1023 1634 1079 exteriorem
1685 1038 1875 1091 perve-

288 1115 452 1171 niuut
484 1131 499 1171 :
529 1114 633 1171 alia
656 1129 789 1171 vero
814 1115 1190 1173 abexteriore
1226 1114 1444 1170 homine
1470 1116 1720 1169 inchoata
1749 1131 1873 1186 per—

287 1209 523 1263 veniunt
573 1223 747 1277 usque
795 1208 863 1262 ad
918 1206 1256 1263 interiorem.
1306 1205 1462 1272 Quod
1515 1217 1697 1262 autem
1751 1209 1872 1262 dite

284 1298 397 1353 tale
424 1307 531 1355 est.
573 1299 629 1354 Si
664 1299 893 1355 castitas
920 1299 988 1353 ab
1022 1299 1285 1353 interiore
1324 1298 1543 1355 houdne
1569 1310 1741 1355 sumat
1773 1316 1871 1354 ex-

280 1391 503 1448 ordium
526 1430 541 1453 ,
579 1390 829 1459 pervenit
856 1391 977 1446 sine
1005 1389 1170 1446 dubio
1199 1391 1311 1465 (57)
1341 1408 1512 1463 usque
1540 1394 1606 1448 ad
1633 1394 1871 1449 exterio-

280 1495 426 1536 rem.
471 1478 658 1550 Neque
687 1482 831 1535 enim
870 1481 986 1537 ﬁeri
1023 1492 1233 1551 potest,
1268 1492 1326 1538 ut
1358 1484 1403 1539 si
1434 1494 1561 1539 aute
1588 1486 1712 1554 quis
1760 1503 1873 1541 non

276 1571 590 1633 mecbetur
641 1571 696 1627 iu
748 1572 950 1640 corde,
986 1574 1250 1629 mmcbari
1302 1578 1469 1644 possit
1509 1577 1563 1631 in
1612 1593 1863 1647 corpore;

276 1663 386 1716 Sed
417 1679 524 1718 non
556 1665 814 1725 continuo
840 1665 885 1718 si
921 1665 1045 1734 quis
1072 1666 1141 1720 ab
1182 1668 1477 1724 exterioris
1510 1668 1744 1725 hominis
1783 1670 1864 1724 iu-

1964 470 2133 535 sicut
2169 466 2439 537 scriptum
2483 472 2566 520 est
2600 479 2615 517 :
2657 461 2724 518 Ut
2752 461 3077 532 jnstil‘tceris
3129 460 3180 515 in
3217 461 3575 524 sermonibus

1988 561 2117 623 tuis,
2167 567 2223 612 et
2254 559 2441 612 vincas
2467 572 2591 615 cum
2617 555 2889 624 iudicaris
2922 554 2991 608 ".
3028 570 3047 605 ι
3094 551 3152 606 In
3180 550 3285 605 liae
3324 550 3590 621 Epistula.

1984 651 2187 719 Paulus
2213 651 2365 707 velut
2394 649 2602 707 arbiter
2631 648 2853 719 quidam
2880 647 3025 702 inter
3047 644 3265 700 Judteos
3291 645 3563 707 residens,

1984 749 2041 795 et
2075 740 2316 807 Grazcos,
2366 739 2419 792 id
2470 746 2557 797 est
2599 752 2694 793 eos
2726 737 2822 806 qui
2871 751 2939 792 ex
2985 734 3238 805 gentibus
3287 733 3516 789 credunt
3545 774 3561 798 ,

1983 842 2244 902 utrosque
2276 829 2344 891 ad
2388 828 2547 887 tidem
2583 828 2792 885 Christi
2835 829 2911 884 ita
2935 837 3134 883 evocat
3163 836 3219 883 et
3246 827 3465 893 invitat,
3504 839 3565 880 ιιι

1982 939 2156 994 neque
2177 923 2394 979 Iudaeos
2418 920 2656 977 oli'endat
2688 921 2905 991 penitus
2931 920 3266 977 destruendo
3302 918 3562 979 Iudaicos

1980 1016 2118 1072 ritus
2145 1056 2161 1084 ,
2192 1030 2370 1085 neque
2398 1014 2651 1085 gentibus
2694 1013 2907 1084 injiciat
2951 1013 3389 1082 desperationem
3424 1026 3560 1067 cou-

1980 1107 2246 1163 l‘trmaudo
2267 1105 2672 1161 observantiam
2715 1104 2850 1175 legis
2877 1113 2932 1161 et
2954 1103 3186 1169 litterae;
3232 1111 3287 1158 et
3345 1104 3463 1159 sive
3491 1104 3558 1159 de

1978 1198 2490 1268 repromissiouibus
2543 1206 2851 1265 memoret,
2900 1196 3017 1252 sive
3074 1196 3141 1250 de
3206 1193 3433 1265 ptenis,
3488 1197 3556 1250 ad

1972 1299 2270 1360 utrumque
2302 1289 2555 1359 populum
2593 1289 2788 1344 dividit
2832 1289 3082 1343 verbum.
3108 1284 3199 1348 Ut,
3228 1286 3380 1341 verbi
3424 1302 3555 1355 gra-

1976 1381 2073 1445 tia,
2114 1396 2234 1434 cum
2281 1379 2454 1434 dicit:
2499 1396 2518 1431 ι
2575 1376 2669 1433 His
2713 1387 2894 1432 autem
2921 1415 2937 1441 ,
2974 1376 3065 1445 qui
3097 1390 3163 1431 ex
3198 1374 3556 1430 contentione

1970 1481 2123 1539 sunt,
2148 1481 2199 1527 et
2233 1471 2324 1541 qui
2376 1470 2623 1525 dillidunt
2655 1470 2872 1540 quidem
2909 1468 3150 1533 veritati,
3194 1467 3422 1522 credunt
3457 1482 3553 1520 au-

1974 1573 2081 1618 tem
2105 1563 2399 1633 iniquitati,
2433 1562 2534 1627 ira,
2564 1571 2617 1615 ct
2644 1562 2950 1633 indignatio
2982 1578 2995 1614 :
3034 1559 3335 1627 tribulatio,
3372 1568 3427 1613 et
3452 1574 3552 1613 au-

1964 1653 2148 1724 gustia
2201 1654 2254 1707 in
2290 1668 2505 1708 omnem
2542 1654 2778 1707 animam
2830 1651 3066 1706 hominis
3110 1650 3389 1719 operantis
3436 1666 3550 1705 ma-

275 1754 447 1824 cipiat
476 1757 764 1820 castitate,
799 1759 1049 1827 pervenit
1072 1761 1238 1815 etiam
1269 1761 1339 1815 ad
1376 1760 1694 1817 interiorem
1729 1777 1843 1817 cont

1970 1745 2075 1798 lum
2110 1783 2128 1810 ,
2165 1743 2341 1799 Iudaei
2374 1744 2636 1813 primum,
2670 1754 2725 1799 et
2757 1744 2933 1799 ϐιαιοί
2966 1744 3032 1799 ³⁸.
3074 1762 3093 1795 ι
3121 1743 3226 1800 Ista
3257 1742 3324 1798 de
3346 1744 3547 1813 poenis.

274 1842 604 1910 tinentiam;
644 1857 701 1900 ut
729 1848 774 1902 si
806 1861 912 1901 non
943 1851 1253 1907 mmehatur
1288 1849 1343 1907 in
1373 1864 1642 1920 corpore,
1676 1866 1777 1925 nec
1807 1854 1859 1906 in

1966 1835 2043 1891 De
2069 1835 2590 1905 repromissionibus
2638 1850 2766 1891 vero
2811 1836 3092 1906 subiungit
3124 1852 3140 1892 :
3173 1853 3193 1889 ι
3235 1834 3422 1890 Gloria
3452 1852 3547 1889 au-

268 1934 442 1989 corde
489 1935 797 1999 ιηφςιιεωι-
844 1938 981 2007 (58),
1044 1938 1355 1994 secundum
1408 1916 1524 1997 ιιαξο
1570 1922 1723 2011 εγεοζ
1754 1943 1863 1999 εει-
1942 1916 2097 2011 tem,
2126 1937 2179 1983 et
2210 1927 2413 1993 honor,
2438 1938 2490 1983 et
2517 1944 2618 1999 pax
2651 1929 2798 1984 omni
2833 1928 3080 1998 operanti
3112 1928 3335 1996 bonum,
3358 1927 3545 1991 Judaeu

258 2027 547 2089 ,eutncisio
579 2028 860 2091 interioris
882 2038 937 2085 et
961 2032 1254 2089 exterioris
1280 2033 1522 2089 hominis
1553 2034 1843 2105 allegoric'u

1960 2019 2196 2088 primunt
2228 2030 2283 2101 et
2310 2018 2507 2075 ϐιαιρο
2542 2020 2609 2074 ⁸¹.
2647 2038 2666 2073 ι
2706 2019 2943 2075 Rursum
2974 2019 3043 2074 de
3078 2021 3331 2091 gentibus
3362 2021 3546 2077 dicere

262 2113 487 2185 legibus
532 2118 907 2190 intelligatur,
956 2137 1079 2182 cum
1109 2122 1224 2192 jam
1272 2139 1450 2194 neque
1496 2100 1725 2181 interior
1766 2126 1843 2185 Ηιι

1961 2108 2179 2164 videtur
2210 2126 2225 2165 :
2254 2100 2280 2161 ι
2324 2107 2646 2179 Quicunque
2668 2110 2813 2164 enim
2842 2111 2962 2165 sine
2995 2110 3114 2180 lege
3143 2121 3544 2181 peccaverunt.

260 2208 611 2277 concupiscit
644 2212 695 2265 in
727 2214 925 2278 corde,
964 2229 1138 2283 neque
1185 2216 1424 2273 exterior
1470 2217 1571 2280 iste
1599 2220 1857 2288 concupi-

262 2300 501 2354 scentite
537 2301 812 2367 ministrat
854 2304 910 2365 in
960 2320 1188 2374 corpore
1232 2324 1247 2361 :
1298 2316 1355 2365 ut
1384 2308 1741 2367 circumcisus
1774 2312 1854 2367 dio

257 2398 431 2451 eatur
480 2393 534 2447 in
567 2409 737 2455 carne
782 2395 904 2461 ille,
957 2413 1119 2467 quem
1171 2398 1460 2468 Apostolus
1506 2402 1640 2457 dicit
1672 2404 1716 2435 ’δ
1743 2401 1853 2472 jam

258 2496 375 2543 non
400 2498 524 2543 esse
558 2486 608 2538 in
630 2501 823 2552 carne,
868 2492 962 2543 sed
1004 2491 1303 2559 iuspiritu.
1339 2502 1392 2549 et
1414 2494 1509 2563 qui
1546 2503 1701 2555 actus
1731 2511 1851 2550 car»

257 2576 349 2637 nis
368 2590 474 2643 per
504 2578 755 2645 spiritum
799 2583 1094 2639 mortilicat
1128 2587 1196 2641 ”.
1235 2588 1726 2657 Vcrumquoniatn
1753 2591 1847 2659 qui

253 2666 626 2731 circumcisus
658 2680 776 2733 est.
808 2672 1043 2742 aliquam
1090 2692 1313 2733 carnem
1358 2678 1631 2748 perditum
1676 2681 1847 2747 dedit,

251 2756 500 2826 aliquam
532 2762 775 2821 servavit
802 2764 1131 2823 incolumem
1155 2811 1171 2835 ,
1211 2770 1262 2823 in
1292 2785 1358 2825 eo
1386 2773 1547 2840 quod
1574 2775 1844 2841 perditum

247 2850 409 2905 dedit
448 2851 599 2923 (59),
652 2854 797 2915 illaut
842 2871 1065 2911 carnem
1108 2859 1408 2930 signiﬁcari
1455 2872 1586 2931 puto
1628 2865 1699 2918 de
1739 2880 1845 2933 qua

246 2941 525 3012 scriptum
550 2954 633 3005 est
652 2946 703 2989 4"
733 2964 746 3005 :
782 2964 803 3000 ι
840 2946 1031 3005 Omnis
1057 2966 1188 3006 caro
1214 2951 1421 3019 fetuum,
1446 2966 1507 3009 et
1530 2956 1707 3011 omnis
1730 2955 1845 3026 glo-

248 3036 337 3089 ria
375 3036 493 3101 eius
526 3039 687 3107 quasi
711 3039 811 3099 llos
839 3040 1007 3097 feni.»
1033 3044 1175 3100 Caro
1200 3057 1381 3105 autem
1416 3063 1537 3116 qure
1567 3060 1838 3115 servatur,
1866 3083 1911 3141 ε

248 3133 306 3181 et
340 3127 635 3189 incolumis
666 3142 979 3201 permanet,
1027 3144 1157 3202 puto
1198 3139 1343 3206 quod
1384 3138 1618 3199 formam
1654 3149 1840 3196 teneat

251 3214 405 3272 illius
458 3221 733 3283 caruisde
761 3238 865 3292 qua
904 3225 1112 3287 dicitur
1141 3229 1219 3294 ",
1265 3229 1392 3297 quia
1438 3248 1456 3281 ι
1495 3231 1675 3287 omnis
1709 3249 1838 3293 caro

246 3307 465 3367 videbit
488 3310 731 3369 salutare
758 3314 850 3377 Dei
869 3315 1007 3387 (60).
1024 3334 1045 3368 ι
1068 3316 1173 3373 Sed
1202 3332 1337 3388 opus
1362 3328 1444 3374 est
1470 3321 1691 3381 auribus
1716 3338 1837 3391 quae

244 3399 449 3455 audire
478 3404 688 3470 possint
715 3421 835 3477 qua;
861 3408 933 3462 sit
965 3424 1097 3465 caro
1127 3424 1248 3477 quae
1276 3421 1502 3480 pereat,
1539 3422 1736 3482 etquae
1764 3415 1835 3477 sit

242 3504 381 3545 caro
410 3506 532 3561 quin
561 3496 766 3551 videbit
797 3497 1033 3557 salutare
1061 3497 1154 3553 Dei
1188 3516 1202 3553 :
1238 3514 1362 3568 qua:
1391 3511 1513 3569 post
1537 3502 1832 3571 depositio-

243 3595 377 3635 nem
416 3585 602 3639 carnis
628 3589 881 3655 prmputii
912 3587 1061 3651 salva
1104 3601 1445 3658 permaneat,
1493 3607 1616 3647 cum
1649 3591 1735 3646 illa
1775 3600 1833 3647 ut

241 3675 347 3730 ﬂos
368 3672 483 3729 l'eni
512 3676 800 3731 deciderit.
864 3678 1022 3746 Quod
1049 3682 1143 3749 qui
1172 3681 1540 3748 intellexerit,
1586 3683 1831 3739 inveniet

238 3764 556 3834 ingentium
600 3770 990 3839 mysteriorum
1033 3772 1240 3829 formas
1291 3774 1344 3828 in
1392 3774 1827 3837 circumcisionis

238 3860 462 3915 ratione
486 3862 833 3929 praernissas,
867 3874 921 3919 et
962 3865 1208 3920 inveniet-
1245 3882 1367 3933 eum
1396 3867 1488 3937 qui
1526 3868 1578 3936 in
1609 3869 1826 3925 occulto

236 3947 462 4005 Judaeus
492 3960 599 4018 est,
624 3962 678 4008 et
700 3954 789 4023 qui
824 3955 875 4008 in
902 3955 1163 4021 interiore
1218 3959 1442 4025 homine
1470 3959 1829 4015 circumcisus

236 4052 347 4110 est,
374 4054 590 4100 tantum
624 4056 903 4116 praestare,
933 4056 987 4104 et
1017 4050 1432 4105 eminentiorem
1466 4065 1585 4106 esse
1612 4051 1703 4105 illo
1734 4050 1822 4120 qui

239 4138 542 4199 secundum
584 4154 804 4195 carnem
821 4139 1045 4203 Iudaeus
1075 4151 1184 4209 est,
1236 4153 1496 4213 quantum
1526 4151 1746 4213 praestat
1770 4152 1825 4197 et

238 4230 453 4285 eminet
481 4230 650 4288 Judas
681 4234 770 4293 ille
792 4278 806 4303 ,
855 4250 1013 4305 quem
1044 4235 1581 4301 collaudauttratres
1608 4235 1689 4305 sui
1714 4277 1727 4301 ,
1766 4245 1821 4289 et

237 4323 332 4391 qui
374 4321 634 4379 dormivit
678 4335 736 4379 ut
761 4325 884 4394 leo,
912 4336 1048 4389 etut
1075 4326 1285 4383 catulus
1310 4326 1483 4381 leonis
1523 4326 1819 4381 suscitatus

1956 2199 2074 2254 sine
2106 2199 2222 2273 lege
2272 2201 2525 2272 peribunt
2558 2201 2676 2271 ³².;ι
2706 2201 2773 2256 Ει
2806 2202 2999 2257 iterum
3032 2202 3099 2256 de
3142 2202 3489 2259 circumcisis
3516 2222 3539 2259 :

1961 2307 1981 2343 ι
2022 2289 2087 2345 Ει
2124 2299 2397 2361 quotquot
2421 2292 2473 2347 in
2504 2292 2624 2362 lege
2652 2302 3043 2362 peccaverunt,
3069 2308 3166 2363 per
3192 2293 3367 2361 legem
3391 2292 3543 2361 judi-

1956 2383 2231 2438 cabuntur
2268 2383 2333 2436 ³³.
2374 2401 2393 2435 ι
2422 2384 2659 2445 Rursum
2684 2396 2812 2438 vero
2838 2392 3024 2454 gentes
3044 2384 3339 2440 sublevans
3364 2384 3532 2441 dicit:

1938 2493 1979 2557 γι
2023 2473 2163 2529 Cum
2193 2474 2337 2531 enim
2376 2483 2589 2545 gentes,
2632 2490 2754 2544 qua:
2786 2474 2962 2546 legem
2987 2492 3093 2532 non
3122 2474 3344 2547 habent,
3378 2488 3533 2557 natu.

1950 2566 2143 2622 raliter
2172 2581 2294 2639 qua:
2323 2566 2457 2636 legis
2483 2576 2609 2622 sunt
2637 2566 2864 2635 faciunt,
2899 2566 2951 2621 hi
2981 2566 3153 2637 legem
3182 2584 3287 2624 non
3324 2568 3537 2629 habeti-

1953 2668 2072 2726 tes,
2120 2659 2218 2728 ipsi
2262 2659 2366 2714 sibi
2410 2668 2536 2716 sunt
2574 2661 2705 2731 lex,
2748 2660 2842 2729 qui
2874 2662 3169 2717 ostendunt
3198 2676 3332 2730 opus
3398 2661 3532 2730 legis

1949 2752 2216 2821 scriptum
2252 2752 2303 2806 iit
2336 2753 2595 2807 cordibus
2636 2753 2750 2808 suis
2782 2750 2851 2818 ³⁸,
2890 2770 2908 2805 ι
2941 2761 3048 2809 etc.
3091 2752 3155 2807 Et
3189 2753 3387 2807 iterum
3416 2768 3530 2808 ser.-

1946 2860 2165 2912 .mouem
2204 2845 2471 2899 convertit
2494 2844 2561 2901 ad
2592 2843 2811 2900 Juduzos
2845 2845 3072 2900 dicens:
3116 2862 3135 2897 ι
3171 2846 3227 2899 Si
3252 2856 3433 2900 autem
3471 2855 3526 2900 ιιι

1945 2934 2167 2992 Judtens
2206 2937 2617 3006 cognominaris
2642 2977 2657 3005 ,
2708 2946 2760 2993 et
2793 2938 3090 3009 requiescis
3119 2939 3171 2993 in
3216 2937 3331 3008 lege
3368 2938 3438 3003 ³⁸,
3500 2958 3521 2991 ι

1950 3036 2004 3084 et
2037 3028 2244 3098 reliqua
2274 3043 2446 3097 usque
2478 3014 2545 3083 ad
2569 3044 2690 3084 eum
2716 3029 2892 3085 locum
2929 3031 3019 3087 ubi
3050 3030 3218 3085 dicit:
3259 3048 3278 3082 ι
3317 3029 3525 3093 Nomen

1938 3120 2088 3191 enim
2130 3119 2225 3175 Dei
2277 3135 2376 3192 per
2403 3135 2502 3176 vos
2530 3120 2943 3195 blaSphematnr
2987 3122 3133 3177 inter
3160 3132 3350 3193 gentes
3382 3122 3447 3175 ³⁸.
3501 3138 3522 3174 ι

1942 3211 2009 3266 Et
2046 3228 2112 3268 ne
2141 3213 2418 3268 videretur
2458 3213 2659 3268 nimius
2689 3227 2808 3269 esse
2848 3214 2901 3268 iu
2940 3214 3405 3285 increpationibus
3427 3214 3523 3273 Ju-

1941 3301 2203 3368 dmorum,
2235 3301 2366 3357 dicit
2400 3319 2415 3357 :
2448 3319 2467 3353 ι
2503 3300 2862 3361 Circumcisio
2893 3304 3110 3375 quidem
3156 3306 3420 3374 prodest,
3474 3306 3519 3358 si

1939 3392 2113 3465 legem
2165 3394 2446 3451 custodias
2471 3395 2539 3449 ³⁷.
2593 3413 2613 3450 ι
2663 3395 2771 3451 Sed
2804 3396 3001 3450 iterum
3044 3411 3113 3451 ne
3147 3397 3385 3466 erigeret
3422 3411 3520 3453 eos

1937 3487 2029 3555 qui
2061 3478 2371 3543 uimiamiu
2403 3488 2823 3543 circumcisione
2855 3488 3083 3561 gloriam
3112 3501 3342 3559 ponunt,
3364 3491 3519 3545 addi.

1935 3576 2013 3647 dit
2046 3593 2060 3630 :
2103 3594 2122 3628 ι
2160 3575 2220 3642 Si
2256 3586 2439 3631 autem
2484 3576 2874 3640 praevaricator
2923 3576 3001 3631 sis
3037 3575 3191 3645 legis,
3224 3576 3515 3630 circumci-

1932 3666 2014 3721 sio
2042 3674 2129 3720 tua
2154 3668 2476 3734 praeputium
2506 3664 2651 3720 facta
2687 3678 2771 3720 est
2804 3664 2870 3718 ³⁸.
2908 3684 2926 3719 ι
2974 3665 3039 3721 Ut
3090 3674 3270 3719 autem
3317 3666 3515 3733 paulu-

1931 3757 2043 3811 lum
2078 3766 2133 3812 et
2161 3772 2350 3812 eorum
2382 3757 2472 3827 qui
2501 3771 2570 3812 ex
2603 3758 2852 3828 gentibus
2882 3758 3110 3813 credunt
3137 3758 3350 3817 animos
3378 3759 3512 3814 alte‘

1931 3857 2107 3915 varet,
2156 3847 2432 3920 subjuugit
2464 3866 2477 3902 ε
2511 3868 2532 3903 ι
2588 3847 2645 3905 Si
2698 3857 2879 3907 autem
2913 3850 3234 3919 praeputium
3264 3850 3512 3919 justitias

1928 3938 2064 4019 legis
2099 3942 2393 4007 custodiat,
2425 3956 2604 3996 nonne
2638 3942 2961 4012 praeputium
2995 3942 3139 3998 illius
3182 3943 3235 3997 in
3274 3945 3509 3998 circum-

1927 4032 2189 4089 cisionem
2234 4024 2633 4103 reputabitur”
2663 4034 2685 4087 ?
2721 4024 2943 4105 i‘Atque
2974 4042 3035 4089 ut
3064 4034 3299 4090 validius
3326 4036 3503 4106 erige-

1928 4138 2012 4183 ret
2046 4126 2261 4181 animos
2298 4127 2568 4197 gentium,
2596 4137 2652 4184 et
2680 4129 2883 4183 scirent
2928 4143 3087 4199 posse
3120 4142 3199 4194 se,
3246 4128 3291 4182 si
3331 4127 3503 4201 legem

1924 4218 2219 4291 perfectius
2246 4220 2621 4289 observarent,
2644 4223 2812 4279 etiam
2832 4224 3084 4278 meliores
3106 4224 3245 4280 eﬂici
3272 4224 3504 4291 iudicis,

1923 4310 2060 4367 dicit
2141 4310 2189 4343 δ’
2220 4329 2233 4365 :
2274 4329 2293 4363 t
2327 4312 2392 4366 Et
2416 4311 2676 4382 iudicabit
2703 4315 2752 4369 id
2773 4316 2912 4384 quod
2941 4331 3004 4370 ex
3030 4324 3219 4370 natura
3255 4326 3336 4372 est
3363 4333 3502 4386 pra:-

230 4427 317 4471 est
342 4417 428 4481 ³³,
460 4418 535 4472 illi
568 4418 719 4481 ludis
748 4421 840 4489 qui
886 4434 955 4475 ex
997 4420 1294 4477 femoribus
1318 4417 1489 4483 Jaceb
1514 4416 1815 4490 secundum

1950 4407 2156 4471 ›ιιιίιιιιι,
2192 4403 2363 4472 legem
2400 4404 2689 4476 perﬁciens
2715 4446 2731 4475 ,
2781 4415 2831 4461 te
2854 4446 2870 4474 ,
2907 4408 2997 4476 qui
3034 4422 3128 4477 per
3160 4408 3395 4463 litteram
3446 4421 3501 4465 ct

229 4523 459 4565 carnem
494 4521 651 4568 natus
684 4522 787 4569 εει.

304 4602 393 4656 μ.
424 4621 444 4655 ι
466 4604 603 4670 Quid
622 4619 754 4673 ergo
769 4604 1004 4673 amplius
1026 4614 1108 4660 est
1129 4604 1314 4659 Judteo
1328 4606 1350 4659 ἲ
1365 4614 1633 4674 autquzeu
1648 4601 1823 4657 tibias

227 4694 704 4752 circumcisionis?
721 4697 946 4752 Multum
965 4713 1063 4769 per
1079 4713 1292 4755 omnem
1314 4701 1552 4753 modum.
1571 4696 1810 4751 Primum

227 4789 477 4855 (pridem,
493 4789 618 4858 quia
634 4792 841 4846 credita
859 4801 984 4847 sunt
1003 4792 1109 4847 illis
1131 4793 1341 4861 eloquia
1358 4793 1469 4846 Dei.
1501 4792 1640 4857 Quid
1663 4791 1807 4845 enim

232 4882 275 4932 si
299 4882 517 4948 quidam
546 4882 762 4939 illorum
798 4900 905 4940 non
933 4885 1328 4941 crediderunt?
1350 4883 1602 4952 Nunquid
1630 4884 1806 4936 incre-

232 4968 431 5026 dulitas
451 4987 641 5029 eorum
666 4974 824 5031 [idem
848 4974 1461 5035 Deievacuahithsit!
1488 4974 1607 5028 Fiat
1624 4981 1804 5025 autem

300 5086 345 5161 ’3
366 5087 505 5142 Gen.
534 5106 609 5157 ix,
637 5092 705 5157 6;
742 5108 802 5161 tt,
831 5093 884 5147 7.
957 5094 1006 5127 "
1030 5093 1187 5149 Rom.
1224 5108 1286 5157 ιι,
1312 5093 1401 5159 28,
1430 5091 1521 5146 29.

233 5154 277 5231 ξξ
299 5156 436 5231 Gen.
459 5154 609 5227 XLII,
640 5154 799 5225 8,79;
858 5164 901 5196 ²⁹
926 5164 1079 5219 Rom.
1115 5181 1196 5231 ιιι,
1226 5154 1340 5219 14.

232 5222 543 5284 “ibim”.
596 5222 850 5288 "‘ibid.
887 5235 979 5288 at.
1075 5235 1117 5266 ιτ
1152 5222 1283 5291 ibid.
1310 5236 1401 5291 25.

293 5339 414 5408 (56)
454 5342 617 5407 Editi,
657 5347 998 5404 «institutis.
1032 5370 1053 5404 ι

296 5410 406 5480 (57)
447 5412 574 5468 Siue
598 5416 777 5471 dubio.
823 5421 977 5475 Deest
1007 5422 1057 5475 in
1093 5422 1271 5476 editis.

297 5481 412 5560 (δε)
459 5481 524 5535 Ut
552 5486 727 5560 sinon
754 5490 1046 5560 attrahatur
1072 5494 1123 5545 in
1155 5508 1402 5560 corpore,
1440 5510 1528 5546 nec
1558 5509 1611 5546 tn
1642 5492 1797 5547 corde

236 5555 532 5606 mwchetur.
578 5555 697 5609 llaec
732 5559 1109 5614 desiderantur
1139 5563 1192 5615 iu
1242 5555 1395 5615 illiris
1427 5575 1581 5618 antea
1614 5564 1792 5617 editis.

298 5620 407 5689 (59)
439 5623 598 5703 Editi,
629 5644 645 5673 t
681 5629 941 5703 perditam
979 5631 1127 5687 dedit
1169 5651 1186 5683 ι
1224 5631 1377 5696 Mss.,
1422 5632 1492 5686 al.
1522 5650 1541 5683 ι
1565 5634 1744 5703 periit,
1772 5650 1794 5683 ι

238 5687 321 5758 al,
372 5687 395 5740 ι¹
420 5687 693 5761 perditum
724 5697 889 5753 dedit.
931 5719 946 5746 ι

1501 5234 1546 5266 ⁸⁸
1579 5232 1707 5285 ibid.

1611 5091 1660 5123 “
1690 5089 1843 5142 Rom.
1873 5098 1990 5147 t’ttt,
2015 5079 2068 5137 9.
2144 5078 2195 5109 ³⁸
2213 5075 2355 5136 ibid.
2393 5075 2480 5129 15.

1435 5145 1485 5195 δέ
1508 5162 1665 5215 Rom.
1694 5174 1751 5223 tt,
1774 5157 1830 5213 8.

1976 5145 2030 5183 ιι
2063 5150 2196 5223 una.
2224 5146 2330 5223 to,_
2356 5218 2366 5223 _
2388 5146 2432 5223 ’_’
2458 5145 2585 5223 apta.
2617 5146 2702 5200 ιε.
2776 5147 2820 5179 ³³
2846 5149 2979 5204 ibid.
3054 5148 3099 5181 ιι
3127 5149 3253 5203 una.
3282 5148 3369 5214 tt,
3398 5148 3483 5201 is.

1812 5226 1855 5258 ³⁹
1884 5223 2014 5280 ibid.
2057 5221 2147 5274 ‘26.
2226 5217 2271 5249 “
2296 5216 2426 5273 ibid.
2464 5215 2554 5271 27.

1922 4498 2396 4553 circumcisieuem
2448 4499 2839 4570 prxvaricator
2896 4513 2954 4555 es
3004 4499 3159 4571 legis.
3217 4519 3235 4553 ι
3292 4498 3503 4565 Yerutu

1919 4590 2175 4661 quoniam
2205 4590 2414 4646 sciebat
2460 4591 2657 4648 multas
2690 4592 2740 4647 in
2774 4591 2916 4662 Lege
2947 4601 3002 4646 et
3036 4592 3320 4661 Prophetis
3372 4607 3509 4649 esse!

1920 4680 2375 4748 repromissiones
2404 4695 2525 4750 quae
2568 4682 2635 4736 ad
2676 4679 2892 4737 Iudaeos
2944 4680 3059 4736 ﬁeri
3110 4682 3392 4751 videntur,
3428 4698 3495 4736 ne

1918 4779 2141 4840 possent
2171 4769 2281 4842 (61)
2336 4773 2627 4841 desperare
2674 4782 2870 4849 gentes
2902 4782 3159 4843 tauquam
3191 4789 3311 4843 quae
3357 4774 3503 4827 nihil

1917 4865 2198 4919 societatis
2231 4865 2286 4919 in
2322 4865 2649 4934 conscriptis
2673 4849 3191 4934 repromissiouibus
3228 4867 3489 4939 habeant,

1917 4963 2075 5016 docet
2107 4973 2203 5014 eos
2225 4956 2373 5027 quod
2411 4954 2525 5029 (62)
2571 4957 2868 5012 secundum
2903 4958 3192 5028 mysticam
3223 4959 3487 5013 rationem

2575 5077 2619 5107 ³⁸
2648 5076 2769 5134 lsai.
2802 5092 2891 5141 xL,
2918 5077 2975 5131 ϐ.
3071 5078 3115 5109 ’⁷
3144 5076 3276 5133 Luc.
3319 5092 3401 5144 ιιι,
3431 5077 3484 5135 6.

1976 5336 2094 5406 (60)
2134 5332 2313 5400 Editi,
2344 5334 2433 5390 hic
2470 5341 2522 5388 et
2566 5333 2721 5407 paulo
2759 5336 2900 5391 iut‘ra
2934 5336 3145 5405 legunt,
3176 5356 3194 5390 ι
3229 5335 3479 5393 Salvato-

1903 5423 2017 5463 rem
2046 5407 2157 5458 Dei.
2188 5424 2207 5458 ι

1978 5475 2266 5545 (6i)‘Editi
2291 5516 2306 5541 ,
2344 5491 2365 5526 ι
2403 5476 2850 5545 rcpromissiones
2888 5478 2953 5534 ad
2986 5475 3224 5546 Jutlmos,
3255 5494 3321 5533 nc
3351 5493 3477 5549 pos-

1905 5558 2046 5607 seut,
2092 5565 2110 5597 ι
2146 5554 2252 5601 etc.

1979 5618 2088 5687 (6'2)
2121 5617 2227 5681 AL,
2267 5636 2287 5669 ι
2325 5618 2436 5686 qui,
2475 5637 2490 5671 ι
2532 5620 2691 5675 male.
