3974 6206
494 244 599 318 ais
1451 245 1454 252 '
1965 261 2291 318 onrcms
3626 271 3710 325 an

445 375 448 378 '
497 366 663 418 etiam!
691 363 793 436 ipsi
819 365 987 422 Iud-.ei
1030 369 1158 435 sint,
1195 377 1250 424 et
1291 369 1527 426 habeant
1573 371 2072 437 eireumeisionem.
2102 384 2151 442 Α
2177 391 2348 445 ctum,
2379 387 2434 436 et
2467 380 2786 449 prudentem
2818 379 3120 435 auditorem
3156 379 3290 453 (65).
3329 398 3348 440 ο
3379 381 3470 436 llis
3498 379 3620 452 ergo
3646 394 3713 434 ta-

503 457 792 526 Propterea
828 459 959 514 dicit
996 479 1009 514 :
1044 479 1063 511 ι
1099 460 1212 515 Non
1243 463 1389 517 enim
1422 466 1514 535 qui
1553 466 1607 522 in
1657 468 1952 526 manifesto
1983 471 2074 528 Ju-

499 549 650 602 daeus
671 559 783 613 est,
817 564 992 618 neque
1019 566 1138 620 quae
1166 551 1221 606 in
1255 555 1546 612 manifesto
1572 558 1626 613 in
1661 574 1828 617 carne
1861 572 1944 618 est
1965 563 2075 618 cir-

449 673 454 678 .
501 639 799 702 cumcisio;
850 642 947 694 sed
987 643 1078 710 qui
1104 641 1160 696 in
1212 645 1428 703 occulto
1472 645 1694 706 Iudaeus
1736 661 1844 716 est,
1878 640 1933 707 et
1963 653 2076 707 cir-

501 730 762 784 emncisio
801 732 983 788 cordis
1013 734 1069 788 in
1100 735 1316 806 spiritu,
1349 753 1455 792 non
1491 739 1712 807 littera;
1760 741 1920 811 cujus
1954 743 2074 800 laus

502 837 607 874 non
639 837 707 876 ex
732 821 1062 892 hominibus,
1095 829 1189 883 sed
1219 843 1287 883 ex
1318 829 1428 885 Deo
1447 841 1529 886 est
1559 831 1626 887 ιι.
1664 853 1683 887 ›
1715 833 1912 890 Verum
1934 850 2072 902 quo-

502 911 645 965 niam
683 912 736 967 in
759 914 846 970 his
866 917 1120 973 omnibus
1153 921 1491 990 superiorem
1517 925 1918 994 quodammodo
1942 942 2074 981 cau-

496 1017 614 1057 sam
646 1006 889 1074 gentium
921 1007 1147 1078 fecerat,
1181 1029 1396 1069 rursum
1428 1015 1580 1071 velut
1616 1018 1854 1087 querelis
1879 1033 2070 1074 eorum

494 1093 587 1161 qui
621 1109 688 1150 ex
724 1097 1140 1159 circumcisione
1164 1114 1292 1162 sunt
1321 1121 1636 1176 occurrens,
1674 1114 1927 1183 proponit
1955 1115 2064 1171 sibi

495 1183 596 1253 ipsi
621 1200 744 1256 qua:
783 1187 838 1242 in
871 1193 1122 1260 praesenti
1152 1196 1392 1265 capitulo
1425 1201 1801 1269 eontlnentur,
1833 1204 2020 1261 dicens
2051 1223 2066 1260 :

498 1293 517 1326 ι
570 1276 714 1345 Quid
762 1294 892 1349 ergo
935 1283 1165 1352 amplius
1199 1297 1278 1341 est
1321 1287 1546 1347 δυόωοὲ
1577 1303 1671 1348 aut
1701 1309 1820 1365 quze
1862 1297 2070 1355 utilitas

493 1369 978 1430 eireumcisionis?
1031 1375 1256 1433 Multum
1291 1395 1389 1450 per
1426 1397 1641 1440 onmem
1676 1387 1895 1444 modum
1932 1389 2000 1446 ".
2045 1411 2064 1445 ι

493 1460 552 1516 Si
589 1475 740 1532 ergo,
769 1464 967 1534 inquit,
1001 1465 1048 1522 is
1085 1487 1104 1520 ε
1138 1471 1230 1539 qui
1275 1471 1330 1526 in
1368 1475 1662 1534 manifesto
1695 1476 1915 1538 Judaeus
1961 1493 2070 1551 est,

493 1561 549 1606 et
573 1569 694 1623 quae
721 1554 772 1610 in
803 1557 1090 1613 manifesto
1115 1560 1168 1615 in
1197 1577 1364 1618 carne
1404 1576 1489 1622 est
1519 1568 1868 1628 circumcisio
1903 1591 1924 1628 ι
1958 1590 2067 1631 non

495 1655 798 1717 reputatur,
834 1667 854 1702 ί
893 1652 987 1706 sed
1019 1656 1112 1723 qui
1160 1655 1214 1710 in
1248 1659 1467 1714 occulto
1491 1660 1712 1719 Judmtts
1741 1678 1846 1732 est,
1876 1678 1930 1724 et
1954 1671 2068 1724 cir-

495 1743 757 1799 cumcisio
785 1747 971 1802 cordis
1008 1767 1026 1800 ι
1065 1764 1189 1819 qua:
1215 1752 1274 1806 lit
1315 1770 1333 1804 ε
1371 1753 1426 1807 in
1449 1756 1642 1822 spiritu
1667 1757 1738 1824 ⁸³,
1772 1778 1792 1812 ι
1837 1761 1950 1830 ipsa
1985 1772 2070 1818 est

492 1851 620 1890 vera
654 1837 1022 1904 circumcisio,
1079 1841 1227 1898 dices
1255 1844 1385 1898 mihi
1414 1863 1430 1900 :
1459 1845 1599 1913 Quid
1627 1851 1860 1920 amplius
1897 1863 1980 1908 est
2012 1854 2064 1910 in

496 1927 580 1980 his
631 1925 837 1986 Judaeis-
880 1932 972 2000 qui
1025 1932 1131 1988 hac
1181 1935 1541 2004 appellatione
1585 1944 1930 2000 censentur!
1985 1945 2069 2002 vel

493 2034 615 2086 qua:
655 2021 707 2075 in
740 2025 1010 2093 corporali
1057 2026 1481 2084 circumcisione
1535 2032 1766 2088 habetur
1813 2037 2069 2093 utilitas?

493 2108 574 2163 Ad
625 2111 741 2166 lure
791 2127 860 2168 ne
897 2114 1154 2170 videatur
1187 2118 1328 2173 inter
1359 2128 1652 2192 utrumque
1677 2125 1931 2195 pupulum
1969 2129 2070 2184 mi-

493 2212 594 2252 nus
631 2197 814 2266 justus
842 2203 1048 2260 arbiter
1094 2207 1398 2276 resedisse,
1445 2215 1768 2281 pronuntiat
1795 2217 1908 2286 (65)
1936 2219 2066 2289 quid

491 2291 730 2361 amplius
781 2293 984 2350 habeat
1017 2295 1256 2366 Iudaeus,
1292 2310 1347 2354 et
1398 2317 1460 2356 ea
1505 2317 1626 2374 qum
1677 2305 1730 2360 in
1787 2323 1952 2364 carne
1985 2319 2068 2367 est

490 2383 882 2454 circumcisio,
916 2399 972 2444 et
1017 2391 1150 2446 dicit
1194 2407 1289 2448 eos
1326 2393 1529 2450 habere
1571 2397 1804 2466 amplius
1823 2401 2064 2459 multum

491 2490 590 2544 per
613 2492 832 2536 omnem
863 2481 1102 2538 modum.
1137 2483 1282 2552 Quid
1316 2497 1496 2542 autem
1532 2489 1703 2545 multo
1730 2491 1800 2547 sit
1838 2493 2068 2564 amplius

493 2569 794 2640 subjungit.
825 2590 846 2622 ι
875 2571 1082 2636 Primo,
1113 2575 1310 2646 inquit,
1339 2581 1466 2648 quia
1518 2581 1728 2637 credita
1780 2594 1908 2640 sunt
1961 2585 2068 2642 illis

488 2660 704 2730 eloquia
750 2662 846 2719 Dei
873 2663 940 2716 “.
985 2682 1004 2716 ι
1050 2665 1312 2732 Quamvis
1349 2670 1496 2723 enim
1542 2680 1598 2726 et
1633 2675 1885 2742 gentibus
1924 2691 2068 2733 nunc

475 2752 790 2830 credantur
835 2754 1051 2825 eloquia
1097 2757 1230 2826 Dei,
1267 2760 1362 2815 sed
1408 2761 1531 2827 illis,
1575 2764 1674 2832 ait,
1721 2765 1898 2836 primo
1940 2779 2070 2825 sunt

489 2843 720 2897 credita.
758 2844 999 2916 Requiro
1035 2856 1216 2905 tamen
1253 2854 1383 2921 quid
1420 2865 1504 2909 est
1533 2857 1676 2926 quod
1723 2858 1924 2914 dicitur
1950 2860 2067 2930 prio

491 2937 596 2991 mis
623 2937 702 2992 eis
720 2939 930 2996 credita
955 2958 1078 3000 esse
1117 2945 1332 3016 eloquia
1377 2949 1470 3004 Dei
1504 2969 1517 3005 :
1545 2960 1800 3008 utrumne
1827 2954 1893 3010 de
1916 2954 2069 3009 litte-

2177 473 2320 529 libus
2373 471 2796 527 existimandum
2837 470 3007 542 498
3035 481 3117 526 est
3150 471 3340 540 primis
3388 470 3592 540 eloquia
3619 474 3714 543 (66)

2177 563 2383 618 credita
2430 577 2553 618 esse
2584 563 2789 626 divina,
2837 572 2892 616 et
2935 563 2988 616 in
3044 563 3130 617 his
3155 561 3427 618 latendum
3457 572 3543 616 est
3575 563 3718 619 luisse

2177 655 2413 724 amplius
2445 654 2674 708 multum
2707 669 2803 724 per
2831 667 3047 709 omnem
3081 656 3335 720 modum;
3364 655 3458 710 sed
3486 663 3542 709 et
3576 656 3618 710 si
3643 658 3716 724 qui

2175 745 2266 798 alii
2301 743 2386 798 bis
2414 743 2622 799 similes
2667 743 2909 809 luerunt,
2957 743 3102 798 sicut
3150 745 3205 798 in
3235 743 3547 814 Regnorum
3587 745 3715 802 libris

2173 833 2438 903 scriptum
2473 833 2765 903 Apostolus
2813 842 3124 888 memorat:
3161 851 3181 885 «ι
3222 832 3436 902 Reliqui
3497 835 3622 888 mihi
3648 851 3716 890 se.

2173 935 2320 996 ptem
2357 925 2528 979 millia
2563 925 2805 979 virorum
2833 964 2850 990 ,
2885 925 2977 994 qui
3027 940 3134 980 non
3166 935 3532 980 curvaverunt
3569 941 3714 991 genua

2172 1031 2270 1072 Sua
2297 1026 2424 1072 ante
2454 1015 2585 1070 Baal
2618 1015 2686 1071 ⁸⁸.
2723 1035 2742 1068 ι
2777 1016 2883 1072 Sed
2923 1027 2978 1071 et
3003 1017 3102 1086 ipsi
3141 1018 3369 1086 apostoli
3400 1018 3636 1084 Christi,
3671 1031 3714 1074 et

2174 1108 2292 1178 ipse
2321 1123 2418 1164 vas
2459 1107 2742 1163 electionis
2777 1105 2822 1138 "
2850 1105 3053 1161 Paulus
3108 1121 3177 1162 ex
3206 1106 3412 1163 Judaeis
3457 1117 3517 1163 et
3541 1123 3606 1163 ex
3631 1109 3714 1163 eir-

2172 1199 2508 1255 eumcisione
2530 1199 2774 1264 veniens,
2790 1197 3020 1269 amplius
3050 1199 3281 1254 habebat
3304 1199 3394 1255 his
3423 1215 3560 1270 quos
3583 1202 3715 1256 doce-

2175 1293 2268 1348 bat
2303 1306 2369 1346 ex
2400 1290 2651 1362 gentibus
2680 1304 2779 1359 per
2799 1303 3015 1344 omnem
3060 1289 3300 1344 modum.
3327 1289 3550 1346 Credita
3591 1307 3715 1346 nam-

2171 1399 2276 1456 que
2309 1393 2438 1439 sunt.
2484 1384 2568 1438 eis
2608 1381 2829 1451 eloquia
2863 1380 2980 1436 Dei.
3027 1380 3135 1437 Sed
3165 1393 3221 1437 et
3261 1383 3368 1438 hoc
3395 1384 3572 1454 ipsum
3599 1387 3714 1455 quod

2170 1477 2320 1540 dicit,
2361 1495 2379 1528 ι
2402 1475 2539 1543 Quia
2571 1475 2779 1530 credita
2812 1481 2939 1529 sunt
2966 1473 3072 1529 illis
3102 1474 3317 1543 eloquia
3352 1475 3454 1531 Dei
3473 1477 3542 1542 ",
3565 1495 3584 1528 ι
3605 1492 3715 1531 eon-

2171 1571 2520 1625 siderandum
2554 1579 2638 1626 est
2663 1570 2796 1641 quia
2844 1584 2950 1624 non
2975 1569 3175 1625 dixerit
3205 1570 3421 1626 litteras
3457 1563 3574 1627 esse
3613 1588 3714 1627 cre-

2172 1661 2334 1726 ditas,
2363 1660 2480 1726 sed,
2529 1679 2551 1714 (
2602 1660 2818 1730 eloquia
2851 1659 2968 1716 Dei.
3005 1678 3024 1713 ι
3077 1658 3230 1716 Unde
3260 1661 3351 1716 via
3391 1663 3552 1718 nobis
3583 1663 3714 1718 datur

2101 1727 2144 1787 Β
2173 1749 2504 1821 intelligendi
2533 1751 2674 1823 quod
2705 1727 2790 1806 his
2822 1750 2916 1822 qui
2962 1750 3144 1822 legunt
3169 1761 3226 1808 et
3257 1767 3368 1808 non
3415 1753 3711 1826 intelligunt,

2171 1853 2226 1900 et
2255 1843 2347 1914 qui
2397 1842 2585 1912 legunt
2621 1853 2677 1898 et
2706 1857 2814 1899 non
2848 1849 3109 1911 credunt,
3149 1839 3334 1900 littera
3363 1845 3484 1902 sola
3526 1847 3588 1902 sit
3613 1861 3712 1901 erc-

2169 1934 2307 1999 dita,
2341 1933 2429 1989 illa
2461 1934 2528 1989 de
2551 1947 2659 2004 qua
2691 1934 2824 1990 dicit
2851 1935 3164 2005 Apostolus,
3212 1935 3340 2004 quia
3374 1952 3394 1988 ι
3429 1934 3604 1991 littera
3636 1949 3710 1990 oe-

2169 2027 2299 2083 cidit
2321 2026 2366 2058 “
2397 2041 2411 2078 ε
2455 2043 2476 2078 ι
2513 2023 2728 2094 eloquia
2761 2019 2942 2080 autem
2978 2025 3073 2080 Dei
3107 2025 3214 2080 illis
3247 2025 3362 2080 sint
3384 2025 3606 2088 credita,
3637 2025 3710 2092 qui

2170 2118 2556 2188 intelligentes,
2592 2126 2648 2172 et
2676 2115 2961 2172 credentes
2983 2115 3068 2171 his
3105 2130 3228 2186 qua:
3263 2114 3476 2186 Moyses
3503 2115 3709 2185 scripsit,

2169 2210 2404 2265 credunt
2451 2217 2507 2264 et
2552 2207 2815 2274 Christo,
2867 2208 3012 2263 sicut
3059 2219 3116 2263 et
3164 2208 3430 2263 Dominus
3474 2207 3598 2262 dicit
3633 2207 3707 2259 ":

2175 2319 2197 2354 ε
2246 2300 2400 2368 Quod
2447 2300 2493 2356 si
2543 2299 2915 2356 eredidissetis
2951 2309 3007 2354 et
3051 2300 3153 2370 ipsi
3195 2299 3404 2371 Moysi,
3437 2299 3710 2355 crederetis

2169 2391 2361 2462 utique
2407 2402 2462 2446 et
2517 2393 2646 2447 mihi
2677 2411 2690 2447 :
2720 2394 2786 2448 de
2828 2408 2917 2448 me
2961 2391 3106 2446 enim
3155 2391 3246 2445 ille
3289 2390 3540 2460 scripsit.
3575 2409 3593 2442 ι
3623 2388 3708 2444 Sed

2167 2494 2284 2539 esto
2316 2483 2454 2558 (67),
2482 2484 2682 2540 habeat
2706 2483 3184 2555 ampliusJudzeus
3210 2483 3267 2538 in
3299 2482 3521 2549 litteris,
3544 2483 3706 2537 habeat

2169 2574 2373 2644 aliquid
2401 2585 2456 2628 et
2485 2575 2539 2629 in
2567 2575 2799 2644 eloquiis
2836 2575 2931 2629 Dei
2967 2593 2980 2630 :
3009 2574 3254 2645 nunquid
3291 2575 3513 2645 penitus
3560 2573 3704 2629 relicti

2169 2676 2298 2722 sunt
2334 2666 2389 2720 hi
2423 2667 2516 2737 qui
2553 2681 2621 2723 ex
2650 2668 2909 2739 gentibus
2943 2667 3172 2722 veniunt
3211 2668 3279 2722 ad
3310 2666 3624 2721 Christum?
3652 2680 3707 2719 an

2169 2769 2224 2814 et
2258 2759 2391 2828 ipsis
2421 2767 2505 2814 est
2531 2758 2622 2815 ubi
2661 2760 2899 2815 habeant
2928 2750 3131 2827 aliquid
3156 2757 3432 2827 amplius?
3467 2756 3596 2811 Audi
3622 2755 3711 2809 Do-

2170 2851 2378 2906 minum
2409 2851 2680 2908 dicentem
2721 2853 2788 2908 ad
2817 2852 3200 2908 centurionem
3231 2866 3300 2906 ex
3339 2850 3583 2921 gentibus
3609 2863 3711 2905 cre-

2169 2942 2390 2999 dentem
2427 2961 2444 2999 :
2487 2961 2509 2997 ι
2540 2944 2714 2999 Amen
2743 2944 2866 3000 dico
2897 2943 3076 3010 vobis,
3109 2959 3211 2999 nec
3255 2943 3312 2999 in
3341 2943 3506 2998 Israel
3535 2951 3709 2997 tantam

492 3024 570 3118 ris
606 3025 712 3083 hoc
738 3028 886 3085 dicat
915 3039 970 3087 et
1008 3033 1184 3102 libris,
1218 3053 1288 3092 an
1323 3039 1391 3094 de
1423 3054 1584 3096 sensu
1617 3050 1673 3098 et
1713 3043 2064 3115 intelligentia
2093 3059 2138 3118 α
2172 3037 2334 3094 ﬁdem
2384 3038 2564 3096 inveni
2585 3038 2655 3093 ⁸³.
2691 3057 2710 3091 ι
2755 3039 2893 3094 Vide
2933 3053 3065 3109 ergo
3094 3038 3185 3092 ubi
3211 3036 3430 3092 venitur
3453 3037 3520 3091 ad
3550 3035 3709 3098 ﬁdem.

493 3116 650 3188 legis.
671 3119 931 3178 Videmus
952 3125 1101 3179 enim
1133 3126 1398 3196 plurimos
1423 3129 1735 3188 Judacorum
1779 3136 1848 3191 ab
1883 3136 2066 3192 intarr-

493 3210 568 3265 t-ia
599 3226 774 3284 usque
805 3213 870 3268 ad
897 3225 1233 3273 senectutem
1275 3233 1492 3290 semper
1519 3221 1815 3290 discentes,
1842 3236 1897 3283 et
1921 3245 2063 3284 nun-

491 3320 654 3374 quam
695 3307 761 3361 ad
809 3309 1094 3365 scientiam
1147 3313 1392 3370 veritatis
1419 3317 1912 3385 pervenientes:et
1939 3337 2066 3392 quo-

496 3397 656 3453 modo
683 3399 956 3456 videbitur
998 3417 1186 3458 verum
1221 3420 1343 3462 esse
1374 3409 1520 3479 quod
1548 3411 1767 3478 dicitur,
1797 3415 1923 3484 quia
1950 3430 2066 3470 am-

492 3492 634 3560 plius
667 3493 874 3563 aliquid
906 3496 1144 3552 habeant
1173 3500 1312 3556 ineo
1345 3503 1488 3572 quod
1521 3503 1717 3574 primis
1743 3507 1822 3564 eis
1849 3508 2063 3580 eloquia

494 3585 590 3641 Dei
618 3587 826 3642 credita
865 3597 1015 3657 sunt,
1042 3590 1095 3646 in
1120 3593 1318 3663 quibus
1345 3609 1452 3650 non
1493 3595 1797 3668 intelligunt
1829 3616 1847 3649 ι
1888 3615 2062 3671 neque

496 3694 615 3747 qua:
642 3679 968 3751 loquuntur,
993 3697 1170 3754 neque
1195 3683 1261 3750 de
1285 3686 1483 3756 quibus
1523 3687 1796 3744 atiirmant
1824 3690 1914 3745 “‘l
1949 3709 1969 3745 ι
2003 3691 2062 3748 Si

492 3785 624 3826 vero
654 3774 873 3843 sapiens
897 3773 988 3830 ille
1019 3775 1220 3832 dicitur
1243 3778 1541 3834 secundum
1573 3778 1942 3847 Salomonem,
1972 3782 2064 3852 qui

497 3883 516 3912 ι
558 3863 810 3934 intelligit
847 3855 970 3938 qua:
994 3883 1061 3922 ex
1107 3868 1327 3938 proprio
1348 3884 1444 3927 ore
1470 3878 1617 3936 sunt,
1665 3881 1717 3928 et
1745 3890 1764 3924 ι
1797 3872 1889 3942 qui
1932 3891 1952 3926 ι
2006 3873 2066 3931 in

495 3958 660 4014 labiis
709 3969 890 4030 portat
924 3961 1256 4018 intellectum
1290 3962 1336 3996 “
1373 3981 1386 4018 :
1444 3982 1463 4016 ι
1509 3964 1576 4020 de
1613 3963 1797 4036 Moyse
1839 3976 1893 4022 et
1937 3981 2064 4036 pro-

493 4049 692 4118 phetis,
725 4051 1046 4121 exterisque
1075 4053 1266 4108 horum
1286 4055 1557 4112 similibus
1583 4057 1697 4112 haec
1720 4056 2064 4127 intelligenda

495 4151 625 4195 sunt
663 4141 795 4207 dici,
826 4142 1024 4211 quibus
1055 4145 1260 4199 credita
1289 4155 1416 4201 sunt
1449 4147 1667 4218 eloquia
1692 4149 1810 4216 Dei,
1855 4151 1981 4221 quia
2013 4159 2068 4208 et

494 4233 644 4301 ipsos
675 4230 892 4288 Judaaos
937 4232 1126 4302 fuisse,
1158 4241 1226 4303 et
1269 4235 1523 4297 habuisse
1553 4239 2024 4298 circumeisionem
2046 4281 2062 4310 ,

2173 3146 2439 3210 quantum
2491 3133 2722 3205 amplius
2775 3133 3011 3188 habeant
3057 3140 3287 3204 gentes;
3339 3130 3408 3185 de
3435 3129 3623 3199 quibus
3661 3126 3709 3180 in

2170 3231 2276 3285 alio
2317 3227 2436 3282 loco
2488 3225 2752 3281 Dominus
2805 3223 2940 3279 dicit
2974 3222 3024 3256 “
3089 3239 3105 3277 :
3148 3239 3167 3273 ι
3225 3220 3366 3286 Quia
3410 3218 3616 3274 venient
3654 3215 3710 3268 ab

2171 3323 2384 3378 oriente
2403 3326 2460 3375 et
2482 3320 2788 3382 occidente,
2843 3326 2899 3372 et
2933 3330 2963 3370 a
3012 3321 3247 3385 quatuor
3275 3312 3452 3368 ventis
3476 3321 3640 3373 terra,
3663 3315 3710 3362 et

2171 3413 2489 3468 recumbent
2512 3425 2636 3466 cum
2665 3407 2966 3471 Abraham,
3009 3413 3064 3459 et
3094 3403 3265 3470 Isaac,
3295 3413 3350 3456 et
3376 3403 3538 3458 iacoh
3567 3401 3616 3454 in
3635 3413 3710 3453 re-

2167 3519 2274 3574 gno
2307 3504 2399 3559 Dei
2435 3517 2450 3557 :
2483 3501 2580 3558 lilii
2625 3511 2810 3555 autem
2853 3498 3006 3568 regni
3043 3497 3334 3567 ejicieutur
3386 3495 3438 3549 in
3489 3493 3708 3548 tenebras

2169 3597 2487 3654 exteriores.
2521 3612 2541 3648 ι
2577 3592 2679 3650 Ubi
2707 3606 2840 3661 ergo
2871 3589 2938 3645 ad
2985 3589 3130 3658 leges
3170 3587 3390 3642 venitur
3415 3595 3470 3642 et
3503 3585 3704 3646 litteras,

2169 3690 2370 3744 habent
2399 3685 2568 3742 Judaei
2609 3683 2842 3754 amplius
2878 3687 2898 3734 ἀ
2941 3681 3174 3736 multum
3225 3693 3323 3749 per
3347 3692 3560 3734 omnem
3607 3687 3706 3727 mo-

2167 3783 2294 3835 dum
2320 3781 2401 3845 5';
2437 3798 2456 3832 ι
2493 3778 2584 3834 ubi
2617 3790 2748 3831 vero
2787 3775 3004 3831 venitur
3029 3773 3096 3828 ad
3122 3772 3385 3835 iidem,ut
3413 3785 3478 3826 ex
3517 3779 3706 3833 compa-

2169 3874 2381 3928 ratione
2408 3870 2664 3933 dixerim,
2702 3865 3156 3935 ltabentamplius
3193 3871 3388 3934 gentes
3436 3879 3455 3913 ι
3505 3858 3702 3914 multum

2169 3980 2267 4036 per
2311 3977 2526 4019 omnem
2572 3960 2814 4016 modum.
2865 3977 2883 4010 ι
2921 3956 3331 4026 Requirendum
3377 3967 3507 4009 sane
3552 3946 3702 4038 estsi

2169 4058 2336 4112 etiam
2369 4053 2662 4109 Samaritis
2707 4049 3012 4118 dicendum,
3029 4057 3116 4103 est
3142 4047 3338 4116 primis
3376 4046 3574 4100 credita
3601 4053 3701 4094 esse

2169 4148 2387 4218 eloquia
2418 4146 2543 4211 Dei,
2579 4143 2832 4214 quoniam
2869 4123 3087 4210 quidem
3117 4142 3286 4194 etiam
3317 4137 3456 4207 apud
3485 4137 3616 4206 ipsos
3633 4133 3703 4183 lex

2173 4239 2342 4309 Moysi
2372 4237 2580 4294 servari
2610 4236 2839 4290 videtur.
2869 4232 2976 4287 Sed
3025 4232 3133 4286 illis
3172 4245 3274 4301 ego
3309 4243 3378 4286 ne
3408 4229 3570 4298 ipsam
3605 4220 3707 4292 qui-

496 4341 604 4381 non
636 4332 818 4398 potest
844 4326 1078 4382 dubitari
1114 4343 1129 4381 :
1161 4329 1258 4384 sed
1309 4337 1363 4386 et
1408 4330 1456 4390 si
1500 4333 1622 4406 quis
1663 4335 1806 4406 apud
1838 4349 1931 4390 eos
1973 4350 2064 4390 sa-
2098 4403 2138 4414 _
2173 4337 2292 4390 dem
2323 4333 2562 4387 litteram
2605 4342 2727 4399 quas
2753 4326 3006 4382 occidere
3041 4324 3268 4388 dicitur,
3297 4322 3563 4414 creditam
3583 4316 3704 4414 dixe:

495 4419 673 4487 piens,
704 4427 762 4473 et
793 4417 1101 4487 intelligens
1129 4421 1365 4489 auditor,
1415 4432 1470 4479 et
1508 4403 1776 4480 mirabilis
1805 4427 2064 4482 consilia-
2098 4403 2145 4462 Ῐ)
2173 4427 2298 4481 tim.
2355 4423 2499 4478 Dicit
2544 4421 2690 4476 enim
2743 4418 2810 4474 de
2855 4421 2936 4472 eis
2981 4415 3248 4486 propheta
3285 4432 3300 4468 :
3337 4431 3356 4465 ‹
3399 4411 3482 4465 Va:
3516 4411 3592 4464 his
3625 4404 3701 4474 qui

495 4512 611 4566 rius
641 4511 769 4576 iuit,
801 4527 940 4584 quos
993 4513 1209 4570 auferre
1261 4515 1462 4572 dicitur
1500 4516 1761 4574 Dominus
1783 4533 1814 4573 a
1845 4517 2068 4581 Ierusa-
2171 4524 2438 4587 spernunt
2473 4522 2710 4568 monlelll
2739 4511 2892 4574 δίου,
2924 4518 2978 4562 ει
3007 4507 3292 4564 conﬁdunt
3323 4507 3376 4561 ίη
3419 4512 3589 4596 “‘0'”?
3615 4498 3702 4596 Sf".

494 4603 601 4657 lem
641 4602 883 4660 offensus
924 4604 1296 4682 impietatibus
1345 4606 1552 4678 populi.
1603 4607 1696 4664 Sic
1755 4611 1900 4665 enim
1937 4611 2068 4669 dicit
2173 4605 2460 4671 marite";
2527 4622 2546 4655 ι
2581 4601 2682 4671 ἱρεί
2734 4600 2935 4671 quith
2981 4615 3041 4691 Se
3089 4599 3308 4691 illicitos»
3337 4612 3368 4651 a
3407 4595 3586 4691 litteris

492 4692 706 4749 Isaias:
745 4712 764 4746 ι
800 4695 944 4752 Ecce
994 4678 1304 4752 dominator
1335 4697 1600 4754 Dominus
1634 4694 1872 4756 Sabaoth
1913 4701 2068 4758 anfe-
2170 4699 2400 4758 faciunt,
2436 4693 2786 4766 repudianles
2837 4690 3154 4763 Ρτοβιὶθίδεο
3203 4687 3312 4744 Sed
3366 4696 3421 4741 et
3469 4679 3701 4779 haereticis

490 4795 576 4839 ret
601 4784 670 4840 ab
685 4783 987 4842 Jerusalem
1011 4793 1068 4841 et
1090 4802 1122 4841 a
1151 4787 1287 4843 Iuda
1307 4788 1542 4843 validum
1573 4797 1627 4846 et
1652 4789 1847 4848 fortem
1873 4792 2007 4862 (ϐίης
2041 4813 2061 4846 ι
2173 4794 2265 4858 qui
2301 4789 2644 4856 iniquitatem
2697 4785 2994 4854 loquuntur
3042 4783 3096 4836 in
3141 4780 3430 4836 Exeelsum
3455 4780 3520 4844 ⁸⁷,
3547 4784 3598 4829 ει
3623 4785 3699 4841 ί1¹¹¹

490 4887 549 4933 et
598 4889 721 4948 post
767 4878 1042 4948 aliquanta
1079 4898 1095 4936 :
1133 4898 1154 4933 ι
1213 4882 1278 4937 Et
1329 4885 1698 4954 prophetam,
1756 4886 1967 4957 inquit,
2007 4897 2063 4942 et
2174 4885 2450 4952 impietate
2483 4895 2580 4935 sua
2629 4879 2880 4933 dividunt
2925 4875 3188 4929 unitatem
3232 4873 3460 4928 Deitatis
3487 4909 3504 4936 ,
3553 4881 3600 4928 et
3621 4869 3699 4939 qui

491 4971 906 5038 aestimatorem,
939 4979 995 5028 et
1027 4973 1296 5029 seniorem
1329 4975 1394 5041 ",
1431 4986 1484 5032 et
1510 4978 2058 5050 quinquagenarium,

2173 4978 2345 5045 legem
2382 4973 2452 5027 ab
2492 4969 2803 5039 Evangeliis
2838 4977 3098 5036 separant
3122 5005 3139 5032 ,
3189 4981 3296 5021 non
3343 4965 3554 5022 dixerim
3585 4972 3700 5050 gere-

489 5072 544 5116 et
594 5063 900 5119 mirabilem
953 5065 1328 5121 consiliarium
1359 5109 1378 5137 ,ι
1405 5077 1460 5122 et
1494 5048 1794 5139 sapientem
1827 5073 2065 5128 arehite-
2171 5071 2286 5126 dita
2317 5079 2441 5124 esse
2465 5063 2680 5134 eld’quia
2711 5059 2829 5128 Dei,
2855 5073 2954 5128 [πο
2983 5071 3048 5111 ⁸ο
3088 5057 3234 5126 ll"0d
3258 5053 3442 5110 δίνῖιια
3477 5048 3604 5139 ²Ρυξί
3620 5060 3697 5099 eos

559 5155 602 5188 “
634 5155 792 5210 Rom.
824 5171 884 5218 ll,
917 5156 1012 5220 28,
1037 5155 1150 5214 29.‘
1210 5157 1256 5190 ’⁵⁸
1284 5131 1444 5214 Rom.
1473 5131 1636 5222 tu,‘l.
1670 5162 1726 5216 (Ξ.
1800 5162 1846 5195 ⁵³
1875 5162 2034 5218 Rom.

2169 5164 2244 5222 28,
2273 5161 2364 5216 29.
2440 5157 2485 5189 “
2520 5131 2676 5208 Rom.
2707 5150 2878 5222 "Lg.
3043 5145 3232 5222 |_Tim.
3275 5145 3408 5222 1,Δ7.
3475 5131 3718 5222 _f‘“l"r‘ov.j

486 5201 794 5304 “5123:”:
817 5201 1012 5304 ξθίἕεῖἶ
1143 5201 1444 5304 _l-3.
1464 5201 1832 5304 Ιῖϊιίέεῗξιχ,

2169 5201 2256 5298 7::
2277 5201 2364 5286 ῖς·
2449 5227 2494 5259 ις
2520 5201 2881 5304 agisagis.
2905 5288 2948 5304 ,,
2979 5217 3030 5304 ’τ
3059 5201 3382 5304 ἓ·
3473 5207 3692 5304 2'53?

485 5275 714 5420 '378'
750 5297 796 5328 ι·
821 5275 1187 5360 1051.11.16.
1212 5275 1330 5332 ’λέ
1351 5275 1542 5360 stadii.
1560 5275 1693 5368 ’ὗῖιῗξ
1721 5275 1832 5361 is“:
1863 5275 1964 5335 ""3
1985 5275 2067 5360 ibi

2169 5275 2256 5358 [ιῗ
2291 5275 2380 5332 ﬂ"
2411 5275 2704 5358 Boniti”,
2747 5275 2801 5344 Ξ.
2903 5288 2949 5320 ⁸⁸
2988 5289 3154 5342 Amos
3231 5275 3305 5355 vr,
3341 5287 3393 5342 l.
3487 5281 3526 5316 ⁸⁷
3572 5275 3692 5331 Psal.

565 5459 860 5532 (65)_Etlit.i~.
883 5500 904 5526 ,
948 5478 973 5532 σν
1001 5461 1080 5515 Ad
1113 5462 1228 5516 hinc
1257 5461 1476 5516 videtur
1503 5463 1558 5516 in
1592 5470 1821 5530 utroque
1867 5459 2075 5532 populo'
2171 5462 2352 5518 editis.

487 5528 865 5608 minusjttsltts
901 5531 1106 5586 arbiter
1139 5532 1406 5588 resedisse
1440 5528 1822 5602 pronuntians,
1863 5528 1882 5586 ἰ
1927 5528 2060 5600 ete.,
2243 5533 2356 5608 (liii)
2398 5531 2504 5608 AL,
2536 5539 2925 5608 «.senhatorern.
2955 5546 2974 5578 ι
3034 5605 3042 5608 _
3192 5595 3222 5608 μ
3253 5596 3265 5608 .

489 5599 650 5670 “’3'?-
810 5667 836 5670 .,
868 5669 874 5670 γ
1139 5669 1147 5670 ί
1810 5595 1818 5599 γ
2046 5595 2057 5600 ἰ
2243 5595 2354 5670 (δῦ)
2391 5601 2637 5669 Eloquia.
2679 5599 2838 5653 Deest
2867 5599 2917 5670 in
2956 5595 3318 5670 attleitetlitis.

560 5668 672 5738 liii)
720 5666 969 5726 Validam
1021 5677 1067 5723 et
1120 5669 1326 5739 fortem.
1383 5669 1506 5727 llaec
1548 5675 1711 5730 verba
1764 5675 1957 5730 desunt
2006 5675 2059 5729 in
2239 5664 2355 5741 (ti?)
2386 5664 2555 5736 Alias,
2599 5689 2614 5720 ‹
2657 5671 2756 5724 isto
2787 5668 2968 5723 modo.
3010 5687 3027 5719 ι
3071 5666 3232 5731 Editi,
3270 5685 3288 5718 ι
3329 5664 3483 5722 istud.
3513 5678 3532 5711 ε
