3936 6196
167 284 269 342 9t
293 274 334 339 7‘
1181 269 1537 328 coalitam.
1576 267 1639 322 IN
1686 265 1904 320 EPIST.
1942 264 2033 317 AD
2066 262 2230 317 non.
2271 260 2397 314 LIB.
2438 259 2500 311 ll.
3380 255 3489 304 918

183 406 509 460 vnlutnina
543 402 706 471 relegi
734 400 1021 463 videnlur;
1052 396 1146 451 sed
1177 396 1300 465 quia
1335 394 1466 449 nihil
1490 393 1543 446 in
1568 391 1654 445 bis
1685 404 1810 445 sen-
1839 391 1885 446 Α
1920 404 1936 436 t
1965 372 2229 437 Aniutalis
2252 382 2412 466 homo
2433 391 2537 430 non
2564 371 2794 471 percipit
2816 383 2933 439 quae
2950 367 3335 471 suntSp'irIitus
3356 367 3481 427 Dei;

185 499 378 550 tittnt
406 456 687 564 spiritale:
721 491 849 545 nihil
885 456 1280 559 Deo'dignu-m,
1320 490 1497 543 solam
1534 484 1674 551 apud
1712 496 1806 536 eos
1908 474 2135 530 stultitia
2154 482 2234 526 est
2259 456 2496 525 enimilli
2516 468 2617 519 °".t
2640 463 2747 519 Sed
2778 456 3346 516 borumincredulitas
3374 472 3479 509 nou

188 547 572 654 lnt'um‘qlla}
621 583 823 639 occidit
879 547 1368 637 ltabere‘littcram
1404 576 1514 649 (68)
1553 576 1804 629 dixerim.
1908 567 2075 639 499
2093 575 2315 618 evacuat
2336 562 2493 615 ﬁdem
2522 560 2614 612 Dei
2633 557 2708 654 “.-
2720 554 2907 654 Fidcm
2931 551 3021 605 Dei
3040 551 3122 654 vel
3143 565 3262 604 eam
3282 547 3487 654 intelli-

189 637 437 733 'Ve‘nutn
533 637 683 729 lorte
713 672 881 728 Judwi
916 673 1087 727 nolint
1134 671 1378 738 recipere
1410 637 1659 737 \Ap'ostoli
1710 681 1807 719 no-
1910 637 2108 730 gitnus,
2134 671 2294 727 quam
2314 653 2472 707 ﬁdem
2499 647 2661 702 habet
2691 644 2832 698 Deus
2862 643 2948 738 his
2967 640 3161 738 quibus
3182 638 3353 738 credit
3378 637 3489 738 elu-

193 767 329 819 St-ri
364 765 711 830 sententiam,
735 777 853 833 qum
881 764 1013 817 dicit
1041 762 1163 832 quia
1189 761 1407 814 «littera
1434 780 1452 812 ι
1474 758 1645 829 legisr
1669 756 1813 811 occi-
1912 750 2036 820 quia
2073 764 2192 814 sua,
2223 745 2306 801 vel
2347 758 2465 799 eam
2494 740 2652 793 tidem
2685 751 2793 804 qua
2824 733 3053 833 credunt
3088 730 3198 784 Deo
3238 730 3272 782 ii
3301 728 3390 797 qui
3421 728 3489 780 ab

199 857 311 909 «lit
340 855 389 887 ³⁸
424 875 437 909 :
481 873 498 906 ι
526 863 581 909 et
608 854 862 925 injuriam
895 862 1083 922 putent
1116 851 1216 921 legi
1258 850 1399 914 ﬁeri,
1438 851 1484 905 si
1514 824 1809 903 secundum
1913 857 1980 897 eo
2024 838 2240 909 eloquia
2288 835 2467 890 divina
2526 831 2853 900 suscipiunt.
2895 824 3320 879 Comntonemur
3360 833 3493 887 ergo

200 945 480 1001 litteram
524 911 708 1015 sperni
761 911 1012 998 videatur
1062 959 1078 998 :
1131 911 1469 997 revertamur
1519 941 1585 993 ad
1639 942 1811 1009 ipsum
1917 943 1976 988 ut
2007 930 2298 987 inﬁdelitas
2327 926 2439 998 (75)
2483 939 2671 980 eorum
2718 920 2808 991 qui
2845 918 2926 973 vel
2972 932 3077 971 non
3116 911 3385 968 accedunt
3428 912 3496 964 ad

206 1031 493 1104 Moysen,
515 1043 571 1087 et
605 1033 885 1086 videamus
914 1032 1028 1101 ipse
1060 1046 1224 1100 quam
1255 1031 1432 1098 magni
1477 1028 1668 1084 fecerit
1700 1028 1812 1097 (69)

206 1126 483 1181 litteram
522 1124 695 1196 legis;
728 1125 819 1195 qui
851 1140 974 1179 cum
1000 1124 1303 1193 accepisset
1339 1121 1551 1177 tabulas
1575 1119 1816 1189 lapideas

214 1220 535 1289 inscriptas
565 1218 737 1289 digito
769 1218 887 1281 Dei,
912 1225 1117 1270 tantum
1148 1215 1371 1270 honoris
1408 1213 1598 1269 detulit
1624 1213 1819 1268 litteras

214 1312 378 1384 legis
412 1353 426 1377 ,
460 1322 519 1367 ut
547 1311 843 1381 projiceret
888 1310 951 1364 de
1004 1309 1254 1364 manibus
1303 1308 1417 1363 suis
1474 1308 1710 1372 tabulas,
1765 1316 1821 1364 et

219 1405 640 1459 romntinueret
671 1402 890 1472 quidem
928 1401 1096 1471 digito
1125 1400 1219 1453 Dei
1250 1401 1482 1469 scriptas
1501 1399 1570 1466 ",
1600 1412 1700 1454 nec
1734 1407 1818 1452 ta-

221 1510 369 1549 men
400 1511 497 1563 pro
548 1496 650 1551 hoc
705 1493 1000 1563 impietatis
1052 1491 1208 1562 culpa
1257 1501 1476 1546 notatus
1532 1492 1622 1548 sit.
1659 1491 1823 1547 Vides

221 1600 261 1635 ιι
276 1601 378 1653 rgo
420 1586 545 1653 quia
601 1601 707 1639 non
736 1586 884 1639 solus
914 1584 1116 1639 Paulus
1142 1585 1351 1654 spernit
1395 1584 1632 1636 litteram
1667 1581 1821 1650 legis,

224 1677 337 1730 sed
376 1676 548 1730 multo
590 1685 717 1729 ante
753 1690 875 1730 eum
923 1674 1135 1746 Moyses
1167 1683 1225 1729 et
1264 1675 1489 1744 sprevit,
1526 1683 1576 1730 et
1603 1674 1820 1741 abjecit,

225 1777 289 1818 et
328 1767 584 1821 contrivit
618 1766 828 1822 litteras
859 1767 1019 1837 legis,
1071 1766 1174 1821 hoc
1204 1765 1324 1820 sine
1348 1765 1513 1819 dubio
1544 1762 1657 1831 jam
1693 1771 1820 1816 tunc

230 1858 557 1927 designans,
596 1858 739 1928 quod
770 1859 966 1925 honor,
1002 1866 1058 1913 et
1086 1858 1254 1911 virtus
1287 1856 1424 1925 legis
1457 1871 1563 1911 non
1594 1865 1735 1909 esset
1764 1854 1815 1907 in

232 1950 469 2014 litteris,
497 1951 589 2005 sed
621 1952 674 2003 in
706 1951 918 2020 spiritu.
947 1949 1057 2004 Sed
1080 1958 1134 2003 et
1166 1948 1423 2003 Dominus
1458 1947 1509 2002 in
1565 1946 1817 2015 Evange-

236 2044 317 2097 lio
346 2058 469 2098 cum
498 2043 629 2098 dicit
654 2044 719 2109 ³ο,
756 2043 821 2096 ad
849 2041 1063 2097 Iudaeos
1092 2041 1318 2110 loquens
1344 2059 1358 2095 :
1403 2058 1423 2093 ι
1459 2039 1756 2095 Auferetur
1789 2053 1820 2093 a

239 2138 402 2191 vobis
458 2151 681 2207 regnum
732 2135 865 2203 Dei,
918 2145 969 2191 et
1006 2135 1227 2189 dabitur
1268 2137 1414 2205 genti
1446 2134 1664 2189 facienti
1708 2135 1825 2187 lru-

241 2236 394 2278 ctum
446 2224 560 2292 ejus
608 2243 620 2277 :
680 2243 699 2277 ι
758 2234 885 2295 puto
931 2224 1077 2294 quod
1132 2240 1351 2279 sensum
1408 2223 1541 2292 legis
1594 2238 1818 2292 rcgmnn

244 2316 349 2372 Dei
387 2317 494 2387 (70)
526 2317 749 2382 dixerit,
785 2318 875 2387 qui
914 2317 1127 2372 ablatus
1162 2326 1244 2372 est
1285 2332 1314 2370 a
1344 2314 1563 2380 Iudaeis,
1597 2331 1823 2370 manen-

252 2410 400 2463 tibus
432 2410 569 2481 apud
598 2409 716 2462 illos
745 2408 875 2463 solis
900 2407 1095 2465 litteris
1127 2408 1285 2478 legis,
1319 2418 1374 2463 et
1406 2411 1565 2462 datus
1589 2418 1668 2463 est
1692 2425 1829 2479 gen-

253 2504 400 2556 tibus
430 2515 548 2573 qua:
573 2501 787 2571 possint
810 2518 904 2571 per
922 2504 1079 2557 ﬁdem
1112 2502 1344 2556 fructum
1375 2503 1599 2572 spiritus
1624 2503 1825 2559 facere.

252 2593 388 2657 Quae
422 2606 547 2645 cum
574 2593 644 2644 ita
676 2592 803 2657 sint,
829 2606 923 2645 cur
952 2602 1059 2646 tam
1094 2594 1272 2663 ignavi
1300 2602 1353 2648 el
1379 2596 1593 2650 desides
1620 2610 1827 2659 sumus,

255 2693 315 2735 ut
351 2697 457 2736 non
486 2684 700 2738 tandem
729 2683 935 2749 abiecta
968 2684 1116 2738 omni
1159 2685 1386 2751 malitia,
1421 2701 1542 2740 cum
1568 2687 1832 2757 simplici-

255 2783 367 2827 tate
412 2783 463 2826 et
501 2774 741 2842 puritate
774 2775 955 2829 cordis
989 2774 1055 2828 ad
1108 2777 1462 2846 suscipienda
1492 2775 1588 2832 Dei
1615 2778 1830 2848 eloquia

255 2878 632 2935 properemus,
667 2872 723 2919 et
746 2866 812 2919 ad
842 2867 1163 2937 capiendum
1210 2872 1276 2923 de
1306 2870 1386 2923 eis
1430 2884 1649 2924 sensum
1679 2870 1835 2924 Chri-

254 2957 347 3022 sti,
372 2957 567 3025 quippe
597 2971 721 3011 cum
753 2958 1039 3013 audiamus
1076 2958 1128 3013 in
1167 2960 1261 3013 his
1292 2973 1413 3015 esse
1440 2974 1663 3030 regnum
1689 2961 1778 3015 Dei
1807 2960 1835 3015 ‘l

1919 1026 2100 1089 ﬁdem,
2152 1024 2234 1078 vel
2291 1021 2546 1077 decidunt
2593 1032 2659 1071 ex
2698 1030 2783 1079 ea,
2829 1013 2873 1067 si
2922 1010 3060 1065 forte
3104 1007 3501 1061 irrideantnos

1919 1131 2085 1185 opera
2122 1115 2243 1169 ﬁdei
2284 1121 2537 1182 agentes,
2583 1109 2665 1162 vel
2706 1120 2827 1161 cum
2866 1102 3199 1171 jejunamus,
3251 1097 3329 1151 vel
3375 1111 3498 1149 cum

1924 1207 2334 1263 misericordias
2368 1203 2620 1267 facimus,
2653 1200 2738 1254 vel
2763 1214 2885 1254 cum
2917 1194 3121 1251 studiis
3153 1188 3288 1260 (74),
3319 1199 3371 1243 et
3397 1187 3501 1257 legi

1924 1300 2018 1355 Dei
2052 1314 2272 1370 operam
2315 1298 2527 1361 damus,
2584 1294 2670 1348 vel
2713 1293 2878 1347 etiam
2927 1304 3048 1344 cum
3096 1300 3193 1355 pro
3237 1281 3505 1352 martyrio

1923 1390 2124 1444 Christi
2155 1395 2425 1443 tormenta
2460 1383 2807 1449 sull'erimus,
2846 1378 3255 1434 meminerimus
3289 1386 3504 1439 semper

1926 1481 2053 1551 quia
2090 1479 2379 1535 inﬁdelitas
2416 1490 2604 1532 eorum
2640 1474 2801 1528 fidem
2843 1471 2937 1526 Dei
2976 1484 3096 1539 quae
3136 1469 3189 1521 in
3230 1465 3387 1520 nobis
3419 1472 3504 1518 es:

1927 1589 2034 1628 non
2058 1578 2308 1626 evacuat.
2348 1568 2478 1622 Post
2519 1568 2634 1621 lucc
2663 1564 2806 1634 quod
2853 1560 3121 1631 sequitur,
3162 1558 3342 1612 minus
3383 1556 3507 1623 qui-

1928 1667 2046 1719 dem
2098 1660 2397 1731 composite
2447 1658 2664 1712 videtur
2714 1653 3067 1723 adjunctum;
3127 1650 3257 1704 dicit
3311 1647 3505 1702 enim:

1930 1776 1949 1809 ‹
1984 1755 2106 1809 Fiat
2133 1762 2313 1807 autem
2350 1750 2488 1805 Deus
2522 1762 2709 1811 verax,
2748 1744 2927 1800 omnis
2955 1750 3134 1796 autem
3163 1742 3326 1794 homo
3356 1752 3508 1792 men-

1922 1848 2047 1906 dax,
2081 1844 2223 1898 sicut
2257 1841 2517 1909 scriptum
2546 1846 2634 1892 est
2672 1854 2686 1890 :
2720 1833 2789 1889 Ut
2822 1832 3136 1900 justiﬁeeris
3162 1834 3216 1884 in
3246 1828 3509 1883 sermoni-

1921 1939 2025 1993 bus
2061 1937 2200 2002 tuis,
2237 1944 2293 1989 et
2320 1935 2508 1989 vincas
2546 1948 2669 1986 cum
2716 1928 2980 1999 iudicaris
3011 1925 3077 1978 ‘9.
3110 1942 3128 1976 ι
3154 1922 3356 1977 Tamen
3417 1918 3508 1973 tali

1924 2029 2159 2101 quadam
2188 2022 2629 2081 circumﬁexione
2655 2018 3032 2089 superioribus
3064 2016 3115 2070 id
3161 2024 3348 2084 aptare
3391 2021 3509 2064 ten-

1929 2122 2184 2177 labimus.
2216 2118 2386 2180 Licet,
2419 2115 2616 2183 inquit,
2655 2127 2760 2166 non
2798 2110 3133 2166 crediderint
3162 2107 3379 2175 quidam
3409 2100 3509 2157 Ju-

1928 2214 2191 2276 dteorum,
2229 2210 2294 2264 de
2329 2206 2647 2263 inﬁdelitate
2676 2213 2856 2258 tamen
2878 2216 3067 2256 eorum
3095 2197 3380 2253 dicendum
3404 2205 3510 2256 est,

1930 2310 2074 2381 quod
2134 2307 2277 2361 Deus
2316 2303 2533 2374 quidem
2574 2300 2723 2356 solus
2761 2300 2833 2355 sit
2882 2313 3072 2361 verax,
3119 2293 3297 2348 omnis
3327 2300 3510 2345 autem

1932 2380 2096 2458 homo
2118 2399 2189 2454 sit
2220 2397 2450 2451 mendax
2482 2411 2496 2448 :
2522 2392 2648 2462 quia
2677 2391 2841 2446 etiam
2867 2388 2911 2443 si
2930 2387 3053 2457 quis
3072 2385 3253 2452 justus
3276 2392 3356 2437 est
3376 2380 3510 2450 (75),

1932 2507 2159 2551 necesse
2183 2499 2266 2546 est
2298 2497 2475 2543 tamen
2510 2494 2569 2540 ut
2599 2484 2653 2538 in
2694 2481 2879 2551 aliquo
2923 2494 2952 2534 a
2987 2478 3219 2533 veritate
3271 2473 3512 2533 decidat.

1934 2601 2096 2657 quam
2123 2584 2177 2639 in
2200 2580 2454 2639 omnibus
2492 2591 2714 2633 servare
2746 2576 2996 2629 humana:
3025 2580 3233 2625 natura!
3256 2568 3514 2637 peneitue

1934 2678 2189 2752 possibile
2234 2685 2340 2730 est.
2381 2673 2517 2741 Quia
2558 2683 2690 2741 ergo
2718 2666 2897 2722 omnis
2930 2666 3092 2719 homo
3135 2662 3364 2717 mendax
3406 2669 3513 2722 est,

1934 2780 2218 2843 propterea
2242 2767 2554 2824 Iudaeorum
2583 2763 2801 2834 quidam
2831 2772 2891 2817 ut
2933 2759 3183 2815 homines
3226 2754 3517 2809 mendaces

1936 2841 2041 2919 non
2094 2860 2460 2917 crediderunt.
2495 2855 2631 2910 Nam
2670 2852 2799 2923 quia
2833 2851 3019 2908 ‘omnis
3067 2849 3229 2903 homo
3282 2841 3516 2898 mendax

1936 2965 2039 3021 est,
2067 2953 2377 3010 necessario
2405 2953 2461 3006 in
2491 2951 2579 3006 die
2610 2950 2721 3011 illa,
2756 2961 2878 3001 cum
2907 2945 2972 2998 ad
3005 2941 3271 3013 judicimn
3303 2936 3518 2991 venerit

256 3024 417 3104 lii-rte
455 3050 830 3120 unusquisque
862 3066 960 3120 pro
988 3051 1197 3106 viribus
1245 3051 1428 3120 capiat
1476 3024 1691 3122 eloquia
1730 3052 1826 3109 Dei
1855 3062 1897 3118 (ζ
1938 3045 2196 3099 Dominus
2224 3057 2349 3097 cum
2383 3039 2714 3101 hominibus,
2740 3035 2887 3091 solus
2914 3034 3033 3103 ipse
3055 3024 3515 3100 justiﬁcabituriu

260 3157 377 3209 qum
408 3152 607 3212 potest,
638 3154 693 3198 et
742 3143 787 3198 si
841 3141 1067 3198 idoneus
1112 3152 1195 3197 est
1228 3144 1293 3196 ad
1326 3143 1557 3197 solidum
1602 3144 1780 3199 cibum
1812 3186 1828 3213 ,

264 3235 350 3287 illa
406 3236 671 3304 suscipiat
705 3233 919 3304 eloquia
954 3235 1045 3289 Dei
1097 3232 1209 3306 (71)
1258 3249 1377 3304 quae
1407 3244 1533 3288 sunt
1563 3235 1830 3303 sapientia

264 3342 421 3395 quam
473 3326 764 3395 Apostolus
809 3325 1052 3395 loquitur
1083 3326 1230 3379 inter
1283 3325 1555 3396 perfectos
1603 3326 1671 3381 ⁸⁸.
1728 3327 1832 3395 Qui

266 3435 390 3473 wro
417 3419 481 3472 ad
514 3419 652 3473 hanc
685 3418 911 3473 idoneus
940 3417 1173 3471 nondum
1205 3426 1307 3480 est,
1339 3418 1831 3489 suscipiateloquia

265 3511 355 3567 Dei
398 3513 449 3566 in
483 3512 678 3580 quibus
706 3522 965 3583 agnoscat
1005 3510 1139 3565 nihil
1199 3509 1431 3580 amplius
1476 3528 1639 3581 quam
1669 3513 1834 3567 Chri—

267 3612 407 3656 stum
464 3602 646 3656 Jesnm
674 3645 687 3668 ,
724 3610 777 3655 et
825 3605 966 3655 hunc
1018 3603 1343 3653 cruxillxum
1370 3601 1435 3654 θ’.
1467 3602 1567 3667 Qui
1602 3616 1700 3654 nec.
1735 3601 1836 3656 hoc

268 3701 456 3762 potest,
497 3694 550 3746 in
587 3708 650 3747 eo
686 3693 945 3760 suscipiat
973 3692 1186 3762 eloquia
1220 3692 1335 3756 Dei,
1375 3701 1433 3744 ut
1465 3691 1608 3746 lacte
1635 3700 1833 3757 utatur,

268 3797 319 3839 et
360 3802 464 3840 nott
516 3787 637 3840 cibo
691 3785 814 3839 forti
849 3787 913 3840 ⁸³.
949 3788 1004 3840 Si
1040 3802 1165 3841 vero
1197 3782 1374 3841 adhuc
1424 3787 1731 3841 inﬁrmatur
1778 3788 1834 3841 in

273 3876 390 3938 ﬁde,
420 3874 635 3943 eloquia
671 3875 763 3929 Dei
798 3877 850 3930 itt
885 3875 1124 3931 oleribus
1169 3876 1436 3930 sumat“.
1487 3877 1715 3932 Tantum
1755 3886 1840 3933 est

272 3980 326 4022 ut
375 3982 564 4023 omnes
612 3969 979 4024 communiter
1025 3968 1341 4023 noverimus
1375 3988 1392 4019 ι
1446 3967 1657 4036 eloquia
1689 3966 1781 4023 Dei
1812 3985 1831 4019 ι

271 4074 384 4112 esse
410 4077 429 4111 ι
463 4059 673 4128 eloquia
704 4073 877 4123 casta,
920 4077 939 4111 ο
970 4067 1023 4112 et
1054 4077 1072 4110 ι
1105 4070 1385 4128 argentum
1411 4060 1532 4130 igne
1556 4059 1838 4112 examina-

275 4162 407 4215 tum,
433 4153 711 4219 probatum
742 4151 855 4222 (72)
884 4161 1059 4215 terrm,
1086 4161 1377 4220 purgatum
1402 4151 1709 4220 septuplum
1731 4150 1832 4203 “:t

275 4246 319 4295 id
349 4252 454 4308 est,
488 4254 545 4295 ιιι
580 4244 631 4296 in
658 4244 933 4308 castitate,
984 4251 1037 4296 et
1083 4244 1379 4298 sanctitate
1423 4245 1607 4298 cordis
1634 4253 1687 4297 et
1720 4258 1840 4297 cor-

276 4334 416 4407 poris
462 4334 642 4387 divina
676 4347 957 4388 servemus
1003 4333 1241 4401 eloquia.
1292 4335 1509 4388 Credita
1556 4343 1682 4388 sunt
1712 4349 1840 4403 ergo

1939 3136 2118 3190 verbis
2164 3135 2303 3191 suis.
2338 3133 2510 3202 Ipsius
2560 3130 2705 3184 enim
2755 3125 2919 3181 verba
2971 3126 3023 3179 iu
3058 3120 3309 3175 onmibus
3357 3132 3517 3178 vera,

1938 3229 2064 3299 quia
2091 3227 2252 3281 verba
2282 3232 2409 3279 sunt
2448 3220 2720 3276 veritatis.
2756 3217 2913 3286 Quod
2938 3226 3117 3270 autem
3152 3211 3412 3266 Dominus
3448 3210 3518 3262 ad

1933 3320 2195 3389 judicium
2252 3316 2435 3370 veniat
2480 3329 2601 3368 cum
2651 3311 2993 3375 hominibus,
3035 3306 3294 3376 propheta
3345 3300 3517 3356 dicit:

1943 3435 1962 3468 ι
1989 3414 2197 3477 Venite,
2221 3403 2811 3479 etdijudicemur,dicit
2831 3400 3090 3455 Dominus
3112 3398 3158 3429 '°
3175 3414 3188 3461 ;
3205 3415 3222 3448 ι
3246 3403 3333 3449 et:
3363 3412 3381 3445 ι
3406 3391 3524 3459 Ipse

1939 3508 2198 3562 Dominus
2228 3504 2295 3557 ad
2334 3500 2600 3572 judicium
2654 3496 2833 3550 veniet
2887 3507 3008 3547 cam
3065 3488 3371 3545 senioribus
3423 3500 3523 3553 po-

1937 3598 2132 3668 puli";
2162 3615 2181 3649 ι
2204 3598 2467 3651 etiterum
2496 3609 2508 3645 :
2536 3609 2553 3641 ι
2577 3588 2845 3643 Memento
2867 3592 2942 3645 tu,
2961 3582 3357 3649 etjudicemur,
3390 3576 3525 3631 dicit

1942 3691 2203 3749 Dominus
2229 3689 2295 3742 ⁷⁸.
2331 3705 2350 3739 ι
2388 3685 2515 3739 llaec
2556 3690 2736 3736 autem
2770 3674 3070 3731 introduxit
3095 3669 3386 3741 Apostolus
3418 3668 3521 3723 οδε-

1940 3795 2165 3840 servans
2201 3777 2344 3833 illam
2392 3772 2750 3844 objectionem
2796 3781 2959 3840 quam
2993 3766 3093 3821 sibi
3134 3765 3186 3819 in
3237 3764 3343 3817 alio
3398 3760 3515 3815 loco

1941 3872 2214 3946 preponit,
2253 3870 2341 3923 ubi
2386 3867 2498 3938 (76)
2533 3865 2665 3919 dicit
2698 3878 2713 3917 :
2752 3881 2769 3914 t
2818 3861 2875 3917 Si
2904 3869 3082 3915 autem
3117 3854 3378 3926 injustitia
3418 3867 3516 3907 no-

1941 3976 2053 4023 stra
2088 3960 2357 4033 justitiam
2412 3956 2505 4011 Dei
2550 3952 2893 4009 commendat
2939 3950 3006 4004 ⁷³.
3046 3968 3065 4002 ι
3103 3946 3178 4003 De
3221 3960 3361 4016 qua,
3394 3960 3517 3998 cum

1942 4057 2009 4112 ad
2065 4056 2244 4110 locum
2283 4051 2402 4121 ejus
2456 4056 2675 4101 ventum
2712 4043 2897 4108 fuerit,
2955 4040 3315 4111 requiremus.
3366 4034 3521 4091 Nunc

1941 4164 2073 4219 ergo
2101 4147 2379 4200 videamus
2408 4139 2538 4209 quid
2581 4145 2665 4192 est
2706 4135 2849 4205 quod
2891 4133 3024 4189 dicit
3056 4147 3070 4186 :
3109 4151 3127 4184 ι
3179 4130 3300 4185 Fiat
3337 4138 3523 4181 autem

1944 4216 2086 4296 Deus
2135 4251 2320 4299 verax,
2364 4232 2539 4287 omnis
2584 4239 2763 4283 autem
2807 4227 2967 4280 homo
3024 4224 3255 4278 mendax
3290 4220 3357 4273 7".
3386 4238 3405 4272 ι
3445 4216 3524 4271 ita

1944 4333 2087 4387 enim
2133 4331 2183 4383 iu
2213 4325 2417 4381 Graecis
2446 4320 2849 4389 exemplaribus
2882 4318 3130 4371 habetur.
3177 4314 3309 4367 Nam
3343 4313 3523 4366 Latini

277 4427 455 4495 primis
487 4426 590 4480 illis
625 4427 689 4480 de
707 4425 901 4494 quibus
926 4441 1085 4495 supra
1142 4426 1376 4481 diximus
1442 4426 1656 4497 eloquia
1708 4427 1839 4493 Dei;
1875 4420 1920 4477 D
1948 4423 2012 4476 sit
2055 4435 2155 4492 pro
2203 4419 2296 4486 ﬁat
2350 4418 2551 4485 legunt.
2581 4411 2762 4465 Primo
2801 4422 2932 4477 ergo
2964 4407 3067 4459 hoc
3094 4404 3372 4458 sciendum
3416 4413 3521 4464 cst,

276 4522 365 4573 sel
395 4522 639 4589 quidam,
673 4529 731 4574 ut
774 4519 903 4573 dicit
934 4519 997 4582 “,
1032 4535 1136 4573 non
1173 4520 1525 4575 crediderunt
1563 4523 1677 4575 sive
1707 4521 1834 4585 Deo,

276 4614 385 4667 sive
416 4613 645 4682 eloquiis
683 4613 799 4665 Dri.
838 4612 999 4665 Vides
1031 4613 1157 4680 quia
1193 4612 1283 4679 qui
1318 4628 1421 4666 non
1459 4615 1711 4676 credunt,
1735 4613 1836 4683 ipsi

277 4716 399 4758 sunt
450 4706 753 4759 secundum
812 4719 1054 4768 carnem,
1098 4705 1166 4756 de
1202 4704 1397 4772 quibus
1424 4715 1478 4758 et
1507 4706 1633 4759 alibi
1667 4706 1834 4761 dicit:

342 4883 386 4916 ⁸⁸
420 4886 459 4938 ll
497 4881 622 4936 Cor.
666 4897 760 4942 ιιι,
799 4879 852 4935 6.

952 4878 1001 4911 δ’
1027 4878 1193 4933 Exod.
1231 4894 1382 4937 χχχι.
1421 4880 1516 4946 l8;
1569 4898 1740 4948 xxxtt,
1780 4887 1868 4941 l9.

1948 4516 2069 4585 quia
2104 4514 2247 4583 quod
2285 4510 2442 4573 dixit,
2491 4508 2608 4573 ﬁat,
2658 4518 2763 4556 non
2800 4499 3119 4569 imperativo
3168 4499 3327 4548 modo
3368 4494 3522 4547 dicit.

1948 4607 2185 4662 Stultum
2218 4611 2301 4655 est
2336 4600 2478 4652 enim
2509 4597 2552 4650 si
2591 4603 2807 4663 putetur
2840 4590 3211 4659 imperandum
3253 4600 3373 4640 esse
3417 4585 3525 4638 Deo

1949 4709 2007 4753 ut
2034 4709 2198 4749 verax
2240 4693 2354 4745 ﬁat.
2387 4689 2491 4744 Sed
2526 4697 2584 4739 ut
2611 4686 2844 4739 dicimus
2876 4702 2889 4737 :
2929 4701 2947 4733 ι
2980 4680 3105 4734 Fiat
3132 4677 3377 4732 voluntas
3411 4687 3521 4738 tua,

1970 4882 2017 4913 ‘°
2044 4874 2232 4931 Matth.
2282 4885 2368 4923 ut
2396 4910 2411 4932 ,
2452 4866 2543 4921 43.
2641 4865 2683 4896 ⁶¹
2714 4862 2729 4915 1
2761 4862 2906 4932 Corp
2945 4877 3011 4925 ιι,
3059 4860 3112 4913 6,
3189 4859 3261 4932 -σε
3289 4858 3422 4932 ίινίιιΔῖ
3453 4860 3521 4932 2.

280 4955 562 5018 "llebr.v,
594 4953 679 5007 is.
747 4928 802 4982 ὀι
832 4950 985 5003 Rom.
1014 4964 1122 5008 xw.
1154 4950 1208 5003 2.
1274 4950 1319 4981 δ’
1349 4928 1740 5013 ιῖδτιῐ,⁷χῖ,”τιζ’⁷
1776 4928 1829 4988 s'o‘

1941 4968 2012 5007 nt.
2036 4928 2115 5013 tu,
2147 4944 2201 4998 5.
2264 4943 2321 5018 __"
2355 4928 2610 5018 Ιςοιςηι-ι,
2643 4934 2734 5018 .14.
2810 4931 2853 4963 ⁸⁸
2891 4931 3047 4985 Rom.
3077 4946 3154 4997 Ill,
3187 4930 3241 4983 5.
3318 4931 3361 4960 ⁶⁹
3392 4928 3523 4982 ibid.

281 5005 507 5080 "Stich.
541 5005 617 5088 ir;
643 5025 696 5076 2.
774 5022 816 5052 '”
855 5021 979 5075 lsai.
1012 5005 1208 5085 ttt,'l4.
1285 5020 1330 5052 "'
1364 5005 1489 5074 lsai.
1528 5005 1807 5089 ηἰιιξὲϐ.

1947 5005 2115 5076 ίιιοιιιζ
2146 5029 2227 5075 ιιι,
2260 5011 2314 5067 5.
2390 5008 2437 5044 τι
2469 5006 2599 5062 una.
2631 5005 2685 5059 ι.

344 5182 458 5253 (68)
488 5179 654 5242 Editi,
696 5197 720 5232 ο
747 5179 917 5235 solam
965 5180 1103 5248 apud
1132 5194 1225 5235 eos
1255 5196 1376 5249 qua:
1420 5180 1619 5235 occidit
1655 5183 1837 5236 haberi

283 5254 530 5319 litteram,
571 5269 590 5303 ι
618 5260 728 5309 etc.

309 5320 455 5405 ,(69)
502 5319 687 5405 Εάὶῐὶ.
744 5339 764 5374 t
814 5330 869 5376 et
915 5319 1198 5375 videamus
1251 5336 1414 5390 quam
1458 5322 1842 5391 magniﬁcare-

284 5403 725 5602 Πιίῖὃζθῖξὲςηιωι
763 5461 878 5516 Dei.
905 5462 961 5514 in
987 5459 1149 5515 editis
1177 5462 1474 5516 omittitur.

347 5533 425 5601 (7|
483 5531 613 5597 Qua:
634 5542 799 5602 potest
820 5575 832 5597 ,
858 5531 958 5602 etsi
981 5531 1200 5602 idoneus
1218 5542 1291 5585 eu
1319 5533 1386 5583 ad
1405 5534 1474 5584 sol

347 5531 457 5602 (7|)
483 5531 613 5603 Quae
634 5542 799 5603 potest
820 5575 832 5597 ,
858 5531 958 5603 etsj
981 5531 1200 5603 idoneus
1218 5542 1291 5603 eu
1319 5533 1386 5603 ad
1405 5531 1631 5586 solidum
1649 5532 1841 5599 cibum,

285 5598 645 5727 iljutsusripiai
676 5602 882 5673 eloquia
915 5600 1025 5655 Dei.
1059 5598 1178 5656 llaec
1200 5602 1578 5657 desiderantur
1604 5604 1656 5656 in
1686 5598 1845 5659 antea

285 5687 309 5726 e
347 5689 359 5726 l
391 5688 457 5725 ts.
1116 5690 1117 5693 η

284 5687 457 5726 ωιιιε.
1116 5690 1117 5693 ‘

2023 5174 2136 5245 (‘72)
2171 5171 2462 5245 Barbatum
2496 5164 2765 5245 omittitur
2794 5163 2847 5216 in
2876 5163 3062 5219 editis.

2176 5244 2339 5316 [ἳιιιίιίΡ
2372 5259 2390 5293 t
2430 5236 2800 5316 incredulitas.
2837 5254 2854 5316 ι

2047 5247 2133 5316 73)
2178 5247 2339 5303 Editi,
2372 5259 2390 5293 t
2430 5247 2800 5292 incredulitas.
2837 5254 2854 5285 ι

2021 5247 2133 5387 iu;
2165 5310 2588 5387 genebrardus,’
2614 5324 2631 5356 ι
2667 5303 2951 5387 custodiis,
2997 5321 3024 5387 r
3051 5302 3213 5356 male.

2019 5369 2130 5451 (73)
2167 5382 2328 5445 Editi,
2357 5398 2375 5432 ι
2412 5377 2685 5451 quietiam
2703 5376 2746 5427 si
2771 5374 3124 5451 quidjustnttt
3143 5380 3255 5451 est.
3293 5388 3310 5421 ι
3343 5369 3522 5451 Colles

1949 5441 2324 5517 Ebroicensis,
2354 5469 2371 5500 ι
2419 5441 2509 5515 qui
2552 5447 2714 5517 etiam
2758 5441 2962 5517 siquid
3011 5443 3154 5511 quod
3184 5441 3390 5511 justum
3439 5448 3525 5517 est

1950 5527 2081 5594 agit.
2134 5541 2153 5574 ι
2187 5511 2312 5594 Sed'
2338 5511 2531 5594 melior
2560 5514 2969 5594 videturdectio
3007 5524 3326 5569 umerorum
3376 5511 3524 5567 codi-

1953 5581 2099 5653 ciitn,
2148 5610 2166 5643 ι
2210 5589 2333 5659 quia
2361 5586 2594 5659 etiamsi
2628 5584 2749 5653 quis
2774 5581 2951 5654 justus
2974 5592 3076 5640 est.
3115 5600 3134 5635 ι

2023 5662 2139 5736 (76)
2174 5656 2283 5726 Δι’..
2322 5675 2341 5711 t
2374 5656 2594 5713 ibidem.
2635 5673 2652 5708 ι
