3974 6206
523 237 630 296 919

1964 246 2294 304 ΟΜΟΕΝΙΞ·
3635 247 3718 302 πθ

523 359 665 412 sicut
697 358 937 430 in'cmlo,
966 364 1094 418 etin
1130 374 1272 418 terra
1309 365 1397 427 ⁷⁸;
1436 385 1454 417 ι
1500 367 1603 432 vel,
1643 377 1701 422 ιιι
1745 370 1938 424 iterum
1969 371 2066 426 diei

2172 417 2175 427 .
2210 369 2306 424 sed
2344 387 2362 419 ι
2401 380 2597 423 nomen
2619 367 2829 422 Domini
2851 366 3112 420 invocabo
3139 364 3206 418 ⁸⁸.
3233 363 3501 420 »Ρτριῑοςιι
3518 369 3715 421 estcuiut

522 465 642 502 tuus
673 467 688 504 :
717 470 736 503 ι
766 452 883 508 Fiat
905 467 1009 523 pax
1036 456 1086 507 in
1119 455 1315 510 virtute
1338 465 1428 512 ttta
1451 458 1518 522 ",
1554 477 1573 510 ι
1607 475 1709 512 non
1741 461 2091 531 imperantes,

517 541 614 594 sed
649 551 918 609 optantes,
954 545 1060 598 imo
1097 548 1274 613 potius
1319 552 1751 618 pronuntiantes,
1794 564 1933 620 etc.,
1965 555 2091 624 quia

519 646 624 682 non
657 640 831 698 potest
870 647 972 699 pax
1022 631 1139 689 fieri
1170 635 1272 691 nisi
1323 638 1372 691 in
1405 637 1600 693 virtute
1635 641 1724 696 Ι)θὶ
1760 659 1775 698 :
1809 643 1879 696 ita
1915 651 1968 697 et
2003 645 2092 699 hic

517 720 658 774 velut
703 723 1102 788 pronuntiantis
1140 741 1318 782 sermo
1349 731 1698 800 accipiendos
1749 744 1829 788 est
1862 753 1876 790 :
1910 752 1929 785 ι
1969 734 2089 790 Fiat

510 822 690 864 autem
729 811 840 884 (77)
885 816 1023 872 Deus
1065 831 1252 886 verax,
1296 822 1474 878 omnis
1514 835 1695 879 autem
1726 824 1891 880 homo
1930 842 2086 880 men-

511 903 637 952 dax.
675 920 693 953 ι
746 901 851 956 Sed
897 913 952 959 et
999 909 1100 964 hoc
1132 910 1412 964 sciendum
1438 921 1544 976 est,
1582 916 1724 982 quod
1754 929 1933 970 sermo
1962 917 2084 985 iste,

507 993 694 1058 idest,
731 1013 750 1048 ι
776 996 963 1053 Omnis
994 1001 1157 1056 homo
1191 1005 1454 1068 mendax,
1504 1024 1522 1055 ι
1560 1006 1626 1060 de
1661 1007 1868 1074 psalmo
1898 1018 2085 1064 centeo

504 1082 646 1136 simo
669 1084 878 1141 decimo
894 1089 1139 1158 quinto"
1165 1104 1474 1163 assumptus
1501 1106 1606 1163 est,
1636 1098 1724 1152 ubi
1742 1099 1900 1154 dicit:
1929 1118 1946 1149 ι
1973 1101 2085 1170 Ego

504 1173 616 1229 dixi
659 1175 713 1230 in
761 1191 986 1233 excessu
1028 1198 1189 1238 meo:
1219 1183 1410 1241 Omnis
1441 1186 1604 1242 homo
1644 1189 1895 1244 mendax.
1933 1211 1953 1243 ι
1986 1192 2084 1247 Hic

502 1279 633 1321 vero
674 1269 742 1322 ad
780 1271 1084 1334 evidentius
1128 1275 1540 1333 illuminandum
1570 1280 1816 1350 Apostoli
1861 1298 2080 1338 sensum

501 1373 609 1411 non
659 1361 907 1417 videatur
948 1364 1060 1437 (78)
1112 1367 1415 1437 legentibus
1465 1385 1755 1427 onerosum
1806 1374 1850 1428 si
1888 1376 2078 1444 ps.:lini

501 1448 672 1514 ipsius
727 1454 1152 1525 continentiam,
1213 1461 1354 1516 unde
1403 1464 1631 1518 assumit
1684 1466 2077 1532 testimonium,

509 1541 752 1595 breviter
773 1557 1125 1613 exponamus.
1157 1547 1382 1606 Videtur
1398 1567 1526 1622 ergo
1554 1555 1682 1609 mihi
1711 1555 1868 1612 talem
1891 1571 2079 1626 quem-

499 1633 621 1685 dam
676 1633 944 1703 Propheta
993 1640 1242 1697 nuntiare
1277 1655 1516 1698 sensum.
1559 1646 1689 1700 Cum
1739 1649 1902 1704 multa
1946 1650 2076 1715 sint,

2196 461 2336 530 apud
2368 469 2420 514 te
2448 475 2619 520 mors.
2647 473 2766 530 qua:
2789 473 2891 527 pro
2919 458 3118 525 pietate
3144 456 3252 527 (8|)
3281 468 3334 510 et
3354 459 3565 511 veritate
3579 464 3718 512 Sttsri-

2195 551 2360 620 pitur.
2393 550 2701 606 Secundum
2741 551 2840 604 hoc
2871 549 3036 618 igitur
3064 549 3228 604 etiam
3267 549 3319 602 in
3347 547 3632 617 apostolicis
3651 553 3691 603 di

2193 642 2294 696 etis
2314 641 2682 711 accipiendum
2714 650 2797 696 est
2825 657 2842 692 ι
2868 640 3057 696 Omnis
3119 637 3281 692 homo
3320 642 3561 704 mendax,
3594 643 3714 695 »εἰη

2193 733 2237 788 is
2268 734 2360 803 qui
2385 735 2436 787 in
2462 733 2592 802 legis
2622 733 2802 787 littera
2836 733 2954 787 sine
2979 731 3083 786 {ide
3111 731 3354 791 conlidit.
3382 731 3492 786 sive
3517 734 3555 786 is
3583 734 3711 802 quiin

2191 825 2520 893 quibuslibet
2543 825 2886 892 dogmatibus
2903 831 2956 877 ct
2980 822 3177 877 litteris
3194 821 3474 891 gloriatur.
3492 822 3587 877 Sed
3605 824 3712 891 obji-

2191 916 2332 968 citur
2359 916 2515 968 nobis
2551 932 2565 966 :
2605 912 2660 968 Si
2687 913 2866 968 omnis
2897 913 3058 967 homo
3094 914 3323 967 mendax
3349 920 3451 974 est,
3476 911 3579 980 ipse
3605 911 3712 965 Pat:~

2191 1005 2388 1071 lus',”,
2419 1005 2545 1074 quia
2573 1004 2862 1068 homoest,
2911 1003 3014 1057 erit
3064 1017 3195 1073 ergo
3256 1003 3501 1056 mendax.
3549 1001 3712 1058 Sedet

2189 1093 2358 1149 David
2386 1094 2474 1161 qui
2515 1093 2629 1148 haec
2655 1094 2813 1160 dixit,
2849 1094 2978 1163 quia
3004 1093 3168 1148 homo
3188 1091 3314 1156 fuit,
3345 1092 3566 1146 siomnis
3589 1094 3708 1148 homo

2188 1187 2424 1243 mendax
2451 1197 2556 1251 est,
2578 1188 2682 1241 erit
2703 1198 2757 1242 et
2798 1187 2914 1257 ipse
2951 1186 3211 1251 mendax,
3252 1194 3307 1238 ct
3338 1186 3439 1240 hoc
3461 1185 3616 1254 ipsum
3643 1185 3712 1239 lal-

2186 1297 2305 1337 sum
2358 1281 2498 1350 quod
2543 1280 2716 1334 dicit:
2755 1297 2773 1330 ι
2805 1277 2994 1334 Omnis
3053 1279 3216 1333 homo
3263 1279 3519 1343 mendax,
3554 1298 3569 1328 ι
3608 1281 3703 1348 quia

2187 1375 2502 1428 mendaeem
2547 1386 2606 1428 se
2653 1371 2965 1427 necessario
3016 1385 3141 1425 cum
3189 1371 3404 1424 caeteris
3451 1371 3710 1426 hominibus

2185 1465 2301 1533 ipse
2336 1465 2686 1535 pronuntiat;
2725 1472 2780 1519 et
2817 1462 2862 1518 si
2893 1461 3127 1516 mendax
3160 1471 3269 1525 est,
3307 1463 3484 1532 utique
3512 1479 3602 1516 non
3631 1467 3708 1517 erit

2184 1572 2368 1609 verum
2407 1555 2549 1624 quod
2586 1569 2612 1606 a
2643 1553 2903 1608 mendace
2921 1552 3144 1618 dicitur,
3178 1551 3309 1619 quia
3345 1571 3364 1603 ι
3399 1554 3562 1606 omnis
3586 1554 3710 1606 homo

2185 1646 2254 1700 sit
2280 1646 2533 1700 mendax.
2573 1662 2592 1697 ι
2626 1642 2850 1698 Videtur
2875 1656 3004 1712 ergo
3025 1656 3212 1698 sermo
3239 1642 3356 1712 ejus
3389 1642 3648 1696 incurrisse
3669 1645 3707 1696 in

413 1801 418 1806 ν
499 1724 700 1792 inquit,
725 1726 864 1795 apud
895 1729 1141 1788 homines
1197 1735 1470 1803 dogmata,
1503 1745 1559 1791 et
1585 1738 1736 1792 multi
1771 1739 1844 1804 de
1881 1710 2080 1794 verita;
2111 1710 2152 1766 Β
2182 1737 2554 1807 syllogismum
2588 1735 2680 1806 qui
2713 1735 2910 1789 dicitur
2939 1710 3176 1802 aporus,
3217 1710 3280 1788 id
3309 1744 3416 1800 est,
3447 1736 3709 1790 insubstau-

501 1815 569 1869 tis
612 1816 961 1885 inquisitione
998 1824 1722 1900 pliilosopheutur,cumque
1751 1843 1998 1900 oporteat
2022 1835 2076 1888 iu

499 1907 584 1960 his
618 1910 876 1966 omnibus
919 1916 1309 1983 qumstionibus
1338 1921 1643 1989 prmcedere
1694 1922 1889 1976 Filintn
1936 1926 2026 1978 Dei
2061 1943 2073 1980 :

497 1998 588 2051 alii
614 1999 827 2067 quidem
860 2007 950 2072 qui
972 2021 1076 2060 non
1099 2008 1249 2076 prius
1279 2011 1562 2066 credentes
1589 2015 1940 2081 qumsierunt,
1967 2033 2073 2072 non

496 2090 821 2148 invenerunt
874 2113 889 2150 :
933 2112 1031 2167 ego
1099 2111 1277 2155 autem
1327 2103 1452 2172 quia
1507 2106 1712 2160 credidi
1783 2118 2072 2178 antequam

492 2198 824 2252 qumrerem,
867 2187 1074 2246 ideirco
1112 2194 1254 2260 quod
1294 2195 1602 2264 quaerebam
1647 2197 1850 2264 inveni,
1885 2210 1935 2253 et
1965 2215 2070 2254 nan

492 2273 666 2328 solum
703 2276 908 2342 inveni,
943 2281 1112 2336 sedet
1144 2281 1355 2338 locutus
1382 2301 1522 2350 sum,
1549 2296 1603 2339 et
1629 2289 1944 2341 annuntiavi
1975 2306 2074 2358 po-

491 2366 631 2434 pulis
651 2385 813 2437 quam
844 2372 1158 2431 inveneram
1181 2379 1490 2433 veritatem.
1514 2379 1623 2434 Nec
1646 2391 1823 2434 tamen
1852 2383 2068 2436 inventa

493 2459 719 2516 veritate
754 2465 929 2519 elatus
961 2481 1081 2522 sunt
1123 2470 1175 2523 in
1209 2471 1471 2539 sapientia
1496 2511 1510 2536 ,
1545 2488 1718 2541 neque
1759 2472 1974 2527 inﬂatus
2016 2477 2066 2530 itt

490 2548 719 2604 Scientia
765 2569 917 2622 mea;
959 2559 1050 2611 scd
1099 2575 1163 2612 eo
1207 2562 1378 2630 magis
1413 2563 1733 2621 humiliatus
1761 2583 1903 2636 sum,
1943 2585 2065 2625 cum

489 2643 684 2708 agnovi
721 2653 773 2698 et
801 2647 1040 2703 intellexi
1081 2649 1362 2708 Dominum
1396 2669 1514 2708 esse
1547 2657 1638 2724 qui
1673 2659 1828 2714 docet
1848 2677 2064 2716 omnem

487 2733 773 2794 scientiam
819 2737 886 2793 ⁷⁸.
925 2740 1124 2795 Deinde
1159 2744 1510 2801 considerans
1552 2763 1671 2816 qua:
1724 2752 1972 2809 homines
2009 2766 2066 2812 et

488 2835 692 2890 quanta
724 2828 806 2882 vel
839 2829 982 2884 inter
1010 2833 1377 2906 philosophos,
1414 2839 1493 2895 vel
1519 2840 1661 2896 inter
1682 2855 1907 2900 caeteros
1937 2846 2064 2902 bar-

2183 1829 2327 1882 tivus
2358 1828 2495 1897 (82),
2523 1827 2611 1896 qui
2636 1834 2691 1881 et
2715 1825 2882 1881 falsus
2917 1825 3247 1895 appellatur.
3279 1825 3388 1880 Sed
3411 1827 3453 1880 si
3473 1827 3710 1881 redeamus

2181 1920 2244 1973 ad
2293 1920 2610 1974 interiorem
2657 1917 2963 1986 Scriptura:
3021 1916 3386 1981 intellectum,
3426 1917 3707 1974 inveniemus

2176 2012 2319 2080 quod
2356 2024 2545 2064 omnes
2591 2009 2869 2078 propheta:
2906 2007 2992 2062 vel
3038 2008 3276 2076 apostoli
3311 2023 3375 2061 ex
3414 2007 3512 2061 illis
3538 1997 3628 2062 sint
3655 2010 3705 2062 ad

2176 2119 2312 2172 quos
2348 2116 2531 2157 sermo
2569 2101 2662 2156 Dei
2698 2099 2812 2170 (85)
2842 2099 2923 2166 ﬁt,
2963 2099 3104 2154 sicut
3142 2100 3410 2169 scriptum
3455 2109 3528 2154 est
3563 2116 3575 2152 :
3609 2118 3626 2150 ι
3654 2098 3704 2154 Ει

2177 2197 2376 2250 factum
2423 2205 2507 2252 est
2551 2195 2776 2249 verbum
2817 2191 3032 2247 Domini
3080 2209 3100 2245 ι
3159 2192 3234 2246 ad
3276 2191 3442 2256 illum,
3484 2191 3558 2246 vel
3585 2192 3702 2256 illurn

2181 2289 2530 2358 prophetam.
2557 2287 2668 2343 llos
2697 2300 2831 2357 ergo
2867 2286 2933 2340 ad
2956 2299 3093 2354 quos
3121 2299 3314 2340 sermo
3339 2285 3430 2342 Dei
3458 2285 3530 2351 ﬁt,
3561 2284 3701 2340 Domi-

2174 2397 2275 2436 nus
2316 2382 2368 2434 in
2407 2379 2702 2450 Evangelio
2731 2393 2837 2433 non
2870 2378 3118 2434 homines
3142 2378 3466 2446 pronuntiat
3489 2392 3610 2443 esse,
3631 2376 3701 2430 sed

2171 2475 2324 2529 deos.
2363 2472 2454 2527 Sic
2487 2473 2633 2528 enim
2667 2470 2798 2524 dicit
2831 2487 2846 2523 :
2887 2488 2904 2520 ι
2936 2467 3092 2534 Quod
3119 2469 3170 2522 si
3212 2469 3335 2523 illos
3371 2469 3492 2522 dicit
3517 2469 3626 2522 deos
3649 2468 3700 2522 ad

2167 2579 2304 2635 quos
2325 2578 2506 2618 sermo
2535 2561 2626 2614 Dei
2649 2561 2802 2624 (it,et
2833 2574 2934 2612 non
2955 2567 3132 2628 potest
3152 2558 3297 2612 solvi
3329 2557 3588 2624 Scriptura
3602 2557 3655 2610 “.
3681 2575 3695 2609 ι

2168 2656 2302 2728 Quia
2320 2668 2454 2722 ergo
2474 2661 2525 2706 et
2541 2651 2698 2721 adDa
2709 2650 2792 2703 vid
2819 2657 3074 2717 tanquam
3093 2649 3438 2718 prophetam,
3460 2657 3509 2702 et
3525 2648 3580 2700 ad
3601 2645 3700 2701 Ρυιιο

2165 2746 2275 2801 lum
2299 2755 2554 2812 tanquam
2577 2740 2879 2811 apostolum
2894 2738 3191 2812 sermoDei
3219 2737 3392 2793 iactus
3407 2748 3500 2801 est,
3516 2737 3614 2790 sine
3631 2739 3705 2790 ιιιι-

2164 2841 2254 2896 bio
2271 2855 2376 2893 non
2391 2847 2547 2892 erant
2565 2835 2834 2900 homines,
2855 2832 3062 2899 seddii,
3085 2833 3152 2885 ad
3174 2847 3315 2900 quos
3332 2847 3500 2886 sermo
3515 2829 3592 2883 Dei
3641 2831 3704 2900 ιιτ

485 2914 650 2970 baros
697 2918 762 2971 de
793 2920 1024 2978 veritate
1059 2925 1222 2980 locuti
1273 2938 1419 2996 sunt,
1464 2941 1520 2986 et
1556 2933 1682 3001 quia
1730 2949 1852 2988 cum
1892 2937 2062 2993 multo
2153 2927 2562 2996 etusest.lgitur
2581 2925 2828 2996 quianon
2849 2933 3008 2978 erant
3037 2923 3315 2989 homines,
3337 2922 3424 2976 sed
3444 2924 3526 2984 dii,
3547 2934 3700 2972 verum

485 3003 675 3061 labore
723 3009 886 3064 multa
930 3013 1207 3082 dicentes,
1243 3019 1376 3074 nihil
1414 3021 1758 3091 invenerunt,
1792 3026 1918 3095 quia
1951 3043 2058 3083 non
2091 3055 2137 3117 ϐ
2169 3033 2252 3079 est
2282 3022 2428 3092 quod
2465 3021 2531 3076 de
2561 3019 2871 3074 hominibus
2897 3017 3111 3072 caeteris
3139 3015 3490 3085 pronuntiant
3514 3013 3569 3065 ad
3593 3024 3702 3080 quos

487 3098 836 3156 crediderunt
863 3113 1155 3174 antequam
1181 3122 1481 3178 qurerercnt
1516 3132 1530 3168 :
1565 3117 1918 3173 considerans
1943 3133 2063 3173 om-

486 3186 574 3240 nia
607 3204 794 3245 eorum
820 3196 902 3248 vel
931 3197 1096 3266 dicta,
1130 3200 1212 3254 vel
1239 3203 1464 3271 scripta,
1491 3214 1546 3260 et
1572 3207 1623 3260 in
1658 3223 1884 3265 excessu
1908 3226 2063 3266 men-

485 3277 556 3333 tis
599 3280 845 3350 ell‘ectus,
889 3287 940 3340 id
978 3299 1082 3354 est,
1117 3302 1338 3361 stupore
1379 3297 1562 3351 cordis
1595 3300 1878 3365 attonitus,
1919 3304 2064 3370 quod

485 3373 665 3426 omnia
707 3375 790 3428 illa
823 3377 1266 3450 phil050phorum
1293 3387 1587 3456 volumina,
1629 3404 1749 3458 qum
1780 3393 2060 3461 splendida

482 3473 537 3516 et
563 3465 880 3536 praefulgida
922 3470 1250 3528 videbantur
1279 3478 1526 3534 oratione
1571 3481 1900 3550 composita,
1935 3497 2060 3551 pro-

481 3557 568 3611 cul
595 3573 623 3610 a
662 3559 895 3616 veritate
921 3564 1309 3632 consisterent,
1336 3568 1388 3622 in
1418 3583 1644 3624 excessu
1676 3580 1730 3626 et
1753 3571 1806 3626 iit
1839 3581 2061 3642 stupore

482 3649 678 3704 mentis
709 3649 930 3707 ell‘ectus
957 3653 1065 3708 dixi
1094 3673 1107 3708 :
1145 3673 1164 3705 ι
1191 3654 1380 3712 Omnis
1404 3656 1911 3719 liomomendax’h
1946 3660 2058 3731 Ego

479 3754 610 3795 vero
639 3743 723 3795 cui
755 3743 867 3798 lucc
897 3746 1214 3802 ostenderat
1239 3747 1399 3814 Deus,
1431 3748 1675 3820 ingratus
1697 3765 1803 3806 non
1832 3750 1928 3815 fui,
1963 3743 2056 3808 sed

478 3829 711 3897 cogitavi
754 3842 807 3886 et
831 3837 1052 3903 qmesivi
1079 3837 1220 3906 apud
1253 3841 1652 3909 memetipsum,
1674 3842 1803 3910 quid
1835 3857 1930 3912 pro
1956 3843 2057 3896 hoc

477 3923 624 3986 quod
671 3924 800 3977 mihi
857 3926 1121 3983 Dominus
1170 3932 1418 3998 pra‘stitit
1467 3933 1747 3987 scientiam
1784 3934 2054 3997 veritatis.

477 4010 706 4065 Domino
733 4016 1084 4080 rependerem
1119 4022 1360 4076 muneris
1390 4040 1402 4075 :
1432 4023 1669 4079 intellexi
1703 4033 1880 4078 tamen
1911 4027 2055 4095 quod

477 4110 668 4154 natura
707 4103 798 4156 illa
821 4114 1046 4170 interna,
1071 4117 1121 4162 et
1153 4112 1389 4165 omnium
1416 4115 1658 4183 domina,
1689 4117 1889 4172 nullius
1918 4118 2056 4172 iudi-

474 4199 588 4258 get.
622 4189 796 4246 Unum
833 4208 963 4263 ergo
993 4196 1171 4252 inveni
1197 4198 1367 4254 solum
1403 4207 1546 4270 quod
1579 4221 1662 4261 me
1680 4205 1874 4262 offerre
1898 4224 2055 4278 opor-

476 4291 616 4336 teret
645 4284 778 4348 Deo,
804 4285 856 4339 id
886 4297 968 4342 est
999 4299 1057 4343 ut
1085 4290 1366 4344 crederem
1410 4291 1476 4346 de
1505 4308 1570 4347 eo
1609 4297 1749 4365 quod
1777 4314 2053 4368 nunquam

2166 3130 2346 3172 sermo
2363 3111 2458 3166 Dei
2472 3127 2582 3167 non
2597 3110 2772 3165 factus
2786 3120 2890 3176 εει,
2905 3107 3028 3179 quia
3049 3125 3066 3158 ι
3093 3109 3278 3162 omnis
3296 3109 3450 3164 homo
3468 3104 3660 3160 mendax
3676 3120 3698 3154 ι

2163 3207 2254 3261 sit.
2273 3206 2379 3260 Sed
2401 3214 2456 3260 et
2477 3203 2618 3274 quod
2632 3202 2878 3272 sequitur
2907 3201 3271 3257 nihilominus
3289 3202 3352 3254 de
3370 3199 3556 3270 psalmo
3569 3195 3700 3264 quin-

2163 3298 2836 3368 quagcsimoassumptum
2857 3303 2965 3360 est,
2985 3294 3035 3348 id
3067 3303 3148 3348 est
3174 3311 3190 3348 :
3221 3312 3238 3345 ι
3264 3289 3633 3360 Utjnstiiiccris
3654 3287 3698 3338 iu

2163 3387 2509 3446 sermonibus
2533 3387 2660 3452 tuis,
2675 3394 2727 3440 et
2744 3385 2931 3440 vincas
2953 3385 3378 3454 cumjudicaris.
3404 3402 3421 3435 ι
3441 3380 3525 3434 Est
3549 3387 3694 3432 autem

2164 3480 2216 3535 in
2235 3479 2442 3550 psalmo
2461 3478 2674 3546 integer
2687 3491 2878 3530 sensus
2898 3475 3000 3529 hoc
3015 3475 3179 3527 modo
3195 3475 3400 3544 positus
3421 3491 3434 3527 :
3453 3490 3471 3522 ι
3494 3469 3597 3524 'l'ibi
3616 3464 3696 3520 soli

2163 3571 2410 3643 peccavi,
2441 3580 2498 3624 et
2526 3568 2727 3622 malum
2755 3583 2939 3622 coram
2971 3577 3020 3620 te
3060 3566 3204 3630 feci,
3241 3575 3299 3620 ιιι
3325 3560 3614 3633 justil‘tceris
3649 3559 3691 3610 in

2161 3661 2506 3720 sermonibus
2538 3661 2664 3720 tuis.
2697 3669 2750 3714 et
2773 3661 2959 3713 vincas
2990 3674 3111 3713 cum
3131 3658 3419 3727 judicaris.
3457 3673 3474 3706 ι
3503 3653 3560 3708 Et
3587 3666 3694 3720 quo-

2162 3755 2307 3810 niam
2342 3755 2562 3823 grandis
2592 3767 2851 3806 excessus
2880 3760 2964 3804 est
2993 3759 3052 3804 ιιι
3081 3752 3150 3804 ab
3175 3751 3335 3804 initio
3362 3747 3538 3819 psalmi
3567 3757 3692 3811 τερος

2164 3856 2362 3906 tamus,
2397 3844 2684 3900 brevitatis
2720 3857 2886 3898 causa
2925 3844 3070 3895 hunc
3122 3842 3529 3902 tantummodo,
3559 3847 3690 3904 quem

2162 3931 2214 3990 iu
2248 3929 2422 3988 medio
2453 3933 2753 4001 posuimus,
2783 3931 3138 3986 discutiamus
3169 3946 3506 3994 sermonem;
3537 3927 3581 3979 iu
3607 3939 3690 3992 quo

2159 4019 2347 4074 statim
2375 4020 2425 4074 iu
2457 4023 2630 4086 primo
2659 4021 2773 4074 haec
2807 4018 3038 4092 diilicilis
3062 4021 3285 4074 videtur
3319 4017 3622 4090 explanatio.
3646 4012 3687 4063 Si

2160 4111 2303 4166 enim
2342 4112 2626 4166 historiam
2683 4127 2979 4181 sequamur
3028 4127 3147 4182 qua:
3204 4113 3255 4165 in
3319 4106 3687 4180 prmtitulatione

2161 4204 2350 4276 psalmi
2381 4204 2580 4274 scripta
2615 4215 2719 4268 est,
2751 4204 2821 4258 ibi
2845 4205 3078 4258 refertur
3106 4216 3388 4272 perempto
3411 4201 3526 4256 Uria
3546 4196 3686 4251 Edico

2161 4310 2387 4350 uxorem
2421 4295 2536 4361 ejus
2561 4295 2835 4365 accepisse
2864 4295 3030 4348 David
3071 4295 3139 4348 ⁸⁸.
3183 4293 3461 4360 Quomodo
3488 4304 3600 4358 ergo
3619 4286 3687 4338 di-

473 4375 645 4443 possit
699 4375 768 4429 ab
824 4377 1043 4433 homine
1094 4379 1296 4448 aliquid
1360 4384 1632 4455 accipere,
1693 4387 1788 4441 sed
1840 4404 2056 4457 semper
2086 4389 2132 4446 D
2161 4388 2272 4442 cit:
2321 4407 2338 4439 ι
2379 4386 2496 4441 Tibi
2517 4387 2615 4440 soli
2649 4387 2903 4455 peccavi;
2945 4406 2961 4438 ι
3001 4402 3122 4440 cum
3163 4389 3349 4454 utique
3390 4384 3515 4439 etin
3547 4383 3684 4449 ipsum

472 4466 636 4532 dare;
664 4477 717 4520 et
743 4467 861 4522 ideo
879 4469 988 4523 dixi
1018 4489 1032 4522 :
1058 4489 1077 4522 ι
1113 4469 1348 4527 Calicem
1366 4474 1620 4528 salutaris
1645 4478 1908 4546 accipiam
1923 4484 1998 4545 8°;
2029 4501 2048 4533 ι

470 4559 620 4611 velut
654 4560 700 4613 si
726 4562 1112 4630 responderent
1148 4563 1262 4636 (79)
1303 4566 1502 4620 dicenti
1530 4587 1542 4620 :
1568 4566 1732 4624 Potes
1763 4589 1780 4622 ι
1823 4571 2049 4627 calicem

469 4648 677 4716 bibere,
727 4667 886 4721 quem
944 4670 1044 4724 ego
1085 4657 1356 4712 bibiturus
1419 4675 1539 4714 sum
1588 4657 1684 4715 3‘?
1723 4680 1742 4714 ι
1794 4671 1850 4717 et
1899 4665 2050 4719 dice-

469 4758 584 4796 rem
612 4742 722 4812 (80)
751 4763 764 4798 :
792 4745 1038 4812 Possum,
1073 4749 1321 4804 Domine.
1359 4749 1450 4805 Sic
1478 4766 1609 4822 ergo
1642 4753 1727 4808 aio
1755 4772 1770 4808 :
1810 4753 2045 4812 Calicem

471 4837 738 4903 passionis
764 4848 868 4893 tuae
901 4839 1154 4906 libenter,
1188 4854 1242 4897 et
1269 4853 1374 4897 tota
1402 4845 1680 4901 voluntate
1718 4849 2046 4916 suscipiam;

466 4939 522 4983 et
546 4939 604 4985 ut
643 4932 830 4988 calicis
867 4935 967 5000 tui,
997 4935 1048 4990 id
1077 4947 1164 4991 est
1195 4939 1491 5007 passionis,
1520 4944 1751 5010 gratiam
1787 4945 1854 4997 ad
1883 4943 2045 5000 linem

467 5037 641 5096 usque
687 5041 1030 5095 conservem,
1077 5044 1183 5084 non
1231 5029 1393 5099 500
1433 5033 1570 5089 meis
1609 5035 1821 5090 viribus
1865 5051 2050 5106 agam,

571 5165 618 5198 "
647 5163 834 5218 Matth.
861 5177 936 5224 vt,
966 5162 1052 5218 {0.

476 5236 518 5266 "‘
552 5235 740 5289 Matth.
769 5249 856 5297 xx,
885 5233 972 5287 22.

1152 5161 1198 5194 ⁷⁸
1227 5160 1366 5215 Psal.
1398 5176 1539 5227 cxxr,
1573 5161 1627 5216 7.

543 5345 657 5420 ρι’)
685 5348 792 5414 AL,
830 5366 850 5399 ι
890 5348 1017 5403 Erat
1040 5355 1248 5414 autem,
1283 5365 1304 5400 ι
1333 5348 1428 5403 sed
1459 5361 1591 5403 mss.
1622 5348 1796 5402 nostri
1827 5348 2048 5420 ubique,

487 5435 504 5467 ι
535 5417 676 5470 Fiat.
718 5436 736 5469 ι

537 5483 649 5553 (78)
692 5485 854 5548 Edili,
879 5504 896 5536 ι
933 5484 1130 5540 Verum
1155 5487 1242 5542 'ad
1295 5487 1597 5545 evidentius
1631 5487 2047 5545 ill-nminanilum

471 5555 714 5622 Apostoli
752 5571 993 5618 sensum,
1035 5573 1099 5610 ue
1125 5559 1392 5610 videatur.
1436 5576 1462 5610 ν

546 5624 659 5694 (79)
690 5623 850 5689 Editi,
889 5644 907 5675 ι
944 5627 1312 5694 responderet,
1344 5646 1362 5679 ι
1408 5629 1568 5686 male.

1728 5163 1772 5193 ’17
1797 5178 1830 5193 ι.

1051 5201 1052 5209 χ
1152 5163 1198 5194 ⁷⁸
1227 5163 1366 5215 Psal.
1398 5176 1539 5227 cxxt,
1573 5163 1627 5216 7.
1728 5163 1772 5193 '"
1797 5174 1940 5216 vers.
1973 5163 2062 5216 Η.
2158 5164 2204 5197 ⁷⁸
2233 5164 2373 5218 Psal.
2404 5179 2567 5231 xcm,
2608 5165 2691 5218 10.
2789 5163 2833 5194 ⁷⁸
2865 5163 3004 5218 Psal.
3037 5179 3167 5223 cxv,
3201 5163 3222 5214 ι

1051 5231 1095 5261 ³⁸
1123 5231 1264 5286 Psal.
1295 5246 1416 5296 cxv,
1451 5232 1536 5286 15.
1609 5231 1655 5269 ⁸³
1685 5230 1842 5286 Rom.
1873 5248 1954 5297 tu,
1983 5235 2038 5288 4.
2113 5233 2159 5265 ⁸⁸
2191 5233 2346 5289 Joan.
2374 5251 2426 5298 x,
2457 5235 2546 5290 '55.
2621 5235 2666 5266 ⁸⁸
2699 5233 2743 5287 ll
2777 5233 2909 5304 Reg.
2937 5251 3009 5300 xi,
3034 5231 3122 5296 9.6,
3154 5227 3240 5286 27.

2163 4475 2348 4533 Uriam
2385 4478 2723 4543 peccaverit,
2765 4487 2820 4532 et
2863 4479 2914 4532 in
2964 4477 3298 4548 propinquos
3348 4477 3490 4546 ejus,
3525 4472 3605 4526 sed
3643 4477 3684 4521 cl

2161 4571 2214 4627 iit
2251 4574 2420 4641 ipsam
2464 4570 2735 4626 Bersabee
2770 4585 2932 4640 atque
2974 4587 3191 4625 omnem
3227 4571 3438 4624 dontqu
3469 4569 3590 4637 ejus,
3615 4561 3682 4616 cui

2160 4665 2409 4719 intulisse
2437 4663 2704 4717 maculam
2746 4664 2960 4718 videtur
2994 4663 3272 4717 adulterii.
3317 4663 3418 4716 Sed
3445 4656 3680 4715 sciendum

2155 4757 2298 4827 quod
2332 4773 2440 4810 non
2472 4771 2690 4820 semper
2728 4755 3168 4825 prmtitulatiouis
3208 4755 3484 4808 historiam
3525 4741 3678 4817 psnlmi

2154 4851 2487 4905 continentia
2537 4850 2808 4915 sequitur,
2862 4858 2920 4900 ut
2971 4848 3024 4901 in
3070 4847 3320 4918 plurimis
3361 4842 3564 4914 psalmis
3607 4833 3677 4904 qui

2151 4943 2467 4998 observabit
2511 4941 2774 4996 inveniet.
2821 4942 2886 4994 Et
2911 4950 2968 4995 ut
2993 4941 3224 5010 exempli
3264 4953 3421 4993 causa
3451 4930 3674 4990 dixerim.

2150 5035 2342 5104 psalmi
2374 5034 2567 5090 decimi
2591 5033 2806 5104 septimi
2832 5031 3178 5103 prsetitnlatio
3213 5042 3296 5087 est
3335 5049 3348 5084 :
3381 5050 3398 5081 ι
3439 5028 3491 5082 In
3523 5025 3676 5082 hacin.

3380 5158 3422 5190 ⁸⁸
3451 5153 3562 5210 ibid.
3595 5149 3660 5203 l5.

2158 5164 2204 5197 ⁷⁸
2233 5164 2373 5218 Psal.
2404 5179 2567 5231 xcm,
2608 5165 2691 5218 10.
2789 5163 2833 5194 ⁷⁸
2865 5163 3004 5218 Psal.
3037 5179 3167 5223 cxv.
3191 5161 3286 5231 Δ11.

2234 5347 2345 5418 (80)
2365 5344 2473 5418 AL,
2492 5362 2510 5395 ι
2532 5347 2767 5418 diceret;
2801 5363 2822 5395 ι
2854 5343 3048 5398 deinde
3076 5361 3100 5396 ι
3117 5343 3187 5396 ait
3204 5357 3340 5414 apro
3362 5359 3380 5392 ι
3401 5341 3496 5404 aio,
3514 5332 3674 5390 tmale.

2256 5418 2344 5482 81)
2381 5417 2491 5480 ΑΙ.,
2527 5435 2545 5465 ι
2579 5416 2805 5469 deitate.
2843 5434 2862 5466 ι

2254 5471 2344 5554 82}
2374 5471 2821 5540 lusitbstuntivus.
2880 5484 2988 5539 Sic.
3036 5501 3166 5541 mss.
3207 5482 3344 5537 Editi
3376 5494 3514 5545 vero,
3550 5492 3567 5525 ι
3594 5471 3672 5524 ἀυ-

2160 5563 2357 5694 “iis;
2380 5623 2514 5698 Dci._
2547 5624 2603 5680 In
2633 5625 2794 5681 editis
2825 5626 3078 5682 omnibus
3110 5624 3385 5682 omittitur.
