3936 6196
126 297 231 353 9‘2
246 298 276 353 ι

1116 289 1471 345 COMMENT.
1512 287 1574 341 1N
1615 278 1831 341 EPlST.
1870 286 1963 339 AD
2006 286 2170 341 ΝΟΜ.
2208 286 2338 341 LIB.
2382 283 2457 340 lif

3337 288 3447 342 πε

134 413 382 484 inquit,
415 425 587 483 puero
613 408 824 464 Domini
855 384 1057 475 David,
1094 410 1184 478 qui
1227 414 1438 465 locutus
1474 418 1557 463 cst
1587 410 1751 463 verba
1786 405 1830 470 Λ
1859 408 1971 476 qui.
2017 406 2148 460 lllml
2208 416 2388 461 tamen
2434 404 2576 475 quod
2630 403 2697 459 ad
2750 418 2861 458 rem
2894 402 3440 473 pertinet,hrevitcr

131 503 386 560 cantici
426 505 582 571 lmjus
609 506 659 556 in
704 502 787 556 die
816 516 921 569 qua
959 501 1210 555 liberavit
1244 518 1366 555 eum
1397 502 1659 556 Dominus
1688 501 1755 556 de

136 613 347 650 manu
405 596 644 651 omnium
693 594 1036 647 inimicorum
1087 609 1330 659 suorum,
1379 602 1433 647 et
1479 595 1545 647 de
1595 607 1755 645 manu

140 688 339 753 Saul,
373 697 426 741 et
458 687 613 741 dixit.
646 704 664 736 ι
697 685 1044 740 Coutineutia
1076 699 1205 739 vero
1229 685 1414 751 psalmi
1442 685 1601 753 longe
1616 683 1756 736 aliud

132 764 343 843 quam
379 775 729 846 praetitnlatio
770 776 1032 829 continet.
1067 775 1196 839 Qua:
1229 775 1374 829 enim
1402 776 1754 828 fundamenta

134 870 446 922 montium
475 876 746 921 connnota
780 868 950 921 sunt?
974 877 1067 921 aut
1104 869 1377 937 quomodo
1404 866 1515 935 (84)
1550 876 1755 920 treme-

135 959 319 1012 facta
344 967 427 1013 est
461 967 628 1019 terra,
672 973 794 1011 cum
826 969 1090 1028 pugnaret
1118 958 1285 1011 David
1319 960 1609 1011 adversum
1639 957 1753 1010 ini-

138 1049 348 1103 micos
400 1048 692 1103 suos?Aut
741 1048 831 1101 ubi
876 1049 1113 1102 refertur
1157 1048 1331 1116 caligo
1379 1048 1479 1101 sub
1528 1047 1753 1116 pedibus

134 1138 388 1194 Domini
437 1140 651 1195 fuisse?
676 1140 758 1195 vel
791 1139 881 1194 ubi
929 1142 1201 1195 iudicatur
1240 1140 1553 1194 ascendisse
1592 1155 1754 1207 super

136 1230 481 1294 cherubim,
514 1241 570 1285 et
596 1230 828 1296 volasse,
857 1229 940 1283 vel
966 1244 1130 1298 super
1153 1243 1356 1298 pennas
1380 1238 1756 1292 ventorum,et

135 1334 369 1378 cmtera
410 1339 547 1394 pene
592 1324 771 1378 omnia
820 1339 939 1391 quae
980 1338 1008 1377 a
1052 1322 1492 1392 przetitulationis
1526 1321 1753 1376 historia

136 1416 487 1469 omnimodo
516 1412 998 1485 discrepantHloc
1046 1430 1178 1486 ergo
1217 1414 1374 1469 modo
1408 1424 1460 1468 et
1502 1413 1554 1467 in
1597 1414 1755 1480 quin-

138 1507 491 1577 quagesimo
512 1508 718 1577 psalmo
742 1524 862 1579 qua:
886 1508 999 1579 (85)
1018 1509 1316 1563 secundum
1339 1507 1618 1561 historiam
1646 1521 1750 1558 non

136 1594 525 1648 conveniunt.
551 1595 854 1651 Videndum
879 1605 961 1652 est
982 1611 1048 1651 ne
1075 1596 1220 1651 ferte
1257 1597 1501 1651 mulieris
1539 1597 1590 1649 in
1616 1610 1753 1664 pra:-

140 1683 483 1739 titulatione
512 1699 607 1753 per
634 1684 863 1754 figuram
909 1687 1118 1741 ideirco
1154 1686 1294 1742 facta
1333 1688 1403 1742 sit
1433 1688 1655 1750 mentio,
1695 1695 1753 1740 nt

137 1774 268 1829 sub
302 1776 405 1829 hac
430 1775 795 1844 appellatione
824 1778 1159 1848 intelligatur
1178 1779 1356 1848 aliqua
1382 1779 1505 1832 talis
1532 1779 1749 1841 mulier,

139 1862 250 1917 vel
288 1863 466 1932 qualis
494 1865 824 1920 describitur
856 1867 944 1919 illa
981 1868 1141 1921 fortis
1173 1884 1292 1937 qua:
1322 1869 1561 1937 duplices
1592 1868 1751 1922 chla-

140 1954 364 2024 mydes
395 1955 656 2011 fecitviro
678 1972 777 2011 suo
804 1958 872 2024 ⁸³,
903 1958 985 2013 vel
1004 1970 1150 2013 certe
1180 1960 1305 2013 huic
1328 1960 1606 2013 contraria
1636 1958 1747 2031 (86)

145 2054 220 2096 ut
252 2046 474 2099 fuerunt
513 2046 618 2101 illa:
637 2062 757 2117 qua:
780 2048 1035 2103 dicuntur
1055 2049 1357 2104 declinasse
1384 2064 1482 2104 cor
1508 2049 1751 2106 Salonio.

144 2134 251 2189 nis
282 2134 354 2199 ⁸⁷,
388 2143 447 2189 ut
476 2136 782 2204 ,zcdificarct
817 2152 942 2193 aras
980 2142 1263 2209 gentium,
1308 2148 1363 2193 et
1411 2142 1576 2195 idola.
1619 2143 1753 2208 Qua:

148 2226 358 2295 utique
387 2226 440 2280 in
482 2226 801 2297 allegoriam
845 2239 1100 2298 sumptae,
1157 2246 1264 2284 non
1300 2241 1524 2285 suntex
1568 2232 1750 2285 divina

150 2318 459 2386 sapientia,
489 2320 585 2373 sed
607 2336 672 2374 ex
706 2320 811 2374 illis
842 2336 963 2389 quae
992 2324 1183 2378 suntei
1224 2325 1532 2388 contrariae,
1571 2325 1620 2377 id
1643 2334 1746 2386 est,

155 2406 365 2482 aliena:
409 2422 437 2460 a
479 2407 588 2463 Deo
623 2421 813 2465 sectas.
843 2410 993 2467 Talis
1030 2428 1159 2481 ergo
1203 2423 1257 2467 ct
1291 2417 1405 2469 haec
1438 2415 1581 2470 Uria:
1614 2430 1751 2469 uxor

157 2496 330 2552 Ethei
364 2498 462 2551 viri
489 2498 655 2554 alieni
682 2501 751 2555 ab
781 2500 945 2556 Israel
972 2503 1201 2572 intelligi
1235 2515 1435 2573 potest,
1462 2522 1624 2574 quam
1651 2521 1750 2575 po-

155 2594 309 2646 situs
342 2592 396 2646 in
428 2595 800 2663 superioribus
829 2595 997 2651 David
1021 2599 1322 2667 inspexerit
1352 2599 1620 2654 lavantem
1648 2602 1752 2654 im-

158 2682 468 2738 munditias
508 2698 637 2739 suas
685 2686 736 2739 in
775 2687 932 2755 aquis
963 2687 1029 2752 ⁸⁸,
1063 2697 1117 2741 ct
1137 2690 1330 2743 sordes
1372 2704 1500 2745 suas
1543 2690 1749 2747 diluere

152 2772 461 2840 volentem,
516 2789 748 2845 eamque
784 2779 1175 2835 desideraverit
1207 2790 1262 2835 et
1307 2783 1597 2850 acceperit.
1641 2782 1746 2838 Sed

155 2865 294 2930 quia
325 2879 428 2919 non
456 2865 556 2921 fuit
580 2868 830 2926 voluntas
862 2872 1073 2927 Domini
1109 2874 1315 2928 alienas
1338 2890 1365 2927 a
1394 2875 1624 2930 veritate
1650 2876 1746 2930 Dei

148 2964 344 3011 sectas
370 2957 641 3014 introduci
678 2960 789 3032 (87)
834 2962 886 3015 in
932 2965 1151 3016 domum
1182 2964 1350 3019 David
1376 3008 1390 3031 ,
1424 2966 1596 3035 prima
1632 2965 1747 3033 ejus

149 3063 224 3101 na
244 3049 444 3115 tivitas,
477 3060 529 3105 et
547 3053 755 3120 primus
775 3052 985 3108 fructus
1008 3056 1393 3126 exstingtiitur,
1426 3059 1739 3112 utsecunda

149 3144 427 3212 progenie
471 3159 565 3198 rex
608 3145 676 3199 de
721 3145 1024 3215 alienigena
1060 3148 1279 3217 sapiens
1325 3160 1642 3203 nasceretur
1669 3151 1742 3203 δ’.

150 3234 275 3287 bed
297 3232 513 3305 longum
536 3243 618 3289 est
645 3236 838 3290 horum
878 3238 1079 3307 liguras
1100 3278 1114 3303 ,
1146 3249 1201 3293 et
1230 3240 1515 3310 arnigmata
1547 3254 1736 3309 perse-

1861 513 2270 566 proseqnemur.
2316 498 2486 563 Cum,
2538 495 2737 565 inquit,
2771 495 2938 548 multa
2972 493 3247 550 subtilitas
3282 495 3348 548 sit
3383 497 3437 559 in

1858 592 2120 645 varietate
2155 599 2464 653 sectarum,
2491 598 2544 643 et
2576 589 2666 657 qui
2697 602 2893 641 sensus
2933 585 3227 640 secundum
3267 588 3436 641 Deum

1856 684 1944 749 sit,
1979 684 2068 751 qui
2113 697 2239 736 vero
2266 681 2476 736 alienus
2504 696 2532 734 ιι
2578 681 2686 735 Deo
2711 680 2762 732 in
2799 680 3215 734 tractationibus
3241 689 3291 733 et
3324 680 3440 732 dis-

1856 773 2230 844 putationibus
2279 772 2631 840 sapientinm,
2667 770 2866 824 nullius
2892 771 2963 824 sit
2989 772 3153 835 seire,
3184 770 3266 823 vel
3291 769 3438 837 judi-

1856 880 2004 929 care,
2027 866 2128 919 nisi
2161 866 2334 920 solius
2360 864 2475 930 Dei,
2501 865 2590 933 qui
2617 862 2762 918 solus
2791 862 3439 932 potestcomprehendere

1855 958 2124 1025 Sapientes
2153 957 2204 1009 in
2229 958 2429 1011 astutia
2452 972 2548 1010 sua
2582 956 2629 988 9°
2658 970 2673 1008 :
2706 956 2825 1010 ideo
2860 972 2878 1004 ι
2920 954 3018 1008 tibi
3058 953 3156 1006 soli
3191 955 3436 1021 peccavi,

1854 1057 1908 1101 et
1940 1047 2140 1101 malum
2188 1063 2371 1101 coram
2424 1058 2473 1102 lc
2522 1048 2720 1111 feci“,
2762 1066 2781 1099 ι
2827 1046 2955 1115 quia
2991 1045 3173 1117 cznteri
3222 1060 3435 1108 omnes,

1855 1148 2039 1206 utpote
2077 1140 2349 1193 animales
2395 1139 2665 1203 homines,
2712 1154 2818 1201 me,
2861 1137 2954 1207 qui
2991 1136 3254 1206 spiritalis
3294 1151 3436 1198 sum,

1855 1231 2068 1285 etiamsi
2101 1232 2301 1296 erravi,
2332 1231 2633 1301 dijudicare
2667 1245 2773 1284 non
2806 1240 3036 1299 possunt
3064 1248 3078 1283 :
3104 1229 3233 1297 quia
3261 1246 3279 1279 ι
3322 1228 3437 1295 ευὶ-

1857 1321 2033 1376 ritalis
2068 1321 2280 1390 judieat
2320 1323 2526 1388 omnia,
2573 1322 2689 1391 ipse
2731 1336 2860 1376 vero
2899 1336 2929 1374 a
2976 1321 3193 1375 nemine
3226 1319 3436 1388 judica-

1858 1416 2025 1467 tur".
2062 1433 2079 1464 ι
2110 1414 2215 1468 Sed
2242 1415 2368 1483 quia
2394 1413 2756 1468 additl’anlus
2784 1433 2803 1465 ι
2835 1414 3117 1484 spiritalis,
3143 1433 3159 1464 ι
3193 1422 3244 1467 et
3270 1414 3438 1467 dicit:

1859 1522 1879 1555 ι
1924 1503 2026 1571 Qui
2078 1518 2257 1559 autem
2293 1506 2500 1574 judicat
2546 1520 2650 1570 me,
2701 1505 2959 1558 Dominus
3002 1514 3083 1559 est
3131 1505 3225 1557 ’δε
3270 1524 3289 1557 ι
3335 1506 3438 1558 hoc

1854 1600 2033 1653 sciens
2082 1607 2137 1651 et
2190 1597 2358 1650 David
2404 1595 2548 1665 quod
2590 1596 2739 1650 solus
2786 1596 3045 1650 Dominus
3080 1606 3166 1651 cst
3200 1598 3289 1664 qni
3327 1598 3439 1665 spi-

1856 1691 2065 1744 ritalem
2121 1690 2411 1757 dijudicat,
2482 1689 2563 1741 vel
2626 1688 2949 1757 prophetam
3008 1686 3165 1757 (88),
3226 1687 3436 1748 idcirco

1781 1779 1824 1836 Β
1856 1779 2011 1849 50],
2055 1781 2223 1833 dicit:
2262 1798 2279 1831 ι
2319 1780 2439 1834 Tibi
2474 1780 2839 1848 solipeeca'vi,
2878 1797 2897 1832 ι
2937 1795 2966 1832 a
2994 1795 3103 1848 quo
3145 1780 3263 1834 solo
3302 1794 3435 1848 pos-

1852 1883 1971 1923 sum
2008 1870 2316 1938 dijudicari.
2366 1870 2501 1924 Nam
2557 1867 2792 1925 humana
2831 1873 2947 1926 dies
2989 1872 3290 1942 diiudicare
3323 1886 3431 1925 non

1854 1970 2031 2027 petest
2068 1961 2371 2028 spiritalem
2407 1961 2474 2015 “.
2515 1961 2620 2015 Sed
2655 1972 2708 2033 et
2737 1964 2880 2029 quod
2911 1964 3156 2032 sequitur
3184 1964 3250 2015 ad
3286 1962 3434 2017 hunc

1853 2051 2077 2118 respicit
2129 2065 2350 2108 sensum
2389 2071 2403 2108 :
2454 2072 2472 2107 t
2506 2052 2576 2109 Ut
2629 2054 2951 2123 justiﬁceris
2984 2055 3037 2108 in
3086 2054 3433 2108 sermonibus

1854 2142 1981 2209 tuis,
2001 2151 2053 2195 et
2075 2142 2265 2197 vincas
2290 2159 2413 2197 cum
2435 2143 2703 2210 judicaris
2732 2146 2800 2198 ".
2832 2164 2852 2197 ι
2892 2142 3183 2199 Judieatnr
3200 2159 3435 2214 namque

1852 2233 1995 2287 Deus
2027 2234 2080 2287 in
2121 2234 2580 2299 disputationibus
2619 2237 2945 2305 sapientium
2972 2280 2985 2302 ,
3029 2236 3155 2290 dum
3207 2236 3293 2289 alii
3328 2237 3431 2292 hoc

1852 2325 2040 2388 modo,
2079 2324 2171 2377 alii
2207 2325 2333 2390 alio,
2376 2335 2431 2380 et
2468 2326 2683 2381 diverse
2706 2328 2903 2397 singuli
2934 2328 3002 2383 de
3033 2327 3139 2383 Deo
3159 2329 3428 2383 sentiunt.

1851 2416 1970 2485 ipse
1999 2432 2126 2472 vero
2155 2418 2329 2473 vincit
2356 2433 2451 2473 eos
2474 2421 2568 2488 qui
2602 2421 2666 2474 de
2695 2435 2756 2475 se
2780 2420 3053 2487 iudicant,
3088 2436 3221 2475 cum
3242 2435 3434 2473 erran-

1851 2509 1997 2563 tibus
2024 2510 2235 2566 cnnctis
2262 2526 2418 2565 suam
2452 2513 2518 2565 de
2542 2526 2601 2566 se
2628 2513 2904 2582 quomodo
2939 2513 3023 2566 vel
3052 2512 3435 2580 qualiter-scrc-

1847 2602 2059 2655 dendus
2080 2618 2145 2656 ac
2194 2603 2542 2656 venerandus
2576 2606 2649 2656 sit
2683 2604 2887 2657 revelat
2931 2604 3046 2671 ipse
3077 2598 3428 2658 sententiam.

1848 2694 1958 2749 Sed
1985 2696 2212 2749 suliiciat
2230 2696 2509 2765 hucusque
2530 2697 2706 2765 Spatia
2730 2697 2954 2750 secundi
2982 2696 3274 2749 voluminis
3307 2702 3431 2748 esse

1847 2788 2135 2855 producta.
2174 2785 2369 2841 Nescio
2429 2801 2538 2856 quo
2598 2789 2799 2841 etenim
2850 2797 3010 2856 pacto
3043 2826 3057 2851 ,
3097 2787 3221 2839 dum
3279 2786 3428 2853 piget

1848 2880 2105 2933 omittere
2140 2880 2183 2933 si
2224 2896 2328 2949 qua
2367 2881 2742 2949 cxplnnationi
2778 2879 3083 2933 necessaria
3124 2891 3429 2946 suggerqu

1860 2980 1968 3035 tur,
1997 2972 2296 3025 evolvimur
2325 2988 2353 3024 a
2380 2972 2689 3026 brevitate:
2721 2986 2906 3040 quam,
2937 2973 2981 3023 si
3014 2984 3099 3024 res
3130 2968 3427 3039 pateretur,

1849 3061 2073 3115 lectoris
2105 3062 2326 3117 fastidio
2378 3065 2768 3129 consulentes,
2822 3077 3153 3133 magnopere
3203 3075 3428 3115 servare

1846 3166 2192 3221 uiperCnins.

1299 3563 1649 3650 LIBER
1729 3556 2293 3650 TERTIUS.

225 3920 277 3973 l.
315 3938 331 3969 ι
364 3910 417 3971 Si
446 3925 627 3971 autem
661 3914 916 3984 iniquitas
947 3922 1130 3967 nostra
1162 3904 1254 3965 Dei
1280 3908 1539 3978 justitiam
1571 3923 1723 3963 com-
1770 3916 1812 3973 (ζ
1844 3908 2009 3964 etiam
2038 3921 2134 3976 pro
2162 3903 2363 3960 Iuda-is
2400 3906 2620 3977 ponitur
2652 3922 2667 3958 :
2701 3917 2752 3959 et
2789 3920 2850 3958 ex
2884 3905 3015 3973 ipsis
3040 3903 3174 3960 alios
3203 3908 3423 3977 quidem

153 4007 376 4060 mendat
397 4047 411 4071 ,
439 4005 564 4075 quid
596 4003 876 4058 dicemus?
900 3994 1153 4069 Nunquid
1199 4000 1412 4067 iniquus
1458 3998 1600 4051 Dens
1631 3997 1722 4067 qui

156 4097 322 4151 infert
352 4097 517 4151 iram?
542 4096 856 4151 Secundum
897 4091 1170 4147 hominem
1201 4091 1337 4147 dico.
1366 4088 1537 4147 Absit.
1574 4088 1727 4144 Alio-

155 4180 291 4249 quin
326 4180 595 4248 quomodo
641 4178 913 4250 indicabit
962 4179 1105 4232 Deus
1157 4179 1299 4232 hunc
1330 4178 1635 4232 mundum?
1675 4176 1732 4231 Si

158 4270 303 4323 enim
336 4270 539 4324 veritas
584 4270 675 4325 Dei
710 4271 763 4324 in
824 4285 944 4324 meo
987 4270 1268 4323 mendacio
1324 4270 1622 4323 abundavit
1680 4270 1733 4322 in

158 4360 379 4427 gloriam
410 4360 546 4428 ejus,
575 4362 705 4430 quid
740 4362 917 4415 adhuc
952 4370 1004 4415 ct
1030 4376 1130 4427 ego
1176 4369 1433 4429 tanquam
1472 4370 1733 4429 peccator

158 4450 391 4515 judieor,
418 4462 471 4505 et
505 4467 611 4506 non
657 4445 818 4521 (sicut
843 4455 1307 4524 blasphcmamur,
1362 4464 1415 4507 et
1471 4456 1610 4508 sicut
1646 4454 1731 4507 di-

160 4549 293 4592 cunt
331 4556 430 4595 nos
470 4544 690 4610 quidam
723 4543 928 4617 dicere)
963 4544 1227 4599 faciamus
1261 4547 1397 4599 mala
1427 4558 1479 4598 nt
1510 4548 1731 4600 veniant

161 4630 330 4683 hona?
352 4646 583 4699 quorum
615 4632 1054 4700 damnatiojusta
1097 4646 1178 4689 cst
1204 4637 1271 4692 θ’.
1319 4656 1336 4687 ι
1374 4636 1594 4691 Multum
1625 4639 1734 4693 for-

163 4719 318 4781 tassis
396 4720 795 4793 inconsequens
855 4726 1127 4779 videbitur
1172 4728 1306 4780 ordo
1364 4728 1575 4783 dit-cudi
1634 4746 1730 4800 per

163 4826 368 4865 omnem
412 4828 551 4882 pene
605 4824 811 4869 textum
862 4816 1023 4885 hujus
1058 4817 1312 4886 Epistulae
1365 4820 1433 4871 ab
1483 4820 1731 4889 apostolo

164 4900 323 4957 Paulo
354 4903 595 4972 digestus
627 4945 641 4971 ,
701 4908 826 4960 dum
875 4922 1054 4961 sermo
1089 4909 1206 4976 ejus
1245 4924 1389 4962 nunc
1441 4910 1728 4963 adversum

166 5004 343 5061 gentes
378 4994 648 5066 dirigitur,
677 5012 822 5050 nunc
864 5014 959 5067 pro
999 4999 1251 5068 gentibus
1291 5010 1646 5067 temperatur,
1674 5010 1730 5053 et

169 5097 369 5138 rursum
407 5087 697 5141 adversum
727 5087 966 5155 Juda-os,
998 5102 1047 5143 et
1078 5091 1273 5144 iterum
1305 5092 1369 5145 de
1394 5090 1614 5156 Iudaeis,
1634 5101 1729 5146 aut

228 5179 736 5257 esp-rov,-?;X_XI,22.
799 5184 855 5257 _"
884 5185 945 5238 Ill
975 5185 1107 5253 Reg.
1146 5202 1223 5250 xi,
1256 5188 1291 5242 5
1316 5203 1433 5257 seq.

171 5264 244 5311 nt,
270 5251 365 5322 “l9.
440 5252 485 5282 ⁹¹
519 5253 661 5308 Psal.
694 5272 744 5315 ι..
788 5255 843 5311 6.
920 5258 963 5287 ⁰¹
996 5257 1008 5306 Ι
1042 5251 1166 5310 Cur.
1204 5274 1264 5321 ιι,
1310 5251 1408 5322 14,
1444 5257 1526 5313 15.

166 5332 237 5384 ιιι,
265 5320 376 5377 5-8.
455 5325 500 5356 ⁸⁷
538 5323 696 5379 Rom.
732 5341 814 5391 ιιι,
847 5326 901 5380 4.
977 5326 1023 5358 ’⁸
1064 5325 1107 5379 ιι
1139 5320 1263 5382 Cor.
1294 5320 1466 5395 ttt,'6.

232 5415 332 5489 (ει)
367 5419 534 5483 Alias,
572 5438 591 5472 ι
632 5422 871 5489 quando.
904 5440 923 5474 ι

232 5487 333 5552 (85)
362 5489 527 5553 Editi,
559 5509 576 5540 ι
608 5487 770 5557 quod.
812 5511 830 5544 ι

232 5557 331 5626 (86)
362 5560 534 5625 Alias,
563 5578 584 5611 ι
623 5560 706 5613 his
729 5563 1025 5626 contraria,
1052 5581 1072 5615 ι
1108 5564 1270 5620 male.

232 5625 333 5696 (87)
361 5630 469 5690 AL,
502 5649 517 5678 ι
559 5631 927 5686 introducere.
965 5654 982 5683 ι

232 5696 331 5765 (88)
380 5697 471 5753 Vel
494 5700 817 5768 map/telam.
855 5702 1017 5759 Deest
1047 5706 1099 5759 in
1133 5715 1293 5761 antea
1319 5705 1497 5759 editis.

1840 3998 2001 4052 laude
2031 3999 2160 4052 dicit
2192 3997 2385 4064 dignos
2412 4036 2426 4061 ,
2492 3995 2628 4049 alios
2690 3997 2979 4065 vituperat.
3014 3995 3147 4063 Qune
3206 4014 3422 4052 rursum

1840 4105 2095 4145 sensuum
2127 4089 2360 4142 varietas
2391 4097 2547 4142 extra
2584 4086 2751 4139 lineas
2782 4103 2906 4141 eum
2934 4088 3223 4157 proposita:
3252 4087 3424 4141 actio—

1839 4174 1924 4237 nis
1960 4182 2073 4253 (89)
2105 4182 2387 4251 pntaliitur
2414 4180 2709 4235 abduxisse
2734 4222 2748 4243 ,
2782 4180 2952 4234 veluti
2982 4197 3103 4234 cum
3140 4182 3419 4234 exclama-

1840 4274 1989 4327 tione
2027 4274 2198 4326 utitur
2232 4272 2321 4326 illa
2354 4286 2460 4342 qua
2509 4273 2585 4325 ait
2616 4287 2631 4325 :
2670 4291 2688 4322 ι
2721 4271 2843 4326 Fiat
2896 4283 3080 4325 autem
3132 4269 3247 4343 (90)
3281 4271 3423 4324 Deus

1840 4380 2030 4431 verax,
2061 4365 2239 4419 onmis
2264 4375 2444 4420 autem
2475 4365 2633 4418 homo
2661 4365 3008 4427 mendax”;i
3057 4360 3138 4415 vel
3171 4363 3336 4413 etiam
3357 4376 3419 4413 ea

1841 4470 2002 4523 quam
2029 4464 2429 4525 consequenter
2458 4454 2697 4523 adjungit
2727 4467 2849 4504 cum
2890 4451 3055 4503 dicit:
3089 4466 3107 4499 ι
3141 4447 3195 4502 Si
3236 4459 3420 4499 autem

1838 4546 2099 4615 iniquitas
2132 4556 2314 4600 nostra
2352 4546 2446 4599 Dei
2477 4544 2745 4613 justitiam
2776 4540 3144 4601 commendat,
3186 4557 3205 4590 ι
3248 4547 3304 4590 et
3332 4553 3420 4590 re-

1842 4635 2012 4703 liqua,
2050 4644 2109 4687 ut
2138 4649 2232 4703 per
2264 4636 2365 4688 hoc
2398 4636 2464 4687 de
2493 4647 2721 4687 excessu
2760 4631 2811 4683 in
2847 4630 3133 4681 excessum
3174 4626 3423 4679 videatur

1836 4726 2077 4795 elapsus.
2112 4723 2215 4778 Sed
2253 4726 2345 4793 qui
2386 4724 2664 4777 credimus
2716 4723 2765 4775 ei
2816 4718 3058 4783 dicenti,
3092 4720 3214 4788 quia
3251 4735 3269 4767 ι
3306 4717 3423 4771 ido-

1837 4831 1967 4869 neos
1996 4830 2093 4869 nos
2128 4814 2256 4868 fecit
2291 4814 2571 4868 ministros
2606 4810 2743 4866 Novi
2776 4811 3133 4876 Testamenti,
3190 4825 3295 4864 non
3331 4808 3423 4862 lit-

1842 4917 1979 4970 tera,
2013 4908 2109 4960 sed
2140 4906 2336 4975 spiritu
2373 4905 2441 4967 ³⁸,
2475 4924 2495 4958 ›
2529 4919 2746 4958 sensum
2778 4906 2897 4974 ejus
2931 4903 3100 4957 multo
3132 4902 3419 4957 celsioretn

1835 5016 1998 5071 quam
2045 5000 2291 5052 humanm
2317 4999 2451 5051 artis
2486 4998 2627 5051 ratio
2665 4998 2868 5052 habere
2896 4998 3173 5062 creditur,
3208 4995 3420 5049 iuveni-

1836 5109 1975 5147 mus.
2011 5091 2112 5147 l’er
2136 5107 2353 5147 omnem
2383 5107 2613 5160 namque
2634 5091 2794 5160 hujus
2818 5092 3068 5162 Epistulae
3088 5101 3291 5145 textum
3321 5088 3420 5140 do-

1537 5187 1653 5242 ⁸⁸ιί
1706 5189 1838 5253 Reg.
1891 5188 2077 5251 xrﬂl.

1629 5259 1674 5290 ”
1711 5257 1885 5315 lCor.
1913 5276 1987 5325 tv,
2022 5261 2076 5313 4.

2155 5187 2198 5220 ⁸⁸
2226 5189 2263 5243 ll
2285 5189 2417 5259 Reg.
2440 5204 2534 5256 xu,
2561 5188 2652 5253 l9,
2673 5188 2762 5242 24.
2841 5190 2886 5220 ⁹⁰
2913 5187 3012 5242 Job
3038 5204 3093 5259 v,
3126 5188 3219 5259 13:
3240 5185 3267 5259 l_
3289 5182 3414 5240 Cor.

2179 5259 2224 5291 ’l'
2248 5262 2265 5313 Ι
2292 5257 2417 5315 Cor.
2445 5266 2523 5325 tv,
2549 5259 2604 5313 5.
2707 5261 2754 5291 ⁸⁵
2783 5259 2928 5314 l’sal.
2968 5275 3022 5323 L,
3048 5258 3103 5313 6.
3178 5257 3225 5290 ⁸⁸
3252 5257 3414 5311 llom.

1755 5466 1802 5523 Β
1904 5425 2016 5495 (89)
2042 5425 2132 5480 Sic
2168 5433 2319 5480 recte
2348 5439 2482 5478 mss.
2514 5424 2707 5477 nostri.
2741 5423 2885 5505 βιηιί
2911 5436 3037 5476 vero
3062 5430 3116 5476 et
3144 5435 3269 5476 mss.
3297 5418 3415 5489 qui-

1836 5496 1959 5549 dam
1993 5511 2275 5549 nerueram
2304 5494 2507 5548 habent
2543 5512 2556 5547 :
2592 5513 2612 5544 ε
2651 5494 2750 5549 Οιιι
2788 5508 3003 5547 rursum
3026 5506 3281 5547 sensuum
3316 5505 3413 5547 va-

1875 5512 1901 5548 ﬂ

1912 5494 1959 5547 in
1991 5511 2275 5566 perperam
2304 5494 2507 5566 habent
2543 5512 2556 5547 :
2592 5513 2612 5544 ε
2651 5494 2750 5558 Qui
2788 5506 3281 5566 rnrsnni_sett5ttum
3316 5505 3413 5547 va-

1840 5566 2063 5620 rietates
2095 5564 2267 5619 extra
2302 5565 2474 5617 lineas
2508 5566 2798 5634 propusitm
2825 5564 3075 5632 actionis,
3108 5582 3125 5616 ι
3160 5570 3269 5619 etc.

1910 5634 2022 5707 (90)
2050 5634 2131 5688 Al.
2156 5673 2172 5700 ,
2218 5652 2237 5685 ι
2277 5648 2399 5689 cum
2440 5635 2517 5689 ait
2549 5654 2560 5688 :
2593 5635 2676 5689 Sit
2704 5646 2909 5689 autem.
2946 5652 2967 5687 ι
