3974 6206
499 5751 506 5778 l

568 275 673 336 99.3

2007 276 2328 334 ORIGENIS

3711 279 3799 337 θέι

569 412 698 453 cere
725 395 840 453 vult
863 411 986 467 qua:
1019 397 1181 451 fuerit
1205 395 1286 449 vel
1323 404 1448 450 ante
1484 398 1777 451 adventum
1827 396 2027 451 Christi
2050 413 2140 450 sa-
2175 400 2216 455 Α
2247 408 2365 463 qua!
2397 392 2633 448 diximus
2666 391 2975 448 convenire.
3009 389 3322 445 Secundum
3362 391 3458 448 hoc
3514 407 3641 448 vero
3675 401 3796 463 quoal

569 487 652 542 lus
706 489 1003 542 secundum
1035 487 1207 552 legem
1245 486 1554 541 viventibus
1588 527 1604 549 ,
1633 487 1715 542 vel
1749 487 2019 556 quomodo
2051 503 2147 557 per

574 578 876 632 Salvatoris
901 578 1215 643 adventum,
1237 592 1453 631 rursum
1482 591 1549 631 ex
1578 577 1961 633 incredulitate
1985 575 2146 630 Israel

573 669 722 722 salus
755 669 1006 739 gentibus
1037 668 1394 734 conferatur;
1434 679 1490 724 et
1536 685 1751 725 rursum
1793 670 1936 739 quod
1974 684 2148 738 neque

569 773 636 812 cx
675 758 889 828 integro
920 768 1133 828 gentes,
1167 759 1269 814 nisi
1303 775 1426 828 qua:
1443 760 1797 826 crediderint,
1823 760 2049 814 veniant
2081 760 2148 814 ad

567 849 837 916 salutem;
869 865 1046 921 neque
1066 867 1134 906 ex
1164 853 1380 924 integro
1431 853 1728 924 abjiciatur
1786 852 1951 908 Israel
1985 895 2000 918 ,
2053 852 2148 906 sed

571 961 589 991 ‹
625 940 868 1010 reliquim
898 960 918 993 ι
947 943 1288 998 credentium
1353 963 1371 996 ι
1412 945 1574 1000 salva:
1610 963 1630 998 ι
1665 944 1798 998 flant
1822 945 1890 998 ".
1924 943 1990 998 Et
2026 945 2148 999 ideo

567 1033 850 1097 confusus.
886 1043 946 1088 ut
975 1035 1112 1100 dixi,
1144 1036 1359 1092 videtur
1382 1038 1516 1091 ordo
1547 1037 1783 1100 dicendi,
1821 1037 1946 1090 dum
1969 1037 2148 1090 diver-

565 1122 763 1176 sitates
793 1124 1128 1179 credentium
1153 1135 1210 1182 et
1238 1141 1345 1180 non
1375 1126 1718 1181 credentium
1753 1127 1926 1196 partis
1948 1127 2148 1181 utrius-

567 1232 674 1283 que
695 1219 1070 1287 prosequitur.
1120 1219 1178 1275 In
1225 1219 1428 1284 quibus
1467 1222 1781 1275 necessario
1833 1234 2146 1276 sermonem

567 1309 842 1362 convertit
862 1319 920 1366 et
940 1312 1008 1368 ad
1027 1309 1195 1366 Deum
1215 1317 1279 1366 ut
1299 1311 1353 1365 in
1380 1310 1465 1366 his
1515 1311 1772 1366 omnibus
1815 1311 2148 1380 assumptio-

569 1415 696 1453 num
743 1399 1223 1470 repulsionumque
1268 1401 1614 1470 differentiis,
1671 1419 1800 1460 vera
1831 1405 2054 1474 quidem
2089 1414 2147 1459 et

537 1487 709 1562 ,justa
739 1489 830 1543 Dei
865 1489 1060 1544 doceat
1082 1503 1208 1545 esse
1225 1489 1452 1560 judicia,
1488 1493 1720 1548 multum
1749 1503 1930 1548 autem
1965 1495 2018 1549 in
2047 1494 2150 1549 ho-

568 1572 812 1629 minibus
833 1575 1114 1631 abundare
1141 1579 1408 1635 mendacii
1440 1567 1550 1647 °;et
1590 1583 1714 1637 ideo
1752 1583 1885 1637 dicit
1913 1601 1926 1637 :
1977 1601 1996 1635 ι
2028 1583 2149 1639 Fiat

568 1672 748 1718 autem
776 1665 916 1720 Deus
949 1679 1116 1722 verax
1144 1707 1162 1735 ,
1223 1669 1405 1724 omnis
1437 1682 1620 1728 autem
1664 1673 1824 1729 homo
1854 1675 2082 1728 mendax
2123 1692 2140 1741 ;

2251 483 2304 536 in
2343 482 2553 537 Latinis
2605 480 3034 549 exetuplaribus,
3076 491 3133 534 ct
3189 481 3463 537 nonnullis
3513 481 3797 539 Graecorum

2249 575 2596 628 invenimus;
2638 591 2658 625 ι
2691 571 2947 642 Nunquid
3005 572 3224 641 iniquus
3285 572 3464 638 Deus,
3512 575 3608 644 qui
3662 575 3800 630 infert

2248 667 2420 721 iram?
2456 664 2770 719 Secundum
2802 665 3079 718 hominem
3104 662 3212 718 dic.
3275 663 3464 728 Absit;
3511 683 3533 717 ι
3566 667 3638 720 ita
3667 665 3796 720 intelv

2247 755 2522 826 ligendum
2566 755 2803 810 videtur.
2831 752 2945 808 lloc
2979 753 3124 822 quod
3157 753 3356 808 dicitur
3388 772 3407 804 ι
3444 754 3660 823 iniquus
3683 754 3797 810 Deus

2247 850 2338 918 qui
2369 848 2536 903 infert
2590 849 2749 914 iram,
2802 867 2822 900 ι
2874 862 2972 918 pro
3002 862 3070 902 eo
3100 848 3245 917 quod
3274 865 3293 898 ι
3334 847 3604 917 injustitia
3642 863 3794 904 nostra

2241 937 2508 1006 justitiam
2536 939 2632 994 Dei
2671 939 3046 1002 commendat,
3087 957 3106 990 ι
3144 953 3249 992 non
3287 939 3590 993 secundum
3619 940 3792 1007 Deum,

2247 1042 2422 1097 neque
2455 1028 2758 1083 secundum
2802 1028 3132 1098 sapientiam
3167 1028 3261 1083 Dei
3295 1029 3532 1096 dicitur,
3559 1031 3652 1084 sed
3682 1050 3699 1082 ι
3725 1049 3792 1087 se-

2247 1118 2480 1173 cundum
2511 1119 2812 1186 hominem,
2833 1138 2851 1172 ι
2885 1129 2939 1175 et
2963 1119 3266 1174 secundum
3305 1119 3409 1174 hoc
3457 1120 3605 1190 quod
3635 1122 3794 1176 dicitur

2253 1227 2271 1261 ι
2299 1211 2477 1264 omnis
2524 1209 2689 1266 homo
2742 1210 2978 1264 mendax
3021 1213 3064 1263 ².
3099 1229 3118 1262 ι
3178 1209 3305 1265 Haec
3355 1219 3541 1265 autem
3602 1213 3790 1269 diximus

2245 1299 2421 1369 ipsum
2463 1301 2643 1355 adhuc
2666 1301 2916 1356 ordinem
2952 1316 3268 1356 sermonum
3303 1310 3360 1356 et
3386 1302 3662 1357 dictorum
3689 1319 3792 1360 eau-

2243 1393 2591 1461 sequentiam
2619 1401 3054 1463 per-tractantes,
3077 1402 3144 1447 ut
3171 1393 3371 1448 divisio
3395 1394 3515 1463 ipsa
3541 1396 3788 1450 verberat

2245 1483 2572 1550 apertiorem
2607 1485 2768 1539 nobis
2819 1483 3024 1538 faceret
3089 1485 3434 1555 intelligendi
3479 1485 3640 1539 viam.
3668 1485 3790 1540 Nunc

2245 1588 2379 1628 vero
2413 1575 2524 1644 jam
2550 1575 2730 1644 qualis
2774 1576 2827 1630 in
2852 1575 2938 1631 his
2977 1575 3325 1631 sermonibus
3347 1575 3618 1631 habeatur
3634 1593 3788 1632 sensus

2247 1666 2548 1720 secundum
2610 1667 2984 1738 dignationem
3046 1667 3407 1737 apostolicam
3469 1671 3786 1739 requiramus.

567 1757 710 1810 s'cut
764 1757 1030 1826 scriptum
1065 1768 1193 1816 est:
1229 1759 1301 1816 Ut
1341 1760 1664 1828 justiﬁeerls
1698 1764 1751 1819 in
1799 1766 2139 1822 sermonibus

2251 1754 2443 1810 Omnis
2471 1755 2760 1827 disciplina
2805 1773 2873 1813 ex
2921 1759 3224 1828 prosperis,
3252 1768 3307 1814 et
3350 1775 3421 1814 es
3456 1761 3701 1825 adversis,
3726 1765 3786 1814 rei

569 1847 696 1910 tuis,
725 1855 782 1901 et
814 1848 1002 1905 vincas
1035 1865 1157 1906 cum
1199 1851 1464 1920 iudicaris
1489 1856 1531 1922 ¹,
1567 1872 1587 1907 ι
1639 1854 1707 1910 de
1735 1857 1937 1926 quibus
1983 1868 2146 1928 prout

562 1935 841 2004 potuimus
875 1939 930 1994 in
971 1944 1346 2012 superioribus
1400 1946 1659 2002 diximus.
1709 1947 1790 2004 Ad
1846 1950 1963 2005 haec
2011 1965 2145 2021 ergo

566 2041 711 2082 nunc
743 2028 930 2085 videns
961 2047 1121 2101 posse
1149 2035 1251 2090 sibi
1283 2051 1315 2092 c
1360 2039 1638 2094 contrario
1659 2041 1954 2097 verisimile
1979 2042 2142 2114 ohjici

565 2117 692 2184 quia
721 2119 766 2172 si
793 2129 850 2174 ut
883 2121 1026 2180 Deus
1078 2140 1242 2182 verax
1269 2128 1362 2190 sit.
1397 2131 1712 2187 mendacem
1757 2147 1882 2189 esse
1922 2148 2142 2190 omnem

566 2208 837 2265 hominem
867 2227 1091 2270 necesse
1115 2225 1224 2284 est,
1276 2228 1330 2273 et
1363 2220 1409 2274 si
1457 2221 1670 2291 justitia
1702 2223 1798 2278 Dei
1837 2241 1932 2295 per
1964 2226 2142 2282 homi-

566 2313 695 2354 num
730 2300 1051 2369 injustitiam
1077 2311 1528 2380 commendatur,
1588 2313 1821 2382 iujustus
1874 2316 2144 2372 videbitur

563 2389 728 2458 Dens,
765 2393 856 2462 qui
881 2393 1018 2449 iram
1049 2397 1367 2454 hominibus
1396 2401 1616 2467 inferat,
1647 2417 1770 2459 cum
1824 2421 1922 2476 per
1973 2408 2145 2462 homi-

563 2496 693 2535 num
729 2483 1046 2553 injustitiam
1081 2504 1234 2544 suam
1260 2491 1532 2561 justitiam
1584 2495 1763 2550 videat
1800 2501 2138 2568 approbari:

564 2569 610 2623 si
651 2572 798 2626 enim
828 2585 1034 2641 nostra,
1068 2580 1170 2634 hoc
1198 2592 1304 2647 est,
1338 2583 1614 2639 hominum
1645 2587 1904 2656 injustitia
1940 2591 2031 2646 Dei
2054 2591 2142 2660 ju-

561 2663 766 2718 stitiam
801 2670 1167 2735 commendat,
1202 2687 1307 2726 non
1339 2675 1528 2744 utique
1558 2691 1717 2745 paena
1767 2681 1914 2750 digni
1965 2684 2142 2740 homi-

561 2771 660 2810 nes
685 2756 1015 2816 videbuntur
1044 2780 1141 2834 per
1168 2781 1304 2836 quos
1323 2767 1538 2837 justitia
1571 2769 1662 2826 Dei
1683 2772 2019 2841 probabilior
2039 2778 2141 2834 ha-

563 2845 721 2898 betur
745 2854 800 2900 et
831 2847 1032 2905 clarior
1061 2869 1075 2905 :
1107 2855 1213 2909 Sed
1245 2857 1410 2923 absit,
1449 2859 1646 2929 inquit,
1676 2870 1734 2916 ut
1762 2863 1861 2918 hoc
1894 2865 1966 2919 ita
2001 2869 2140 2924 reci-

560 2937 793 3004 piamus,
825 2939 1069 3014 iniquum
1099 2945 1271 3002 videri
1305 2949 1474 3006 Deum
1500 2953 1592 3020 qui
1626 2953 1848 3009 inducat
1878 2955 2016 3010 iram
2045 2958 2144 3012 ad-

563 3037 778 3115 versum
812 3027 1083 3088 homines.
1105 3033 1388 3102 Quomodo
1413 3041 1560 3096 enim
1590 3042 1830 3113 injustas
1861 3046 2142 3115 putabitur

561 3114 654 3185 qui
679 3115 888 3186 judicat
918 3124 1200 3196 mundum,
1235 3143 1358 3184 cum
1398 3131 1516 3200 ipso
1547 3134 1770 3189 nomine
1793 3114 1993 3205 jodicis
2026 3139 2137 3208 (91)

558 3208 882 3300 ostendatur
909 3210 1042 3268 nihil
1074 3215 1194 3271 sine
1217 3217 1423 3285 judicio
1447 3221 1668 3277 facere?
1722 3224 1824 3280 Ubi
1850 3238 2028 3282 autem
2060 3228 2142 3300 ju-

559 3295 760 3352 dicium
792 3310 897 3365 est,
923 3314 1140 3362 constat
1170 3322 1292 3364 esse
1323 3310 1620 3380 justitiam.
1660 3314 1705 3369 A
1733 3315 1944 3385 justitia
1974 3295 2135 3374 nam-

557 3402 667 3456 que
691 3396 745 3443 et
768 3390 936 3458 judex
972 3396 1303 3466 etjudicinm
1340 3402 1678 3460 nominatur.
1707 3404 1764 3460 Si
1793 3420 1944 3474 ergo,
1975 3419 2030 3464 ut
2057 3409 2141 3464 in-

555 3476 686 3547 justi
713 3479 845 3552 (92),
887 3486 1082 3555 inquit,
1120 3487 1278 3559 502
1321 3507 1422 3547 nos
1448 3491 1730 3552 afﬁrmare
1778 3500 2092 3570 contingunt
2121 3542 2136 3567 ,

561 3587 582 3618 ι
617 3572 818 3628 veritas
850 3575 947 3631 Dei
981 3577 1033 3631 in
1060 3594 1181 3635 meo
1221 3583 1506 3639 mendacio
1535 3585 1853 3654 abundavit,
1893 3609 1913 3642 ι
1944 3607 2136 3662 super.

557 3661 665 3716 tino
711 3681 730 3715 ι
773 3679 872 3734 ego
921 3679 1180 3740 tanquam
1240 3685 1502 3744 peccator
1527 3679 1772 3748 judicor.
1802 3700 1820 3732 ι
1866 3682 1970 3738 Sed
2007 3686 2138 3742 illud

559 3755 1032 3846 inagisvidchitur
1059 3762 1112 3816 in
1144 3779 1252 3834 quo
1285 3766 1663 3838 blasphemant
1715 3787 1812 3826 nos
1842 3814 1857 3840 ,
1919 3774 2095 3844 inquit
2118 3818 2134 3846 ,

555 3844 713 3909 quasi
742 3845 846 3901 hoc
877 3849 1161 3907 videamur
1190 3855 1373 3912 dicere
1400 3899 1415 3926 ,
1448 3866 1505 3914 ut
1527 3874 1572 3914 si
1603 3861 1802 3918 veritas
1838 3863 1930 3918 Dei
1962 3866 2013 3920 in
2050 3844 2141 3922 ho-

560 3935 770 3988 niinum
805 3942 1092 3996 mendacio
1121 3948 1292 4016 magis
1343 3951 1677 4016 ostenditur,
1705 3963 1756 4008 et
1781 3954 1995 4024 justitia
2023 3958 2138 4025 ejus

557 4039 652 4087 ιιι-ι·
675 4026 953 4082 hominum
1004 4032 1322 4101 injuStitiam
1340 4045 1749 4111 comprobatur,
1771 4065 1790 4097 ι
1817 4047 2132 4106 Faciamus»

558 4128 690 4182 ergo
718 4131 814 4170 nos
850 4135 869 4168 ι
901 4121 1062 4187 mala,
1093 4133 1152 4178 ut
1190 4145 1208 4178 ι
1242 4144 1306 4182 ex
1355 4133 1512 4188 malis
1551 4153 1570 4186 ι
1613 4137 1869 4191 eveniant
1900 4139 2079 4206 bona;
2113 4160 2131 4194 ι

557 4216 612 4258 et
638 4207 966 4264 mentiamur
989 4227 1108 4277 nos,
1143 4224 1201 4268 ut
1224 4230 1291 4270 es
1319 4229 1510 4275 nostro
1539 4225 1822 4280 mendacio
1855 4227 1950 4282 Dei
1997 4231 2137 4285 veri-

555 4307 640 4352 tas
673 4298 957 4356 clarescat.
987 4303 1092 4360 Sed
1133 4306 1247 4362 haec
1278 4309 1496 4379 quidem
1531 4315 1598 4368 de
1632 4314 1789 4370 nobis
1821 4317 2138 4390 contingunt

2167 3096 2209 3157 C

2248 1847 2539 1901 contrariis
2556 1857 2794 1903 constat.
2815 1845 2977 1904 Verbi
3007 1848 3213 1918 gratia:
3253 1849 3532 1904 medicina
3550 1851 3787 1906 scientiam

2249 1952 2356 1991 non
2387 1937 2562 1992 solum
2621 1939 2900 2004 sanitatis,
2947 1941 3124 1995 sedet
3181 1939 3460 2010 languoris
3509 1943 3786 2012 proﬁtetur:

2246 2038 2298 2082 et
2327 2030 2574 2098 quamvis
2607 2029 2863 2085 sanitatis
2903 2031 3142 2085 studium
3171 2041 3364 2102 gerat,
3411 2048 3525 2087 non
3564 2045 3715 2103 potest
3730 2049 3789 2090 la-

2250 2136 2370 2174 men
2407 2125 2620 2177 nescire
2652 2137 2770 2192 quae
2813 2122 3087 2192 languoris
3114 2135 3262 2182 sunt.
3317 2124 3591 2181 Similiter
3616 2139 3666 2182 et
3687 2144 3784 2198 pru-

2247 2212 2426 2266 dentia
2461 2228 2556 2283 per
2582 2213 2708 2268 boni
2747 2223 2802 2268 et
2827 2214 2954 2268 mali
2980 2215 3264 2270 scientiam
3301 2229 3525 2273 constat
3559 2239 3572 2274 :
3603 2231 3652 2275 et
3676 2230 3782 2274 tem-

2246 2305 2495 2371 perantia
2522 2320 2645 2375 que
2677 2305 2924 2376 eligenda
2958 2312 3013 2358 et
3041 2320 3160 2374 quae
3188 2309 3427 2361 cavenda
3465 2313 3600 2374 sint,
3632 2313 3781 2365 novit:

2245 2403 2300 2448 et
2337 2394 2602 2451 fortitudo
2630 2412 2737 2452 non
2772 2399 2987 2466 ignorat
3030 2413 3151 2466 qua:
3208 2398 3274 2453 ad
3309 2398 3650 2456 formidinem
3692 2419 3784 2470 spe-

2245 2488 2418 2538 ctant.
2443 2480 2517 2538 Ita
2537 2486 2830 2556 ctjustitia.
2856 2486 2912 2540 Si
2939 2486 3081 2541 scire
3115 2486 3366 2543 volumus
3397 2491 3534 2559 quid
3565 2503 3636 2545 est
3661 2491 3782 2558 justi-

2247 2573 2338 2641 tia,
2366 2589 2585 2630 necesse
2610 2586 2693 2630 est
2717 2572 2828 2648 (94)
2849 2591 2947 2630 nos
2969 2577 3249 2649 scirequid
3274 2590 3355 2633 est
3377 2581 3665 2650 injustitia:
3689 2599 3779 2636 cuin

2244 2671 2421 2719 autem
2457 2666 2670 2732 plenam
2701 2667 2984 2720 scientiam
3035 2668 3315 2738 injustitia:
3354 2675 3678 2743 ceperimus,
3727 2691 3777 2727 ex

2245 2753 2360 2825 ipsa
2393 2770 2513 2826 qua:
2537 2758 2610 2812 sit
2635 2757 2799 2812 etiam
2827 2756 3040 2827 justitia
3071 2775 3466 2831 cognoscemus
3493 2781 3511 2818 :
3537 2780 3646 2818 cum
3667 2765 3778 2819 enim

2244 2848 2501 2902 claruerit
2563 2850 2693 2920 quid
2753 2850 2826 2906 sit
2871 2854 3132 2923 injustam
3162 2894 3178 2918 ,
3238 2870 3639 2924 consequenter
3684 2857 3779 2923 quid

2242 2940 2408 2994 etiam
2436 2939 2644 3008 justum
2677 2943 2748 2998 sit
2784 2947 3087 3016 apparebit.
3120 2947 3185 3001 Et
3227 2949 3493 3015 quoniam
3526 2948 3710 3016 justitia
3740 2948 3778 3000 in

2246 3030 2354 3088 Deo
2385 3042 2490 3098 est,
2524 3034 2682 3104 cujus
2707 3047 2898 3090 natura
2933 3037 3172 3093 humano
3192 3040 3375 3094 sensui
3405 3040 3670 3096 inaccessa
3691 3049 3778 3093 est:

2244 3124 2512 3193 injustitia
2544 3140 2676 3182 vero
2724 3129 2777 3182 in
2832 3129 2990 3186 nobis
3023 3131 3335 3186 hominibus
3363 3171 3381 3197 ,
3429 3131 3523 3187 vel
3550 3134 3692 3187 etiam
3736 3133 3777 3184 in

2243 3228 2568 3284 unaquaque
2597 3216 2907 3272 rationabili
2930 3229 3181 3274 creatura
3207 3219 3472 3285 habetur;
3510 3236 3576 3277 ex
3600 3220 3686 3274 hac
3704 3235 3778 3275 no-

2243 3315 2359 3361 stra
2403 3305 2669 3376 injustitia
2696 3323 2817 3378 qua:
2856 3310 3014 3365 nobis
3065 3320 3191 3365 nota
3242 3320 3347 3376 est,
3385 3313 3476 3366 illa
3521 3327 3632 3384 qua:
3657 3310 3776 3366 nobis

2244 3397 2390 3452 velut
2420 3398 2699 3453 inaccessa
2735 3408 2838 3464 est.
2872 3409 2929 3456 et
2956 3401 3531 3471 incomprehensibilis
3554 3444 3569 3469 ,
3609 3402 3688 3456 Dei
3708 3402 3774 3471 ju-

2241 3488 2390 3544 stitia
2419 3489 2531 3560 (95)
2560 3492 2930 3561 cognoscitur,
2964 3504 3019 3547 et
3041 3494 3479 3559 commendatur,
3509 3506 3563 3551 et
3591 3495 3707 3548 velut
3722 3509 3772 3546 et

2242 3583 2521 3635 contrario
2549 3583 2888 3636 contrarium
2937 3585 3205 3652 proditur.
3261 3584 3429 3640 Natat
3461 3587 3623 3658 igitur
3669 3599 3769 3654 apo-

2242 3672 2416 3726 stolus
2451 3671 2650 3728 Paulus
2675 3673 3002 3745 imperitiam
3036 3674 3148 3742 (96)
3182 3691 3404 3744 eorum,
3439 3679 3536 3748 qui
3569 3680 3771 3732 inconse-

2241 3774 2498 3834 quentcm
2528 3763 2792 3833 objiciunt
2840 3766 3197 3836 quaestionem
3227 3806 3245 3831 ,
3287 3777 3546 3837 putantes
3573 3769 3768 3836 iniquum

2239 3869 2359 3910 esse
2394 3857 2560 3909 Deum
2597 3857 2686 3925 qui
2717 3857 2852 3910 iram
2881 3859 2934 3910 in
2976 3858 3288 3912 hominibus
3314 3861 3576 3925 inducat,
3604 3873 3685 3928 pro
3718 3870 3767 3908 eo

2240 3947 2382 4017 quod
2409 3946 2622 4016 justitia
2654 3947 2772 4018 ejus
2795 3963 2862 4002 ex
2907 3958 3093 4002 nostra
3121 3950 3332 4019 justitia
3364 3953 3764 4005 commendetur:

2241 4039 2554 4107 ignorantes
2584 4049 2766 4094 autem
2798 4055 2902 4094 non
2926 4051 3272 4110 peccatorqu
3311 4053 3611 4096 nostrorum
3640 4043 3766 4094 bene-

2242 4130 2385 4193 ﬁcio,
2416 4132 2509 4184 sed
2543 4131 2710 4200 ipsius
2743 4131 2971 4185 rationis
3009 4132 3122 4186 fieri
3154 4135 3572 4201 consequentia,
3594 4142 3761 4185 utcon-

2239 4221 2411 4276 traria
2447 4237 2510 4276 ex
2550 4223 2840 4276 contrariis
2880 4222 3274 4293 approbentur.
3313 4222 3438 4278 Ideo
3469 4239 3591 4294 ergo
3617 4220 3762 4274 sicili-

2240 4314 2314 4367 cit
2338 4312 2628 4382 Apostolus
2660 4331 2673 4367 :
2703 4330 2724 4364 ι
2759 4311 2815 4367 Si
2845 4322 3027 4368 autem
3075 4312 3336 4381 injustitia
3366 4325 3546 4369 nostra
3591 4313 3666 4368 Dei
3687 4310 3758 4379 ju-

555 4391 997 4460 blasphemantes
1027 4413 1146 4463 nos,
1173 4402 1315 4470 quod
1339 4403 1494 4472 quasi
1520 4420 1587 4460 ex
1618 4406 1785 4475 ipsius
1809 4413 2132 4470 assertionis
2164 4435 2209 4491 ι)
2244 4403 2452 4459 ειίιῖίιηι
2490 4405 2836 4459 commend“
2863 4443 2877 4468 ν
2921 4406 3050 4474 quid
3097 4406 3385 4460 dicemus?
3425 4405 3652 4476 Nunquid
3681 4400 3758 4454 ini‘

556 4492 757 4537 nostra!
794 4485 913 4558 (93)
948 4494 1338 4560 consequentia
1365 4498 1479 4550 haec
1516 4496 1619 4551 dici
1657 4497 1738 4551 vel
1770 4504 2026 4570 consequi
2057 4506 2131 4558 vi-

548 4573 804 4631 dcantur.
850 4578 1002 4646 Quod
1046 4583 1184 4639 ratio
1235 4585 1510 4654 dogmatis
1559 4589 1730 4643 nostri
1761 4592 1986 4646 omnino
2020 4611 2125 4650 non

551 4663 765 4734 recipit,
795 4668 885 4734 qui
923 4669 1132 4739 justum
1159 4681 1211 4728 et
1261 4689 1448 4728 verum
1487 4675 1840 4746 intelligimus
1883 4678 2127 4748 judicent

549 4753 742 4810 Deum.
785 4757 1081 4816 Sciendum
1131 4777 1264 4819 sane
1305 4775 1388 4819 est
1423 4804 1438 4828 .
1497 4769 1640 4836 quod
1694 4769 1746 4822 in
1797 4770 2125 4839 quibusdam

543 4845 711 4899 etiam
741 4845 948 4904 Graecis
979 4855 1384 4922 exemplaribus
1407 4857 1486 4912 sic
1515 4859 1791 4914 invenitur
1821 4879 1835 4914 :
1895 4880 1914 4912 ‹
1980 4861 2128 4916 Nun-

543 4937 672 5006 quid
708 4939 926 5009 iniquus
959 4943 1117 5010 Deus,
1147 4946 1235 5015 qui
1271 4946 1436 5001 infert
1466 4949 1600 5003 iram
1646 4951 1930 5006 adversmn
1959 4952 2132 5006 humi-

547 5043 644 5082 ncs
665 5029 718 5083 ἲ»
755 5031 821 5088 Et
851 5035 1025 5106 magis
1046 5038 1344 5094 secundum
1363 5041 1526 5110 ,hunc
1556 5058 1774 5098 sensum
1810 5043 2132 5100 videbuntur

612 5193 662 5228 -"
689 5193 854 5252 Rom.
891 5210 970 5264 ιιι,
998 5197 1094 5252 27.

618 5335 731 5413 (lli)
758 5337 846 5413 ΑΙ.
869 5377 884 5402 ,
918 5355 939 5390 ι
974 5354 1096 5413 eum
1133 5341 1186 5396 in
1220 5341 1336 5412 ipso
1368 5343 1586 5399 nomine
1609 5344 1819 5413 judicii.
1863 5365 1882 5399 ι

756 5406 886 5484 diss.
917 5411 1136 5484 quidam
1159 5405 1366 5484 ctiediti
1399 5405 1680 5484 perperam
1713 5417 2119 5484 habent,dsti.r

618 5477 732 5543 (95)
766 5477 999 5534 Nostris.
1032 5483 1190 5538 Deest
1224 5483 1276 5536 in
1301 5477 1464 5538 antea
1497 5477 1678 5540 editis.

621 5545 732 5614 (9i)
760 5548 846 5600 ΑΙ.
869 5589 885 5615 ,
921 5567 940 5600 ι
975 5550 1050 5604 Ita
1083 5553 1208 5609 etsi
1252 5554 1520 5624 justitiam
1552 5557 1694 5611 scire
1723 5557 1992 5624 volumus,
2029 5573 2124 5616 ne-

543 5628 702 5671 cesse
735 5625 838 5676 08',
873 5637 892 5668 Ι
937 5631 1044 5672 CIC.

615 5683 734 5757 (95)
763 5683 941 5740 latin:
983 5705 998 5739 ι
1041 5691 1193 5748 nobis
1228 5693 1308 5749 vel
1358 5696 1638 5753 inaccessa
1664 5707 1770 5768 est,
1799 5699 1882 5756 vel
1916 5699 2120 5757 incom-

1173 5199 1189 5230 ¹
1217 5199 1376 5256 Rom.
1397 5215 1482 5267 HI,
1515 5202 1583 5264 ις
1612 5201 1757 5258 Psal.
1789 5219 1842 5270 ι,
1881 5203 1934 5258 6.
2013 5205 2033 5236 ³
2059 5203 2202 5262 Psal.

2239 4512 2378 4567 quus
2416 4495 2578 4559 Deus,
2613 4496 2705 4565 qui
2757 4495 2924 4551 infert
2974 4497 3148 4551 iram?
3192 4498 3500 4552 Secundum
3535 4496 3754 4553 hominem

2236 4589 2379 4644 dico.
2411 4589 2588 4644 Absit.
2622 4588 2874 4659 Alioquin
2898 4589 3170 4659 quomodo
3193 4590 3460 4660 judicabit
3485 4592 3608 4646 Deus
3632 4600 3753 4641 mun-

2235 4680 2362 4732 dum
2387 4681 2407 4711 ⁸
2429 4681 2452 4734 ‘I
2476 4698 2496 4732 ι
2529 4679 2648 4735 Νοιι
2681 4683 2876 4752 ergojn
2909 4681 3010 4736 huc
3029 4681 3244 4750 iniquus
3265 4684 3588 4754 approbatur
3607 4681 3715 4734 Deus
3735 4712 3748 4738 ι

2233 4772 2278 4825 si
2313 4771 2613 4842 disciplinae
2648 4775 2784 4828 ratio
2812 4773 2923 4844 (97)
2952 4773 3229 4828 contraria
3277 4791 3345 4829 ex
3376 4774 3641 4830 contrariis
3677 4780 3746 4833 ap-

2233 4863 2447 4931 probat,
2477 4873 2533 4917 ct
2563 4879 2625 4917 ex
2657 4863 2921 4933 injustitia
2965 4864 3237 4935 justitiam
3292 4866 3645 4921 commendat:
3674 4855 3744 4912 sed

2235 4968 2357 5008 cum
2406 4955 2552 5008 omni
2616 4957 3006 5026 consequentia
3066 4957 3226 5025 digne
3258 4950 3742 5027 meritoqucinillli“

2236 5055 2400 5101 estet
2433 5047 2761 5102 adversatur
2791 5048 2906 5123 (98)
2937 5048 3217 5120 injustitia:
3243 5049 3475 5120 justitia,
3507 5048 3628 5104 sicut
3665 5040 3742 5096 ini.

2230 5221 2354 5273 cxv,
2390 5206 2476 5262 ll.
2555 5208 2576 5240 ³
2612 5208 2766 5264 Rom.
2801 5225 2886 5277 ιιι,
2925 5211 2981 5278 5,
3006 5211 3058 5265 6.

2230 5352 2622 5426 prehensibilis
2648 5351 2741 5426 Dei
2775 5355 3012 5426 justitia,
3039 5375 3061 5410 ι
3092 5365 3200 5412 etc.

2447 5423 2534 5478 Al.
2563 5465 2578 5488 ,
2613 5442 2632 5476 ι
2661 5422 2940 5496 injui‘iam.
2973 5444 2994 5479 ι

2322 5494 2410 5558 97)
2437 5495 2611 5559 Alias,
2638 5514 2657 5547 ι
2696 5494 2927 5553 ratione.
2967 5515 2986 5550 ι

2324 5563 2414 5634 98)
2449 5563 2590 5619 Editi
2617 5604 2633 5629 ,
2673 5582 2692 5616 ι
2722 5566 2883 5638 digne
2911 5567 3124 5638 merito,
3158 5568 3285 5640 quia
3321 5565 3527 5625 inimica
3547 5566 3615 5618 est
3644 5563 3734 5622 '1“

2230 5633 2566 5712 adversatur,
2601 5652 2619 5688 ι
2657 5645 2764 5692 etc.

3881 5543 3883 5623 ι

3877 5627 3881 5754 i

3875 5759 3879 5851 4

3873 5879 3877 5965 4
