3974 6206
565 229 684 328 ’927
2067 253 2394 312 ontcmts
3691 259 3780 314 933,

576 396 861 450 innumera
908 393 1182 449 volumina
1233 391 1578 459 digeruntur.
1609 388 1715 444 Sed
1752 388 1965 442 intuere
2003 399 2146 440 nunc
2184 387 2232 444 Α
2262 374 2621 440 intellexerit,
2646 387 2750 427 non
2781 372 2969 443 utique
3002 371 3134 426 dicit
3165 371 3290 426 iliml
3332 373 3471 442 quod
3524 372 3573 427 in
3617 391 3770 434 consc-

575 485 846 552 quumodo
873 485 918 539 is
943 484 1038 554 qui
1063 482 1348 536 veritatem
1389 479 1481 534 Dei
1521 479 1786 543 defendit,
1831 486 1886 532 et
1929 477 2022 545 qui
2060 493 2144 532 se-

2253 468 2548 538 quentibus
2570 467 2732 521 stulta
2763 465 3071 534 objectionc
3101 466 3377 534 profertur
3405 485 3417 520 :
3445 484 3463 519 ι
3488 467 3614 534 Quid
3631 474 3767 528 adhuc

573 575 810 628 cundum
843 573 1147 639 Christum,
1189 571 1283 642 qui
1323 581 1406 626 est
1449 571 1543 626 Dei
1593 571 1799 626 veritas
1836 580 1890 625 et
1935 569 2027 624 Dei
2063 585 2152 625 sa-
2252 568 2306 614 et
2334 572 2434 626 ego
2467 566 2722 626 ιιιηιιιιληι
2759 565 3017 625 Ρεοεθίοτ
3041 554 3255 622 Ῐ¹¹¹¹ἷε⁰¹⁹
3279 557 3324 588 ’³
3354 556 3378 610 τ
3408 575 3427 607 ³
3467 558 3554 612 δειί
3584 559 3768 618 atlit-"lit

575 665 785 732 pientia
821 665 885 730 ¹⁷,
931 663 1292 732 philosophus
1339 673 1442 725 est,
1497 663 1656 717 docet
1703 662 1950 718 homines
1997 677 2147 715 sumo
2251 649 2447 703 ηιετῖῑο
2476 663 2537 702 ⁸ο
2571 647 2948 714 indicandum.
2997 646 3041 698 Si
3091 653 3409 712 ilcrlll‘l“eat
3451 646 3501 700 lu
3537 651 3765 705 meudacio

571 770 717 807 mum
754 753 954 807 bonttm
984 770 1108 810 esse
1133 755 1299 808 vitam
1325 764 1618 807 aeternam:
1645 754 1784 807 banc
1815 761 1996 805 autem
2025 764 2140 806 esse

2252 739 2531 793 hominum
2557 756 2570 792 :
2599 748 2653 792 et
2687 737 2779 808 qni
2807 737 3102 791 secundum
3133 751 3195 790 ea
3227 752 3350 806 quze
3381 753 3539 807 supra
3563 743 3764 808 exposui-

569 853 829 901 :etcrnatn
867 847 1058 914 vitam,
1098 858 1157 900 ut
1185 854 1518 917 cognoscant
1551 845 1801 898 homines
1842 857 2008 896 unum
2054 858 2148 897 εο..
2251 845 2370 886 mus
2398 845 2461 884 ex
2499 829 2588 883 Dei
2620 829 2850 882 veritate
2879 828 3168 881 convictus
3197 841 3413 882 errasse
3447 843 3504 882 se
3527 831 3684 889 sentit,
3715 834 3764 885 ab

568 935 678 990 lum
700 952 886 991 verum
911 937 1102 1002 Deum,
1123 947 1176 994 et
1194 937 1392 991 Filium
1416 935 1532 1004 ejus
1553 935 1735 989 .lesum
1768 934 2048 989 Christum
2071 933 2137 988 ¹⁸ε

2250 935 2435 976 errore
2462 933 2762 976 conversus
2789 917 2958 972 Deum
2990 932 3178 973 verum
3212 919 3396 988 agnita
3432 921 3642 974 veritate
3679 923 3761 990 glo-

566 1033 624 1078 et
656 1028 927 1096 quomodo
955 1043 1077 1082 cunt
1108 1027 1257 1080 omni
1293 1026 1492 1082 fiducia
1526 1024 1919 1095 providentiam
1952 1023 2040 1076 Dei
2062 1039 2148 1077 as-
2251 1009 2450 1078 l'lllcal.
2483 1025 2582 1066 “Cc
2611 1009 2954 1078 blaspllemal
2982 1007 3127 1062 “ll”
3165 1021 3260 1062 903
3293 1009 3385 1077 (ἰυῖ
3423 1011 3685 1078 ντωαίοαιιι
3706 1012 3760 1080 (⁷)

566 1127 736 1184 εει-ιη,
770 1134 892 1185 qua,
926 1118 1101 1174 dicit:
1151 1137 1171 1170 ε
1204 1118 1395 1172 Nonne
1439 1117 1544 1171 (ιιιο
1593 1130 1843 1185 passeres
1896 1129 2017 1169 asse
2051 1129 2145 1169 ve.
2249 1104 2558 1167 veritatem,
2583 1111 2840 1171 tanquam
2871 1102 3115 1155 dicentes
3145 1117 3159 1154 :
3195 1117 3214 1152 ι
3261 1099 3546 1155 Faciamus
3575 1101 3686 1155 mala
3720 1115 3759 1155 ut

564 1220 756 1273 ιιεειιηι⁹
798 1217 851 1261 ει
877 1223 1017 1262 unus
1064 1223 1131 1262 ex
1179 1207 1312 1278 ipsis
1365 1222 1473 1261 non
1521 1206 1666 1260 cadit
1700 1204 1752 1258 in
1788 1215 1987 1258 terram
2029 1195 2168 1258 εἰπε
2250 1196 2473 1250 veniant
2511 1194 2654 1249 bona
2677 1193 2746 1259 ⁸³,
2785 1211 2802 1244 ι
2846 1193 3027 1248 sciens
3056 1194 3110 1248 in
3139 1193 3243 1247 hoc
3280 1193 3446 1247 verbo
3474 1194 3650 1263 justam
3669 1210 3753 1249 esse

563 1295 743 1352 palris
770 1299 1052 1354 νοιυηιεηθ
1091 1300 1180 1354 ηρ
1225 1319 1244 1352 ,
1295 1309 1351 1376 ει
1391 1297 1519 1368 quia
1565 1297 1680 1365 ipse
1711 1314 1731 1347 ι
1768 1296 1938 1348 solent
1985 1311 2142 1348 suum
2247 1286 2676 1356 blasphemantis
2711 1284 3138 1339 damnationem.
3174 1283 3577 1340 Observandum
3601 1299 3758 1354 quoque

562 1389 698 1443 oriri
723 1387 878 1454 jubet
911 1406 1077 1459 super
1105 1392 1276 1445 honos
1307 1375 1360 1444 et
1393 1387 1583 1449 malos,
1608 1395 1662 1441 et
1690 1385 1824 1455 pluit
1855 1399 2018 1453 super
2055 1385 2144 1454 ju-
2245 1386 2352 1442 est,
2398 1375 2543 1445 quod
2602 1391 2696 1432 eos
2743 1376 2833 1445 qui
2884 1376 3168 1431 veritatem
3221 1378 3538 1445 prmdicant,
3566 1392 3655 1429 non
3683 1389 3755 1430 tam

565 1490 680 1534 stos
713 1488 765 1535 et
795 1481 1025 1550 injustos
1070 1481 1136 1538 ’⁸,
1181 1499 1200 1530 ι
1237 1479 1341 1535 Per
1381 1481 1494 1532 hinc
1540 1487 1720 1531 autem
1761 1477 1973 1544 singula
2013 1478 2140 1530 dum
2247 1465 2520 1529 maledlCl.
2545 1465 2688 1534 quod
2721 1466 2787 1519 ad
2823 1465 3100 1534 homin“,
3138 1469 3234 1521 sed
3267 1467 3633 1536 blasphemari,
3656 1472 3758 1538 quod

564 1571 656 1624 illa
697 1571 846 1626 falsae
871 1573 1115 1626 scientia:
1153 1571 1406 1640 dogmata
1457 1571 1835 1633 confutantur,
1880 1569 1929 1620 in
1968 1569 2142 1622 llOlltl-
2245 1558 2310 1611 all
2345 1558 2508 1611 Deum
2541 1557 2796 1625 Ρρηίιιθῑ.
2834 1557 3038 1627 Ροευῖῑο

563 1677 693 1716 nunt
730 1664 1009 1717 mendacio
1039 1663 1280 1716 abundat
1311 1661 1518 1715 veritas
1547 1657 1664 1714 Dei.
1702 1659 1842 1712 Sunt
1875 1661 2002 1712 item
2048 1658 2132 1712 alii

2314 1647 2370 1703 2.
2402 1668 2418 1700 ι
2451 1648 2590 1715 Quid
2615 1663 2745 1718 ergo
2764 1659 3012 1701 tenemus
3035 1647 3276 1716 amplius
3297 1647 3627 1717 (8)2Causati
3649 1652 3755 1704 enin

557 1752 653 1820 qui
683 1754 868 1808 dicant
901 1763 1009 1821 tres
1038 1766 1165 1808 esse
1194 1752 1403 1821 species
1433 1750 1557 1804 boni
1589 1767 1604 1803 :
1652 1765 1814 1803 unam
1847 1765 1976 1819 erga
2019 1750 2141 1802 aui-
2173 1718 2220 1776 Β
2245 1756 2433 1796 sumus
2462 1741 2676 1796 .ludazos
2706 1750 2760 1794 et
2787 1738 3012 1794 Grzecos
3039 1754 3237 1793 omnes
3289 1740 3391 1793 sub
3431 1752 3623 1809 peccatu
3649 1757 3770 1806 esse,

560 1819 728 1910 mam,
782 1819 974 1910 aliam‘
1006 1857 1134 1913 erga
1184 1819 1438 1912 corpora,
1497 1842 1716 1896 tertiam
1775 1843 2140 1895 extrinsecus.
2246 1833 2387 1886 sicut
2419 1832 2682 1900 scriptum
2713 1841 2799 1885 est
2831 1847 2844 1883 :
2876 1830 3009 1897 Quia
3041 1845 3148 1882 non
3176 1845 3267 1884 est
3299 1829 3479 1898 justus
3505 1834 3751 1902 quisquam,

557 1935 692 2000 Quae
715 1934 930 2004 singula
968 1950 1090 1990 cum
1129 1932 1551 1989 conducibiliter
1586 1931 1661 2003 (5)
1704 1933 2033 1996 habeantur,
2072 1947 2138 1986 ex
2247 1939 2356 1978 non
2397 1933 2480 1978 est
2521 1921 2854 1989 intelligens,
2883 1936 2991 1976 non
3024 1929 3109 1974 est
3141 1921 3432 1987 requirens
3470 1923 3631 1978 Deum.
3653 1924 3750 1980 Otu-

559 2024 698 2092 ipsis
744 2040 1018 2080 summum
1083 2025 1280 2078 bonum
1332 2032 1590 2077 constare
1651 2021 1996 2076 confirmant.
2046 2023 2142 2078 isti
2246 2015 2799 2079 IleStleCliual'eruul.
2852 2014 3014 2069 SlmUl
3063 2012 3297 2069 illullles
3345 2015 3466 2070 lacti
3519 2025 3640 2080 sunt.
3676 2033 3748 2070 ηοη

551 2116 723 2170 etiam
765 2116 861 2170 Dei
895 2116 1290 2186 providentiam
1325 2123 1659 2179 resecantes,
1695 2129 1864 2184 usque
1895 2113 1962 2167 ad
2000 2114 2120 2168 luna

2243 2115 2324 2160 est
2355 2107 2443 2174 qui
2476 2107 2641 2160 faciat
2673 2106 2994 2170 bonitatem,
3033 2119 3140 2158 non
3189 2113 3281 2158 est
3323 2119 3490 2175 usque
3528 2109 3586 2160 ad
3610 2123 3745 2162 unum.

555 2217 677 2258 eam
712 2204 928 2274 globum
966 2204 1324 2274 supervenire
1359 2206 1696 2260 contendunt
1737 2223 1751 2257 :
1800 2205 1939 2257 infra
1982 2203 2160 2272 vero,
2243 2197 2564 2265 Sepulcrum
2609 2209 2805 2267 patens
2844 2206 2927 2251 est
2969 2207 3159 2267 guttur
3199 2213 3428 2262 eorum.
3476 2200 3643 2270 linguis
3667 2200 3748 2253 suis

557 2293 663 2348 hoc
733 2305 816 2348 est
879 2296 944 2348 ad
995 2297 1262 2359 imtnine-z,
1308 2312 1426 2350 eam
1496 2295 1720 2350 minimc
1773 2297 2164 2350 descendeng
2241 2290 2425 2345 dolose
2445 2292 2698 2360 agebant,
2723 2305 2988 2344 venenum
3017 2291 3280 2360 aspidum
3302 2292 3402 2346 sub
3425 2291 3566 2347 labiis
3587 2308 3743 2345 eorum.

553 2389 698 2443 Sunt
729 2389 856 2444 item
889 2390 978 2443 alii
1017 2391 1105 2458 qui
1147 2391 1419 2444 invishile
1470 2397 1525 2443 et
1569 2389 1948 2458 incorporeum
2001 2387 2154 2444 nihil
2239 2381 2481 2447 Quorum
2533 2398 2596 2436 οε
2643 2383 3025 2438 ηιθΙειΙῘοιίοηθ
3072 2394 3127 2438 el
3176 2387 3536 2439 amaritudine
3583 2387 3742 2455 plenum

550 2477 739 2532 dicant
771 2493 910 2543 esse,
944 2480 1038 2533 sed
1074 2480 1253 2534 omnia
1289 2495 1407 2550 qua!
1449 2489 1577 2534 sunt
1617 2480 1940 2548 corporibus
1993 2480 2135 2534 assi-
2237 2484 2320 2528 est
2360 2491 2374 2527 :
2416 2474 2627 2529 veloces
2662 2477 2828 2543 pedes
2865 2491 3054 2530 eorum
3083 2477 3154 2533 ad
3194 2478 3560 2533 effundendum
3585 2479 3744 2547 sangui-

549 2578 741 2634 guant,
775 2572 916 2623 unde
942 2580 997 2624 et
1028 2570 1242 2623 Patrem
1274 2572 1516 2624 (Ittttlllllll
1551 2573 1717 2626 Deum
1755 2586 1954 2641 corpus
2005 2571 2158 2626 esse
2237 2565 2380 2620 Item.
2410 2567 2679 2620 Conlrilio
2715 2577 2768 2621 et
2795 2565 3082 2624 infelicitas
3114 2571 3166 2624 in
3202 2570 3307 2624 viis
3337 2587 3532 2636 eorum,
3568 2582 3612 2624 et
3639 2573 3738 2622 viam

547 2659 833 2716 dixerunt.
895 2660 1090 2716 Verum
1136 2663 1261 2731 quia
1312 2652 1540 2730 urgebat
1593 2679 1687 2718 cos
1728 2665 1960 2720 rationis
2018 2665 2158 2720 sua}
2234 2658 2382 2727 pacis
2422 2673 2524 2710 non
2561 2668 2930 2728 cognoverunt
2979 2678 2994 2714 ε
3037 2675 3144 2714 non
3203 2671 3292 2716 cst
3345 2663 3498 2716 timor
3537 2661 3614 2715 Dei
3650 2669 3740 2714 attid

546 2751 962 2819 consequentia,
997 2766 1100 2820 qua
1132 2762 1347 2807 constat
1377 2768 1537 2807 omne
1566 2769 1764 2822 corpus
1792 2771 1914 2810 esse
1945 2772 2130 2810 corru-
2232 2750 2425 2804 oculos
2455 2765 2642 2804 eorum
2689 2751 2756 2805 ’⁸ο
2797 2769 2815 2802 ι
2863 2751 3231 2808 Prmdiximus
3277 2754 3392 2822 jam
3421 2753 3551 2822 quod
3583 2753 3626 2806 in
3663 2752 3750 2805 hac

552 2839 767 2906 ptibile,
803 2850 857 2894 ut
887 2841 931 2896 si
965 2843 1130 2897 etiam
1160 2843 1324 2897 Deum
1357 2859 1556 2914 corpus
1573 2860 1693 2900 esse
1710 2857 1977 2913 asserunt,
2011 2849 2128 2904 sine
2234 2840 2478 2913 EplSIOla
2516 2841 2735 2906 Paulus,
2764 2841 2913 2896 νθιυῑ
2941 2843 3150 2896 al‘llllel‘
3173 2846 3397 2915 quidam
3425 2846 3554 2899 iuler
3579 2858 3653 2896 €05
3677 2844 3742 2908 ll"l

545 2930 714 2984 dubio
743 2942 798 2984 et
841 2934 1254 3002 corruptibilem
1301 2935 1596 2999 fateantur,
1640 2936 1804 3010 505
1843 2947 2126 2995 verterunt
2235 2947 2300 2987 ex
2346 2933 2762 2988 circumcisione
2798 2932 3173 2999 crediderunt,
3209 2946 3268 2991 et
3294 2952 3384 2991 eos
3420 2938 3502 3006 qui
3526 2953 3580 2990 ex
3608 2937 3742 3006 genti-

546 3021 829 3090 stropliam
861 3024 1034 3088 verbi,
1068 3033 1122 3080 et
1170 3026 1424 3080 dixerunt
1484 3040 1695 3081 natura:
1742 3029 1959 3096 quidem
2000 3045 2122 3083 eum
2155 3063 2200 3120 ο
2233 3025 2356 3091 bus,
2397 3033 2662 3092 temperet
2687 3040 2996 3081 sermonem
3031 3041 3259 3095 semper
3290 3040 3341 3082 et
3365 3030 3536 3088 iihret,
3562 3039 3608 3080 ιιι
3636 3041 3740 3080 nunc

543 3125 670 3167 esse
693 3113 1091 3182 corruptibilis,
1121 3131 1219 3169 nec
1249 3126 1424 3172 tamen
1455 3117 1750 3183 corrumpi,
1773 3133 1870 3186 pro
1893 3135 1957 3173 eo
1982 3120 2125 3189 quod
2163 3113 2198 3120 ⁷
2233 3115 2354 3180 hos,
2388 3131 2532 3170 nunc
2559 3116 2683 3170 illos
2726 3117 2776 3170 in
2813 3116 3142 3186 quibusdam
3174 3122 3426 3174 videatur
3461 3132 3668 3188 arguere,
3702 3123 3748 3169 et

543 3217 654 3257 non
696 3207 771 3260 sit
798 3205 1004 3274 aliquid
1039 3207 1157 3276 ipso
1185 3209 1457 3276 superius,
1489 3225 1517 3261 a
1552 3225 1659 3278 quo
1689 3212 1966 3280 corrumpi
1999 3226 2125 3280 pos-
2230 3223 2448 3262 rursum
2478 3207 2721 3275 singulas
2749 3223 2934 3276 partes
2963 3220 3110 3264 certa
3137 3227 3244 3280 spe
3272 3212 3616 3282 promissionis
3646 3209 3736 3262 ani-

546 3298 619 3349 sit
673 3306 767 3353 aut
822 3299 982 3354 solvi.
1053 3299 1190 3356 Sunt
1241 3311 1295 3356 et
1337 3302 1443 3358 alia
1497 3303 1778 3358 innumera
1841 3305 2123 3360 hominum
2234 3314 2386 3354 mare
2413 3298 2511 3372 (9).
2544 3300 2682 3366 Quia
2721 3315 2852 3369 ergo
2899 3301 3048 3357 visus
3097 3301 3283 3358 fuerat
3335 3306 3386 3358 iu
3435 3303 3740 3372 superioribus

542 3389 797 3456 ﬁgmenta
823 3389 1122 3447 dialecticis
1153 3395 1379 3462 argutiis
1406 3403 1461 3448 et
1489 3396 1882 3465 sophismatum
1938 3396 2126 3454 fraude
2229 3391 2434 3456 dicere,
2474 3394 2733 3462 quoniam
2766 3393 2811 3448 si
2842 3394 3162 3462 praeputium
3189 3395 3440 3463 jus-tilias
3469 3396 3582 3464 legis
3600 3403 3740 3448 ςιιςιοο

543 3483 864 3552 composita.
901 3483 1031 3550 Qua:
1069 3500 1192 3542 cum
1230 3487 1439 3558 singula
1472 3505 1570 3557 per
1599 3489 2007 3545 ecclesiasticos
2045 3493 2126 3546 vi-
2228 3485 2364 3550 dial,
2397 3485 2668 3554 judicabit
2699 3502 2820 3541 eum
2857 3489 2948 3557 qui
2989 3489 3042 3543 in
3078 3490 3494 3545 circumcisione
3535 3485 3734 3558 prevari-

537 3584 635 3632 vos
671 3582 726 3627 et
754 3575 932 3630 divina
974 3577 1238 3646 sapientia
1275 3579 1516 3634 eruditos
1544 3581 1744 3635 veritas
1772 3582 1862 3635 Dei
1901 3585 2126 3636 conviu-
2226 3587 2382 3632 calor
2409 3587 2494 3632 est
2519 3577 2652 3646 legis
2673 3579 2717 3610 "’
2743 3600 2754 3634 :
2785 3594 2996 3633 rursum
3027 3591 3088 3634 ut
3118 3595 3222 3635 eos
3261 3596 3394 3651 quos
3428 3578 3732 3632 hnn'uliat'erat

537 3663 641 3729 cit,
665 3674 722 3720 et
747 3679 1194 3737 argumentorum
1227 3670 1505 3744 decipulas
1537 3671 1832 3742 redarguit,
1863 3673 1916 3727 in
1943 3675 2123 3728 homi-
2227 3671 2510 3739 allevaret,
2549 3671 2796 3728 addidit;
2825 3691 2843 3724 ι
2876 3672 3014 3738 Quid
3041 3689 3173 3743 ergo
3211 3675 3436 3742 amplius
3465 3683 3536 3725 est
3558 3668 3732 3723 linteo?

538 3769 673 3810 nunt
725 3760 1010 3815 mendacio
1053 3761 1146 3815 Dei
1193 3762 1400 3817 veritas
1457 3763 1656 3817 dicitur
1713 3764 2013 3830 abundare,
2067 3773 2122 3820 et
2227 3771 2321 3818 aut
2361 3780 2481 3833 qua:
2512 3765 2718 3818 utilitas
2755 3766 3189 3820 circumcisionis
3217 3768 3242 3820 τ
3273 3766 3485 3820 Multum
3524 3779 3605 3833 per
3639 3774 3727 3813 om-

540 3864 651 3904 non
695 3852 870 3908 solum
927 3855 1235 3920 abundare,
1293 3858 1389 3913 sed
1440 3859 1719 3913 abundare
1773 3860 1840 3914 ad
1891 3861 2119 3930 gloriam
2227 3871 2350 3909 nem
2383 3855 2622 3909 modum.
2659 3854 2844 3909 Primo
2869 3857 3112 3925 quidem,
3144 3857 3278 3926 quia
3309 3854 3499 3909 credita
3526 3861 3625 3906 sunt
3649 3848 3732 3901 illis

537 3939 661 4008 eius
690 3943 756 3996 ".
791 3944 944 4010 Quod
977 3947 1079 4001 hoc
1111 3948 1272 4003 modo
1302 3949 1718 4020 intelligendum
1754 3961 1914 4020 puto:
1946 3951 1990 4004 si
2024 3953 2118 4006 do-
2222 3945 2439 4016 eloquia
2471 3945 2564 4001 Dei
2604 3946 2672 3999 “.
2723 3965 2741 4000 ι
2796 3946 2923 4002 Post
2954 3947 3087 4012 lucc,
3120 3961 3251 4002 cum
3287 3947 3370 4002 his
3403 3949 3726 4011 οοιιερῳιοηίει·

537 4041 664 4086 ctor
689 4030 946 4088 Ecclesia:
979 4036 1254 4105 simplices
1283 4052 1529 4107 quosque
1572 4040 1854 4095 auditores
1902 4040 2116 4108 doceat,
2223 4037 2376 4106 quasi
2411 4036 2657 4108 qumdam
2707 4037 2903 4093 fuisset
2955 4049 3302 4108 prosecutus,
3353 4038 3488 4090 addit
3527 4048 3657 4090 nunc.
3684 4035 3722 4081 el

535 4129 597 4174 et
623 4121 861 4176 nondum
893 4123 1047 4178 falsis
1073 4126 1420 4196 dogmatibus
1454 4143 1774 4198 occupatos,
1824 4141 1992 4199 atque
2034 4131 2118 4185 his
2221 4128 2399 4182 dicit:
2434 4145 2452 4178 ι
2479 4128 2616 4194 Quid
2654 4143 2785 4198 ergo
2819 4138 3068 4183 tenemus
3097 4129 3332 4198 amplius
3354 4129 3377 4182 τ
3400 4123 3591 4182 Cattsali
3613 4121 3718 4174 enim

539 4211 611 4264 de
629 4211 865 4284 singulis
885 4214 1196 4286 quibusque
1215 4218 1481 4272 rationem
1507 4219 1700 4273 divina:
1721 4221 1972 4276 veritatis
1999 4237 2118 4290 ape-
2224 4233 2412 4273 sumus
2427 4217 2642 4274 Iuda-os
2662 4231 2715 4273 et
2729 4219 2950 4275 Grzecos
2966 4235 3155 4275 omnes
3177 4221 3279 4276 sub
3298 4229 3506 4290 peccato
3527 4231 3622 4271 esse
3633 4212 3682 4262 ".
3699 4228 3718 4262 ι

535 4301 668 4368 riat,
694 4305 746 4358 in
784 4305 1162 4374 hujuscemodi
1200 4309 1448 4363 doctrina
1478 4309 1568 4364 Dei
1606 4311 1807 4366 veritas
1842 4313 2117 4368 videbitur
2219 4307 2375 4375 Quod
2416 4309 2460 4364 si
2492 4324 2684 4364 omnes
2715 4311 2816 4364 sub
2847 4321 3070 4378 peccato
3099 4321 3250 4376 sunt,
3278 4325 3400 4378 ergo
3428 4325 3521 4362 non
3546 4300 3716 4360 eritela-

534 4393 834 4449 abundare.
878 4395 934 4450 Si
978 4412 1106 4451 vero
1139 4398 1205 4451 ad
1232 4413 1326 4451 eos
1351 4413 1556 4453 .sertuo
1592 4402 1665 4456 sit
1706 4402 1795 4471 qui
1841 4402 2112 4456 obsistant
2147 4395 2189 4449 D
2224 4398 2386 4454 tionis
2421 4413 2584 4453 causa
2615 4399 2705 4453 uni
2735 4399 3024 4453 adversum
3058 4400 3244 4466 alium,
3277 4417 3393 4455 cum
3424 4407 3619 4463 uterque
3639 4403 3714 4443 non

534 4485 779 4551 veritati,
811 4489 900 4559 qui
946 4504 1092 4544 samo
1138 4489 1401 4545 doctrina:
1451 4493 1798 4547 sermonibus
1833 4494 2110 4548 coutradi-
2217 4507 2284 4547 ex
2329 4508 2424 4547 sua
2460 4491 2697 4561 justitia,
2727 4492 2822 4546 sed
2845 4508 2910 4548 ex
2953 4493 3048 4548 Dei
3083 4495 3449 4550 misericordia
3492 4491 3639 4544 venia!
3665 4483 3713 4537 ad

529 4587 664 4630 cant
689 4577 793 4650 (6),
824 4589 880 4634 et
909 4584 1348 4638 contradicentes
1391 4585 1746 4641 confutentur
1793 4597 1846 4640 et
1884 4571 2112 4641 eosivin-
2221 4581 2474 4637 salutem.
2502 4580 2761 4638 Probavit
2790 4583 3166 4652 ergoGrmcos
3195 4587 3426 4654 quidem.
3456 4584 3502 4637 id
3528 4591 3597 4636 εει
3619 4590 3712 4644 ἐπ’

535 4678 752 4734 cantur,
787 4672 860 4727 ita
891 4683 948 4728 ut
973 4690 1221 4730 errorum
1252 4679 1490 4734 tenebris
1524 4681 1804 4736 derelictis
1831 4682 1897 4735 ad
1931 4682 2106 4737 lucem
2221 4674 2364 4740 llles.
2392 4689 2512 4729 esse
2540 4675 2639 4730 Sub
2671 4685 2916 4744 P600310.
2948 4689 3074 4727 cum
3101 4675 3178 4729 ait
3200 4675 3281 4730 "z
3315 4694 3334 4726 ι
3359 4675 3582 4728 [licentes
3603 4666 3711 4722 enim

530 4761 784 4818 veritatis
809 4767 1114 4833 accedant;
1143 4777 1271 4824 tunc
1298 4787 1403 4824 non
1434 4771 1612 4828 solum
1642 4771 1936 4827 abundabit
1962 4774 2106 4827 veri-
2215 4780 2275 4820 se
2311 4779 2429 4819 esse
2451 4767 2748 4835 sapientes,
2782 4767 2932 4821 stulti
2975 4765 3102 4822 faeti
3135 4777 3256 4822 sunt
3290 4785 3306 4822 :
3347 4775 3396 4820 et
3430 4759 3708 4818 mutaverunt

529 4858 618 4907 tas
649 4853 766 4921 Dei,
796 4857 890 4911 sed
921 4867 977 4911 et
1015 4860 1083 4913 ad
1113 4861 1340 4930 gloriam
1371 4863 1489 4934 ejus
1525 4865 1853 4920 abundabit.
1884 4863 2104 4919 Gloriti-
2214 4857 2442 4928 gloriam
2477 4859 2902 4928 incorruptibilis
2939 4858 3032 4913 Dei
3076 4859 3128 4914 in
3159 4856 3561 4916 similitudinem
3596 4848 3705 4902 ima-

529 4952 688 4998 catur
719 4947 861 5002 enim
897 4949 1038 5006 Deus
1069 4966 1169 5021 per
1202 4969 1324 5009 eum
1355 4956 1447 5024 qui
1491 4958 1557 5010 de
1597 4971 1789 5011 errore
1837 4956 2105 5010 mendacii
2216 4949 2360 5018 ginis
2391 4948 2769 5018 corruptibilis
2815 4947 3073 5014 hominis,
3123 4959 3178 5004 et
3219 4947 3507 5006 Volucrum,
3534 4947 3577 4994 et
3600 4947 3702 5024 συν

530 5045 752 5104 croillus
798 5037 980 5097 lumen
1014 5044 1260 5099 veritatis
1305 5021 1540 5116 aspexit.
1574 5046 1699 5103 llaec
1728 5063 1858 5119 ergo
1892 5048 1982 5118 qui
2029 5047 2102 5100 ita
2211 5041 2536 5110 drupedum,
2581 5049 2635 5094 et
2663 5043 2996 5110 serpentium
3048 5057 3066 5098 :
3105 5051 3322 5111 prepter
3357 5033 3486 5107 quod
3529 5021 3702 5084 tradidit

599 5155 900 5255 ,ξ’-Ι.Ορι-έι,
923 5179 1051 5255 ειη*
1087 5183 1135 5255 1⁸
1154 5181 1312 5238 Juan.
1346 5199 1482 5245 xm,
1502 5185 1553 5238 '5.
1632 5187 1676 5219 ¹⁹
1703 5185 1889 5240 Matth.
1917 5202 1970 5248 χ,
1990 5186 2081 5242 29.
2161 5187 2168 5216 ’

2161 5179 2655 5255 ’°Matll_t._v,£5.__
2698 5178 2924 5255 :‘Rom.
2963 5177 3124 5255 113.3.
3195 5176 3240 5208 υ
3264 5170 3386 5228 ibid.
3464 5153 3694 5218 "suae.

523 5243 926 5318 “ibid.9seq.
1007 5251 1051 5282 ιι
1083 5252 1240 5308 nom.
1271 5270 1332 5321 ιι,
1369 5243 1581 5322 26,27.
1658 5256 1704 5287 κ
1733 5257 1886 5310 nom.
1928 5243 2085 5322 unt.

1658 5256 1704 5287 κ
1733 5257 1886 5310 nom.
1928 5243 2010 5322 Ill,
2035 5255 2164 5320 4,2.
2237 5255 2280 5287 ιτ
2313 5252 2445 5308 una.
2484 5251 2537 5306 9.
2613 5251 2657 5282 ιε
2696 5249 2858 5304 nom.
2894 5265 2930 5315 ι,
2958 5247 3151 5302 22-24.

567 5354 682 5436 "(5)
720 5359 832 5424 AL,
861 5378 880 5411 ι
911 5376 1032 5416 eum
1063 5364 1409 5434 docibiliter;
1442 5385 1460 5418 ι
1495 5367 1646 5433 editi,
1697 5386 1718 5419 ι
1768 5367 1814 5421 si
1840 5367 2104 5422 conduci-
2209 5361 2533 5436 llr-"editionis
2565 5381 2584 5414 ι
3110 5429 3142 5436 ,,
3212 5429 3234 5436 _
3283 5426 3332 5436 ,η
3473 5435 3483 5436 ί
3538 5406 3670 5436 __....:

521 5417 831 5500 ωίιξιέτρῇ
1071 5417 1081 5418 ί
1501 5417 1646 5433 ”’“’
1706 5417 1716 5419 ’
1770 5417 2070 5422 “““’“’“”’

2211 5417 2226 5500 ἡ
2283 5432 2359 5500 (8)
2392 5433 2534 5496 Quid
2564 5447 2685 5498 ergo
2723 5440 2954 5484 tenemus
2981 5429 3236 5496 amplius?
3281 5426 3361 5482 Sic
3394 5435 3504 5500 mss.
3520 5417 3684 5500 ιιιρξιςι.

562 5563 576 5576 _
604 5496 680 5578 (υ)
713 5497 876 5578 Ειιιιί,
911 5519 928 5552 ι
959 5500 1015 5556 Si
1048 5518 1180 5578 vero
1227 5505 1294 5557 ad
1343 5521 1532 5560 omnes
1575 5521 1756 5563 sermo
1789 5506 1858 5561 sit
1885 5508 1976 5578 qui
2001 5509 2100 5563 ob-
2207 5485 2353 5556 Editi
2379 5485 2528 5566 v'Z-ro,
2569 5519 2588 5553 ι
2622 5485 2769 5566 Ὀυίά
2794 5501 2962 5571 (πεοῩ
2990 5485 3340 5554 Ρτίυυεηίηιυδ
3369 5491 3485 5550 €05?
3515 5485 3685 5552 Nequa.

523 5573 874 5640 Sistiitit._._....
899 5573 1303 5635 contradicunt,
1347 5593 1365 5625 ι
1396 5586 1504 5630 etc.
1903 5573 1917 5578 ’
2205 5586 2389 5640 ﬁll-"ll"
2418 5589 2435 5620 ’

593 5634 872 5703 (7)Alias,
932 5655 953 5688 ς
1005 5654 1102 5695 nec
1151 5641 1491 5712 blasphcmat
1533 5646 1671 5702 ultra
1720 5665 1818 5705 eos
1861 5648 1949 5714 qui
1988 5662 2092 5702 non

1533 5646 1671 5702 ultra
1720 5665 1818 5705 eos
1861 5648 1949 5714 qui
1988 5662 2092 5702 non
2222 5634 2237 5640 ’
2276 5639 2351 5708 (9)
2388 5641 2545 5704 liditi,
2581 5659 2602 5692 ‹
2640 5642 2907 5706 auirvet,»
2943 5640 3097 5720 male.
