3936 6196
144 313 299 368 929

1152 322 1516 381 COMMENT.
1558 326 1624 382 IN
1664 326 1886 387 EPIST.
1922 330 2015 385 AD
2049 334 2216 389 ROM.
2260 334 2389 391 LIB.
2434 337 2521 393 lli.

3354 357 3467 410 950

159 446 284 483 eos
321 430 466 484 neiis
505 430 556 484 iii
600 432 886 500 reprnbnm
920 447 1164 501 sensum,
1212 455 1232 490 ι
1281 449 1338 493 et
1380 442 1587 509 ieliqiia
1621 461 1635 499 :
1678 441 1776 498 Ju-
1810 451 1853 505 Α
1884 446 2043 503 labiis
2077 464 2265 505 eorum
2296 453 2362 517 '“,
2398 471 2417 505 ι
2449 456 2592 523 quod
2618 464 2671 509 ct
2698 456 2872 525 ipsum
2906 474 2967 513 ex
2992 461 3226 532 quodam
3254 469 3463 535 psalmo

158 520 344 574 dicos
383 536 534 583 vero.
569 538 691 577 eum
731 526 895 579 dicit:
944 545 963 577 ι
1014 528 1070 581 Si
1103 539 1286 585 autem
1325 541 1380 587 ιιι
1423 533 1645 591 Iudaeus
1684 554 1777 593 co-

164 613 567 680 giioniinaris,
603 626 657 668 et
689 618 990 684 requieseis
1032 621 1086 674 in
1118 622 1234 691 lege
1272 625 1339 690 ",
1383 644 1401 677 ι
1443 638 1499 680 et
1544 630 1775 699 reliqua.

150 698 410 764 Quibus
437 704 642 757 addidit
670 705 750 759 “z
794 724 813 757 ι
847 706 946 772 Qui
972 724 1101 779 ergo
1128 712 1290 767 doces
1325 716 1510 783 alium,
1547 720 1777 788 teipsnm

170 808 302 845 ιιοιι
348 795 551 850 doces:
583 798 675 865 qui
707 800 975 866 prazdicas
1003 818 1109 856 non
1142 804 1454 870 furandum,
1490 811 1711 873 fui-aris,
1754 834 1772 866 ι

168 897 301 941 etc.
344 886 471 940 Post
505 889 621 943 hinc
656 906 787 960 ergo
826 894 981 959 dicit,
1019 896 1144 964 quia
1180 916 1197 949 i
1233 901 1438 955 causati
1474 917 1660 957 sumus
1689 907 1779 960 Ju-
1859 908 1862 912 ’

170 977 346 1030 diuos
375 984 428 1031 et
458 978 678 1034 Grieeos
706 999 899 1038 omnes
934 988 1035 1041 sub
1062 1000 1286 1057 peccato
1316 1006 1437 1047 esse
1480 995 1545 1049 ³¹.
1585 1015 1602 1047 ι
1650 998 1779 1053 Post

173 1062 311 1117 haec
350 1081 502 1129 vero,
556 1076 614 1121 iit
663 1072 711 1125 ci
763 1076 932 1128 moris
968 1085 1069 1139 est,
1119 1080 1185 1133 de
1238 1084 1537 1151 Scripturis
1570 1091 1776 1144 sanctis

172 1157 311 1209 vult
363 1157 636 1214 aliirmare
682 1167 826 1231 quod
873 1167 1133 1237 dixerat;
1187 1173 1350 1228 simul
1381 1186 1432 1230 et
1464 1178 1778 1239 doctoribus

168 1247 459 1305 Ecclesia:
494 1255 700 1320 praebet
732 1260 1067 1327 exemplum,
1102 1274 1160 1317 ut
1208 1280 1270 1320 ea
1306 1284 1427 1335 qua:
1477 1271 1778 1341 loquuntur

169 1341 252 1393 ad
290 1344 587 1410 populum,
640 1363 746 1402 non
798 1354 1033 1420 propriis
1087 1370 1415 1429 prtesiimpta
1465 1368 1772 1433 sententiis,
1852 1372 1853 1377 “

150 1435 288 1485 sed
340 1432 537 1489 divinis
568 1439 773 1493 inunita
811 1443 1139 1500 testimoniis
1186 1450 1487 1517 proferant.
1528 1454 1585 1508 Si
1629 1432 1773 1511 enim

180 1522 316 1589 ipse
348 1532 528 1581 tantus
565 1544 630 1582 ac
677 1533 800 1587 talis
844 1534 1139 1603 Apostolus
1175 1544 1558 1599 auctoritatem
1603 1550 1775 1604 dicto-

174 1629 313 1669 rum
343 1632 562 1674 suorum
595 1624 840 1681 siiliieere
874 1644 1032 1695 posse
1062 1647 1167 1686 non
1206 1636 1406 1703 credit,
1444 1640 1545 1693 nisi
1581 1641 1777 1698 doceat

173 1709 236 1761 in
316 1708 458 1779 Lege
517 1723 572 1766 et
633 1714 923 1785 Prophetis
987 1724 1192 1792 scripta
1254 1740 1378 1781 esse
1437 1743 1560 1797 quae
1620 1734 1769 1799 dicit,

1883 550 2242 611 assumptum,
2272 538 2598 613 immutatis,
2628 556 2685 603 ιιι
2709 565 2871 621 supra
2907 553 3164 620 diximus,
3195 565 3462 619 sermoni-

1878 633 2002 695 bus,
2040 645 2191 702 puto.
2225 634 2379 701 Quod
2414 649 2595 694 autem
2626 643 2907 710 sequitur:
2941 664 2958 696 ι
2996 645 3234 713 Quorum
3262 667 3323 707 os
3345 669 3465 710 ina-

1881 722 2187 792 ledictione,
2229 736 2283 783 et
2311 732 2679 786 amaritudine
2710 732 2928 799 plenum
2965 748 3048 793 est
3072 739 3138 805 ",
3168 760 3186 794 ι
3223 757 3286 797 ex
3318 760 3463 801 nono

1880 816 2090 881 psalmo
2115 818 2331 873 videtur
2368 831 2673 888 acceptum.
2707 823 2843 878 Tum
2893 824 3132 885 deinde:
3172 847 3191 883 ι
3236 831 3464 893 Veloces

1880 907 2043 972 pedes
2080 923 2268 963 eorum
2324 912 2390 965 ad
2427 911 2810 968 effundendum
2844 918 3183 987 sanguinein,
3221 939 3239 974 ι
3294 925 3377 980 vel
3406 927 3459 981 in

1878 993 2015 1053 lsaia
2047 1001 2313 1065 invenies,
2346 1004 2430 1058 vel
2460 1005 2511 1058 in
2547 1004 2860 1063 Proverbiis
2893 1008 2959 1063 ⁸⁸.
3004 1009 3111 1065 Sed
3152 1022 3227 1079 et,
3266 1031 3284 1067 ι
3315 1016 3458 1072 Conv

1882 1091 2029 1145 tritio
2055 1101 2106 1144 et
2142 1093 2435 1149 infelicitas
2459 1096 2511 1149 in
2538 1096 2642 1151 viis
2663 1111 2874 1164 eorum,
2906 1110 2957 1154 et
2990 1101 3132 1156 viam
3160 1105 3309 1173 pacis
3352 1117 3459 1164 iton

1877 1196 2247 1252 cognoverunt
2278 1187 2346 1250 ⁸⁸,
2383 1206 2401 1239 ι
2439 1203 2544 1241 ιιυιι
2571 1188 2788 1256 quidem
2840 1192 2905 1245 ad
2946 1193 3217 1260 integrum
3270 1213 3458 1254 recor-

1879 1275 1977 1327 dor
2008 1276 2095 1329 ubi
2128 1277 2389 1344 scriptum
2421 1279 2492 1331 sit
2522 1295 2537 1331 :
2574 1282 2821 1347 suspicor
2853 1290 3028 1338 tamen
3075 1286 3127 1340 in
3172 1302 3281 1345 uno
3330 1304 3459 1358 pro-

1880 1364 2163 1431 pbetarmu
2191 1366 2417 1421 inveniri
2448 1383 2627 1437 posse.
2652 1371 2707 1425 lii
2731 1371 2965 1427 Psalmis
2987 1383 3167 1430 autem
3196 1377 3456 1448 scriptum

1876 1469 1958 1511 est
1992 1459 2077 1513 ‘°:
2116 1479 2134 1511 ι
2169 1460 2283 1516 Non
2316 1473 2398 1517 est
2431 1466 2594 1519 timor
2641 1465 2734 1522 Dei
2785 1478 2912 1522 ante
2956 1469 3139 1525 oculos
3187 1486 3398 1528 eorum.
3432 1490 3453 1526 ι

1880 1547 2004 1601 llaec
2040 1560 2223 1605 autem
2274 1556 2455 1609 omnia
2512 1556 2819 1611 testimonia
2872 1559 3088 1613 videtur
3120 1576 3458 1635 congregare

1855 1642 2112 1698 -ιοοΙιιίειεο
2141 1646 2210 1698 ob
2249 1645 2369 1709 hoc,
2409 1657 2467 1699 ut
2498 1647 2841 1712 ostenderet,
2872 1649 2996 1717 quia
3035 1653 3178 1719 quod
3203 1666 3458 1711 causatur

1882 1750 1901 1783 ι
1942 1732 2155 1788 Iudaeos
2182 1746 2231 1788 et
2269 1737 2488 1789 Graecos
2528 1752 2718 1792 omnes
2767 1738 2869 1792 sub
2920 1754 3143 1807 peccato
3174 1758 3293 1801 esse
3324 1747 3390 1813 “,
3431 1769 3449 1802 ι

1758 1791 1767 1799 _
2702 1791 2708 1792 ί
2775 1791 2783 1792 ί
2921 1791 2935 1807 ι
2963 1791 2972 1793 “
2997 1791 3137 1797 "““'
3178 1791 3293 1801 """'
3376 1791 3390 1813 ν
3431 1791 3448 1802 ⁷

146 1809 398 1865 [quanto
434 1801 607 1871 magis
635 1819 735 1858 nos
768 1806 977 1863 minimi
1012 1791 1113 1866 hoc
1141 1815 1438 1871 observare
1477 1821 1763 1889 debemus,
1803 1791 1846 1845 Β
1876 1838 1982 1877 non
2021 1832 2127 1877 tam
2154 1840 2334 1890 suam,
2360 1812 2523 1895 quam
2558 1840 2764 1882 sancite
2800 1828 3096 1899 Scriptura:
3126 1839 3453 1893 sententiam

176 1896 248 1941 ut
276 1904 389 1942 non
424 1898 641 1946 nostras
688 1909 810 1950 cum
856 1900 1134 1967 docemus,
1178 1908 1276 1961 sed
1321 1912 1493 1965 sancti
1528 1913 1768 1981 Spiritus

174 1982 495 2035 sententias
520 1984 905 2052 proferamus?
940 1990 1075 2048 illud
1112 1997 1275 2052 etiam
1310 2008 1620 2062 necessario
1662 2010 1757 2063 du-

160 2072 367 2128 .ciinus
392 2076 812 2144 admonendum,
847 2085 990 2150 quod
1028 2088 1082 2142 in
1118 2093 1399 2150 nonnullis
1445 2097 1767 2156 Latinorum

158 2177 249 2217 ea
288 2180 411 2233 qua:
440 2170 847 2241 subsequuntur
892 2182 1201 2238 testimonia
1246 2187 1298 2239 in
1344 2192 1506 2243 tertio
1555 2191 1768 2247 decimo

172 2257 407 2323 psalmo
446 2274 842 2333 consequenter
879 2288 942 2327 ex
1000 2277 1215 2346 integro
1251 2280 1424 2345 posita
1475 2283 1769 2339 inveniun-

170 2356 318 2413 uttr;
353 2350 406 2403 in
444 2351 647 2410 Graecis
685 2370 865 2415 autem
912 2382 1051 2434 pene
1092 2370 1347 2425 omnibus
1396 2388 1503 2427 non
1539 2377 1772 2444 amplius

174 2436 246 2488 «in
272 2438 487 2495 decimo
510 2446 674 2500 tertio
694 2450 927 2517 psalmo,
954 2466 1303 2528 quantusque
1334 2463 1397 2515 ad
1427 2463 1578 2518 illum
1606 2468 1771 2521 versi-

169 2530 397 2597 .cnlin,
450 2535 541 2590 tibi
586 2537 698 2608 (l0)
726 2545 989 2612 scriptum
1012 2561 1089 2603 εει
1121 2570 1134 2605 :
1173 2570 1192 2602 ι
1229 2552 1342 2607 Non
1374 2566 1453 2610 est
1481 2560 1573 2627 qui
1604 2558 1770 2616 faciat

180 2620 413 2685 bonum,
445 2642 550 2680 non
575 2640 659 2683 est
689 2648 858 2703 usque
879 2639 944 2689 ad
963 2655 1150 2697 unum.
1188 2660 1206 2693 ι
1243 2644 1348 2698 Sed
1381 2656 1433 2701 et
1468 2620 1611 2717 quod
1630 2653 1769 2708 dixit

179 2712 481 2778 Apostolus
526 2736 541 2772 :
595 2740 614 2771 ι
664 2721 822 2778 Sicut
862 2729 1131 2798 scriptum
1180 2742 1261 2788 est
1306 2755 1318 2790 :
1355 2712 1499 2801 Quia
1535 2755 1640 2796 non
1684 2754 1768 2800 est

178 2800 365 2871 justus
388 2806 674 2876 quisquam
715 2828 729 2865 :
754 2828 860 2870 non
876 2820 1306 2891 estiiitelligeiis,
1330 2842 1434 2880 non
1468 2841 1554 2884 est
1583 2834 1767 2902 requi-

182 2909 315 2948 rens
347 2896 507 2968 ωε
549 2901 739 2967 Deum,
770 2923 789 2957 ι
831 2923 943 2961 non
963 2911 1167 2967 eisdem
1215 2920 1563 2975 sermonibus
1614 2925 1768 2979 inve-

184 2985 335 3042 nitur
366 2990 423 3043 in
467 2992 707 3059 psalmo,
752 2998 845 3050 sed
888 2999 979 3053 alii
1031 3016 1431 3073 permutantur,
1483 3011 1576 3066 alii
1608 3028 1766 3069 assu-

185 3087 431 3145 muntur,
468 3080 557 3135 alii
608 3084 1012 3154 relinquuntur.
1049 3091 1202 3158 Quod
1248 3097 1315 3150 ab
1348 3101 1611 3156 studiosis
1640 3105 1763 3173 qui-

187 3167 397 3237 busque
421 3172 468 3224 si
504 3174 829 3229 observetur
856 3176 1199 3249 diligentius,
1238 3195 1368 3253 pnto
1405 3188 1522 3242 dari
1572 3189 1624 3244 in
1658 3167 1762 3248 hoc

191 3258 540 3325 apostolicam
576 3264 992 3333 auctoritatem,
1035 3257 1093 3324 iit
1123 3287 1248 3325 cum
1278 3273 1578 3344 Scriptura:
1612 3284 1763 3338 testia

190 3349 386 3404 maniis
421 3355 679 3407 utendum
710 3355 893 3425 fuerit,
921 3374 1142 3415 sensum
1174 3366 1345 3436 magis
1372 3382 1438 3422 ex
1468 3385 1553 3437 ea,
1594 3388 1759 3441 quam

186 3441 346 3494 verba
378 3445 676 3511 capiamus.
713 3446 826 3503 Hoc
861 3452 1006 3505 enim
1037 3463 1093 3508 et
1120 3455 1174 3509 in
1210 3456 1520 3529 Evangeliis
1550 3463 1759 3518 factum

188 3530 502 3600 frequenter
526 3536 792 3593 invenies.
816 3540 872 3594 ln
912 3545 1072 3597 tertio
1111 3547 1323 3604 decimo
1354 3552 1524 3621 igitur
1551 3556 1762 3623 psalmo

189 3620 260 3674 ita
288 3624 547 3692 scriptum
587 3635 709 3680 est:
761 3646 779 3680 ι
814 3628 1078 3688 Dominus
1109 3635 1176 3691 dc
1206 3639 1345 3693 coelo
1386 3620 1628 3713 rospeitit
1664 3662 1761 3701 su-

191 3729 281 3782 per
310 3716 449 3771 lilios
493 3718 799 3789 hominum,
831 3733 891 3777 ut
918 3726 1129 3783 videret
1178 3728 1224 3783 si
1267 3742 1351 3785 est
1403 3733 1715 3806 intelligens
1742 3780 1756 3805 ,

188 3816 279 3860 aut
304 3809 585 3875 requirens
619 3810 808 3869 Deum.
842 3834 860 3868 ι
914 3816 1022 3873 Sed
1067 3821 1119 3874 in
1160 3822 1617 3895 quinquagesimo
1670 3844 1760 3884 se-

192 3897 361 3950 cundo
406 3898 615 3967 psalmo
649 3902 726 3955 ita
762 3905 896 3960 dicit
928 3924 944 3961 :
983 3925 1004 3961 ι
1040 3911 1180 3966 Deus
1216 3914 1285 3967 de
1335 3916 1476 3971 code
1519 3922 1760 3988 respexit

191 4002 344 4056 super
370 3990 512 4045 ﬁlios
541 3993 845 4060 hominum,
882 4009 940 4052 ut
975 4003 1189 4058 videret
1223 4006 1268 4060 si
1299 4017 1384 4061 est
1428 4009 1757 4079 intelligens,

190 4089 278 4132 aut
307 4083 587 4149 requirens
614 4087 806 4143 Deum.
830 4108 848 4142 ι
888 4091 955 4146 Et
985 4095 1202 4150 videtur
1225 4099 1366 4153 idem
1395 4101 1605 4154 servari
1631 4117 1758 4157 scn-

191 4190 277 4228 sus
294 4177 458 4230 etiam
499 4179 553 4232 in
591 4194 658 4235 eo
698 4186 843 4251 quod
891 4186 1188 4255 Apostolus
1214 4190 1430 4259 posuit:
1468 4207 1486 4241 ι
1522 4190 1641 4245 Νοιι
1675 4202 1758 4247 est

193 4266 510 4339 intelligens,
534 4288 638 4327 non
672 4283 757 4328 est
784 4280 1068 4346 requirens
1095 4282 1260 4335 Deum
1294 4282 1395 4336 ³⁸.»
1414 4282 1481 4336 Ει
1508 4285 1654 4353 quod
1676 4286 1757 4339 di-

193 4362 295 4414 xit:
325 4381 344 4414 ι
378 4364 495 4420 Non
534 4378 618 4423 est
640 4369 820 4436 justus
858 4374 1145 4442 quisquam
1176 4374 1245 4437 ³³,
1273 4394 1290 4426 ι
1337 4387 1466 4446 puto
1496 4376 1639 4445 quod
1686 4392 1752 4431 ex

1875 1914 2212 1980 pronuntiat.
2235 1913 2340 1968 Sed
2368 1916 2711 1986 requiramus
2741 1920 2867 1987 quid
2899 1933 2983 1976 est
3019 1922 3119 1979 hoc
3144 1925 3317 1994 ipsum
3340 1931 3456 2001 {15)

1873 2003 1975 2055 sub
2015 2010 2241 2072 peccato
2262 2019 2386 2059 esse
2418 2026 2428 2060 :
2464 2006 2581 2061 sine
2599 2010 2925 2079 exceptione
2954 2015 3098 2068 enim
3131 2030 3312 2073 sermo
3340 2006 3457 2087 ejus

1871 2108 2084 2155 omnes,
2117 2094 2232 2148 sive
2274 2094 2443 2150 Judaei
2492 2098 2623 2163 sint,
2658 2100 2772 2154 sive
2803 2101 3056 2171 gentiles,
3108 2107 3326 2164 videtur
3374 2112 3459 2166 iit-

1873 2185 2113 2238 volvere.
2152 2184 2257 2239 Sed
2290 2188 2535 2243 occurrit
2571 2190 2727 2245 nobis
2781 2193 2886 2246 alia
2935 2194 3107 2264 ipsius
3159 2204 3453 2270 sententia,

1874 2291 1979 2346 qua
2012 2278 2180 2330 dicit:
2220 2295 2243 2328 ι
2278 2275 2382 2333 Ubi
2412 2289 2591 2335 autem
2630 2297 2735 2336 non
2770 2291 2851 2338 est
2883 2284 2992 2351 lex,
3039 2302 3143 2342 nec
3196 2296 3457 2357 praevari-

1874 2368 2022 2421 catio
2046 2368 2115 2423 ⁸³.
2151 2388 2169 2422 ι
2205 2371 2358 2439 Apud
2384 2369 2598 2427 Judzeos
2631 2374 2850 2440 quidem
2902 2376 3075 2448 legem
3128 2378 3296 2452 Moysi
3335 2398 3456 2441 esse

1875 2458 2221 2514 manifestum
2253 2468 2374 2515 est:
2410 2463 2552 2530 apud
2580 2465 2815 2532 gentiles
2861 2483 2989 2523 vero
3038 2469 3211 2538 legem
3246 2485 3455 2529 naturae

1873 2563 1993 2602 esse
2021 2551 2310 2603 confirmat
2365 2551 2501 2623 (tt),
2564 2569 2685 2622 qua:
2740 2558 3054 2614 testimonio
3102 2562 3453 2621 conscientia:

1873 2651 2066 2709 arguat
2099 2642 2522 2709 deliiiqiicnteiii.
2561 2643 2659 2699 Ubi
2698 2664 2828 2717 ergo
2859 2653 3155 2719 qua-rimus
3178 2656 3451 2712 hominem

1873 2730 1923 2784 in
1961 2746 2065 2799 quo
2096 2748 2201 2786 non
2244 2734 2315 2807 sit
2346 2735 2447 2796 lex,
2483 2747 2537 2789 et
2564 2737 2654 2805 qui
2681 2730 2777 2806 per
2804 2741 2902 2794 hoc
2939 2756 3043 2795 non
3069 2744 3453 2803 videaturesse

1871 2820 1924 2874 in
1958 2825 2408 2891 pra-vai'iea'ionc
2444 2829 2676 2896 peccati,
2718 2830 2849 2898 quia
2880 2840 2932 2885 et
2970 2833 3085 2902 ipse
3136 2834 3335 2892 Paulus
3383 2840 3452 2890 du

1871 2914 2169 2983 semetipso
2202 2916 2376 2970 dicit:
2437 2935 2455 2968 ι
2493 2916 2604 2986 Ego
2640 2930 2819 2973 autem
2867 2921 3119 2976 vivebam
3169 2923 3288 2978 sine
3326 2924 3450 2993 legi:

1868 3003 2291 3073 aliqiiaiido“?i
2318 3008 2547 3073 Quando
2576 3008 2776 3064 Paulus
2824 3012 2940 3065 sine
2992 3013 3105 3081 lege
3145 3015 3303 3079 vixit,
3353 3019 3445 3085 qui

1873 3112 2086 3149 rursum
2118 3097 2189 3151 de
2216 3100 2509 3169 semetipso
2556 3102 2729 3157 dicit:
2768 3121 2785 3151 ι
2834 3103 3203 3160 Circumcisos
3251 3118 3443 3163 octavzi

1858 3187 1954 3239 die
1984 3188 2098 3256 (ιδ)
2137 3187 2399 3243 Hebraeus
2427 3203 2493 3242 ex
2522 3190 2764 3247 Hebreis
2783 3192 2871 3245 “'I
2899 3213 2918 3245 ι
2977 3194 3260 3261 Quomodo
3310 3214 3443 3268 ergo

1862 3294 2052 3333 verum
2077 3281 2182 3334 erit
2210 3297 2332 3335 eum
2374 3282 2663 3351 aliquando
2689 3284 2806 3339 sine
2837 3285 2952 3358 lege
2983 3279 3207 3357 vixisse,
3232 3293 3322 3359 qui
3354 3307 3445 3346 0r-

1866 3379 1985 3423 tava
2017 3371 2104 3426 die
2133 3371 2244 3442 (16)
2270 3374 2571 3429 nativitatis
2596 3390 2706 3430 sua:
2737 3377 2949 3446 signum
3005 3380 3442 3438 circumcisionis

1860 3474 1929 3515 ex
1960 3462 2073 3531 lege
2100 3465 2377 3535 suscepit?
2408 3463 2562 3522 Unde
2589 3477 2805 3523 constat
2839 3477 2966 3525 tunc
2999 3470 3116 3525 lieri
3164 3474 3443 3530 hominem

1856 3554 1963 3606 sub
2001 3554 2140 3624 lege,
2172 3559 2391 3625 quando
2424 3559 2490 3612 ad
2524 3560 2574 3613 id
2620 3561 2799 3614 aetatis
2847 3564 3078 3629 venerit,
3133 3575 3191 3619 iit
3238 3566 3440 3636 el'gein

1857 3645 2053 3711 possit,
2088 3658 2142 3699 et
2172 3648 2483 3703 discernere
2510 3648 2637 3716 quid
2662 3650 2733 3701 sit
2780 3649 2863 3704 lex
2894 3668 2908 3703 :
2959 3669 3057 3708 nec
3102 3657 3251 3722 prius
3309 3656 3446 3724 legis

1856 3734 2005 3788 illius
2033 3738 2376 3792 extrinsecus
2399 3738 2588 3810 jnguin
2628 3741 2932 3809 suscipere,
2977 3759 3140 3812 quam
3190 3746 3438 3810 internae,

1860 3834 1915 3877 et
1944 3826 2211 3881 naturalis
2262 3826 2397 3898 legis
2444 3829 2645 3884 habere
2698 3831 2923 3899 incipiat
2952 3832 3065 3901 (l7)
3098 3834 3435 3890 ﬁrmitatem.

1856 3915 2104 3985 Denique
2140 3918 2193 3971 in
2225 3933 2291 3971 eo
2322 3920 2441 3975 loco
2467 3921 2557 3976 ubi
2586 3923 2758 3978 dixit:
2799 3940 2817 3974 ι
2844 3921 2953 3993 Ego
2977 3934 3154 3979 autem
3193 3927 3439 3982 vivebam

1859 4008 1980 4059 sine
2031 4008 2148 4078 lege
2198 4010 2516 4076 aliquando,
2549 4031 2567 4064 ι
2614 4013 2864 4068 addidit:
2931 4033 2951 4067 ι
2983 4016 3089 4071 Sed
3147 4018 3235 4072 tibi
3290 4022 3438 4073 venit

1857 4100 2196 4163 mandatum,
2226 4110 2511 4170 peccatum
2539 4103 2733 4156 revixit
2757 4104 2825 4157 ".
2851 4123 2870 4156 ι
2918 4103 2972 4158 In
3008 4120 3115 4174 quo
3167 4106 3270 4161 hoc
3318 4110 3442 4179 qui-

1858 4189 1982 4241 dem
2018 4191 2277 4256 ostendit,
2312 4193 2436 4261 quia
2479 4194 2532 4247 in
2566 4195 2800 4264 pueritia
2837 4196 2989 4264 prius
3018 4211 3178 4266 quam
3235 4199 3440 4254 discre~

1859 4281 2061 4335 tionem
2088 4284 2212 4352 quis
2240 4284 2440 4339 habeat
2473 4286 2599 4339 boni
2626 4297 2681 4339 et
2724 4287 2871 4351 mali,
2903 4289 3022 4342 sine
3052 4288 3168 4357 lege
3202 4305 3321 4344 esse
3350 4292 3436 4345 ilio

1856 4373 2035 4438 citur;
2072 4391 2192 4427 cum
2230 4376 2393 4429 etiam
2428 4376 2470 4429 si
2506 4388 2721 4443 peccat,
2754 4380 2878 4447 quia
2906 4378 2991 4432 lex
3028 4380 3169 4433 ineo
3197 4393 3433 4445 nonest,

192 4466 252 4505 eo
294 4460 581 4524 sumpserit
610 4462 754 4527 quod
798 4464 1068 4533 scriptum
1107 4476 1191 4520 est
1216 4466 1298 4519 ’δι
1339 4484 1357 4518 ι
1389 4466 1503 4521 Non
1539 4477 1622 4523 est
1656 4470 1748 4537 qui
1783 4468 1827 4522 D
1857 4473 2138 4531 peccatum
2183 4466 2230 4518 ei
2267 4482 2371 4519 non
2422 4468 2723 4535 imputatur
2746 4468 2816 4521 ".
2865 4470 3001 4523 Cum
3055 4485 3185 4524 vero
3229 4471 3434 4524 disere-

194 4545 339 4599 faciat
375 4548 695 4617 bonitatem,
728 4570 836 4608 non
870 4565 952 4609 est
980 4571 1154 4626 usque
1180 4560 1246 4612 ad
1277 4575 1445 4613 unum
1478 4560 1621 4631 (ll):
1650 4580 1667 4613 ι
1698 4561 1748 4614 iii

193 4650 289 4703 quo
317 4640 481 4693 etiam
517 4643 559 4695 si
585 4658 768 4699 sermo
801 4648 1045 4701 converti
1082 4649 1317 4714 videtur,
1347 4665 1537 4706 sensus
1571 4662 1749 4707 tamen

194 4744 317 4783 inuis
345 4731 597 4803 idemque
629 4745 900 4792 servatur.
940 4738 1097 4805 Quod
1132 4754 1262 4794 vero
1294 4740 1348 4795 in
1406 4758 1750 4812 consequen-

196 4820 322 4875 tibus
369 4823 604 4880 dicitur:
648 4844 668 4878 ι
708 4827 1031 4899 Sepulcrum:
1076 4841 1271 4901 patens
1302 4843 1386 4887 est
1422 4846 1608 4903 guttur
1651 4852 1745 4891 eo-

195 4927 318 4978 rum,
349 4915 545 4986 linguis
574 4919 689 4975 suis
719 4922 906 4977 dolose
934 4925 1175 4993 agebant
1206 4923 1371 4989 ",iin
1414 4926 1602 4994 quinto
1634 4926 1748 5000 (l2)

195 5005 379 5069 psaltria
409 5013 664 5078 reperies.
694 5012 823 5070 Post
848 5015 948 5072 hoc
976 5039 988 5072 ;
1020 5035 1038 5068 ι
1071 5016 1346 5071 Venenum
1374 5019 1620 5086 aspidum
1647 5021 1747 5074 sub

257 5145 469 5219 "Bom-
506 5151 680 5214 ".17.
760 5152 805 5183 ³⁰
831 5152 957 5206 ibid.
986 5154 1075 5208 21.
1161 5154 1203 5185 ³¹
1238 5153 1393 5209 Rom.
1424 5172 1505 5219 iii,
1538 5156 1589 5209 9.

200 5217 389 5291 t_ii,_l5;
413 5219 553 5273 Psal.
588 5237 637 5282 v,
660 5221 744 5274 ll.
823 5224 868 5253 "
896 5223 1021 5278 ibid.
1050 5235 1103 5278 et
1123 5224 1260 5291 psal.
1289 5217 1511 5289 cxxxix,
1549 5226 1600 5279 4.

198 5284 421 5358 7ςΡιήον.
478 5305 550 5349 vi.
590 5292 673 5344 t8.
749 5292 792 5325 "
821 5292 977 5345 Rom.
1023 5309 1103 5357 iit,
1125 5284 1240 5358 '16;
1272 5296 1394 5347 lsai.
1426 5284 1534 5350 Liii.
1564 5297 1616 5354 7.
1646 5297 1699 5350 8.

198 5368 260 5421 tv,
286 5357 360 5410 15,
441 5358 485 5389 ⁸³
515 5359 667 5413 lium.
698 5378 793 5427 ιιι,
820 5364 872 5418 9.
952 5363 997 5394 “
1026 5357 1336 5434 Philip.rnt,
1371 5366 1426 5420 5.

260 5470 353 5533 (ιο)
391 5470 512 5525 Ubi.
547 5474 601 5526 lu
632 5476 791 5530 editis
816 5479 1106 5532 omittitur.
1470 5512 1475 5521 ι

259 5540 353 5620 (il)
386 5543 576 5620 Eililiu
609 5560 712 5598 non
740 5558 1025 5620 estusque
1053 5551 1118 5603 ad
1163 5565 1330 5604 unum
1363 5552 1455 5620 qui
1495 5551 1680 5611 faciat.
1718 5571 1736 5605 ι

258 5611 353 5675 (12)
383 5613 493 5672 ΑΙ..
537 5634 554 5664 ι
593 5619 845 5670 setuiiilu.
876 5636 894 5667 ι

261 5680 355 5762 μᾷ)
396 5684 559 5762 κειῑιι,
601 5702 618 5762 ι
655 5686 1026 5762 relinquamus
1054 5688 1268 5762 quidem
1303 5691 1405 5747 hoc
1432 5693 1663 5762 ipsum.»

259 5750 356 5816 H4)
392 5752 498 5817 AL,
534 5774 549 5803 ι
583 5756 759 5806 tirmat
791 5750 886 5825 (et.
921 5750 1175 5830 aﬂirii'iat)
1198 5775 1329 5829 quo.
1361 5781 1378 5813 ι

1676 5155 1722 5185 ³¹
1756 5154 1910 5207 Rom.
1948 5171 2037 5219 ιιι,
2072 5156 2160 5209 ll.

1680 5226 1721 5257 ³⁷
1761 5225 1916 5278 lioni.
1947 5241 2028 5287 ιιι,
2062 5225 2157 5289 14;
2196 5226 2336 5279 Psal.
2374 5242 2450 5291 ix,
2488 5226 2541 5281 7.

1776 5295 1820 5326 ⁴⁰
1852 5293 1992 5348 Psal.
2027 5311 2189 5355 xxxv.
2224 5297 2285 5361 2;
2324 5298 2481 5349 lion).
2521 5310 2606 5362 ιιι,
2630 5296 2717 5350 17.

1503 5367 1546 5398 ⁸⁸
1575 5366 1730 5421 Itoni.
1766 5381 1858 5432 vii,
1888 5365 1941 5418 9.

1858 4558 2062 4611 tionem
2102 4557 2226 4609 boni
2262 4558 2499 4626 malique
2533 4560 2829 4626 accepeiit,
2869 4561 3085 4627 venisse
3130 4562 3178 4616 ci
3234 4561 3434 4616 dicitur

1858 4646 1971 4711 lex,
2012 4658 2064 4701 et
2093 4648 2308 4702 dedisse
2337 4651 2609 4703 mandata.
2654 4648 2753 4704 Ubi
2784 4660 2961 4704 autem
2994 4652 3135 4705 inest
3163 4651 3242 4705 vis
3282 4668 3432 4706 man.

1858 4738 2002 4801 dati,
2037 4739 2141 4792 hoc
2178 4750 2295 4804 est,
2346 4740 2681 4794 conscientia
2722 4747 3076 4813 redai'giieiis.
3123 4754 3429 4812 peccatum,

1858 4831 2000 4898 quod
2053 4832 2203 4901 prius
2234 4833 2285 4884 in
2315 4847 2381 4885 eo
2416 4843 2685 4887 mortuum
2724 4845 2863 4899 erat,
2910 4834 3110 4888 dicitur
3147 4838 3425 4894 revixisse.

1856 4923 1935 4975 Ex
1987 4923 2089 4976 hoc
2136 4938 2266 4990 ergo
2294 4922 2408 4991 jam
2462 4932 2703 4994 tempore
2732 4927 2775 4979 si
2810 4928 2931 4996 quis
2976 4927 3173 4982 subdat
3213 4942 3273 4982 ie
3324 4929 3425 4995 legi

1856 5014 2050 5086 Moysi,
2072 5024 2132 5069 ut
2157 5029 2277 5069 eam
2302 5015 2594 5069 secundum
2626 5015 2863 5072 litteram
2895 5020 3165 5083 observet,
3200 5018 3427 5075 ctlicitnt'

2238 5155 2457 5237 ”_ibid.
2488 5154 2578 5237 _l_0.
2616 5155 2873 5237 “'f‘l’sal.
2901 5156 3103 5237 me}.
3157 5153 3423 5237 ."llom.

2616 5225 2662 5257 ⁸⁸
2688 5226 2848 5281 Rom.
2883 5240 2964 5287 ιιι,
3017 5224 3117 5289 l5;
3157 5222 3274 5278 lsai.
3312 5238 3425 5287 ιιιι.

2630 5296 2717 5349 l7.
2793 5295 2835 5326 “
2865 5295 2998 5349 ibi'd.
3039 5295 3093 5349 υ.
3186 5294 3232 5325 ⁸⁸
3266 5292 3419 5349 Rern.

2017 5365 2061 5395 “
2091 5367 2246 5422 Rom.
2275 5382 2328 5430 v,
2355 5366 2440 5420 l3.

1924 5482 2035 5553 (l5)
2070 5485 2160 5537 Sic
2191 5498 2322 5553 mss.
2358 5481 2468 5536 fere
2499 5495 2709 5536 omnes.
2746 5480 3129 5553 Qiiidamgvero
3159 5496 3281 5537 cum
3306 5482 3421 5539 ειηο

1854 5550 1943 5617 tis,
1974 5572 1992 5601 ι
2018 5552 2485 5605 cireuiiicisiom-in
2522 5552 2705 5620 accepi
2745 5552 2922 5607 octavi
2962 5550 3091 5619 diei,
3128 5570 3145 5605 ι
3172 5564 3274 5611 etc.

1924 5622 2036 5690 (l6)
2063 5621 2178 5674 Die.
2209 5620 2369 5690 Deest
2406 5621 2456 5673 in
2488 5628 2643 5674 antea
2672 5624 2851 5679 editis.

1923 5691 2038 5764 (l7)
2070 5691 2178 5760 AL,
2210 5708 2228 5743 ι
2267 5689 2546 5760 inciperet.
2577 5708 2598 5744 ι
