3974 6206
598 291 696 349 951

605 408 657 461 in
695 409 987 465 manifesto
1014 410 1231 464 .ludscus
1261 410 1324 465 ⁸⁷.
1354 409 1409 464 Si
1443 425 1572 465 vero
1602 410 1900 465 secundum
1935 412 2186 480 Spiritum

601 513 723 553 eam
750 507 1029 569 sequatur,
1061 499 1300 554 elﬁcitur
1336 500 1387 553 in
1421 501 1641 556 occulto
1663 498 1900 556 Judmus.
1933 501 2057 556 llaec
2085 517 2184 571 pro

601 603 666 643 eo
683 591 825 658 quod
852 589 1056 642 dictum
1080 598 1165 643 est
1185 606 1198 642 :
1220 608 1238 640 ι
1262 590 1484 645 Causati
1504 590 1649 644 enim
1683 606 1869 645 sumus
1890 590 2107 646 Judaeos
2133 601 2181 648 et

601 678 820 733 Graecos
850 693 1040 734 omnes
1075 681 1177 735 sub
1212 691 1436 750 peccato
1467 697 1588 737 esse
1610 681 1676 735 ⁸⁸.
1704 701 1723 735 ι
1762 682 1985 738 Scilicet
2025 701 2045 735 ι
2068 699 2186 736 om-
2224 738 2229 741 .

595 782 695 821 nes
728 785 747 817 ι
785 767 1126 838 intelligatur
1158 773 1227 827 de
1260 771 1369 826 illis
1399 772 1630 839 dictum,
1660 787 1798 841 quos
1833 773 1916 829 vel
1951 774 2182 828 naturali

595 857 679 912 vel
709 859 913 928 scripta
945 860 1063 931 lege
1085 877 1152 917 ne
1177 872 1405 932 peccent
1427 874 1643 919 constat
1672 866 1912 921 edoceri.
1965 864 2100 920 Nam
2131 876 2187 921 et

596 953 663 1004 de
687 953 937 1019 gentibus
963 954 1063 1009 sub
1096 964 1321 1025 peccato
1356 956 1515 1011 lactis
1546 959 1735 1013 eodem
1765 959 1929 1014 modo
1977 958 2183 1013 intelli-

597 1042 773 1109 gimus
807 1058 911 1111 quo
947 1060 1114 1114 supra
1144 1047 1412 1102 diximus:
1448 1063 1572 1102 cum
1602 1051 1872 1119 cmperint
1919 1052 2185 1106 naturali-

599 1146 683 1188 ter
708 1150 827 1205 qua-
859 1136 993 1207 legis
1017 1147 1144 1192 sunt
1173 1139 1357 1196 facere
1378 1142 1445 1206 δ’,
1468 1153 1523 1196 et
1550 1142 1649 1212 ipsi
1672 1143 1772 1197 sibi
1795 1158 1915 1199 esse
1936 1143 2045 1207 lex,
2073 1153 2183 1198 tum

597 1223 1007 1291 redarguuntur
1052 1241 1081 1278 a
1120 1229 1453 1283 conscientia
1496 1231 1548 1284 in
1580 1232 1665 1286 his
1710 1247 1834 1301 qum
1883 1245 2072 1287 contra
2111 1233 2187 1286 le-

598 1326 719 1379 gem
755 1311 934 1367 facere
968 1314 1238 1370 videntur.
1278 1317 1506 1388 Propter
1527 1323 1671 1390 quod
1704 1331 1758 1376 et
1781 1334 2186 1392 consequenter

599 1405 731 1459 mihi
769 1406 1025 1461 videntur
1054 1423 1184 1464 vere
1223 1412 1463 1467 sensisse
1497 1414 1574 1479 hi,
1620 1415 1710 1485 qui
1753 1414 1926 1486 legem
1978 1427 2186 1471 natura:

596 1494 767 1562 legem
806 1495 899 1549 Dei
925 1497 1140 1563 dicunt,
1174 1499 1346 1568 legem
1397 1512 1581 1557 autem
1638 1503 1806 1575 Moysi
1846 1505 2016 1575 legem
2048 1507 2185 1562 scri-

594 1594 741 1652 ptam
777 1589 1053 1659 appellant
1078 1590 1215 1659 (l8).
1256 1590 1312 1646 Si
1345 1606 1475 1664 ergo
1500 1594 1704 1649 Paulus
1720 1596 1787 1651 de
1807 1595 1925 1667 lege
1953 1598 2184 1667 scripta,

600 1679 698 1732 hoc
726 1689 809 1733 est
844 1681 910 1735 de
952 1681 1067 1751 lege
1091 1680 1284 1753 Moysi,
1319 1684 1571 1740 diceret:
1611 1704 1631 1738 ‹
1672 1685 1964 1742 Peccatum
1999 1699 2180 1743 autem

597 1785 701 1822 non
729 1769 1051 1839 imputatur,
1086 1789 1211 1829 eum
1245 1774 1329 1830 lex
1362 1792 1469 1832 non
1502 1788 1585 1832 est
1607 1779 1679 1844 ⁸⁸,
1714 1798 1732 1832 ι
1782 1780 2057 1835 videbitur
2081 1797 2180 1836 nec

596 1861 725 1914 Cain
762 1874 1074 1932 reputatmn
1128 1880 1248 1922 esse
1278 1877 1563 1937 peccatum
1608 1869 1750 1941 (19),
1785 1886 1885 1927 nec
1929 1872 2035 1927 illis
2087 1874 2180 1943 qui

597 1952 799 2005 diluvio
825 1954 1125 2024 perierunt,
1164 1972 1264 2013 nec
1296 1959 1403 2013 illis
1447 1976 1584 2030 quos
1636 1962 1690 2016 in
1740 1962 1993 2017 Sodomis
2042 1964 2182 2033 ignis

595 2045 920 2114 absumpsit.
974 2045 1080 2102 Sed
1129 2051 1388 2119 quoniam
1432 2052 1682 2109 videmus
1726 2053 1831 2108 illis
1862 2069 1965 2109 non
2008 2055 2180 2110 solum

598 2145 845 2203 reputata
869 2150 990 2192 esse
1007 2149 1253 2205 peccata,
1283 2142 1379 2195 sed
1408 2152 1463 2195 et
1493 2141 1756 2198 ultionem
1783 2144 1835 2197 in
1854 2158 1949 2198 eos
1972 2145 2180 2208 datam,

594 2227 905 2280 ostenditur
933 2244 1000 2283 ex
1033 2230 1116 2284 his
1148 2231 1214 2284 de
1243 2232 1475 2286 naturali
1524 2232 1643 2303 lege
1686 2232 1913 2288 Paulum
1972 2235 2180 2302 dicere,

594 2331 739 2385 quae,
766 2329 993 2390 excepta
1022 2322 1196 2390 prima
1224 2331 1388 2377 aetate
1412 2325 1684 2393 pueritiae,
1712 2324 1765 2379 in
1793 2326 2047 2381 omnibus
2078 2328 2180 2382 ho-

595 2407 832 2463 minilms
861 2411 1035 2465 inest:
1070 2422 1123 2466 et
1151 2428 1249 2482 per
1285 2414 1386 2469 hoc
1415 2416 1718 2471 rectissime
1750 2416 1880 2472 dicit
1911 2433 1925 2470 :
1976 2436 1996 2471 ς
2037 2418 2179 2474 Cau-

594 2499 699 2553 sati
735 2500 879 2554 enim
910 2516 1099 2555 sunms
1133 2500 1351 2557 Juda'os
1377 2515 1430 2558 et
1462 2503 1683 2560 Graecos
1712 2522 1903 2562 omnes
1932 2506 2032 2561 sub
2055 2521 2181 2577 pec-

596 2598 721 2644 cato
745 2604 887 2645 esse.
926 2610 945 2644 ι
986 2591 1147 2663 506
1180 2593 1333 2648 Unde
1378 2610 1485 2649 non
1528 2597 1659 2655 mihi
1700 2598 1914 2653 videtur
1953 2598 2178 2669 quidam

594 2680 711 2752 (20)
734 2696 798 2737 ex
833 2682 1175 2751 sapientibus
1202 2692 1391 2737 contra
1431 2686 1694 2741 rationem
1738 2688 2015 2754 deﬁnisse,
2039 2691 2180 2758 quod

596 2776 650 2831 in
680 2778 826 2831 omni
867 2777 1179 2832 mortalium
1216 2793 1434 2849 genere,
1485 2795 1608 2834 cum
1646 2783 1713 2835 ad
1763 2781 1813 2835 id
1845 2782 2023 2837 aetatis
2051 2797 2180 2836 ven-

597 2875 710 2921 tum
748 2865 912 2921 fuerit
936 2866 1025 2922 ubi
1052 2867 1433 2925 discretionem
1466 2871 1595 2925 recti
1635 2872 1897 2942 pravique
1931 2872 2178 2943 ingressu

595 2958 865 3013 naturalis
894 2958 1027 3029 legis
1048 2961 1170 3029 quis
1206 2963 1467 3032 excipiat,
1508 2963 1685 3032 primo
1730 2963 1976 3018 omnium
2024 2962 2180 3017 mali-

597 3047 725 3101 tiam
751 3050 1025 3116 suscitari,
1057 3061 1178 3118 pnst
1207 3052 1321 3107 lucc
1349 3052 1462 3121 jam
1496 3053 1917 3118 eruditionibus,
1958 3053 2178 3109 institu-

594 3139 687 3201 tis,
719 3140 939 3194 monitis
988 3117 1249 3211 paulatim
1286 3117 1407 3196 eavm
1446 3143 1661 3212 depelli,
1711 3152 1766 3198 et
1814 3146 1880 3198 ad
1915 3144 2171 3198 virtutem
2207 3117 2247 3173 Ο

598 3229 847 3284 transiri.
888 3230 1139 3285 Consoua
1178 3247 1415 3301 namque
1459 3233 1544 3289 his
1574 3235 1737 3289 etiam
1781 3232 1987 3289 Paulus
2038 3238 2171 3290 mihi

593 3322 833 3377 sensisse
867 3322 1085 3377 videtur
1117 3323 1168 3378 in
1192 3338 1256 3378 eo
1289 3325 1429 3393 quod
1458 3325 1628 3381 dicit:
1683 3344 1702 3377 ι
1744 3325 1849 3381 Sed
1893 3328 1980 3382 ubi
2026 3329 2175 3382 venit

595 3415 932 3481 mandatum,
966 3427 1248 3485 peccatum
1278 3416 1497 3471 revixit.
1525 3436 1545 3469 ι
1569 3417 1674 3472 Sed
1702 3427 1756 3472 et
1786 3418 2171 3475 Salvatorcum

593 3504 724 3558 dicit
751 3505 803 3559 in
832 3505 1172 3575 Evangeliis:
1211 3523 1229 3556 ι
1270 3504 1380 3559 Nisi
1414 3507 1707 3571 venissem,
1755 3517 1811 3561 et
1845 3507 2057 3564 locutus
2092 3511 2173 3566 eis

595 3594 839 3657 fuissem,
879 3607 1164 3667 peccatum
1194 3612 1297 3651 non
1334 3598 1642 3653 haberent:
1681 3613 1830 3654 nunc
1855 3608 2040 3654 autem
2071 3616 2172 3655 ex-

591 3688 928 3742 cusationem
961 3703 1065 3743 non
1097 3689 1301 3743 habent
1327 3690 1393 3743 de
1420 3697 1646 3759 peccato
1675 3704 1776 3744 suo
1795 3689 1865 3754 ",
1896 3711 1917 3742 ι
1961 3692 2174 3746 videbi-

592 3788 679 3831 tur
704 3780 1006 3834 secundum
1040 3781 1179 3835 hanc
1206 3780 1413 3835 dixisse
1458 3781 1747 3849 rationem,
1780 3782 1924 3851 quod
1976 3782 2172 3838 virtute

590 3885 654 3923 ea
684 3886 790 3939 qua
820 3873 1030 3940 replere
1067 3872 1181 3944 (‘31)
1204 3873 1404 3927 dicitur
1421 3874 1705 3939 mundum,
1728 3873 1795 3927 ad
1819 3888 2174 3944 unumquem-

588 3977 695 4031 que
727 3963 1001 4017 hominem
1031 3965 1235 4030 veniat,
1266 3974 1320 4020 et
1348 3965 1600 4035 loquatur
1633 3966 1685 4020 in
1721 3966 1888 4021 corde
1928 3966 2066 4035 ejus,
2106 3982 2170 4023 ac

592 4055 718 4108 boni
768 4054 1004 4123 malique
1038 4055 1303 4121 judicium
1356 4058 1575 4114 doceat.
1622 4058 1745 4115 Ideo
1789 4074 1923 4131 ergo
1967 4059 2169 4117 Paulus

589 4144 852 4213 scriptum
880 4158 1000 4199 esse
1016 4145 1147 4200 dicit
1170 4165 1184 4201 :
1215 4165 1233 4198 ο
1259 4146 1397 4212 Quia
1415 4164 1521 4204 non
1545 4151 1819 4217 estjustus
1844 4152 2168 4222 quisquam;

593 4249 699 4286 non
728 4242 812 4287 est
850 4234 1177 4304 intelligens,
1213 4250 1317 4291 non
1358 4246 1443 4291 est
1489 4241 1772 4307 requirens
1806 4240 2010 4296 Deum:
2047 4256 2169 4297 om-

591 4341 687 4379 nes
705 4325 1138 4392 dcclinaverunt,
1166 4327 1328 4383 simul
1350 4328 1566 4384 inutiles
1593 4330 1718 4386 lacti
1748 4334 1973 4400 sunt";
2003 4354 2021 4386 ι
2056 4336 2167 4391 sic-

590 4428 649 4471 ut
682 4426 736 4471 ct
768 4415 897 4472 alibi
930 4416 1198 4487 Propheta
1232 4420 1363 4474 dicit
1397 4438 1411 4474 :
1455 4438 1473 4472 ι
1502 4420 1639 4487 Quia
1691 4439 1798 4477 non
1839 4427 2167 4491 justiﬁcabi-

592 4521 675 4563 tur
706 4510 757 4564 in
783 4520 1077 4581 conspectu
1114 4522 1204 4566 tuo
1227 4512 1408 4569 omnis
1439 4513 1627 4568 vivens
1654 4514 1753 4572 ³³.»
1789 4515 1945 4583 Quod
1974 4519 2169 4575 fortas-

588 4600 664 4653 sis
694 4600 1025 4652 coutrariunt
1060 4598 1313 4654 videatur
1350 4600 1469 4656 aliis
1511 4600 1831 4672 Scripturis,
1865 4620 1985 4676 qure
2034 4622 2170 4661 non-

589 4690 751 4744 nullis
779 4690 1147 4746 testimonium
1178 4693 1465 4761 perhibent
1489 4696 1637 4765 quasi
1657 4694 1848 4764 justis;
1877 4697 1929 4751 in
1957 4708 2165 4753 tantum

588 4790 646 4835 ut
678 4783 843 4836 etiam
877 4783 943 4835 ad
992 4780 1297 4837 Jerusalem
1349 4784 1416 4839 de
1457 4785 1710 4841 Sodomis
1759 4787 1992 4856 dicatur,
2040 4791 2165 4857 quia

591 4891 611 4924 ι
641 4872 937 4940 justiﬁcata
962 4881 1046 4927 est
1077 4872 1310 4928 Sodoma
1335 4888 1400 4928 ex
1437 4885 1488 4931 te
1514 4876 1580 4929 ".
1608 4895 1627 4929 ι
1681 4876 1786 4932 Sed
1834 4879 2047 4935 intuere
2085 4882 2168 4935 di-

586 4962 840 5033 ligentius
863 4964 1136 5019 cautelam
1169 4963 1469 5035 Scriptura:
1490 4968 1709 5031 divina},
1752 4971 2023 5038 quomodo
2059 4988 2163 5027 non

588 5056 759 5112 dixit:
790 5073 807 5107 ι
837 5053 1143 5110 Justiﬁcala
1169 5067 1251 5111 est
1278 5056 1548 5121 Sodoma;
1577 5078 1594 5111 ι
1627 5059 1721 5114 sed
1744 5061 1819 5114 ait
1843 5061 1954 5132 (23)
1984 5082 1996 5117 :
2025 5063 2169 5130 Quo-

657 5152 700 5183 "
725 5152 879 5206 Rom.
917 5168 974 5214 tt,
1005 5152 1093 5206 28.
1173 5152 1223 5223 ‘f
1250 5151 1405 5206 Rom.
1444 5169 1527 5216 tu,
1558 5153 1612 5208 9.
1688 5154 1733 5187 δ’
1759 5155 1914 5209 Rom.
1946 5174 2008 5223 ιι,
2049 5162 2133 5215 11.

584 5221 730 5299 Psal.
766 5238 885 5285 xm,
1128 5223 1175 5299 ξξ
1207 5222 1348 5299 Psal.
1407 5224 1666 5299 cxut,_2.
1744 5224 1789 5256 “
1820 5221 2019 5285 Ezech.
2056 5248 2171 5299 xvt,

582 5292 630 5323 ”
661 5292 820 5346 Rom.
848 5310 927 5357 ιιι,
967 5293 1055 5347 ll).
1131 5291 1176 5324 "
1210 5293 1352 5346 l’sal.
1378 5307 1542 5356 chtt,
1571 5294 1626 5347 2.

653 5383 764 5451 (18)
794 5383 885 5438 Sic
910 5395 1056 5438 recte
1087 5399 1187 5439 ms.
1214 5400 1375 5441 unus.
1403 5385 1541 5439 Editi
1568 5400 1697 5439 vero
1729 5395 1783 5439 et
1805 5386 1983 5440 cmteri
2018 5402 2149 5441 mss.

584 5454 757 5525 nostri
796 5456 1017 5518 habent,
1073 5455 1293 5525 clegem
1338 5466 1522 5525 autem
1577 5458 1834 5525 scriptam
1882 5458 2152 5525 positione

585 5520 1018 5595 (ulupcisitionis,
1059 5524 1135 5577 al.
1165 5520 1420 5595 positam)
1453 5524 1624 5593 legem
1654 5520 1773 5580 esse
1804 5520 2099 5594 appellant.
2124 5546 2143 5579 ι

655 5591 768 5660 (19)
801 5593 962 5654 Εὼιί,
1000 5611 1017 5643 σ
1062 5591 1594 5660 nonimputabatur,
1623 5611 1743 5648 cum
1778 5591 1997 5649 lex—non
2040 5611 2160 5652 csse

584 5658 892 5724 videbatur,
930 5676 1026 5712 nec
1053 5659 1188 5714 Cain
1215 5658 1518 5729 reputatqu
1552 5676 1692 5721 esset
1723 5677 2057 5735 peccatum.)

2062 292 2385 351 ORIGENIS

3690 307 3765 363 933

2218 414 2263 470 Α
2294 408 2440 461 niani
2477 414 2530 460 tu
2561 405 2769 461 scelera
2796 405 2966 462 multa
2996 408 3308 475 committis,
3339 417 3393 463 et
3416 408 3530 465 talia
3567 425 3667 471 sunt
3686 434 3767 490 qua

2286 498 2424 569 agis,
2455 507 2512 553 ut
2546 513 2737 553 omnes
2760 500 3193 570 supergrediaris
3222 504 3275 555 in
3307 502 3641 570 magnitudine
3676 523 3764 577 pec.

2286 598 2553 653 calorum,
2586 589 2651 643 ad
2682 590 3141 658 comparationem
3178 590 3445 645 scelerum
3486 604 3663 650 tuorum
3688 600 3764 665 jam

2286 678 2522 733 Sodoma
2554 678 2851 748 iustiﬁcata
2904 688 3010 735 est.
3066 680 3133 734 Et
3176 680 3266 734 hic
3316 696 3441 752 ergo
3494 686 3616 751 quod
3646 688 3763 742 dixit:

2290 788 2309 822 ι
2340 768 2455 824 Non
2483 770 2878 840 jnStiﬁcabitur
2909 770 2963 824 in
2993 781 3285 839 conspectu
3311 779 3400 826 tuo
3421 774 3582 828 omnis
3595 776 3763 837 Vivens»

2286 876 2390 915 non
2422 861 2526 916 hoc
2556 860 2748 921 sentiri
2773 860 2943 915 voluit
2971 861 3113 930 quod
3141 875 3249 915 non
3275 861 3630 930 justiﬁcabitur
3650 874 3766 924 enim:

2287 954 2494 1019 vivens,
2524 954 2619 1008 sed
2659 970 2680 1004 ι
2718 953 2771 1007 in
2799 963 3094 1023 conSpectu
3128 962 3243 1017 tuo,
3264 970 3283 1004 ι
3317 953 3415 1007 hoc
3443 964 3520 1008 est
3585 956 3672 1023 Dei,
3701 976 3765 1015 non

2279 1042 2689 1112 justilicabitur.
2724 1044 3091 1110 Quantumvis
3121 1045 3268 1098 enim
3305 1045 3423 1113 quis
3441 1044 3616 1112 justus,
3651 1066 3764 1119 quan-

2286 1137 2484 1190 tumvis
2506 1144 2731 1190 sanctus
2754 1136 2843 1200 sit,
2893 1150 2999 1189 non
3051 1135 3231 1189 solum
3283 1134 3423 1189 inter
3454 1136 3682 1205 homines,
3705 1145 3763 1195 1εά

2284 1238 2338 1282 et
2375 1227 2426 1281 in
2457 1229 2711 1299 superuis
2738 1238 2903 1298 atque
2935 1229 3394 1284 eminentioribus
3441 1232 3681 1297 creaturis,
3722 1236 3763 1287 ad

2284 1320 2753 1387 comparationem
2786 1318 2881 1374 Dei
2917 1329 3128 1374 certum
3160 1330 3246 1375 cst
3278 1336 3396 1376 eum
3429 1321 3672 1391 iustiﬁcari
3701 1342 3767 1379 non

2286 1425 2469 1479 posse.
2514 1410 2760 1480 Denique
2794 1420 2847 1465 et
2882 1410 2934 1464 in
2967 1410 3299 1482 Apocalypsi
3336 1410 3545 1467 Joannis
3560 1413 3619 1477 ",
3644 1415 3709 1468 ubi
3730 1416 3770 1468 li-

2285 1503 2385 1558 ber
2418 1504 2670 1573 signatus
2702 1502 2929 1558 oﬁ‘ertur
2969 1503 3021 1557 in
3054 1515 3354 1573 conspectu
3398 1505 3572 1559 vetusti
3605 1504 3769 1565 dierum.

2285 1604 2339 1648 et
2378 1594 2640 1663 quaeritur
2665 1608 2732 1649 ex
2769 1596 2917 1650 omni
2959 1595 3130 1660 tribu,
3161 1595 3370 1665 lingua,
3403 1604 3454 1650 et
3486 1596 3676 1665 populis,
3710 1600 3771 1665 qui

2284 1700 2409 1740 eum
2438 1687 2605 1755 possit
2649 1685 2884 1754 aperire,
2923 1684 3109 1740 nullus
3165 1685 3418 1740 inventus
3448 1696 3523 1740 est
3549 1686 3633 1741 nisi
3670 1686 3771 1740 solus

2212 1765 2254 1819 Β
2284 1777 2472 1847 Agnus
2518 1780 2584 1831 de
2624 1778 2764 1832 tribu
2813 1776 2971 1841 Juda,
3011 1777 3102 1846 qui
3144 1777 3475 1846 iustiﬁcatus
3520 1778 3654 1832 estin
3685 1794 3773 1833 con-

2298 1880 2485 1939 spectu
2518 1868 2612 1923 Dei
2653 1883 2668 1922 :
2716 1879 2771 1923 et
2824 1870 2937 1936 ipse
2974 1869 3120 1923 solus
3161 1869 3364 1923 librum
3398 1869 3575 1922 meruit
3605 1869 3771 1938 aperire,

2283 1964 2373 2031 qui
2422 1962 2571 2017 solus
2613 1962 2728 2031 ipse
2767 1970 2853 2016 est
2891 1979 2910 2012 ι
2943 1961 3034 2029 qui
3080 1961 3287 2031 aperit,
3330 1970 3383 2014 et
3417 1975 3559 2015 nemo
3600 1960 3769 2023 claudit;

2283 2048 2487 2104 claudit
2519 2059 2575 2104 et
2622 2064 2784 2104 nemo
2842 2050 3019 2117 aperit
3050 2050 3118 2104 ".
3164 2068 3187 2100 ›
3225 2049 3383 2104 Solus
3432 2064 3549 2119 ergo
3592 2048 3771 2104 Salvator

2284 2150 2469 2197 noster
2514 2142 2778 2197 Dominus
2809 2140 2974 2197 Jesus
3007 2141 3269 2198 Christus
3292 2141 3591 2211 justiﬁeatur
3615 2143 3655 2196 in
3678 2156 3771 2195 con-

2283 2240 2471 2302 spectu
2502 2230 2705 2298 Patris,
2737 2232 2865 2302 quia
2899 2248 2919 2284 ι
2952 2248 3306 2303 quaecunque
3355 2232 3478 2287 facit
3516 2231 3664 2299 Pater,
3694 2230 3770 2284 hac

2281 2331 2336 2378 et
2371 2321 2545 2378 Filius
2582 2322 2717 2378 facit
2752 2323 3014 2379 similiter
3044 2326 3143 2379 ⁸⁷.»
3192 2324 3383 2380 Omnis
3412 2333 3569 2378 autem
3591 2332 3768 2378 creatum

2282 2430 2347 2471 ex
2370 2415 2771 2485 comparatione
2795 2415 3117 2471 inferiorum
3134 2415 3157 2486 ᾖ
3174 2417 3486 2471 ustilicatnr.
3510 2412 3571 2469 Ut
3590 2414 3643 2481 si,
3668 2412 3769 2467 verbi

2280 2521 2473 2570 causa,
2518 2506 2771 2561 dicamus
2808 2523 2823 2560 :
2855 2506 2922 2560 ad
2966 2507 3429 2575 comparationem
3458 2506 3623 2575 reliqui
3645 2505 3769 2574 populi

2276 2597 2425 2667 justa
2452 2596 2556 2652 l‘uit
2588 2596 2757 2652 Maria
2792 2611 2951 2652 soror
2977 2597 3146 2669 Moysi
3178 2615 3193 2651 :
3220 2608 3277 2653 et
3306 2614 3507 2653 rursum
3533 2598 3589 2651 ad
3616 2610 3770 2659 compa-

2282 2687 2548 2741 rationem
2600 2686 2786 2744 Maria:
2815 2691 2996 2757 justus
3025 2700 3148 2743 erat
3199 2694 3413 2743 Aaron:
3456 2697 3505 2742 et
3540 2687 3693 2741 iterum
3724 2685 3768 2735 :‘d

2281 2779 2745 2849 comparationem
2776 2780 2986 2844 Aaron,
3008 2778 3205 2847 justus
3238 2788 3352 2834 erat
3386 2777 3591 2848 Moyses.
3631 2774 3770 2827 Beatus

2283 2878 2463 2924 tamen
2496 2877 2578 2924 est
2610 2870 2699 2939 qui
2723 2883 2788 2925 ex
2815 2871 3238 2940 comparatione
3267 2870 3529 2926 meliorum
3548 2869 3769 2938 jnstusap-

2282 2958 2534 3029 pellatur,
2564 2966 2617 3013 et
2646 2974 2749 3014 non
2781 2974 2846 3015 ex
2878 2960 3295 3030 comparatione
3316 2960 3651 3028 pessimorum,
3673 2957 3771 3009 sicut

2283 3048 2544 3118 Sodoma,
2583 3065 2705 3119 qua:
2740 3065 2806 3105 ex
2854 3052 3277 3121 comparatione
3323 3049 3595 3107 Jerusalem
3628 3044 3771 3116 justiti-

2283 3153 2405 3196 cata
2439 3153 2790 3198 memoratur.
2842 3144 2994 3199 Unde
3039 3152 3094 3198 et
3125 3158 3237 3214 ego
3274 3158 3457 3198 vereor
3495 3155 3552 3196 ne
3575 3155 3629 3193 ex
3662 3137 3770 3192 nobis

2282 3236 2373 3305 qui
2411 3236 2658 3289 videmur
2689 3250 2811 3289 esse
2852 3237 2904 3290 in
2937 3235 3195 3291 Ecclesia
3228 3234 3323 3289 Dei
3355 3245 3407 3290 et
3444 3234 3535 3304 legi
3563 3233 3656 3303 ejus
3676 3243 3769 3300 ope-

2284 3342 2397 3379 ram
2450 3329 2599 3389 dare,
2651 3342 2713 3382 ac
2746 3329 3030 3398 praeceptis
3061 3328 3399 3396 evangelicis
3435 3328 3678 3384 deservire,
3715 3325 3770 3375 in-

2280 3417 2570 3472 veniantur
2622 3417 2786 3487 aliqui
2847 3418 3150 3473 inﬁdelium
3207 3417 3547 3487 justiﬁcandi.
3587 3412 3769 3469 Utrerbi

2281 3521 2445 3561 causa
2474 3506 2675 3569 dicam,
2717 3507 2763 3561 si
2821 3523 2919 3564 nos
2951 3508 3166 3561 libidini
3199 3517 3256 3563 et
3283 3507 3604 3577 impudicitia
3620 3502 3769 3559 servia-

2282 3612 2423 3662 mus,
2449 3605 2505 3649 et
2532 3596 2750 3665 gentilis
2782 3598 2875 3667 qui
2900 3597 3107 3652 alienus
3126 3606 3220 3653 est
3248 3613 3277 3651 a
3310 3598 3409 3652 ﬁde
3425 3594 3767 3660 Cbristi,cnsto-

2280 3698 2394 3752 diat
2424 3700 2756 3764 castitatem,
2796 3699 2886 3753 ille
2933 3700 3154 3768 gentilis
3182 3700 3503 3768 justiﬁcatur
3546 3712 3599 3749 ex
3644 3692 3766 3747 nobis.

2281 3786 2551 3842 Similiter
2585 3798 2640 3843 et
2685 3789 2730 3844 si
2765 3804 2864 3844 nos
2894 3790 3156 3857 avaritia,
3207 3790 3521 3859 rapacitate,
3561 3781 3766 3854 superbia.

2278 3888 2332 3932 et
2363 3880 2582 3935 caeteris
2611 3880 2924 3949 hujusmodi
2956 3880 3121 3936 malis
3168 3883 3523 3943 involvantur,
3569 3872 3769 3966 abstineat

2278 3978 2457 4023 autem
2497 3968 2566 4024 ab
2596 3969 2683 4024 bis
2712 3971 2971 4027 omnibus
3003 3971 3248 4039 gentilis,
3288 3980 3341 4027 et
3371 3970 3422 4025 bi
3446 3968 3527 4038 qui
3546 3958 3768 4034 ιεςθωῦά

2278 4062 2557 4128 nesciunt,
2588 4062 2665 4117 illi
2701 4064 3156 4131 justiﬁcabuntur
3182 4080 3250 4119 ex
3275 4064 3448 4126 nobis,
3472 4069 3519 4115 et
3551 4071 3632 4112 nos
3653 4068 3701 4108 ex
3721 4049 3766 4101 il-

2279 4155 2453 4210 lorum
2488 4155 2903 4224 comparatione
2928 4156 3335 4210 damnabimur.
3357 4154 3489 4221 Quin
3516 4148 3767 4222 potiusoP‘"

2279 4262 2393 4301 ram
2421 4246 2630 4309 demus,
2668 4255 2729 4299 ut
2772 4245 2914 4300 sicut
2966 4245 3072 4299 ﬁde
3103 4244 3459 4314 praecedimus
3503 4244 3678 4309 gentes.
3716 4229 3764 4280 ila

2278 4337 2490 4391 actibus
2522 4345 2580 4390 et
2618 4335 2875 4405 operibus
2923 4334 3322 4405 przecellamus,
3372 4347 3438 4387 ne
3478 4327 3599 4383 mala
3634 4328 3764 4377 nostri

2282 4427 2416 4481 ﬁant
2446 4425 2618 4480 aliena
2649 4426 2811 4492 bona,
2845 4433 2899 4478 et
2946 4424 3165 4478 illorum
3218 4420 3557 4493 temperantia
3588 4422 3763 4506 nostrai"

2278 4518 2573 4587 redarguat
2626 4517 3128 4585 intemperantiam.
3177 4515 3362 4570 Potest
3414 4511 3573 4566 adhuc
3616 4509 3659 4557 et
3692 4497 3764 4597 alia

2274 4610 2434 4664 modo
2470 4610 2753 4679 explanari
2787 4609 2928 4677 quod
2959 4607 3138 4662 dixit:
3177 4626 3195 4658 ι
3233 4606 3347 4659 Non
3379 4612 3456 4658 est
3476 4602 3634 4688 justus
3660 4606 3765 4688 qua:

2271 4718 2432 4771 quam
2464 4702 2545 4769 '3;
2588 4721 2607 4753 ι
2667 4701 2748 4756 vel
2791 4700 2932 4771 quod
2968 4701 3085 4753 ait:
3142 4718 3161 4751 ε
3195 4698 3309 4752 Non
3348 4687 3688 4763 justilicabitur
3727 4692 3762 4778 tn

2271 4806 2567 4867 conspectu
2605 4806 2697 4850 tuo
2725 4795 2905 4849 omnis
2936 4795 3127 4847 vivens
3148 4791 3232 4851 ":
3272 4810 3292 4843 ι
3349 4788 3471 4857 quia
3509 4786 3651 4837 donec
3675 4785 3763 4841 (ιιιιέ

2271 4888 2406 4940 vivit
2441 4889 2491 4940 in
2524 4902 2776 4956 corpore,
2804 4884 3093 4953 iustiﬁcari
3129 4898 3233 4937 non
3269 4887 3442 4950 P0leSl
3470 4888 3556 4929 "ec
3583 4877 3764 4962 omni".

2278 4980 2397 5032 tiari
2424 4978 2629 5047 justus,
2657 4980 2749 5032 sed
2786 4993 2908 5032 cum
2939 4977 3137 5032 exierit
3163 4977 3227 5029 de
3254 4984 3493 5042 corpore,
3523 4974 3570 5017 et
3590 4961 3762 5057 deuota"-

2278 5069 2439 5136 hujus
2472 5085 2644 5141 agone
2679 5069 3017 5133 discesserit,
3064 5069 3205 5122 sicut
3244 5074 3299 5119 et
3349 5060 3599 5127 Scriptura
3631 5047 3757 5141 dicit:

2212 5164 2257 5195 "
2276 5165 2431 5218 Rom.
2467 5136 2633 5225 v:l5.
2709 5164 2753 5195 “
2784 5163 2940 5219 Joan.
2972 5180 3062 5219 xv.
3090 5162 3180 5216 εξ.
3255 5161 3299 5192 ⁸¹
3331 5158 3577 5225 Rom._tu,
3601 5136 3756 5225 ill-l3;

2204 5211 2431 5299 51.35.
2477 5211 2728 5305 ’δ’δἰἷρος.
2765 5211 3243 5303 ν’ῘἾίᾸρὸἕῘὶιι,
3276 5230 3330 5282 7.
3400 5211 3755 5275 "tomum.

2331 5391 2445 5472 (φο)
2473 5391 2646 5457 Alias,
2674 5409 2693 5444 ι
2723 5391 2942 5446 videtur
2982 5386 3301 5459 quemdam;
3336 5403 3356 5436 ι
3393 5382 3479 5445 aL,
3515 5399 3531 5431 ι
3563 5372 3756 5429 videntur

2259 5468 2504 5529 quidam.
2533 5481 2550 5512 ι

2334 5532 2445 5600 (21)
2483 5532 2590 5592 ΑΙ..
2625 5550 2645 5584 ε
2684 5530 2826 5599 quod
2860 5528 3038 5583 virtus
3072 5545 3133 5585 ca
3163 5541 3280 5599 qua:
3313 5521 3521 5593 replere,
3551 5521 3676 5569 ietc.

2340 5602 2454 5673 (Ἦ)
2484 5602 2646 5669 Editi,
2679 5619 2699 5653 α
2735 5612 2811 5669 ut,
2846 5619 2865 5654 ι
2905 5601 3067 5657 male.
