3936 6196
152 346 153 349 ‘
208 339 357 394 07.3
1215 331 1571 390 COMSlENT.
1607 331 1674 385 1N
1718 330 1936 393 EPIST.
1979 332 2277 403 ADROM.
2313 334 2436 388 ΗΒ.
2475 333 2559 387 lll.
3409 336 3512 393 934

225 478 245 506 ο
301 460 396 514 Nc
444 456 840 514 lieatilicaveris
893 444 1168 508 hominem
1216 463 1344 506 ante
1402 470 1521 506 mor
1547 468 1656 517 em,
1708 453 1835 521 quia
1868 462 1913 517 Δ
1946 454 2054 523 tilis
2102 470 2312 518 servus,
2346 456 2438 508 sed
2467 469 2656 508 servus
2694 454 2864 505 houus
2898 460 2948 503 ct
2992 448 3161 503 fidi-lis
3209 449 3511 504 vocabitur.

218 551 443 604 rteScis
468 563 587 618 quae
612 556 769 600 erunt
799 544 913 610 ejus
951 545 1248 598 u0vissima
1279 543 1354 607 ‘°;
1388 562 1406 595 ι
1436 554 1492 597 et
1525 545 1715 597 iterum
1750 544 1835 597 di-
1944 544 2008 598 Et
2036 546 2227 598 iterum
2265 557 2592 613 pra-ceptum
2622 552 2724 605 est,
2754 553 2810 596 ut
2841 544 2892 595 1ιί
2923 542 3010 611 qui
3035 540 3386 610 Evangelinm
3416 557 3516 595 an-

220 641 321 692 cit
366 639 726 693 Ecclesiastes
758 638 835 689 ":
874 654 893 686 ι
931 637 994 689 Et
1022 635 1232 689 laudavi
1270 634 1519 688 homines
1550 634 1840 690 defunctos
1942 637 2227 699 nuntiant,
2261 637 2325 687 de
2348 634 2644 702 Evangelio
2676 633 2861 685 vivant
2883 632 2945 684 ⁷⁸.
2978 630 3171 684 Paulus
3210 642 3383 685 tamen
3430 633 3514 684 di-

216 733 342 796 qni
371 733 485 799 jam
518 731 710 783 mortui
747 736 897 790 sunt,
936 728 1110 797 magis
1144 741 1309 795 quam
1351 725 1502 779 vivos
1526 726 1615 793 qui
1653 727 1836 780 adhuc
1942 726 2036 788 cit,
2081 725 2203 794 quia
2238 744 2255 775 ι
2285 726 2431 779 nullo
2486 725 2681 778 horum
2737 738 2864 776 usus
2911 737 3068 790 sum;
3102 741 3119 773 ι
3153 731 3206 775 et
3256 722 3378 775 ideo
3408 740 3512 776 non

220 821 483 875 vivunt:
520 822 612 874 sed
640 820 830 874 melior
856 835 1021 887 super
1055 828 1316 888 utrosque
1341 818 1433 888 qui
1468 817 1704 871 nondum
1734 833 1835 871 na.
1940 816 2148 873 inutilis
2166 825 2513 880 eratscrvus,
2536 816 2628 871 sed
2661 814 2836 867 iidelis
2854 820 2906 864 et
2935 815 3188 881 prudens.
3226 831 3242 863 ι
3271 813 3511 867 Οιηηθει

225 921 341 965 tus
385 921 490 965 est.
527 929 545 961 ι
587 910 765 965 Habes
790 912 968 964 adhuc
999 918 1053 964 et
1083 908 1246 963 aliam
1283 908 1583 978 Scriptura:
1620 919 1838 963 senten-
1942 924 2071 977 ergo
2126 910 2599 972 «declinaverunt,
2644 907 2804 960 simul
2864 906 3085 960 inutiles
3137 905 3264 958 l'acti
3320 914 3465 961 sunt.
3493 924 3510 954 ι

220 1002 392 1055 tiam
422 1017 543 1071 quae
576 1003 733 1066 dicit,
764 1002 891 1071 quia
925 1000 1237 1070 quicunque
1264 1000 1523 1054 minimus
1552 1008 1636 1053 est
1679 1001 1731 1053 in
1760 1015 1840 1055 re-
1942 1000 2146 1066 Quibus
2178 1001 2380 1055 addidit
2407 1019 2419 1054 :
2454 1018 2473 1052 ι
2498 998 2613 1053 Non
2636 1007 2720 1051 est
2742 998 2835 1066 qui
2868 996 3032 1052 faciat
3057 997 3375 1061 bonitatem,
3410 1015 3513 1051 nun

225 1109 362 1159 εςηο
400 1094 517 1159 Dei,
551 1094 723 1163 major
766 1094 835 1147 sit
861 1108 925 1146 eo
958 1093 1052 1161 qui
1111 1092 1164 1146 in
1225 1106 1451 1160 corpore
1482 1101 1586 1158 est,
1627 1092 1839 1147 etiamsi
1940 1103 2219 1160 estusque
2258 1091 2324 1145 ad
2380 1089 2635 1144 unum”.
2664 1107 2683 1140 ι
2719 1087 2918 1144 Gravis
2970 1088 3262 1151 sententia,
3300 1097 3355 1141 et
3397 1101 3519 1156 qua:

216 1180 501 1237 Joannes
530 1183 617 1236 ille
645 1186 738 1246 sit,
786 1198 895 1252 quo
951 1180 1124 1250 major
1177 1182 1319 1236 inter
1357 1192 1515 1236 natos
1548 1183 1839 1236 mulierum
1942 1182 2153 1238 difficile
2188 1183 2360 1237 astrui
2395 1182 2585 1252 possit.
2637 1181 2923 1248 Quomodo
2972 1180 3116 1234 enim
3148 1179 3361 1233 videtur
3396 1180 3513 1233 fieri

232 1289 369 1327 non
416 1275 517 1328 fuit
552 1275 630 1327 δ’.
685 1293 703 1325 ι
734 1273 849 1328 Non
883 1283 963 1327 est
999 1291 1016 1324 ι
1052 1288 1182 1343 ergo
1220 1292 1240 1325 ι
1264 1272 1440 1339 justus
1467 1274 1776 1342 quisquam.
1815 1291 1833 1324 ι
1940 1287 2119 1342 posse,
2153 1272 2358 1326 nullum
2388 1272 2636 1334 omnino,
2670 1270 2876 1324 nullum
2912 1283 3083 1337 usque
3121 1269 3187 1322 ad
3214 1284 3401 1333 unum,
3434 1270 3516 1321 γει

232 1364 315 1417 Et
360 1365 568 1418 addidit
599 1381 614 1418 :
676 1382 694 1415 ι
734 1364 850 1417 Non
898 1373 980 1419 est
1032 1363 1343 1432 intelligens
1374 1362 1439 1415 ⁸³.
1476 1381 1494 1412 ι
1543 1361 1607 1415 Ει
1652 1376 1839 1417 revera
1941 1364 1995 1419 in
2018 1362 2240 1428 Iudaeis,
2270 1363 2355 1418 vel
2388 1363 2442 1416 iu
2471 1362 2677 1417 Graecis
2706 1362 2941 1416 inveniri
2973 1363 3215 1429 potuisse
3243 1361 3332 1429 qui
3370 1360 3517 1413 face-

222 1470 387 1507 enm
422 1455 711 1525 Apostolus
744 1455 860 1524 ipse
894 1470 959 1509 ex
989 1464 1144 1524 parte
1170 1469 1229 1508 se
1263 1454 1409 1507 dicat
1441 1468 1760 1521 agnoscere,
1785 1464 1841 1508 et
1944 1468 2027 1511 ret
2078 1454 2420 1510 bonitatem?
2450 1453 2665 1509 Siccine
2712 1453 2987 1508 credimus
3016 1449 3128 1522 (26)
3160 1452 3302 1521 quod
3341 1453 3518 1507 nullus

222 1560 320 1599 rex
369 1556 523 1616 parte
562 1546 862 1616 intelligere
895 1546 964 1612 “,
996 1547 1115 1615 quis
1142 1544 1247 1599 erit
1286 1544 1376 1611 qui
1419 1544 1632 1597 dicatur
1672 1543 1834 1597 iutel-
1958 1546 2119 1600 fuerit
2147 1546 2236 1614 qui
2261 1545 2340 1600 vel
2372 1544 2637 1614 ltOSpitem
2668 1544 2958 1614 aliquando
2985 1545 3366 1613 rerepcrit,vel
3389 1560 3517 1599 cso-

236 1635 485 1704 ligcns?
511 1638 1007 1706 Quantumcunque
1038 1637 1183 1689 enim
1226 1636 1349 1704 quis
1402 1634 1748 1696 intellexerit,
1785 1634 1838 1688 in

232 1730 485 1798 speculo
505 1739 561 1783 et
592 1731 644 1784 in
690 1730 975 1798 a‘nigmate
1016 1727 1287 1781 videbitur
1311 1727 1609 1796 intelligere
1633 1727 1831 1795 “:quia

1952 1637 2111 1689 rieuti
2143 1651 2336 1704 panem
2366 1635 2595 1697 dederit,
2624 1636 2708 1687 vel
2745 1638 2947 1688 nudum
2994 1636 3210 1697 texerit,
3242 1636 3322 1691 vel
3358 1636 3518 1692 inuo—

1944 1736 2153 1780 centem
2209 1727 2277 1779 de
2335 1724 2585 1779 manibus
2632 1727 2877 1801 potentis
2921 1726 3205 1795 eripuerit,
3268 1728 3350 1782 vel
3412 1728 3521 1783 tale

232 1830 389 1887 .post
419 1820 813 1889 depositionem
850 1818 1048 1872 terreni
1081 1818 1327 1885 corporis
1362 1815 1593 1870 refertur
1615 1815 1726 1885 (25)
1759 1817 1835 1870 fa-
1868 1816 1909 1868 Β
1940 1817 2141 1885 aliquid
2176 1816 2298 1871 boni
2350 1816 2531 1885 aperis
2560 1816 2777 1885 egerit?
2805 1815 2923 1870 Non
2970 1819 3102 1871 mihi
3154 1820 3366 1873 videtur
3406 1831 3514 1873 tant

236 1914 350 1965 cie
384 1914 451 1965 ad
493 1912 685 1965 faciem
722 1910 1025 1979 intelligere
1055 1926 1067 1961 :
1108 1923 1252 1963 nunc
1279 1922 1429 1971 vero,
1478 1918 1537 1960 ut
1571 1908 1647 1960 ait
1684 1908 1837 1962 Scri-

245 2012 424 2068 ptura
445 2002 489 2033 ⁸⁸
516 2019 531 2056 :
556 2020 574 2052 ι
596 2000 958 2069 Corruptibile
990 2014 1186 2067 corpus
1216 2007 1474 2068 aggravat
1501 1999 1755 2065 animam,
1785 2010 1839 2053 et

244 2092 535 2161 demergit
569 2101 783 2145 terrena
820 2090 1083 2145 habitatio
1113 2104 1335 2144 sensum
1378 2088 1547 2143 multa
1595 2091 1841 2160 cogitau-

242 2188 442 2234 tem.»
502 2181 649 2236 Unde
695 2182 752 2235 fit
795 2191 852 2235 ut
893 2197 998 2236 non
1045 2181 1117 2236 sit
1182 2200 1200 2233 ι
1258 2180 1564 2249 intelligens
1618 2199 1637 2233 ι
1691 2183 1839 2251 quis,

246 2288 370 2325 nec
403 2291 421 2322 ι
458 2275 737 2341 requirens
763 2274 927 2327 Deum
951 2273 1019 2325 "’.
1061 2292 1079 2325 ι
1123 2273 1256 2326 Dum
1288 2272 1432 2325 enim
1458 2275 1700 2341 corporis
1730 2275 1840 2330 sol-

250 2364 642 2418 licitndinibus
682 2380 1039 2433 occupamur,
1101 2374 1156 2419 et
1205 2379 1328 2433 quae
1385 2364 1665 2421 hominum
1715 2376 1846 2422 sunt

250 2454 565 2522 quwrituus
592 2454 659 2521 ⁸⁸,
695 2456 859 2510 Deum
890 2469 1155 2523 quarere,
1188 2456 1271 2509 vel
1304 2472 1423 2526 quae
1469 2458 1562 2513 Dei
1601 2468 1723 2513 sunt
1752 2474 1843 2516 co-

253 2546 448 2615 gitare
482 2561 588 2599 non
622 2561 932 2615 possumus.

333 2638 380 2690 3.
396 2637 626 2693 «Omnes
640 2639 1227 2706 declinaverunt,simul
1244 2640 1456 2696 inutiles
1470 2640 1595 2696 facti
1609 2643 1805 2698 sunt”.
1820 2663 1839 2697 ι

253 2726 432 2797 507
464 2728 591 2781 Mihi
624 2728 833 2783 videtur
854 2731 998 2798 quod
1029 2746 1133 2785 non
1164 2732 1362 2785 dicitur
1384 2731 1709 2799 declinasse,
1743 2734 1844 2790 nisi

255 2820 314 2874 is
362 2822 453 2889 qui
516 2821 805 2888 aliquando
835 2822 888 2876 iu
915 2823 999 2876 via
1041 2832 1186 2877 recta
1212 2824 1383 2877 stetit.
1432 2820 1586 2877 Unde
1624 2835 1849 2895 apparet

254 2912 505 2979 primum
537 2911 665 2966 illud
699 2920 906 2967 naturre
938 2913 1283 2968 rationabilis
1310 2929 1470 2983 opus,
1497 2916 1642 2986 quod
1675 2930 1704 2968 a
1736 2915 1846 2971 Deo

261 3003 474 3057 factum
506 3014 608 3063 est,
645 3002 812 3059 fuisse
845 3013 1073 3068 rectum,
1104 3013 1158 3059 et
1194 3010 1245 3060 iu
1274 3007 1357 3060 via
1393 3018 1540 3063 recta
1563 3009 1845 3067 Creatoris

258 3094 449 3161 ipsius
479 3110 703 3149 munere
748 3095 1094 3150 collocatum.
1127 3096 1230 3150 Sed
1258 3098 1386 3166 quia
1429 3099 1496 3153 ab
1523 3100 1626 3154 hac
1652 3102 1717 3156 ad
1757 3101 1846 3155 lae-

256 3200 391 3239 vam
429 3186 539 3257 (24)
568 3184 775 3255 peccati
812 3187 919 3241 iter
950 3188 1201 3252 detorsit,
1244 3190 1443 3243 merito
1470 3208 1613 3246 nunc
1642 3194 1844 3248 dicitur

258 3276 596 3341 declinasse,
640 3278 781 3332 sicut
825 3278 1075 3348 exemplo
1126 3288 1211 3334 est
1259 3279 1371 3353 (25)
1419 3283 1627 3351 ριίιιιιιε
1684 3286 1844 3340 homo

257 3366 470 3427 Adam.
510 3369 601 3436 qui
634 3370 702 3424 de
735 3370 970 3439 paradisi
1003 3371 1087 3424 via
1135 3381 1282 3426 recta
1331 3374 1623 3429 malesuadi
1655 3374 1844 3432 fraude

256 3457 544 3525 serpentis
574 3458 639 3512 ad
670 3474 867 3525 pravas
893 3469 947 3515 ct
989 3470 1267 3517 tortuosas
1308 3464 1553 3520 mortalis
1584 3466 1708 3520 vita:
1758 3484 1845 3520 se-

260 3549 438 3604 mitas
468 3550 783 3607 declinavit.
817 3553 1233 3625 Consequeuter
1265 3572 1397 3626 ergo
1424 3574 1615 3613 omnes
1648 3560 1739 3628 qui
1776 3575 1843 3613 ex

258 3642 444 3709 ipsius
470 3644 818 3699 successione
848 3646 899 3699 in
926 3646 1073 3702 hunc
1104 3649 1366 3702 tnundum
1397 3652 1648 3715 veniunt,
1679 3652 1845 3705 decli-

256 3744 561 3800 naverunt,
610 3748 665 3791 et
714 3737 877 3791 simul
926 3753 1048 3792 cum
1106 3740 1221 3808 ipso
1273 3741 1491 3795 inutiles
1525 3740 1654 3795 facti
1695 3752 1844 3798 sunt.

260 3824 505 3895 Propter
536 3828 638 3882 hoc
662 3837 795 3897 puto
833 3840 889 3883 et
923 3829 1213 3884 Dominum
1268 3832 1324 3886 in
1377 3832 1681 3903 Evangeliis
1712 3833 1845 3887 dare

262 3918 618 3984 mandatum,
652 3930 708 3973 ut
731 3935 854 3975 cmn
884 3920 1066 3974 omnia
1103 3932 1367 3990 praecepta
1402 3922 1713 3986 fecerimus,
1741 3938 1847 3977 me-

264 4011 592 4065 minerimus
618 4020 796 4066 tamen
830 4012 957 4082 quid
990 4013 1183 4076 simus,
1212 4022 1267 4066 et
1313 4013 1558 4068 dicamus
1585 4030 1598 4067 :
1635 4031 1656 4066 α
1688 4013 1842 4068 Servi

265 4100 493 4154 inutiles
527 4116 750 4155 sumus:
781 4101 926 4170 qttod
949 4101 1236 4155 debuimus
1267 4101 1466 4168 facere,
1494 4101 1836 4157 fecimus”.i

265 4190 455 4243 Donec
486 4190 628 4243 enim
668 4191 789 4258 quis
834 4191 935 4244 hoc
971 4189 1105 4245 facit
1138 4200 1346 4244 tantum
1392 4192 1533 4261 quod
1575 4194 1754 4256 debet,
1791 4193 1842 4247 id

264 4288 377 4343 est,
412 4294 477 4334 ea
503 4295 625 4349 qua:
655 4293 921 4351 praecepta
957 4291 1106 4347 sunt,
1144 4283 1355 4337 inutilis
1403 4298 1596 4337 servus
1638 4295 1741 4339 est.
1784 4285 1839 4340 Si

262 4377 456 4422 autem
492 4370 660 4425 addas
687 4370 897 4440 aliquid
928 4373 1251 4441 praaceptis,
1296 4381 1422 4427 tunc
1453 4389 1558 4427 non
1596 4373 1711 4441 jam
1757 4376 1840 4429 in-

1941 1905 2315 1959 incredibilem
2375 1921 2680 1961 sermonem
2740 1906 2979 1961 volnisSe
3034 1923 3283 1963 asserere
3318 1908 3518 1962 Paulus

1940 1995 2216 2062 apostolus
2246 2012 2259 2049 :
2291 1998 2387 2050 sed
2412 1999 2516 2051 hoc
2548 1997 2708 2051 modo
2739 1997 3148 2067 intelligendum
3178 2010 3339 2067 puto;
3374 2003 3515 2069 quod

1943 2097 2103 2154 neget
2135 2102 2463 2155 quemquam
2518 2087 2714 2141 fecisse
2759 2088 3081 2143 bonitatem.
3122 2088 3283 2146 Verbi
3319 2094 3514 2161 gratia.

1942 2178 2089 2231 velut
2118 2179 2161 2232 si
2188 2179 2311 2247 quis
2343 2177 2697 2231 fundamenta
2724 2178 2895 2247 jaciat
2919 2180 3203 2245 domus,et
3229 2199 3392 2236 unum
3424 2192 3516 2236 aut

1945 2268 2081 2323 duos
2116 2270 2349 2338 parietes
2379 2278 2645 2332 exstruat,
2684 2269 2889 2337 aliquid
2916 2270 3078 2322 etiam
3107 2273 3349 2327 materiae
3393 2290 3517 2327 con-

1944 2363 2144 2426 vellat,
2189 2363 2433 2432 nunquid
2480 2362 2691 2417 dicetur
2750 2363 2945 2419 fecisse
2988 2366 3230 2431 domum,
3272 2372 3521 2437 quamvis

1944 2463 2200 2524 operatus
2253 2455 2503 2509 videatur
2552 2455 2603 2507 in
2644 2455 2839 2508 domo?
2872 2457 2978 2510 Sed
3024 2458 3119 2521 ille
3155 2459 3368 2514 dicetur
3417 2464 3514 2515 do-

1946 2562 2091 2599 mum
2127 2547 2344 2613 fecisse,
2382 2548 2474 2616 qui
2515 2548 2679 2602 totius
2709 2549 2921 2602 aalilicii
2952 2549 3017 2602 ad
3072 2552 3375 2619 perfectum
3404 2552 3521 2606 sin-

1945 2639 2066 2707 gula
2095 2655 2324 2709 qumque
2375 2640 2615 2693 membra
2675 2640 3013 2708 perduxerit.
3065 2641 3145 2695 Ita
3179 2644 3421 2697 arbitror
3465 2656 3521 2698 ct

1945 2731 2035 2785 ltic
2057 2732 2373 2800 Apostolum
2422 2732 2604 2786 dicere
2647 2731 2923 2785 neniinem
2965 2731 3164 2788 fecisse
3198 2733 3523 2799 bonitatem,

1945 2823 2048 2878 hoc
2071 2834 2174 2899 est,
2204 2838 2233 2877 a
2270 2822 2417 2877 nullo
2450 2838 2570 2877 eam
2606 2824 2672 2877 ad
2711 2823 3011 2892 perfectum
3047 2834 3102 2880 et
3137 2825 3203 2878 ad
3247 2827 3519 2897 integrum

1947 2921 2395 2968 consummatam.
2431 2912 2487 2967 Si
2525 2922 2705 2967 autem
2760 2914 3103 2984 requiramus
3126 2915 3248 2984 quis
3291 2916 3362 2970 sit
3390 2932 3520 2971 vere

1945 3004 2141 3071 bonus,
2177 3014 2231 3059 et
2262 3004 2354 3073 qui
2408 3002 2709 3074 perfectam
2764 3004 2959 3060 fecerit
3017 3004 3337 3070 bonitatem,
3369 3005 3518 3060 illuin

1948 3095 2288 3150 inveniemus
2316 3094 2491 3150 solum
2522 3097 2612 3165 qui
2653 3096 2781 3150 dicit
2811 3115 2823 3151 :
2865 3116 2883 3148 ι
2916 3098 3023 3167 Ego
3050 3112 3167 3151 sum
3202 3108 3387 3166 pastor
3423 3098 3520 3151 bo-

1947 3202 2077 3253 nus;
2104 3206 2122 3239 ι
2181 3197 2237 3240 et
2281 3187 2520 3242 iterum:
2575 3205 2594 3239 ι
2628 3187 2821 3242 Pastor
2852 3189 3027 3243 bonus
3072 3189 3308 3242 animam
3363 3204 3517 3243 suam

1945 3279 2098 3347 ponit
2125 3292 2222 3347 pro
2251 3279 2446 3334 ovibus
2490 3280 2602 3333 suis
2627 3281 2694 3335 ".
2719 3299 2737 3331 ι
2771 3279 2902 3335 Post
2949 3282 3065 3335 haec
3109 3283 3175 3335 de
3215 3283 3430 3351 quinto,
3462 3291 3521 3334 ut

1944 3387 2105 3440 supra
2159 3373 2415 3436 diximus,
2448 3372 2658 3441 psalmo
2703 3388 2924 3429 sumens
2975 3374 3113 3446 (27),
3148 3375 3320 3428 dicit:
3361 3392 3379 3425 ι
3414 3372 3517 3427 Sc-

1946 3462 2186 3531 pulcrum
2240 3474 2436 3532 patens
2497 3471 2581 3517 est
2634 3473 2822 3530 guttur
2872 3477 3081 3517 eorum.
3117 3483 3136 3516 ι
3190 3464 3409 3520 Diversa
3464 3464 3518 3516 in

1946 3558 2053 3623 his,
2093 3567 2150 3612 ιιι
2183 3559 2310 3611 mihi
2368 3559 2600 3619 videtur,
2634 3559 2855 3613 humani
2910 3557 3128 3625 generis
3174 3565 3399 3627 peccata
3425 3554 3521 3608 de-

1946 3645 2346 3701 scribit.0mne
2372 3648 2683 3715 sepulcrum
2716 3648 3114 3701 immunditiam
3151 3645 3391 3701 defuncti
3422 3659 3516 3698 ca-

1946 3737 2159 3792 daveris
2190 3740 2460 3808 contegit;
2491 3740 2633 3793 unde
2660 3749 2712 3793 et
2740 3738 3002 3792 Dominus
3031 3738 3243 3792 dicebat
3264 3740 3316 3794 in
3340 3741 3521 3796 Evan-

1947 3829 2086 3897 gelio
2137 3829 2203 3883 de
2251 3829 2459 3884 Scribis
2491 3840 2542 3884 et
2573 3829 2882 3891 Pliariswis,
2931 3828 3074 3896 quod
3107 3839 3294 3885 essent
3327 3832 3516 3900 sepul-

1946 3932 2036 3971 cra
2070 3918 2340 3985 dealbata,
2377 3938 2394 3971 ι
2425 3934 2545 3987 qua:
2571 3920 2705 3973 foris
2734 3918 2951 3987 quidem
2983 3918 3230 3987 speciosa
3264 3920 3519 3976 videntur

1948 4010 2279 4074 hominibus,
2309 4010 2454 4064 intus
2476 4021 2657 4065 autem
2687 4010 2844 4079 plena
2876 4020 3007 4065 sunt
3043 4010 3189 4064 onmi
3226 4012 3514 4067 immundi-

1948 4104 2021 4154 tia
2045 4102 2113 4157 ⁷⁸.
2147 4122 2165 4154 ι
2223 4102 2444 4157 Videtur
2476 4114 2656 4157 autem
2704 4102 2908 4157 Paulus
2949 4103 3052 4157 hoc
3097 4102 3149 4156 in
3185 4102 3303 4159 loco
3344 4103 3518 4173 majus

1945 4194 2147 4263 aliquid
2181 4195 2230 4247 in
2266 4194 2406 4257 istis,
2438 4195 2502 4249 de
2534 4194 2733 4265 quibus
2759 4208 2939 4247 sermo
2965 4204 3068 4258 est,
3096 4195 3383 4249 ostendere
3411 4195 3519 4249 cri-

1946 4285 2127 4350 minis,
2165 4300 2286 4337 cum
2315 4299 2408 4338 eos
2441 4285 2747 4353 sepulcrum
2785 4299 2892 4363 non
2936 4294 3134 4338 tectum
3156 4324 3172 4350 ,
3205 4299 3379 4350 neque
3425 4299 3517 4337 ro-

1943 4386 2206 4445 Opertum,
2254 4378 2346 4431 sed
2385 4395 2403 4426 ι
2432 4388 2625 4445 patens
2660 4394 2678 4426 ι
2713 4374 2969 4443 appellat.
3011 4375 3205 4427 Clausa
3232 4376 3380 4427 ‘enim
3425 4388 3515 4427 sc—

267 4460 425 4514 utilis
451 4476 640 4515 servus
671 4464 799 4527 eris,
826 4464 919 4517 sed
956 4465 1165 4517 dicetur
1194 4465 1260 4518 ad
1302 4474 1353 4520 te
1384 4482 1396 4519 :
1442 4484 1459 4516 ι
1493 4465 1656 4535 Euge,
1688 4481 1842 4520 serve
1876 4480 1917 4533 ῃ
1947 4468 2130 4537 pulcra
2178 4468 2456 4530 dicuntur,
2484 4484 2618 4535 quos
2660 4467 3054 4533 aliquantulum
3095 4465 3266 4534 pudor
3299 4463 3516 4519 cohibet

274 4552 439 4617 bone,
472 4562 526 4606 et
575 4552 833 4608 fidelis“.
868 4572 885 4605 ι
921 4554 1057 4620 Quid
1099 4567 1279 4608 autem
1308 4557 1378 4609 sit
1423 4559 1563 4625 quod
1609 4558 1845 4610 addatur

276 4642 581 4711 prtcceptis,
613 4653 668 4697 et
698 4659 859 4713 supra
893 4645 1134 4699 debitum
1184 4646 1300 4709 fiat,
1333 4644 1533 4701 Paulus
1567 4647 1845 4714 apostolus

278 4732 401 4784 dicit
430 4750 443 4786 :
481 4751 501 4783 ι
533 4732 607 4786 De
630 4733 928 4803 virginibus
950 4744 1127 4788 autem
1154 4745 1482 4805 prmceptum
1507 4736 1714 4790 Domini
1736 4754 1841 4790 non

280 4826 485 4880 habeo:
511 4825 795 4880 consilium
822 4837 1002 4879 autem
1027 4828 1118 4890 do,
1141 4836 1397 4895 tanquam
1418 4828 1840 4881 misericordiam

278 4927 604 4971 consecutus
635 4935 662 4970 a
702 4919 929 4972 Domino
951 4919 1019 4973 ⁷⁸.
1047 4937 1066 4969 ι
1106 4916 1215 4973 Hoc
1271 4933 1405 4985 opus
1437 4932 1600 4987 super
1643 4934 1842 4987 prtere-

280 5018 424 5076 ptum
459 5020 562 5065 est.
592 5010 692 5077 Qui
738 5025 867 5080 ergo
892 5010 1175 5078 completis
1240 5010 1527 5079 praeceptis
1570 5011 1843 5066 addiderit

282 5102 439 5155 etiam
473 5103 599 5166 hoc,
626 5114 679 5154 ut
714 5102 1077 5172 virginitatem
1110 5104 1403 5167 custodiat,
1439 5117 1545 5156 non
1576 5102 1688 5173 jam
1723 5104 1843 5158 inu-

346 5241 392 5271 "
416 5240 581 5294 Eceli.
614 5256 693 5301 χι,
728 5240 815 5295 50.

283 5308 322 5341 ⁸⁸
356 5311 484 5376 Sap.
518 5326 597 5370 ts.
635 5311 722 5363 15.
816 5311 859 5341 ⁸⁷
900 5311 1055 5364 Ιὶοιιι.
1091 5327 1174 5369 ιιι.
1213 5313 1300 5365 11.

282 5394 401 5445 xxv,
436 5381 525 5434 21.
601 5381 645 5411 ⁷³
672 5382 688 5433 1
715 5380 835 5434 Cor.
865 5396 960 5445 vn,
988 5381 1080 5438 25.
1155 5382 1200 5412 ⁷³
1225 5380 1244 5434 l
1269 5379 1389 5436 Cor.
1417 5397 1492 5446 ιχ,
1527 5383 1611 5447 14,
1651 5383 1740 5437 15.

346 5515 455 5586 (25)
486 5514 593 5581 AL,
631 5534 649 5567 ι
706 5515 1054 5583 revelabitur,
1098 5536 1119 5570 ι
1147 5517 1241 5584 aL,
1272 5535 1293 5571 ι
1334 5519 1648 5582 merebitur,
1702 5519 1839 5589 tal.,

286 5600 299 5632 ⁸
336 5598 651 5638 revertetur.
685 5604 703 5637 1

345 5655 455 5721 ili)
494 5655 601 5721 AL,
638 5674 654 5707 t
692 5658 903 5711 ltevum.
939 5676 957 5709 ι

344 5726 456 5795 res)
500 5725 608 5791 AL,
650 5745 666 5783 t
703 5727 1003 5798 exemplum
1032 5736 1137 5784 est.
1173 5746 1195 5781 ι

970 5241 1146 5296 Eccle.
1179 5242 1330 5321 tv_,_2,
1356 5243 1437 5321 5.Δ
1568 5241 1756 5296 Matth.
1782 5244 1977 5321 31,11;
2004 5318 2007 5321 ὗ

1394 5311 1437 5342 ⁶¹¹
1460 5312 1478 5364 Ι
1500 5312 1629 5367 Cor.
1657 5328 1752 5375 \‘ll,
1782 5315 1871 5376 52,
1912 5315 2007 5371 55.
2096 5316 2138 5347 ⁶⁹
2168 5317 2322 5369 llum.
2347 5331 2430 5377 ιιι,
2457 5317 2543 5371 12.
2655 5315 2701 5347 ⁷ο
2729 5315 2758 5368 ι

1417 5397 1492 5441 tx,
1527 5383 1611 5441 14.
1651 5383 1740 5437 15.
1815 5384 1859 5415 ⁷³
1890 5384 2044 5441 Rom.
2075 5401 2157 5441 ιιι.
2191 5386 2279 5439 12.
2352 5385 2399 5417 ⁷⁸
2432 5384 2587 5440 Joan.
2618 5401 2671 5441 κ.
2702 5388 2758 5438 11

1937 5402 2044 5440 om.
2075 5401 2157 5450 Ill,
2191 5401 2279 5439 ‘12.
2357 5401 2399 5417 "
2432 5401 2587 5440 J08".
2618 5401 2671 5450 Χ,
2702 5401 2788 5438 11.

1947 4560 2122 4629 palam
2158 4560 2492 4626 delinquere,
2526 4567 2580 4612 et
2612 4559 2857 4627 proferre
2884 4560 2950 4611 ad
2989 4557 3258 4625 puldicum
3286 4557 3513 4610 crimina

1944 4668 2062 4705 sna.
2094 4653 2286 4704 Patens
2312 4667 2436 4704 vero
2464 4651 2772 4718 sepulcrum
2799 4651 3053 4704 dicuntur
3080 4648 3133 4702 hi
3156 4649 3247 4717 qui
3282 4649 3513 4702 immttn-w

1947 4744 2288 4797 ditiassuas
2341 4751 2395 4794 et
2446 4742 2788 4810 impuritates
2845 4743 2895 4795 in
2953 4740 3240 4811 pr0patulo
3270 4741 3512 4795 habent:

1947 4834 2142 4902 quibus
2171 4832 2461 4885 assiduitas
2487 4841 2543 4885 et
2565 4846 2698 4885 usus
2725 4832 3012 4894 scelerum,
3046 4831 3187 4899 quod
3212 4842 3296 4885 est
3322 4832 3374 4885 in
3401 4847 3513 4883 ma-

1949 4924 2016 4978 lis
2044 4923 2313 4981 ultimmn,
2345 4922 2509 4975 etiam
2536 4924 2948 4976 commissurum
2978 4923 3360 4977 verecundiam
3396 4937 3512 4975 sus-

1952 5014 2072 5068 tulit
2106 5033 2119 5068 :
2161 5027 2216 5067 ιιι
2249 5012 2363 5081 jam
2397 5028 2501 5067 non
2533 5013 2784 5082 aperiant
2821 5028 2883 5067 os
2929 5028 3121 5077 sumn,
3155 5023 3207 5067 et
3238 5010 3511 5080 proferant

1952 5107 2168 5161 verbum
2197 5105 2313 5172 Dei,
2348 5106 2574 5160 verbum
2602 5106 2778 5159 vivum
2803 5122 2819 5172 ;
2849 5104 2944 5160 sed
2968 5104 3081 5175 (28)
3116 5105 3365 5174 aperiant
3393 5112 3515 5169 gut-

2039 5245 2083 5277 ⁸³
2114 5245 2265 5298 Rom.
2289 5261 2368 5309 tu,
2402 5246 2486 5309 l0,
2518 5247 2600 5300 11.

2096 5316 2138 5347 ⁶⁹
2168 5317 2322 5369 llum.
2347 5331 2430 5377 ιιι,
2457 5317 2543 5371 12.

2678 5245 2723 5276 ⁸⁸
2754 5245 2768 5298 1
2798 5246 2922 5299 Cor.
2953 5259 3068 5306 xm,
3089 5245 3144 5299 9.
3182 5243 3227 5275 “
3261 5241 3510 5313 ibid._l31.

2655 5315 2701 5347 ⁷ο
2729 5315 2862 5368 Luc.
2902 5330 3032 5368 xvtt.
3058 5315 3144 5368 10.
3240 5313 3282 5344 ⁷⁸
3316 5312 3509 5368 Matth.

2729 5315 2862 5369 Luc.
2902 5330 3032 5375 xvtt,
3058 5315 3144 5368 10.
3240 5315 3282 5344 ⁷⁸
3316 5315 3509 5368 Matth.

2740 5388 2788 5438 l.
2863 5385 2910 5416 ⁷⁸
2936 5382 3127 5439 Matth.
3160 5397 3320 5450 nul,
3349 5382 3442 5440 27.

2042 5522 2134 5594 26)
2171 5522 2281 5594 AL,
2319 5533 2350 5574 ι’
2374 5521 2431 5575 Si
2453 5522 2515 5594 in
2544 5523 2624 5577 eis
2652 5524 2943 5581 credimus.
2974 5543 2991 5577 ι

2043 5592 2136 5657 °27)
2173 5593 2418 5647 Sarmens.
2450 5593 2609 5646 Deest
2634 5595 2682 5645 in
2725 5604 2879 5647 antea
2912 5592 3092 5649 editis.

2024 5661 2136 5734 (28)
2175 5661 2282 5729 AL,
2317 5679 2338 5715 ι
2363 5664 2584 5719 verbum
2624 5663 2715 5720 Dei
2758 5666 2970 5731 vivum;
3006 5663 3123 5722 sed.
3152 5680 3171 5714 ι
3205 5669 3312 5718 etc.
