3936 6196
513 307 623 364 9'55

1985 295 2320 351 θιιιαιῖιιειε
3699 297 3788 354 ιτς

519 435 609 480 ιιιι·
637 437 819 488 suum,
847 431 902 476 et
947 419 1228 490 proferant
1271 417 1497 471 verbum
1537 427 1835 482 mortuum,
1871 418 2098 472 verbum
2131 425 2174 478 Α
2203 418 2330 480 cite,
2364 424 2419 470 et
2456 415 2622 470 nolite
2663 416 3030 481 maledicere;
3068 435 3089 470 ι
3126 427 3182 472 et
3218 416 3411 471 alibi"
3442 435 3456 471 :
3497 438 3524 469 ε
3575 416 3662 472 Ne
3699 435 3790 488 qua

515 510 739 573 diaboli,
775 525 880 564 non
907 509 973 562 de
1007 512 1196 570 corde,
1226 508 1322 561 sed
1351 507 1417 559 de
1463 508 1734 574 sepulcro.
1771 507 1827 561 Si
1879 509 2096 576 quando

514 619 646 674 ergo
673 601 875 657 videris
927 602 1202 656 hominem
1237 600 1442 654 lascivo
1477 615 1572 654 ore
1623 601 1895 670 impudica
1931 605 2094 654 verba

507 697 833 763 jactantem,
861 705 955 748 aut
999 694 1210 747 tumido
1247 702 1298 748 et
1334 693 1629 747 furibundo
1656 695 2014 748 contumelias
2043 704 2097 748 et

515 787 806 842 maledicta
849 785 1241 854 proferentem,
1280 800 1387 838 non
1419 785 1634 838 dubites
1663 788 1729 839 de
1763 786 1863 838 hoc.
1891 786 2094 846 dicere,

515 881 638 948 quia
675 898 694 931 ι
754 877 1062 947 sepulcrum
1122 886 1313 945 patens
1344 887 1426 930 est
1469 885 1658 946 guttur
1689 896 1707 928 ι
1764 877 1900 945 ejus.
1960 896 1978 929 ι
2024 879 2096 932 De

513 971 843 1025 abundantia
867 969 1013 1023 enim
1037 968 1219 1023 cordis
1245 984 1307 1020 os
1335 968 1656 1037 loquitur".
1694 987 1712 1019 ι
1746 967 1822 1021 Ad
1858 968 1973 1022 haac
2000 969 2096 1022 ad-

511 1064 659 1118 ditur
688 1080 702 1116 :
738 1082 759 1113 ι
812 1062 1034 1131 Linguis
1067 1061 1184 1116 suis
1218 1061 1404 1116 dolose
1438 1062 1693 1130 agebant.
1724 1079 1741 1112 ι
1788 1060 1951 1115 Dolus
1989 1069 2091 1126 est,

511 1175 634 1213 cum
669 1157 812 1210 aliud
845 1156 968 1225 quis
1012 1157 1190 1226 lingua
1242 1155 1505 1222 loquitur,
1535 1163 1590 1208 et
1631 1154 1774 1208 aliud
1806 1154 2010 1208 volutat
2041 1156 2092 1208 in

511 1249 696 1302 corde.
738 1248 892 1313 Quod
934 1249 1140 1302 crimen
1178 1247 1360 1300 nescio
1394 1247 1440 1300 si
1489 1246 1572 1300 vel
1619 1247 1796 1313 justus
1850 1261 2094 1315 quosque

510 1349 567 1394 et
596 1339 800 1392 electos
829 1338 1102 1406 relinquat
1134 1337 1437 1401 immunes;
1469 1338 1564 1390 sed
1603 1347 1734 1405 puto
1782 1338 1924 1406 quod
1957 1338 2092 1391 alius

509 1433 648 1498 plus,
684 1429 824 1484 alius
854 1441 1035 1483 autem
1069 1430 1272 1490 minus,
1305 1443 1463 1482 nemo
1491 1438 1668 1481 tamen
1695 1429 1765 1481 sit
1801 1431 1868 1482 ah
1894 1430 1997 1484 hoc
2024 1429 2092 1484 ad

509 1519 806 1590 perfectum
863 1535 1053 1590 purus,
1099 1520 1202 1573 nisi
1243 1519 1336 1573 ille
1384 1518 1532 1573 solus
1578 1520 1644 1573 de
1677 1534 1784 1588 quo
1825 1521 2091 1588 scriptum

509 1624 593 1665 est
622 1630 634 1664 :
672 1630 690 1663 ι
720 1611 819 1678 Qui
856 1619 1138 1679 peccatum
1173 1625 1278 1663 non
1327 1609 1476 1673 fecit,
1505 1623 1603 1663 nec
1630 1611 1786 1664 dolus
1833 1612 2092 1665 inventus

508 1713 591 1758 est
628 1705 679 1758 in
710 1719 806 1758 ore
837 1705 950 1774 ejus
976 1705 1040 1756 ⁷⁸.
1069 1723 1089 1755 a
1139 1701 1273 1755 Nam
1299 1711 1353 1756 et
1385 1703 1429 1757 si
1464 1703 1778 1757 inveniatur
1803 1704 1925 1773 quis
1962 1703 2088 1758 dili-

508 1810 640 1865 gens
670 1803 724 1850 et
755 1808 971 1859 cautus,
1025 1805 1201 1866 potest
1246 1794 1494 1851 fortassis
1540 1797 1593 1850 in
1638 1797 1984 1864 gravioribus
2031 1814 2090 1854 se

506 1885 805 1938 observare
839 1903 851 1938 :
887 1901 1046 1954 quem
1087 1897 1268 1940 autem
1317 1885 1582 1950 invenias,
1621 1887 1713 1956 qui
1755 1888 1807 1941 in
1853 1888 1970 1943 lucc
2005 1890 2090 1944 vel

505 1991 618 2045 pra:
655 1978 1004 2043 verecundia,
1037 1977 1119 2031 vel
1147 1993 1256 2047 prae
1289 1977 1618 2048 negligentia
1653 1993 1758 2032 non
1794 1979 2092 2034 incurrat?

507 2066 784 2123 Interdum
834 2078 890 2124 et.
945 2085 1041 2138 per
1090 2069 1419 2123 oblivionem
1470 2070 1797 2124 omittuntur
1843 2087 1965 2140 quin
1997 2089 2091 2126 cu-

508 2165 676 2217 ramla
729 2163 968 2225 fuerant,
1005 2171 1059 2216 et
1101 2176 1173 2216 ne
1222 2169 1485 2230 appareat
1524 2161 1706 2230 culpa,
1757 2173 2090 2217 excusantur

507 2255 662 2310 aliter
693 2270 855 2324 quam
891 2247 1002 2324 (29)
1035 2263 1185 2322 gesta
1210 2261 1359 2310 sunt.
1387 2251 1542 2306 Unde
1573 2262 1627 2306 et
1658 2254 1874 2320 Petrus,
1910 2256 2088 2312 sciens

507 2349 642 2403 istas
695 2361 817 2402 csse
863 2346 1212 2401 diversitates
1266 2345 1393 2410 doli,
1432 2344 1596 2414 508
1625 2345 1677 2399 in
1719 2345 1959 2416 Epistula
1992 2363 2088 2403 sua

506 2439 696 2493 scribit
745 2439 936 2492 dicens
969 2455 984 2492 :
1023 2457 1040 2488 ι
1095 2438 1435 2506 Deponentes
1470 2452 1600 2506 ergo
1635 2452 1851 2492 onmem
1883 2440 2084 2507 dolum,

505 2541 560 2586 et
612 2532 1034 2593 simulationem,
1082 2539 1137 2584 et
1179 2531 1466 2594 invidiam,
1502 2542 1556 2586 et
1611 2533 2084 2600 obtrectationem,

506 2622 660 2692 quasi
699 2622 858 2677 modo
908 2620 1074 2689 geniti
1127 2621 1385 2686 infantes,
1443 2622 1826 2688 rationabiles,
1866 2635 1920 2678 ct
1969 2627 2087 2680 sine

507 2713 650 2776 dolo,
697 2713 779 2767 lac
822 2709 1219 2779 concupiscite,
1252 2719 1309 2764 ut
1335 2711 1386 2765 in
1430 2726 1496 2766 eo
1539 2715 1803 2770 crcscatis
1845 2716 1896 2768 in
1935 2717 2076 2770 salu-

503 2812 614 2858 tezn
635 2805 702 2858 ".
736 2824 757 2856 ο

577 2895 632 2950 ι.
697 2913 720 2946 ι
751 2893 1031 2950 Venenum
1089 2895 1336 2966 aspidum
1391 2895 1494 2951 sub
1541 2897 1702 2954 labiis
1741 2913 1931 2954 eorum
1954 2899 2026 2954 ³⁸⁵.
2061 2919 2080 2952 ι

506 2984 717 3041 Mersus
773 2986 1038 3054 serpentis
1090 3001 1299 3041 veneno
1351 3003 1550 3057 corpus
1611 2987 1724 3061 (30)
1773 2991 2082 3046 interimit:

2205 508 2356 561 radix
2398 507 2779 562 amaritudinis
2825 523 3042 563 sursum
3087 509 3402 580 germinans
3435 510 3740 579 impediat.
3771 535 3786 560 ο

2199 599 2432 653 Additur
2456 601 2507 653 in
2523 600 2990 668 consequentibus
3009 601 3058 632 “
3085 620 3097 653 :
3124 619 3142 651 ι
3172 601 3396 656 Veloccs
3411 603 3594 671 pedes
3615 617 3786 658 eum

2198 689 2266 742 ad
2299 689 2686 745 effundendum
2718 691 3062 761 sanguinem.
3093 711 3112 743 a
3149 692 3302 759 Quod
3353 703 3556 748 tamen
3590 697 3784 750 crimes

2199 796 2308 835 non
2344 781 2596 836 fortassis
2620 782 2868 852 pluribus
2900 784 3078 852 aptari
3103 800 3261 855 posse
3285 785 3582 840 videbitur
3617 800 3784 842 eorum

2199 875 2264 928 de
2299 876 2498 944 quibus
2539 877 2719 931 dixit:
2759 894 2780 928 ι
2811 875 3035 932 Causati
3069 878 3217 931 enim
3256 893 3451 933 sumus
3480 878 3716 934 Iudaeos
3743 897 3785 935 ct

2197 968 2415 1023 Grmcos
2447 984 2641 1024 omnes
2677 970 2778 1024 sub
2806 981 3032 1040 peccato
3062 987 3184 1026 esse
3207 971 3291 1038 ⁸⁸;
3329 991 3349 1023 a
3397 973 3510 1026 nisi
3555 972 3706 1025 forte
3725 975 3778 1027 in

2196 1061 2587 1130 intelligamus,
2620 1061 2748 1130 quia
2783 1077 2889 1115 non
2923 1065 3282 1132 corporaliter
3322 1075 3548 1118 tantum
3583 1069 3778 1133 sanguis

2197 1149 2496 1204 effunditur
2524 1167 2717 1205 eorum
2748 1167 2983 1220 quorum
3029 1166 3254 1221 corpora
3289 1155 3686 1214 trucidantur,
3711 1159 3778 1207 sed

2197 1253 2251 1298 et
2276 1245 2328 1298 hi
2363 1248 2454 1314 qui
2483 1243 2729 1314 quolibet
2758 1245 3016 1300 seandalo
3041 1245 3275 1299 animam
3303 1263 3333 1299 a
3367 1247 3486 1300 Deo
3509 1261 3777 1314 separant,

2193 1337 2297 1390 viri
2332 1337 2660 1405 sanguinum
2709 1338 3087 1390 nominantur.
3137 1335 3472 1392 Sicuteuim
3509 1339 3778 1391 homicida

2196 1429 2400 1484 dicitur
2423 1429 2514 1484 ille
2537 1429 2629 1498 qui
2661 1443 2863 1500 corpus
2885 1429 2954 1484 ab
2986 1432 3169 1486 anima
3204 1438 3453 1499 separat,
3497 1445 3606 1497 per
3633 1446 3776 1498 quae.

2195 1521 2545 1577 vivificatur:
2581 1522 2656 1576 ita
2707 1522 2876 1578 multo
2921 1524 3088 1576 etiam
3140 1526 3322 1578 verius
3371 1523 3472 1576 ille
3511 1523 3778 1576 homicida

2195 1611 2459 1667 dicendus
2489 1623 2593 1678 est,
2627 1613 2716 1681 qui
2750 1611 2993 1666 animam
3021 1629 3051 1667 a
3083 1628 3207 1668 vera
3241 1615 3352 1668 vita
3391 1623 3646 1682 separat.
3674 1630 3776 1680 qua

2197 1703 2309 1774 (55)
2332 1712 2415 1758 est
2452 1703 2613 1759 Deus.
2656 1703 2833 1759 Pedes
2873 1714 3056 1758 autem
3094 1704 3274 1760 hocin
3321 1705 3448 1758 loco
3485 1705 3610 1757 illos
3631 1705 3778 1757 intel-

2123 1763 2167 1822 Β
2195 1763 2303 1864 fige
2336 1796 2403 1848 de
2454 1795 2652 1864 quibus
2686 1795 2821 1848 dicit
2862 1793 3134 1864 Propheta
3170 1813 3185 1848 ε
3227 1813 3246 1844 ι
3275 1795 3379 1848 Mei
3417 1803 3608 1847 autem
3651 1809 3772 1862 pene

2195 1889 2325 1942 moti
2350 1897 2477 1941 sunt
2506 1887 2672 1956 pedes
2699 1886 2781 1951 “;
2813 1906 2832 1939 ι
2869 1888 2975 1942 hoc
2995 1897 3098 1955 est,
3122 1887 3415 1944 consilium
3441 1902 3554 1960 quo
3579 1888 3770 1955 agimus

2192 1980 2298 2035 iter
2329 1981 2472 2033 vitae.

2262 2073 2318 2127 5.
2345 2072 2739 2138 «Contritio,et
2761 2072 3052 2127 infelicitas
3077 2072 3128 2126 in
3164 2073 3264 2128 viis
3291 2087 3484 2126 eorum
3513 2089 3532 2124 :
3564 2082 3616 2123 et
3641 2071 3760 2122 vim

2190 2164 2341 2232 pacis
2378 2179 2484 2217 non
2527 2164 2987 2232 cognoverunt".
3017 2181 3033 2215 ι
3073 2163 3476 2217 Contritionem
3513 2162 3607 2216 hic
3633 2161 3758 2223 dicit,

2191 2271 2298 2309 non
2331 2253 2475 2307 illam
2529 2269 2635 2323 qua
2691 2253 2915 2322 spiritus
2947 2255 3186 2324 peccatis
3222 2254 3637 2309 contribulatur
3677 2270 3758 2323 pro

2188 2347 2533 2416 paenitentia,
2559 2347 2701 2401 unde
2732 2347 2930 2400 dicitur
2978 2348 3030 2401 in
3074 2346 3372 2402 Psalmis“
3406 2365 3423 2401 :
3463 2365 3484 2398 ι
3523 2347 3634 2400 Cor
3653 2361 3758 2400 cen-

2189 2439 2375 2491 tritum
2414 2447 2467 2491 et
2512 2437 2858 2491 humiliatum
2911 2437 3052 2493 Deus
3084 2453 3196 2493 non
3228 2439 3493 2508 spernit:
3539 2457 3558 2490 I
3592 2439 3678 2492 sed
3705 2440 3756 2490 il-

2190 2527 2294 2580 lam
2343 2530 2480 2582 dicit
2533 2532 2920 2585 contritionem
2975 2547 3082 2600 qua
3133 2542 3465 2602 peccatores
3529 2533 3758 2586 dicuntur

2188 2633 2476 2676 conterere
2500 2623 2690 2693 jugum
2726 2623 2936 2678 Domini
2988 2636 3040 2678 ct
3074 2625 3340 2693 projicere
3392 2641 3423 2677 a
3471 2627 3754 2679 cervicitms

2190 2713 2304 2767 suis
2329 2711 2396 2765 ".
2433 2712 2697 2768 Similiter
2742 2725 2797 2768 et
2851 2733 2868 2765 ι
2908 2713 3228 2782 infelicitas,
3260 2735 3278 2766 ι
3317 2715 3427 2780 vel,
3467 2716 3614 2768 sicut
3645 2713 3755 2766 alibi

2185 2803 2409 2873 legitur,
2448 2821 2465 2854 ι
2491 2804 2710 2858 miseria
2737 2823 2756 2856 ι
2796 2805 3112 2874 accipienda
3146 2815 3250 2871 est,
3278 2822 3384 2874 qua
3436 2808 3604 2859 miser
3643 2803 3753 2857 rfe-

2189 2904 2307 2952 ctus
2337 2908 2421 2950 est
2454 2897 2618 2950 homo
2641 2907 2693 2950 et
2729 2897 2939 2963 infelix,
2963 2900 3052 2968 qui
3087 2917 3105 2950 ι
3131 2915 3252 2954 cum
3287 2901 3338 2952 in
3369 2899 3583 2954 honore
3612 2909 3753 2957 esset.

2190 3004 2296 3044 non
2321 2988 2604 3051 intellexit,
2633 3007 2651 3040 ›
2687 2989 2782 3043 sed
2824 3009 2841 3040 ι
2867 3003 3216 3059 comparatus
3238 3002 3320 3046 est
3339 2989 3613 3058 jumentis
3637 2990 3751 3042 insi-

509 3093 724 3132 morsus
748 3077 899 3131 verbi
929 3077 1179 3130 venenati
1211 3075 1403 3130 fraude
1427 3079 1664 3131 animum
1695 3090 1874 3133 necat.
1903 3079 2084 3135 Potest
2113 3113 2157 3170 Β
2191 3078 2484 3148 pientibus,
2513 3090 2568 3133 et
2599 3079 2793 3132 similis
2829 3081 3008 3133 factus
3041 3091 3125 3134 est
3149 3081 3230 3136 eis
3251 3082 3320 3135 ’°.
3351 3081 3424 3134 Et
3447 3082 3592 3134 viam
3621 3081 3752 3151 pacis

507 3170 674 3223 accidi
713 3170 819 3223 huc
859 3177 914 3222 et
949 3169 1014 3222 de
1057 3168 1142 3222 his
1178 3169 1272 3238 qui
1314 3169 1710 3226 calumniarum
1767 3175 2088 3228 commentis

506 3261 946 3314 circu-nwcniuut
979 3261 1231 3314 homines
1263 3277 1276 3314 :
1311 3269 1496 3330 potest
1527 3273 1580 3316 et
1629 3264 1694 3318 de
1725 3265 1830 3330 his,
1865 3267 1961 3335 qui
1994 3283 2090 3337 per

507 3351 826 3406 lnercticam
857 3351 1162 3405 doctrinam
1199 3365 1407 3407 veneno
1430 3353 1626 3409 diaboli
1666 3356 1940 3422 infectam,
1977 3359 2090 3412 ani-

505 3459 627 3498 mas
684 3443 964 3514 decipiunt
1003 3443 1364 3514 simplicium.
1406 3464 1424 3496 ι
1471 3445 1711 3513 Quorum
1748 3463 1814 3502 os
1861 3449 2083 3504 maledi-

506 3536 707 3600 ctione,
738 3543 796 3588 et
830 3535 1192 3589 amaritudine
1242 3535 1458 3603 plenum
1490 3537 1658 3595 est“.
1706 3557 1724 3591 ι
1766 3539 1839 3594 De
1879 3556 2088 3594 veneno

508 3627 725 3695 quidem
765 3625 1010 3696 aspidum
1043 3641 1150 3680 non
1196 3626 1334 3680 dixit
1362 3628 1520 3696 plena
1561 3643 1682 3684 esse
1710 3630 1873 3685 labia.
1903 3631 1958 3684 ln
1996 3634 2086 3686 illo

507 3720 651 3773 enirn
684 3717 814 3773 vitio
837 3717 1025 3787 plures
1063 3719 1313 3774 fortassis
1349 3721 1716 3786 inveniantur,
1759 3738 1865 3777 non
1903 3733 2086 3779 tamen

506 3809 690 3876 plures
712 3809 805 3877 qui
831 3811 1008 3877 plene,
1039 3819 1094 3864 et
1125 3811 1195 3863 ad
1239 3811 1508 3879 integrann
1537 3813 1733 3866 veneni
1767 3814 1912 3868 illius
1938 3815 2087 3869 virus

503 3907 733 3952 exet-ant
777 3898 919 3968 (5|).
969 3898 1349 3953 Maledictione
1404 3910 1587 3954 autem
1625 3911 1678 3956 et
1725 3903 2088 3958 amaritudine

510 3987 702 4055 repleri
733 4003 815 4053 os,
847 3989 1002 4042 valde
1025 3989 1320 4044 multorum
1346 3991 1603 4058 est.Quis
1623 3994 1769 4048 enim
1799 3996 1871 4049 ita
1904 4010 2089 4050 emen-

511 4075 618 4130 dati
649 4077 768 4130 oris
799 4087 886 4130 est
931 4077 1067 4150 (32),
1097 4096 1262 4148 quem
1299 4097 1404 4136 non
1457 4083 1820 4140 maledicendi
1851 4101 2086 4142 consuc-

507 4169 639 4223 tudu
662 4168 938 4236 sollicitet,
971 4185 1077 4224 non
1120 4172 1299 4225 dicam
1328 4173 1615 4228 adversum
1643 4189 1739 4230 eos
1787 4178 1877 4245 qui
1915 4178 2086 4233 male-

508 4261 745 4316 dictione
773 4262 918 4332 digni
955 4273 1102 4326 sunt,
1135 4263 1228 4316 sed
1263 4263 1552 4316 adversum
1591 4281 1686 4320 eos
1719 4283 1856 4335 quos
1898 4269 2086 4322 Domi-

507 4367 734 4406 nusnon
775 4351 1074 4417 maledixit,
1112 4352 1163 4406 id
1207 4361 1312 4418 est,
1346 4351 1522 4418 justus
1549 4364 1602 4408 et
1646 4359 1965 4412 innocentes
1997 4359 2080 4412 vi-

2192 3185 2299 3224 non
2331 3182 2703 3240 cognoverunt
2724 3172 2794 3228 ⁹¹.
2825 3191 2842 3222 ι
2874 3170 2982 3224 Pax
3015 3181 3195 3226 nostra
3227 3171 3489 3226 Christus
3519 3183 3617 3224 est.
3665 3168 3748 3222 Via

2190 3277 2318 3332 ergo
2365 3263 2538 3333 pacis,
2578 3263 2666 3317 via
2714 3259 2918 3317 Christi
2955 3272 3058 3316 est.
3092 3263 3197 3316 Sed
3243 3273 3299 3317 et
3349 3263 3401 3316 si
3437 3261 3749 3330 accipiamus

2190 3350 2334 3418 quod
2365 3361 2682 3420 peccatores
2710 3351 2835 3406 dum
2859 3351 3119 3406 vitiorum
3141 3351 3299 3406 bellis
3331 3367 3558 3420 semper
3579 3365 3748 3420 urgen-

2193 3452 2300 3506 tur,
2329 3444 2470 3496 viam
2529 3443 2682 3513 pacis
2715 3445 2988 3514 ignorant,
3021 3453 3167 3498 recte
3211 3444 3604 3513 intelligimus.
3633 3441 3746 3494 Dicit

2189 3533 2334 3588 enim
2364 3536 2628 3604 propheta
2656 3536 2721 3589 ad
2761 3536 3050 3592 Dominum
3081 3553 3099 3591 :
3134 3556 3151 3588 ι
3182 3535 3296 3590 Pas
3343 3536 3524 3588 multa
3557 3535 3746 3602 diliget»

2191 3625 2338 3680 tibus
2376 3642 2570 3680 nomen
2613 3637 2785 3692 ttnnn,
2819 3637 2874 3682 et
2913 3642 3019 3681 non
3048 3637 3133 3680 est
3170 3627 3277 3680 illis
3305 3627 3632 3680 scandalum
3652 3625 3740 3676 ".r

2185 3712 2296 3767 Sed
2335 3722 2389 3767 et
2423 3713 2512 3767 ille
2540 3714 2770 3784 populus
2799 3716 2890 3786 qui
2918 3718 2983 3769 de
3015 3716 3248 3786 Egypto
3285 3718 3524 3770 eductus
3549 3725 3649 3780 est,
3669 3729 3745 3782 per

2189 3803 2331 3856 viam
2372 3806 2523 3873 pacis
2574 3806 2820 3870 incessit,
2851 3816 2911 3860 ut
2962 3808 3028 3860 ad
3081 3819 3283 3861 terram
3325 3807 3741 3875 repromissionis

2189 3895 2425 3961 veniret,
2461 3904 2516 3949 et
2543 3897 2812 3951 habitaret
2848 3899 2901 3950 in
2929 3897 3251 3964 Jerusalem,
3297 3915 3420 3968 qua:
3449 3901 3745 3965 interpreta-

2190 3996 2278 4042 tur
2315 3989 2444 4042 cisio
2496 3991 2667 4058 pacis,
2709 3991 2850 4044 sicut
2893 4000 2951 4045 et
2995 3992 3263 4061 Propheta
3296 3994 3475 4047 dicit:
3520 4012 3542 4044 ι
3581 3991 3742 4046 Factus

2186 4092 2272 4135 est
2301 4081 2357 4134 in
2379 4097 2510 4151 pace
2539 4082 2690 4138 locus
2723 4083 2861 4152 ejus,
2883 4096 2932 4138 et
2958 4085 3225 4139 habitatio
3252 4086 3372 4153 ejus
3403 4087 3456 4138 in
3493 4084 3630 4138 Sion
3653 4083 3737 4138 ".t

2187 4169 2406 4226 Plenius
2445 4168 2622 4226 aufem
2661 4176 2801 4228 viam
2831 4177 2980 4244 pacis
3028 4177 3272 4245 agnoscit
3301 4178 3394 4246 qui
3424 4178 3492 4229 ad
3533 4175 3740 4232 caelestis

2187 4261 2485 4316 Jerusalem
2517 4265 2886 4320 habitaculum
2921 4269 3112 4330 tendit,
3157 4277 3216 4322 ut
3251 4268 3318 4321 ad
3350 4280 3612 4322 sanctam
3639 4267 3745 4321 ciri-

2194 4363 2356 4410 tatem
2378 4356 2468 4410 Dei
2493 4357 2717 4412 viventis
2747 4361 3024 4414 ascendat.
3052 4360 3178 4414 Post
3199 4362 3310 4415 [nec
3329 4363 3590 4415 additur:
3617 4379 3633 4410 ι
3653 4360 3739 4413 Non

509 4443 636 4496 ros?
661 4442 974 4511 Promptum
1001 4443 1104 4498 hoc
1140 4453 1191 4498 et
1214 4445 1455 4514 proclive
1487 4445 1675 4499 vitium
1705 4455 1788 4500 est
1811 4446 2076 4519 fragilita-
2112 4451 2161 4512 ι)
2188 4457 2270 4499 est
2307 4445 2468 4501 timor
2497 4448 2589 4501 Dei
2640 4461 2764 4504 ante
2813 4451 3002 4505 oculos
3037 4466 3229 4504 eorum
3259 4450 3329 4504 ".
3359 4470 3378 4502 ι
3421 4453 3478 4506 Si
3535 4453 3655 4521 quis
3683 4451 3740 4502 sit

508 4530 580 4583 tis
616 4532 865 4586 humana:
890 4548 1020 4600 erga
1048 4533 1322 4602 subjectos
1359 4535 1634 4606 prmcipue
1669 4545 1725 4590 et
1751 4535 2082 4596 inferiores:

507 4623 580 4678 ita
627 4621 814 4693 utjam
842 4625 1255 4696 appellationem
1303 4629 1446 4682 hanc
1501 4644 1605 4682 non
1645 4630 2082 4687 maledictionern

507 4725 719 4786 putent.
749 4715 816 4770 Et
845 4718 969 4773 ideo
998 4719 1222 4788 plenum
1252 4734 1373 4774 esse
1401 4734 1464 4774 os
1495 4735 1708 4787 eorum,
1742 4731 1796 4776 et
1825 4730 2081 4792 tanquam

507 4805 576 4860 de
629 4807 787 4874 pleno
835 4809 950 4864 oris
1001 4808 1221 4866 vasculo
1273 4811 1647 4868 indesinenter
1688 4813 1890 4868 dicitur
1915 4812 2085 4869 fluere

507 4899 840 4954 maledictio.
870 4901 1008 4956 lluic
1059 4911 1240 4956 tamen
1270 4910 1323 4958 et
1361 4904 1670 4960 amaritudo
1708 4889 2076 4976 coniungitur,

505 4992 631 5060 quia
665 5006 729 5046 ex
757 4992 1054 5048 iracundia:
1082 4993 1206 5049 felle
1242 4995 1598 5064 depromitur.
1617 4996 2077 5052 Periracundiam

506 5082 652 5136 enim
689 5097 758 5136 ac
786 5082 1025 5138 furorem
1065 5086 1133 5138 ad
1170 5086 1597 5140 maledicendum
1631 5089 1815 5158 lingua
1845 5089 2081 5156 compclo

507 5173 657 5229 litur.
695 5174 760 5229 Et
807 5175 933 5231 ideo
965 5176 1097 5231 dicit
1151 5177 1293 5231 idem
1347 5178 1634 5248 Apostolus
1660 5180 1705 5211 ⁸⁸
1740 5199 1752 5234 :
1798 5199 1816 5232 ι
1853 5181 2080 5234 Benedi-

577 5270 626 5340 ’7
655 5270 846 5327 Matth.
881 5287 982 5335 an,
1025 5273 1118 5327 51.
1217 5273 1264 5303 ’⁸
1293 5274 1307 5326 I
1337 5273 1485 5328 Pelr.
1518 5290 1578 5340 ιι,
1609 5275 1697 5330 29..

503 5337 551 5407 ξ’
574 5339 738 5395 Hebr.
769 5358 866 5405 xu,
895 5343 981 5397 15.
1058 5343 1105 5374 ⁸³⁸
1138 5343 1297 5396 Rorn.
1328 5359 1403 5407 ιιι,
1437 5345 1523 5398 15.
1565 5337 1573 5340 ⁷
1601 5346 1646 5378 ⁸³
1673 5347 1805 5401 ibid.
1837 5347 1889 5400 9.

509 5406 713 5484 :lepem.
744 5428 800 5474 ιι,
829 5413 932 5484 2οξ
971 5428 1022 5477 ν,
1050 5413 1122 5484 5.
1197 5416 1240 5448 ⁸ο
1275 5406 1417 5468 Psal.
1454 5430 1642 5484 XLVIII,
1676 5417 1762 5484 15,
1805 5417 1894 5472 21.

503 5475 551 5506 ⁸³
576 5476 732 5532 llont.
757 5497 836 5545 ιιι,
868 5481 956 5536 18.
1011 5475 1072 5514 ’π
1096 5482 1240 5540 Psal.
1273 5499 1395 5551 ιιιι,
1424 5484 1476 5539 5.

597 5566 688 5641 ἓθ)
725 5569 835 5634 ΑΙ..
872 5589 891 5622 ι
927 5588 1068 5641 (ιιιὲ.
1093 5595 1110 5628 ι

576 5637 689 5716 (ᾖς’)
721 5641 829 5716 διδ,
861 5659 878 5691 ι
906 5637 1080 5695 Morsu
1106 5647 1378 5713 serpentis
1404 5661 1667 5702 venenum
1694 5661 1948 5716 corpus,»
1967 5655 2075 5702 etc.

575 5707 688 5778 (5|)
728 5708 839 5770 ΑΙ..
875 5728 892 5760 ι
917 5707 1224 5767 exerceant.
1252 5733 1270 5765 ι

1805 5278 1850 5307 79
1901 5277 1972 5307 ili:

2192 5277 2236 5330 Ξ.
2341 5277 2389 5307 ⁸ο
2419 5277 2574 5330 liom.
2603 5292 2686 5339 Ill,
2721 5278 2808 5331 15.
2881 5279 2925 5310 ⁸¹
2963 5280 3089 5333 ibid.
3127 5279 3212 5333 14.
3286 5279 3330 5311 ⁸⁸
3361 5278 3517 5332 Rom.
3545 5294 3635 5338 an,
3663 5277 3730 5327 ll.

2225 5362 2394 5408 usu.
2423 5346 2480 5400 2.
2553 5347 2600 5379 ⁸⁷
2629 5347 2786 5402 Rom.
2814 5363 2894 5412 ιιι,
2927 5349 3011 5415 16,
3045 5349 3131 5403 17.
3205 5350 3252 5382 ⁸⁸
3285 5350 3423 5402 l‘sat.
3459 5365 3510 5410 ι..
3553 5351 3632 5401 19.
3697 5344 3730 5372 ⁸⁶

1972 5419 2016 5450 ⁸⁸
2064 5418 2218 5473 Rom.
2269 5434 2350 5484 ιιι,
2392 5417 2477 5470 17.

2185 4537 2277 4605 qui
2310 4551 2524 4606 semper
2568 4540 2634 4592 de
2675 4539 2868 4595 timore
2923 4541 3016 4594 Dei
3051 4540 3270 4608 cogitet,
3298 4541 3428 4611 quid
3455 4543 3506 4596 ei
3565 4545 3738 4611 placeat

2191 4627 2451 4696 requirat,
2477 4628 2675 4698 quidve
2703 4631 3149 4700 displiceat,huic
3179 4635 3341 4688 timor
3372 4633 3464 4687 Dei
3490 4648 3622 4688 esse
3643 4642 3739 4685 ante

2186 4717 2374 4772 oculos
2415 4719 2632 4775 dicitur.
2670 4721 2776 4775 Sed
2829 4723 3039 4792 peritus
3088 4723 3250 4780 debet
3279 4741 3422 4792 esse,
3446 4735 3502 4778 et
3549 4741 3618 4779 ex
3648 4724 3736 4790 lege

2189 4806 2402 4862 Domini
2449 4810 2735 4880 diligenter
2774 4814 3022 4868 eruditus
3050 4816 3119 4879 ⁸⁸,
3157 4833 3223 4870 ne
3254 4817 3394 4872 forte
3424 4816 3540 4870 illic
3585 4822 3738 4869 tuncal

2189 4901 2402 4967 timore,
2434 4903 2524 4958 ubi
2557 4907 2903 4959 necessarius
2949 4920 3056 4960 non
3094 4908 3203 4961 erit
3252 4910 3434 4962 timor.
3470 4906 3736 4962 Ponendus

2187 5000 2272 5044 est
2315 5008 2446 5060 ergo
2489 5009 2706 5064 semper
2733 4996 2895 5050 timor
2935 4997 3027 5050 Dei
3062 5009 3190 5052 ante
3215 4997 3446 5052 oculos:
3486 5013 3598 5051 non
3630 4997 3736 5050 istos

2185 5085 2371 5139 oculos
2400 5087 2584 5142 carnis
2607 5088 2808 5158 (neque
2842 5091 2982 5144 enim
3007 5090 3222 5144 visibile
3245 5091 3472 5160 aliquid,
3518 5102 3614 5144 aut
3636 5103 3733 5142 cur-

2185 5194 2407 5248 poreum
2438 5180 2743 5252 qtneritur),
2771 5183 2864 5236 sed
2895 5192 3022 5236 ante
3049 5184 3236 5247 oculos
3257 5185 3454 5237 mentis
3475 5183 3616 5252 ('55);
3639 5181 3730 5248 qui-

2341 5276 2389 5307 ⁸ο
2419 5277 2574 5330 liom.
2603 5292 2686 5339 ιιι,
2721 5278 2808 5331 15.
2881 5279 2925 5310 ⁸¹
2963 5280 3089 5333 ibid.
3127 5279 3212 5333 14.
3286 5279 3330 5311 ⁸⁸
3361 5278 3517 5332 Rom.
3545 5294 3635 5338 an,
3663 5274 3730 5327 ll.

2559 5419 2605 5450 θ’
2629 5418 2771 5473 Psal.
2805 5434 2992 5485 cxvm,
3029 5420 3152 5474 165.
3248 5421 3292 5452 ’³
3323 5420 3466 5474 Psal.
3515 5432 3667 5478 unt,
3689 5415 3727 5466 5-

2259 5578 2369 5645 (5Ξ)
2409 5578 2516 5640 ΑΙ..
2557 5597 2576 5628 ι
2609 5581 2993 5637 emendatioris
3021 5591 3104 5638 est
3135 5584 3276 5639 vitze.
3308 5603 3328 5638 ι

2261 5650 2374 5718 (55)
2416 5648 2582 5714 ΕιΙὶιί,
2624 5669 2641 5700 ι
2672 5652 2784 5718 qui.
2822 5669 2840 5700 ι

2262 5715 2376 5786 (34)
2413 5719 2580 5783 Alias.
2617 5738 2635 5771 ι
2674 5715 2764 5775 sed
2795 5721 2994 5777 dicitur
3023 5723 3087 5779 de
3123 5725 3293 5778 oculis
3327 5723 3538 5776 utentis.
3573 5740 3591 5774 ι
