3974 6206
240 330 339 387 957

1192 328 1544 387 COMMENT.
1582 332 1646 387 lN
1687 330 1903 387 EPIST.
1943 330 2032 386 AD
2074 330 2240 388 ROM.
2277 328 2400 385 LIB.
2443 328 2529 385 ΙΙΙ.

3384 334 3487 387 938

236 454 338 501 bus
372 445 583 500 timoris
613 444 708 501 Dei
745 453 800 501 et
838 446 1147 504 intellectus
1176 459 1231 505 et
1275 452 1518 507 doctrina
1551 454 1814 525 perSpici-
1847 458 1890 514 Λ
1917 452 2088 523 Moysi
2118 452 2438 523 intelligere,
2471 464 2592 519 qua:
2615 447 2723 503 illis
2742 448 2860 503 sine
2882 449 3048 503 dubio
3070 449 3199 505 solis
3224 449 3484 519 loquitur,

234 552 345 607 tur,
373 556 472 610 per
504 556 690 609 quam,
723 540 865 595 sicut
900 542 1153 613 superius
1177 544 1435 613 diximus,
1482 548 1815 620 intelligatur

235 638 364 704 quid
395 638 692 691 timendum
728 638 820 701 sit,
852 647 946 691 aut
974 641 1102 708 quid
1132 658 1236 696 non
1269 645 1340 697 sit
1373 645 1689 699 timendum.
1710 646 1809 712 Qui

233 729 406 783 Deum
441 730 614 794 timet,
648 739 944 799 potestates
987 734 1169 788 saeculi
1205 753 1309 791 non
1358 738 1533 792 timet.
1585 737 1650 792 Et
1681 739 1810 808 quid

229 822 355 877 dico
379 824 447 877 de
486 826 844 893 potestatibus
876 828 1101 882 saeculi?
1126 828 1234 883 Nec
1276 830 1395 885 illos
1441 832 1809 901 principatus,

226 931 282 971 et
324 929 653 986 potestates,
678 929 730 975 et
758 922 942 976 mundi
972 921 1131 991 hujus
1158 934 1419 987 rectores.
1449 942 1623 997 neque
1647 927 1810 997 spiri-

228 1010 359 1064 talia
411 1013 669 1081 nequitia:
720 1014 773 1067 in
828 1014 1141 1072 caelestibus
1176 1018 1328 1071 timet
1350 1019 1416 1071 ".
1449 1017 1516 1072 Et
1551 1030 1608 1073 ut
1639 1020 1808 1088 ipsius

225 1102 332 1156 hoc
361 1102 475 1173 (55)
507 1102 659 1159 Pauli
690 1108 1016 1163 auctoritate
1043 1109 1345 1173 ﬁrmemus,
1378 1112 1500 1164 audi
1536 1112 1807 1181 quomodo

222 1192 363 1247 dicit
394 1194 462 1249 de
480 1195 728 1251 humanis
756 1200 1148 1267 potestatibus:
1201 1219 1219 1252 ι
1255 1200 1346 1256 Vis
1369 1243 1386 1266 ,
1446 1203 1655 1272 inquit,
1697 1219 1805 1258 non

223 1287 426 1341 timere
453 1298 775 1358 potestatem
804 1291 828 1345 2
855 1292 963 1346 Fac
985 1296 1127 1363 quod
1157 1295 1354 1347 bonum
1379 1304 1484 1359 est,
1506 1305 1558 1349 ct
1582 1296 1806 1351 habebis

222 1380 447 1435 laudem
496 1396 563 1437 ex
603 1398 667 1438 ea
694 1384 760 1440 ⁸⁷.
789 1404 807 1437 ι
850 1384 915 1440 Et
954 1385 1223 1455 Propheta
1271 1388 1404 1441 dicit
1437 1406 1451 1442 :
1488 1405 1508 1439 r
1545 1389 1806 1444 Dominus

222 1476 362 1531 mibi
404 1476 619 1545 adjutor
651 1489 751 1546 est,
788 1496 894 1535 non
926 1480 1126 1536 timebo
1157 1482 1284 1551 quid
1325 1483 1490 1538 faciat
1532 1484 1660 1539 mihi
1701 1484 1802 1539 ho-

221 1582 317 1620 mo
344 1568 414 1620 ".
448 1586 468 1620 ι
516 1568 589 1624 De
633 1570 876 1626 adversis
928 1587 1058 1626 vero
1095 1576 1454 1642 potestatibus
1508 1576 1799 1644 spirituum

220 1660 369 1715 idem
426 1660 693 1729 Propheta
738 1662 975 1718 sensisse
1022 1663 1152 1718 mihi
1208 1666 1443 1732 videtur,
1492 1668 1581 1721 ubi
1620 1669 1797 1724 dicit:

226 1770 248 1801 σ
274 1751 423 1805 Multi
448 1753 541 1822 qui
577 1752 846 1809 debellant
884 1772 967 1811 me
992 1757 1057 1810 de
1078 1758 1318 1822 excelso,
1337 1774 1435 1826 per
1464 1759 1607 1813 diem
1639 1760 1798 1812 timeo

220 1844 362 1897 bunt
385 1842 453 1911 ”;
482 1864 500 1897 ι
541 1856 596 1901 et
627 1848 822 1901 iterum
853 1864 868 1902 :
912 1866 929 1900 t
958 1846 1013 1902 Si
1056 1850 1358 1903 consistant
1394 1849 1681 1904 adversum
1712 1864 1798 1904 me

218 1945 431 2003 castra,
451 1952 555 1991 non
588 1938 799 1994 timebit
832 1955 928 1995 cor
960 1957 1137 1995 meum
1168 1941 1244 1995 ¹.›
1272 1940 1418 2009 Opus
1440 1956 1569 2009 ergo
1593 1942 1800 2013 grande

218 2038 307 2082 est
329 2030 745 2100 etmagnilicnm
773 2047 986 2101 semper
1012 2031 1216 2087 habere
1243 2044 1369 2088 ante
1401 2035 1586 2090 oculos
1621 2018 1801 2092 cordis

220 2120 390 2191 509
418 2122 662 2176 timorem
694 2122 817 2178 Dei:
845 2124 992 2177 illum
1022 2125 1294 2192 timorem,
1322 2127 1411 2196 qui
1432 2128 1659 2195 replevit
1683 2129 1807 2182 vir-'

219 2229 348 2283 gam
383 2229 503 2283 qua:
534 2215 775 2270 surrexit
801 2218 867 2270 de
909 2218 1089 2271 radice
1144 2216 1320 2283 Jesse,
1368 2231 1421 2273 et
1469 2219 1655 2273 liorem
1703 2221 1797 2290 qui

218 2306 290 2357 de
350 2307 533 2361 radice
578 2306 695 2375 ejus
760 2311 997 2362 surrexit
1033 2328 1045 2364 :
1076 2312 1142 2364 de
1192 2327 1299 2381 quo
1353 2314 1564 2367 dixerat
1612 2331 1625 2366 :
1671 2332 1689 2363 ι
1730 2313 1798 2367 ΕΙ.

218 2395 455 2465 replebit
485 2413 607 2451 eum
634 2399 857 2466 spiritus
887 2401 1096 2457 timoris
1129 2402 1339 2457 Domini
1373 2405 1413 2457 '.
1446 2423 1465 2456 ι
1504 2402 1558 2457 In
1592 2410 1796 2458 tantum

218 2498 405 2541 autem
457 2488 759 2558 perlectum
813 2493 991 2546 reddit
1044 2494 1317 2549 hominem
1369 2493 1458 2549 Dei
1508 2496 1689 2559 timor,
1740 2504 1798 2549 ut

216 2580 357 2633 nihil
392 2581 442 2634 ei
473 2583 632 2644 desit,
666 2593 723 2637 ut
763 2581 1037 2653 Propheta
1076 2587 1207 2640 dicit
1247 2586 1385 2657 (36),
1420 2587 1544 2656 quia
1603 2604 1621 2637 ι
1662 2586 1797 2640 nihil

215 2671 374 2725 deest
412 2672 735 2729 timentibus
779 2692 903 2731 eum
935 2678 975 2735 ’.
1010 2698 1028 2732 ι
1089 2676 1236 2741 Hmc,
1295 2688 1458 2748 prout
1498 2681 1793 2748 potuimus,

213 2764 450 2832 singulis
491 2767 797 2837 quibusque
834 2786 953 2839 quae
992 2786 1019 2825 a
1065 2771 1232 2825 Paulo
1270 2782 1545 2841 assumpta
1582 2770 1797 2827 fuerant

213 2854 550 2920 aptavimus,
590 2860 866 2927 quomodo
919 2861 1212 2917 convenire
1246 2863 1564 2918 viderentur
1597 2864 1679 2919 bis
1726 2864 1794 2920 de

212 2947 420 3015 quibus
480 2949 661 3004 dicit:
698 2971 716 3004 ι
750 2953 968 3008 Causati
1024 2956 1169 3008 enim
1215 2971 1404 3011 sumus
1466 2955 1685 3012 Judaaos
1740 2965 1796 3013 et

211 3028 439 3091 Graecos
464 3052 654 3093 omnes
684 3043 785 3096 sub
808 3055 1032 3112 peccato
1064 3060 1183 3100 esse
1212 3046 1252 3100 ⁸.
1288 3066 1307 3098 ι
1340 3046 1469 3113 Quae
1511 3058 1687 3103 tamen
1718 3049 1792 3103 ita

212 3128 588 3228 putoodebere-
622 3130 870 3228 intelligi,
902 3152 1008 3190 non
1037 3146 1094 3192 ut
1126 3139 1178 3192 in
1212 3140 1445 3210 singulis
1480 3142 1792 3202 hominibus
1819 3170 1861 3228 ο

208 3216 395 3269 omnia
423 3219 538 3273 luce
565 3219 727 3277 fuisse
752 3236 1068 3295 arguantur,
1110 3231 1204 3283 sed
1251 3230 1394 3285 aliud
1423 3232 1476 3287 in
1513 3234 1621 3289 alio
1654 3237 1790 3308 (57),

207 3316 263 3359 et
289 3308 441 3361 aliud
477 3311 526 3364 in
557 3313 683 3378 alio,
722 3316 794 3369 ita
823 3326 1003 3373 tamen
1030 3330 1087 3374 ut
1116 3321 1168 3376 in
1198 3324 1450 3379 omnibus
1483 3327 1794 3396 impleretur

208 3400 548 3456 universitas
575 3402 675 3457 ista
709 3406 980 3462 vitiorum.

279 3490 336 3544 6.
400 3510 419 3542 ι
454 3490 666 3550 Scimus
728 3508 948 3565 autem,
1008 3508 1260 3573 quoniam
1308 3522 1642 3579 quaecunque
1707 3511 1788 3566 lex

205 3580 479 3651 loquitur,
519 3587 601 3642 bis
632 3590 723 3658 qui
751 3592 801 3645 in
828 3593 946 3662 lege
972 3605 1099 3649 sunt
1130 3596 1393 3667 loquitur,
1429 3612 1485 3655 ut
1520 3616 1680 3657 omne
1730 3618 1793 3658 os

202 3678 540 3734 obstruatur
591 3692 643 3736 et
700 3685 953 3740 subditus
999 3686 1094 3742 fiat
1143 3691 1320 3745 omnis
1372 3695 1605 3749 mundus
1657 3694 1788 3750 Deo.

204 3768 514 3838 Propterea
543 3773 737 3843 (38)ex
770 3780 1025 3845 Operibus
1078 3779 1211 3847 legis
1260 3798 1363 3836 non
1407 3784 1816 3854 justil'lrabitur’

202 3861 392 3914 omnis
426 3877 554 3917 caro
587 3864 636 3917 in
669 3879 964 3935 conspectu
1000 3869 1092 3924 Dei
1127 3870 1259 3943 (59).
1292 3871 1397 3927 Per
1438 3875 1610 3945 legem
1642 3879 1787 3933 enim

204 3950 423 4017 agnitio
452 3954 657 4018 peccati
690 3953 764 4010 ⁸.»
810 3956 1025 4011 Ριωΐιιιί
1054 3974 1245 4017 sumus
1280 3964 1331 4016 in
1368 3966 1651 4035 principiis
1678 3968 1789 4040 (40)

205 4041 531 4108 Apostolum
598 4045 650 4099 in
714 4047 817 4102 hac
873 4049 1109 4117 Epistula
1170 4056 1236 4109 de
1290 4056 1532 4124 pluribus
1582 4058 1789 4129 legibus

210 4141 601 4203 traetaturum,
648 4155 879 4208 quarum
936 4144 1195 4200 discretio
1250 4157 1305 4202 et
1352 4148 1635 4205 distinctio
1686 4153 1787 4207 nisi

208 4242 309 4294 per
341 4227 458 4282 loca
501 4231 710 4301 singula
741 4233 1023 4303 habeatur,
1059 4238 1395 4296 confundere
1428 4245 1627 4311 poterit
1659 4259 1787 4298 seu-

207 4333 331 4370 sum
377 4318 624 4389 legentis.
658 4323 826 4397 igitur
871 4328 1034 4403 etiam
1081 4332 1133 4385 in
1187 4335 1436 4402 prmsenti
1487 4336 1602 4391 loco
1644 4337 1788 4404 quod

209 4415 384 4470 dicit:
416 4436 435 4469 σ
470 4418 685 4475 Scimus
750 4435 952 4488 autem,
1009 4428 1267 4495 quoniam
1317 4443 1654 4500 quaecunque
1702 4430 1786 4485 lex

210 4513 478 4583 loquitur,
512 4515 593 4568 his
617 4518 707 4586 qui
746 4518 798 4571 in
827 4518 944 4589 lege
968 4530 1097 4573 sunt
1127 4520 1391 4588 loquitur,
1428 4540 1445 4572 ι
1475 4521 1787 4594 diligentius
1822 4516 1865 4571 D

212 4607 497 4674 requirere
530 4608 787 4664 debemus
811 4626 931 4678 qua:
957 4611 1027 4665 sit
1050 4611 1131 4666 lex
1163 4628 1283 4682 qua:
1318 4614 1572 4684 loquatur
1599 4617 1663 4670 ad
1689 4633 1783 4670 eos

207 4698 382 4768 quiin
417 4699 533 4768 lege
564 4710 718 4767 sunt,
762 4712 816 4757 et
855 4719 953 4773 per
983 4704 1083 4759 hoc
1123 4706 1267 4775 quod
1307 4707 1373 4761 ad
1422 4723 1517 4764 eos
1555 4708 1791 4779 loquitur

209 4792 359 4846 omni
384 4808 479 4848 eos
507 4794 857 4851 excusatione
874 4797 1110 4851 denudet
1135 4837 1150 4861 ,
1186 4812 1251 4852 ne
1276 4809 1624 4868 peccatorum
1661 4816 1789 4854 suo-

210 4902 332 4939 rum
359 4886 568 4956 possint
596 4888 842 4944 invenire
872 4890 1114 4963 perfugia
1150 4910 1163 4946 :
1196 4892 1298 4947 hoc
1342 4894 1485 4947 enim
1532 4905 1614 4947 est
1643 4895 1786 4963 quod

209 4976 390 5032 dicit:
425 4997 444 5030 ι
472 4977 544 5035 Ut
580 4994 742 5035 omne
786 4996 850 5037 os
898 4981 1238 5052 obstruatur,
1288 4992 1343 5039 et
1396 4985 1643 5039 subditus
1691 4985 1785 5039 {lat

210 5072 392 5124 omnis
455 5073 691 5127 mundus
742 5074 870 5129 Deo.
904 5093 923 5127 ι
962 5073 1115 5141 Quod
1171 5075 1215 5131 si
1273 5075 1504 5131 velimus
1553 5075 1619 5129 de
1669 5074 1785 5144 lege

271 5216 319 5248 ⁹⁶
355 5213 550 5280 Epltes.
590 5228 664 5272 Vt.
703 5214 790 5269 12.
864 5216 908 5247 ’⁷
939 5214 1094 5270 Rom.
1134 5231 1250 5275 χιιι.
1284 5214 1337 5269 3.
1410 5214 1457 5246 "
1482 5213 1623 5267 Psal.
1649 5231 1796 5270 cxvu‘

1968 5215 2013 5248 ’⁵
2044 5210 2187 5267 Ρςειι.
2218 5224 2308 5270 ιν,
2342 5208 2396 5265 5.

854 5286 876 5317 ⁸
910 5287 1061 5338 Ilum.
1095 5303 1175 5348 ltt,
1203 5287 1256 5341 9.
1331 5287 1351 5317 '
1384 5286 1511 5337 ibitl.
1552 5285 1638 5351 l9,
1680 5286 1770 5342 το.

858 5373 965 5410 οιιι.
989 5373 1084 5410 vn.
1106 5358 1159 5410 9.
1240 5359 1280 5388 “
1304 5355 1444 5410 Psal.
1471 5371 1521 5410 ι..
1549 5356 1603 5409 6.

1346 5371 1444 5409 sat.
1471 5371 1521 5419 ι..
1549 5371 1603 5409 υ.

214 5283 234 5313 ³
258 5287 399 5340 Psal.
434 5303 624 5345 χχχιιι.
664 5286 748 5341 10.

213 5357 235 5388 ’
266 5356 424 5412 Rom.
458 5375 541 5422 ιιι,
572 5359 655 5412 l9.
737 5360 779 5392 ίο
809 5358 965 5411 Rom.
989 5373 1084 5424 vti,
1106 5358 1159 5412 9.

285 5474 399 5541 (3‘3)
442 5473 577 5528 Hoc.
616 5472 673 5528 ln
712 5473 873 5528 editis
905 5473 1194 5526 omittitur.

284 5540 399 5617 (56)
429 5546 537 5617 ᾼΫΙη
572 5566 589 5597 ι
617 5555 673 5598 ut
705 5546 788 5617 cui
819 5542 1142 5617 uiltil_(_lesit;
1174 5552 1243 5617 ut
1265 5540 1535 5611 PrOpltela
1562 5542 1731 5617 dicat.
1759 5561 1779 5594 ι

284 5612 398 5685 (57)
439 5614 501 5685 Et
531 5617 680 5669 aliud
712 5616 763 5667 in
801 5614 927 5685 alio.
970 5612 1092 5685 "me
1137 5613 1466 5685 omittuntur
1503 5617 1553 5666 in
1599 5614 1780 5669 editis.

285 5683 398 5753 (38)
434 5684 744 5753 Propterea.
775 5684 866 5739 Sic
891 5699 1018 5738 mss.
1060 5683 1197 5736 Editi
1227 5727 1240 5745 ,
1275 5701 1293 5732 ο
1329 5683 1476 5751 quia.
1510 5704 1527 5734 ι

288 5760 397 5833 \59)
422 5760 534 5815 ΑΙ..
571 5777 587 5809 t
621 5772 801 5809 coram
837 5754 962 5806 Deo.
995 5774 1011 5805 ι

530 5854 803 5913 Panos.
850 5849 969 5910 Gn.
1018 5849 1185 5909 XIV.

1916 560 2054 613 quos
2093 559 2158 599 ex
2213 543 2405 598 matris
2449 552 2607 596 utero
2656 540 3061 595 circumciderit
3115 552 3169 596 et
3218 542 3485 606 docuerit,

1916 638 2186 707 quomodo
2248 648 2587 703 consequens
2639 632 2917 687 videbitur
2984 636 3128 705 quod
3196 650 3293 701 per
3345 638 3485 690 hanc

1916 733 2113 802 legem,
2140 747 2260 801 qua:
2301 747 2461 784 unam
2489 732 2862 784 tantummodo
2896 729 3159 783 institutis
3193 732 3310 784 suis
3354 746 3489 785 ron-

1916 826 2076 895 tingit
2117 834 2355 896 gentem,
2390 840 2551 882 omne
2590 841 2650 881 os
2690 823 3021 885 obstruatur,
3078 833 3130 877 et
3181 824 3359 878 omnis
3393 839 3490 893 per
3542 842 3552 881 ς

1911 933 2030 972 eam
2068 919 2298 972 mundus
2344 918 2455 973 Deo
2509 926 2758 973 teneatur
2798 916 3106 970 obnoxius?
3156 916 3292 983 Quid
3338 918 3485 971 enim
3534 963 3547 971 .

1912 1026 2200 1065 commune
2228 1013 2292 1065 ad
2324 1011 2464 1067 hanc
2495 1011 2667 1083 legem
2699 1020 2887 1083 gentes
2918 1026 3127 1071 omnes,
3180 1012 3307 1079 quid
3342 1020 3489 1067 totus

1912 1103 2115 1157 habere
2139 1103 2373 1158 mundus
2398 1104 2705 1159 credendus
2735 1104 2864 1157 est?
2895 1104 3182 1171 Quomodo
3214 1115 3395 1159 autem
3430 1116 3487 1159 et

1909 1195 2115 1266 agnitio
2156 1196 2360 1265 peccati
2398 1211 2493 1264 per
2529 1195 2701 1266 legem
2739 1195 2907 1268 Moysi
2952 1197 3073 1251 ﬁeri
3109 1198 3329 1258 dicitur,
3362 1215 3484 1252 cum

1908 1289 2261 1343 inveniantur
2294 1288 2512 1358 plurimi
2558 1298 2612 1344 et
2644 1298 2767 1343 ante
2805 1304 2925 1343 eam
2968 1291 3258 1359 agnovisse
3287 1308 3487 1361 perca—

1911 1392 2022 1436 tum
2062 1382 2265 1436 suum?
2307 1381 2443 1438 Cain
2483 1382 2717 1453 denique
2765 1397 2886 1435 cum
2922 1394 3202 1452 peccasset
3245 1385 3314 1437 ita
3348 1386 3422 1437 ait
3469 1408 3480 1439 :

1911 1493 1930 1526 ι
1965 1474 2135 1543 Majus
2160 1484 2241 1530 est
2266 1484 2547 1545 peccatum
2574 1490 2777 1541 meum,
2797 1492 2958 1547 quam
2985 1485 3037 1529 ut
3072 1480 3380 1532 remittatur
3401 1479 3478 1531 ⁸..

1906 1568 2017 1640 (41)
2043 1570 2147 1623 Sed
2167 1579 2220 1624 et
2250 1569 2574 1638 patriarcha:
2597 1583 2717 1622 cum
2746 1568 3045 1637 ad-Joseph
3073 1571 3484 1625 deseeudissent

1904 1664 1956 1715 in
1988 1660 2308 1731 Egyptum,
2349 1669 2403 1715 et
2425 1661 2678 1715 simulata
2712 1662 2780 1715 ab
2823 1676 2888 1715 eo
2918 1649 3290 1717 confutatioﬁe
3322 1679 3485 1734 urge-

1903 1764 2113 1817 rentur,
2137 1754 2207 1807 ita
2236 1753 2301 1807 ad
2322 1753 2640 1807 alterutrum
2661 1753 2852 1807 dicunt
2875 1771 2887 1806 :
2908 1773 2925 1803 ‹
2948 1752 3002 1806 In
3026 1754 3263 1823 peccatis
3292 1770 3482 1808 sumus

1902 1861 2001 1915 pro
2036 1845 2206 1902 fratre
2250 1855 2462 1912 nostro,
2498 1846 2622 1914 Quia
2670 1847 3019 1916 despeximus
3068 1846 3478 1900 tribulationem

1903 1938 2019 2006 ejus
2052 1939 2246 1993 anima:
2282 1954 2401 1993 eum
2430 1948 2648 2009 rogaret
2680 1953 2777 1993 nos
2802 1980 2817 2005 ,
2870 1948 2923 1993 et
2965 1954 3069 1995 non
3101 1940 3482 1993 exaudivimus

1902 2046 2022 2086 eum
2048 2033 2309 2101 :‘propter
2331 2032 2432 2085 hoc
2458 2032 2602 2085 venit
2633 2045 2797 2100 super
2822 2047 2921 2085 nos
2950 2031 3231 2086 tribulatio
3257 2034 3371 2086 hac
3400 2034 3475 2087 ⁷..

1904 2123 2009 2179 Sed
2040 2132 2095 2177 et
2121 2121 2242 2186 Job,
2270 2139 2429 2192 quem
2476 2134 2606 2177 ante
2660 2123 2833 2194 legem
2895 2123 3062 2179 fuisse
3111 2135 3348 2190 constat,
3408 2128 3478 2179 ita

1900 2215 2032 2269 dicit
2060 2234 2073 2268 :
2101 2234 2118 2265 ι
2143 2215 2297 2282 Quod
2320 2224 2373 2269 et
2403 2216 2447 2267 si
2479 2216 2695 2283 peccavi
2724 2215 2945 2277 invitus,
2980 2217 3024 2269 si
3056 2217 3324 2270 occultavi
3355 2232 3479 2283 pcr-

1901 2316 2079 2361 catum
2112 2322 2315 2371 meum,
2337 2315 2431 2358 aut
2454 2306 2714 2361 confusus
2749 2323 2865 2361 sum
2900 2309 3247 2363 multitudine
3272 2310 3473 2378 populi,

1900 2400 2188 2469 quominus
2235 2398 2619 2452 annuntiarem
2680 2397 2936 2452 delictum
2997 2414 3175 2454 meum
3225 2400 3314 2453 ⁸.»
3374 2401 3476 2466 Qui

1899 2507 2088 2567 omnes
2144 2491 2427 2545 evidenter
2493 2492 2761 2545 docentur
2829 2493 3116 2560 agnovisse
3191 2506 3475 2563 peccatum

1899 2599 2078 2641 suum.
2114 2584 2187 2638 Ex
2232 2584 2316 2638 his
2361 2598 2492 2653 ergo
2547 2583 2826 2654 colligitur
2881 2583 3107 2639 Paulum
3173 2587 3474 2655 apostolum

1899 2692 2005 2731 non
2036 2678 2100 2732 de
2125 2677 2245 2745 lege
2278 2676 2444 2749 Moysi
2472 2677 2585 2731 haec
2620 2678 2823 2740 dicere,
2860 2696 2877 2727 ι
2904 2676 3040 2743 Quia
3071 2679 3152 2732 lev
3182 2680 3264 2731 his
3290 2680 3379 2747 qui
3422 2680 3473 2732 iu

1900 2769 2014 2842 lege
2056 2781 2183 2825 sunt
2230 2771 2470 2840 loquitur
2507 2775 2595 2837 ’,ι
2650 2771 2746 2825 sed
2801 2771 2865 2822 de
2919 2770 3150 2823 naturali
3205 2771 3323 2838 lege
3357 2788 3475 2838 qua:

1897 2864 2101 2935 scripta
2146 2874 2229 2919 est
2272 2863 2324 2917 in
2364 2864 2621 2918 cordibus
2676 2863 2975 2917 hominum.
3036 2861 3159 2915 llaec
3210 2876 3340 2932 ergo
3388 2863 3473 2916 lex

1897 2970 2233 3025 quaecunque
2264 2955 2421 3020 dicit,
2453 2955 2538 3009 his
2570 2957 2660 3025 qui
2692 2955 2744 3009 in
2778 2955 2895 3023 lege
2919 2963 3043 3010 sunt
3080 2956 3229 3009 dicit.
3268 2955 3323 3010 lu
3357 2957 3476 3027 lege

1898 3057 2075 3103 autem
2099 3059 2222 3102 sunt
2251 3048 2410 3117 biqui
2442 3048 2493 3102 id
2524 3049 2702 3103 aetatis
2730 3058 2918 3119 agunt,
2952 3065 3059 3118 quo
3085 3049 3472 3104 discretionem

1897 3142 2023 3196 boni
2066 3142 2301 3210 malique
2326 3141 2438 3209 jam
2476 3142 2718 3210 capiant.
2758 3141 2887 3196 Sine
2916 3142 3034 3212 lege
3068 3156 3197 3195 vero
3240 3143 3312 3195 illi
3348 3154 3476 3196 sunt

1900 3234 2094 3303 quibus
2116 3235 2352 3287 nondum
2384 3233 2692 3301 hujusmodi
2720 3234 3069 3290 discretionis
3092 3248 3285 3288 sensus
3308 3234 3473 3287 adve-

1899 3327 2013 3388 nit,
2052 3326 2346 3379 secundum
2388 3326 2529 3394 quod
2561 3336 2617 3380 et
2647 3324 2846 3381 Paulus
2880 3326 3009 3380 dicit
3038 3346 3052 3380 :
3078 3346 3096 3378 t
3133 3326 3244 3396 Ego
3293 3335 3473 3381 autem

1895 3418 2147 3472 vivebam
2179 3418 2298 3472 sine
2328 3417 2443 3488 lege
2477 3419 2771 3488 aliquando
2803 3419 2867 3472 ‘°.
2895 3437 2914 3471 ι
2968 3420 3279 3475 Secundum
3330 3420 3475 3475 hanc

1895 3524 2025 3577 ergo
2088 3511 2258 3579 legem
2323 3512 2627 3566 naturalem
2704 3522 3109 3580 consequenter
3172 3512 3471 3582 Apostolus

1895 3605 2100 3659 dixisse
2143 3604 2416 3658 videbitur
2461 3604 2575 3674 (42)
2605 3619 2766 3659 omne
2827 3618 2888 3659 os
2938 3605 3352 3667 obstrueudum,
3415 3616 3472 3657 et

1895 3711 2109 3751 onmem
2154 3696 2412 3749 mundum
2462 3695 2756 3749 obnoxium
2807 3695 2898 3748 Dei
2944 3694 3150 3763 judicio
3205 3693 3469 3749 futurum.

1897 3786 2067 3856 llujus
2098 3788 2243 3843 enim
2273 3787 2407 3857 legis
2448 3802 2567 3857 qua:
2611 3785 2938 3840 naturaliter
2968 3785 3277 3840 hominibus
3307 3787 3473 3851 inest,

1895 3881 2074 3935 nullus
2103 3887 2186 3934 est
2217 3894 2432 3947 expers,
2465 3895 2637 3949 neque
2669 3877 2980 3934 Judzeorum
3008 3922 3023 3945 ,
3064 3894 3244 3949 neque
3286 3881 3468 3949 genti-

1895 3972 2026 4026 lium
2063 3991 2076 4025 :
2112 3980 2168 4026 et
2214 3972 2334 4027 ideo
2368 3980 2770 4040 consequenter
2805 3972 3009 4026 dictum
3062 3973 3277 4026 videtur
3305 3973 3471 4027 etiam

1896 4062 2047 4128 illud,
2088 4064 2231 4131 quod
2256 4061 2593 4129 justilicetur
2628 4062 2770 4117 Deus
2801 4063 2854 4116 in
2889 4064 3068 4118 verbis
3093 4064 3228 4128 suis,
3258 4073 3314 4119 et
3347 4066 3469 4117 viu-

1894 4169 1982 4214 cat
2008 4174 2130 4213 eum
2172 4155 2448 4221 iudicatur
2480 4155 2542 4210 “.
2597 4154 2668 4211 Ut
2697 4156 2847 4210 verbi
2895 4171 3057 4211 causa
3092 4157 3342 4213 dicamus
3372 4173 3385 4210 :
3422 4160 3470 4214 si

1894 4250 2205 4319 requiratur
2246 4247 2375 4317 quid
2439 4246 2582 4301 Deus
2630 4247 2836 4301 homini
2886 4249 3210 4314 contulerit,
3248 4259 3301 4303 et
3339 4251 3469 4316 quid

1897 4345 2056 4398 homo
2081 4358 2146 4397 ex
2182 4342 2268 4396 his
2307 4355 2425 4409 quae
2464 4356 2491 4392 a
2528 4340 2637 4394 Deo
2665 4341 2875 4409 accepit
2908 4351 3167 4410 operatus
3196 4341 3287 4404 sit,
3316 4340 3465 4407 judi-

1894 4436 2004 4490 cari
2042 4450 2165 4489 cum
2198 4431 2508 4487 hominibus
2542 4430 2681 4485 Deus
2709 4430 3022 4484 videbitur:
3062 4439 3118 4484 et
3160 4430 3470 4485 invenietur

1891 4529 2106 4598 quidem
2161 4526 2305 4580 Deus
2352 4524 2567 4578 dedisse
2597 4522 2799 4575 homini
2848 4538 3036 4576 omnes
3069 4520 3313 4583 allectus,
3350 4538 3468 4575 om-

1892 4634 2095 4687 nesque
2126 4627 2303 4671 motus
2332 4617 2530 4686 quibus
2559 4613 2628 4668 ad
2659 4613 2913 4667 virtutem
2941 4612 3035 4665 niti
3066 4613 3234 4680 possit
3263 4622 3318 4667 et
3342 4629 3469 4682 pro.

1890 4711 2039 4781 gredi
2074 4729 2087 4764 :
2122 4709 2342 4779 insuper
2388 4707 2553 4761 etiam
2583 4706 2691 4758 vim
2725 4704 2952 4759 rationis
2986 4705 3283 4759 inseruisse
3308 4746 3322 4769 ,
3358 4721 3466 4775 qua

1890 4811 2212 4873 agnosceret
2253 4799 2383 4869 quid
2424 4800 2648 4855 deberet
2690 4813 2873 4868 agere,
2902 4797 3032 4867 quid
3063 4812 3280 4852 cavere.
3343 4797 3468 4855 [hec

1888 4910 2021 4966 ergo
2050 4893 2323 4947 invenitur
2358 4890 2498 4945 Deus
2530 4889 2893 4945 communiter
2933 4891 3185 4943 omnibus
3230 4891 3467 4945 homini-

1892 4988 1994 5041 bus
2014 4984 2351 5056 praestitisse.
2387 4982 2491 5037 Sed
2524 4984 2569 5037 si
2591 4983 2677 5036 his
2708 4983 2944 5052 acceptis
2976 4982 3139 5036 homo
3165 4983 3467 5053 neglexerit

1892 5080 1998 5133 iter
2038 5076 2253 5131 virtutis
2286 5074 2573 5141 incedere,
2635 5074 2724 5128 cui
2780 5088 2846 5128 ex
2915 5072 3021 5127 Deo
3082 5073 3217 5128 nihil
3268 5075 3462 5137 deruit,

3024 5212 3043 5241 ¹
3070 5208 3191 5263 lsai.
3224 5209 3378 5270 n.1,
3406 5209 3462 5270 3.

3012 5281 3031 5309 "
3063 5278 3162 5333 Jub
3193 5294 3340 5343 xxxi,
3371 5280 3463 5339 33.

2476 5207 2493 5239 ¹
2528 5207 2670 5266 Psal.
2705 5224 2849 5267 xxw,
2883 5209 2936 5264 5.

1894 5289 1914 5319 ⁸
1943 5286 2077 5341 Gen.
2110 5298 2181 5345 tv,
2215 5281 2299 5333 15.
2436 5279 2455 5308 ⁷
2482 5280 2618 5335 Gen.
2647 5296 2776 5342 xui,
2803 5278 2896 5342 21,

1961 5467 2075 5535 (40)
2101 5466 2236 5521 Vide
2269 5465 2650 5522 Prml’ationem
2708 5463 2978 5535 Origenis.

1960 5538 2074 5609 (Μ)
2109 5539 2198 5591 Sic
2235 5552 2365 5592 mss.
2403 5536 2517 5592 fere
2563 5549 2774 5589 omnes.
2829 5534 3060 5601 Quidam
3114 5552 3233 5589 cum
3277 5538 3460 5602 editis,

1894 5627 1911 5659 ι
1948 5609 2146 5661 remitti
2176 5609 2360 5675 possit.
2391 5626 2409 5658 ι

1960 5676 2070 5750 (4‘2)
2103 5677 2211 5742 AL,
2249 5695 2267 5730 ι
2298 5677 2596 5732 videbatur.
2631 5695 2649 5726 ι

3110 5841 3189 5895 30
