3936 6196
945 176 977 189 Ι

613 233 718 289 939

2075 231 2399 290 ORIGENIS
3393 190 3401 195 ’
3622 259 3678 315 ,ἢ

613 352 892 408 invenitur
922 352 1037 423 ipse
1061 351 1301 409 defuisse
1326 351 1396 407 iis
1424 366 1546 421 quae
1569 368 1600 407 a
1630 353 1744 410 Deo
1771 354 1895 410 data
1921 364 2048 412 sunt
2079 355 2205 412 Sibi.
2237 363 2280 422 Α
2313 357 2576 412 mundum
2604 356 2678 412 ita
2710 366 2962 414 terrenus
2995 357 3083 414 ltic
3113 358 3298 416 debere
3317 361 3496 438 intelligi
3516 368 3631 440 locus,
3652 397 3682 437 ει

610 446 807 502 Merito
849 461 984 516 ergo
1027 446 1226 501 dicitur
1277 445 1330 500 in
1362 445 1454 499 tali
1484 443 1696 513 judicio
1728 446 1871 503 Deus
1897 447 2116 504 vincere
2139 457 2196 504 et

604 539 899 610 jnstilicat'i
938 539 991 592 in
1040 536 1224 593 verbis
1243 539 1380 594 suis.
1431 537 1561 594 Haec
1613 553 1743 608 ergo
1789 538 1878 595 lex
1931 539 2198 598 naturalis

611 631 860 701 loquitur
887 629 1145 685 omnibus
1193 631 1286 700 qui
1334 630 1388 684 in
1419 627 1536 698 lege
1571 639 1693 684 sunt
1727 645 1740 683 :
1777 646 1844 686 ex
1879 632 2032 701 cujus
2053 645 2195 702 pra:-

610 727 788 794 ceptis
834 723 935 780 soli
982 725 1118 780 mihi
1154 725 1426 782 immunes
1462 721 1580 776 ﬁeri
1629 723 1881 779 videntur
1930 723 2194 788 infantes.

609 817 808 886 quibus
837 817 1080 874 nondum
1110 817 1254 872 inest
1281 816 1438 887 pravi
1469 815 1718 884 rectique
1743 816 2040 887 judicium.
2088 817 2197 873 Sed

609 909 698 966 his
743 909 789 965 si
836 909 1003 964 etiam
1054 908 1128 964 illi
1160 907 1403 964 sociandi
1455 906 1568 960 sint
1606 905 1701 976 qui
1755 922 2080 978 quacunque
2127 922 2197 964 ex

608 1017 775 1059 causa
809 1003 1041 1072 impotes
1071 1009 1204 1056 sunt
1239 1000 1354 1074 (ιδ)
1404 995 1628 1069 mentis,
1682 1001 1884 1057 videto.
1939 1001 2198 1070 Exceptis

606 1111 740 1153 vero
791 1095 879 1150 bis
935 1095 1110 1150 nullus
1158 1096 1444 1151 hominum
1507 1096 1640 1162 mibi
1696 1093 1936 1166 cﬁ'ugere
1980 1095 2198 1150 videtur

608 1191 750 1246 hanc
793 1189 992 1260 legem.
1033 1189 1502 1246 Considerandum
1531 1199 1631 1248 est
1685 1197 1868 1246 autem
1925 1203 1996 1244 ne
2053 1187 2196 1244 [orte

608 1296 716 1336 non
769 1281 946 1336 solum
1002 1281 1276 1345 homines,
1330 1280 1426 1336 sed
1478 1291 1535 1336 et
1573 1279 1812 1351 angelos,
1854 1286 1908 1334 et
1953 1271 2194 1342 omnem,

607 1386 944 1442 quaecunque
1009 1371 1099 1426 illa
1151 1380 1268 1432 est,
1313 1371 1697 1426 rationabilem
1753 1377 2068 1424 creaturam
2111 1365 2196 1420 lex

609 1467 710 1520 ista
741 1465 1102 1535 constringat.
1132 1463 1188 1519 Si
1221 1463 1365 1518 enim
1403 1473 1548 1520 recte
1579 1481 1608 1518 a
1641 1463 1976 1532 sapientibus
2001 1459 2198 1516 delini-

608 1571 724 1614 tum
747 1569 857 1623 est,
881 1556 1054 1630 legem
1082 1571 1204 1612 esse
1232 1572 1352 1626 qua:
1370 1555 1486 1627 (Η)
1509 1557 1675 1611 dictet
1705 1557 1844 1626 quod
1866 1555 1948 1628 agi
1979 1555 2193 1618 debeat,

603 1664 660 1709 et
674 1652 818 1724 quod
841 1651 924 1722 agi
948 1665 1052 1704 non
1069 1649 1265 1708 debeat
1284 1659 1448 1712 vetet,
1465 1647 1739 1718 quomodo
1759 1663 1864 1702 non
1885 1645 2191 1716 huiusmodi

2304 461 2361 504 et
2391 449 2638 517 arbores,
2671 461 2728 504 et
2770 449 2998 520 lapides,
3048 459 3100 506 et
3145 450 3339 518 berbte,
3380 472 3433 510 ac
3476 464 3627 528 semina,
3656 485 3681 525 ες

2305 540 2472 610 palea:
2519 558 2640 612 qua:
2681 542 2735 596 in
2783 540 2900 609 ipso
2945 550 3094 609 sunt,
3125 543 3314 609 pariter
3364 548 3580 606 nominata
3609 561 3680 615 sint,

2297 631 2496 689 Partes
2534 635 2678 688 enim
2705 635 2892 687 mundi
2919 633 3043 689 haec
3069 650 3184 690 esse
3209 636 3393 708 singula
3411 640 3606 698 videntur.
3625 649 3680 706 Nu

2304 728 2545 783 arbitror
2587 729 2658 782 ita
2705 727 3017 799 quempiam
3059 729 3286 798 ineptum
3317 730 3539 800 inveniri,
3572 741 3681 796 utin

2304 819 2474 890 possit
2511 835 2783 875 asserere.
2816 819 3013 875 Restat
3043 819 3200 891 igitur
3241 832 3294 876 ut
3333 838 3507 878 onmem
3541 835 3681 886 mundae

2303 925 2466 966 omne
2511 910 2780 966 rationale
2807 909 3012 964 animal
3044 910 3184 965 dicat
3217 929 3228 964 :
3258 919 3305 965 et
3335 913 3453 968 sicut
3491 927 3683 989 omneque

2306 1001 2623 1058 irrationale
2655 1011 2766 1066 est,
2801 1000 3079 1072 excipitur
3133 1003 3196 1056 ab
3229 1004 3319 1058 hoc
3352 1019 3510 1071 sensu,
3543 1009 3593 1062 ita
3619 1016 3680 1067 ub

2303 1093 2437 1148 mibi
2475 1093 2686 1148 videtur
2723 1093 2792 1148 ab
2823 1093 2929 1147 hac
2954 1093 3260 1149 conditione
3285 1096 3518 1150 ratiOualis
3548 1113 3681 1155 creata:

2304 1189 2542 1243 secerni.
2582 1186 2774 1243 Omnis
2817 1201 2954 1256 ergo
2988 1185 3218 1241 mundus
3247 1186 3476 1243 obnoxius
3505 1188 3546 1242 lit
3567 1191 3684 1260 Deopu

2304 1281 2408 1336 hoc
2441 1280 2586 1354 quod
2630 1280 2804 1349 legem
2846 1280 3156 1334 naturalem
3206 1280 3412 1336 inseruit
3442 1282 3686 1340 omnibuue

2302 1375 2501 1444 quibus
2526 1383 2578 1429 et
2604 1374 2664 1444 in
2702 1373 2808 1427 alio
2836 1373 2956 1428 loco
2992 1373 3147 1437 dicit,
3193 1375 3309 1444 quia
3343 1392 3360 1426 ι
3381 1375 3424 1428 in
3456 1378 3609 1432 nomine
3631 1379 3686 1434 ica

2300 1489 2464 1528 onme
2499 1489 2639 1544 genu
2670 1470 2926 1526 ﬂectetur
2955 1469 3068 1540 (48)
3100 1470 3410 1530 εωιεειίυιιι.
3432 1476 3688 1531 terrestrium

2303 1564 2640 1620 inlernorum
2668 1565 2734 1619 ".
2769 1582 2788 1616 ι
2828 1561 2984 1631 Quod
3013 1561 3199 1632 utique
3239 1563 3279 1616 si
3323 1561 3492 1628 faciat,
3523 1567 3689 1632 complesse

2300 1653 2808 1725 videbiturlegcm;
2839 1653 2886 1708 si
2923 1668 3030 1707 non
3067 1651 3248 1718 faciat,
3277 1667 3395 1708 esse
3420 1653 3608 1708 obnoxius
3621 1655 3689 1729 legi:

605 1749 694 1804 lex
734 1747 900 1802 etiam
941 1743 1195 1814 supernis
1229 1751 1286 1797 et.
1329 1739 1646 1797 caelestibus
1673 1739 1956 1796 ordinibus
1982 1739 2186 1794 inserta
2220 1725 2262 1780 Β
2300 1763 2394 1819 per
2423 1747 2596 1818 legem
2625 1755 2809 1801 autem
2839 1754 3236 1814 consequenter
3264 1753 3313 1801 el
3341 1744 3452 1807 Deo.
3490 1746 3532 1804 Si
3557 1755 3609 1806 cui
3627 1725 3689 1806 τέω

603 1839 917 1904 videbitur;
953 1836 1152 1906 quibus
1201 1835 1392 1904 utique
1435 1842 1491 1888 et
1532 1831 1863 1887 observandi
1907 1830 2190 1902 quiddam,

605 1931 770 2004 510
809 1938 867 1985 ει
899 1928 1154 1998 (Ιυίαάαιη
1195 1925 1424 1981 cavendi
1475 1923 1764 1993 disciplina
1797 1921 1932 1977 est?
1972 1921 2036 1975 Ει
2087 1920 2189 1976 nisi

608 2027 708 2080 bac
739 2026 852 2092 lege
901 2030 1240 2083 tenerentur,
1277 2032 1556 2087 nunquam
1591 2017 1661 2071 de
1686 2016 1768 2071 eis
1798 2016 2010 2070 diceret
2043 2013 2194 2071 Seri-

609 2127 768 2188 ptura
807 2115 990 2169 divina
1019 2129 1030 2166 :
1065 2130 1084 2164 ι
1111 2110 1347 2182 Angelos
1385 2124 1626 2180 quoque,
1669 2109 1762 2179 qui
1796 2122 1902 2163 non
1937 2121 2194 2164 servave-

607 2220 732 2264 runt
756 2208 1118 2278 principatum
1137 2219 1323 2269 suum,
1348 2202 1442 2258 sed
1473 2201 1886 2271 dereliquerunt
1911 2197 2192 2269 proprium

609 2301 947 2358 d0tniciliutn
973 2340 988 2364 ,
1020 2297 1162 2354 Deus
1193 2297 1258 2350 ad
1277 2294 1546 2366 judicium
1582 2292 1765 2362 magni
1813 2291 1923 2348 diei
1973 2291 2195 2346 aeternis

607 2394 844 2450 vinculis
904 2393 957 2447 in
1019 2399 1228 2446 lartaro
1267 2385 1381 2460 (45)
1425 2387 1756 2442 constrictos
1813 2384 1914 2440 sub
1962 2381 2196 2454 caligine

606 2484 914 2543 reservavit
985 2484 1053 2540 ".
1088 2501 1107 2535 ι
1159 2480 1314 2537 Unde
1365 2485 1584 2535 constat
1635 2476 1812 2532 inesse
1859 2474 1940 2530 eis
1983 2473 2194 2544 legem;

604 2594 715 2650 qua
746 2593 851 2632 non
890 2574 1179 2646 observata
1224 2570 1370 2642 passi
1415 2577 1546 2624 sunt
1594 2567 1710 2622 hac
1769 2579 1891 2636 qua:
1941 2565 2196 2635 superius

605 2671 892 2740 Scriptura
927 2677 1127 2724 testata
1169 2675 1273 2721 est.
1335 2662 1443 2720 Sed
1495 2669 1552 2722 et
1592 2657 1794 2718 Paulus
1837 2673 1962 2714 cum
2013 2655 2194 2712 dicit:

611 2784 631 2818 ι
667 2766 747 2819 An
793 2760 906 2834 (46)
937 2760 1158 2817 nescitis
1210 2757 1340 2829 quia
1387 2751 2008 2827 angelosjudicabimus
2061 2748 2192 2804 "is

604 2859 738 2931 quid
771 2857 918 2912 aliud
953 2854 1054 2910 nisi
1093 2853 1194 2908 sub
1239 2851 1360 2922 lege
1390 2850 1634 2905 scitesse
1664 2844 1875 2917 positos
1921 2858 2017 2901 eos
2059 2856 2196 2914 quos

607 2951 926 3026 pronuntiat
960 2949 1036 3004 ad
1073 2945 1340 3016 judicium
1383 2939 1766 3000 deducendos?
1818 2937 1928 2994 Sed
1983 2936 2031 2993 si
2074 2934 2198 3008 quis

607 3047 768 3103 nobis
812 3049 1070 3099 occurrat
1123 3054 1187 3094 ex
1225 3052 1290 3092 eo
1319 3035 1466 3106 quod
1506 3049 1674 3105 supra
1734 3031 1973 3088 diximus
2025 3029 2195 3084 Deum

604 3153 730 3195 esse
755 3151 878 3192 cum
903 3131 1218 3189 hominibus
1239 3127 1622 3198 judicandum,
1644 3123 1799 3194 quasi
1827 3123 1990 3179 etiam
2015 3121 2192 3192 ipsum

607 3232 792 3287 dicere
825 3226 1105 3283 videamur
1128 3237 1252 3278 esse
1277 3220 1377 3276 sub
1418 3218 1557 3290 lege,
1589 3217 1713 3273 audi
1755 3225 1959 3286 quanta
1989 3213 2058 3270 de
2092 3213 2196 3268 hoc

607 3321 821 3381 cautela
861 3320 913 3374 in
951 3315 1194 3387 Apostoli
1222 3312 1448 3368 Litteris
1474 3309 1773 3376 invenitur,
1802 3305 2194 3378 quiCbristum

609 3429 718 3470 non
749 3413 804 3467 in
841 3411 958 3481 lege
983 3423 1128 3477 esse,
1160 3407 1254 3463 sed
1287 3402 1684 3476 plenitudinem
1717 3416 1840 3458 esse
1883 3399 2018 3469 legis
2043 3411 2197 3453 com-

610 3512 883 3560 memorat
919 3515 1012 3558 :et
1053 3501 1195 3556 sicut
1229 3497 1263 3566 ἰι
1286 3513 1348 3553 se
1381 3505 1461 3552 est
1487 3493 1700 3563 jnstitia
1751 3507 1819 3549 ex
1859 3505 1964 3560 qua
2001 3501 2194 3546 omnes

603 3597 736 3669 justi
772 3596 938 3660 ﬁunt,
957 3607 1013 3651 et
1043 3592 1159 3662 ipse
1181 3600 1263 3646 est
1286 3591 1488 3646 veritas
1527 3603 1592 3642 ex
1621 3601 1728 3656 qua
1757 3597 1948 3641 onmes
1980 3583 2034 3638 in
2058 3581 2199 3637 veri-

611 3701 723 3746 tate
760 3689 1060 3744 consistuul
1075 3727 1088 3749 ,
1107 3695 1162 3741 et
1186 3686 1299 3750 ipse
1321 3693 1406 3738 est
1426 3683 1534 3735 vita
1561 3695 1628 3734 ex
1650 3693 1756 3750 qua
1773 3691 1964 3733 omnes
1984 3675 2195 3740 vivunt,

611 3785 685 3838 ita
714 3793 769 3837 et
797 3783 912 3850 ipse
941 3789 1025 3836 est
1057 3779 1166 3845 lux,
1200 3792 1266 3832 ex
1299 3789 1404 3846 qua
1433 3787 1625 3834 omnes
1658 3773 1710 3826 in
1741 3769 1858 3841 lege
1889 3775 2040 3824 sunt.
2092 3764 2198 3822 Ve-

612 3875 693 3928 nit
719 3890 848 3941 ergo
888 3874 953 3926 ad
983 3871 1271 3941 judicium,
1306 3883 1410 3922 non
1450 3875 1709 3936 tanquam
1741 3863 1835 3932 qui
1869 3861 1925 3915 in
1951 3860 2070 3930 lege
2102 3857 2197 3926 sit,

611 3966 706 4019 sed
741 3974 1002 4031 tanquam
1029 3961 1118 4029 qui
1149 3961 1234 4014 lex
1272 3961 1364 4013 sit.
1403 3957 1517 4029 Ego
1557 3965 1736 4011 autem
1771 3961 1900 4024 puto
1946 3951 2095 4022 quod
2137 3948 2196 4005 hi

611 4058 702 4127 qui
738 4059 850 4122 jam
881 4054 1106 4124 perfecti
1148 4061 1302 4115 sunt,
1345 4061 1402 4106 et
1450 4049 1677 4104 Domino
1721 4044 2000 4114 conjuncti
2056 4056 2196 4098 unus

609 4147 838 4219 spiritus
864 4162 986 4201 cum
1015 4145 1134 4214 ipso
1164 4141 1338 4200 ell'ecti
1383 4149 1512 4196 sunt
1555 4139 1622 4204 ⁸⁵,
1675 4153 1774 4192 nec
1827 4137 1928 4208 ipsi
1973 4137 2028 4190 in
2078 4133 2197 4205 lege

609 4247 756 4303 sunt,
796 4237 890 4292 sed
926 4235 1098 4306 inagis
1129 4233 1228 4304 ipst
1263 4239 1393 4285 sunt
1420 4229 1524 4292 lex,
1584 4231 1729 4284 sicut
1769 4235 1828 4281 et
1875 4225 2006 4280 alibi
2048 4224 2193 4280 idem

611 4331 912 4403 Apostolus
939 4329 1073 4384 dicit
1104 4345 1118 4381 :
1155 4325 1318 4393 «Quia
1339 4323 1486 4393 justo
1515 4321 1601 4376 lex
1629 4336 1736 4374 non
1773 4328 1856 4374 est
1878 4319 2054 4388 posita
2076 4318 2143 4371 ¹³.
2167 4334 2187 4369 ι

2296 1840 2363 1902 de
2388 1839 2520 1894 solis
2550 1837 2865 1894 hominibus
2899 1838 3006 1893 hoc
3055 1836 3321 1892 videbitur
3350 1841 3540 1905 dictum,
3569 1849 3645 1912 quod
3664 1860 3690 1898 τι

2296 1928 2474 2001 legent
2535 1928 2844 1984 naturalem
2889 1929 3026 1999 ipsis
3061 1929 3236 1984 inesse
3265 1931 3458 1997 dixerit,
3494 1943 3534 1986 et
3564 1937 3603 1989 de
3627 1939 3688 1989 eis

2289 2023 2429 2098 ipsis
2460 2023 2723 2093 scriptum
2752 2021 2994 2093 accipiat
3025 2022 3142 2094 (49)
3175 2041 3189 2077 :
3228 2023 3478 2079 «Utomne
3499 2029 3687 2082 osolstm-

2296 2125 2410 2184 tur,
2439 2126 2494 2172 et
2531 2114 2807 2172 obnoxius
2837 2112 2933 2169 fiat
2979 2116 3162 2170 omnis
3192 2117 3402 2171 mundus
3425 2115 3513 2172 Deo
3532 2119 3604 2179 ".1
3631 2133 3684 2174 re

2295 2213 2386 2271 tur
2416 2201 2528 2274 (50)
2556 2201 2846 2258 occasione
2871 2203 3254 2274 subsequentis
3271 2207 3511 2267 sermonis.
3528 2223 3596 2276 quo
3608 2209 3683 2260 (iiut:

2299 2293 2471 2362 «Quia
2513 2310 2582 2350 ex
2610 2293 2871 2366 operibus
2919 2293 3063 2366 legis
3118 2311 3224 2350 non
3266 2295 3682 2364 justiﬁcabiturenas

2295 2403 2426 2448 caro
2473 2389 2540 2443 ".
2574 2408 2596 2442 ι
2650 2389 2807 2458 Quod
2857 2389 3057 2461 utique
3107 2391 3304 2445 dictum
3353 2390 3562 2445 videbitur
3590 2393 3626 2444 ile
3650 2394 3684 2444 lis

2300 2489 2507 2537 tantum
2533 2481 2626 2553 qui
2672 2481 2726 2537 in
2747 2495 2920 2537 carne
2957 2490 3082 2538 sunt
3113 2482 3290 2551 positi.
3321 2480 3414 2536 Sed
3469 2481 3536 2550 qui
3564 2483 3675 2550 prius

2296 2588 2520 2633 sensum
2555 2576 2731 2643 magis
2770 2583 2959 2628 tenere
2989 2572 3204 2638 volunt,
3248 2572 3679 2640 observabuntililtga-

2301 2667 2406 2726 tius
2453 2666 2733 2739 quomodo
2785 2665 3086 2736 Apostolus
3114 2665 3310 2721 dixerit
3344 2681 3402 2720 ex
3437 2663 3613 2734 operibus
3628 2665 3685 2730 legis

2299 2774 2406 2815 non
2439 2757 2732 2828 iustiﬁcari
2761 2773 2981 2814 omnem
3034 2759 3150 2830 (51)
3196 2773 3396 2814 carnem
3425 2774 3436 2809 :
3464 2756 3554 2824 quia
3585 2756 3621 2807 ad
3649 2768 3690 2804 nrt

2298 2851 2393 2922 qui
2427 2853 2481 2906 in
2512 2865 2679 2906 carne
2706 2861 2836 2906 sunt
2863 2865 3033 2920 opera
3063 2851 3197 2921 legis
3226 2857 3476 2920 Spectant;
3501 2847 3691 2898 aliCOSir'ii

2299 2945 2393 3014 qui
2417 2943 2471 2998 in
2507 2943 2708 3016 Spiritu
2739 2953 2889 3011 sunt,
2919 2943 2972 2998 id
3034 2952 3120 2998 est
3158 2942 3439 3010 superiores
3475 2939 3692 2991 ordinum-

2300 3034 2516 3091 lestium
2555 3035 3010 3101 ministeriorum,
3046 3049 3238 3089 sensus
3266 3034 3467 3104 pertinet
3490 3029 3591 3098 legis.
3625 3025 3690 3077 «Et

2299 3129 2560 3200 Operibus
2587 3147 2606 3181 θ
2648 3127 2819 3198 igitur
2849 3146 2867 3180 ι
2914 3129 3052 3200 legis
3083 3149 3102 3181 ι
3143 3127 3278 3198 quod
3307 3142 3322 3178 ι
3352 3141 3442 3180 non
3463 3120 3693 3193 justiﬁcabiur

2296 3226 2475 3280 omnis
2503 3237 2633 3278 caro
2660 3222 2714 3276 in
2759 3231 3055 3291 conspectu
3085 3221 3222 3291 ejus,
3251 3238 3272 3272 ι
3309 3220 3398 3273 hoc
3438 3216 3557 3270 modo
3587 3209 3689 3264 intrii-

2295 3316 2534 3388 gendum
2561 3327 2698 3386 puto
2727 3333 2742 3370 :
2775 3316 2902 3386 quia
2931 3315 3114 3370 omnis
3147 3314 3233 3384 qui
3263 3327 3381 3367 caro
3409 3319 3504 3373 est,
3539 3317 3689 3360 cister-

2299 3409 2427 3466 dum
2480 3424 2704 3465 carnem
2731 3409 2890 3473 vivit,
2940 3423 3050 3462 non
3091 3415 3268 3478 potest
3306 3399 3542 3475 iustificari
3578 3393 3690 3458 ctlrge

2299 3500 2421 3569 Dei,
2449 3501 2594 3557 sicut
2619 3510 2676 3555 et
2700 3499 2832 3556 alibi
2878 3499 3012 3554 dicit
3056 3499 3196 3554 idem
3226 3496 3499 3568 Apostolus,
3522 3489 3602 3558 quia
3623 3484 3688 3552 «qn

2301 3592 2356 3648 in
2387 3607 2555 3647 carne
2592 3601 2719 3646 sunt
2749 3631 2765 3656 ,
2798 3591 2910 3647 Deo
2937 3593 3162 3662 placere
3192 3606 3292 3645 non
3326 3593 3515 3658 possunt
3529 3581 3611 3644 “;t
3632 3577 3690 3627 ἱιει11

2301 3684 2428 3740 alibi
2457 3703 2470 3738 :
2517 3703 2536 3737 ι
2568 3683 2706 3752 Quia
2737 3684 3002 3753 sapientia
3038 3684 3228 3740 carnis
3251 3680 3446 3738 inimica
3469 3685 3533 3732 est
3552 3667 3628 3731 Deo.
3644 3663 3689 3732 ίεὲί

2300 3777 2445 3833 enim
2491 3777 2582 3832 Dei
2617 3793 2722 3832 non
2769 3788 2854 3833 est
2896 3777 3148 3845 subjecta
3181 3790 3315 3832 :nec
3347 3773 3468 3827 enim
3499 3759 3688 3836 potesP'i'

2300 3879 2356 3926 et
2384 3869 2646 3940 propheta
2677 3869 2807 3924 dicit
2837 3885 2854 3924 :
2884 3887 2906 3922 ι
2934 3868 3130 3925 Omnis
3165 3883 3294 3924 caro
3318 3865 3472 3920 renum
3497 3860 3593 3922 ¹¹ςι
3622 3848 3690 3902 ιιίι

2300 3959 2598 4031 Evangelia
2627 3961 2890 4030 scriptum
2924 3973 3042 4016 est:
3080 3981 3100 4013 ι
3129 3961 3360 4030 Spiritus
3379 3965 3450 4011 est
3463 3953 3531 4024 qui
3544 3944 3689 4031 vultui:

2300 4069 2431 4110 caro
2465 4030 2656 4114 autem
2693 4051 2810 4126 (ὕὲ)
2847 4067 2952 4108 non
3002 4053 3225 4124 prodest
3274 4049 3524 4120 quidquam
3562 4038 3635 4089 ⁸³.»
3658 4030 3692 4084 υ*

2301 4147 2390 4203 his
2422 4161 2553 4216 ergo
2583 4146 2739 4211 dicit,
2768 4146 2894 4216 quia
2923 4160 2989 4200 ex
3026 4145 3148 4214 lege
3181 4143 3272 4199 Dei
3311 4161 3329 4193 ι
3359 4127 3694 4216 noujustiﬁnluittr

2299 4213 2632 4295 omnis—caro
2659 4213 2842 4294 coram
2887 4238 3022 4306 ipso.
3059 4213 3101 4290 si
3127 4236 3229 4292 Sed
3260 4243 3308 4290 et
3339 4233 3427 4287 hoc
3455 4224 3560 4298 quod
3582 4213 3692 4272 addidi!

2307 4345 2519 4386 «coram
2575 4330 2750 4400 ipso.»
2813 4345 2920 4384 non
2972 4331 3154 4384 otiose
3203 4328 3478 4398 praetereat,
3528 4316 3618 4370 sicut
3641 4307 3696 4400 im

607 4397 687 4479 ni.
721 4439 736 4476 :
767 4440 786 4474 ι
813 4421 1162 4489 Quaecunque
1192 4417 1276 4472 lex
1316 4415 1558 4485 loquitur
1588 4411 1656 4466 iis
1688 4409 1780 4479 qui
1825 4408 1878 4462 in
1919 4407 2038 4478 lege
2069 4416 2194 4463 sunt

2075 4416 2196 4463 sum
2227 4447 2271 4504 D
2303 4397 2650 4492 frequentius
2689 4421 3095 4485 admonuimus,
3127 4397 3251 4490 quia
3276 4415 3404 4472 aliud
3428 4421 3492 4467 est
3513 4397 3696 4504 coraqu

609 4515 886 4586 loquitur.
923 4521 981 4567 ιιι
1010 4525 1171 4566 omne
1226 4523 1290 4564 05
1345 4508 1690 4564 ουδιΐυὲδωτν
1720 4516 1738 4550 ³
1787 4497 2081 4552 smmum“
2126 4509 2192 4550 ⁸³
2227 4482 2588 4584 ujustilicari
2616 4553 2632 4579 ,
2683 4513 2830 4568 aliud
2879 4527 3060 4568 coram
3083 4482 3441 4567 thominibus:
3488 4503 3561 4554 ltoc
3591 4482 3696 4550 ὥιιιθ

606 4627 733 4683 qua:
769 4625 934 4680 supra
969 4609 1233 4671 diximus,
1291 4623 1308 4656 ι
1346 4613 1406 4658 ut
1462 4602 1716 4658 subditus
1774 4599 1948 4659 liat,,r
1998 4593 2102 4657 vel,
2137 4603 2194 4648 ut

2075 4594 2102 4657 Ι.
2137 4603 2197 4648 ιιι
2298 4604 2764 4674 comparationem
2787 4601 3017 4656 aliorum
3042 4601 3313 4655 hominum
3339 4599 3485 4666 potest
3507 4579 3697 4639 aliushouo

610 4703 739 4756 alibi
769 4676 1022 4772 legimus,
1052 4696 1353 4753 «obnoxius
1385 4695 1480 4750 liat
1503 4694 1682 4750 omnis
1705 4691 1936 4746 mundus
1961 4689 2068 4743 Deo
2092 4686 2190 4749 “,r
2299 4694 2392 4765 qui
2426 4694 2770 4750 emendatius
2799 4692 3017 4757 vixerit,
3044 4692 3227 4762 justus
3257 4685 3409 4742 videri
3437 4699 3450 4748 ;
3474 4677 3524 4734 ad
3543 4676 3696 4734 compan-

607 4795 755 4864 quod
787 4803 843 4848 et
879 4793 1052 4864 magis
1081 4807 1208 4847 cum
1237 4789 1446 4846 Graecis
1470 4785 1877 4856 exemplaribus
1917 4779 2196 4837 convenit.
2303 4786 2505 4840 tionem
2535 4796 2717 4841 autem
2751 4785 2842 4840 Dei
2874 4827 2888 4852 ,
2924 4800 3028 4840 non
3046 4759 3233 4840 solum
3265 4783 3411 4836 homo
3440 4787 3520 4826 non
3545 4759 3696 4858 Ῑυςιιίίςξξ

607 4848 718 4943 Sed
774 4848 1123 4956 requiramus
1177 4899 1398 4940 omnem
1461 4848 1722 4937 mundum
1781 4877 1896 4950 (47)
1939 4877 2026 4931 hic
2063 4875 2194 4944 quid
2303 4877 2474 4945 bitur,
2511 4879 2605 4934 sed
2650 4889 2706 4933 et
2735 4848 3012 4934 sicut—Job
3056 4877 3187 4931 dicit
3217 4893 3230 4928 :
3259 4892 3280 4926 ι
3311 4868 3466 4927 Stella:
3499 4848 3694 4956 autem

556 4949 989 5052 -appellaverit.
1047 4976 1428 5054 Nunquidnam
1479 4974 1762 5044 putabitur
1794 4949 1919 5040 per
1970 4981 2191 5024 omnem

2075 4981 2191 5022 nem
2302 4985 2409 5026 non
2441 4977 2571 5025 sunt
2597 4970 2814 5025 mundae
2841 4984 3030 5028 coram
3051 4968 3168 5039 ipso
3197 4966 3293 5022 με,
3322 4956 3580 5033 qumque
3601 4949 3695 4995 cunt!

684 5118 728 5151 ³⁸
754 5117 877 5174 Jtld.
906 5115 962 5172 6.
1039 5113 1262 5168 “lCor.
1291 5127 1362 5175 ιί,
1385 5111 1437 5165 3.
1519 5108 1564 5140 “
1593 5107 1723 5162 ibid.
1837 5102 1925 5156 17.
1953 5174 1959 5175 7
2005 5103 2048 5175 ξ’
2080 5101 2097 5156 Ι
2130 5099 2280 5175 _Tim.
2309 5115 2347 5167 l,
2369 5102 2448 5175 9.,
2503 5101 2549 5133 ¹⁶
2575 5100 2734 5175 Rom.
2769 5116 2856 5175 ut,
2889 5101 2979 5175 μθ,
3057 5100 3099 5132 ¹⁷
3127 5097 3312 5175 Phijip,
3346 5107 3397 5175 ι),
3426 5077 3592 5175 '19.”:
3617 5073 3696 5175 lim"

607 5156 1262 5254 ιιι,1ξίωίῖἶι)ἰι1.’2“ὖῖυ
1300 5156 1550 5236 “item.
1584 5156 1779 5243 iiiis.
1855 5174 1898 5205 ²¹
1951 5169 2076 5226 ibid.
2129 5173 2182 5226 7.

2075 5216 2076 5224 χ
2129 5173 2182 5226 7.
2262 5172 2305 5203 "
2335 5156 2478 5227 'lsai.
2515 5186 2604 5238 XL,
2639 5156 2728 5227 76.7
2788 5156 3039 5226 "'Juan.
3082 5186 3156 5236 vr,
3206 5156 3290 5224 δέ.
3355 5156 3498 5212 "Job
3521 5157 3656 5208 um-

976 5320 994 5352 ι
1026 5301 1306 5380 dentientes
1334 5295 1488 5349 ﬁunt.
1533 5310 1552 5344 ι

2363 5285 2481 5380 (ᾖ)
2665 5305 2684 5338 ι
2711 5285 2982 5368 ﬂectatur.
3016 5305 3036 5337 ι

680 5356 794 5442 (44)
826 5356 936 5434 AL,
969 5389 987 5422 ι
1017 5372 1182 5424 dicat.
1215 5385 1234 5419 ι

682 5443 795 5510 (45)
827 5443 938 5504 ΑΙ..
970 5461 986 5486 σ
1029 5442 1080 5494 in
1103 5449 1391 5493 tartarum.
1418 5455 1436 5488 ι

2367 5356 2482 5428 (49)
2515 5358 2623 5421 AL,
2661 5375 2679 5408 ι
2715 5360 3039 5425 accipiatur.
3077 5375 3097 5406 ι

2363 5428 2476 5510 (ξε)
2505 5429 2617 5510 ᾼιΙη
2648 5445 2667 5479 ι
2699 5429 2886 5510 utitur.
2921 5446 2943 5510 ι
2980 5498 2990 5508 .

713 5489 944 5578 5631517,
977 5489 1259 5560 diui."
1302 5489 1307 5490 ί
1450 5575 1460 5578 _
1677 5571 1689 5578 _
1866 5569 1896 5578 _
1943 5569 1954 5578 ,
2015 5567 2048 5578 ,,

2513 5489 2764 5578 ρηιιιειηἱ
2790 5497 2952 5578 Deest
2980 5498 3032 5550 in
3065 5505 3222 5578 antea
3254 5489 3414 5548 editis.

706 5567 798 5643 47')
829 5567 1232 5640 Getiebrardus,
1262 5593 1280 5626 ι
1317 5575 1494 5628 omnis
1525 5571 1760 5626 tnundus
1783 5587 1833 5635 t;
1865 5567 2192 5643 Salodianus
2365 5567 2478 5643 (ᾇὲ)
2513 5569 2724 5643 Aurem.
2748 5567 2804 5643 |_n
2825 5569 2986 5643 editis
3014 5567 3295 5643 omittitur.

611 5632 744 5704 vei'o
777 5632 831 5698 et
854 5644 1146 5698 Mcrlinus:
1190 5632 1455 5696 ιόιιιιιειιι
1490 5647 1768 5707 mundum,
1798 5632 1828 5692 ι’
1851 5649 1903 5694 et
1933 5640 2192 5694 omittunt
2364 5632 2477 5710 (55)
2512 5641 2721 5694 Aurem.
2752 5639 3108 5694 Desideratur
3143 5638 3196 5692 in
3223 5632 3390 5692 editis.

618 5740 637 5772 ι
669 5733 782 5778 per.
819 5733 838 5766 ι
