3974 6206
357 222 453 280 9η

1316 235 1671 295 COMMENT.
1714 239 1781 295 IN
1815 238 2034 295 EPIST.
2079 238 2169 293 AD
2196 238 2361 296 ROM.
2404 239 2530 297 LIB.
2567 238 2652 296 lll.

3495 256 3601 313 95%

356 341 517 398 nobis
560 343 778 399 munda
833 355 992 407 sunt.
1056 347 1155 405 hoc
1218 360 1321 415 est,
1357 354 1423 406 ad
1474 355 1936 426 comparationem
1966 353 2011 410 Α
2040 354 2225 409 venire
2246 369 2409 424 posse
2431 370 2538 425 quo
2565 368 2871 413 astruamus
2906 360 3020 417 bmc
3055 379 3159 419 non
3191 365 3258 419 de
3279 364 3473 439 Moysi.
3505 373 3599 427 sed

357 434 638 489 hominum
696 438 912 493 munda:
962 438 1235 496 habentur
1282 456 1336 497 et
1382 456 1587 502 sancta:
1657 448 1813 520 (5i);
1862 451 1929 505 ad

359 528 823 597 comparationem
853 544 985 584 vero
1012 532 1104 586 Dei
1147 536 1359 589 munda:
1391 552 1508 591 esse
1539 554 1643 592 non
1676 552 1924 608 possttnt.

356 639 375 670 ι
395 619 503 674 Per
523 620 696 692 legem
724 623 867 677 enim
898 624 1103 693 agnitio
1126 629 1329 691 peccati
1355 630 1453 682 ⁸⁸.»
1481 632 1774 687 Videamus
1796 652 1927 705 quo-

350 712 512 767 modo
541 729 640 782 per
666 713 835 783 legem
864 714 923 769 lit
949 716 1157 784 agnitio
1189 720 1418 787 peccati.
1453 721 1584 775 Dum
1632 739 1727 793 per
1753 724 1923 795 legem

352 804 613 857 discimus
633 806 761 873 quid
792 807 1056 876 agendum
1076 808 1169 873 sit,
1198 811 1327 880 quid
1344 816 1664 877 cavendum,
1683 816 1841 871 simul
1870 828 1924 874 et

345 896 477 963 quid
508 907 787 966 peccatum
822 899 916 960 sit,
941 908 991 953 et
1016 901 1146 969 quid
1176 917 1280 957 non
1317 904 1383 959 sil
1407 907 1772 975 agnatcimns.
1801 908 1919 965 Non

345 998 504 1054 ergo,
537 995 593 1039 ut
622 987 862 1042 haeretici
895 986 1062 1043 Deum
1088 990 1223 1061 legis
1269 1006 1551 1059 accusant,
1595 997 1729 1051 mala
1767 1003 1916 1055 radix

345 1089 431 1132 est
448 1077 558 1143 lex,
577 1089 631 1132 et
647 1080 786 1133 mala
813 1081 977 1134 arbor
994 1098 1089 1151 per
1111 1099 1268 1153 quam
1289 1089 1495 1156 peccati
1514 1091 1661 1144 venit
1675 1093 1875 1162 agnitio
1898 1108 1913 1147 :

349 1170 473 1240 quia
503 1186 606 1225 non
634 1171 803 1227 dixit:
827 1172 904 1227 Ex
927 1173 1045 1245 lege
1079 1194 1097 1227 ι
1118 1177 1320 1246 agnitio
1346 1183 1605 1247 peccati,»
1637 1185 1749 1245 sed,
1782 1203 1800 1236 ο
1821 1200 1919 1254 per

351 1262 576 1331 legem,»
622 1271 679 1317 ut
707 1264 849 1319 scias
868 1280 973 1319 non
1006 1281 1071 1320 ex
1093 1267 1207 1335 ipsa
1236 1278 1438 1335 ortum,
1487 1272 1578 1328 sed
1614 1288 1714 1343 per
1742 1274 1912 1345 ipsam

340 1354 583 1423 agnitum
608 1368 727 1409 esse
751 1364 1053 1424 peccatum.
1082 1357 1173 1423 Ut,
1204 1360 1353 1415 verbi
1387 1363 1557 1431 gratia
1581 1407 1596 1430 ,
1638 1366 1682 1419 si
1710 1366 1917 1423 dicere-

339 1461 507 1500 mus:
540 1443 696 1516 511
721 1445 826 1501 Per
868 1456 1038 1501 artem
1086 1451 1370 1507 medicina:
1415 1453 1575 1509 datur
1634 1455 1912 1525 languoris

349 1535 596 1601 agnitio,
630 1540 996 1608 nunquidnam
1031 1542 1304 1597 videretur
1345 1547 1434 1599 tibi
1469 1564 1631 1601 causa
1676 1548 1899 1619 languo-

2034 446 2099 498 de
2130 456 2335 501 natura:
2369 447 2483 515 lege
2515 450 2818 517 conscripta
2847 469 2860 505 :
2904 453 2974 505 ita
3023 470 3121 509 nec
3155 456 3229 511 illi
3253 460 3470 527 quidem
3511 464 3600 517 in-

2030 536 2215 591 venire
2246 539 2448 608 aliquid
2481 550 2734 606 poterunt
2764 545 3035 611 quomodo
3082 561 3200 614 quzc
3232 554 3485 618 superius
3523 554 3599 607 di-

2028 635 2111 679 cta
2145 636 2296 690 sunt,
2328 628 2393 682 ad
2424 628 2587 700 Moysi
2620 631 2821 698 potius,
2858 648 3019 701 quam
3051 636 3118 689 ad
3168 647 3374 693 natura:
3423 641 3594 709 legem

2028 718 2301 784 respicere
2338 719 2626 774 videantur
2656 739 2670 775 :
2701 732 2754 774 et
2793 722 2914 777 ideo
2937 726 3082 781 sicut
3112 728 3215 783 illis
3245 744 3348 784 non
3392 732 3597 791 ideirco

2026 810 2204 879 priora
2245 811 2487 873 stabunt,
2514 813 2639 878 quia
2683 814 2936 869 videntur
2977 821 3275 885 posteriora
3316 835 3594 893 constare,

2024 895 2096 948 ita
2123 911 2219 951 nec
2251 899 2404 952 nobis
2429 901 2647 968 quidem
2681 912 2934 970 poterunt
2972 907 3142 973 prima
3179 912 3403 976 turbari,
3435 916 3480 968 si
3510 932 3597 972 se-

2020 990 2194 1041 cunda
2234 1005 2336 1043 non
2377 992 2567 1047 eodem
2610 1008 2834 1050 ctu-rere
2859 1002 3076 1053 tramite
3111 1002 3414 1060 videantur.
3451 1007 3590 1077 Quid

2020 1076 2181 1143 igitur
2204 1079 2523 1137 lCoutraria
2558 1083 2659 1136 sibi
2686 1087 2928 1142 scribere
2962 1088 3205 1145 dicemus
3242 1095 3593 1162 Apostnlttnt?

2017 1167 2085 1223 Et
2110 1170 2224 1225 hazc
2247 1172 2352 1227 erit
2376 1174 2580 1245 egregii
2609 1175 2978 1245 explanatoris
3001 1183 3235 1237 assertio
3267 1188 3279 1239 ι
3320 1186 3472 1254 Quod
3501 1207 3591 1245 ac-

2014 1263 2196 1319 cidere
2228 1263 2333 1319 illis
2390 1265 2526 1320 solet
2578 1268 2667 1336 qui
2723 1269 2774 1322 in
2820 1270 3064 1327 diversos
3088 1286 3356 1331 sectarum
3394 1295 3591 1340 sensus

2017 1357 2183 1399 unum
2223 1346 2343 1402 lidei
2384 1349 2572 1419 dogma
2614 1353 2996 1424 disrumpunt,
3028 1373 3082 1414 et
3114 1363 3200 1416 illa
3244 1373 3449 1420 tantmu
3495 1369 3562 1423 de

2021 1434 2326 1507 Scripturis
2352 1442 2550 1498 divinis
2576 1447 2880 1503 testimonia
2900 1452 3203 1520 explorant,
3232 1458 3427 1526 quibus
3446 1475 3573 1528 pro-

2013 1529 2191 1597 prium
2224 1532 2412 1602 dogma
2442 1538 2794 1603 constituant,
2826 1555 3013 1595 earqu
3043 1559 3171 1599 vero
3196 1561 3315 1615 qua:
3345 1563 3374 1602 e
3401 1552 3579 1605 diver-

339 1627 415 1681 ris
442 1643 564 1682 esse
595 1631 887 1697 medicina,
907 1634 1029 1702 quia
1059 1651 1155 1703 per
1180 1635 1345 1705 ipsa",
1369 1640 1599 1709 quam”
1630 1641 1902 1711 languori.
1937 1682 1981 1736 Β
2016 1634 2081 1723 sp
2120 1622 2342 1678 veniunt
2381 1625 2674 1695 Scriptura:
2712 1630 2905 1686 divina:
2930 1636 3319 1693 sententiarum
3350 1641 3570 1696 absolu-

339 1713 654 1736 -__---!a_-_
679 1713 830 1736 .0-)
878 1714 1010 1736 ΑΒΔ--.
1048 1727 1249 1736 --_-.-.
1284 1719 1303 1736 ι
1330 1735 1339 1736 κ
1781 1728 1814 1736 -.
1858 1734 1865 1736 μ
2020 1719 2194 1736 ..ιι-ι--
2220 1727 2284 1736 ..Α
2319 1723 2463 1736 -_a_-
2506 1732 2549 1736 ,Α
2585 1718 2628 1736 In
2717 1731 2730 1736 -
2790 1722 2823 1736 ο-
2854 1722 2891 1736 τι
2991 1723 3003 1736 ο
3192 1728 3221 1736 ..
3267 1730 3277 1736 .
3500 1734 3507 1736 μ

338 1713 654 1783 agnoscitur
679 1713 704 1768 ἲ
725 1714 853 1782 Sed,
876 1714 1015 1770 sicut
1042 1727 1255 1771 constat
1283 1719 1477 1776 bonam
1510 1738 1634 1779 esse
1674 1728 1894 1784 medici-

2018 1713 2197 1767 tiones
2220 1727 2288 1769 ne
2314 1723 2557 1771 extremo
2583 1718 2651 1785 ⁸⁸,
2678 1731 2735 1777 ut
2754 1722 2830 1777 ait
2854 1722 3144 1792 Dominus,
3173 1728 3338 1797 digito
3369 1734 3577 1787 contin-

338 1819 464 1856 nam
516 1819 636 1873 quae
681 1806 1015 1873 aegritudinis
1056 1807 1466 1878 intelligentiam
1509 1827 1761 1885 prtcstat,
1799 1835 1894 1891 qua

2007 1814 2159 1875 gnat.
2190 1805 2296 1860 Sed
2325 1805 2417 1875 qui
2452 1805 2686 1861 ﬁdeliter
2709 1817 2764 1864 et
2801 1808 3007 1880 integre
3029 1825 3309 1870 sacrorum
3342 1813 3583 1875 Volumi-

336 1895 511 1963 possit
539 1896 700 1948 vitari
736 1896 849 1965 (55)
875 1897 1186 1965 infirmitas,
1230 1901 1300 1953 ita
1329 1911 1383 1957 et
1414 1903 1498 1958 lex
1534 1907 1671 1962 bona
1702 1922 1782 1964 est
1809 1927 1894 1980 pet

2007 1911 2137 1950 nutu
2171 1895 2376 1967 colligit
2416 1911 2658 1963 sensum,
2702 1898 2867 1955 debet
2909 1904 3196 1960 ostendere
3218 1911 3490 1976 quomodo
3515 1925 3578 1966 ea

334 2001 497 2052 quam
538 1986 963 2055 deprehenditur
993 1999 1046 2044 ει
1074 1995 1388 2062 agnoscit."
1422 2010 1725 2065 peccatum.
1773 2004 1906 2059 se“
2004 2002 2125 2055 qua:
2152 1988 2402 2043 videntur
2427 2002 2547 2045 esse
2580 1991 2877 2055 contraria,
2903 2008 3009 2049 non
3041 2007 3165 2052 sunt
3198 2013 3323 2054 vere
3363 2012 3580 2059 contra-

334 2088 423 2131 νπι
452 2088 655 2141 amem.
688 2092 747 2133 ,η
777 2089 905 2150 ωηο
926 2122 941 2145 ν
973 2083 1278 2151 huiusmodi
1319 2090 1588 2156 εχροείιίο
1626 2093 1790 2148 uiam
1837 2098 1902 2150 η,
2006 2078 2102 2130 ria.
2128 2075 2479 2133 Tentabimus
2509 2095 2640 2148 ergo
2659 2082 2824 2135 etiam
2856 2081 2908 2137 in
2935 2087 3192 2151 praesenti
3244 2088 3364 2145 loco
3392 2104 3578 2148 osten-

334 2169 438 2223 lins
470 2170 868 2240 explanationis
894 2181 1358 2249 consequentiam.
1387 2197 1549 2253 quam
1597 2201 1755 2257 supra
1790 2191 1902 2245 edi-
2002 2165 2130 2220 dere
2152 2167 2424 2237 quomod"
2454 2168 2618 2237 Priori
2658 2171 2980 2239 “posmoni
3011 2184 3209 2230 "081m
3242 2178 3354 2234 ³⁸³⁵⁸³
3388 2183 3578 2237 9"1’3‘3‘

2002 2272 2177 2327 quens
2200 2273 2304 2314 non
2329 2270 2608 2330 repugnet.
2636 2260 2793 2331 Saepe
2819 2262 3071 2330 diximus,
3099 2275 3155 2321 et
3186 2269 3490 2325 evidentius
3519 2273 3574 2327 iu

2001 2348 2318 2417 praefatione
2352 2350 2587 2409 diximus
2614 2352 2750 2425 (58),
2780 2356 2922 2422 quod
2955 2356 3028 2411 ita
3062 2356 3355 2427 Apostolus
3382 2362 3432 2416 in
3466 2363 3567 2418 hac

2003 2438 2241 2508 Epistola
2261 2441 2549 2497 multarum
2582 2443 2757 2515 legum
2790 2443 2953 2502 faciat
2990 2450 3338 2515 mentionem,
3372 2463 3429 2507 ut
3451 2470 3572 2510 cum

330 2551 438 2591 non
471 2545 557 2592 εει
583 2538 909 2610 intelligens,
946 2556 1052 2596 ηοη
1078 2552 1161 2598 εει
1196 2546 1480 2614 requirens
1510 2547 1676 2603 Deum
1702 2552 1770 2606 η⁸
1804 2570 1823 2604 ,
2004 2535 2070 2593 de
2102 2547 2206 2587 una
2254 2535 2323 2589 ad
2369 2534 2600 2591 alteram
2646 2537 2866 2603 transit,
2898 2540 3227 2609 deprehendi
3265 2544 3366 2598 nisi
3397 2548 3462 2599 ab
3493 2548 3572 2600 iu-

398 2628 451 2680 7.
483 2646 503 2679 t
531 2627 681 2685 Nunc
711 2641 891 2685 autem
913 2632 1031 2687 sine
1057 2632 1171 2703 lege
1192 2636 1398 2703 iustitia
1433 2638 1524 2695 Dei
1559 2642 1894 2699 manifestata

2002 2632 2151 2679 tento
2183 2626 2316 2683 satis
2359 2626 2560 2684 lectore
2587 2628 2676 2685 vix
2705 2629 2897 2700 possit.
2924 2630 3139 2687 Dixerat
3176 2632 3228 2689 itt
3281 2638 3572 2705 superiori-

327 2730 430 2782 est,
465 2721 752 2775 testiﬁcata
796 2737 825 2776 a
863 2723 979 2794 lege
1022 2734 1077 2780 et
1123 2728 1418 2798 prophetis.
1447 2729 1666 2789 Justitia
1719 2746 1894 2792 autem

2001 2714 2124 2780 bus,
2153 2718 2278 2787 quia
2315 2736 2336 2772 ι
2376 2733 2473 2789 per
2499 2719 2669 2791 legem
2702 2722 2908 2793 agnitio
2940 2724 3145 2793 peccati
3168 2735 3283 2794 est;
3306 2746 3325 2779 ι
3360 2740 3414 2783 et
3442 2730 3568 2800 quia

327 2806 417 2860 Dei
439 2825 539 2878 per
569 2809 727 2865 fidem
760 2811 883 2869 lesu
917 2818 1115 2872 Christi
1141 2821 1192 2873 in
1216 2837 1406 2879 omnes
1429 2836 1482 2880 et
1509 2842 1668 2897 super
1688 2844 1877 2887 omnes

1999 2810 2169 2866 sensit
2190 2825 2346 2881 posse
2379 2811 2588 2868 scilicet
2617 2815 2926 2883 responderi
2951 2831 2965 2869 :
2990 2815 3130 2888 Ergo
3155 2817 3199 2872 si
3234 2832 3302 2874 ex
3333 2819 3447 2891 lege
3473 2837 3573 2877 na-

327 2901 420 2968 qui
449 2904 680 2957 credunt
701 2905 752 2959 in
778 2920 922 2964 eum.
945 2907 1060 2964 Non
1092 2912 1235 2968 enim
1258 2924 1341 2969 est
1362 2917 1655 2975 distinctio.
1675 2920 1876 2979 Omnes

1999 2902 2157 2961 turali
2188 2903 2396 2972 agnitio
2427 2905 2631 2972 peccati
2678 2914 2783 2967 est,
2817 2914 2999 2975 potest
3024 2922 3092 2962 ex
3131 2908 3242 2977 ipsa
3278 2919 3331 2963 et
3365 2912 3571 2982 agnitio

326 2996 470 3048 enim
515 3007 892 3062 peccaverunt,
934 3008 989 3053 ει
1026 3009 1186 3069 egent
1229 3001 1401 3072 gloria
1450 3004 1572 3072 Dei,
1620 3007 1966 3074 mmmcanc
1997 3007 2119 3049 esse
2165 2993 2408 3064 justitize,
2433 2997 2726 3050 secundum
2760 2995 2908 3052 illam
2960 2998 3167 3055 scilicet
3193 3015 3353 3070 quam
3404 3017 3569 3071 supra

324 3087 495 3157 gratis
525 3102 621 3155 per
662 3088 889 3157 gratiam
941 3088 1131 3157 ipsius,
1184 3106 1280 3161 per
1316 3095 1732 3165 redemptione-st
1772 3117 1892 3171 qum

1999 3085 2276 3141 medicina:
2303 3085 2438 3141 artis
2470 3086 2757 3154 imaginem
2808 3089 3095 3146 dedimus:
3127 3100 3185 3146 ut
3217 3095 3568 3163 quemadmo-

333 2262 515 2316 ditnus
563 2263 631 2316 de
675 2279 742 2320 eo
790 2267 933 2336 quod
986 2270 1244 2340 scriptum
1284 2284 1408 2327 est:
1443 2291 1461 2327 t
1496 2275 1713 2333 Cansati
1758 2282 1901 2335 enim

331 2370 524 2409 sumus
552 2355 767 2411 Judaeos
795 2366 850 2413 et
896 2358 1117 2415 Graecos
1148 2376 1339 2418 omnes
1371 2364 1472 2419 sub
1497 2379 1723 2435 peccato
1760 2371 1948 2436 esse.3

331 2445 474 2500 sicut
498 2447 761 2517 scriptum
792 2457 877 2504 est
911 2464 927 2502 :
958 2450 1093 2518 Quia
1126 2467 1231 2507 non
1258 2462 1340 2509 est
1375 2454 1554 2524 justus
1581 2458 1898 2529 quisquam,

323 3188 407 3231 est
431 3178 486 3231 in
516 3177 730 3233 Christo
756 3177 884 3233 Jesu
910 3181 976 3234 ’⁷.
1019 3199 1039 3233 ι
1067 3181 1219 3249 Quod
1256 3187 1590 3242 astruximus
1623 3191 1673 3243 in
1726 3206 1888 3263 supe-

323 3269 582 3338 rioribus,
609 3272 850 3326 dicentes
877 3286 982 3326 non
1009 3274 1074 3328 de
1108 3273 1224 3345 lege
1256 3276 1425 3347 Moysi
1449 3280 1673 3348 dictum,
1705 3302 1723 3334 σ
1752 3285 1889 3353 Quia

318 3376 661 3431 qurecunque
689 3363 774 3416 lex
803 3364 1062 3434 loquitur,
1094 3366 1179 3422 his
1218 3369 1310 3437 qui
1345 3370 1395 3423 iu
1427 3370 1542 3437 lege
1567 3386 1690 3428 sunt
1719 3375 1890 3445 loqui-

321 3461 408 3504 tur
431 3452 503 3516 “,
540 3470 560 3503 ›
590 3454 796 3522 putabit
824 3454 1018 3525 aliquis
1048 3473 1154 3512 non
1181 3468 1288 3514 tam
1324 3475 1468 3525 vere,
1492 3478 1652 3531 quam
1680 3468 1888 3522 violen-

322 3551 406 3596 ter
442 3552 736 3606 assertum.
768 3559 891 3599 cum
921 3547 1102 3602 videat
1131 3564 1273 3604 nunc
1309 3566 1500 3606 nomen
1536 3554 1667 3623 legis
1691 3572 1794 3610 non
1821 3560 1887 3614 ad

318 3644 551 3694 naturae.
582 3633 671 3688 sed
714 3634 781 3690 ad
819 3635 985 3707 Moysi
1016 3637 1186 3708 legem
1221 3638 1450 3694 referri:
1491 3653 1543 3696 et
1574 3645 1716 3699 dicet
1743 3649 1886 3717 quod

320 3724 371 3777 in
404 3724 651 3791 praesenti
682 3725 1031 3793 locojustitia
1081 3727 1173 3782 Dei
1215 3731 1596 3799 pronuntietur
1633 3734 1701 3788 ab
1742 3739 1888 3807 Apo-

317 3815 457 3868 stolo
482 3815 814 3871 manifestari
849 3833 947 3887 per
988 3819 1186 3893 legem,
1211 3829 1267 3875 et
1297 3837 1402 3877 non
1454 3824 1623 3878 solum
1660 3841 1756 3896 per
1806 3828 1887 3884 le-

316 3923 458 3975 gem,
489 3909 583 3963 sed
612 3918 665 3962 et
692 3924 788 3977 per
829 3912 1140 3981 prophetas,
1174 3923 1229 3967 ut
1254 3916 1371 3970 sine
1398 3915 1504 3971 ulla
1530 3918 1885 3991 ambiguitate

322 4000 384 4054 de
413 4000 531 4067 lege
578 3999 744 4072 Moysi
786 4001 1161 4072 intelligantur
1202 4004 1342 4060 dicta
1374 4020 1495 4062 esse
1528 4022 1649 4076 qua:
1678 4012 1881 4079 scripta

313 4103 479 4147 sunt:
506 4109 572 4147 ex
598 4109 705 4163 qua
744 4094 859 4163 lege
882 4094 1087 4165 justitia
1119 4096 1210 4150 Dei
1250 4113 1347 4167 per
1381 4099 1537 4155 tidem
1560 4101 1762 4158 Christi
1786 4102 1881 4159 Je-

310 4199 371 4239 su
408 4184 790 4242 manifestetur
821 4187 873 4240 in
918 4200 1110 4242 omnes
1135 4188 1226 4257 qui
1265 4191 1525 4259 credunt,
1554 4193 1668 4249 sive
1690 4209 1757 4250 ex
1787 4195 1881 4251 Ju-

309 4276 461 4338 daeis,
487 4276 602 4329 sive
629 4291 694 4330 ex
725 4276 976 4347 gentibus
1003 4279 1302 4343 venientes,
1332 4282 1423 4349 qui
1456 4290 1635 4338 tamen
1676 4300 1782 4341 non
1808 4302 1875 4343 ex

307 4356 967 4439 operilius'justiﬁcentur,
1000 4371 1195 4430 sedes
1220 4371 1390 4445 gratia
1428 4374 1543 4441 Dei,
1569 4377 1874 4450 redempto-

306 4473 366 4514 re
396 4459 510 4531 (56)
537 4459 616 4515 eis
639 4460 830 4517 ellecto
855 4462 972 4531 ipso
997 4460 1125 4518 Jesu
1155 4461 1371 4519 Christo
1402 4464 1469 4519 ”.
1506 4466 1628 4523 Haec
1653 4470 1870 4539 quidem

308 4551 446 4607 dicet
480 4552 527 4606 is
559 4552 648 4619 qui
675 4567 891 4607 sensum
934 4554 1175 4625 Apostoli
1222 4555 1275 4611 in
1317 4557 1400 4612 bis
1438 4572 1558 4627 qua:
1586 4575 1746 4628 supra
1776 4576 1873 4617 ex-

307 4642 604 4711 posuimus,
638 4641 901 4698 violenter
924 4657 957 4697 a
984 4643 1142 4699 nobis
1170 4645 1444 4700 accusabit
1467 4645 1742 4702 inﬂexum.
1761 4647 1870 4705 Sed

303 4732 433 4788 illud
461 4743 546 4788 est
576 4734 717 4803 quod
740 4743 1054 4790 constanter
1078 4750 1369 4805 possumus
1399 4734 1667 4792 atlirmare
1697 4753 1713 4791 :
1740 4738 1867 4808 quia

300 4825 443 4880 sicut
473 4839 573 4881 nos
592 4827 683 4897 qui
713 4827 827 4883 haec
858 4836 1107 4883 asserunt
1136 4826 1248 4898 (57)
1282 4835 1472 4897 putant
1516 4826 1573 4881 in
1606 4828 1709 4883 hoc
1750 4844 1868 4884 ser-

301 4931 464 4974 mone
484 4917 751 4989 Apostoli,
781 4934 938 4991 quem
982 4935 1128 4976 nune
1159 4919 1558 4990 proposuimus,
1599 4919 1732 4975 nihil
1780 4921 1868 4976 in-

374 5079 420 5152 s‘s
453 5077 611 5152 ηοω,
646 5092 729 5145 m,
751 5076 845 5152 go.
888 5077 1144 5152 finem.
1174 5078 1450 5152 ttt,__9-ll.
1508 5078 1551 5109 ⁸⁷
1587 5078 1717 5135 ibid.
1739 5080 1802 5135 2|
1831 5096 1894 5138 se

2022 5079 2069 5111 ”
2091 5078 2220 5132 ibid.
2255 5050 2344 5131 l9.
2444 5074 2489 5106 "
2523 5072 2630 5130 Tit.
2661 5089 2745 5140 ttt,
2778 5073 2897 5130 5-7.

295 5148 336 5179 "
379 5148 527 5205 Psal.
564 5163 727 5213 xxxv,
756 5147 811 5201 7.
884 5147 930 5180 ³⁸
955 5148 1111 5203 Rom.
1140 5164 1217 5216 xt,
1246 5149 1336 5204 33.

372 5267 486 5339 (54)
545 5266 775 5339 Munda,
808 5277 930 5322 sunt
958 5308 973 5329 ,
1022 5269 1120 5321 hoc
1160 5276 1234 5321 est
1292 5267 1360 5319 ad
1415 5267 1861 5339 conparationem

303 5335 590 5402 hominum,
616 5338 826 5391 munde
856 5339 1115 5393 habentur
1142 5348 1190 5392 et
1230 5349 1448 5392 sancte.
1495 5335 1607 5391 Sic.
1647 5352 1777 5390 mss.
1807 5345 1864 5389 et

302 5410 576 5463 ltabanus.
619 5407 757 5461 Editi
787 5423 935 5472 vero,
987 5426 1006 5458 t
1034 5409 1247 5462 munda:
1282 5407 1549 5463 habentur
1584 5422 1717 5462 sane
1740 5448 1756 5473 ,
1796 5406 1863 5459 ad

301 5477 760 5538 comparationem
787 5492 917 5533 vero
947 5477 1069 5538 Dei.
1102 5497 1120 5527 ι
1157 5487 1266 5532 etc.

370 5496 416 5528 m
461 5494 760 5531 arattoncm
787 5494 917 5533 vero
947 5494 1069 5538 vet,
1102 5497 1120 5527 ι
1157 5494 1266 5532 εις.

368 5494 480 5616 (5g)
515 5544 590 5600 lta
642 5560 746 5600 ms.
795 5563 955 5600 unus.
992 5548 1130 5601 Editi
1183 5561 1312 5603 veto
1364 5554 1419 5602 et
1464 5548 1644 5603 caeteri
1695 5560 1865 5608 mss.,

305 5633 324 5668 ς
357 5619 529 5674 vitare
560 5631 681 5687 qua
708 5616 854 5672 velit.
891 5636 911 5668 ι

1992 3174 2121 3231 dum
2144 3192 2245 3244 per
2271 3176 2418 3230 illam
2467 3175 2696 3247 languor
2739 3180 3052 3249 agnoscitur
3082 3190 3139 3237 ut
3181 3186 3387 3240 sanitas
3418 3186 3568 3241 iuve-

1993 3267 2190 3329 niatur.
2226 3268 2294 3321 ita
2315 3269 2478 3324 etiam
2507 3285 2603 3339 per
2636 3270 2804 3339 legem
2843 3281 3050 3326 natura:
3081 3274 3126 3329 si
3158 3285 3329 3342 patest
3363 3276 3567 3346 agnitio

1993 3356 2110 3417 ﬁeri
2159 3361 2387 3427 peccati,
2416 3361 2669 3417 similiter
2709 3364 2882 3432 possit
2930 3374 2984 3419 et
3011 3365 3238 3435 iustitia:
3269 3368 3406 3422 ﬁeri.
3454 3369 3567 3426 lloc

1989 3464 2123 3519 ergo
2145 3466 2267 3505 cum
2289 3452 2513 3508 vidisset
2540 3468 2703 3521 posse
2730 3457 2834 3510 sibi
2859 3456 3040 3523 obiici,
3082 3470 3365 3529 postquam
3393 3463 3562 3517 dixit:

1994 3559 2013 3590 ο
2055 3541 2160 3598 Per
2201 3540 2372 3614 legent
2427 3544 2572 3599 enim
2620 3546 2825 3614 agnitio
2876 3549 3127 3617 peccati,
3164 3569 3183 3602 ι
3241 3550 3558 3624 subiungit:

1993 3650 2015 3685 ι
2060 3633 2213 3690 Nunc
2237 3636 2569 3701 autem,sine
2592 3636 2708 3706 lege
2731 3637 3074 3709 (59)]ustitia
3105 3642 3194 3697 Dei
3220 3646 3562 3701 manifestata

1986 3734 2091 3780 est.
2135 3743 2157 3778 ι
2187 3725 2319 3780 Tale
2350 3735 2433 3781 est
2457 3742 2590 3797 ergo
2628 3730 2769 3798 quod
2804 3729 2936 3785 dicit
2967 3747 2981 3784 :
3013 3729 3127 3786 Non
3155 3732 3266 3806 (60)
3294 3737 3435 3790 sicut
3467 3752 3563 3807 per

1991 3808 2164 3882 legem
2185 3814 2383 3884 agnitio
2403 3820 2629 3887 peccati,
2651 3821 2724 3875 ita
2749 3829 2804 3876 et
2829 3823 3187 3881 manifestatio
3204 3827 3425 3896 iustitia:
3449 3830 3540 3885 Dei

1991 3916 2090 3972 per
2113 3902 2283 3974 legem
2307 3906 2396 3974 lit;
2418 3909 2511 3964 sed
2534 3911 2650 3967 sine
2670 3910 2788 3982 lege
2812 3915 3411 3986 manifestaturjustitia
3438 3922 3551 3979 Dei.

1990 3993 2211 4051 Poterat
2236 3999 2377 4053 enim
2414 4009 2619 4058 natura:
2658 4003 2739 4059 lex
2765 4021 2990 4077 arguere
3015 4013 3220 4078 peccati
3262 4023 3508 4069 naturam
3532 4057 3547 4081 ,

1989 4097 2045 4142 et
2060 4088 2303 4145 notitiam
2325 4089 2441 4162 ejus
2462 4096 2749 4152 ostendere
2779 4117 2793 4153 :
2824 4097 3028 4168 justitia
3053 4113 3231 4158 autem
3258 4105 3350 4160 Dei
3368 4122 3552 4176 super-

1988 4178 2229 4248 greditur
2257 4190 2314 4236 et
2334 4188 2700 4255 supereminet
2739 4190 2840 4245 boc
2868 4192 3224 4264 quodcunque
3262 4214 3412 4253 mens
3455 4200 3539 4253 hu.

1987 4285 2144 4325 mana
2173 4272 2306 4330 solis
2335 4277 2671 4335 naturalibus
2709 4282 2961 4339 sensibus
3003 4294 3179 4353 potest
3213 4287 3420 4343 rimari.
3447 4289 3545 4345 Νοι

1905 4343 1954 4403 θ
1980 4381 2087 4438 que
2109 4368 2253 4425 enim
2277 4367 2472 4425 sullicit
2497 4368 2564 4425 ad
2596 4343 3075 4439 intelligendam-et
3102 4343 3549 4424 considerandam

1978 4474 2087 4515 non
2106 4474 2482 4531 quamcunque
2507 4459 2820 4523 humanam,
2838 4459 2931 4514 sed
2954 4459 3122 4527 ipsam
3148 4457 3236 4512 Dei
3256 4458 3547 4528 justitiam,

1976 4560 2035 4606 et
2055 4550 2260 4619 judicia
2295 4566 2416 4620 qua
2439 4566 2504 4606 ex
2533 4551 2648 4621 ipsa
2683 4549 3037 4614 descendunt,
3067 4548 3133 4605 de
3174 4549 3370 4619 quibus
3412 4548 3549 4603 dicio

1977 4650 2066 4697 tur
2089 4642 2216 4710 quia
2239 4651 2365 4697 sunt
2394 4660 2414 4694 t
2451 4641 2677 4713 abyssus
2709 4638 2877 4695 multa
2905 4638 2974 4704 “,
3004 4656 3023 4691 ι
3057 4647 3113 4694 et
3134 4640 3258 4708 quia
3285 4646 3391 4691 tam
3424 4652 3549 4706 pro-

1978 4736 2145 4791 funda
2169 4736 2241 4791 sit
2259 4732 2469 4801 iustitia
2501 4733 2594 4787 Dei
2630 4731 2932 4801 etjudicia,
2960 4739 3020 4785 ut
3047 4728 3339 4801 Apostolus
3360 4728 3504 4783 dicat
3529 4745 3543 4781 :

1981 4846 2001 4880 s
2042 4827 2214 4895 Quam
2266 4824 2642 4881 inscrutabilia
2686 4832 2811 4879 sunt
2837 4823 3038 4891 judicia
3071 4822 3163 4876 Dei
3190 4821 3233 4853 ³⁸
3264 4820 3278 4874 l
3310 4838 3330 4872 ι
3355 4817 3461 4875 Sed
3492 4830 3548 4875 et

1978 4916 2254 4987 Sapientia
2286 4915 2360 4971 ita
2387 4917 2453 4970 ad
2482 4915 2733 4971 homines
2763 4914 3024 4985 loquitur,
3052 4913 3208 4985 quasi
3238 4927 3343 4967 non
3375 4910 3547 4983 possit

3005 5073 3049 5105 "
3079 5071 3269 5127 Matth.
3301 5085 3457 5135 xxttt,
3483 5052 3539 5126 ιζ

2036 5262 2150 5330 (56)
2185 5262 2297 5326 AL,
2334 5278 2353 5312 σ
2392 5260 2445 5313 itt
2482 5258 2927 5330 redemptionem.
2953 5276 2988 5330 Δο

2033 5327 2149 5400 (57)
2184 5332 2346 5391 Editi,
2380 5347 2400 5381 ι
2445 5329 2762 5400 asserimtts,
2800 5346 2819 5380 ι
2861 5327 3020 5400 male.

2037 5398 2150 5477 (εξ)
2181 5401 2321 5477 _Vide
2355 5398 2727 5477 praelationem
2787 5398 3060 5477 Origenis.
3097 5468 3129 5477 ,γ
3278 5475 3283 5477 Α
3320 5465 3331 5477 ι
3411 5466 3421 5477 θ

2038 5465 2149 5538 ('59)
2181 5471 2237 5525 In
2270 5465 2426 5522 antea
2458 5468 2620 5523 editis
2645 5469 2836 5522 deestt
2860 5465 3162 5538 subiungit,
3187 5485 3205 5520 ι
3235 5475 3292 5521 et
3320 5465 3536 5536 legitur,

1971 5564 1989 5596 ι
2031 5538 2165 5597 Nutu
2197 5549 2376 5593 autem
2404 5539 2480 5592 ait
2509 5554 2525 5591 :
2561 5539 2689 5593 Sine
2716 5538 2850 5607 lege.
2883 5556 2901 5589 ι

2037 5610 2152 5684 (60)
2183 5609 2348 5675 Editi,
2382 5627 2401 5662 ι
2438 5622 2589 5675 nam,
2624 5626 2642 5660 ι
2672 5610 2829 5662 male.
