3936 6196
486 246 591 300 ωδ
1531 269 1534 272 ’
1951 247 2280 306 ORIGENIS
2465 291 2468 294 ~
3645 267 3734 322 Su

473 371 685 443 justitia
714 365 808 424 Dei
843 370 1052 418 natura:
1074 362 1505 422 solius'motibns
1533 368 1685 432 sciri,
1717 367 1810 422 sed
1841 383 1935 438 per
1957 370 2060 422 (10-
2087 375 2133 430 Α
2163 371 2308 426 nium
2334 369 2500 441 legis;
2535 369 2579 424 si
2609 380 2786 424 autem
2821 384 2884 424 ex
2923 371 3047 444 lege
3097 376 3301 446 accipit
3343 380 3732 435 testimOninm.

478 467 670 520 ctrina?
715 460 954 516 studium
1005 458 1174 527 quaeri
1208 475 1222 521 ;
1249 467 1308 513 et
1331 459 1459 514 ideo
1492 459 1626 514 dicit
1653 476 1666 512 :
1695 478 1712 510 ι
1747 459 1949 514 Discite
1975 458 2060 528 ju-
2163 477 2268 516 non
2303 477 2432 532 ergo
2462 463 2581 517 sine
2603 463 2720 533 lege
2753 467 3098 521 manifestata
3129 477 3233 522 est.
3257 469 3412 536 Quod
3439 487 3572 525 cum
3607 474 3732 527 inso-

476 555 681 612 stitiam
718 554 809 624 qui
859 551 1114 623 jndicatis
1157 561 1354 606 terram
1389 551 1451 606 ³³.
1514 570 1532 603 ι
1573 551 1936 619 Quamobrem
1989 550 2056 604 ad
2160 551 2324 607 lubile
2348 557 2440 615 sit,
2474 570 2577 608 nec
2607 557 2786 624 aliqua
2823 560 2993 628 possit
3026 559 3235 613 ratione
3268 561 3534 625 convelli.
3567 563 3732 618 dicta-

477 649 570 703 Dei
597 647 863 715 justitiam
913 644 1306 713 agnoscendam
1357 644 1489 699 nihil
1519 659 1741 714 prorsus
1769 643 2056 712 opitulabi-
2159 644 2284 698 dum
2318 656 2399 698 est
2416 645 2686 715 justitiam
2730 651 2947 719 quidem
2975 650 3066 704 Dei
3098 652 3437 708 manifestari
3465 670 3499 706 a
3535 654 3734 709 Christo

478 750 567 794 tur
601 739 682 794 lex
719 749 949 804 naturae,
982 738 1197 794 etiamsi
1240 737 1491 792 videatur
1515 736 1720 791 sentire
1759 736 1958 805 aliquid
1989 737 2055 792 de
2155 733 2307 800 Jesu,
2335 739 2612 805 praebente
2654 739 2704 793 ei
2743 741 3113 796 testimonium
3167 758 3273 796 non
3333 742 3451 813 lege
3516 755 3732 808 natura,

472 831 710 884 lmtnana
733 828 968 898 justitia.
1016 828 1108 883 Illa
1143 828 1288 884 enim
1322 827 1408 881 lex
1456 833 1629 896 potest
1665 828 1871 882 sentire
1906 829 2051 898 quod
2157 842 2277 896 (tua:
2325 831 2500 884 adlmc
2554 840 2638 885 est
2687 834 2875 903 utique
2920 835 3110 904 exigua
3137 846 3191 889 et
3241 851 3435 905 parva;
3475 837 3583 890 sed
3641 839 3734 907 lege

476 925 618 977 inter
640 919 890 975 homines
908 920 1113 989 justum
1148 919 1296 974 situt
1322 920 1464 988 quod
1492 919 1544 970 in
1571 933 1631 972 se
1661 918 1784 987 quis
1809 920 1917 988 pati
1946 934 2051 974 non
2156 917 2324 990 Moysi
2361 935 2375 985 ;
2407 935 2510 972 non
2549 936 2613 975 ea
2656 937 2777 990 qua:
2831 923 3128 977 secundum
3167 923 3430 985 litteram,
3483 923 3590 976 sed
3637 941 3732 992 qua

377 1059 382 1064 .
472 1013 607 1080 vult,
639 1012 738 1067 hoc
773 1009 934 1081 512
959 1025 1025 1065 ne
1053 1009 1302 1078 proximo
1336 1007 1499 1061 faciat
1523 1007 1589 1061 “.
1614 1007 1868 1076 Nunquid
1900 1017 2055 1062 natu—
2153 1013 2448 1066 secundum
2479 1012 2729 1080 spiritum
2760 1022 2861 1079 est,
2893 1015 2959 1070 de
3011 1030 3118 1084 qua
3156 1016 3293 1069 idem
3334 1015 3472 1069 dicit
3525 1017 3732 1081 Aposta-

472 1101 659 1162 r'aliter
687 1114 865 1174 potest
889 1102 1093 1157 sentire
1119 1099 1233 1171 (61)
1273 1101 1341 1156 de
1369 1098 1692 1169 illa-justitia
1718 1115 1839 1168 quae
1867 1100 1999 1154 dicit
2032 1116 2046 1154 :
2153 1105 2234 1182 lus
2263 1121 2276 1158 :
2319 1124 2337 1156 ι
2373 1104 2506 1170 Quia
2541 1105 2628 1158 lex
2672 1106 2932 1176 spiritalis
2973 1117 3057 1162 est
3090 1107 3158 1161 ⁸³.
3199 1126 3217 1159 ι
3250 1106 3536 1161 Similiter
3569 1118 3728 1160 ante.

474 1219 492 1250 ι
540 1196 728 1252 Videte
759 1210 829 1250 ne
859 1194 1076 1250 faciatis
1095 1193 1365 1262 justitiam
1392 1203 1634 1248 vestram
1667 1207 1852 1248 coram
1883 1193 2053 1249 homi-
2152 1208 2207 1254 et
2241 1197 2514 1269 prephcta:
2550 1213 2644 1267 per
2677 1215 2798 1253 eum
2821 1200 2912 1270 qui
2946 1201 3000 1254 in
3035 1201 3165 1268 ipsis
3196 1189 3408 1255 locutus
3445 1211 3546 1252 est
3598 1202 3733 1268 spiri-

471 1289 628 1345 nibus
656 1289 738 1354 ³⁸;
776 1307 796 1341 ι
831 1295 908 1351 et,
953 1305 972 1337 ι
1008 1294 1065 1339 ut
1089 1285 1557 1340 nesciat-sinistra
1603 1293 1693 1339 tua
1726 1284 1854 1354 quid
1886 1283 2050 1340 faciat
2152 1298 2264 1344 tum
2298 1289 2412 1344 Dei.
2435 1289 2526 1343 Est
2548 1300 2807 1360 praeterea
2844 1302 2896 1347 et
2927 1291 3013 1345 liia
3037 1292 3177 1361 apud
3208 1292 3540 1360 Apostolum
3569 1292 3732 1347 debet

467 1385 655 1437 dextra
717 1391 804 1434 tua
829 1380 918 1433 “~?
957 1398 975 1431 ι
1011 1379 1134 1433 llaec
1185 1388 1238 1432 et
1292 1377 1596 1446 hujusmodi
1641 1376 1784 1445 iusta
1815 1374 2049 1447 (62)(11-
2149 1395 2421 1445 sertnmte,
2453 1381 2500 1433 si
2547 1381 2667 1450 quis
2709 1382 3021 1452 diligentius
3057 1384 3337 1447 observet,
3373 1385 3521 1438 mira
3559 1387 3732 1438 distin-

465 1486 615 1530 rtarc
647 1490 750 1529 non
781 1482 955 1544 potest
1001 1473 1085 1528 lex
1131 1480 1382 1537 natura};
1419 1481 1473 1526 et
1500 1472 1622 1526 ideo
1655 1470 1788 1526 dicit
1814 1471 2046 1540 Aposto.
2149 1472 2280 1527 ctio.
2305 1472 2471 1527 Moris
2496 1484 2580 1529 est
2619 1475 2760 1544 apud
2789 1474 3006 1529 Crzceos
3047 1475 3362 1530 nominibus
3387 1476 3579 1549 ἄρθρα
3609 1493 3732 1545 prt-

466 1567 554 1621 Ius
583 1583 596 1619 :
625 1585 640 1617 t
677 1565 828 1619 Nunc
849 1574 1028 1618 autem
1059 1563 1176 1618 sine
1211 1562 1350 1632 lege,
1380 1580 1399 1614 ι
1437 1572 1645 1618 natura:
1673 1559 2048 1626 scilicet,¢ju-
2149 1564 2299 1634 poni,
2335 1579 2454 1634 quae
2481 1565 2623 1634 apud
2659 1580 2756 1619 nos
2801 1575 3028 1636 possunt
3070 1568 3286 1622 articuli
3348 1571 3656 1625 nominari.
3685 1573 3732 1624 Si

465 1660 614 1713 stitia
655 1658 746 1712 Dei
782 1655 1124 1710 manifestata
1156 1662 1240 1709 est
1269 1655 1335 1718 ",
1373 1673 1391 1705 ›
1427 1654 1800 1709 testimonium
1839 1652 2046 1706 habens
2076 1723 2110 1727 _
2147 1654 2366 1724 quando
2391 1654 2556 1726 igitur
2578 1655 2747 1727 Moysi
2779 1656 2948 1727 legem
2981 1661 3245 1722 nominat,
3275 1661 3512 1716 solitum
3543 1666 3731 1718 nomini

464 1750 596 1821 legis
647 1749 888 1819 Moysiet
908 1745 1313 1817 prophetarum,
1335 1745 1388 1799 in
1409 1744 1608 1814 quibus
1631 1755 1850 1800 sanctus
1873 1743 2046 1812 Spiri-
2075 1723 2120 1782 Β
2149 1723 2434 1813 praemittii
2451 1723 2740 1798 articulum
2767 1723 2854 1808 ;si
2875 1749 3091 1816 quando
3123 1765 3252 1804 vero
3284 1753 3608 1806 naturalem
3629 1757 3730 1806 vult

467 1853 554 1896 tus
607 1840 770 1894 multa
816 1853 912 1908 per
944 1837 1146 1906 ﬁguras
1175 1839 1553 1907 et-aenigmata
1601 1836 1669 1889 de
1699 1833 1912 1904 justitia
1939 1833 2042 1889 Dei

464 1927 778 2002 scripserat.
817 1931 885 1985 Et
917 1930 1040 1984 nolo
1078 1929 1294 1984 mireris
1323 1927 1464 1997 Quod
1509 1943 1676 1982 unum
1717 1927 2039 1984 vocabulum

465 2025 597 2095 legis
629 2022 868 2078 secundo
902 2021 953 2076 in
987 2023 1174 2076 eodem
1197 2021 1316 2076 loco
1339 2021 1573 2091 positum
1601 2021 1812 2076 diversa
1833 2020 2042 2090 signiﬁ-

463 2129 567 2170 cel.
593 2116 912 2171 invenimus
943 2115 1087 2168 hanc
1116 2129 1236 2168 esse
1255 2113 1568 2182 Scriptura:
1589 2113 2038 2168 consuetudinem

458 2221 513 2264 et
542 2209 593 2261 in
635 2208 754 2262 aliis
786 2207 917 2261 locis
950 2222 964 2260 :
996 2215 1052 2260 ut
1074 2204 1147 2260 ibi
1184 2206 1228 2238 ³⁸
1255 2221 1270 2259 :
1300 2223 1318 2258 ι
1349 2203 1540 2260 Nonne
1575 2221 1670 2260 vos
1698 2205 1895 2271 dicitis,
1912 2207 2039 2274 quia

461 2303 637 2355 adhuc
674 2310 904 2370 quatuor
930 2313 1143 2354 menses
1183 2306 1309 2353 sunt
1347 2306 1405 2353 ut
1433 2297 1614 2353 veniat
1635 2283 1837 2353 messis
1869 2297 2039 2353 Πειθ-

462 2406 582 2451 vate
617 2394 804 2450 oculos
852 2402 1092 2458 vestros,
1123 2402 1176 2449 et
1209 2392 1385 2448 videte
1419 2391 1690 2462 regiones,
1734 2392 1856 2462 quia
1903 2391 2038 2448 alba:

459 2497 583 2542 sunt
606 2488 672 2540 ad
699 2501 948 2541 messem.
967 2504 985 2537 ι
1005 2486 1194 2542 Nonne
1227 2493 1282 2539 et
1311 2484 1414 2539 hoc
1439 2483 1558 2540 loco
1582 2484 1779 2540 messis
1799 2485 2038 2540 secundo

461 2579 759 2641 nominata,
789 2576 963 2646 primo
1003 2575 1070 2629 ad
1123 2573 1460 2643 corporalem
1500 2587 1733 2628 messem
1773 2573 2034 2640 refertur,

458 2672 697 2724 sectuido
729 2669 794 2721 ad
823 2666 1121 2736 Spiritalem
1148 2666 1171 2719 i
1200 2665 1260 2719 Et
1290 2665 1560 2720 iterum‘in
1591 2665 2035 2736 Evangelia-cum

458 2762 589 2814 dicit
635 2761 703 2814 ad
758 2758 1156 2814 Samaritanam
1219 2755 1503 2811 mulierem
1555 2756 1840 2822 Salvator,
1894 2775 1915 2810 ι
1959 2759 2032 2812 Da

457 2854 589 2908 mihi
645 2850 832 2905 bibere
863 2850 927 2914 ⁸⁹,
967 2869 985 2901 ι
1033 2859 1087 2904 et
1117 2859 1240 2919 post
1300 2865 1618 2921 responsum
1659 2849 1777 2919 ejus
1834 2850 2032 2906 itertnn

453 2947 584 3001 dicit
617 2945 682 2999 ad
710 2959 828 2999 eam
865 2959 880 2998 :
921 2964 940 2996 ι
986 2943 1040 2999 Si
1077 2945 1246 2998 scires
1294 2946 1416 3014 quis
1471 2956 1553 3000 est
1593 2945 1686 3014 qui
1725 2945 1858 3000 dicit
1886 2946 1980 3000 tibi
2013 2963 2028 3001 :

463 3039 533 3089 ita
611 3038 740 3092 mihi
775 3038 1004 3102 bibere;
1033 3047 1088 3090 tu
1132 3040 1317 3106 utique
1347 3039 1574 3106 petisses
1599 3053 1746 3103 eum,
1771 3049 1826 3094 et
1849 3039 2032 3094 dedis-
2056 3065 2100 3124 ο

454 3140 533 3180 set
571 3126 664 3180 tibi
696 3140 888 3195 aquam
921 3125 1116 3178 vivam.
1145 3143 1164 3176 ι
1197 3125 1270 3178 -Ει
1299 3125 1492 3178 iterum
1527 3127 1730 3180 addidit
1757 3129 1822 3181 ad
1855 3141 1976 3181 eam
2012 3145 2027 3182 :

457 3237 477 3271 ι
522 3218 706 3276 Omnis
734 3217 828 3288 qni
879 3217 1014 3272 bibit
1043 3231 1106 3271 ex
1159 3233 1294 3285 aqua
1347 3219 1467 3282 hac,
1496 3219 1642 3273 sitiet
1675 3219 1899 3284 iterum;
1933 3219 2031 3290 qui

452 3323 632 3367 autem
666 3311 863 3367 biberit
887 3326 952 3365 ex
995 3325 1136 3380 aqua
1163 3325 1322 3378 quam
1351 3326 1450 3380 ego
1478 3311 1544 3366 do
1570 3313 1644 3375 ei,
1675 3328 1778 3366 non
1795 3311 1950 3367 sitiet
1976 3313 2028 3367 in

451 3414 712 3458 aeternum
741 3398 805 3454 ⁸⁸.
841 3417 860 3452 ι
895 3401 1058 3455 Vides
1107 3401 1376 3469 quomodo
1403 3411 1456 3456 et
1506 3401 1692 3457 bibere
1717 3443 1731 3468 ,
1763 3411 1819 3458 et.
1866 3418 2025 3473 aqua,

453 3509 598 3550 nunc
621 3494 834 3564 quidem
867 3492 979 3566 (63)
1014 3491 1375 3561 corporaliter
1397 3534 1411 3556 ,
1447 3507 1588 3546 nunc
1647 3503 1825 3548 autem
1873 3495 2030 3564 spiri-

451 3589 638 3644 taliter
672 3589 731 3643 in
765 3603 870 3642 uno
896 3587 1205 3654 eodemque
1233 3584 1501 3652 accipitur
1535 3585 1702 3639 loco?
1743 3585 1845 3640 Est
1882 3593 1938 3641 et
1963 3585 2027 3639 il-

447 3683 521 3738 lie
551 3682 803 3736 similiter
827 3679 1116 3751 positum,
1146 3677 1233 3733 ubi
1280 3693 1456 3733 caecus
1490 3693 1520 3731 a
1562 3679 1846 3734 nativitate
1870 3693 2027 3734 cura-

446 3788 536 3831 tur
568 3776 634 3830 ⁶¹.
668 3775 796 3831 Post
838 3777 938 3830 hoc
973 3763 1106 3828 dicit
1138 3773 1390 3828 Salvator
1426 3790 1438 3825 :
1478 3791 1496 3824 ι
1533 3771 1588 3826 lu
1629 3771 1890 3840 judicium
1925 3785 2026 3842 ego

442 3869 568 3923 veni
601 3868 652 3920 in
685 3868 826 3920 hunc
853 3867 1128 3927 mundum,
1151 3873 1205 3918 ut
1232 3865 1321 3935 qui
1354 3879 1460 3918 non
1492 3864 1677 3918 vident
1706 3853 1946 3927 videant,
1970 3871 2026 3918 et

443 3960 532 4028 qui
560 3959 740 4011 vident
762 3958 888 4010 caeci
918 3957 1157 4010 ﬁant“.i
1196 3957 1380 4011 Nonne
1407 3957 1574 4010 etiam
1611 3956 1698 4011 hic
1721 3966 1774 4012 et
1798 3955 1985 4010 videre
2005 3995 2022 4020 ,

441 4063 497 4106 et
521 4066 624 4102 non
650 4049 832 4101 videre
867 4062 1010 4101 nunc
1060 4051 1449 4118 corporaliter,
1519 4064 1662 4104 nunc
1700 4047 2024 4120 spiritaliter

443 4139 887 4209 intelligituriita
911 4155 1037 4209 ergo
1062 4143 1222 4195 etiam
1245 4142 1296 4195 in
1323 4142 1425 4197 hoc
1449 4143 1567 4196 loco
1589 4141 1878 4211 Apostolus
1896 4157 2020 4196 cum

441 4237 559 4292 sine
591 4237 705 4306 lege
727 4236 855 4290 dicit
878 4235 1144 4305 justitiam
1180 4235 1274 4288 Dei
1313 4235 1674 4302 manifestari,
1695 4245 1904 4290 natura:
1932 4234 2016 4290 lex

443 4327 795 4396 intelligitur;
830 4343 950 4383 eum
1003 4343 1134 4382 vero
1168 4327 1300 4381 dicit
1341 4345 1352 4380 :
1403 4344 1422 4379 ι
1461 4326 1773 4382 Testiﬁcata
1810 4343 1839 4381 a
1900 4327 2017 4396 lege

2145 1832 2398 1906 intelligi,
2430 1835 2548 1890 sine
2596 1837 2831 1892 articulo
2862 1839 3102 1894 nominat
3131 1839 3324 1913 legem.
3363 1842 3432 1896 Et
3465 1844 3572 1896 hoc
3613 1861 3730 1914 ergo

2145 1923 2198 1978 in
2233 1923 2354 1980 loco
2386 1927 2473 1982 ubi
2505 1927 2657 1995 dicit,
2689 1949 2707 1981 ι
2747 1929 2900 1985 Nunc
2927 1931 3045 1986 sine
3080 1931 3196 2002 lege
3223 1933 3443 2001 justitia
3497 1937 3593 1988 Dei
3630 1955 3727 1988 ma-

2143 2015 2403 2072 nifestata
2434 2033 2536 2081 est,
2575 2038 2594 2072 ι
2640 2021 2929 2076 articulum
2978 2038 3084 2076 non
3139 2023 3345 2089 habet;
3382 2025 3436 2078 in
3491 2027 3726 2095 sequca‘i

2139 2123 2273 2165 vero
2303 2109 2390 2165 ubi
2420 2112 2570 2176 dicit,
2607 2131 2626 2164 ε
2674 2113 2984 2168 Testiﬁcata
3023 2129 3051 2166 a
3093 2115 3209 2184 lege
3257 2125 3312 2168 et
3369 2119 3676 2186 prophetis,
3703 2138 3722 2169 ι

2141 2201 2380 2256 secundo
2409 2202 2604 2257 inloco
2634 2203 2805 2274 legem
2836 2220 2958 2258 cum
2991 2206 3221 2259 articulo
3257 2210 3468 2274 pOSIIit.
3505 2207 3566 2262 Si
3609 2228 3722 2278 ergo

2140 2295 2474 2350 suﬁicienter
2506 2295 2684 2365 patuit
2716 2296 2782 2352 de
2833 2296 2970 2366 legis
3008 2299 3374 2368 appellatione
3414 2304 3722 2368 diversitas,

2139 2387 2421 2442 videamus
2455 2403 2599 2443 nunc
2636 2403 2754 2457 quae
2777 2387 2988 2457 justitia
3030 2391 3150 2444 sine
3194 2393 3434 2446 naturali
3468 2395 3591 2465 lege
3623 2413 3725 2448 ma-

2138 2478 2444 2534 nifestetur.
2469 2479 2612 2536 Idem
2653 2481 2930 2550 apostolus
2961 2480 3156 2540 Paulus
3195 2484 3333 2538 dicit
3362 2485 3435 2540 de
3468 2487 3721 2550 Christo,

2137 2568 2266 2640 quia
2299 2585 2317 2620 t
2350 2568 2525 2622 factus
2554 2578 2638 2624 est
2679 2570 2836 2639 nobis
2884 2572 3145 2641 sapientia
3179 2590 3208 2627 a
3255 2575 3386 2642 Deo,
3417 2587 3480 2630 et
3496 2577 3718 2644 justitia,

2137 2669 2191 2716 et
2213 2659 2595 2723 sanctiﬁcatio,
2618 2670 2673 2712 ct
2706 2661 3082 2732 redemptio“.
3126 2683 3143 2716 ι
3197 2665 3322 2719 Haec
3357 2681 3500 2737 ergo
3521 2667 3716 2733 justitia

2137 2753 2253 2819 Dei,
2283 2769 2403 2824 quae
2432 2763 2516 2808 est
2543 2752 2833 2818 Christus,
2869 2755 3245 2810 manifestatur
3275 2761 3398 2811 sine
3453 2760 3576 2827 lege
3611 2762 3720 2830 qui-

2135 2846 2255 2900 detn
2292 2846 2547 2910 naturali,
2582 2863 2687 2901 non
2723 2856 2900 2901 tamen
2950 2847 3067 2903 sine
3130 2849 3245 2919 lege
3273 2849 3456 2921 Moysi
3492 2852 3577 2904 vel
3608 2868 3723 2920 pro-

2134 2937 2313 3008 phetis
2345 2937 2482 3011 (66).
2517 2939 2617 2992 Dat
2661 2938 2805 2992 enim
2837 2939 2884 2992 ei
2941 2941 3312 2995 testimonium
3380 2944 3472 2996 lex
3509 2944 3722 2998 sicuttt

2135 3031 2248 3102 ipse
2282 3031 2410 3086 dicit
2449 3049 2463 3084 :
2498 3051 2518 3082 ι
2549 3029 2877 3086 Scrutatnini
2912 3033 3252 3102 Scripturas;
3289 3036 3424 3104 ipsa:
3451 3049 3584 3090 sunt
3609 3054 3721 3106 qtae

2138 3124 2507 3178 testimonium
2553 3125 2786 3178 reddunt
2817 3125 2884 3178 de
2912 3141 3001 3178 me
3031 3125 3098 3178 ⁸⁸.
3146 3145 3165 3179 υ
3202 3127 3336 3180 Nam
3377 3127 3468 3182 lex
3510 3132 3718 3197 quitlma

2137 3217 2400 3272 naturalis
2433 3225 2610 3287 potest
2635 3220 2956 3272 occasiones
2987 3218 3250 3289 praebere.
3277 3230 3334 3274 et
3378 3221 3716 3274 intellectura

2133 3310 2283 3372 dare,
2310 3318 2367 3362 ut
2399 3308 2662 3372 diximus;
2698 3309 2785 3364 vel
2813 3311 2880 3363 ad
2912 3326 2977 3364 ea
3006 3327 3124 3378 qua:
3173 3312 3314 3366 inter
3352 3313 3615 3367 homines
3636 3315 3716 3383 agi

2130 3401 2361 3472 :equitas
2395 3403 2591 3472 poscit,
2616 3403 2696 3458 vel
2743 3401 2809 3456 ad
2863 3403 2968 3458 hoc
3012 3403 3215 3474 ipsum,
3250 3415 3309 3457 ut
3341 3420 3474 3458 esse
3521 3408 3720 3460 sentiat

2131 3493 2322 3548 Deum.
2359 3493 2434 3545 De
2464 3491 2684 3547 Christo
2710 3503 2892 3546 autent
2928 3494 3076 3562 quod
3120 3494 3188 3547 sit
3233 3493 3406 3548 Filius
3440 3496 3561 3560 Dei,
3595 3511 3719 3550 seu.

2129 3585 2231 3641 tire
2256 3585 2575 3640 naturaliter
2595 3585 2720 3655 quis
2753 3595 2930 3654 potest
2957 3589 2978 3639 ἲ
3011 3587 3134 3641 ideo
3161 3602 3293 3657 ergo
3315 3589 3439 3641 sine
3467 3589 3570 3642 hac
3607 3590 3717 3659 (67)

2127 3677 2268 3749 lege,
2297 3677 2506 3747 justitia
2537 3677 2650 3742 Dei,
2669 3692 2790 3747 qua:
2817 3689 2900 3732 est
2927 3678 3202 3744 Christus,
3226 3679 3580 3733 manifestata
3613 3690 3715 3745 est,

2127 3772 2418 3828 testiﬁcata
2442 3787 2508 3828 ex
2542 3772 2659 3840 lege
2702 3772 2870 3843 Moysi
2893 3782 2944 3824 et
2974 3773 3273 3841 pr0pbetis.
3293 3771 3502 3828 Verum
3535 3775 3715 3842 prius-

2125 3878 2288 3935 quam
2318 3864 2385 3918 ad
2419 3865 2810 3934 consequentia
2865 3878 3238 3934 properemus,
3261 3863 3570 3918 omittenda
3609 3879 3712 3918 uel

2122 3958 2338 4012 videtur
2364 3972 2433 4012 ne
2451 3957 2564 4012 haec
2591 3957 2807 4024 quidem
2853 3957 3184 4018 observatio,
3219 3956 3365 4023 quod
3397 3955 3455 4009 in
3491 3967 3714 4024 peccato

2122 4050 2336 4118 quidem
2384 4050 2710 4120 agnitionem
2743 4049 2944 4120 posuit,
2983 4048 3032 4102 in
3070 4046 3281 4115 justitia
3313 4063 3445 4102 vero
3487 4051 3712 4103 manife-

2121 4141 2433 4197 stationem.
2474 4159 2492 4192 c
2533 4142 2706 4198 Omne
2759 4144 2903 4197 enim
2958 4142 3100 4211 quod
3149 4139 3574 4208 manifestatur,
3623 4142 3712 4196 lux

2119 4234 2307 4299 est“;
2355 4254 2374 4288 ι
2411 4243 2465 4290 et
2493 4236 2536 4290 si
2567 4235 2714 4304 quod
2747 4234 3126 4290 manifestatur
3155 4234 3246 4288 lux
3286 4242 3394 4298 est,
3425 4243 3711 4302 peccatum

2120 4325 2264 4392 quod
2296 4323 2386 4378 lux
2416 4340 2521 4379 non
2551 4337 2635 4381 est
2668 4343 2774 4386 non
2806 4325 3205 4390 manifeStatur,
3235 4325 3331 4379 sed
3367 4324 3709 4394 agnoscitur.

438 4433 494 4478 et
536 4424 834 4494 prepbctis,
860 4442 878 4476 ι
900 4421 1066 4494 Moysi
1097 4423 1264 4494 legem
1301 4420 1564 4490 designat.
1590 4418 1742 4486 Quod
1773 4421 1818 4474 si
1847 4419 2022 4473 adhuc
2053 4416 2097 4472 D
2128 4416 2240 4488 Ego
2265 4417 2343 4474 sic
2372 4419 2578 4487 accipio
2613 4431 2668 4474 et
2699 4420 2854 4475 illud:
2887 4418 3063 4472 «Nitrl
3093 4418 3368 4472 occultum
3403 4418 3552 4487 quod
3603 4432 3708 4472 no

440 4518 536 4571 tibi
561 4518 737 4571 minus
759 4517 977 4587 planum
1007 4525 1224 4586 putatur
1251 4529 1369 4569 esse
1397 4513 1541 4582 quod
1573 4511 2014 4574 dixitnus,adde-

432 4623 560 4664 ntus
585 4607 751 4663 etiam
801 4607 916 4660 haec
945 4623 956 4658 :
990 4607 1046 4660 Si
1089 4606 1232 4660 enim
1265 4604 1478 4658 videtur
1510 4602 1650 4672 quod
1677 4601 1790 4673 (64)
1824 4603 2013 4657 eadem

427 4702 513 4756 lex
545 4699 616 4752 sit
642 4699 709 4752 de
736 4712 840 4766 qua
864 4698 1064 4751 dicitur
1087 4716 1100 4752 :
1127 4715 1143 4745 σ
1169 4696 1322 4752 Nunc
1353 4705 1532 4748 autem
1563 4695 1680 4750 sine
1709 4693 1824 4765 lege
1853 4692 2015 4762 juSti-

425 4791 500 4843 tia
559 4787 654 4843 Dei
704 4786 1047 4842 manifestata
1093 4796 1197 4850 est,
1238 4809 1259 4837 ν
1293 4803 1412 4856 qua:
1459 4797 1540 4841 est
1584 4795 1637 4841 et
1688 4786 1774 4840 illa
1809 4786 1874 4840 de
1907 4799 2014 4856 qua

422 4881 500 4935 nit
540 4893 558 4936 :
588 4896 608 4932 ι
651 4878 958 4934 Testiﬁcata
987 4893 1014 4930 a
1051 4877 1164 4944 lege
1189 4887 1244 4931 et
1291 4875 1568 4946 prophetis
1601 4893 1615 4943 ;
1661 4895 1678 4926 ι
1716 4876 1760 4930 si
1793 4874 2012 4945 quidem

421 4974 542 5028 sine
582 4971 699 5042 lege
731 4969 843 5042 (65)
884 4969 1232 5024 manifestata
1264 4977 1368 5034 est,
1405 4983 1514 5022 non
1542 4969 1739 5036 accipit
1772 4966 2016 5022 testimo-

501 5139 548 5171 ⁸³
577 5138 706 5208 Sap.
739 5155 778 5204 ι,
812 5139 830 5191 1
867 5155 880 5202 ;
913 5137 1052 5190 Psal.
1096 5155 1155 5202 n,
1191 5137 1274 5190 10.

597 5202 879 5271 ν’ἱὺὶἁ.7.
910 5207 996 5264 10.
1103 5209 1150 5240 ⁸⁸
1192 5207 1324 5261 ibid.
1355 5202 1444 5255 15.

430 5277 475 5310 ⁸³
499 5278 656 5334 Joan.
685 5295 734 5345 v,
781 5279 871 5334 59.
950 5279 994 5309 ⁸⁸
1026 5277 1225 5348 Ephes.
1258 5293 1310 5338 v,
1355 5275 1440 5328 i5.

499 5396 612 5463 (6|)
647 5395 734 5453 AI.
767 5413 785 5448 ι
816 5395 1024 5450 sentiri.
1058 5414 1076 5446 ι

501 5455 612 5540 (62)
647 5465 774 5540 ﬂtec
804 5475 856 5540 et
878 5463 1193 5540 Itujusmodi
1211 5465 1381 5540 jttsla.
1415 5459 1692 5540 Sic-mss.
1731 5465 1784 5510 et
1828 5455 2008 5513 Raba-

429 5550 552 5588 nus.
586 5538 651 5588 At
687 5535 838 5600 editi,
871 5554 890 5586 ε
927 5531 1066 5590 lianc
1095 5543 1149 5589 et
1181 5531 1488 5604 lt‘ujustnodi
1516 5531 1806 5600 justitiam.
1851 5547 1870 5604 ρ

503 5607 613 5675 (65)
639 5606 730 5661 Sic
757 5620 885 5660 mss.
921 5606 1060 5662 Editi
1082 5619 1230 5669 vero,
1253 5621 1271 5655 ‹
1305 5603 1368 5658 Et
1390 5605 1573 5659 bibere
1594 5616 1657 5655 ex
1676 5614 1836 5668 aqua,
1864 5612 2008 5653 nunc

427 5677 669 5744 quidem,
709 5696 728 5728 ι
763 5685 871 5732 etc.

1554 5270 1595 5301 ⁸⁷
1623 5269 1753 5325 Luc.
1792 5283 1913 5336 vnn,
1940 5270 2028 5325 17.

1353 5129 1556 5185 ³⁵Τοὺ.
1610 5145 1682 5191 Iv,
1715 5129 1769 5182 6.
1847 5129 1891 5160 "
1916 5127 2108 5184 Matth.
2153 5146 2228 5194 vr,
2280 5131 2327 5186 1.

1557 5199 1598 5230 *ί
1626 5198 1783 5253 Joan.
1818 5201 1944 5262 tx,i
1994 5215 2110 5269 seq.

2124 4508 2524 4574 manifestetur,
2555 4525 2655 4565 nec
2693 4519 2941 4580 opertum
2973 4511 3118 4578 quod
3153 4523 3260 4564 non
3293 4509 3574 4564 reveletur
3607 4509 3707 4562 ".s

2123 4599 2230 4654 Sed
2271 4603 2340 4654 ad
2375 4601 2710 4670 propositum
2747 4599 3264 4670 revertatnur._Lex
3301 4616 3434 4670 ergo
3481 4608 3534 4655 et
3577 4617 3713 4672 pro-

2122 4687 2295 4756 pheue
2320 4698 2482 4743 testes
2519 4699 2646 4743 sunt
2679 4691 2903 4760 justitia:
2955 4691 3078 4755 Dei;
3113 4705 3233 4760 qua
3257 4689 3475 4758 justitia
3519 4705 3625 4759 per
3652 4691 3713 4744 ﬁ-

2118 4779 2238 4834 dem
2260 4777 2389 4834 .Iesu
2421 4780 2626 4836 Christi
2656 4781 3041 4836 manifestatur
3073 4781 3128 4834 in
3168 4795 3362 4836 omnes
3392 4782 3710 4846 credentes,

2117 4873 2170 4926 in
2193 4873 2391 4942 quibus
2433 4872 2575 4926 nulla
2628 4880 2712 4927 est
2749 4872 3051 4938 distinctio,
3105 4882 3285 4926 utrum
3341 4886 3407 4926 ex
3458 4870 3712 4940 Judans,

2117 4981 2185 5019 an
2223 4982 2288 5021 ex
2331 4969 2585 5037 gentibus
2633 4966 2878 5024 credant.
2909 4964 3055 5021 'Vide
3092 4975 3274 5020 autem
3303 4963 3433 5035 quia
3471 4966 3713 5019 manife-

2405 5132 2450 5164 “
2490 5133 2618 5186 ibid.
2651 5133 2704 5187 5.
2783 5133 2826 5165 ³⁷
2852 5133 3008 5188 Rom.
3045 5147 3127 5195 tu,
3160 5130 3250 5184 2!.
3329 5131 3372 5163 ³³
3399 5128 3572 5185 Joan-
3633 5147 3709 5190 Ir,

2223 5203 2265 5234 δ’
2295 5203 2426 5258 ibid.
2461 5203 2554 5258 39.
2650 5204 2697 5236 “
2721 5205 2878 5259 Rom.
2921 5203 3134 5268 "1,14.
3239 5201 3287 5234 “
3315 5203 3330 5255 l
3355 5201 3485 5256 Cor.
3527 5217 3572 5264 ι,
3613 5203 3708 5254 30.

2185 5384 2297 5452 (64)
2331 5382 2491 5445 Editi,
2526 5381 2625 5452 t__.si
2655 5380 2748 5434 tibi
2779 5379 3008 5440 videtur,
3043 5380 3211 5452 quod,
3252 5394 3270 5428 ι
3301 5384 3404 5452 etc.

2187 5448 2298 5525 (65)
2334 5453 2488 5516 Al.,¢
2531 5450 2656 5506 Haec
2707 5451 2925 5520 quidem
2970 5464 3091 5518 qua:
3131 5449 3252 5503 sine
3301 5448 3449 5518 lege.
3483 5462 3503 5497 ι
3544 5455 3663 5500 etc.
3689 5483 3710 5510 ,

2117 5526 2300 5668 mutii’ét
2332 5594 2441 5668 At,
2484 5591 2623 5668 uel
2659 5592 3065 5668 propheta""'-‘-’
3093 5606 3126 5668 -’

2190 5663 2301 5738 (67)
2340 5665 2474 5722 Hac.
2512 5665 2673 5719 Deest
2705 5663 2757 5716 in
2785 5674 2944 5717 antea
2973 5663 3154 5714 editis.
