3974 6206
537 223 644 280 9n
1985 219 2302 279 ORIGENIS
3599 239 3676 302 οη

539 350 593 395 et
619 354 955 410 superpones
977 354 1041 396 ea
1058 354 1155 410 per
1173 336 1382 410 singula
1399 339 1568 396 latera
1585 329 1944 414 propifiatorii
1967 337 2106 410 (76):
2137 339 2183 396 Δ
2215 349 2376 406 supra
2401 335 2537 391 duos
2566 335 2778 392 cubitos
2807 334 3012 392 habere
3040 321 3248 406 aliquid
3275 340 3564 414 designatur,
3583 349 3674 411 licet

539 443 704 485 unum
735 428 995 484 cherubin
1018 443 1083 484 ex
1113 427 1287 484 latere
1315 432 1452 496 hoc;
1485 437 1541 485 et
1569 427 1717 483 aliud
1740 427 2001 484 cherubin
2037 443 2104 484 ex
2206 429 2382 484 minus
2417 429 2610 488 tribus.
2657 426 2764 485 Sed
2807 439 2862 485 et
2893 429 3036 500 quod
3085 430 3302 488 latitudo
3336 433 3438 504 ejus
3476 454 3610 496 unum
3634 457 3676 503 et

537 522 709 576 latere
761 519 936 574 altero
971 519 1385 589 propitiatorii:
1426 528 1483 576 et
1527 518 1698 576 facies
1734 529 1793 574 ut
1839 519 2102 574 cherubin
2203 521 2486 576 dimidium
2531 530 2866 576 memoratur
2900 521 3147 578 cubitum
3183 523 3405 593 habere,
3450 542 3677 601 propterea

535 609 643 665 duo
668 609 777 664 sint
799 622 867 663 ex
899 607 1108 664 duobus
1154 608 1418 665 lateribus
1461 609 1578 679 ejus
1602 609 1950 665 extendentia
1983 610 2101 665 alas
2201 612 2420 682 quidem
2447 612 2513 668 de
2543 612 2777 668 ntonade
2793 627 2856 668 ac
2884 613 3147 684 singulari
3183 627 3274 668 sua
3294 617 3505 674 statione
3527 599 3679 679 descri-
3721 599 3728 608 ’

534 716 684 764 suas,
705 709 757 754 et
780 699 1162 756 obumbrantia
1189 716 1354 770 super
1378 699 1912 771 propitiatoriumzet
1936 699 2101 756 facies
2199 700 2369 770 bitur,
2400 717 2505 756 non
2543 712 2721 758 tamen
2759 717 2828 758 ex
2857 713 2972 758 toto
3011 703 3064 758 in
3096 704 3296 759 dualem
3325 723 3586 778 numerum,
3611 716 3676 784 qui

531 806 642 846 sua:
674 801 866 846 contra
897 805 954 848 se
979 807 1142 863 super
1169 791 1610 862 propitiatorium
1637 800 1817 848 erunt.
1840 792 1909 848 Et
1930 792 2098 849 facies
2198 791 2469 848 interdum
2492 795 2656 850 etiam
2688 809 2788 867 pro
2810 794 3102 850 immundis
3117 797 3676 877 ponitur,crevisse(8tl).

528 879 816 952 cherubin,
850 894 906 939 et
931 884 1177 955 importes
1203 883 1636 954 propitiatorium
1683 901 1846 954 super
1888 901 2095 953 arcam,
2196 882 2456 952 Quamvis
2487 887 2634 941 enim
2673 902 2892 942 carnem
2941 897 3150 944 natura:
3194 900 3381 946 nostra:
3414 900 3676 967 susceperit,

525 985 583 1030 et
613 975 664 1029 in
695 991 881 1032 arcam
925 977 1106 1033 mittes
1158 976 1468 1033 testimonia
1515 994 1636 1048 qum
1680 979 1822 1035 dabo
1863 980 1960 1036 tibi
1994 995 2009 1035 :
2039 989 2096 1036 et
2194 989 2260 1030 ex
2291 975 2712 1032 incontaminata
2747 989 2924 1033 tamen
2959 976 3182 1049 Virgine
3209 992 3484 1052 assumpta.
3505 995 3550 1039 et
3569 998 3677 1044 casu

525 1067 866 1125 innotescam
903 1069 1017 1140 (77)
1053 1071 1146 1126 tibi
1178 1071 1322 1137 inde,
1340 1080 1396 1126 et
1421 1070 1616 1142 loquar
1648 1073 1714 1126 ad
1739 1080 1790 1126 te
1812 1071 2090 1126 desursum
2193 1066 2365 1121 sancti
2418 1066 2656 1135 Spiritus
2697 1070 3010 1138 operatione
3054 1069 3283 1124 formata
3321 1082 3414 1127 est.
3444 1073 3677 1145 Propterea

522 1174 688 1230 super
713 1160 1151 1232 propitiatorium
1187 1161 1331 1216 inter
1366 1162 1603 1217 medium
1637 1163 1864 1217 duorum
1896 1162 2094 1216 cheru-
2190 1171 2320 1227 ergo
2352 1166 2404 1211 et
2446 1157 2734 1229 Apostolus
2777 1161 2844 1214 de
2890 1159 3186 1215 ﬂediatnre
3207 1161 3482 1228 disserens,
3507 1168 3677 1223 eviden-

525 1254 613 1308 Itin
647 1269 768 1322 qua}
797 1265 925 1310 sunt
960 1271 1124 1325 super
1158 1271 1344 1310 arcam
1396 1257 1736 1321 testamenti,
1790 1259 2086 1312 secundum
2193 1257 2299 1302 tem
2317 1248 2717 1304 distinctionem
2747 1249 3005 1320 signavit,
3028 1251 3245 1308 dicens:
3268 1270 3286 1304 ι
3314 1251 3544 1309 Mediator
3559 1256 3628 1311 Dei
3643 1269 3681 1312 et

520 1343 704 1396 omnia
743 1345 852 1416 (78)
882 1361 1001 1415 qua
1043 1346 1354 1417 praecipiam
1383 1345 1478 1400 tibi
1502 1345 1567 1398 ad
1600 1345 1735 1400 ﬁlios
1765 1345 1928 1402 Israel
1961 1347 2027 1399 ".
2063 1365 2082 1398 ι
2190 1338 3136 1408 homiumnhomoChristusJesus;t
3165 1358 3268 1412 quo
3283 1345 3472 1400 scilicet
3487 1349 3682 1403 mediato-

526 1434 816 1490 Evidenter
842 1449 1068 1508 apparet
1103 1439 1246 1506 quod
1281 1453 1478 1493 nomen
1535 1440 1893 1507 propitiatorii
1943 1441 2088 1508 Apo-
2187 1445 2300 1485 rem
2317 1447 2420 1484 non
2440 1431 3116 1502 addettatemilbristi,sed
3132 1437 3676 1507 adhumanitatem,qua

519 1525 692 1580 stolus
719 1526 774 1582 in
807 1525 892 1581 bis
939 1527 1072 1582 locis
1101 1527 1400 1594 inventum,
1449 1529 1500 1582 in
1526 1529 1640 1583 suis
1687 1544 1831 1583 nunc
1861 1528 2084 1584 Litteris

2184 1529 2266 1574 est
2292 1519 2408 1586 ejus
2440 1520 2642 1581 anima,
2673 1519 3012 1574 referendum
3040 1523 3276 1576 doceret.
3295 1520 3562 1592 Longitudo
3581 1540 3677 1593 ergo

516 1615 694 1683 posuit
716 1615 784 1671 de
821 1631 930 1686 quo
953 1617 1110 1672 nobis
1138 1632 1319 1672 sermo
1354 1628 1460 1675 εει,
1488 1618 1556 1672 Et
1579 1619 1796 1674 videtur
1823 1621 2082 1690 propiiia-
2117 1673 2157 1690 ﬁ
2184 1611 2851 1680 poniturejusetlatitudo.
2869 1611 3676 1684 Longitudoilludsigniﬁcatquod

517 1673 712 1762 iorittttt
745 1673 867 1776 Ιιοέ,
903 1708 968 1763 de
998 1724 1108 1778 quo
1133 1709 1398 1778 scriptum
1427 1719 1512 1764 est
1540 1709 1592 1764 in
1626 1673 1838 1778 Exodo:
1861 1673 1938 1765 ad.
1967 1712 2082 1767 ηυι-
2117 1673 2159 1731 Β
2189 1703 2356 1756 tendit
2379 1704 2446 1758 ad
2468 1704 2632 1759 Deutn
2653 1701 3015 1776 Trinitatique
3039 1706 3314 1771 sociatur;
3350 1707 3680 1775 latitudo,quod

521 1801 628 1853 lum
670 1799 772 1855 nisi
822 1801 888 1854 ad
947 1801 1288 1868 Salvatoj‘em
1337 1803 1622 1860 Dominum
1673 1806 1922 1861 retulisse
1955 1823 2078 1862 cum
2183 1797 2324 1850 inter
2344 1797 2588 1852 homines
2609 1798 2890 1867 quilatam
2907 1795 3308 1867 spatiosamque
3332 1797 3459 1850 viam
3487 1797 3680 1851 incedere

515 1885 666 1953 dieit,
717 1887 843 1956 Quia
877 1887 1020 1944 hunc
1051 1891 1234 1959 posuit
1268 1909 1286 1942 ι
1319 1890 1462 1946 Deus
1503 1893 1938 1964 propitiatorium
1981 1911 2081 1966 per
2186 1889 2386 1956 solent,
2404 1899 2761 1946 conversatur
2782 1910 2795 1946 :
2819 1901 2874 1946 et
2897 1891 3018 1945 ideo
3039 1888 3352 1944 Mediatoris
3371 1898 3499 1944 recte
3514 1888 3680 1968 nomine

510 1976 670 2032 ﬁdem
703 1977 772 2030 ³⁹.
809 1997 828 2032 ι
863 1979 1142 2048 Quomodo
1179 1997 1310 2038 sane
1367 1983 1526 2054 hujus
1558 1985 1672 2038 veri
1719 1987 2077 2055 propitiatorii
2179 1990 2552 2051 nuncupatur,
2595 1983 2746 2052 quia,
2798 1991 2858 2037 ut
2888 1983 3163 2047 diximus,
3213 1983 3382 2036 anima
3413 1983 3512 2034 lucc
3536 1988 3678 2032 sancta

509 2064 681 2120 forma
715 2077 768 2122 et
791 2069 960 2138 ﬁgura
985 2067 1147 2124 fuerit
1179 2071 1306 2125 illud
1330 2073 1474 2142 quod
1505 2075 1557 2129 in
1587 2074 1777 2129 Exodo
1805 2075 2075 2132 describi-
2183 2069 2362 2125 media
2396 2073 2616 2143 quidem
2648 2072 2749 2127 fuit
2779 2073 2920 2128 inter
2949 2073 3302 2128 divinitatem
3341 2070 3607 2132 Trinitatis.
3636 2077 3680 2125 et

509 2166 597 2210 tur
627 2158 672 2189 ⁶⁰
696 2173 760 2213 ex
788 2173 922 2214 auro
948 2161 1237 2230 purissimo
1279 2164 1500 2234 factum,
1530 2181 1704 2235 opera:
1725 2168 1954 2237 pretium
1993 2178 2078 2225 est
2176 2160 2529 2234 fragilitatem
2581 2164 2953 2220 humanitatis.
2989 2163 3120 2219 Haec
3156 2180 3285 2232 ergo
3312 2163 3516 2231 intelligi
3545 2169 3679 2229 potest

505 2248 855 2322 investigare.
895 2251 962 2307 Et
1011 2253 1187 2324 primo
1217 2256 1433 2325 quidem
1471 2259 1920 2314 considerandum
1966 2271 2073 2328 est,
2175 2253 2633 2323 propitiatorium,
2678 2254 2978 2309 secundum
3025 2270 3086 2310 ea
3134 2271 3258 2326 qua:
3298 2269 3449 2324 supra
3475 2249 3677 2316 ditium.

502 2341 702 2411 quibus
749 2343 801 2397 in
836 2342 972 2400 locis
1011 2359 1204 2400 aurum
1235 2348 1378 2416 quod
1437 2349 1490 2402 in
1543 2365 1706 2418 opere
1758 2353 2071 2420 assumitur,

2175 2343 2260 2398 cui
2283 2343 2574 2412 superponi
2597 2343 2850 2399 dicuntur
2872 2345 2974 2399 duo
2995 2343 3286 2409 cherubin,
3309 2360 3459 2398 unum
3479 2357 3533 2396 ex
3553 2343 3677 2394 latere

503 2448 697 2488 aurum
722 2449 917 2504 purum
951 2436 1162 2492 dicatur
1191 2456 1204 2493 :
1243 2439 1443 2507 quibus
1476 2455 1606 2495 vero
1634 2441 1685 2494 in
1721 2440 1855 2498 locis
1879 2458 2070 2498 aurum

2175 2435 2280 2490 hoc
2320 2433 2459 2506 (81),
2496 2445 2551 2489 et
2591 2449 2754 2488 ttnum
2797 2450 2862 2490 ex
2893 2434 3061 2489 latere
3108 2435 3288 2516 altero
3314 2434 3378 2488 ⁸³.
3409 2433 3554 2502 Cujus
3580 2444 3677 2498 ergo

499 2527 880 2581 tantummodo
902 2527 1022 2582 sine
1041 2528 1144 2582 ulla
1167 2528 1471 2600 adiectione
1489 2541 1741 2599 ponatur.
1762 2531 1913 2599 Quod
1971 2550 2072 2606 ego
2173 2527 2400 2581 formam
2415 2528 2522 2582 duo
2545 2525 2646 2581 ista
2674 2527 2935 2582 cherubin
2958 2526 3168 2583 habere
3194 2529 3532 2583 existimanda
3552 2519 3678 2578 sunt?

504 2614 556 2668 in
587 2615 833 2685 pluribus
869 2617 1190 2688 observans,
1233 2620 1654 2690 deprehendisse
1697 2625 1828 2680 mihi
1861 2626 2069 2691 videor,
2171 2618 2443 2673 Cherubin
2483 2619 2626 2672 enim
2663 2617 2718 2672 in
2753 2628 2993 2674 nostram
3034 2619 3281 2690 linguam
3327 2619 3676 2688 interpretatum

503 2707 651 2775 quod
682 2707 852 2764 sicubi
881 2723 1001 2763 cum
1035 2710 1344 2781 adjectione
1376 2728 1568 2767 aurum
1610 2729 1804 2784 purum
1837 2716 2067 2781 dicitur,
2169 2710 2550 2780 plenitudinem
2580 2711 2921 2764 scientiarum
2968 2710 3269 2782 signiﬁcat.
3317 2711 3409 2767 Ubi
3445 2722 3558 2777 ergo
3575 2705 3678 2758 dici-

499 2795 709 2852 indicet
729 2809 974 2855 sanctam
1017 2801 1164 2856 illam
1195 2810 1252 2857 et
1274 2818 1466 2873 puram
1491 2801 1618 2861 Jesu
1653 2808 1913 2873 animam,
1947 2823 2068 2876 quae
2169 2817 2290 2857 Inus
2319 2801 2706 2872 plenitudinem
2748 2801 3136 2868 scientiarum,
3178 2802 3279 2858 nisi
3315 2802 3364 2856 in
3405 2815 3465 2854 eo
3501 2800 3558 2852 de
3592 2811 3675 2865 φιυ

505 2904 528 2938 ο
565 2898 845 2956 peccatum
871 2906 980 2946 non
1015 2889 1164 2960 fecit,
1199 2907 1299 2949 nec
1320 2895 1570 2950 inventus
1592 2905 1677 2951 est
1703 2897 1856 2952 dolus
1888 2897 1940 2951 in
1965 2914 2067 2952 ore
2167 2894 2300 2948 dicit
2335 2893 2667 2964 Apostolus:
2701 2910 2720 2945 ι
2760 2892 2816 2947 1η
2861 2908 2970 2964 quo
3001 2903 3133 2949 sunt
3163 2909 3353 2949 omnes
3381 2888 3590 2946 thesauri
3616 2901 3678 2940 sa-

496 2979 615 3048 ejus
641 2982 683 3013 ⁶¹
720 2999 735 3034 :
776 3001 796 3036 ι
828 2992 882 3038 et
916 2983 1018 3052 ipsi
1065 2985 1392 3041 conveniant
1423 3002 1692 3042 mensura:
1725 2989 1844 3043 istae
1887 2990 2061 3062 longi-
2090 3008 2134 3066 ο
2169 2983 2386 3052 pientia:
2407 2983 2717 3038 etscicntiae
2739 2983 3146 3039 absconditi“?
3185 3002 3204 3036 ι
3243 2983 3318 3038 De
3340 2981 3506 3038 Verbo
3529 2981 3676 3048 utique

500 3073 706 3129 tudinis
737 3087 801 3130 ac
850 3075 1154 3132 latitudinis
1211 3077 1574 3148 propitiatorii
1605 3097 1620 3134 :
1651 3083 1898 3148 quamvis
1949 3084 2063 3137 ha‘c

2175 3075 2267 3129 Dei
2293 3075 2409 3130 haec
2439 3075 2568 3128 dicit
2596 3073 2909 3144 Apostolus.
2945 3074 3054 3130 Sed
3095 3085 3158 3129 et
3199 3076 3265 3130 de
3314 3073 3502 3145 Spiritu
3531 3079 3679 3126 sancto

497 3161 789 3233 explanare
819 3165 891 3220 sit
917 3165 1167 3232 arduum,
1219 3175 1275 3222 et
1308 3175 1495 3234 aptare
1535 3169 1730 3223 anima:
1761 3169 1833 3224 illi
1861 3184 2063 3230 sanctae
2169 3165 2367 3220 similia
2403 3165 2594 3236 scribit
2629 3181 2753 3222 cum
2797 3165 2966 3221 dicit:
3009 3183 3031 3217 ι
3059 3164 3234 3222 Nobis
3264 3177 3436 3220 autem
3473 3160 3677 3217 revelarii

498 3251 710 3322 singula
755 3269 982 3324 qumque
1025 3270 1146 3326 quae
1177 3256 1246 3311 de
1293 3258 1674 3327 propitiatorio
1723 3261 2057 3316 referuntur.
2169 3257 2310 3313 Deus
2325 3273 2422 3328 per
2438 3257 2701 3329 Spiritum
2731 3273 2888 3312 suum
2915 3273 2928 3310 :
2957 3257 3199 3328 Spiritus
3219 3259 3359 3313 enim
3383 3255 3544 3311 omnia
3561 3265 3678 3308 scru-

499 3343 682 3400 Primo
713 3362 844 3417 ergo
873 3348 1152 3405 videamus
1181 3351 1324 3419 quod
1343 3352 1494 3418 dicit,
1523 3352 1909 3423 longitudinem
1935 3372 2060 3426 pro-
2169 3363 2336 3417 tatur,
2387 3352 2551 3405 etiam
2592 3351 2698 3404 alta
2741 3350 2837 3405 Dei
2865 3351 2931 3404 ".
2973 3369 2993 3404 ι
3029 3349 3388 3420 Signiﬁcatur
3437 3345 3599 3416 igitur,
3634 3350 3680 3394 ut

495 3438 756 3506 pitiatorii
808 3453 982 3511 neque
1017 3441 1154 3497 duos
1187 3439 1363 3498 solum
1402 3443 1612 3499 cubitos
1644 3445 1916 3515 habuisse,
1965 3449 2055 3518 qui
2165 3455 2269 3512 ego
2301 3441 2559 3506 arbilror.
2587 3441 2639 3495 in
2669 3441 3200 3512 ἰειιιρτορίιίειιοτίο.
3230 3441 3330 3495 hoc
3357 3450 3436 3495 εει
3469 3435 3678 3490 ί¹¹²¹¹ίη³³

495 3546 752 3588 numerus
782 3532 1056 3589 sociandis
1079 3534 1508 3605 generandisque
1533 3538 1710 3607 aptari
1740 3541 2059 3608 corporibus
2161 3532 2313 3599 Jesu,
2337 3533 2572 3589 Verbum
2604 3532 2719 3594 Dei,
2745 3533 2835 3602 qui
2866 3542 2949 3587 est
2967 3533 3285 3603 unigenitus
3313 3531 3492 3594 Filius,
3511 3537 3559 3583 et
3581 3523 3678 3594 Spi-

491 3623 630 3677 solet
667 3641 680 3677 :
711 3638 885 3694 neque
919 3632 1033 3680 tres
1072 3625 1336 3698 integros,
1374 3628 1464 3697 qui
1495 3643 1754 3683 numerus
1792 3632 2060 3686 excedere
2165 3625 2327 3678 ritum
2365 3624 2482 3695 ejus
2527 3633 2774 3680 sanctum
2813 3639 3028 3694 semper
3075 3625 3376 3679 habitare:
3413 3631 3464 3677 et
3497 3622 3582 3675 hoc
3613 3624 3679 3671 εει

492 3712 908 3784 appellationem
957 3724 1228 3771 creaturae
1266 3717 1572 3784 consuevit,
1611 3727 1668 3774 et
1720 3728 1931 3774 natura:
1975 3721 2060 3776 iu-
2161 3715 2307 3786 quoii
2333 3715 2580 3769 indicant
2609 3716 2718 3770 duo
2750 3714 3016 3770 cherubin
3047 3715 3432 3786 propitiatorio
3459 3723 3676 3781 ευροτρο·

488 3819 767 3874 corporea:
792 3807 1286 3863 consecrari.Duos
1307 3823 1439 3880 ergo
1457 3808 1672 3864 cubitos
1697 3818 1750 3864 et
1774 3810 2057 3866 dimidium
2161 3808 2289 3862 sita.
2325 3807 2430 3861 Sed
2461 3817 2518 3861 et
2558 3806 2689 3861 illud
2723 3806 2986 3870 observa,
3031 3809 3184 3876 quod
3224 3824 3328 3862 non
3369 3805 3496 3860 dixit
3524 3820 3537 3858 :
3570 3802 3679 3856 Che-

490 3895 886 3965 longitudinem
915 3897 1048 3954 dicit
1087 3899 1478 3969 propitiaturii,
1506 3910 1564 3956 et
1605 3917 1770 3956 unum
1807 3917 1870 3957 ac
1899 3903 2060 3958 dimi-
2161 3897 2316 3952 rubin
2352 3913 2517 3952 unum
2546 3913 2612 3953 ex
2647 3896 2814 3954 latere
2841 3898 3057 3961 dextro,
3089 3909 3151 3952 et
3181 3896 3444 3953 cherubin
3471 3893 3594 3947 aliud
3623 3902 3676 3943 ex

488 3987 637 4041 dimn
670 3987 1036 4042 latitudinem.
1067 3988 1219 4056 Quod
1253 3991 1516 4046 siaudere
1550 3993 1601 4046 in
1632 3992 1831 4048 talibus
1853 3992 1934 4050 fas
1952 4001 2055 4058 est,

2159 3986 2336 4043 latere
2371 3989 2632 4056 sinistro;
2667 3992 2762 4045 sed
2799 3990 2876 4043 ait
2905 4006 2920 4043 :
2957 4008 2977 4040 ι
3007 3987 3292 4044 Cherubin
3337 4002 3491 4043 unum
3517 3999 3576 4040 ex
3613 3980 3674 4035 la-

489 4078 746 4149 quoniam
783 4077 917 4133 dicit
967 4079 1108 4135 idem
1155 4081 1447 4151 Apostolus
1493 4084 1559 4138 de
1617 4084 1870 4150 Christo,
1912 4086 2056 4154 quod
2161 4088 2276 4135 tere
2325 4080 2456 4141 hoc.
2495 4089 2550 4134 et
2587 4080 2852 4136 cherubin
2904 4081 3049 4134 aliud
3090 4097 3162 4136 ex
3211 4082 3380 4137 latere
3421 4075 3680 4132 alteroztui

493 4189 512 4220 ο
557 4169 650 4225 Dei
679 4178 734 4224 et
771 4169 1055 4224 hominum
1108 4171 1380 4242 mediator
1411 4183 1496 4227 est
1521 4174 1586 4238 ",
1621 4194 1639 4226 ι
1674 4176 1890 4231 videtur
1923 4179 2052 4232 mihi
2155 4171 2472 4228 ostenderet
2503 4173 2560 4226 in
2599 4172 2690 4228 illo
2721 4171 3137 4241 propitiatorio,
3193 4173 3300 4228 hoc
3330 4181 3412 4227 est
3447 4171 3497 4225 in
3532 4164 3676 4222 anima

485 4265 634 4318 inter
674 4263 840 4318 Deum
879 4271 934 4318 et
977 4262 1254 4318 hominem
1296 4265 1474 4318 media
1523 4265 1637 4320 hare
1672 4282 1793 4322 esse
1838 4269 2052 4334 anima,
2156 4264 2381 4333 Christi,
2411 4265 2693 4320 sinistrum
2733 4265 2866 4320 nihil
2903 4264 3090 4320 fuisse.
3122 4264 3463 4319 Suntautem
3491 4268 3540 4316 et
3572 4269 3678 4327 pelta

483 4368 605 4424 qua:
629 4351 854 4408 inferior
900 4351 1117 4423 quidem
1143 4353 1275 4409 sita
1301 4353 1584 4410 Trinitatis
1614 4365 1802 4410 natura
1829 4397 1844 4421 ,
1878 4360 2056 4415 minus
2087 4343 2129 4398 Ῑ)
2165 4366 2294 4410 nata
2333 4359 2440 4412 duo
2489 4358 2602 4410 hinc
2641 4355 2935 4420 cherubin;
2977 4364 3033 4408 et
3077 4369 3186 4408 non
3231 4354 3407 4408 solum
3445 4354 3676 4420 pennata.

483 4445 688 4516 aliquid
712 4445 937 4512 habens,
969 4459 1069 4502 nec
1101 4456 1278 4501 tamen
1311 4461 1432 4501 cum
1462 4447 1584 4502 inde
1611 4448 1752 4502 infra
1787 4449 1878 4516 sit,
1911 4451 2052 4507 duali
2162 4448 2256 4503 sed
2279 4457 2337 4502 et
2359 4447 2470 4500 alus
2491 4463 2617 4502 suas
2638 4447 2950 4518 pandentia.
2991 4445 3048 4500 Si
3081 4445 3208 4514 quis
3238 4455 3534 4500 sanctorum
3557 4450 3673 4492 δυηιο

483 4553 710 4595 numero
725 4539 886 4610 quiin
911 4554 1142 4611 corpore
1163 4538 1353 4608 positis
1378 4537 1670 4610 deputatur
1695 4543 1832 4614 (79),
1852 4542 2055 4616 absque
2159 4554 2303 4592 mum
2336 4536 2497 4608 515
2530 4537 2730 4594 habere
2755 4553 2785 4592 a
2818 4537 2925 4592 Deo
2959 4536 3332 4592 testimonium
3383 4533 3588 4594 meruit,
3615 4527 3678 4582 di-

479 4633 682 4688 eximia
719 4641 774 4688 et
803 4633 1134 4704 praecellenti
1186 4634 1446 4690 virtutum
1487 4651 1711 4692 suarum
1750 4637 2048 4694 eminentia
2155 4641 2300 4686 οιιηη
2334 4643 2417 4685 obl
2445 4631 2588 4700 quod
2621 4627 2765 4686 Deus
2792 4639 2936 4686 esse!
2979 4645 3101 4685 cum
3150 4645 3251 4696 eo.
3299 4631 3435 4685 sicui
3475 4627 3534 4679 de
3573 4619 3675 4675 ³⁸⁵⁸³

481 4724 793 4781 misceatur.
817 4724 931 4780 Hoc
959 4724 1102 4781 enim
1142 4727 1449 4784 ostenditur
1485 4729 1626 4797 quod
1653 4743 1904 4783 mensura
1933 4729 2050 4800 ejus
2153 4723 2302 4780 Nave
2324 4725 2524 4780 dicitur
2552 4725 2598 4758 “
2629 4743 2644 4780 :
2680 4744 2699 4776 ι
2736 4723 2802 4778 Et
2826 4724 2963 4780 Deus
2987 4734 3106 4780 erat
3131 4741 3257 4781 cum
3290 4727 3424 4797 ipso,
3452 4723 3576 4780 sicut
3598 4716 3673 4772 inii

551 4891 598 4924 ⁸⁸
613 4888 782 4945 Exod.
809 4905 940 4954 xxv,
973 4889 1039 4960 i7
1065 4904 1180 4960 seq.
1255 4889 1302 4928 "
1333 4890 1487 4948 Rom.
1524 4907 1609 4956 tu,
1639 4893 1732 4950 εδ.
1809 4895 1854 4927 ⁸⁸
1883 4893 2051 4949 Exod.
2084 4911 2113 4949 κ

2098 4911 2212 4958 lxv,
2243 4892 2326 4948 Π.
2407 4891 2449 4924 ⁶¹
2475 4891 2491 4945 l
2517 4890 2660 4945 Petr.
2689 4904 2752 4954 tt,
2778 4885 2869 4943 εξ.
2945 4885 3034 4942 ⁸³1
3063 4885 3210 4943 Tim.
3249 4902 3311 4952 tt,
3345 4874 3401 4940 5.
3471 4882 3512 4915 ”
3537 4876 3667 4934 Ewo’.

478 4977 606 5028 xxv,
641 4963 728 5027 l8,
758 4961 843 5017 l9.
922 4961 968 4993 “
991 4959 1202 5016 Coloss.
1230 4976 1292 5027 tt,
1317 4963 1371 5017 ὅ.
1446 4962 1531 5016 "l
1559 4962 1688 5023 Cor.
1725 4965 1888 5031 ".10.
1997 4965 2044 4998 “
2067 4963 2230 5020 .losue
2257 4980 2296 5031 t,
2329 4965 2382 5018 5.

548 5125 663 5197 (76)
703 5123 822 5197 Al.,_
848 5141 868 5176 ε
909 5122 1086 5197 Unum
1123 5125 1332 5179 cherub
1357 5139 1426 5197 rex
1456 5123 1628 5197 latere
1649 5125 1776 5197 hoc,
1809 5134 1864 5197 et
1895 5125 2040 5180 aliud
2152 5143 2172 5179 ι
2204 5123 2556 5197 proemium,
2589 5130 2760 5197 sete.

476 5188 683 5251 cherub
709 5210 774 5248 ex
811 5193 982 5248 latere
1011 5196 1184 5251 altero
1206 5194 1600 5266 propitiatorii.
1635 5213 1654 5246 ι
1683 5188 1789 5251 Sed
1808 5196 1922 5250 haec
1947 5199 2039 5250 de-
2202 5188 2328 5266 1βο)
2369 5194 2478 5266 Al_.,
2507 5211 2525 5244 ι
2556 5192 2796 5266 cubitum
2824 5188 3022 5266 habere
3044 5188 3387 5266 aspropbeta,
3421 5189 3661 5266 propterea

475 5276 605 5320 Sunt
632 5268 686 5320 in
717 5266 869 5320 libris
903 5275 1060 5318 antea
1083 5253 1266 5322 editis.
1313 5253 1328 5265 ’
2125 5253 2343 5388 guidem
2373 5253 2487 5333 ιρι.)
2523 5282 2543 5313 ι
2573 5263 2815 5318 cubitum
2850 5265 3066 5326 habere,
3089 5253 3376 5332 prophetia
3408 5259 3599 5336 quidem
3625 5253 3662 5306 il

543 5335 659 5388 (77)
696 5335 864 5388 Alias-
909 5353 928 5386 ι
971 5335 1333 5388 inuotescant.
1366 5353 1386 5387 ι
1421 5333 1582 5388 male.
2165 5347 2196 5386 e
2224 5332 2476 5388 monade.
2506 5347 2571 5387 ac
2598 5334 2856 5388 simulari
2903 5349 3001 5388 sua
3042 5332 3281 5388 statione
3317 5331 3384 5388 lal
3411 5368 3426 5388 .
3462 5351 3478 5380 ι
3508 5339 3659 5388 ειηὲυ·

570 5335 659 5406 77)
696 5335 864 5404 Alias,
909 5353 928 5386 ι
971 5335 1333 5398 inttotescant,
1366 5353 1386 5387 ι
1421 5333 1582 5406 male.
2125 5331 2487 5406 de_monade,_
2506 5347 2571 5387 ac
2598 5334 2856 5406 singulari
2903 5349 3001 5406 sua
3042 5331 3281 5406 statione
3312 5331 3384 5406 [al
3411 5368 3426 5390 ι
3462 5351 3478 5380 ι
3508 5331 3659 5406 sillng

566 5389 658 5475 78)
697 5389 868 5475 Alias:
906 5421 925 5455 ι
958 5419 1125 5473 Opera
1156 5422 1174 5456 ι
1211 5389 1353 5475 pro}
1389 5405 1597 5462 omnia.
1634 5423 1654 5457 ι
2124 5402 2254 5475 laris
2287 5389 2629 5475 vastatione,
2673 5389 2833 5475 ἤιε,
2868 5423 2886 5457 ι
2933 5402 3191 5475 singulari
3233 5389 3361 5475 quid
3399 5389 3662 5460 vastius'i]

544 5472 659 5544 (79)
702 5474 794 5528 Sic
823 5472 1090 5545 Erasmus
1105 5484 1162 5545 et
1209 5474 1618 5539 Genebrardus,
1649 5485 1705 5530 et
1735 5485 1887 5533 recte
1915 5475 2041 5545 qui-
2125 5473 2484 5540 describitur,
2523 5493 2540 5526 ι
2572 5484 2678 5545 etc.
2713 5474 2916 5531 Deinde
2963 5472 3103 5545 mss.
3137 5472 3314 5527 nostri
3357 5483 3532 5526 omnes
3561 5477 3662 5537 per-

478 5542 845 5616 tlcm.'Carteri
879 5548 1008 5616 vero
1030 5544 1159 5616 editi
1181 5554 1238 5598 et
1275 5558 1405 5599 mss.
1439 5546 1614 5616 nostri
1637 5560 1850 5612 omnes,
1888 5565 1908 5600 ι
1933 5542 2037 5614 ’(ιιιὶ
2125 5558 2333 5616 peram.
2353 5544 2692 5616 [corruisse
2731 5565 2748 5596 ι
2781 5562 2881 5616 pro
2914 5565 2933 5597 ε
2965 5542 3225 5616 crevisse.
3261 5562 3279 5592 ι

477 5613 530 5671 in
561 5625 789 5682 corpore
817 5614 1025 5681 positus
1054 5614 1363 5688 deputatur.
1403 5631 1421 5664 ι
1465 5615 1670 5671 Deinde
1709 5631 1808 5671 ms.
1860 5613 1999 5672 unus
2023 5656 2038 5682 ,
2128 5613 2142 5615 θ
2199 5613 2309 5685 (81)
2337 5613 2498 5680 Alias,
2537 5635 2554 5668 ‹
2589 5631 2732 5672 unus
2756 5613 2820 5673 e'x
2850 5615 3164 5678 latere'lioc,
3195 5624 3250 5668 et
3278 5627 3428 5684 unus.
3467 5628 3484 5659 υ
