3974 6206
280 292 386 349 οιθ

1233 284 1592 343 COMMENT.
1627 285 1692 340 ΠΝ
1726 284 1944 342 EPIST.
1983 286 2073 341 Al)
2114 285 2278 340 ltOM.
2317 284 2443 341 LIB.
2474 285 2561 340 Ill.

3418 283 3521 338 950

279 422 405 462 cum
437 402 626 477 Moyse
656 403 861 459 famulo
889 401 1026 472 eius.
1064 419 1085 456 ι
1126 400 1313 459 Sicubi
1372 419 1499 461 vero
1539 403 1860 474 pollicitatio
1887 418 1931 475 Α
1961 412 2044 460 est
2070 420 2085 458 :
2117 403 2211 457 sed
2237 402 2302 457 de
2332 402 2510 456 anima
2541 399 2690 471 ejus,
2718 414 2836 470 quae
2864 399 2989 455 licet
3038 397 3415 469 inseparabilis
3454 401 3524 452 sit

281 499 508 569 majoris
553 512 584 551 a
634 497 746 551 Deo
785 498 1025 552 muneris
1069 497 1258 566 datur,
1304 498 1433 553 dicit
1484 499 1673 553 Deus:
1732 516 1750 549 ι
1790 498 1855 552 Et

280 608 376 646 ero
412 592 464 644 in
500 591 601 657 eis,
635 600 689 645 et
712 589 999 644 ambulabo
1031 591 1172 644 inter
1201 605 1293 645 eos
1321 590 1388 645 ".
1423 608 1457 642 ις
1476 589 1689 645 Nullam
1724 604 1855 645 vero

278 684 423 739 inter
462 682 712 738 homines
753 680 828 735 ita
860 682 1070 735 beatam
1113 690 1166 736 et
1214 682 1286 735 ita
1316 681 1584 737 excelsam
1615 681 1855 749 reperies

280 775 546 833 animam,
575 771 680 825 nisi
714 773 852 826 hanc
879 772 1068 843 solam,
1100 773 1150 825 in
1172 787 1277 842 qua
1305 781 1511 827 tantum
1534 772 1869 836 latitudinis,

284 874 497 919 tantum
536 863 857 933 capacitatis
888 862 1092 917 invenit
1122 861 1356 918 Verbum
1384 863 1511 929 Dei,
1541 873 1594 918 et
1618 862 1856 932 Spiritus

282 965 529 1019 Sanctus,
552 964 610 1009 ut
635 970 743 1009 non
767 954 939 1009 solum
965 955 1229 1019 habitare,
1255 956 1348 1011 sed
1373 965 1427 1010 et
1454 956 1568 1009 alas
1594 956 1851 1023 pandere,

282 1060 337 1103 et
370 1061 507 1101 novo
534 1044 861 1101 sacramenti
930 1046 1035 1099 ritu
1068 1045 1363 1115 aliquando
1412 1047 1576 1100 etiam
1629 1046 1855 1100 volitare

283 1140 522 1192 dicatur.
586 1137 803 1191 Faciem
855 1151 1070 1206 quoque
1116 1145 1308 1192 contra
1344 1150 1404 1193 se
1435 1138 1662 1193 invicem
1694 1155 1855 1209 super

286 1235 430 1287 hanc
460 1234 673 1286 beatam
705 1230 939 1284 animam
970 1231 1231 1285 cherubin
1268 1239 1494 1300 utraque
1540 1233 1739 1286 habere
1774 1233 1857 1285 di-

284 1338 637 1393 eumur,per
668 1323 809 1392 quod
832 1336 1058 1377 concors
1089 1323 1138 1377 ei
1167 1332 1221 1377 et
1237 1338 1505 1378 consonus
1535 1322 1713 1377 aFilio
1739 1323 1851 1389 Dei,

286 1428 347 1470 et
375 1432 402 1466 a
437 1415 642 1483 Spiritu
684 1421 876 1467 sancto
921 1412 1217 1468 divinitatis
1247 1429 1439 1469 sensus
1468 1414 1580 1487 (82)
1618 1415 1857 1469 infundi-

285 1516 397 1562 tur.
447 1505 544 1560 Ubi
584 1513 764 1558 autem
793 1502 1172 1572 superponitur
1196 1504 1308 1556 inec
1336 1502 1514 1556 anima
1536 1503 1641 1557 Deo
1677 1502 1853 1572 plena,

289 1598 348 1651 in
400 1611 502 1662 qua
534 1593 863 1663 complacuit
904 1592 1152 1647 habitare
1197 1607 1413 1646 clunem
1465 1593 1854 1662 plenitudinem

288 1687 516 1742 Deitatis
530 1686 619 1739 "'I
650 1704 670 1737 ι
695 1685 870 1754 Super
911 1698 1115 1750 arcam,
1152 1685 1361 1752 inquit,
1405 1685 1713 1739 testamenti
1734 1685 1800 1741 “.
1828 1703 1849 1737 ι

1959 509 1988 549 a
2021 493 2197 548 Verbo
2231 494 2346 561 Dei,
2388 501 2567 547 creata
2604 502 2782 546 tamen
2807 501 2913 554 est,
2936 498 2989 544 et
3023 490 3296 560 Unigeniti
3324 490 3525 549 deitate

1959 586 2293 658 pnsterior‘:
2362 601 2461 640 nec
2511 586 2955 640 inconvenienter
3012 583 3282 638 videbitur
3342 583 3408 636 de
3461 598 3522 634 ea

1959 679 2186 743 dictmn,
2216 678 2360 747 quod
2394 687 2685 746 antequam
2715 686 2865 730 esset
2897 675 3173 744 proposita
3195 685 3281 728 est
3309 684 3363 727 et
3390 692 3525 745 pra--

1958 771 2206 824 ordinata
2237 777 2295 823 ut
2319 778 2462 823 esset
2487 766 2943 837 propitiatorium.
2977 766 3111 833 Quia
3142 780 3292 835 ergo,
3334 780 3527 819 secun-

1959 864 2086 917 dum
2138 876 2201 915 ea
2257 875 2376 929 qua:
2413 875 2575 930 supra
2604 858 2983 929 exposuimus,
3025 856 3207 913 Iesum
3249 856 3524 910 Christum

1966 969 1985 1003 ι
2032 952 2311 1022 proposuit
2346 952 2483 1005 Deus
2515 948 2950 1019 propitiatorium
2982 964 3076 1017 per
3109 949 3264 1002 fidem
3299 949 3349 1000 in
3401 963 3529 1000 san-

1959 1042 2119 1111 gnine
2150 1040 2267 1108 ejus
2293 1041 2359 1104 ης
2406 1060 2425 1093 ι
2464 1040 2830 1095 necessarium
2879 1039 3088 1094 videtur
3135 1039 3414 1108 requirere
3461 1038 3529 1089 de

1960 1131 2165 1185 divinis
2213 1131 2420 1200 legibus
2468 1145 2589 1200 qnte
2644 1130 2716 1185 sit
2772 1129 3082 1199 propitiatio
3113 1144 3231 1199 qua:
3276 1143 3371 1197 per
3405 1143 3530 1181 sana

1961 1223 2176 1291 guinem
2210 1221 2334 1289 fiat,
2368 1233 2426 1276 ut
2454 1237 2521 1277 ex
2558 1223 2644 1276 his
2672 1222 2925 1292 colligere
2967 1221 3232 1290 possimus
3259 1220 3530 1289 quomodo

1961 1311 2122 1365 etiam
2170 1326 2264 1381 per
2326 1312 2640 1382 sanguinem
2697 1311 2823 1366 Jesu
2875 1311 3187 1382 propitiatio
3234 1309 3372 1364 facta
3434 1309 3524 1363 sit.

1962 1399 2235 1469 Scriptum
2267 1411 2353 1455 est
2383 1402 2435 1455 in
2470 1400 2717 1455 Levitico
2761 1412 2878 1468 post
2919 1399 3187 1468 pontiﬁcis
3240 1399 3474 1453 li05tiam
3511 1412 3528 1451 :

1968 1510 1986 1544 ι
2024 1489 2177 1556 Quod
2208 1492 2250 1545 si
2278 1493 2454 1547 onmis
2482 1492 2762 1562 Synagoga
2796 1492 2956 1546 Israel
2992 1490 3354 1559 ignoraverit,
3380 1500 3429 1542 et
3462 1490 3535 1542 Ia-

1965 1585 2128 1638 tuerit
2151 1599 2328 1639 sermo
2350 1586 2415 1640 ab
2439 1586 2613 1640 oculis
2637 1586 2779 1655 ejus,
2806 1599 2857 1640 et
2883 1585 3072 1639 fecerit
3102 1600 3265 1638 unum
3290 1587 3356 1638 de
3380 1600 3532 1638 man-

1963 1675 2106 1730 datis
2138 1676 2347 1730 Domini
2379 1678 2522 1745 quod
2558 1693 2663 1731 non
2702 1677 2823 1742 lict,
2855 1686 2910 1731 et
2939 1676 3260 1746 deliquerit,
3294 1686 3348 1729 et
3377 1677 3532 1730 inno-

286 1777 476 1834 Potest
534 1793 657 1832 arca
710 1777 1021 1831 testamenti
1068 1786 1254 1831 sancta
1307 1776 1423 1845 ejus
1471 1791 1637 1840 caro,
1669 1777 1722 1830 in
1750 1792 1855 1845 qua

1964 1765 2230 1819 tuerit'eis
2259 1776 2536 1834 peccatum
2566 1769 2708 1834 quod
2740 1774 3135 1834 peccaverunt,
3172 1766 3402 1820 adducet
3435 1765 3532 1834 Sy-

287 1872 446 1926 beata
497 1872 608 1924 Iure
657 1871 837 1922 anima
880 1867 1211 1929 collocatur.
1242 1868 1495 1937 intelligi.
1533 1867 1742 1922 habens
1797 1868 1852 1921 in

277 1975 341 2014 se
374 1962 677 2015 testimonia
710 1960 825 2025 Dei,
855 1976 974 2031 quas
1019 1961 1391 2035 intelliguntur
1411 1963 1614 2020 Christi
1643 1980 1779 2035 quas
1805 1966 1863 2020 in

277 2068 449 2107 carne
479 2055 697 2123 pertulit
729 2056 1011 2124 passiones
1044 2057 1238 2112 divinis
1272 2056 1398 2112 olim
1431 2058 1702 2127 prtedictte
1747 2057 1860 2130 (85)

279 2144 633 2198 testimoniis.
664 2144 899 2200 Possunt
936 2146 1099 2201 etiam
1142 2148 1371 2203 virtutes
1412 2149 1663 2205 caelestes
1701 2149 1866 2205 intel-

284 2225 383 2294 ligi
423 2241 548 2279 arca
586 2224 720 2291 Dei,
756 2240 876 2293 quae
927 2235 983 2279 et
1031 2226 1160 2295 ipsa:
1201 2239 1432 2293 capaces
1464 2223 1679 2293 quidem
1729 2233 1856 2280 sunt

285 2316 453 2372 Verbi
487 2317 600 2377 Dei.
629 2327 682 2371 et
718 2316 954 2385 Spiritus
999 2316 1204 2379 sancti,
1253 2316 1346 2371 sed
1393 2318 1728 2386 praponitur
1776 2317 1859 2373 eis

288 2410 475 2463 anima
515 2407 675 2474 Jcsu,
718 2419 771 2463 et
821 2410 932 2479 ipsa
963 2409 1357 2479 quodammodo
1384 2410 1700 2464 mediatrice
1730 2424 1857 2480 gra-

286 2504 423 2555 tiam
448 2502 641 2555 divina:
678 2501 980 2571 largitionis
1010 2500 1302 2568 accipiunt.
1353 2499 1482 2554 Post
1522 2501 1638 2555 haec
1675 2517 1689 2554 :
1727 2519 1747 2553 ι
1790 2500 1857 2555 Et

282 2587 622 2642 innotescat!)
682 2589 811 2652 tibi,
861 2588 1070 2656 inquit,
1123 2588 1282 2652 inde,
1342 2596 1397 2642 et
1444 2589 1635 2658 loquar
1685 2590 1752 2645 ad
1805 2600 1857 2646 te

286 2678 527 2747 desuper
575 2678 950 2747 propitiatorio
976 2679 1046 2731 ⁷⁸.
1088 2697 1107 2730 ι
1157 2677 1272 2733 Non
1320 2680 1490 2735 solum
1523 2681 1728 2754 Moysi,
1760 2685 1857 2740 sed

282 2778 343 2821 et
378 2770 670 2837 unicuique
710 2779 1025 2824 sanctorum
1076 2771 1167 2840 qui
1199 2769 1431 2827 famulus
1459 2774 1549 2829 Dei
1597 2785 1714 2841 est,
1750 2791 1855 2831 non

281 2858 507 2915 aliunde
533 2862 821 2916 innotescit
871 2864 1047 2928 Deus,
1105 2878 1203 2920 nec
1240 2865 1456 2919 aliunde
1484 2867 1855 2935 cognoscitur,

286 2952 392 3005 nisi
432 2952 494 3004 de
526 2952 896 3019 prepitiatorio
944 2952 1044 3013 istp
1090 2956 1235 3022 quod
1276 2970 1440 3024 supra
1481 2956 1855 3025 exposuimus,

282 3050 341 3096 et
368 3040 439 3094 de
481 3042 658 3094 medio
698 3042 982 3096 cherubin.
1032 3042 1142 3097 Hoc
1187 3052 1242 3098 et
1283 3044 1537 3100 llabacuc
1596 3047 1854 3115 prOpbeta

283 3132 560 3201 signiﬁcat
593 3133 681 3187 ubi
717 3133 845 3187 dicit
877 3149 892 3185 :
932 3152 950 3184 ι
980 3133 1036 3187 In
1074 3134 1251 3189 medio
1288 3135 1514 3189 duorum
1545 3137 1855 3190 animalium
1883 3130 1926 3188 C

282 3224 638 3292 cegnosceris
661 3242 674 3277 :
705 3224 828 3277 dum
854 3225 1400 3296 appropinquaxerint
1422 3227 1547 3280 anni
1566 3242 1859 3298 cognosce-

287 3317 401 3380 ris,
450 3327 504 3370 et
544 3333 665 3371 cum
707 3316 941 3370 adfuerit
983 3327 1193 3391 tempus
1241 3320 1541 3374 ostenderis
1567 3321 1636 3374 τί.
1688 3319 1858 3375 Nemo

281 3406 435 3460 enim
487 3407 589 3460 scit
624 3406 834 3459 Patrem
879 3406 981 3459 nisi
1028 3408 1231 3471 Filius,
1258 3417 1325 3462 et:
1357 3408 1441 3462 cui
1488 3408 1720 3463 voluerit
1763 3410 1857 3464 Fi-

280 3497 394 3553 lius
426 3498 665 3551 revelare
688 3498 756 3550 7’.
794 3515 812 3547 ι
852 3496 957 3550 Sed
987 3506 1038 3550 et
1066 3497 1266 3553 Paulus
1296 3500 1447 3563 dicit,
1484 3501 1609 3570 quia
1643 3519 1662 3553 ι
1703 3504 1856 3558 uultis

280 3589 550 3645 revelavit
586 3590 725 3644 Deus
771 3605 867 3660 per
903 3590 1167 3659 Spiritum
1211 3607 1367 3647 suum
1392 3594 1458 3648 ⁷³.
1510 3613 1528 3646 ι
1566 3593 1856 3665 Pr0pterea

281 3699 416 3755 ergo
439 3683 571 3737 dicit
602 3684 745 3751 quod
780 3700 797 3733 ι
833 3684 1167 3739 innotescam
1217 3685 1313 3740 tibi
1352 3686 1508 3747 inde.
1555 3697 1609 3741 et
1663 3687 1857 3757 loquar

283 3779 384 3833 tibi
436 3778 662 3846 desuper
688 3777 1060 3846 propitiatorio
1105 3779 1245 3832 inter
1281 3779 1389 3834 duo
1433 3780 1695 3834 cherubin
1738 3796 1856 3851 qua:

281 3876 416 3923 sunt
447 3882 609 3935 super
634 3882 820 3922 arcam
847 3869 1155 3923 testamenti
1180 3871 1245 3927 ".
1284 3888 1303 3922 ι
1337 3869 1473 3924 Ρυιο
1505 3880 1684 3926 autem
1712 3871 1856 3941 quod

279 3972 393 4011 non
435 3957 737 4026 importune
763 3971 825 4011 ea
854 3972 976 4026 quae
1008 3958 1075 4012 de
1118 3958 1300 4013 Exodo
1338 3960 1731 4029 assumpsimus
1758 3976 1855 4013 ex-

280 4044 506 4114 planata
536 4047 667 4113 sint,
696 4053 754 4099 ut
773 4046 995 4100 evidens
1025 4044 1178 4102 fieret
1201 4062 1395 4103 sensus
1419 4053 1689 4119 quomodo
1713 4050 1854 4119 Apo-

282 4136 457 4192 stolus
478 4136 529 4189 in
551 4136 800 4204 praesenti
820 4134 939 4191 loco
961 4137 1321 4205 prepitiatorii
1337 4152 1527 4192 nomen
1548 4153 1855 4208 assumpse-

281 4229 357 4283 rit
376 4243 500 4282 cum
522 4227 691 4282 dicit:
724 4243 742 4277 ι
770 4225 937 4293 Quem
964 4228 1238 4297 proposuit
1256 4227 1395 4284 Deus
1420 4228 1853 4297 propitiatorium

282 4340 380 4393 per
407 4324 590 4380 fidem.
618 4345 638 4378 ι
679 4324 784 4381 Sed
810 4337 863 4381 et
888 4327 988 4382 huc
1011 4327 1185 4397 ipsum
1210 4327 1355 4397 quod
1385 4327 1522 4381 dixit
1549 4366 1567 4391 ,
1605 4344 1624 4377 ι
1657 4342 1853 4397 propo-

280 4418 429 4481 suit,
467 4436 488 4469 ι
526 4419 695 4487 magis
746 4418 815 4473 de
867 4419 1045 4472 anima
1107 4418 1273 4486 ἰθέα,
1325 4434 1487 4489 quam
1542 4420 1610 4474 de
1651 4419 1852 4474 deitate

280 4507 402 4574 ejus
438 4507 644 4563 dictum
685 4510 916 4563 sentitur
945 4509 1080 4581 (8t).
1135 4527 1154 4560 ι
1192 4510 1482 4579 Proposuit
1526 4527 1545 4562 ι
1579 4509 1723 4563 enim
1759 4510 1847 4562 in-

285 4598 542 4668 telligitur
578 4601 728 4667 quasi
778 4601 930 4671 prius
964 4603 1185 4671 posuit,
1242 4604 1342 4657 hoc
1382 4610 1467 4656 est
1538 4600 1849 4671 priusquam

281 4698 450 4742 esset.
492 4687 645 4754 Quod
690 4691 834 4745 enim
864 4702 947 4746 est
980 4692 1240 4761 ponitur,
1289 4693 1428 4761 quod
1474 4695 1711 4746 nondum
1769 4702 1853 4747 est

285 4781 627 4849 proponitur.
668 4779 784 4836 Non
834 4796 965 4852 ergo
1012 4782 1266 4837 convenit
1301 4781 1368 4837 de
1399 4797 1464 4837 eo
1510 4782 1599 4851 qui
1639 4796 1853 4852 semper

282 4880 439 4938 erat,
471 4871 523 4926 id
574 4881 658 4927 est
704 4874 771 4928 de
814 4871 989 4929 Verbo
1025 4873 1163 4940 Dei,
1216 4874 1321 4928 dici
1371 4874 1495 4944 quia
1541 4875 1852 4945 propositus

346 5010 391 5042 "
415 5009 589 5065 Levii.
621 5027 774 5077 xxvr,
800 5014 888 5069 i2.
964 5013 1237 5069 “Cniess.
1281 5028 1321 5077 ιν,
1358 5012 1449 5067 t9.
1525 5014 1570 5046 "
1606 5014 1774 5068 Exod.
1818 5032 1946 5082 xxv,
1978 5017 2070 5072 2t.

346 5080 370 5133 '.
446 5080 491 5111 ⁷³
523 5082 692 5136 lCor.
728 5099 787 5141 ιι.
821 5084 907 5139 10.
987 5084 1035 5115 ⁷⁵
1071 5085 1236 5139 Exod.
1266 5099 1394 5141 xxv.
1425 5082 1513 5137 2‘2.
1615 5085 1659 5115 ⁷³
1696 5084 1853 5140 Rom.
1894 5104 1975 5141 ιιι.
2002 5087 2073 5141 25

1744 5101 1853 5140 om.
1894 5104 1975 5149 Ill.
2002 5101 2092 5144 25.

276 5079 370 5133 2'7.
446 5080 491 5111 ⁷³
523 5082 692 5136 tCor.
728 5099 787 5145 ιι.
821 5084 907 5139 10.
987 5084 1035 5115 ⁷⁵
1071 5085 1236 5139 Exod.
1266 5099 1394 5147 xxv,
1425 5082 1513 5137 22.

1962 1872 2170 1928 nagoga
2212 1859 2439 1914 vitulum
2495 1874 2571 1914 ex.
2609 1860 2782 1915 bobus
2828 1860 2941 1931 (85)
2989 1874 3085 1928 pro
3123 1871 3389 1928 peccato;
3425 1877 3443 1910 ι
3478 1868 3534 1912 et

1962 1959 2085 2018 post
2118 1964 2287 2019 pauca
2324 1969 2337 2006 :
2371 1969 2407 2002 ι.
2431 1952 2499 2006 Et
2531 1952 2727 2007 inferet
2773 1954 3031 2009 sacerdos
3057 1954 3149 2023 qui
3194 1964 3390 2008 unctus
3427 1963 3530 2018 est,

1962 2055 2033 2096 ex
2058 2044 2320 2113 sanguine
2365 2044 2514 2098 vituli
2572 2047 2626 2101 in
2674 2046 3075 2102 tabernaculum
3132 2046 3466 2107 testimonii;
3508 2064 3525 2095 ι

1962 2141 2017 2187 et
2068 2142 2203 2202 post.
2242 2150 2411 2203 pauca
2460 2136 2702 2191 iterum:
2744 2136 2867 2191 «Et
2919 2137 3112 2201 faciet,
3170 2136 3378 2206 inquit,
3456 2137 3534 2190 vi-

1965 2225 2169 2291 tutum,
2200 2230 2653 2296 quemadmodum
2712 2230 2842 2287 fecit
2886 2231 3112 2286 vitulum
3152 2246 3250 2299 pro
3280 2241 3541 2301 peccato,.

1963 2325 2016 2369 et
2036 2318 2410 2387 repropitiabit
2429 2337 2525 2391 pro
2542 2323 2625 2377 his
2642 2322 2917 2387 sacerdos,
2932 2333 2985 2377 et
3005 2324 3312 2378 remittetur
3328 2323 3409 2378 eis
3425 2324 3494 2378 ".
3508 2341 3551 2374 ι..

1966 2403 2071 2461 Per
2117 2410 2441 2478 sanguinem
2488 2426 2617 2481 ergo
2651 2413 2764 2486 (86)
2794 2415 3125 2483 repropitiat-
3156 2416 3408 2469 sacerdos
3434 2430 3534 2483 pro
3548 2444 3555 2451 π

1962 2498 2107 2550 omni
2137 2498 2424 2571 Synagoga
2453 2512 2512 2555 ut
2542 2505 2852 2559 remittatur
2877 2505 2977 2560 eis.
3004 2505 3361 2574 Bequiramus
3388 2518 3533 2562 nunc

1963 2587 2173 2658 singula
2213 2606 2443 2661 quaeque
2468 2595 2687 2649 nomina
2729 2610 2851 2665 quas
2898 2596 2964 2651 de
3005 2596 3291 2651 Salvatore
3327 2594 3545 2664 scripta

1964 2692 2133 2749 sunt,
2167 2695 2222 2739 et
2250 2686 2304 2739 in
2334 2686 2560 2755 singulis
2592 2688 3043 2758 appellationibus
3091 2702 3210 2756 quae
3257 2687 3389 2741 sint;
3413 2703 3533 2756 qua:

1963 2772 2309 2841 designentur
2334 2776 2643 2847 diligentius
2672 2777 3119 2847 contemplemur.
3151 2777 3397 2831 Invenies
3428 2778 3533 2848 igi-

1963 2869 2089 2929 tur,
2128 2867 2382 2933 quoniam
2430 2872 2649 2939 quidem
2696 2871 2747 2924 in
2797 2870 2909 2938 ipso
2940 2868 3529 2937 eutnplacuithabitare

1962 2968 2184 3009 omnem
2207 2957 2596 3025 plenitudinem
2648 2962 2946 3016 divinitatis
2973 2960 3354 3029 corporaliter,
3410 2975 3533 3014 esse

1966 3046 2140 3117 ipsum
2177 3054 2728 3128 etprupitialorium,
2760 3066 2814 3109 et
2843 3052 3181 3124 pontiﬁcem,
3213 3063 3266 3104 et
3296 3054 3530 3106 hostiam

1960 3166 2079 3220 qua:
2104 3146 2329 3203 olIertur
2355 3162 2451 3218 pro
2478 3147 2673 3218 populo
2705 3148 2773 3200 ".
2809 3148 2873 3202 Et
2907 3150 3123 3218 quidem
3160 3145 3529 3216 de«-propitia-

1962 3244 2102 3298 torio
2127 3243 2239 3312 jam
2274 3242 2515 3297 satis-est
2548 3242 2778 3299 dictum.
2821 3242 2927 3296 Sed
2962 3254 3015 3297 et
3044 3242 3110 3296 de
3134 3240 3387 3311 pontiﬁce
3416 3240 3532 3291 evi-

1958 3339 2149 3391 denter
2177 3336 2342 3390 David
2377 3335 2428 3389 in
2457 3333 2671 3389 Psaltno
2702 3335 2769 3399 ⁷³,
2821 3345 2875 3390 et
2923 3334 3203 3405 apostolus
3238 3333 3435 3388 Paulus
3463 3333 3527 3385 all

1961 3427 2219 3482 Hebraeos
2246 3427 2293 3459 ⁷³
2323 3425 2533 3480 scribit.
2573 3424 2725 3491 Quod
2756 3434 2936 3480 autem
2964 3426 3031 3480 sit
3059 3437 3113 3479 et
3138 3424 3339 3489 hostia,
3366 3433 3552 3479 testa-‘-

1959 3528 2050 3574 tur
2072 3517 2331 3583 Joannes,
2368 3518 2592 3571 dicens:
2629 3532 2647 3566 ι
2684 3514 2784 3569 Hic
2813 3526 2895 3569 est
2926 3516 3107 3585 Agnus
3130 3515 3219 3567 Dei
3262 3516 3351 3582 qui
3388 3513 3530 3566 tollit

1959 3619 2182 3680 peccata
2213 3609 2395 3663 tnundi
2426 3607 2493 3660 ⁸ο.
2547 3625 2565 3658 ι
2602 3604 2912 3660 Secundum
2951 3606 3209 3675 boeergo
3249 3606 3390 3673 quod
3431 3604 3529 3658 ho-

1958 3701 2059 3755 stia
2088 3708 2195 3762 est,
2224 3696 2538 3765 prolusione
2566 3695 2844 3763 sanguinis
2858 3694 2943 3749 sui
2960 3693 3270 3763 propitiatio
3296 3690 3541 3746 efﬁcitur

1958 3790 2011 3843 in
2042 3804 2107 3843 eo
2154 3787 2297 3856 quod
2338 3786 2430 3840 dat
2462 3784 2835 3840 remissionem
2858 3783 3274 3854 przecedentium
3300 3782 3526 3837 delicto-

1958 3893 2123 3933 rum:
2181 3891 2302 3947 quae
2351 3884 2528 3930 tamen
2583 3873 2895 3944 prepitiatio
2954 3874 3043 3928 ad.
3084 3887 3523 3943 unumquemque

1957 3972 2290 4025 credentium
2327 3984 2422 4036 per
2474 3968 2612 4020 viam
2650 3967 2772 4020 fidei
2816 3968 2980 4019 venit.
3023 3966 3135 4020 Nisi
3184 3971 3326 4021 enittt
3366 3969 3525 4020 daret

1958 4061 2337 4117 remissionem
2374 4058 2797 4127 praecedentium
2825 4058 3142 4112 delictorum
3158 4061 3525 4127 ,,propitiatio

1956 4169 2062 4208 non
2098 4152 2422 4221 probaretur
2460 4151 2670 4205 elfecta.
2697 4150 2830 4205 Cum
2869 4165 2998 4205 vero
3045 4161 3389 4220 peccatorum
3436 4167 3525 4204 re-

1957 4245 2143 4300 missio
2173 4245 2481 4309 tribuatur,
2517 4254 2724 4297 certum
2778 4252 2862 4298 est
2895 4244 3333 4312 proliitiationem
3389 4241 3538 4297 ιεΠιιφ-

1953 4338 2107 4393 sione
2134 4336 2276 4392 sacri
2301 4336 2582 4407 sanguinis
2611 4336 2952 4405 adimpletam
2984 4337 3027 4368 ⁸⁸
3064 4351 3077 4387 :
3114 4353 3135 4387 ι
3159 4336 3377 4403 Absque
3398 4350 3540 4388 san-~
3598 4394 3601 4399 _

1882 4471 1926 4526 υ
1956 4427 2135 4497 guinis
2166 4445 2185 4479 ι
2216 4427 2360 4480 enim
2395 4424 2743 4491 «effusione,
2805 4445 2824 4478 ι
2859 4426 3017 4481 sicut:
3039 4424 3328 4494 Apostolus
3368 4424 3520 4490 dicit,

1960 4537 1979 4571 ι
2021 4534 2123 4574 non
2150 4518 2208 4572 iit
2248 4519 2494 4572 remissio
2526 4537 2550 4570 ι
2586 4527 2956 4587 peccatorum.
2988 4515 3187 4571 Verum
3221 4530 3288 4570 ne
3316 4515 3518 4570 Paulus

1955 4611 2049 4665 tibi
2079 4614 2226 4665 solus
2280 4610 2691 4680 prwsumpsisse
2740 4609 2851 4680 (87)
2903 4607 3066 4679 516
3117 4608 3535 4678 propitiationis.

1954 4718 2150 4758 nomen
2186 4704 2435 4756 videatur
2467 4702 2519 4755 in
2545 4700 2786 4768 Christo,
2812 4702 2937 4755 audi
2963 4700 3236 4770 quomodo
3272 4710 3326 4756 et
3355 4700 3519 4755 Joan‘

1953 4807 2051 4849 nes
2074 4807 2309 4848 consone
2337 4790 2449 4863 (88)
2484 4793 2548 4847 de
2578 4793 2680 4847 hoc
2710 4807 2872 4848 sensu
2911 4791 3166 4863 loquatur
3198 4807 3319 4847 cum
3355 4793 3519 4845 dicit:

1958 4904 1983 4939 ι
2021 4886 2197 4942 Filioli
2235 4886 2376 4951 mei,
2426 4885 2539 4939 btec
2567 4886 2747 4941 scribo
2774 4884 2959 4953 vobis,
2997 4894 3054 4939 ut
3103 4901 3207 4940 non
3262 4886 3519 4955 peccetis.

2144 5016 2357 5069 "una.
2396 5015 2492 5069 se.
2564 5014 2609 5046 τι
2654 5013 2853 5069 Hahae.
2885 5030 2965 5079 ιιι,
3000 5013 3055 5068 a.
3130 5014 3175 5048 τ’
3212 5012 3399 5071 Mauh-
3444 5028 3519 5072 »ειν

2224 5087 2271 5117 ⁷⁸
2304 5086 2471 5142 Levit.
2512 5100 2587 5148 tv,
2619 5085 2706 5149 15,
2751 5086 2839 5146 lt.
2881 5087 2968 5153 16,
2999 5085 3091 5140 20.
3236 5085 3278 5115 ⁷⁷
3310 5085 3519 5138 (λυιυδδ.

279 5166 322 5216 ι,
368 5151 464 5217 t9;
509 5167 571 5217 ιι,
601 5151 654 5209 9.
729 5152 774 5184 ⁷⁸
812 5154 954 5210 Psal.
984 5169 1092 5223 crx,
1120 5155 1175 5208 4.
1250 5156 1295 5188 ⁷³
1328 5154 1489 5208 ilebr.
1530 5168 1564 5207 ιι
1604 5163 1660 5208 et
1697 5170 1810 5225 seq.

1971 5158 2127 5214 Joan.
2157 5173 2195 5223 ι,
2236 5156 2324 5211 29.
2400 5157 2441 5188 ⁸¹
2484 5155 2645 5211 Hebr.
2689 5170 2767 5221 Ix,
2799 5155 2891 5213 22.

356 5268 471 5341 (ΒΞ)
511 5269 688 5341 Alias,
725 5289 744 5321 ι
783 5286 1001 5339 pensus,
1046 5289 1063 5323 ι
1101 5272 1261 5326 male.

351 5341 466 5409 (83)
505 5340 615 5404 AL,
644 5358 663 5391 ι
700 5343 1010 5408 ρνίειιίειιιει,
1047 5361 1066 5393 ι
1101 5341 1332 5409 Deinde,
1369 5362 1387 5393 ι
1416 5343 1649 5397 Possunt
1680 5342 1849 5399 etiam

282 5409 511 5463 virtutes
543 5412 811 5474 cmlestes,
846 5429 864 5462 ι
902 5421 1008 5465 etc.
1043 5412 1278 5465 Sanctus
1308 5414 1556 5475 Basilius.
1594 5414 1687 5467 lib.
1719 5431 1738 5465 ι
1770 5412 1847 5469 De

284 5478 483 5549 Spiritu
515 5490 726 5543 sancto,
758 5499 776 5531 ι
815 5495 936 5549 cap.
969 5482 1062 5544 29,
1096 5482 1268 5535 locum
1301 5483 1443 5537 hunc
1478 5484 1557 5536 sic
1602 5498 1841 5538 comme-

283 5550 564 5629 tnora_t:Ai
584 5550 726 5629 tepet
749 5550 1003 5621 δυνάμεις
1030 5552 1332 5673 χωρνὸτικαὶ
1359 5551 1455 5605 τοῦ
1483 5552 1839 5621 Μονογενοῦς,

283 5619 370 5672 καὶ
392 5635 492 5673 της
518 5636 613 5672 του
643 5620 796 5673 ἁγίου
826 5620 1140 5673 Πνεύιιατος
1196 5622 1434 5673 adea-rec.
1472 5641 1489 5672 t
1523 5625 1706 5673 Sacrae
1735 5624 1839 5673 vir-

281 5619 370 5672 καὶ
392 5618 492 5688 τῆς
518 5619 613 5672 τοῦ
640 5618 796 5687 avios
826 5618 1140 5693 egestum;
1163 5618 1434 5693 θεότητος.
1472 5641 1493 5693 ε
1523 5618 1706 5693 Sacrae
1735 5624 1844 5675 vir—

284 5696 419 5744 tutcs
447 5705 675 5760 capaces
706 5701 827 5745 sunt
859 5690 1152 5761 Unigeniti,
1183 5701 1236 5748 et
1264 5690 1438 5747 sancti
1463 5691 1701 5758 Spiritus
1729 5692 1841 5748 dei-

1963 5275 2114 5329 tatis.
2164 5293 2183 5327 ι

2049 5345 2142 5414 δι)
2176 5345 2349 5408 Alias,
2396 5362 2415 5395 ι
2450 5344 2732 5397 sentietur.
2781 5361 2800 5395 ι

2049 5411 2139 5485 85)
2177 5415 2411 5485 Alias”
2444 5414 2682 5485 duobus,
2718 5432 2737 5465 ι
2775 5411 2932 5485 Ittale.

2045 5478 2134 5555 8b)
2176 5483 2337 5553 Ergo.
2370 5483 2531 5543 Editi,
2568 5500 2587 5533 ι
2630 5497 2776 5555 vero.
2812 5478 2830 5532 ἰ

2046 5554 2136 5621 87)
2174 5556 2345 5618 Alias,
2387 5571 2405 5604 ι
2451 5554 2880 5621 proposuisse.)

2020 5620 2132 5696 (88)
2172 5624 2357 5688 Alias,
2391 5641 2408 5674 t
2444 5637 2707 5689 consona,
2744 5640 2764 5676 ι
2801 5620 2898 5697 aL,
2938 5639 2955 5673 ι
2987 5636 3245 5677 consono.
3286 5636 3317 5672 ι.
