3974 6206
357 264 458 320 951

1845 255 2164 316 ΟΒΙΟΕΜΞ

3521 252 3633 307 95'!

362 384 468 438 Sed
497 389 551 436 et
580 379 622 435 si
656 379 779 450 quis
814 376 1140 449 peccaverit,
1163 376 1483 431 advocatum
1513 375 1771 430 habemus
1796 380 1938 447 apud
1967 379 2014 435 Δ
2037 376 2302 446 judicium
2352 383 2654 439 statuerat,
2703 387 2944 444 praesens
2991 371 3380 427 sustentationi
3427 380 3484 426 et
3533 386 3634 440 pa-

361 474 602 539 l’atrem,
631 469 812 526 Jesum
847 466 1345 536 Christumiustmn
1383 486 1396 522 :
1430 477 1483 521 et
1531 469 1646 536 ipse
1692 478 1773 521 est
1810 483 1936 537 pro-

362 567 574 636 pitiatio
610 579 710 634 pro
742 562 980 632 peccatis
1005 560 1204 616 nostris
1237 579 1250 626 ;
1293 578 1399 615 non
1431 560 1602 616 solum
1627 571 1806 616 autem
1840 577 1938 631 pro

361 657 565 712 nostris
594 700 608 724 ,
646 657 739 710 sed
777 665 826 710 et
855 671 952 726 pro
994 654 1230 710 universi
1265 655 1448 709 mundi
1478 655 1544 712 ".
1580 675 1600 708 ι
1634 655 1748 711 Uno
1776 655 1938 724 igitur

358 751 660 818 eodemque
679 762 842 803 sensu
864 745 1088 817 apostoli
1116 747 1637 816 «propitiatoriumg
1665 746 1746 802 vel
1769 765 1788 798 ι
1815 763 1964 816 pro»

357 841 722 910 pitiationem,
758 857 778 892 ι
811 839 921 905 vel,
949 849 1008 894 ut
1043 840 1096 895 in
1129 839 1346 896 Latinis
1376 839 1656 895 codicibus
1683 839 1939 918 frequen-

357 933 466 987 tius
493 932 785 998 invenitur,
807 951 826 984 ι
850 930 1270 1001 Propitiatorem
1295 951 1315 986 ι
1345 931 1936 986 nominantChristum.

359 1023 468 1078 Sed
524 1023 655 1078 nihil
697 1023 927 1078 interest
952 1023 1068 1078 sive
1114 1041 1132 1075 ι
1170 1023 1524 1095 propitiator,
1563 1042 1582 1074 ι
1617 1024 1730 1078 sive
1763 1041 1781 1074 ι
1813 1037 1938 1092 pro-

359 1115 715 1184 pitiatorium,
750 1135 770 1169 ›
800 1117 914 1170 sive
945 1134 964 1168 ι
995 1116 1326 1186 propitiatio,
1366 1135 1383 1169 ι
1434 1115 1550 1172 sive
1580 1115 1744 1171 etiam
1791 1133 1809 1166 ι
1851 1131 1940 1168 ex-

357 1209 534 1263 oratio
560 1229 578 1260 ι
617 1210 879 1280 scriptum
905 1210 998 1276 sit,
1028 1225 1150 1264 cum
1183 1210 1322 1278 apud
1341 1209 1561 1264 Crrccos
1595 1223 1700 1263 uno
1727 1223 1941 1277 semper

361 1302 655 1372 eodemque
707 1317 960 1357 sermone
981 1303 1310 1373 proferatur.
1355 1300 1468 1356 Nisi
1503 1301 1644 1356 forte
1689 1301 1958 1355 videatur-

360 1395 681 1464 quibusdam
723 1413 740 1446 ι
773 1394 1086 1464 propitiatio
1129 1412 1148 1446 ι
1182 1393 1295 1462 ipsa
1335 1392 1450 1462 ejus
1479 1391 1659 1446 divina
1690 1389 1940 1446 substan-

360 1486 476 1552 tia;
533 1503 553 1536 ι
588 1485 909 1555 propitiator
947 1503 964 1536 ι
1003 1499 1168 1547 vero,
1225 1497 1346 1536 cum
1399 1482 1832 1552 dispensationes
1885 1481 1936 1534 in

359 1575 672 1634 hominibus
702 1574 882 1652 explet
912 1573 1044 1645 (89),
1075 1574 1324 1644 intelligi.
1367 1573 1476 1630 Sed
1504 1585 1559 1628 et
1601 1573 1745 1643 quod
1802 1572 1940 1627 dixit

357 1667 614 1734 Joannes,
639 1667 760 1736 quia
793 1686 811 1718 ι
839 1667 954 1736 ipse
975 1677 1058 1722 est
1083 1667 1324 1722 exoratio
1348 1667 1484 1736 (sive
1516 1686 1533 1719 I
1558 1666 1870 1736 prepitiatio
1889 1663 1936 1736 ο)

358 1775 456 1829 pro
485 1759 723 1829 peccatis
748 1759 950 1814 nostris
977 1775 992 1824 ;
1021 1773 1124 1812 non
1162 1759 1339 1813 solum
1367 1769 1546 1813 autem
1573 1775 1668 1828 pro
1709 1745 1934 1824 nostris,

355 1853 450 1906 sed
481 1860 535 1905 et
576 1866 674 1922 pro
701 1851 937 1906 universi
979 1852 1197 1916 mundi,
1237 1871 1255 1902 ι
1303 1853 1548 1921 quaedam
1584 1853 1744 1908 nobis
1789 1853 1936 1907 intu-

357 1945 486 1998 lisse
527 1943 744 1998 videtur
777 1953 1062 2013 augmenta
1089 1945 1358 2014 mysterii,
1387 1956 1446 1998 ut
1472 1945 1722 2000 ostendat
1749 1943 1935 2000 Iesum

357 2035 766 2104 propitiatorem
814 2051 934 2091 esse
970 2052 1074 2092 non
1133 2037 1306 2092 solum
1339 2036 1706 2099 credentium,
1748 2051 1934 2091 verum

355 2135 412 2180 ut
440 2127 607 2181 totius
645 2129 863 2196 mundi;
902 2145 1006 2184 non
1053 2140 1230 2184 tamen
1283 2131 1436 2200 prius
1469 2128 1693 2194 mundi,
1722 2138 1778 2184 et
1810 2138 1937 2184 tunc

337 2229 600 2274 nostrum
631 2235 646 2284 ;
687 2220 780 2274 sed
835 2221 986 2290 prius
1012 2231 1284 2287 nostrum,
1314 2231 1369 2276 et
1401 2222 1472 2276 ita
1501 2221 1722 2276 demum
1774 2222 1938 2276 totius

355 2309 562 2364 mundi.
588 2310 844 2378 Quamvis
865 2313 1009 2366 enim
1038 2313 1289 2367 universa
1307 2323 1557 2368 creatura
1579 2313 1812 2384 gratiam
1831 2311 1936 2368 Re-

275 2454 278 2456 .
354 2403 652 2472 clemptoris
677 2413 981 2472 exspectet,
1015 2405 1389 2473 unusquisque
1423 2415 1603 2460 tamen
1633 2405 1684 2460 in
1715 2421 1812 2460 suo
1844 2421 1936 2461 oro

353 2494 480 2549 dine
508 2495 690 2549 veniet
728 2498 794 2549 ad
820 2495 1069 2550 salutem.
1105 2496 1216 2550 Hoc
1248 2495 1478 2550 indicari
1529 2497 1772 2554 arbitror
1793 2507 1846 2553 et
1877 2497 1932 2552 in

354 2585 594 2642 Levitico
612 2587 679 2653 ⁸³,
705 2587 791 2642 ubi
814 2604 906 2658 rep
916 2588 1274 2657 ropitiationis
1305 2589 1492 2644 hostiae
1511 2605 1605 2659 per
1619 2589 1930 2658 pontiﬁcem

354 2678 683 2731 mandantur
707 2675 912 2732 oﬁ'erri.
956 2678 1065 2733 Nec
1125 2679 1382 2733 tamenin
1419 2682 1501 2734 his
1533 2681 1931 2736 sacriﬁciorum

352 2768 617 2824 confusus
649 2770 783 2824 ordo
821 2771 1171 2840 proponitur;
1207 2773 1298 2826 sed
1330 2774 1520 2840 primo
1550 2773 1771 2842 quidem
1801 2773 1934 2828 dicit

354 2874 476 2928 quae
503 2861 574 2915 sit
619 2862 966 2931 propitiatio,
1009 2875 1062 2918 et
1104 2864 1280 2932 qualis
1316 2864 1526 2930 hostia,
1578 2866 1622 2920 si
1675 2864 1932 2921 sacerdos

355 2950 694 3018 peccaverit,
726 2949 988 3007 oﬁ'eratur
1031 2953 1096 3004 ⁸⁵.
1131 2952 1416 3020 Secundo,
1450 2955 1495 3009 si
1545 2955 1722 3011 omnis
1753 2954 1930 3026 Syna-

2043 469 2250 524 tieutite
2279 469 2590 538 deputaret.
2634 464 2769 520 Nam
2805 466 2850 520 si
2887 465 3106 534 puniret
3155 465 3208 518 iu
3239 466 3346 520 hoc
3375 475 3636 534 tempore

2040 571 2383 631 peccatorem
2407 558 2646 626 ,iustum
2694 573 2801 612 non
2853 558 3130 612 videretur
3164 555 3278 629 (92)
3313 557 3521 611 iterum
3559 558 3630 612 ad

2033 651 2298 722 judicium
2329 667 2488 721 quem
2527 651 2776 720 punierat
2800 664 3054 705 evocare.
3096 649 3153 704 Si
3183 665 3310 704 vero
3343 659 3628 704 sustentet

2038 754 2093 799 et
2123 744 2360 814 patiatur
2385 743 2437 798 in
2471 743 2720 812 praesenti
2759 741 2978 804 saeculo,
3010 751 3158 797 recte
3184 743 3292 797 erit
3319 743 3506 810 iustus
3529 743 3626 812 iu-

2041 835 2144 890 dex
2183 837 2237 890 in
2269 835 2472 892 futuro.
2513 834 2786 892 .lostiﬁcat
2816 850 2949 904 ergo
2977 849 3100 889 eum
3129 837 3222 906 qui
3272 851 3341 890 ex
3385 834 3494 890 ﬁde
3521 845 3630 900 est,

2041 929 2181 984 sicut
2226 939 2280 984 ct
2305 927 2373 984 de
2401 928 2676 996 Abraham
2711 928 2975 997 scriptum
3007 937 3126 992 est,
3167 929 3291 998 quia
3324 947 3345 980 ι
3394 929 3632 984 credidit

2039 1019 2314 1073 Abraham
2347 1020 2474 1082 Deo,
2507 1029 2562 1074 et
2585 1028 2890 1088 reputatum
2913 1029 2997 1074 est
3023 1021 3072 1074 ei
3099 1020 3164 1073 ad
3189 1019 3465 1088 justitiam
3497 1019 3565 1072 ’°.
3603 1037 3628 1072 ι

2042 1109 2195 1176 Quod
2221 1109 2264 1164 si
2299 1109 2574 1164 Abraham
2625 1109 2895 1174 credidit,
2926 1117 2981 1163 et
3019 1123 3087 1164 ex
3137 1108 3244 1163 ﬁde
3289 1105 3632 1177 iustiﬁcatus

2041 1213 2143 1266 est,
2177 1216 2516 1270 consequens
2551 1202 2673 1256 sine
2703 1201 2870 1256 dubio
2899 1185 3097 1256 erit'ut
3123 1209 3178 1255 et
3205 1217 3349 1254 nunc
3373 1203 3471 1270 qui
3509 1217 3632 1256 cre-

2041 1298 2120 1352 dit
2149 1295 2263 1368 (93)
2293 1298 2420 1360 Deo,
2459 1311 2554 1366 per
2577 1296 2735 1351 ﬁdem
2757 1293 2887 1352 Jesu
2912 1295 3115 1351 Christi
3135 1294 3476 1366 iustiﬁcetur
3505 1311 3631 1350 cum

2042 1392 2185 1447 fideli
2224 1391 2501 1445 Abraham
2533 1390 2600 1445 ⁹¹.

2109 1484 2163 1538 9.
2211 1503 2228 1536 ι
2269 1482 2366 1538 Ubi
2393 1491 2474 1537 est
2507 1496 2637 1552 ergo
2671 1479 2924 1552 gloriatio
2962 1480 3090 1534 tua?
3117 1478 3351 1534 Exclusa
3381 1490 3490 1533 εει.
3529 1477 3633 1532 Per

2041 1591 2203 1646 quam
2232 1573 2451 1644 legem?
2477 1570 2717 1641 Operam
2748 1569 2771 1623 ’ἒ
2803 1569 2920 1624 Νοιι
2957 1588 2972 1624 :
3009 1571 3105 1626 sed
3141 1584 3235 1638 per
3263 1569 3439 1639 legem
3473 1569 3628 1627 ﬁdei.

2041 1667 2393 1722 Arbitramur
2443 1666 2590 1721 enim
2643 1661 2936 1732 iustiﬁcari
2989 1661 3262 1716 hominem
3319 1677 3417 1730 per
3463 1662 3628 1715 ﬁdem

2041 1760 2162 1815 sine
2189 1759 2447 1828 operibus
2481 1755 2616 1828 legis
2637 1755 2705 1808 θ’.
2745 1772 2765 1806 ι
2805 1753 3006 1808 lterum
3047 1769 3111 1808 ac
3138 1754 3340 1822 saepius
3374 1767 3628 1808 commo-

2041 1866 2233 1906 nemus
2281 1863 2376 1906 eos
2405 1849 2497 1919 qui
2545 1847 2751 1917 scripta
2785 1844 2936 1900 Pauli
2969 1843 3287 1915 diligentius
3338 1848 3630 1901 advertere

2037 1944 2298 2012 Cupiunt,
2332 1940 2737 1995 distinctionem
2770 1937 2942 2002 illaut,
2969 1952 3130 2006 quam
3163 1951 3329 2006 supra
3356 1935 3626 2002 diximus,

2037 2032 2338 2087 observare
2364 2031 2611 2086 tenacius
2636 2070 2651 2094 ,
2683 2029 2958 2098 quomodo
2988 2027 3101 2098 (94)
3131 2044 3274 2082 nunc
3320 2029 3627 2083 circumci—

2037 2123 2210 2177 sionis
2238 2137 2492 2186 causam,
2525 2136 2669 2176 nunc
2699 2119 2972 2190 prmputii,
3009 2120 3059 2174 id
3093 2129 3176 2174 cst
3201 2118 3515 2173 Iudaeorum
3541 2120 3625 2172 vel

2037 2215 2590 2286 gentilium,discreto
2625 2229 2843 2281 semper
2881 2214 3098 2266 tramite
3138 2223 3530 2282 prosequatur.
3565 2213 3621 2265 Si

2035 2307 2180 2362 enim
2217 2305 2493 2376 paululum
2531 2307 2660 2375 quid
2695 2305 2894 2376 fugerit
2921 2306 3212 2375 legentem,
3235 2306 3501 2359 continuo
3526 2320 3624 2356 au-

2036 2408 2189 2470 gusta
2226 2400 2340 2453 haec
2370 2408 2426 2454 et
2469 2397 2626 2452 exilis
2678 2397 3052 2466 intelligentiae
3103 2397 3299 2450 semita
3344 2395 3462 2464 (95)
3500 2411 3624 2462 per-

2038 2491 2368 2546 turbabitur.
2407 2489 2573 2562 Igitur
2600 2506 2722 2544 cum
2755 2492 3008 2558 superius
3039 2488 3086 2521 ”
3113 2491 3450 2544 ostendisset
3474 2489 3620 2559 Apo—

2035 2583 2209 2637 stolus
2235 2582 2363 2652 quid
2406 2590 2553 2636 esset
2583 2580 2817 2650 amplius
2865 2577 3090 2645 Judteo,
3128 2588 3222 2633 aut
3262 2595 3385 2648 qua:
3417 2579 3624 2633 utilitas

2035 2673 2466 2730 circumcisionis
2497 2688 2510 2724 τ
2543 2681 2599 2728 et
2633 2671 2913 2727 docuisset
2946 2673 3072 2742 quia
3115 2671 3309 2742 primis
3355 2671 3466 2725 illis
3501 2685 3620 2724 cre-

2034 2767 2146 2821 dita
2179 2776 2308 2822 sunt
2335 2767 2549 2836 eloquia
2583 2765 2713 2829 Dei,
2746 2774 2800 2820 et
2841 2777 2938 2832 per
2972 2763 3084 2817 haec
3119 2761 3268 2815 visus
3307 2761 3506 2815 fuisset
3528 2775 3624 2814 ex-

2037 2859 2230 2916 tollere
2279 2874 2470 2914 eorum
2518 2857 2842 2928 iactantiam
2889 2871 2995 2926 qua
3043 2855 3334 2911 adversum
3388 2853 3624 2924 gentiles

2034 2953 2170 3024 erigi
2198 2953 2381 3008 solent
2407 2968 2422 3006 :
2448 2959 2502 3006 et
2527 2965 2740 3006 rursum
2763 2959 2953 3004 contra
2981 2949 3094 3002 haec
3119 2947 3170 3001 in
3203 2945 3625 3016 sequentibus“

355 3056 493 3112 goga
522 3041 809 3113 deliquerit
848 3060 944 3112 per
987 3045 1382 3114 ignorantiam,
1427 3046 1727 3114 cujusmodi
1775 3048 1934 3103 victi-
1961 3074 2007 3137 ο
2037 3047 2330 3117 obiecisset
2349 3045 2620 3118 justitiam
2647 3043 2742 3099 Dei
2774 3058 2872 3114 per
2909 3041 3066 3094 ﬁdem
3105 3039 3231 3095 Jesu
3267 3039 3469 3093 Christi
3495 3055 3626 3093 esse

357 3133 460 3188 mis
498 3133 745 3204 placetur
779 3135 921 3190 Deus
947 3137 1013 3190 ⁸⁸.
1056 3135 1273 3202 Τθι·ιίο,
1307 3137 1351 3192 si
1389 3139 1640 3207 princeps
1674 3152 1934 3207 peccave-

359 3228 449 3294 rit,
485 3243 592 3294 quo
623 3228 813 3283 ordine
841 3229 1208 3298 puriﬁcandus
1233 3232 1303 3284 sit
1324 3231 1584 3286 scribitur
1603 3232 1673 3285 ⁸⁸.
1704 3231 1931 3299 Quarto,

357 3321 402 3373 si
437 3319 616 3372 anima
651 3336 755 3373 una
793 3321 1124 3390 peccaverit,
1155 3321 1318 3375 etiam
1351 3321 1418 3375 de
1449 3322 1554 3376 hoc
1581 3323 1705 3392 quis
1732 3323 1805 3377 sit
1833 3336 1934 3376 ex-

355 3415 538 3485 piandi
569 3416 706 3469 ritus
731 3414 1026 3483 exponitur
1058 3415 1124 3469 '7.
1159 3414 1291 3481 Qum
1334 3415 1546 3485 singula
1575 3415 1807 3486 mystico
1851 3416 1935 3470 in-

357 3509 573 3565 telleclu
611 3508 849 3563 futuram
899 3507 1104 3563 Christi
1151 3508 1266 3579 (90)
1317 3497 1760 3582 propitiatiouem
1823 3523 1932 3564 non

355 3604 529 3658 solum
580 3619 676 3674 pro
727 3602 968 3671 peccatis
1019 3601 1254 3667 nostris,
1307 3601 1400 3656 sed
1432 3609 1490 3656 et
1539 3616 1638 3672 pro
1676 3602 1934 3656 universo

359 3699 560 3750 mundo
595 3696 762 3750 certis
795 3695 1104 3764 quibusque
1137 3694 1420 3749 ordinibus
1443 3735 1457 3759 ,
1496 3704 1552 3751 et
1603 3695 1780 3751 modis
1806 3710 1934 3751 cau-

356 3793 538 3864 sisque
565 3790 851 3859 designant
885 3805 900 3842 :
935 3789 978 3843 si
1011 3789 1136 3858 quis
1169 3798 1349 3844 tamen
1381 3789 1495 3844 haec
1523 3789 1824 3844 secundum
1871 3789 1934 3843 il-

356 3873 460 3936 lam
491 3883 872 3937 revelatiouem
907 3897 1026 3952 quae
1061 3881 1231 3952 Moysi
1263 3883 1314 3936 in
1349 3891 1532 3937 monte
1560 3883 1931 3937 demonstrata

297 3977 300 3980 ’
353 3987 476 4028 esse
525 3973 756 4034 dicitur,
801 3982 992 4027 sancto
1042 3971 1246 4042 Spiritu
1291 3959 1626 4029 illuminatus
1678 3973 1932 4044 aSpiciat.

355 4062 442 4115 Fit
469 4076 598 4130 ergo
624 4076 722 4131 per
747 4063 1244 4130 repropitialionem
1291 4063 1575 4133 sanguinis
1611 4063 1816 4118 Christi
1843 4077 1930 4118 re-

356 4153 541 4207 missio
573 4171 590 4203 ι
623 4153 1048 4221 praecedentium
1076 4153 1421 4219 delictorum,
1455 4157 1506 4208 in
1533 4156 1933 4210 sustentatione

356 4247 486 4312 Dei,
519 4249 585 4302 ad
627 4237 998 4302 ostensibnem
1025 4245 1251 4312 iustitiae
1277 4261 1390 4301 suae
1415 4249 1482 4302 ⁸³.
1521 4267 1540 4298 ι
1589 4247 1930 4303 Sustentatio

355 4340 448 4396 Dei
487 4349 592 4404 est,
629 4341 717 4394 ubi
748 4350 1007 4408 peccator
1036 4355 1142 4395 non
1175 4341 1356 4396 statim
1386 4339 1610 4409 punitur
1631 4349 1689 4394 ut
1719 4351 1927 4409 peccat,

2039 3143 2092 3198 in
2123 3157 2313 3197 omnes
2337 3141 2428 3212 qui
2479 3140 2736 3202 credunt,
2769 3151 2945 3204 neque
2992 3134 3471 3200 haberelaliquam
3503 3133 3624 3186 dis-

2039 3235 2351 3290 tinctionem
2375 3274 2390 3296 ,
2415 3232 2510 3287 sed
2559 3244 2751 3285 omnes
2795 3227 3090 3294 deliquESse
3124 3222 3342 3278 Iudaeos
3370 3235 3423 3276 et
3467 3221 3622 3276 Cra:-

2035 3342 2164 3395 cos,
2196 3338 2252 3383 et
2290 3340 2448 3397 cgere
2479 3324 2647 3394 gloria
2671 3321 2766 3376 Dei
2791 3359 2807 3387 ,
2841 3330 2896 3375 et
2917 3317 3206 3388 iustiﬁcari
3257 3332 3352 3386 per
3387 3316 3622 3386 gratiam

2036 3436 2100 3477 ac
2133 3420 2560 3490 redemptionem
2591 3432 2712 3487 quae
2745 3423 2830 3469 est
2859 3414 2912 3468 in
2944 3413 3164 3468 Christo
3203 3411 3328 3465 Jesu
3365 3429 3377 3463 :
3415 3411 3622 3478 ipsum-

2034 3529 2142 3584 que
2171 3528 2293 3568 esse
2325 3510 2764 3582 propitiatorium
2801 3525 2899 3581 per
2929 3507 3112 3570 ﬁdem,
3147 3515 3200 3559 et
3223 3502 3518 3572 iustiﬁcari
3554 3502 3623 3554 ab

2035 3617 2103 3658 co
2139 3617 2358 3656 omnem
2405 3600 2517 3672 (96)
2573 3601 2666 3668 qui
2703 3615 2768 3654 ex
2828 3599 2933 3653 ﬁde
2977 3605 3102 3652 est:
3139 3611 3282 3650 nunc
3317 3594 3429 3661 iam
3473 3593 3622 3646 velut

2035 3693 2440 3750 conclusionem
2477 3694 2839 3746 assertiouum
2890 3704 3112 3744 suarum
3158 3702 3365 3757 ponens
3399 3687 3454 3739 in
3506 3685 3614 3740 hoc

2035 3787 2153 3841 loco
2181 3786 2311 3840 dicit
2347 3802 2361 3838 :
2398 3803 2416 3836 ι
2449 3784 2546 3840 Ubi
2581 3795 2666 3839 est
2696 3799 2828 3855 ergo
2867 3781 3120 3854 gloriatio
3150 3790 3239 3834 tua
3263 3779 3288 3833 ?
3310 3797 3330 3830 ι
3381 3777 3617 3832 Exclusa

2031 3888 2135 3936 est.
2176 3877 2282 3932 Per
2305 3893 2464 3947 quam
2492 3876 2700 3948 legem?
2733 3873 3006 3944 Operum?
3050 3871 3166 3927 Non
3204 3887 3219 3924 :
3256 3873 3353 3927 sed
3394 3886 3491 3941 per
3543 3871 3619 3923 le-

2036 3985 2155 4040 gem
2191 3969 2336 4023 tidei.
2369 3967 2717 4022 Arbitramur
2742 3968 2885 4021 enim
2907 3965 3194 4037 iustiﬁcari
3221 3964 3497 4018 hominem
3523 3973 3622 4031 per

2037 4063 2195 4116 ﬁdem
2223 4061 2340 4115 sine
2365 4059 2619 4128 operibus
2649 4058 2782 4129 legis
2809 4059 2856 4092 ”
2883 4075 2899 4112 :
2928 4068 2981 4114 et
3009 4057 3140 4112 dicit
3163 4054 3423 4112 sufﬁcere
3449 4054 3621 4108 solius

2037 4154 2644 4222 ﬁdeiiustiﬁcationem,
2663 4154 2738 4208 ita
2761 4163 2819 4208 ut
2835 4153 3066 4208 credens
3085 4151 3206 4221 quis
3220 4146 3620 4211 tantummodo,

2028 4245 2358 4316 iustiﬁcetur
2379 4287 2393 4311 ,
2423 4245 2639 4300 etiamsi
2684 4244 2820 4300 nihil
2857 4245 2925 4300 ab
2948 4258 3014 4298 eo
3035 4242 3219 4324 operis
3240 4239 3412 4295 fuerit
3439 4238 3622 4308 exple.

2038 4349 2172 4395 tum.
2203 4339 2454 4394 Imminet
2487 4339 2652 4410 igitur
2691 4337 2851 4393 nobis
2893 4337 2984 4408 qui
3017 4336 3277 4405 integram
3309 4348 3433 4389 esse
3469 4331 3624 4386 Scri-

352 4433 447 4485 sed
488 4433 786 4487 secundum
814 4431 960 4502 quod
995 4432 1190 4488 ibidem
1218 4431 1510 4501 Apostolus
1542 4432 1682 4486 dixit
1717 4432 1798 4497 ⁸⁸,
1831 4447 1930 4499 per
1962 4451 2006 4505 ι)
2039 4443 2251 4504 ptui-am
2283 4431 2442 4503 517
2468 4430 2711 4502 Apostoli
2743 4445 3004 4486 conamur
3032 4443 3301 4493 asserere,
3338 4437 3394 4482 et
3423 4427 3623 4481 ordine

353 4523 669 4593 patientiam
723 4523 816 4579 Dei
855 4524 1146 4579 adducitur
1195 4525 1260 4578 ad
1301 4525 1674 4594 paenitentiam
1725 4543 1738 4579 :
1785 4534 1838 4578 et
1873 4525 1927 4580 in

353 4615 458 4668 hoc
510 4614 799 4668 ostendere
841 4613 1042 4669 dicitur
1079 4613 1350 4683 justitiam
1399 4629 1550 4670 suam
1589 4614 1748 4670 Deus.
1784 4614 1930 4669 Bene

351 4715 530 4762 autem
561 4706 792 4770 addidit,
829 4723 848 4759 ι
878 4705 932 4761 in
963 4706 1066 4762 hoc
1098 4717 1381 4777 tempore;
1419 4726 1438 4760 ι
1467 4707 1752 4776 prteseutis
1783 4706 1928 4760 enim

352 4801 536 4856 saeculi
573 4811 815 4871 tempore
865 4804 920 4857 in
983 4804 1381 4859 sustentatioue
1421 4812 1506 4858 est
1545 4803 1753 4872 iustitia
1789 4801 1924 4867 Dei;

353 4894 514 4950 htturi
567 4910 695 4950 vero
747 4894 801 4949 in
862 4894 1381 4966 retributione(91).
1431 4881 1656 4950 ’JuStum
1692 4907 1930 4962 namque

351 4987 492 5054 apud
517 4987 684 5042 Deum
713 4985 888 5042 visum
914 4997 1018 5052 est,
1049 4997 1110 5043 ut
1128 4989 1253 5059 quia
1294 4988 1534 5043 futurum
1564 4985 1821 5042 saaculum
1859 4983 1926 5038 ad

420 5131 467 5160 ⁸³
500 5125 698 5181 lJoan.
732 5143 794 5193 ιι,
829 5128 880 5191 1.
912 5127 968 5182 2.
1083 5129 1128 5160 ⁸⁸
1154 5127 1328 5183 Levit.
1364 5143 1437 5192 tv,
1465 5128 1555 5181 20.

349 5215 466 5262 aeq.
545 5197 590 5230 ⁸⁸
623 5200 779 5251 Rom.
816 5213 900 5261 tlt,
925 5197 1018 5262 25,
1045 5197 1137 5253 26.
1215 5200 1260 5231 ⁸³
1290 5197 1447 5252 Rm".
1490 5214 1548 5263 tt,
1577 5199 1630 5250 4.

351 5269 400 5324 1.
441 5269 477 5322 2
573 5267 619 5299 ’³
645 5267 774 5324 ibid.
811 5267 999 5327 22-26.
1075 5269 1270 5326 "ibid.
1297 5269 1390 5335 27,
1429 5269 1521 5324 28.

427 5360 1011 5433 (8Α9)Αι)ἱερεηεαιὶοηε.ς
1046 5401 1060 5418 .
1101 5403 1114 5415 .
1146 5403 1161 5418 .
1193 5365 1382 5433 explet.
1425 5363 1518 5418 Sic
1559 5375 1748 5417 omnes
1795 5363 1924 5416 editi

353 5441 406 5480 et
439 5431 681 5497 plerique
719 5447 850 5488 mss.
880 5433 978 5489 Ms.
1027 5444 1206 5488 tamen
1241 5431 1378 5489 unus
1401 5434 1586 5496 habet,
1619 5451 1637 5484 ι
1663 5447 1784 5487 cum
1815 5433 1928 5486 dis-

357 5501 726 5580 pensationem
777 5503 1134 5580 humanitatis
1193 5507 1244 5558 ιιι
1289 5504 1600 5560 hominibus
1655 5503 1866 5573 explet;
1899 5521 1917 5555 ι

355 5584 476 5637 qua:
507 5569 664 5637 lectio
697 5575 898 5626 rectior
924 5576 1157 5632 videtur.

430 5636 542 5710 (illi)
583 5635 722 5710 l‘ltliti
746 5685 757 5701 ,
797 5661 814 5692 ‹
856 5660 950 5710 per
987 5646 1212 5710 figuram
1241 5644 1466 5700 Christi.
1504 5663 1523 5698 ›

428 5707 543 5780 (91)
583 5707 755 5775 Alias,
795 5730 812 5763 ί
847 5707 899 5766 in
927 5707 1358 5770 retributionem.
1401 5735 1420 5766 ι

1644 5127 1692 5158 ⁸⁸
1718 5127 1855 5199 ῘιιίιΙἶ
1877 5129 1911 5182 5
1937 5144 2054 5199 seq.

1733 5199 1778 5230 ⁹⁰
1820 5197 1997 5254 Galat.
2017 5194 2108 5259 ἰιι,
2139 5194 2192 5247 6.

1627 5269 1674 5299 9°
1701 5267 1830 5321 Luc.
1873 5286 2028 5337 χχιιι,
2069 5265 2161 5329 49..
2197 5266 2286 5319 45.

2039 4541 2140 4582 suo
2169 4536 2364 4580 cuncta
2405 4523 2678 4589 cOnstare,
2714 4531 2773 4576 ut
2806 4522 3151 4593 requiramus
3177 4520 3302 4591 quis
3341 4519 3464 4573 sine
3491 4532 3625 4585 ope-

2040 4618 2192 4672 ribus
2222 4615 2333 4671 sola
2384 4615 2488 4670 ﬁde
2527 4614 2860 4686 iustiﬁcatus
2896 4614 2990 4668 sit.
3045 4613 3322 4680 Quantum
3351 4611 3518 4682 igitur
3551 4611 3623 4664 ad

2038 4706 2343 4776 exemplum
2369 4708 2622 4776 pertinet,
2645 4706 2892 4762 sufﬁcere
2914 4705 3154 4761 arbitror
3175 4703 3326 4758 illum
3350 4703 3622 4759 latronem

2038 4803 2130 4870 qui
2162 4814 2286 4853 cum
2336 4799 2554 4854 Christo
2586 4801 2883 4856 cruciﬁxus
2931 4799 3188 4855 clamavit
3218 4799 3268 4852 ei
3299 4798 3368 4852 de
3399 4812 3569 4852 cruce
3606 4815 3621 4851 :

2043 4913 2061 4946 ι
2111 4893 2338 4949 Domine
2369 4893 2522 4961 Jesu,
2566 4905 2839 4950 memento
2875 4896 2982 4950 mei
3032 4909 3156 4950 cum
3194 4891 3412 4947 veneris
3445 4893 3497 4945 in
3528 4907 3626 4946 re-

2035 5002 2201 5058 gnum
2243 4997 2390 5041 tuum
2416 4987 2483 5041 °'.
2511 5006 2538 5040 ,ι
2580 4986 2692 5044 Nec
2741 4986 2890 5043 aliud
2931 4989 3230 5058 quidquam
3285 4985 3627 5041 describitur

2157 5123 2206 5154 ⁸⁵
2234 5122 2362 5180 ibid.
2405 5124 2472 5178 l3
2505 5138 2622 5191 seq.
2698 5123 2746 5154 “
2771 5121 2905 5193 ibid.
2937 5121 3030 5184 22,
3067 5136 3181 5193 seq.
3253 5121 3317 5193 _"
3348 5121 3480 5193 ibid.
3525 5125 3627 5193 27,

2305 5195 2348 5226 ⁹¹
2381 5194 2513 5249 ibid.
2552 5189 2604 5249 9.
2681 5195 2728 5226 "
2767 5192 2922 5247 Rom.
2958 5209 3040 5258 ιιι,
3072 5189 3166 5257 2T,
3205 5191 3295 5248 28.
3396 5189 3444 5224 ⁸³
3482 5189 3616 5250 ibid.

2045 5371 2050 5378 “
2104 5362 2216 5436 (9g)
2257 5359 2430 5436 Alias,
2469 5377 2488 5412 ι
2521 5357 2769 5436 videtur,
2802 5377 2821 5410 ι
2857 5358 3015 5412 male.

2125 5429 2216 5500 95)
2252 5431 2434 5497 Alias,
2474 5446 2493 5481 ι
2527 5429 2778 5485 credidit.
2814 5448 2833 5481 ι

2126 5503 2216 5574 94)
2255 5503 2426 5566 Alias,
2465 5517 2484 5552 ι
2515 5516 2625 5571 quo
2652 5514 2825 5574 _nuu_c_._
2861 5515 2880 5550 ι

2128 5569 2218 5641 95)
2261 5573 2431 5637 Alias,
2471 5591 2488 5624 ι
2523 5569 2622 5628 hac
2652 5569 3028 5641 intelligentia;
3055 5571 3271 5627 semita.
3304 5589 3326 5629 ι

2102 5640 2214 5718 (96)
2256 5641 2496 5699 Omnem.
2542 5643 2699 5698 Deest
2728 5641 2778 5696 iu
2811 5640 2989 5696 editis.
