3974 6206
382 289 486 346 955

1854 281 2174 342 ORIGENIS

3526 273 3642 329 956

383 408 607 469 tionem,
655 415 708 460 et
759 403 890 459 dicit
940 404 1114 473 legem
1163 419 1386 474 operum
1417 413 1472 459 et
1496 405 1666 474 legem
1701 403 1823 459 lldei
1853 404 1952 477 (5),
1983 407 2028 463 A
2057 400 2358 472 sapientiae,
2412 397 2505 453 alii
2543 408 2725 452 sermo
2752 393 2997 451 scientiae
3043 392 3340 449 secundum
3374 393 3638 446 eumdem

381 496 664 549 considera
713 498 878 550 etiam
927 495 1061 565 Ipse,
1100 497 1190 566 qtti
1244 495 1403 567 legis,
1455 507 1632 550 utrum
1680 497 1747 551 ad
1779 497 1951 566 legem

381 580 550 651 Moysi
587 596 642 637 et
693 584 862 652 legem
914 584 1212 639 naturalem
1245 599 1425 640 sermo
1449 586 1537 641 hic
1568 587 1760 641 debeat
1791 586 1953 641 incli-

383 673 499 724 nari
523 690 538 734 ;
566 689 633 726 an
674 677 739 728 ad
785 675 953 744 legem
1001 675 1190 729 litterae
1221 686 1276 731 et
1322 677 1495 746 legem
1528 678 1751 747 spiritus
1783 693 1796 730 :
1825 678 1952 746 quia

381 759 465 814 lex
502 763 697 818 litterae
721 764 942 829 occidit,
967 775 1022 818 et
1049 775 1274 818 mortem
1319 776 1612 834 operatur;
1659 767 1744 822 lex
1773 775 1953 821 autem

383 850 608 918 Spiritus
633 855 756 908 vitae
781 855 976 908 liberat
1003 872 1032 908 a
1059 855 1176 925 lege
1212 857 1421 925 peccati
1457 867 1513 910 et
1542 855 1752 910 mortis.

453 943 541 998 to.
573 944 722 1000 Unde
759 955 813 999 et
840 947 1230 1001 convenienter
1272 947 1326 1002 in
1361 951 1821 1018 consequentibus
1860 963 1954 1018 po-

384 1034 464 1088 nit
499 1051 512 1086 :
545 1052 562 1085 t
604 1037 684 1089 An
707 1033 1012 1092 Judazorum
1044 1038 1185 1093 Deus
1213 1039 1464 1094 tantum?
1517 1040 1704 1096 Nonne
1734 1052 1788 1097 et
1819 1058 1953 1110 geu-

383 1125 552 1178 tium?
584 1125 694 1179 Imo
721 1134 776 1181 et
802 1131 1062 1198 gentium.
1093 1130 1359 1196 Quoniam
1389 1133 1607 1202 quidem
1637 1147 1777 1187 unus
1811 1135 1957 1190 Deus

385 1215 474 1281 qui
493 1213 553 1280 lu
574 1216 759 1270 :tiilcat
784 1218 1255 1274 circumcisionem
1286 1236 1350 1274 ex
1381 1223 1486 1276 lide
1507 1261 1524 1286 ,
1551 1232 1609 1277 et
1636 1225 1958 1293 praeputium

385 1318 482 1372 per
513 1305 668 1359 [idem
723 1306 787 1359 ".
829 1324 848 1358 ι
889 1306 984 1362 llis
1029 1310 1246 1377 quidem
1289 1312 1382 1380 qui
1426 1310 1591 1365 alium
1623 1313 1960 1369 voluntesse

385 1392 691 1449 Judteorurn
732 1396 921 1460 Deum,
964 1407 1020 1452 et
1050 1399 1212 1453 alium
1239 1403 1504 1471 gentium,
1555 1403 1608 1457 id
1647 1413 1732 1458 est
1784 1405 1950 1458 alium

388 1484 565 1550 Legis,
599 1497 653 1542 et
696 1489 862 1542 alium
918 1490 1356 1561 Evangeliorum,
1409 1497 1544 1550 satis
1590 1496 1660 1550 de
1708 1497 1810 1551 hoc
1849 1497 1958 1552 erit

388 1587 616 1644 augusta
658 1590 715 1634 et
753 1593 903 1638 arcta
955 1586 1256 1654 responsio,
1295 1588 1544 1656 apostolo
1573 1586 1740 1644 Paulo
1783 1591 1958 1644 abun-

389 1667 603 1724 dantius
650 1673 782 1728 satis
837 1674 998 1730 dante
1030 1677 1358 1732 sententiam
1394 1694 1548 1735 suam
1575 1681 1656 1750 (6)
1681 1697 1804 1736 cum
1845 1698 1951 1736 non

2059 493 2348 562 Spiritum,
2388 489 2475 545 alii
2524 488 2658 543 lldes
2691 487 2746 541 in
2777 487 2966 542 eodem
3007 484 3212 554 Spiritu
3244 485 3312 537 ".
3361 501 3382 535 ι
3417 483 3486 537 Et
3524 499 3638 535 non

2059 583 2206 638 solus
2240 580 2440 635 Paulus
2469 576 2750 649 apostolus
2771 576 2962 630 harum
2992 574 3404 628 distinctionum
3450 573 3642 627 obser-

2059 673 2270 726 vantias
2320 679 2487 735 tenet,
2533 670 2630 726 sed
2671 678 2728 724 et
2769 665 3028 730 Joannes,
3062 665 3152 735 qui
3199 680 3322 718 cum
3351 665 3417 718 de
3456 663 3640 716 Verbo

2060 762 2154 816 Dei
2199 760 2344 816 dicat
2370 758 2495 830 quia
2535 775 2558 810 ι
2606 756 2790 812 omnia
2817 770 2913 825 per
2941 754 3112 824 ipsum
3163 751 3305 806 facta
3343 761 3475 806 sunt
3505 751 3575 815 ⁸ο,
3614 770 3636 803 ι

2059 853 2223 906 vitam
2252 865 2360 905 non
2393 864 2488 921 per
2516 849 2718 919 ipsum,
2745 847 2840 902 sed
2865 847 2916 900 in
2945 845 3061 914 ipso
3094 844 3289 898 factam
3323 858 3446 897 ese
3472 852 3644 896 testa-

2063 954 2168 1006 tur,
2191 943 2378 997 dicens
2407 958 2423 996 :
2453 958 2476 992 ι
2501 938 2651 1007 Quod
2675 938 2876 993 factum
2903 947 3007 1002 est,
3033 939 3085 992 in
3115 939 3231 1006 ipso
3252 936 3359 990 vita
3386 945 3508 988 erat
3529 936 3647 990 ⁸⁸..-

2061 1035 2126 1089 Et
2164 1033 2422 1104 quoniam
2476 1033 2702 1086 multum
2752 1038 2836 1084 est
2885 1039 3032 1084 utea
3061 1044 3180 1098 quae
3212 1041 3355 1082 nunc
3395 1027 3639 1094 exempli

2061 1140 2224 1180 causa
2282 1124 2604 1196 protulimus
2633 1131 2999 1194 exponantur,
3051 1135 3265 1176 sensum
3299 1135 3496 1174 eorum
3539 1134 3652 1188 pro

2062 1225 2220 1286 captu
2256 1226 2451 1271 nostro
2474 1215 2715 1270 breviter
2740 1213 3079 1284 colligamus.
3111 1211 3245 1267 Cum
3278 1212 3506 1272 dicitur,
3527 1228 3546 1260 ι
3569 1224 3642 1262 ex

2061 1309 2200 1380 ipso,
2237 1329 2258 1362 ι
2292 1307 2588 1378 principale
2621 1306 2823 1377 aliquid
2869 1305 3027 1372 hujus
3059 1304 3464 1373 praepositionis
3495 1304 3644 1356 initi-

2061 1403 2146 1455 cio
2200 1400 2408 1454 videtur
2441 1398 2673 1454 Ostendi.
2713 1395 2849 1452 Cum
2881 1411 3010 1451 vero
3047 1412 3066 1447 t
3097 1410 3193 1465 per
3245 1396 3414 1464 ipsum
3455 1413 3476 1446 ι
3512 1394 3648 1447 dici-

2063 1502 2172 1554 tur,
2197 1491 2472 1559 sequentis
2501 1503 2700 1552 causae,
2731 1485 2782 1540 id
2820 1495 2906 1541 est
2958 1485 3082 1556 ejus
3112 1500 3235 1554 quae
3263 1493 3386 1554 post
3429 1483 3648 1552 princi-

2062 1581 2236 1652 palem
2290 1589 2398 1644 est,
2456 1578 2810 1650 intelligentia
2863 1577 3179 1648 designatur
3207 1574 3443 1646 (ll)..lJt
3478 1575 3643 1627 verbi

2063 1689 2229 1728 causa
2258 1672 2505 1728 dicamus
2533 1672 2676 1742 quod
2714 1671 2808 1735 ait,
2843 1689 2863 1723 t
2895 1669 2970 1724 Ex
2998 1671 3134 1738 ipso,
3157 1677 3210 1722 et
3235 1683 3330 1736 per
3357 1671 3560 1732 ipsum.
3583 1679 3648 1720 et

389 1759 562 1814 solum
595 1778 756 1818 ttnum
805 1765 948 1820 dicat
993 1781 1116 1822 esse
1164 1767 1331 1824 Deum
1386 1769 1696 1826 Judteorum
1735 1784 1791 1829 et
1821 1789 1953 1842 gen.

2062 1765 2108 1818 in
2142 1764 2258 1832 ipso
2281 1770 2403 1817 sunt
2441 1763 2621 1816 omnia
2643 1762 2687 1794 ⁹¹
2707 1780 2722 1816 :
2745 1777 2869 1813 ι-ι
2891 1774 2957 1813 ex
2977 1760 3116 1829 ipso,
3137 1779 3157 1810 ι
3180 1759 3369 1828 prima:
3396 1753 3648 1812 creatio-

391 1847 548 1916 tium,
591 1853 685 1906 sed
715 1863 770 1909 et
817 1856 977 1910 addat
1019 1859 1162 1927 quod
1207 1859 1348 1915 idem
1393 1871 1555 1930 atque
1600 1865 1714 1933 ipse
1755 1864 1827 1918 sit
1863 1865 1955 1933 qui

383 1935 644 2006 justillcat
673 1942 1142 2000 circumcisionem
1181 1963 1249 2002 ex
1276 1949 1400 2017 llde,
1431 1959 1486 2007 et
1514 1954 1837 2023 praeputium
1862 1969 1959 2025 per

391 2030 577 2084 tidem.
624 2033 776 2098 Quod
806 2044 862 2090 et
894 2038 938 2090 si
985 2038 1458 2097 circumcisionem
1506 2058 1606 2113 per
1639 2043 1956 2115 allegoriam

391 2122 670 2192 suscipere
722 2125 1013 2194 voluerint,
1071 2131 1144 2184 ita
1201 2141 1260 2185 ut
1317 2141 1538 2190 sanctos
1585 2145 1641 2190 et
1684 2137 1960 2206 spiritales

391 2227 633 2282 quosque
666 2214 734 2270 ab
764 2231 829 2270 eo
851 2218 1317 2276 circumcisionem
1343 2224 1526 2278 dicant
1553 2239 1674 2281 esse
1717 2228 1955 2297 appella-

393 2311 496 2367 tos,
527 2309 706 2361 statim
754 2311 806 2363 iu
841 2312 1291 2382 consequentibus
1324 2314 1600 2372 invenient
1625 2319 1835 2374 obicem
1858 2320 1958 2390 (7).

395 2395 449 2450 Si
477 2398 619 2452 enim
652 2401 1122 2460 circumcisionem
1172 2420 1412 2474 sanctos,
1453 2411 1560 2478 vel,
1587 2420 1648 2484 ut
1677 2411 1752 2466 illi
1785 2413 1950 2467 nomi-

394 2496 543 2553 nant,
570 2491 842 2559 spiritales
889 2497 1193 2566 appellavit,
1225 2515 1568 2572 consequens
1611 2512 1695 2559 est
1728 2512 1784 2558 ut
1817 2518 1958 2573 pra:-

393 2580 601 2644 pntium
655 2593 968 2650 peccatores
1003 2590 1221 2655 dixerit,
1273 2607 1409 2659 quos
1455 2593 1534 2646 illi
1563 2596 1832 2651 animales
1860 2611 1958 2650 vo-

390 2682 511 2724 eant
545 2672 641 2743 (8).
676 2675 738 2728 Et
766 2681 1035 2744 quomodo
1065 2685 1369 2749 conveniet,
1401 2695 1457 2739 ut
1483 2688 1657 2740 bonus
1685 2689 1828 2744 Deus
1861 2704 1957 2758 pa-

395 2759 528 2849 riter
571 2765 846 2829 spiritales
885 2767 1261 2841 anitnalesque
1311 2775 1617 2844 justiﬁcet?
1665 2777 1782 2834 illis
1828 2793 1960 2849 ergo

392 2847 447 2902 in
497 2851 580 2905 his
627 2855 868 2921 Apostoli
927 2863 1274 2918 sermonibus
1320 2866 1496 2922 nodus
1559 2847 1960 2928 inextricabilis

393 2940 516 2994 erit.
567 2942 871 3001 Secundum
901 2965 998 3003 nos
1025 2967 1176 3018 vero,
1209 2956 1299 3026 qui
1343 2958 1814 3018 circumcisionem
1865 2979 1960 3022 eos

392 3032 484 3098 qui
525 3048 589 3087 ex
617 3031 815 3092 Judacis
838 3043 1208 3112 crediderunt,
1239 3061 1290 3102 et
1340 3055 1658 3120 przeputiurn
1690 3057 1960 3112 nihilomi-

397 3137 499 3174 nus
525 3139 618 3178 eos
639 3126 728 3192 qui
763 3129 829 3181 ad
867 3130 1027 3186 ﬁdem
1061 3149 1126 3188 ex
1161 3138 1415 3202 gentibus
1460 3142 1634 3197 vocati
1670 3155 1798 3198 sunt
1835 3145 1962 3201 dici-
1985 3121 2029 3180 θ
2062 3151 2394 3196 memoratur
2434 3156 2448 3192 :

401 3227 543 3306 ntus,
571 3215 727 3282 plana
753 3221 858 3275 erit
879 3231 932 3275 ct
967 3221 1140 3278 facilis
1162 3229 1450 3296 expositio.
1496 3231 1640 3298 Idem
1670 3235 1818 3289 enim
1845 3236 1961 3306 ipse

397 3304 536 3358 Deus
561 3321 624 3358 ex
655 3316 880 3380 utroque
909 3315 1103 3383 populo
1124 3319 1409 3374 credentes
1438 3336 1544 3376 non
1579 3304 1957 3383 circumcisio-

395 3394 478 3448 nis
512 3407 605 3449 aut
635 3403 880 3470 ιιι-θερειίὶ
909 3406 1216 3478 privilegio,
1237 3413 1330 3465 sed
1362 3411 1532 3468 solius
1560 3414 1682 3470 ﬁdei
1709 3427 1957 3473 contem-

393 3482 627 3576 platione
647 3487 930 3557 jnstilicat.
968 3495 1228 3566 Superest
1261 3511 1315 3554 et
1349 3503 1508 3556 unius
1544 3505 1770 3576 syllabae
1804 3508 1959 3563 diffe—

393 3575 588 3640 rentia,
614 3577 668 3632 in
702 3597 804 3649 qua
832 3587 1070 3642 variasse
1101 3590 1314 3645 videtur
1347 3575 1657 3663 Aposwlus.
1711 3598 1828 3654 Non
1859 3616 1960 3656 nos

389 3665 561 3722 otiose
587 3681 872 3738 prtetereat
898 3679 1038 3745 quod
1066 3681 1195 3736 dicit
1217 3682 1316 3757 (9),
1337 3688 1460 3756 quia
1490 3688 1956 3747 circumcisionem

389 3771 454 3856 ex
483 3759 864 3828 lldejustilicet
896 3770 1055 3835 Deus,
1090 3784 1146 3828 et
1179 3791 1285 3831 non
1317 3793 1414 3846 per
1442 3781 1601 3836 tidem
1635 3784 1712 3848 ";
1745 3800 1960 3856 pra-pu-

391 3849 524 3902 tinm
553 3865 682 3907 vero
700 3871 798 3924 per
827 3857 1008 3925 (idem,
1042 3871 1094 3917 et
1118 3879 1221 3920 non
1253 3880 1318 3922 cx
1348 3870 1472 3923 llde.
1500 3869 1618 3926 Non
1647 3849 1792 3928 enim
1825 3849 1958 3929 mihi

390 3940 604 3994 videtur
637 3949 905 4014 superﬂua
944 3953 1082 4018 apud
1108 3968 1232 4008 eum
1264 3957 1450 4012 haberi
1484 3959 1590 4015 ista
1625 3964 1960 4032 praepositio-

391 4047 518 4084 num
547 4039 897 4092 commutatio
929 4042 1061 4111 (ιο),
1093 4045 1216 4112 quia
1261 4047 1566 4106 invenimus
1603 4055 1670 4108 ab
1709 4068 1775 4108 eo
1819 4065 1872 4109 et
1903 4056 1957 4109 in

391 4120 510 4175 aliis
535 4121 688 4188 locis,
714 4141 821 4180 non
849 4139 903 4181 ut
933 4131 1078 4195 libet,
1107 4135 1201 4188 sed
1231 4137 1585 4194 observanter
1612 4144 1730 4198 haec
1764 4146 1955 4214 posita,

391 4221 446 4265 et
478 4218 785 4273 necessario
833 4220 1194 4277 didereutiam
1226 4226 1609 4287 «distinctionis
1649 4233 1810 4302 hujus
1837 4250 1958 4291 esse

390 4317 688 4373 servatam,
725 4311 866 4365 sicut
891 4327 1010 4368 cum
1043 4314 1110 4368 tle
1137 4313 1247 4370 Deo
1279 4314 1507 4386 loquens
1538 4322 1671 4376 dicit
1705 4341 1719 4378 :
1755 4343 1774 4377 t
1813 4326 1958 4392 Quo-

391 4395 534 4449 niam
587 4414 654 4453 ex
709 4400 845 4472 ipso,
910 4413 967 4460 et
1022 4423 1121 4476 per
1167 4411 1430 4482 seipsum,
1463 4421 1520 4466 et
1568 4413 1620 4466 in
1677 4414 1794 4482 ipso
1829 4426 1956 4470 sunt

388 4491 572 4545 omnia
599 4493 663 4543 ιτ.
711 4511 731 4546 ι
772 4495 838 4549 Et
885 4497 1082 4554 iterum
1136 4502 1266 4558 alibi
1326 4504 1500 4560 dicit:
1540 4523 1559 4557 t
1602 4505 1756 4562 Sicut
1805 4509 1951 4564 enim

390 4581 584 4638 mulier
627 4601 716 4650 εις,¹
751 4587 890 4653 viro,
928 4591 1008 4646 sic
1050 4603 1104 4649 et
1139 4594 1220 4648 vir
1275 4612 1370 4666 per
1414 4596 1694 4652 mulierem
1729 4601 1956 4655 :omnia

388 4686 568 4729 autem
593 4694 658 4733 ex
691 4682 796 4737 Deo
826 4685 887 4740 ⁸⁸.
919 4701 938 4736 t
975 4683 1103 4740 Tale
1134 4695 1214 4740 est
1265 4696 1319 4741 et
1375 4690 1516 4758 quod
1545 4690 1612 4744 ad
1646 4689 1958 4746 Corinthios

330 4773 336 4780 ‘
386 4760 574 4816 scribit
605 4780 620 4817 :
657 4786 674 4818 ι
706 4769 812 4824 Alii
866 4771 1083 4842 quidem
1140 4787 1236 4842 per
1291 4772 1551 4845 Spiritum
1580 4776 1740 4832 datur
1772 4793 1953 4836 sermo

461 4901 506 4934 ⁸⁸
536 4903 690 4959 Rom.
725 4922 804 4972 ιιι,
827 4908 915 4963 50.
981 4909 1022 4941 "
1047 4910 1200 4970 Rom.
1234 4928 1308 4972 ιιι.
1337 4913 1424 4967 36.

387 4985 466 5036 xu,
495 4975 584 5029 36.
662 4977 706 5008 ³³
734 4977 756 5032 ι
789 4977 914 5034 Cor.
947 4982 1142 5044 v.12.

558 5097 718 5163 Edili,
755 5116 773 5149 t
813 5100 926 5155 Dei.
969 5119 989 5153 ι

455 5165 532 5237 (6)
560 5167 650 5221 Sic
673 5183 860 5224 omnes
897 5187 1026 5227 mss.
1064 5175 1253 5231 nostri.
1303 5175 1444 5230 Editi
1477 5189 1624 5242 vero,
1660 5195 1681 5230 t
1713 5179 1850 5234 satis
1880 5179 1949 5234 de

385 5233 488 5289 hoc
513 5233 754 5321 angusta
804 5249 858 5321 et
900 5251 1050 5295 arcta
1084 5245 1361 5321 responsio
1402 5247 1469 5321 ab
1507 5233 1752 5316 apostolo
1783 5233 1948 5305 Paulo

384 5317 672 5374 praestatur
702 5321 717 5360 :
748 5313 886 5364 satis
917 5313 1154 5366 ostendit
1181 5317 1505 5370 sententiam
1536 5313 1710 5371 Suam.
1747 5335 1766 5368 ι

455 5376 531 5444 (7)
558 5379 664 5438 AL,
701 5397 719 5428 t
755 5381 991 5448 ul:jicere
1013 5423 1026 5444 ,
1067 5401 1086 5434 ι
1119 5385 1278 5438 male.

456 5447 536 5584 (8;
562 5449 734 5515 Alias,
765 5466 783 5499 t
821 5447 958 5518 quos
983 5453 1071 5506 ille
1097 5453 1358 5510 animales
1383 5464 1559 5510 vocat.
1592 5473 1610 5507 t

459 5514 514 5580 (9
564 5519 671 5580 AL,
727 5537 746 5570 ι
799 5520 1060 5584 Superest
1121 5531 1180 5576 ttt
1229 5525 1456 5584 unius...
1512 5541 1610 5580 non

315 5571 322 5578 ,
459 5514 536 5584 (9)
564 5519 671 5580 AL,
799 5514 1060 5598 Superest
1121 5531 1180 5576 ut
1229 5525 1620 5598 unius...__uon
1672 5540 1769 5582 nos
1814 5525 1944 5598 [al.,

392 5598 413 5634 t
445 5598 664 5662 necatos
695 5586 743 5659 ι]
775 5586 946 5644 otiose
971 5601 1260 5662 praetereat
1288 5587 1416 5662 quid
1443 5595 1592 5650 dicit.
1632 5614 1650 5647 ι

458 5655 570 5724 (l0)
591 5655 702 5725 AL,
724 5655 753 5707 ἰ
790 5655 1184 5727 prmpositi0ttis
1215 5681 1235 5716 ι
1265 5655 1406 5719 nunc
1450 5682 1470 5718 ι
1505 5668 1877 5726 commulatio.
1921 5686 1942 5719 ι

1238 4983 1286 5015 ³³
1314 4984 1488 5040 Colat.
1525 5002 1600 5052 tv,
1629 4987 1684 5040 ι.

2062 1855 2148 1909 nis
2173 1855 2438 1920 omnium,
2465 1863 2523 1908 et
2555 1854 2658 1908 hoc
2685 1853 2860 1922 ipsum
2885 1852 3030 1922 quod
3061 1866 3180 1920 qua:
3214 1859 3362 1912 sunt,
3399 1866 3468 1904 ex
3519 1850 3639 1904 Deo
3667 1841 3678 1848 ’

2059 1962 2184 2004 esse
2211 1956 2519 2018 cmperunt,
2547 1944 2969 2015 significautiam
2999 1943 3182 2000 dedit:
3212 1961 3230 1993 ι
3263 1957 3359 2010 per
3381 1942 3582 2010 ipsum.
3614 1957 3636 1993 ι

2060 2039 2200 2108 quod
2229 2053 2292 2093 ea
2322 2052 2442 2106 qua:
2485 2038 2635 2106 prius
2674 2034 2827 2089 facta
2873 2032 3105 2094 fuerant,
3145 2045 3406 2103 reguntur
3434 2042 3492 2087 et
3521 2033 3643 2087 dis~

2059 2139 2354 2199 pensantur
2393 2145 2491 2200 per
2515 2144 2637 2184 eum
2689 2144 2718 2182 a
2751 2142 2858 2196 quo
2911 2125 3240 2180 subsisteudi
3277 2125 3492 2179 initium
3519 2135 3638 2178 tra—

2059 2223 2236 2290 bunt;
2270 2242 2287 2274 ι
2323 2222 2378 2276 in
2435 2223 2572 2292 ipso,
2611 2240 2630 2274 ι
2670 2220 2811 2290 quod
2866 2218 2920 2273 bi
2982 2218 3072 2287 qui
3116 2216 3228 2285 jam
3289 2215 3526 2271 correcti
3579 2227 3640 2270 et

2058 2314 2329 2370 emendati
2357 2322 2504 2380 sunt,
2533 2313 2587 2368 in
2619 2313 2786 2382 ipsius
2816 2308 3150 2380 perfectione
3183 2309 3511 2364 consistunt.
3541 2308 3637 2361 Sic

2058 2419 2188 2476 ergo
2227 2407 2339 2460 hac
2388 2405 2713 2472 plenissima:
2770 2404 2996 2460 rationis
3049 2413 3231 2458 tenere
3292 2398 3644 2452 diil'erentias

2058 2495 2512 2568 edocentur(12),
2571 2506 2630 2552 ut
2679 2497 2825 2566 quod
2879 2496 3244 2559 subsistimus,
3279 2512 3295 2543 ι
3331 2505 3400 2544 ex
3463 2490 3574 2544 Deo
3607 2508 3634 2542 ι

2060 2585 2261 2640 habere
2312 2586 2562 2642 dicamur
2610 2586 2803 2656 :quod
2853 2587 3230 2655 dispensamur
3279 2591 3332 2637 et
3367 2583 3634 2648 regimur,

2066 2699 2086 2734 ε
2126 2693 2224 2752 per
2255 2681 2426 2750 ipsum
2452 2699 2472 2734 t
2502 2679 2618 2734 ﬁeri
2648 2680 2991 2749 designetur:
3019 2680 3161 2748 quod
3192 2689 3319 2728 vero
3344 2675 3395 2727 in
3413 2689 3632 2726 summa

2060 2773 2414 2841 perfectionis
2433 2772 2803 2836 consistimus,
2828 2789 2847 2823 ι
2885 2770 2938 2824 in
2966 2769 3084 2838 ipso
3109 2787 3126 2820 ι
3151 2782 3272 2822 esse
3292 2765 3633 2820 declaretur.

2060 2863 2248 2921 Potest
2277 2875 2332 2920 et
2361 2865 2414 2918 in
2456 2863 2712 2934 prtesenti
2750 2862 2867 2918 loco
2906 2861 3031 2916 talis
3075 2859 3320 2930 quaedam
3349 2857 3640 2911 observari

2062 2957 2384 3023 differentia,
2403 2967 2459 3010 ut
2479 2957 2824 3010 circumcisio
2841 2971 2961 3025 quae
2979 2953 3121 3008 velut
3140 2953 3313 3022 primo
3331 2949 3446 3003 loco
3470 2959 3526 3002 et
3543 2964 3640 3001 or—

2064 3047 2628 3116 dinejustilicatur,ex
2647 3047 2770 3110 ﬁde,
2787 3055 2841 3101 et
2863 3061 2966 3100 non
2987 3060 3082 3114 per
3107 3043 3264 3098 ﬁdem
3283 3041 3639 3110 iustiﬁcandzt

2498 3139 2820 3210 praeputium
2867 3153 2996 3192 vero
3041 3135 3187 3206 quod
3223 3134 3464 3198 secundo
3509 3133 3640 3188 loco

2061 3233 2128 3286 ad
2179 3229 2623 3299 iustiﬁcationem
2691 3229 2960 3295 trahitur,
3013 3243 3118 3282 non
3175 3242 3240 3282 ex
3310 3225 3448 3292 ﬁde,
3533 3225 3633 3280 scd

2061 3321 2224 3392 519
2251 3337 2348 3392 per
2375 3319 2530 3375 [idem
2555 3320 2960 3391 justilicandum
2989 3320 3226 3374 dicatur.
3265 3319 3401 3373 Puto
3445 3326 3634 3371 autem

2060 3414 2205 3484 quod
2241 3421 2294 3467 et
2341 3413 2395 3467 in
2438 3427 2500 3466 ea
2556 3411 2884 3476 dill'erentia,
2924 3427 3086 3482 quam
3137 3427 3299 3482 supra
3349 3413 3587 3467 diximus
3615 3431 3632 3466 :

2067 3522 2087 3556 ι
2117 3503 2271 3558 Sicut
2297 3504 2442 3558 enim
2489 3504 2683 3558 mulier
2715 3519 2782 3558 ex
2816 3500 2951 3568 vlro,
2989 3503 3062 3558 ita
3093 3512 3146 3558 et
3195 3503 3281 3557 vir
3313 3517 3409 3572 per
3438 3501 3638 3556 mulie.

2061 3609 2174 3648 rem
2192 3595 2304 3658 “,r
2350 3593 2562 3665 plenius
2601 3595 2702 3648 ista
2751 3594 3123 3663 designentur.
3187 3593 3370 3647 Primo
3427 3592 3637 3647 etenim

2060 3685 2178 3740 loco
2222 3685 2307 3740 vir
2339 3695 2442 3753 est,
2469 3701 2536 3741 ex
2585 3700 2694 3754 quo
2741 3685 3075 3740 descendere
3103 3685 3296 3739 mulier
3319 3683 3544 3744 dicitur,
3577 3691 3638 3736 et

2060 3792 2166 3830 non
2195 3791 2293 3845 per
2322 3777 2517 3830 virum.
2545 3776 2794 3830 Secundo
2817 3790 2945 3830 vero
2977 3776 3028 3829 in
3064 3775 3184 3830 loco
3221 3790 3318 3845 per
3347 3773 3634 3828 mulierem

2058 3869 2143 3922 vir
2167 3885 2188 3934 ;
2210 3867 2334 3935 quia
2385 3867 2582 3922 mulier
2636 3867 2945 3922 ministrare
2985 3866 3390 3936 quodammodo
3418 3864 3637 3918 videtur

2059 3961 2267 4015 auctori
2303 3959 2440 4026 viro,
2471 3969 2527 4014 et
2577 3959 2698 4014 ideo
2740 3974 2835 4030 per
2869 3959 3150 4014 mulierem
3183 3959 3268 4012 vir
3306 3957 3510 4012 dicitur
3536 3970 3638 4008 na-

2060 4053 2157 4118 sci,
2177 4061 2232 4105 et
2261 4066 2366 4105 non
2388 4066 2452 4104 ex
2483 4048 2856 4104 muliere-“Sed
2885 4049 3133 4103 fortassis
3154 4055 3408 4102 occurrat
3436 4045 3646 4114 aliquis-

2060 4143 2186 4197 huic
2220 4143 2286 4196 de
2325 4141 2551 4195 muliere
2583 4150 2638 4194 et
2686 4140 2805 4193 viro
2835 4137 3165 4208 expositioni
3203 4147 3423 4198 nostrae,
3448 4144 3503 4190 et
3535 4134 3635 4187 ob-

2053 4233 2210 4302 jiciat
2240 4231 2392 4293 illud,
2422 4231 2564 4301 quod
2600 4231 2737 4284 dixit
2767 4229 3056 4301 Apoetolus
3079 4230 3147 4283 de
3179 4227 3434 4283 Christo:
3471 4244 3492 4278 ι
3519 4225 3630 4281 Fa-

2058 4334 2204 4378 ctum
2237 4339 2302 4378 ex
2339 4323 2584 4386 muliere,
2618 4319 2819 4375 factum
2847 4320 2948 4373 sub
2974 4320 3089 4390 lege
3105 4320 3186 4383 “;
3217 4337 3236 4371 ι
3261 4327 3439 4373 etnon
3467 4317 3632 4380 dixit,

2060 4414 2264 4467 factum
2285 4429 2382 4482 per
2411 4411 2712 4468 mulierem.
2743 4411 2840 4466 Cui
2871 4413 2971 4466 hoc
3005 4411 3163 4464 modo
3190 4409 3629 4478 respondendum

2061 4516 2206 4577 pulo.
2236 4503 2310 4560 De
2349 4505 2496 4559 omni
2535 4505 2750 4574 quidem
2784 4503 3001 4558 homine
3029 4502 3316 4558 conveniet
3349 4499 3453 4555 dici
3481 4501 3626 4570 quod

2059 4613 2154 4667 per
2181 4597 2459 4651 mulierem
2482 4597 2661 4651 factus
2682 4596 2774 4662 sit,
2791 4596 3047 4664 quoniam
3071 4593 3288 4663 quidem
3311 4595 3634 4663 priusquam

2058 4669 2156 4756 per
2183 4687 2462 4741 mulierem
2483 4695 2823 4750 nasceretur,
2847 4700 2911 4740 ex
2935 4687 3049 4740 viro
3074 4685 3282 4754 accepit
3299 4685 3583 4739 exordium
3611 4701 3628 4748 ;

2057 4779 2310 4836 Christus
2344 4795 2492 4848 vero,
2530 4781 2620 4851 qui
2657 4796 2762 4836 non
2794 4796 2862 4837 ex
2891 4782 3100 4836 semine
3149 4780 3250 4836 viri
3293 4779 3478 4835 carnis
3517 4793 3632 4833 sua:

1507 4916 1550 4948 ¹⁸
1578 4915 1739 4971 lCor.
1770 4933 1844 4982 xt,
1876 4917 1955 4974 19..

2062 4919 2080 4950 '
2107 4918 2126 4973 l
2156 4919 2282 4976 Cor.
2304 4935 2404 4987 xu,
2427 4923 2484 4979 8.
2557 4921 2604 4953 ’°
2629 4921 2789 4978 loan.
2820 4935 2861 4987 ι,
2893 4923 2951 4979 5.
3023 4923 3070 4955 “
3101 4922 3228 4979 ibid.
3251 4919 3308 4975 ι.
3385 4920 3432 4952 ³⁸
3465 4918 3630 4973 Rom.

2056 5105 2334 5168 Rabanus,
2366 5123 2385 5156 t
2419 5105 2817 5173 praepositionis
2855 5123 2880 5159 ι
2905 5119 3003 5174 ρει·
3028 5123 3048 5156 ‹
3081 5107 3450 5161 commutatio.
3489 5125 3512 5158 ι

2126 5174 2238 5257 ςίί)
2265 5175 2445 5257 ϐρύει
2473 5174 2822 5257 Ebroicensis
2852 5187 2914 5257 et
2969 5174 3246 5257 lderlinus,
3283 5193 3302 5226 ι
3344 5191 3486 5257 qua:
3505 5186 3630 5243 post

2055 5245 2354 5314 principale
2406 5253 2511 5310 est,
2564 5245 2920 5315 intelligentia
2971 5246 3318 5316 designatur;
3370 5264 3390 5297 ι
3443 5245 3628 5300 Gene-

2053 5315 2286 5370 hrardus
2326 5329 2480 5379 vero,
2514 5332 2536 5366 ι
2587 5330 2706 5384 quae
2747 5326 2872 5384 post
2909 5315 3204 5385 principale
3248 5315 3625 5385 intelligentia,

2055 5386 2322 5454 designat,
2359 5402 2380 5436 ι
2417 5387 2616 5444 rectius
2668 5385 2760 5440 alii
2806 5399 2944 5440 mss.
2991 5386 3162 5440 nostri
3221 5394 3283 5439 ut
3324 5385 3378 5438 in
3431 5399 3631 5442 noser

2053 5465 2218 5508 lexut.
2374 5505 2382 5510 .

2121 5523 2234 5590 (t2)
2265 5522 2360 5578 Sic
2401 5523 2643 5594 potiores
2684 5537 2815 5582 mss.
2861 5525 3034 5582 nostri
3073 5534 3129 5582 et
3169 5523 3450 5582 Rabaous.
3506 5527 3629 5593 AL,

2054 5611 2074 5646 ι
2110 5596 2419 5650 edocemur.
2465 5612 2484 5648 ι
