3974 6206
269 276 391 331 957

1237 288 1596 353 COMMENT.
1628 293 1696 349 ΙΝ
1735 292 1957 353 EPIST.
1995 296 2105 353 AD.
2146 298 2310 358 ROM.
2348 302 2477 361 LIB.
2520 305 2608 364 lll.

3428 326 3533 383 958

270 394 514 507 sumpsi't
551 397 849 469 originem,
884 400 1078 458 merito
1112 422 1133 457 «
1161 420 1229 462 ex
1259 410 1486 467 muliere
1507 429 1528 465 ι
1559 413 1734 470 factus
1763 415 1846 469 di-
1878 422 1925 477 Α
1952 413 2147 485 legem.
2184 419 2291 474 Sed
2326 432 2381 477 et
2431 423 2522 478 illa
2557 440 2904 499 nequaquam
2939 433 3100 490 nobis
3153 445 3529 507 praetereunda

270 490 442 543 citur.
481 488 586 559 Ipsi
623 507 878 564 namque,
908 496 962 551 id
994 505 1077 552 est
1114 500 1350 567 mulieri,
1408 512 1463 558 et
1513 505 1625 575 ipsa
1661 508 1860 574 princi-
1961 508 2175 563 videtur
2199 511 2450 582 objectio,
2477 488 3534 594 quam-proterrequispotanti-dicer;

274 581 417 646 palis
446 584 603 653 origo
635 587 818 641 carnis
842 588 960 658 ejus
992 590 1305 657 ascribitur,
1344 604 1400 649 et
1448 606 1597 652 recte
1632 615 1736 654 non
1764 615 1860 668 per
1958 600 2101 669 quod
2147 581 2445 661 contraria
2469 581 2575 664 sibi
2631 581 2882 668 scribere
2930 581 3180 672 videatur
3220 581 3529 690 Ᾰροκιυιιισ.

272 676 588 741 mulierem,
638 680 734 735 sed
787 697 901 737 «ex
941 684 1211 742 muliere)
1260 689 1434 747 factus
1483 693 1553 748 ab
1601 693 1858 763 Apostolo

272 785 635 831 memoratur.
667 774 938 831 Justiflcat
975 793 1106 851 ergo
1152 798 1292 839 unus
1342 794 1504 856 atque
1534 787 1674 843 idem
1717 791 1856 848 Dens

272 866 749 921 circumcisionem
778 884 842 924 ex
871 870 997 935 ﬁde,
1031 883 1083 927 et
1114 877 1435 945 prteputium
1476 895 1573 949 per
1601 881 1757 937 ﬁdem
1783 886 1847 939 ³⁸.

273 957 434 1024 Quod
481 961 525 1015 si
553 960 665 1030 (l3)
705 963 949 1032 requirat
1003 965 1201 1035 aliquis
1246 969 1540 1037 curiosius,
1582 974 1617 1028 ii
1662 977 1754 1045 qui
1784 992 1850 1032 ex

274 1050 382 1104 fide
406 1051 800 1120 justiﬁcantur,
824 1069 919 1122 per
939 1071 1100 1123 quem
1123 1058 1531 1129 justiﬁcentur;
1558 1075 1613 1120 et
1635 1082 1848 1122 rursum

272 1140 310 1193 ii
345 1142 440 1210 qui
472 1157 570 1211 per
599 1142 759 1198 ﬁdem
794 1143 1191 1213 iustificantur.
1225 1166 1291 1206 ex
1314 1153 1845 1223 quojustiﬁcentur:

266 1235 398 1289 licet
430 1236 683 1293 fortassis
722 1239 888 1294 multa
926 1240 977 1295 in
1014 1243 1116 1299 hoc
1158 1246 1448 1303 curiositas
1474 1250 1740 1318 videatur,
1767 1264 1848 1310 ta-

266 1345 398 1384 men
445 1331 834 1385 convenienter
880 1332 1063 1390 dicere
1108 1350 1413 1403 possumus,
1451 1343 1594 1410 quod
1631 1345 1722 1412 qui
1776 1360 1844 1399 ex

267 1424 378 1479 ﬁde
401 1424 791 1492 justiﬁeantur,
821 1425 978 1481 initio
1005 1443 1071 1483 ex
1098 1428 1206 1485 ﬁde
1235 1442 1452 1502 sumpto
1474 1450 1571 1503 per
1587 1438 1845 1507 adimple-

269 1518 475 1570 tionem
505 1517 768 1572 bonorum
796 1533 1020 1588 operum
1056 1536 1529 1589 consummantur,
1554 1539 1604 1581 et
1634 1529 1723 1597 qui
1751 1546 1845 1599 per

268 1609 432 1664 ﬁdem
461 1610 849 1680 iustiﬁcantur,
873 1626 901 1665 a
936 1614 1095 1669 bonis
1118 1616 1375 1684 operibus
1402 1619 1584 1673 exorsi
1612 1619 1723 1692 (14)
1748 1638 1843 1691 per

269 1704 429 1757 fidem
471 1720 739 1759 summam
784 1706 1133 1775 perfectionis
1177 1711 1474 1779 accipiunt.
1510 1714 1583 1767 lta
1630 1726 1835 1769 utrum-

1871 1761 1914 1815 B

1955 707 2081 747 cum
2122 692 2175 748 in
2221 700 2476 766 prmsenti
2508 702 2726 768 quidem
2762 704 2884 760 loco
2913 706 3045 762 dicit
3074 724 3178 763 non
3211 711 3415 766 destrui
3449 715 3529 768 le-

1953 799 2095 855 gem,
2129 796 2221 843 sed
2247 792 2557 848 conﬁrmari
2599 794 2742 867 (l7);
2778 797 2832 851 in
2866 800 3104 853 secunda
3146 816 3279 857 vero
3311 804 3379 858 ad
3425 806 3528 860 Co—

1954 879 2183 936 rinthios
2231 883 2303 936 ita
2359 886 2591 941 scribit:
2629 888 2824 955 «Quod
2856 891 2901 944 si
2939 891 3299 948 ministerium
3336 898 3527 951 mortis

1952 968 2005 1023 in
2060 970 2258 1028 litteris
2308 974 2601 1031 formatum
2653 978 2704 1032 in
2747 980 3052 1050 lapidibus,
3089 981 3287 1037 factum
3344 999 3427 1039 εει
3471 988 3521 1040 itt

1950 1061 2143 1132 gloria,
2190 1065 2260 1118 ita
2299 1076 2358 1119 ut
2393 1084 2501 1122 non
2540 1082 2761 1136 possent
2799 1072 3081 1129 intendere
3128 1074 3220 1129 ﬁlii
3265 1074 3431 1133 lsrael
3468 1080 3521 1133 in

1951 1154 2142 1211 faciem
2183 1158 2349 1230 Moysi
2394 1172 2613 1229 propter
2646 1163 2876 1233 gloriam
2910 1167 3089 1222 vultus
3130 1168 3248 1236 ejus
3277 1185 3398 1240 qua:
3424 1172 3522 1226 de-

1947 1247 2198 1311 struitur,
2231 1250 2502 1318 quomodo
2528 1267 2636 1307 non
2687 1255 2857 1325 magis
2893 1256 3252 1313 ministerium
3287 1261 3522 1328 Spiritus

1946 1338 2052 1393 erit
2102 1340 2153 1393 in
2201 1340 2365 1411 gloria
2399 1344 2481 1397 "?
2509 1364 2527 1397 ι
2570 1345 2634 1401 Et
2659 1347 2823 1415 paulo
2871 1360 3031 1419 post:
3070 1370 3087 1403 «
3116 1351 3174 1406 Si
3206 1353 3350 1406 enim
3376 1355 3520 1421 quod

1945 1429 2267 1497 destruitur,
2299 1449 2393 1502 per
2430 1438 2656 1505 gloriam
2684 1452 2805 1507 est;
2838 1441 3007 1495 multo
3036 1443 3208 1513 magis
3228 1446 3374 1513 quod
3405 1462 3522 1500 ma-

1946 1530 2055 1581 net.
2098 1522 2148 1574 itt
2183 1524 2354 1593 gloria
2383 1527 2543 1580 est“.
2581 1547 2601 1581 υ
2641 1530 2756 1585 Dici
2793 1545 2924 1600 ergo
2960 1543 3139 1599 potest
3176 1536 3306 1605 quia
3340 1536 3515 1605 gloria

1944 1612 2126 1668 vultus
2149 1614 2316 1686 Moysi
2345 1633 2464 1687 quae
2486 1622 2809 1687 destruitur,
2839 1635 2892 1680 et
2924 1625 3024 1679 hoc
3045 1628 3189 1694 quod
3213 1627 3344 1682 dicit
3374 1644 3387 1680 :
3413 1647 3431 1680 «
3459 1630 3516 1683 Si

1942 1703 2242 1772 euitnquod
2270 1706 2593 1771 destruitur,
2612 1724 2706 1778 per
2731 1711 2958 1779 gloriam
2994 1723 3095 1779 est,
3130 1734 3148 1768 ι
3180 1719 3516 1773 contrarium

261 1810 370 1863 que
594 1795 878 1852 adﬁxa-ens
936 1799 1167 1854 alterum
1222 1816 1288 1855 ex
1349 1803 1523 1859 anet-0
1584 1819 1841 1859 consum-
1871 1794 1914 1815 υ
1943 1794 2112 1849 videri
2146 1796 2272 1852 huic
2301 1801 2587 1854 sententia:
2618 1815 2721 1870 qua
2758 1808 3105 1869 pronuntiat:
3131 1808 3250 1864 Non
3274 1812 3515 1866 destrui-

262 1898 468 1942 Illallﬂ'.

334 1979 424 2034 11.
454 1980 519 2034 lit
558 1990 845 2051 propterea
882 1992 1012 2053 puto
1038 1984 1356 2055 Apostolum
1387 1993 1572 2047 statim
1615 1996 1666 2049 in
1701 2013 1835 2052 con-

257 2072 616 2138 sequentibus
636 2073 881 2141 posuisse
911 2091 924 2126 :
957 2091 976 2125 «
1005 2074 1202 2146 Legem
1230 2095 1362 2151 ergo
1384 2097 1712 2142 evacuamus
1742 2105 1837 2157 per

258 2161 467 2215 ﬁdem?
512 2162 704 2227 Absit;
735 2163 827 2217 sed
889 2163 1057 2234 legem
1106 2172 1477 2227 statuimus”.
1509 2192 1530 2227 ι
1567 2174 1833 2242 Quoniatu

256 2251 310 2305 in
349 2252 722 2318 superioribus
754 2254 820 2307 ad
852 2256 1009 2311 [idem
1043 2270 1239 2315 cuncta
1260 2262 1410 2317 visus
1439 2276 1523 2319 est
1556 2282 1830 2337 revocare,

255 2344 374 2410 ipse
404 2343 508 2396 sibi
542 2344 685 2410 quod
716 2345 784 2399 ab
810 2345 919 2401 alio
942 2352 1169 2420 proponi
1202 2364 1384 2421 posset
1416 2355 1663 2411 obtendit
1688 2360 1828 2429 (15),

254 2443 309 2486 et
344 2433 521 2487 dicit:
552 2434 609 2487 Si
643 2449 738 2503 per
778 2436 941 2491 ﬁdem
967 2439 1297 2508 justiﬁcatur
1329 2444 1513 2510 homo,
1539 2456 1594 2501 et
1634 2463 1737 2503 non
1761 2464 1827 2505 ex

250 2525 513 2593 operibus
545 2525 698 2596 legis,
747 2537 802 2582 et
854 2530 899 2583 si
936 2532 1077 2586 Deus
1110 2533 1585 2591 circumcisionem
1616 2554 1679 2593 ex
1722 2541 1829 2595 fide

248 2615 538 2684 iustiﬁcat,
557 2627 612 2672 et
631 2620 951 2689 praeputium
972 2637 1069 2691 per
1093 2623 1275 2688 ﬁdem,
1293 2625 1459 2696 legem
1482 2642 1613 2698 ergo
1638 2628 1824 2700 Moysi,

250 2721 285 2759 o
319 2705 507 2769 Paule,
544 2707 776 2763 destruis
807 2723 904 2777 per
945 2710 1150 2765 ﬁdem?
1195 2711 1304 2768 Sed
1349 2716 1416 2769 ad
1470 2717 1572 2772 hoc
1603 2719 1719 2787 ipse
1744 2735 1829 2774 re-

250 2800 529 2866 spondens
572 2800 704 2854 dicit
737 2816 752 2853 :
784 2818 802 2853 «
825 2799 1009 2868 Absit;
1070 2803 1177 2859 imo
1234 2806 1406 2875 legem
1459 2812 1770 2877 statuimus,
1800 2832 1820 2865 ι

250 2891 354 2948 hoc
380 2900 467 2946 est
492 2892 900 2948 conﬁrmamus.
934 2892 1038 2949 Sed
1062 2911 1239 2965 opera:
1275 2900 1512 2967 pretium
1537 2911 1617 2955 est
1647 2903 1826 2958 videre

248 2984 525 3052 quomodo
564 2983 735 3054 legem
776 2999 835 3039 se
862 2985 1218 3044 conﬁrmare
1262 2994 1597 3060 pronuntiet,
1625 2993 1719 3063 qui
1770 2994 1822 3049 in

1940 1901 2059 1939 mus
2108 1886 2280 1957 legent
2320 1905 2416 1959 per
2468 1891 2648 1958 ﬁdem,
2688 1897 2782 1951 sed
2812 1898 3100 1953 statuimus
3128 1910 3183 1956 et
3214 1904 3509 1957 conﬁrma-

1940 1992 2060 2031 mus
2080 1976 2145 2032 “.
2175 1978 2279 2033 Sed
2318 1981 2439 2035 vide
2484 1983 2530 2038 si
2565 1987 2839 2052 possimus
2863 1988 2975 2059 (l8)
3013 1990 3116 2046 hoc
3165 1993 3327 2050 tuodo
3369 1997 3514 2064 quod

1938 2064 2240 2121 intentatur
2268 2069 2571 2127 absolvere.
2592 2072 2708 2129 Non
2739 2086 2821 2130 est
2852 2076 2993 2132 idem
3024 2083 3169 2149 quod
3201 2082 3339 2136 dixit
3371 2084 3506 2152 (l9):

1942 2156 2184 2224 «Legem
2238 2160 2590 2227 destruitnus,
2622 2183 2641 2216 ι
2698 2176 2773 2231 ct,
2823 2166 2908 2221 lex
2956 2169 3274 2227 destruitur.
3317 2173 3511 2230 Paulus

1935 2263 2068 2317 ergo
2106 2249 2158 2302 in
2192 2253 2443 2319 praesenti
2496 2254 2617 2309 loco
2656 2256 2760 2312 hoc
2791 2262 3131 2326 pronuntiat,
3157 2267 3299 2332 quod
3334 2264 3505 2336 lcgcut

1935 2341 2047 2410 ipse
2082 2358 2187 2396 non
2212 2343 2475 2401 destruat.
2500 2345 2631 2400 Nam
2666 2356 2720 2402 et
2752 2349 2796 2404 si
2829 2350 3233 2409 destruiturlex
3260 2371 3356 2425 per
3386 2372 3505 2410 eam

1933 2449 2051 2503 quae
2074 2439 2441 2505 supereminet
2472 2439 2728 2508 gloriam,
2762 2457 2867 2497 non
2898 2458 2995 2512 per
3029 2443 3280 2513 Paulum,
3333 2463 3507 2518 neque

1930 2539 2027 2594 per
2052 2526 2217 2579 alium
2249 2526 2487 2597 aliquem
2531 2541 2846 2587 sanctorum
2907 2534 3228 2591 destruitur.
3266 2537 3417 2595 Unde
3451 2551 3507 2595 et

1930 2617 2046 2685 ipse
2080 2618 2338 2673 Dominus
2382 2621 2636 2677 dicebat:
2671 2641 2691 2675 «
2733 2624 2847 2679 Non
2879 2628 2998 2681 veni
3042 2628 3250 2685 solvere
3303 2631 3504 2702 legem,

1928 2709 2025 2763 sed
2050 2710 2347 2780 adimplere
2367 2711 2431 2765 ".
2459 2733 2477 2764 ο
2503 2712 2693 2771 Nullus
2712 2732 2842 2786 ergo
2867 2728 3201 2786 sanctorum,
3224 2739 3321 2778 nec
3338 2723 3508 2798 520

1928 2799 2045 2869 ipse
2081 2801 2338 2858 Dominus
2366 2805 2596 2861 destruit
2645 2807 2844 2878 legem,
2876 2811 2970 2865 sed
3004 2812 3175 2881 gloria
3209 2816 3325 2884 ejus
3360 2826 3499 2872 tem-

1927 2895 2131 2963 poralis
2160 2905 2215 2952 et
2247 2901 2621 2967 pertransiens
2666 2917 2694 2955 a
2728 2902 2901 2973 gloria
2943 2917 3147 2961 eterna
3190 2917 3246 2962 et
3285 2924 3505 2980 perma-

1927 2993 2090 3039 nente
2145 2987 2446 3044 destruitur
2492 3001 2547 3045 et
2602 3002 2914 3063 superatur.
2967 2993 3117 3049 Unde
3169 2996 3290 3052 vide
3334 3014 3498 3067 quam

248 3075 628 3145 superioribus
660 3076 880 3142 dixerit,
916 3079 1040 3148 quia
1070 3097 1176 3136 non
1215 3080 1547 3151 justiﬁcetur
1575 3087 1732 3141 homo
1756 3103 1822 3143 ex

1928 3088 2083 3131 caute
2116 3086 2171 3130 et
2210 3081 2599 3149 perspicaciter
2637 3084 3208 3156 apostolicaalegendze
3235 3089 3343 3141 sint
3371 3088 3488 3143 Lit-

247 3168 505 3236 operibus
543 3168 758 3239 legis".
795 3168 1045 3227 Salvator
1087 3174 1139 3227 in
1174 3174 1487 3244 Evangeliis
1514 3176 1669 3239 dicit,
1698 3180 1823 3249 quia

253 3276 272 3309 «
298 3256 514 3330 Moyses
555 3262 622 3315 de
662 3277 748 3316 me
790 3264 1094 3334 scripsit".
1126 3283 1147 3318 ι
1181 3265 1280 3333 Qui
1316 3282 1444 3337 ergo
1493 3283 1598 3322 non
1649 3272 1823 3327 credit

244 3350 489 3416 Christo,
527 3352 595 3407 de
633 3368 744 3423 quo
779 3353 992 3426 Moyses
1042 3358 1265 3426 scripsit
1314 3358 1366 3412 in
1416 3358 1559 3427 lnge,
1588 3364 1823 3419 destruit

242 3440 454 3511 legem;
492 3444 585 3513 qui
627 3458 809 3500 autem
848 3447 1023 3501 credit
1072 3447 1312 3518 Christo,
1343 3450 1411 3507 de
1452 3467 1562 3521 quo
1606 3453 1821 3527 Moyses

240 3535 488 3604 scripsit,
518 3534 687 3606 legem
719 3540 1005 3593 conﬁrmat
1036 3555 1132 3609 per
1174 3540 1355 3608 ﬁdem,
1384 3543 1511 3613 quia
1553 3547 1729 3601 credit
1765 3546 1816 3600 in

239 3625 540 3681 Christum.
570 3626 758 3683 Fidem
791 3639 971 3686 autem
1005 3633 1237 3688 dicimus
1268 3634 1320 3687 in
1353 3634 1599 3699 Patrem,
1628 3648 1679 3691 et
1722 3636 1813 3691 Fi-

239 3712 398 3781 lium,
423 3723 478 3770 et
508 3716 770 3787 Spiritum
817 3729 1065 3774 sanctum
1106 3722 1393 3791 integrant,
1427 3725 1664 3793 plenam,
1692 3742 1818 3797 per-

239 3807 466 3870 fectam,
499 3825 620 3879 qua:
653 3809 765 3880 (l6)
809 3813 944 3868 nihil
991 3815 1291 3882 diversum,
1326 3817 1455 3871 nihil
1499 3818 1815 3891 discrepans

241 3910 335 3954 aut
355 3909 675 3957 extraneum
700 3904 751 3957 in
770 3903 1036 3959 Trinitate
1056 3907 1362 3973 proﬁtetur.
1391 3908 1520 3962 Nam
1547 3909 1809 3978 Marcion,

237 3992 331 4063 qui
368 3992 534 4047 alium
578 3994 713 4049 dicit
760 3995 926 4051 Deum
955 3997 1116 4067 legis,
1142 3999 1304 4053 alium
1335 4000 1550 4055 Patrem
1584 4002 1809 4070 Christi,

235 4100 333 4152 per
368 4084 527 4139 ﬁdem
559 4101 713 4141 suant
748 4103 853 4142 non
895 4090 1105 4155 statuit,
1149 4107 1324 4159 neque
1370 4093 1680 4158 conﬁrmat,
1717 4095 1811 4150 sed

235 4179 477 4233 destruit
506 4178 699 4248 legem.
735 4178 847 4235 Hoc
875 4191 929 4235 et
957 4181 1127 4236 Ehion
1173 4183 1340 4247 facit;
1376 4184 1477 4238 hoc
1516 4196 1570 4239 et
1621 4202 1812 4243 omnes

235 4271 328 4340 qui
362 4269 418 4324 in
466 4269 569 4325 ﬁde
614 4271 880 4326 catholica
927 4271 1129 4341 aliquid
1184 4276 1549 4343 corruptionis
1577 4277 1809 4332 interse-

234 4372 384 4419 ntnt.
409 4362 522 4432 Ego
553 4365 716 4418 etiam
757 4363 885 4418 illud
935 4368 1323 4421 convenienter
1354 4368 1630 4436 adjiciam,
1665 4369 1807 4439 quod

1931 3176 2077 3222 terte.
2138 3167 2253 3224 Non
2299 3173 2481 3227 dixit:
2515 3174 2742 3246 «Neque
2798 3178 2944 3232 enim
2997 3179 3357 3249 gloriﬁcatqu
3411 3194 3498 3239 est

1923 3258 2069 3324 quod
2098 3258 2392 3328 gloriosum
2429 3275 2513 3317 est
2532 3263 2601 3330 ³³,
2624 3283 2643 3316 υ
2683 3274 2737 3321 et
2787 3267 2970 3335 siluit;
3023 3271 3260 3341 alioquin
3297 3274 3493 3330 falsum

1924 3348 2201 3405 videretur
2235 3355 2533 3423 (quomodo
2567 3357 2711 3411 enim
2746 3360 2890 3429 quod
2931 3360 3230 3430 gloriosum
3273 3375 3358 3419 est
3387 3382 3493 3422 non

1920 3451 2064 3495 esset
2104 3441 2573 3516 gloriﬁcattttttl),
2620 3449 2715 3502 sed
2763 3450 3007 3505 addidit:
3052 3451 3326 3524 «Propter
3367 3470 3490 3511 eam

1919 3546 2041 3601 qua:
2093 3537 2462 3603 supereminet
2530 3539 2758 3608 gloriam
2793 3556 2845 3606 ς»
2880 3549 2936 3595 ιιι
2990 3546 3301 3600 ostenderet
3381 3563 3487 3601 non

1918 3639 1948 3679 a
1983 3641 2305 3697 quocunque
2361 3630 2563 3683 destrui
2609 3630 2841 3700 gloriam
2892 3631 3085 3705 Moysi,
3115 3636 3167 3688 id
3213 3646 3297 3691 est
3329 3637 3486 3706 legis,

1917 3716 2034 3780 sed,
2080 3726 2135 3771 ut
2189 3718 2450 3782 diximus,
2485 3734 2550 3771 ex
2594 3721 3005 3789 comparatione
3041 3725 3266 3795 majoris
3298 3727 3487 3797 glorias

1915 3819 2033 3874 quae
2065 3806 2117 3860 itt
2142 3806 2362 3862 Christo
2391 3817 2496 3873 est,
2525 3808 2701 3877 obtegi
2730 3818 2782 3863 et
2808 3810 2897 3864 ob:
2910 3812 3088 3865 curari
3118 3829 3236 3867 eam
3258 3816 3485 3882 gloriam

1913 3915 2033 3970 quae
2059 3900 2110 3953 in
2152 3900 2269 3970 lege
2296 3909 2407 3965 est;
2429 3910 2483 3952 et
2515 3900 2635 3955 ideo
2687 3902 2856 3957 dicit:
2892 3920 2911 3954 «
2938 3903 2995 3959 Si
3023 3905 3167 3959 enim
3216 3908 3358 3976 quod
3388 3909 3487 3963 de—

1911 3995 2163 4056 struitur,
2196 4010 2292 4065 per
2316 3995 2544 4065 gloriam
2575 4004 2691 4059 est;
2723 3995 2892 4051 multo
2921 3998 3090 4068 magis
3114 4001 3256 4069 quod
3280 4014 3485 4068 manet,

1912 4085 1966 4139 in
2007 4086 2177 4156 gloria
2234 4097 2318 4142 est
2339 4086 2408 4141 ³⁵.
2438 4106 2457 4138 ι
2487 4086 2708 4142 Manere
2755 4102 2876 4157 quae
2907 4089 3111 4145 Christi
3162 4102 3289 4148 sunt
3330 4094 3484 4161 dicit,

1910 4180 2114 4235 destrui
2145 4194 2265 4249 qua:
2296 4178 2463 4250 Moysi
2495 4190 2622 4234 sunt
2650 4195 2666 4234 :
2699 4181 2794 4235 sed
2843 4180 3047 4236 destrui
3088 4199 3194 4238 non
3242 4201 3337 4255 per
3386 4186 3485 4240 lto-

1911 4272 2132 4334 minem,
2160 4270 2253 4325 sed
2284 4286 2349 4325 ex
2387 4272 2819 4339 comparatione,
2846 4280 2904 4324 ut
2940 4272 3195 4339 diximus,
3222 4289 3484 4343 superve-

1911 4362 2113 4418 nientis
2141 4361 2253 4433 (20)
2278 4362 2497 4431 glorim;
2522 4362 2780 4429 quoniam
2807 4363 3027 4431 quidem
3065 4381 3086 4415 «
3116 4363 3198 4418 lex
3230 4366 3482 4437 pzedago-

230 4456 412 4511 omnis
440 4455 531 4526 qui
562 4457 796 4511 credens
819 4454 1035 4511 Christo
1066 4458 1205 4513 bene
1230 4461 1362 4528 agit,
1395 4470 1446 4514 et
1476 4461 1721 4515 continet
1748 4476 1808 4516 se

1928 4469 2011 4525 gus
2042 4465 2227 4508 noster
2258 4453 2358 4507 fuit
2399 4454 2450 4506 in
2494 4453 2716 4508 Christo
2745 4470 2765 4502 ι
2793 4453 2966 4506 donec
3010 4453 3216 4506 veniret
3256 4471 3275 4504 «
3302 4454 3479 4523 pleni-

235 4548 304 4602 ab
327 4546 476 4601 omni
509 4546 721 4601 macula
753 4548 982 4616 peccati,
1010 4548 1097 4603 hic
1124 4550 1292 4619 legem
1323 4551 1413 4604 Dei
1444 4560 1587 4604 recte
1619 4552 1809 4607 viven-

232 4639 303 4693 do
331 4640 655 4707 conﬁrmat;
690 4642 783 4711 qui
833 4657 965 4696 vero
1000 4656 1247 4711 praeceps
1285 4653 1627 4712 peccatorum
1662 4644 1808 4697 vitiis

231 4731 433 4800 agitur,
458 4740 512 4787 et
536 4732 653 4788 sine
678 4733 788 4787 ullo
819 4732 1118 4802 paenitendi
1157 4732 1808 4787 retinaculoassiduitate

231 4822 507 4878 scelerum
556 4824 881 4891 maculatur,
916 4825 1004 4880 hic
1025 4825 1192 4879 etiam
1244 4822 1289 4877 si
1332 4827 1555 4878 credere
1586 4825 1805 4879 Christo

230 4913 505 4977 videatur,
539 4928 637 4983 per
663 4914 824 4969 ﬁdem
856 4929 1011 4969 suam
1060 4930 1167 4968 non
1203 4913 1417 4978 statuit,
1445 4914 1537 4967 sed
1573 4914 1805 4968 destruit

318 5056 366 5088 "
393 5054 552 5109 Rom.
586 5069 669 5117 ttt,
696 5053 787 5108 50.
897 5053 942 5085 ’⁸
967 5053 1098 5107 ibid.
1128 5053 1220 5108 51.
1331 5053 1376 5085 ³⁷
1409 5051 1569 5105 Rom.
1602 5067 1678 5115 tu,
1706 5051 1797 5105 20.

228 5126 272 5159 ³¹
315 5126 473 5181 Rom.
507 5140 594 5191 ut,
628 5126 718 5181 3i.

300 5242 412 5311 (l3)
442 5239 596 5312 Quod
633 5242 701 5306 si,
734 5251 841 5296 etc.
891 5241 1022 5297 Vide
1065 5240 1511 5312 Origenianorum
1595 5238 1686 5292 lib.
1729 5254 1791 5305 tt,

228 5323 426 5382 quaest.
458 5311 515 5382 ἶ.
546 5328 697 5367 num.
728 5312 816 5365 11.

299 5382 411 5451 (14)
445 5378 857 5451 Genehrardus,
890 5400 909 5433 «
935 5381 1165 5443 extorsi,
1191 5399 1210 5432 ι
1244 5379 1405 5451 male.

297 5448 413 5529 (ﬁ)
447 5452 590 5529 [dem
621 5449 1024 5529 Genehrardus,
1060 5469 1080 5503 «
1102 5450 1361 5529 ostetidit,
1390 5468 1409 5501 ι
1446 5448 1656 5529 male;

297 5522 317 5579 f
328 5516 412 5589 16)
445 5520 718 5600 51911158.
748 5528 815 5600 .et
855 5516 1129 5600 Eabanus.
1170 5520 1319 5600 Edniti'
1349 5533 1502 5600 vero,
1529 5538 1572 5600 _«
1598 5516 1794 5600 Figere

225 5588 408 5646 autem
463 5591 695 5645 dicimus
748 5591 800 5644 in
866 5591 1079 5644 Patrem
1130 5601 1188 5646 et
1219 5588 1415 5643 Filium
1445 5599 1499 5642 et
1528 5588 1789 5656 Spiritum

222 5661 614 5731 sanctum,qui
658 5661 922 5731 integram
955 5660 1339 5725 substantiam,
1368 5657 1793 5728 pleuatn,perfe-

222 5741 393 5797 ctam,
423 5730 560 5800 qui,»
597 5740 701 5785 etc.

799 5124 846 5156 ⁸³
871 5122 1065 5178 Matth.
1098 5138 1149 5189 v,
1190 5124 1276 5177 l7.
1351 5122 1398 5154 ³³
1426 5120 1467 5176 ll
1502 5123 1628 5176 Cor.
1662 5137 1744 5183 ttt,
1777 5122 1864 5176 10.

1908 4545 2041 4600 tudo
2076 4554 2378 4614 temporum
2393 4545 2472 4608 ";
2497 4564 2516 4595 ι
2545 4555 2619 4609 et,
2651 4544 2791 4597 sicut
2823 4542 3079 4608 dicimus,
3112 4545 3477 4599 necessarium

1906 4652 2027 4691 esse
2051 4651 2189 4706 Opus
2244 4637 2543 4706 pwilagogi,
2571 4637 2741 4690 donec
2773 4632 3039 4703 parvulus
3068 4645 3150 4689 est
3181 4635 3228 4689 is
3252 4635 3343 4704 qui
3376 4636 3479 4690 sub

1907 4727 2196 4797 pzedagogo
2227 4737 2331 4790 est,
2361 4726 2569 4781 destrui
2613 4734 2792 4781 autem
2827 4735 2882 4780 et
2930 4741 3038 4780 non
3068 4740 3192 4781 esse
3223 4741 3475 4783 necessa-

1908 4819 2045 4872 rium
2088 4819 2325 4871 ollicium
2366 4818 2660 4887 paedagogi.
2692 4834 2816 4871 «tum
2853 4818 2920 4873 ad
2954 4816 3340 4888 perfectionem
3384 4833 3476 4873 ve-

1908 4912 2050 4968 nerit
2071 4911 2118 4966 is
2148 4910 2239 4982 qui
2269 4910 2369 4965 sub
2396 4911 2688 4981 paedagogo
2714 4910 2855 4977 fuit;
2886 4910 2959 4964 ita
2988 4910 3223 4966 dicimus
3269 4911 3473 4967 destrui

1903 5048 2335 5114 "Joan.v,45.
2458 5049 2504 5082 ι’
2533 5048 2722 5105 llCor.
2753 5065 2835 5113 ιιι,
2874 5052 2928 5117 7,
2960 5052 3014 5109 ε.
3111 5034 3322 5105 “ibid.
3381 5049 3470 5106 ll.

1967 5121 2013 5153 “
2037 5122 2166 5175 ibid.
2201 5122 2288 5175 11.
2389 5120 2436 5153 ⁸⁸
2462 5119 2639 5176 Galat.
2675 5136 2762 5187 tu,
2789 5121 2879 5175 24.

1976 5239 2090 5310 (17)
2111 5239 2202 5295 Sic
2224 5255 2362 5318 mss.
2385 5240 2454 5295 At
2488 5238 2761 5318 Rabanus,
2792 5256 2812 5291 «
2833 5252 2963 5318 eum
2987 5238 3038 5318 in
3069 5236 3322 5307 praesenti
3351 5236 3473 5318 qui:

1904 5306 2025 5363 dem
2057 5306 2164 5365 non
2203 5313 2483 5366 destruere
2537 5312 2723 5379 legem,
2755 5310 2847 5364 sed
2898 5306 3254 5379 confirmare;
3280 5326 3301 5360 ι
3331 5306 3466 5379 editi

1902 5393 2065 5450 vero,
2098 5397 2117 5430 «
2137 5396 2256 5433 cum
2291 5381 2342 5433 in
2375 5377 2622 5450 praesenti
2652 5382 2868 5446 quidem
2901 5377 3020 5434 loco
3050 5377 3205 5444 dicit,
3237 5391 3343 5432 non
3370 5377 3468 5433 de-

1900 5449 2061 5517 struit
2094 5449 2284 5517 legem,
2317 5454 2411 5503 sed
2446 5450 2754 5503 conﬁrmat.
2787 5467 2808 5501 ι

1998 5518 2082 5589 t8)
2112 5515 2283 5589 Editi,
2327 5537 2345 5569 ε
2366 5517 2473 5572 Sed
2507 5519 2632 5574 inde
2664 5532 2974 5589 possumus,
2999 5535 3020 5571 ι
3056 5515 3217 5574 male.

1998 5587 2080 5653 l9)
2111 5588 2280 5653 Alias,
2311 5606 2330 5639 «
2355 5589 2507 5643 dicit.
2530 5606 2551 5641 ι

1993 5657 2086 5731 29)
2122 5657 2215 5711 Sic
2265 5672 2399 5731 mss.
2444 5658 2617 5716 nostri
2655 5673 2867 5717 omnes.
2911 5657 3083 5729 Alias,
3115 5657 3460 5731 «superemi-

1898 5727 2095 5792 nentis,
2122 5744 2141 5781 ι
2179 5726 2336 5783 male.

3666 3436 3677 3462 l
