3974 6206
496 263 602 322 959

491 489 544 532 et
586 477 724 532 ﬁlius
751 478 840 546 qui
873 477 1160 544 aliquando
1196 476 1329 528 nihil
1373 476 1658 532 diﬁ'erebat
1687 493 1714 529 a
1745 491 1924 541 servo,
1960 476 2096 529 δίεν

495 587 583 622 res
615 569 788 623 factus
812 578 892 621 est
923 577 1162 636 paternae.
1189 569 1526 622 substantiae.
1561 569 1714 633 Quod
1747 579 1926 623 autem
1952 567 2067 622 hzec

491 663 566 717 ita
594 662 707 732 (2i)
739 663 973 715 debeant
1011 660 1238 728 intelligi
1268 657 1390 729 qua:
1445 661 1773 715 destruenda
1833 659 2069 728 appellat

491 751 805 820 Apostolus.
833 751 1280 805 consuetudinem
1312 751 1432 819 ejus
1473 765 1641 818 super
1675 750 1776 802 hoc
1809 749 2068 804 vocabulo

492 845 654 897 etiam
689 844 741 896 in
783 843 908 922 aliis
941 844 1110 906 disce,
1142 844 1228 895 ubi
1279 843 1444 898 dicit:
1485 861 1503 892 ι
1533 843 1608 896 Ex
1654 852 1806 911 parte
1839 845 2064 908 scimus,

493 945 542 989 et
571 949 636 988 ex
675 944 826 1003 parte
858 935 1269 1004 pr0phetamus.
1298 934 1431 988 Cum
1465 944 1647 988 autem
1678 935 1884 989 venerit
1921 937 2094 1005 quod‘

491 1027 787 1095 perfectum
807 1036 909 1094 est,
930 1027 1278 1080 destruentur
1302 1042 1366 1081 ea
1396 1042 1516 1097 qua:
1544 1043 1608 1082 ex
1641 1037 1795 1095 parte
1812 1038 1940 1082 sunt
1961 1028 2060 1082 ³’.ι

490 1119 557 1172 Et
580 1118 634 1171 iu
671 1119 772 1173 hoc
800 1118 917 1173 loco
947 1119 1176 1175 scientia
1209 1119 1362 1174 Pauli
1405 1117 1491 1173 vel
1522 1120 1806 1190 prophetia
1858 1119 2062 1174 destrui

489 1210 692 1264 dicitur
715 1211 926 1281 absque
978 1211 1176 1278 injuria
1212 1210 1524 1280 apostolica:
1550 1212 1740 1282 gratiae
1769 1228 1784 1263 :
1817 1227 1924 1281 quo
1956 1213 2064 1266 sci-

489 1300 618 1354 licet
673 1301 1041 1373 intelligamus
1092 1302 1156 1356 ad
1211 1303 1672 1370 comparationem
1699 1302 2062 1372 perfectorum

487 1407 690 1447 vacare
719 1403 774 1447 et
804 1395 975 1448 otiosa
1010 1409 1130 1448 esse
1169 1410 1231 1449 ea
1271 1410 1392 1466 qnzc
1438 1393 1754 1464 imperfecta
1799 1405 1940 1448 sunt.
1985 1394 2062 1450 lta

487 1498 618 1553 ergo
653 1494 706 1538 et
736 1485 788 1538 in
821 1486 1077 1553 presenti
1121 1501 1379 1540 sertnone
1411 1485 1609 1540 Paulus
1640 1486 1858 1555 quidem
1892 1485 2061 1556 legem

490 1591 598 1630 non
635 1575 895 1636 destruit.
948 1576 1041 1630 sed
1095 1578 1402 1631 conﬁrmat.
1434 1576 1618 1632 Gloria
1651 1589 1828 1632 autem
1859 1576 2062 1632 Christi

486 1686 607 1722 cum
634 1667 872 1722 revelata
911 1669 1096 1731 fuerit.
1121 1685 1241 1723 eain
1274 1668 1505 1736 gloriam
1542 1683 1663 1738 quae
1706 1669 1964 1738 apparuit
2007 1669 2060 1722 in

1967 261 2286 318 ORIGENIS

488 387 600 456 jam
625 399 758 454 opus
781 384 912 455 legis
946 403 965 432 ε
993 384 1080 438 ubi
1111 383 1333 439 advenit
1363 383 1643 454 plenitudo
1681 383 1939 452 temporis
1956 383 2022 446 ³⁸,
2047 399 2064 432 ι
2099 389 2145 446 Α
2173 387 2314 454 quod
2360 383 2485 440 alibi
2529 383 2730 439 dicitur
2776 402 2790 439 :

3655 263 3762 317 960

2841 382 3032 437 «illum
3077 389 3296 452 oportet
3340 395 3620 444 crescere,
3671 399 3758 438 me

2175 491 2354 535 autem
2384 479 2550 547 niinul
2573 478 2651 542 ⁸⁸;
2685 497 2704 529 ι
2737 486 2792 531 et
2820 476 2964 546 quod
2994 475 3112 543 ipse
3145 474 3341 528 Paulus
3368 475 3504 528 dicit
3536 493 3550 528 :
3575 493 3593 526 ι
3617 475 3754 530 Cum

2174 579 2352 623 autem
2387 567 2566 624 factus
2601 584 2720 622 sum
2767 569 2869 632 vir,
2905 568 3146 622 destruxi
3189 583 3310 636 quae
3353 578 3516 620 erant
3562 583 3760 635 parvu-

2175 659 2334 713 li".i
2377 658 2488 712 Hoc
2533 659 2772 714 ostendit
2815 668 2870 714 et
2913 659 3216 714 similitudo
3262 661 3572 729 pzcdagogi,
3602 661 3756 732 cujus

2173 766 2309 822 opus
2344 753 2644 806 destruitur
2666 762 2717 806 ct
2747 761 2926 806 cessat
2955 767 3077 805 cum
3107 751 3173 804 ad
3199 752 3502 822 perfectam
3546 763 3758 804 a-tate-m

2173 844 2391 898 venerit
2421 843 2704 912 parvulus.
2753 842 3049 913 Propterea
3087 859 3218 912 ergo
3250 844 3573 898 cautissime
3627 846 3758 896 dixit

2173 935 2512 1008 Apostolus:
2573 953 2591 986 ι
2641 935 2811 1003 legem
2853 950 2982 1003 ergo
3033 936 3364 990 destruimus
3413 950 3516 1002 per
3567 935 3762 988 ﬁdem!

2171 1027 2426 1082 Absit”!
2464 1045 2484 1079 ι
2518 1035 2592 1092 et,
2627 1043 2732 1080 non
2776 1026 2954 1081 dixit:
3007 1026 3096 1080 lex
3151 1041 3279 1095 ergo
3323 1025 3641 1080 destruitur
3668 1043 3755 1089 per

2174 1119 2360 1184 ﬁdem,
2392 1121 2483 1175 sed
2521 1139 2533 1174 :
2603 1138 2621 1172 ι
2647 1119 2820 1189 legem
2846 1133 2978 1190 ergo
3012 1118 3385 1174 destruimus?
3416 1137 3440 1168 ι
3477 1118 3548 1171 Ει
3575 1133 3755 1172 rursus

2174 1212 2226 1267 in
2255 1211 2615 1281 sequentibus
2646 1230 2658 1265 :
2693 1229 2711 1262 ι
2738 1208 2888 1276 Νοιι;
2924 1211 3019 1265 sed
3050 1208 3221 1279 legem
3244 1209 3604 1264 statuimus.»
3630 1208 3752 1262 Nam

2171 1312 2226 1357 et
2257 1304 2302 1358 si
2344 1303 2644 1357 destruitur
2678 1302 2786 1367 lex,
2821 1317 2927 1355 non
2972 1316 3069 1371 per
3102 1299 3262 1356 ﬁdem
3303 1301 3640 1363 destruitur,
3671 1304 3755 1354 sed

2174 1410 2270 1464 per
2299 1394 2799 1463 supercminentem
2829 1393 3077 1462 gloriam.
3106 1391 3212 1448 Per
3243 1392 3407 1447 ﬁdem
3438 1403 3628 1444 autem
3656 1410 3752 1446 non

2173 1486 2348 1541 solum
2381 1503 2488 1541 non
2519 1488 2819 1542 destruitur
2849 1486 2956 1550 lex,
2985 1486 3081 1539 sed
3125 1485 3384 1540 statuitur
3409 1500 3507 1553 per
3543 1497 3758 1552 aposto-

2171 1576 2251 1632 los
2293 1588 2348 1633 et
2397 1579 2792 1634 conﬁrmatur:
2823 1577 2949 1644 quia
3003 1576 3285 1630 Christum
3337 1591 3502 1643 quem
3565 1578 3651 1629 lex
3709 1585 3758 1629 et

2172 1670 2454 1740 prophetae
2510 1682 2801 1724 venturum
2867 1669 3262 1738 praedixerunt,
3305 1668 3391 1722 isti
3455 1670 3758 1736 prmdicant

489 1761 692 1828 Moyse,
718 1771 776 1814 et
801 1775 865 1813 ex
895 1775 999 1828 qua
1031 1759 1597 1830 gloriﬁcatusluerat,
1629 1760 1742 1827 ipsa
1773 1775 2062 1829 compara-
2097 1752 2138 1806 Β
2164 1761 2274 1829 jam
2305 1763 2521 1818 venisse
2555 1780 2570 1817 :
2603 1774 2656 1818 et
2680 1761 3027 1815 conﬁrmatio
3062 1759 3249 1829 utique
3303 1761 3620 1830 prophetiae
3673 1761 3757 1814 vel

489 1861 636 1903 tione
664 1851 746 1904 sui
784 1866 888 1920 qua
920 1852 1313 1916 supereminet.
1350 1860 1402 1904 et
1446 1852 1721 1916 confutat,
1759 1863 1814 1905 et
1857 1853 2058 1920 arguit,

487 1951 539 1993 et
566 1921 806 1996 ostendit
835 1956 932 1997 nec
957 1943 1186 2012 gloriam
1231 1945 1674 2013 computandam.
1728 1943 1857 1997 Tale
1891 1955 1972 1996 est
2006 1952 2061 1996 et

2170 1852 2306 1923 legis
2354 1864 2458 1917 est,
2490 1869 2612 1908 cum
2639 1870 2757 1924 quae
2783 1853 3044 1924 pra'diCta
3097 1851 3334 1917 fuerant,
3376 1862 3757 1906 monstrantur

2167 1942 2408 2010 impleta.

1612 2285 1963 2374 LIBER
2038 2279 2632 2383 QUARTUS.

560 2664 614 2720 1.
645 2681 666 2716 ι
695 2662 836 2731 Quid
867 2679 999 2734 ergo
1027 2665 1271 2718 dicemus
1313 2663 1590 2718 invenisse
1637 2663 1911 2718 Abraham
1964 2680 2065 2734 pa-
2107 2638 2120 2646 κ

485 2763 626 2808 trem
677 2765 923 2810 nosmim
976 2757 1273 2810 secundum
1323 2755 1584 2810 carnem?
1631 2753 1688 2809 Si
1719 2756 1864 2810 enim
1897 2758 2067 2810 Abra-

485 2843 611 2898 ham
658 2860 724 2898 ev
784 2845 1043 2914 operibus
1081 2845 1412 2914 justiﬁcatus
1457 2857 1568 2910 est,
1613 2848 1776 2903 habet
1807 2849 2057 2919 gloriam,

484 2935 580 2988 sed
629 2949 734 2988 non
775 2937 916 3004 apud
957 2940 1147 2992 Deum.
1183 2938 1323 3006 Quid
1368 2938 1512 2994 enim
1547 2937 1830 3009 Scriptura
1872 2939 2053 2995 dicit?

483 3023 725 3078 Credidit
759 3026 1034 3081 Abraham
1090 3028 1235 3095 Deo,
1292 3040 1348 3085 et
1400 3040 1706 3101 reputatum
1755 3041 1840 3086 est
1889 3031 1962 3085 illi
1991 3031 2058 3085 ad

2166 2659 2304 2728 Quia
2335 2680 2353 2712 ι
2395 2660 2633 2717 credidit
2661 2661 2938 2716 Abraham
2970 2662 3100 2726 Deo,
3132 2668 3186 2714 et
3214 2667 3534 2728 reputatum
3561 2669 3647 2716 est
3677 2662 3753 2716 ili

2167 2755 2232 2807 ad
2255 2755 2526 2824 justitiam
2557 2754 2625 2810 “.
2657 2774 2674 2807 ι
2707 2753 2858 2822 Quod
2889 2755 2932 2810 si
2973 2754 3112 2808 Deus
3147 2753 3421 2822 reputavit
3452 2751 3531 2806 illi
3563 2755 3632 2807 ad
3667 2755 3754 2822 ju—

2166 2847 2398 2911 stitiam,
2431 2847 2550 2902 sine
2577 2848 2742 2902 dubio
2791 2858 2848 2902 et
2891 2846 3058 2918 gloria
3090 2845 3211 2913 ejus
3250 2845 3392 2914 apud
3436 2844 3610 2899 Deum
3646 2857 3748 2902 est.

2163 2936 2458 3015 Propterea
2486 2953 2618 3008 ergo
2655 2941 2950 3008 Apostolus
2981 2939 3292 2993 testimonio
3333 2939 3464 2990 huic
3487 2941 3639 3008 quod
3667 2955 3752 2993 as-

2163 3032 2396 3100 sumpsit
2423 3048 2487 3085 ex
2518 3032 2655 3086 libro
2677 3032 2906 3087 Genesis
2926 3032 3168 3101 adiungit
3197 3041 3247 3085 et
3279 3046 3603 3086 sermonem
3623 3047 3746 3102 pro-

477 3109 771 3178 justitiam.
803 3116 862 3169 Ei
901 3129 1080 3171 autem
1110 3120 1201 3188 qui
1229 3131 1509 3189 operatur,
1539 3137 1749 3176 merces
1795 3138 1899 3177 non
1958 3123 2060 3176 im-
2086 3108 2128 3166 C
2164 3124 2360 3191 prium,
2381 3133 2433 3176 et
2457 3122 2586 3176 dicit
2615 3123 2738 3190 quia
2763 3141 2781 3173 ‹
2806 3123 2854 3175 ei
2879 3123 2968 3192 qui
2988 3134 3499 3191 operatur,merces
3519 3139 3626 3175 non
3651 3123 3748 3176 im-

482 3215 706 3274 putatur
733 3211 1034 3272 sccundum
1064 3213 1318 3282 gratiam,
1346 3213 1440 3268 sed
1471 3215 1769 3268 secundum
1792 3215 2060 3268 debitum.

485 3297 543 3349 Ei
575 3313 701 3355 vero
729 3303 820 3369 qui
855 3318 960 3358 non
990 3317 1272 3374 operatur,
1299 3308 1471 3360 credit
1497 3317 1680 3360 autem
1718 3306 1770 3360 iu
1804 3321 1930 3362 eum
1962 3307 2058 3378 qui

477 3388 740 3458 justiﬁcat
771 3393 1017 3462 impium,
1051 3406 1331 3465 reputatur
1361 3398 1496 3453 ﬁdes
1512 3399 1631 3467 ejus
1667 3400 1733 3451 ad
1763 3398 2056 3467 justitiam.

483 3481 635 3535 Sicut
657 3491 709 3537 et
741 3484 905 3540 David
929 3487 1062 3541 dicit
1089 3489 1478 3545 beatitudinem
1505 3491 1768 3554 hominis,
1801 3491 1888 3544 cui
1917 3491 2060 3546 Deus

481 3583 702 3642 accepto
725 3573 830 3629 fert
885 3576 1170 3646 justitiam.
1201 3582 1618 3652 siue'operibus.
1644 3581 1794 3635 Beati
1827 3597 2056 3650 quorum

481 3663 719 3718 remissa:
748 3676 874 3718 sunt
923 3667 1262 3736 iniquitates,
1287 3677 1586 3739 etquorum
1614 3681 1753 3726 tecta
1787 3681 2058 3739 suntpcc-

477 3763 625 3810 cata.
649 3755 851 3811 Beatus
886 3758 969 3810 vir
995 3759 1082 3811 cui
1111 3774 1216 3813 non
1244 3759 1532 3830 imputavit
1558 3761 1826 3818 Dominus
1859 3779 2058 3828 pecca-

478 3852 590 3898 tum
609 3845 674 3899 “.
690 3866 708 3898 ι
729 3847 860 3902 Cum
881 3852 1130 3920 superius
1145 3852 1190 3883 ⁸¹
1211 3853 1350 3907 duas
1363 3857 1707 3924 proposuerit
1727 3855 1896 3925 leges,
1921 3871 2054 3923 qua-

480 3951 598 3992 rum
623 3955 788 3992 unam
805 3956 1055 4010 operum,
1074 3943 1236 3998 aliam
1270 3947 1390 4000 ﬁdei
1422 3947 1746 4013 nominavit,
1769 3963 1864 4017 per
1893 3963 2054 4016 quam

481 4028 653 4096 legem
689 4029 810 4082 ﬁdei
838 4033 1050 4086 excludi
1089 4034 1467 4100 gloriationem
1501 4038 1638 4093 dicit
1660 4054 1848 4093 eorum
1877 4039 1968 4108 qui
2004 4041 2054 4093 in

481 4119 616 4187 legis
671 4121 930 4189 operibus
987 4124 1321 4192 gloriantur;
1355 4137 1410 4183 et
1458 4130 1896 4198 pronuntiaverit
1949 4133 2056 4184 ﬁde

479 4209 635 4280 521
663 4212 944 4280 iustiﬁcari
984 4216 1254 4272 hominem
1278 4220 1396 4274 sine
1421 4221 1675 4289 Operibus
1701 4221 1836 4289 legis
1865 4242 1878 4277 :
1907 4239 2010 4276 con
2029 4251 2045 4261 -

478 4315 768 4372 sequenter
819 4322 962 4362 nunc
996 4320 1054 4363 ut
1089 4310 1202 4364 haec
1237 4312 1302 4365 de
1351 4309 1655 4380 Scripturis
1703 4325 2050 4377 asset-antur,

476 4399 710 4453 Abrahae
743 4401 994 4467 producit
1026 4403 1370 4473 exemplum,
1403 4412 1458 4458 et
1487 4405 1619 4459 dicit
1653 4406 1778 4474 quia
1821 4424 1839 4456 ι
1875 4407 2052 4460 Abra-

477 4491 621 4554 ham,
653 4494 694 4547 si
751 4509 815 4547 οι
863 4496 1122 4563 operibus
1165 4493 1495 4567 justiﬁcatus
1543 4507 1625 4552 est
1655 4537 1670 4561 ,
1724 4498 1887 4550 habet
1935 4497 2052 4563 glu-

476 4584 612 4636 riam
652 4583 786 4654 (‘22),
823 4588 916 4640 sed
959 4602 1063 4642 non
1101 4590 1241 4658 apud
1274 4587 1441 4644 Deum
1471 4588 1545 4643 “.-
1570 4609 1589 4642 ι
1629 4590 1782 4653 Quod
1827 4589 2047 4659 quidem

476 4689 582 4726 non
616 4676 734 4729 sine
765 4685 882 4732 arte
907 4679 1195 4736 dialectica
1229 4681 1473 4739 disserit.
1501 4679 1636 4735 Nam
1671 4682 1716 4736 si
1781 4682 1828 4735 is
1863 4682 1952 4750 qui
1983 4696 2050 4735 ex

2084 4455 2127 4509 ῐ)

2163 3221 2386 3282 putatur
2414 3213 2710 3266 secundum
2737 3214 2994 3282 gratiam,
3020 3214 3112 3268 sed
3133 3214 3434 3268 secundum
3456 3215 3702 3268 debitum
3727 3232 3740 3276 ;

2161 3307 2210 3360 ei
2237 3323 2366 3362 vero
2403 3307 2493 3376 qui
2528 3323 2632 3362 non
2657 3318 2940 3376 operatur,
2974 3309 3150 3363 credit
3182 3319 3361 3361 autem
3413 3308 3468 3360 in
3500 3324 3631 3362 eum
3661 3310 3746 3378 qui

2155 3396 2424 3467 justiﬁcat
2477 3400 2728 3468 impium,
2791 3412 3075 3468 reputatur
3120 3400 3252 3453 ﬁdes
3296 3400 3416 3470 ejus
3468 3399 3540 3452 ad
3589 3400 3746 3468 justi-

2167 3491 2292 3544 tiam
2321 3492 2388 3544 “.
2422 3509 2441 3542 ι
2473 3491 2574 3545 Per
2601 3506 2818 3546 omnem
2850 3491 3033 3561 itaque
3066 3493 3211 3546 hunc
3245 3491 3424 3546 locum
3458 3491 3748 3561 Apostolus

2162 3583 2262 3636 hoc
2301 3583 2512 3636 videtur
2541 3585 2855 3648 ostendere,
2883 3585 3026 3654 quod
3069 3585 3189 3637 dua:
3224 3585 3475 3654 quaedam
3512 3586 3625 3638 sint
3660 3584 3745 3651 ju-

2161 3674 2544 3740 stiﬁcationes,
2591 3692 2819 3744 quarunt
2858 3693 3020 3729 unam
3048 3691 3112 3730 ex
3158 3678 3423 3746 operibus
3462 3680 3738 3738 nominat.
3783 3671 3792 3682 ’

2158 3765 2320 3818 aliam
2348 3781 2476 3820 vero
2510 3782 2573 3820 ex
2620 3768 2744 3820 iide.
2783 3767 2848 3820 Et
2880 3769 3022 3821 illam
3059 3769 3278 3838 quidem
3307 3785 3430 3837 qua:
3455 3785 3523 3822 cx
3570 3771 3744 3839 opt-ri-

2158 3857 2261 3910 bus
2289 3868 2391 3920 est,
2422 3859 2554 3911 dicit
2584 3860 2781 3912 habere
2805 3859 3020 3927 quidem
3046 3861 3310 3928 gloriatn,.
3327 3863 3422 3914 sed
3458 3863 3511 3914 iu
3548 3871 3743 3914 semet-

2158 3947 2274 4016 ipsa
2301 3987 2316 4008 ,
2351 3957 2403 4000 et
2441 3965 2544 4000 non
2580 3954 2718 4016 apud
2768 3950 2935 4003 Deum
2976 3967 2990 4016 ;
3033 3953 3176 4005 illam
3208 3967 3337 4005 vero
3380 3967 3507 4019 qua:
3539 3967 3604 4005 ex
3645 3952 3743 4006 ﬁde

2157 4053 2264 4106 εει,
2293 4041 2496 4095 habere
2527 4042 2756 4112 gloriam
2782 4045 2920 4112 apud
2957 4048 3143 4108 Deum,
3179 4057 3366 4112 utpote
3393 4047 3541 4113 apud
3575 4047 3741 4112 inspi—

2157 4132 2391 4186 cientem
2425 4137 2587 4186 corda
2629 4136 2934 4199 hominum,
2975 4148 3029 4189 et
3075 4137 3337 4190 scientem
3365 4137 3492 4207 quis
3529 4147 3614 4190 est
3653 4136 3738 4204 qui

2161 4225 2338 4276 credit
2375 4224 2428 4277 in
2464 4225 2681 4280 occulto
2710 4267 2725 4292 ,
2762 4236 2817 4281 et
2850 4229 2972 4297 quis
3025 4239 3108 4282 est
3144 4229 3234 4297 qui
3272 4245 3378 4282 nun
3429 4231 3631 4283 credit.
3680 4229 3740 4282 Ει

2156 4314 2278 4369 ideo
2341 4319 2538 4371 merito
2604 4320 2743 4386 apud
2795 4320 2964 4372 solum
3019 4323 3183 4374 Deum
3243 4322 3406 4375 habet
3463 4321 3736 4388 gloriam,

2155 4407 2246 4474 qui
2279 4406 2530 4462 affectum
2578 4410 2700 4462 lidei
2752 4411 2868 4478 ejus
2924 4414 3170 4480 pervidet
3220 4411 3331 4479 (ΞΗ
3369 4413 3424 4466 in
3461 4415 3733 4466 occultis:

2155 4499 2246 4566 qui
2277 4515 2402 4554 vero
2429 4502 2880 4568 justiﬁcationein
2911 4519 2977 4557 ex
3008 4502 3266 4572 Operibus
3312 4516 3526 4575 sperat.
3567 4517 3737 4576 potest

2149 4593 2264 4647 ﬁeri
2292 4605 2350 4647 ut
2388 4610 2548 4665 opera
2582 4597 2700 4666 ejus
2732 4599 2896 4650 etiam
2927 4600 2994 4650 ab
3028 4599 3338 4654 hominibus
3373 4601 3737 4667 ccinprubeu-

2152 4697 2258 4738 tur.
2313 4685 2496 4739 Palam
2553 4704 2786 4757 namque
2837 4701 2953 4752 est,
3007 4703 3061 4743 et
3115 4691 3285 4744 videri
3343 4692 3521 4745 oculis
3559 4699 3734 4762 potest

472 4767 1098 4838 operibusjustiﬁcatnr,
1128 4787 1232 4826 non
1276 4773 1439 4829 habet
1489 4773 1720 4843 gloriam
1750 4774 1870 4846 (ὶῦ)
1907 4774 2050 4842 apud
2149 4777 2410 4846 quidquid
2438 4794 2604 4848 opere
2650 4780 2996 4836 manifestum
3029 4793 3110 4834 est
3141 4800 3155 4848 ;
3203 4792 3255 4835 et
3286 4781 3330 4834 si
3386 4783 3522 4835 ﬁdes
3561 4786 3614 4834 in
3647 4798 3734 4832 or-

471 4852 643 4911 Deum
677 4897 692 4921 ,
745 4861 1018 4917 Abraham
1075 4876 1258 4920 autem
1307 4875 1522 4920 constat
1559 4867 1770 4940 habere.
1814 4867 2042 4937 gloriam

471 4950 612 5030 apud
641 4950 828 5034 Deum.
855 4971 987 5024 ergo
1013 4973 1218 5026 non,ex
1255 4963 1532 5034 operibus,
1570 4965 1667 5017 sed
1696 4977 1760 5016 ex
1813 4959 1916 5014 ﬁde
1947 4957 2043 5025 ju-

469 5041 734 5099 stiﬁcatus
779 5054 863 5099 est
892 5035 1167 5114 Abraham
1196 5092 1212 5116 ,
1243 5063 1302 5107 ut
1334 5054 1662 5128 necessario,
1701 5052 1898 5106 habeat
1926 5051 2043 5120 glo-

471 5133 604 5189 riam
639 5138 782 5205 apud
819 5138 1008 5198 Deum.
1052 5141 1148 5218 Sic
1171 5144 1315 5200 enim
1355 5145 1636 5215 Scriptura
1670 5142 1986 5214 pronuntiat
2023 5159 2036 5196 :

541 5300 789 5376 ".Gijlal-
816 5320 888 5369 IV.
921 5308 974 5362 4.
1005 5363 1008 5366 .
1067 5309 1109 5340 ³⁷
1139 5309 1156 5365 l
1193 5308 1321 5366 Cor.
1357 5326 1476 5376 xm,
1507 5311 1560 5374 9.
1595 5311 1680 5366 l0.

469 5383 546 5433 ιν,
580 5371 625 5436 Ι,
657 5374 709 5427 8.
787 5375 832 5407 ⁸³
858 5377 1020 5434 lium.
1052 5396 1134 5444 tn,
1158 5381 1248 5444 9.7.
1278 5381 1368 5436 28.
1445 5371 1488 5413 ‘3
1515 5371 1665 5436 liom.
1694 5397 1768 5446 tv,
1797 5384 1853 5435 ε’..

542 5523 655 5594 (2|)
688 5545 706 5579 ι
726 5531 800 5584 lta
827 5551 846 5586 ι
873 5535 1022 5588 deest
1050 5535 1102 5590 in
1135 5525 1287 5594 libris
1313 5549 1472 5596 antea
1499 5540 1681 5596 editis.

546 5597 659 5672 (ἓξ)
684 5597 821 5672 ξξιιὶῐὶ
846 5617 1131 5672 perperam
1170 5607 1372 5664 habent
1412 5629 1430 5660 ‹
1471 5611 1800 5667 mercedem.
1837 5628 1856 5661 ι

545 5665 660 5739 (25)
690 5665 864 5736 Εάιιὶξ
892 5689 909 5722 ι
947 5665 1083 5729 Nam
1116 5677 1158 5730 si
1207 5665 1543 5747 justiticatus
1573 5665 1678 5736 non
1730 5665 1892 5736 habet
1921 5679 2035 5749 git).-

1781 5309 1827 5342 ³⁸
1856 5308 2014 5363 Joan.
2054 5323 2136 5369 ιιι,
2177 5308 2266 5361 30.
2345 5308 2391 5337 "
2425 5308 2440 5360 l
2477 5308 2603 5360 Cor.
2635 5322 2756 5370 xm,
2786 5308 2872 5360 il.

1797 5384 1853 5435 2.
1939 5379 1984 5411 ⁸⁵
2015 5377 2150 5433 Gen.
2178 5393 2265 5441 ιν,
2303 5375 2356 5430 6.
2429 5377 2472 5408 ⁵³
2498 5377 2656 5431 Rom.
2685 5391 2759 5441 tv,
2790 5376 2842 5440 4,
2879 5376 2936 5430 5.

2151 4870 2298 4925 Collo
2328 4881 2412 4924 est
2437 4911 2452 4936 ,
2485 4887 2648 4939 opera
2697 4884 2877 4926 autem
2922 4873 3099 4940 palam
3134 4884 3261 4926 sunt
3287 4911 3302 4936 ,
3350 4879 3644 4926 conveniet
3677 4873 3727 4924 in

2157 4959 2256 5013 hoc
2289 4961 2491 5014 assumi
2521 4962 2649 5015 illttd
2676 4963 2817 5031 quod
2849 4963 3108 5032 scriptum
3140 4973 3224 5017 est
3257 4980 3271 5016 :
3310 4982 3329 5015 ι
3364 4965 3496 5030 Quae
3522 4968 3725 5019 occuli:

2151 5061 2277 5104 sunt
2305 5049 2538 5106 Domino
2591 5053 2698 5107 Deo
2733 5063 2845 5114 tuo.
2872 5069 2994 5122 qua:
3027 5066 3211 5107 autem
3263 5055 3556 5110 niaml’esta
3603 5065 3726 5110 sunt

2151 5143 2306 5196 vobis
2335 5153 2389 5197 et
2437 5143 2562 5200 ﬁliis
2593 5148 2785 5200 vestris
2823 5145 2890 5199 ⁸⁵.
2937 5165 2955 5196 ι
2991 5145 3100 5199 Sed
3154 5157 3209 5200 et
3245 5146 3372 5200 illud
3403 5147 3490 5200 his
3537 5158 3723 5215 aptare

2345 5306 2391 5337 "
2425 5305 2440 5360 Ι
2477 5305 2603 5360 Cor.
2635 5322 2756 5370 xm,
2786 5305 2872 5360 il.
2950 5304 2995 5336 “
3023 5304 3182 5360 ltom.
3216 5320 3300 5367 ιιι,
3329 5306 3419 5361 3|.
3499 5305 3541 5336 “
3565 5304 3718 5360 Rom.

3012 5375 3057 5408 “
3083 5377 3244 5430 Deut.
3269 5391 3416 5440 nu,
3451 5377 3539 5432 29.

2152 5542 2308 5606 riam,
2358 5562 2376 5594 ι
2397 5553 2502 5599 etc.

2219 5613 2332 5685 (24)
2370 5613 2540 5678 Alias,
2576 5630 2594 5665 ι
2626 5610 2908 5680 praevidet.
2946 5627 2973 5667 ι
