3936 6196
147 241 291 297 901

1147 243 1505 301 COMMENT.
1544 246 1610 300 ΙΝ
1646 245 1864 302 ΕΡζδτ.
1910 252 1999 305 AD
2035 250 2204 308 ROM.
2236 254 2364 310 LIB.
2407 254 2495 309 IV.

3342 263 3448 318 962

147 356 487 411 c-unvcuiet
515 357 657 427 quod
688 357 952 429 scriptum
986 366 1069 414 est
1099 400 1114 425 ,
1148 360 1275 430 quia
1309 379 1327 412 ι
1365 360 1545 428 justus
1579 334 1776 416 exrﬁde
1806 366 1849 421 A
1878 364 2045 419 etiam
2105 368 2405 421 secundum
2467 380 2690 423 carnem
2740 377 2950 437 patrem
2999 369 3282 425 nominare
3334 374 3447 446 (29)

154 464 312 502 mea
350 450 493 503 vivet
517 449 583 504 ⁸⁷.
622 467 641 501 ι
680 447 1062 521 Competenter
1112 452 1278 522 igitur
1303 451 1537 508 dicimus
1564 454 1687 523 quia
1716 452 1773 507 bi

1875 457 2053 527 potuit
2104 456 2425 523 Abraham;
2474 470 2686 514 caetera:
2729 476 2855 516 vero
2910 473 3096 530 gentes
3148 464 3201 517 in
3253 466 3445 535 spiritu

152 542 287 610 qui
345 544 637 596 secundum
677 542 996 597 interiorem
1035 543 1310 598 hominem
1368 544 1777 599 circumeidun-
1874 563 1997 601 eum
2025 562 2255 618 patrem,
2288 564 2393 603 non
2429 550 2480 603 in
2512 565 2677 605 carne
2696 550 3051 605 nominabunt
3084 571 3097 605 :
3134 553 3232 606 nisi
3263 564 3449 622 utpote

153 642 301 697 tur,
344 642 398 689 et
442 634 494 687 in
530 633 749 688 occulto
793 632 964 689 Judaei
997 643 1146 699 sunt,
1176 635 1395 705 spiritu,
1430 653 1535 690 non
1571 637 1771 703 littera,

154 727 391 778 horum
420 727 538 782 laus
560 737 616 782 et
648 728 821 803 gloria
860 743 967 782 non
1012 728 1154 798 apud
1200 728 1469 795 homines,
1503 730 1597 784 sed
1630 732 1772 799 apud

158 819 365 875 Deum
396 831 497 874 est.
526 820 628 888 Qui
660 836 789 876 vero
823 835 892 876 ex
923 821 1182 891 operibus
1213 820 1606 890 justiﬁcantnr,
1640 837 1775 892 quo-

155 912 340 965 niam
367 913 540 980 palam
574 923 702 967 sunt
732 922 787 969 et
826 912 1116 968 manifesta
1157 928 1319 983 opera
1354 928 1563 978 eorum,
1596 924 1771 983 potest

155 1018 316 1055 esse
345 1003 515 1072 gloria
541 1018 730 1057 eorum
764 1003 847 1058 vel
878 1002 1020 1072 apud
1068 1012 1291 1058 sanctos
1318 1017 1565 1073 quosque
1605 1013 1655 1057 et
1684 1003 1774 1072 ju-

158 1106 310 1147 $105
351 1095 440 1163 qui
486 1097 765 1165 accipiunt
804 1111 833 1150 a
871 1095 984 1151 Deo
1034 1103 1359 1167 potestatem
1396 1095 1463 1150 de
1520 1095 1775 1153 humanis

155 1187 453 1249 operibus
484 1187 793 1243 visibilibus
837 1186 1118 1257 judicandi
1140 1225 1157 1252 ,
1191 1185 1276 1240 vel
1310 1186 1473 1240 etiam
1504 1186 1646 1255 apud
1677 1200 1776 1238 an-

164 1278 376 1344 gelos,
426 1290 773 1348 cteterasque
800 1280 1059 1333 virtutum
1108 1277 1410 1333 caalestium
1452 1286 1771 1348 potestates.

161 1370 282 1436 qui
321 1370 508 1439 utique
533 1371 839 1441 gloriﬁcare
872 1386 994 1426 eum
1030 1370 1185 1442 cujus
1214 1383 1379 1440 Opera
1405 1370 1774 1439 probaverunt

165 1472 443 1529 possunt.
482 1462 706 1517 Occulta
732 1478 861 1517 vero
884 1462 1069 1517 cordis
1101 1461 1354 1531 quoniam
1382 1460 1548 1514 solius
1572 1460 1662 1513 Dei
1690 1469 1775 1514 est

168 1570 448 1616 noscere,
472 1554 587 1622 ipse
621 1554 867 1624 pervidet
895 1554 939 1608 si
970 1554 1022 1606 in
1060 1567 1388 1623 unoquoque
1413 1551 1535 1605 ﬁdei
1565 1550 1776 1605 habitat

169 1646 398 1715 aliquis
427 1645 657 1701 ati‘ectus
694 1646 807 1716 (25)
843 1662 856 1699 ε
894 1656 947 1699 ει
977 1644 1099 1699 ideo
1129 1645 1218 1713 qui
1260 1659 1325 1699 ex
1366 1643 1470 1698 ﬁde
1499 1642 1769 1710 justiﬁca-

1876 640 1928 693 in
1960 637 2093 693 locis
2122 638 2195 692 ita
2231 640 2477 710 angustis
2505 640 2571 694 ad
2623 640 2928 708 allegorica:
2957 640 3325 711 intelligentiae
3370 643 3449 696 la-

1878 730 2161 784 titudinem
2209 741 2621 796 convertamur,
2661 732 2750 786 ubi
2799 742 2956 803 pater
3002 734 3293 787 secundum
3321 749 3449 787 car-

1874 837 1997 876 nem
2024 822 2193 891 accipi
2234 831 2409 891 potest
2439 823 2485 877 is
2531 823 2621 893 qui
2658 824 2920 879 doctriua:
2980 824 3243 888 carnalis,
3282 825 3332 877 id
3368 836 3451 879 est

1873 911 2007 982 legis
2039 915 2333 968 secundum
2369 914 2607 969 litteram
2636 915 2806 983 prima
2829 916 3099 970 elementa
3138 917 3446 984 tradiderit,

1872 1015 1928 1058 et
1961 1006 2220 1074 magister
2264 1005 2318 1059 in
2364 1006 2546 1059 divina
2602 1005 2721 1075 lege
2753 1006 2942 1076 primae
2972 1007 3327 1061 institutionis
3351 1022 3449 1059 ex-

1873 1095 2092 1150 stiterit.
2131 1094 2283 1162 Quod
2332 1106 2513 1153 autem
2548 1098 2795 1167 magistri
2845 1098 3009 1152 etiam
3060 1110 3240 1168 patres
3284 1096 3446 1168 522

1873 1184 2214 1253 appellentur
2261 1197 2315 1240 et
2366 1188 2646 1255 apostolus
2694 1188 2891 1242 Paulus
2948 1189 3117 1253 dicit,
3169 1190 3295 1258 quia
3329 1207 3347 1239 ι
3395 1194 3446 1242 ιιι

1873 1272 2090 1327 Christo
2142 1271 2270 1329 Jesu
2313 1290 2410 1346 per
2444 1276 2793 1345 Evangelium
2827 1293 2929 1347 ego
2981 1294 3073 1332 vos
3108 1280 3265 1347 genui
3317 1280 3383 1332 “.
3422 1299 3441 1329 ι

1875 1364 1981 1419 Sed
2006 1374 2059 1419 et
2092 1374 2145 1419 tu
2175 1366 2262 1436 qui
2298 1365 2453 1437 legis,
2485 1382 2549 1421 ex
2580 1368 2776 1422 divinis
2806 1366 3179 1424 V'oluminibus
3207 1371 3321 1438 ipse
3350 1370 3445 1423 tibi

1876 1456 2186 1511 testimonia
2216 1458 2268 1511 in
2317 1458 2418 1513 hoc
2482 1459 2802 1527 aspicientia
2833 1470 3178 1530 congregato.
3211 1460 3446 1515 Additur

1876 1549 1929 1602 in
1960 1550 2419 1618 consequentibus
2459 1568 2471 1603 :
2515 1568 2532 1600 ι
2574 1549 2819 1629 Credidit
2872 1553 3150 1605 Abraham
3206 1552 3315 1607 Deo
3342 1593 3356 1617 ,
3392 1562 3448 1608 et

1879 1647 2185 1708 reputatum
2229 1648 2313 1692 est
2345 1638 2419 1692 illi
2462 1639 2530 1694 ad
2554 1640 2816 1709 justitiam
2856 1642 2922 1694 δ’.
2962 1660 2981 1691 ι
3016 1642 3115 1696 Hic
3158 1659 3337 1697 sermo
3384 1659 3452 1697 ex

174 1747 306 1801 tur,
342 1736 482 1805 apud
519 1736 690 1790 solum
730 1735 900 1789 Deum
931 1735 1095 1789 habet
1126 1734 1350 1805 gloriam
1388 1735 1480 1803 qui
1525 1734 1772 1788 occulto-
1804 1730 1845 1786 Β
1878 1729 2015 1784 libro
2051 1729 2273 1785 Genesis
2320 1730 2579 1795 sumitur,
2621 1747 2685 1786 eo
2724 1747 2789 1785 ex
2832 1731 2952 1786 loco
2992 1734 3082 1787 ubi
3123 1750 3231 1787 non
3284 1734 3454 1788 Abra-

174 1845 313 1882 rum
369 1830 620 1882 notitiam
671 1830 831 1881 habet
875 1827 1025 1897 (26),
1060 1835 1113 1880 et
1161 1825 1281 1879 ﬁdei
1314 1825 1462 1880 solus
1498 1826 1772 1892 inspector

173 1930 296 1973 est.
338 1919 503 1987 Igitur
546 1928 597 1972 et
640 1936 657 1969 ι
692 1919 965 1971 Abraham
1008 1917 1049 1971 si
1103 1932 1169 1969 ex
1207 1916 1463 1984 operibus
1491 1957 1505 1981 ,
1560 1915 1769 1984 inquit,

170 2011 522 2080 justiﬁeatus
550 2020 651 2071 est.
686 2010 848 2063 habet
882 2027 900 2058 ι
934 2008 1152 2077 quidem
1188 2025 1206 2057 ι
1243 2006 1472 2075 gloriam
1507 2024 1525 2056 ι
1552 2022 1614 2060 ει
1639 2021 1771 2074 ope-

182 2100 345 2151 ribus
381 2099 709 2161 venientem,
750 2115 768 2148 ι
802 2101 894 2150 sed
944 2112 1049 2149 non
1101 2115 1119 2147 ι
1155 2096 1297 2149 illam
1339 2110 1460 2164 qua:
1506 2113 1524 2146 ι
1569 2099 1707 2165 apud
1747 2114 1766 2148 ι

181 2190 371 2245 Solum
404 2189 515 2260 (27)
545 2208 563 2239 ι
602 2187 769 2243 Deum
816 2206 834 2239 ι
870 2201 950 2242 εει
977 2204 992 2252 ;
1018 2198 1070 2243 at
1110 2199 1321 2242 certum
1365 2196 1449 2241 est
1480 2187 1760 2241 Abraham

187 2288 337 2355 apud
365 2286 535 2340 solum
566 2286 731 2339 Deum
765 2286 963 2339 habere
981 2284 1209 2353 gloriam
1243 2303 1257 2338 :
1290 2300 1626 2355 consequens
1645 2300 1773 2356 ergo

197 2387 288 2431 est
320 2386 380 2430 ut
408 2392 513 2431 non
542 2393 608 2430 ex
658 2378 934 2445 operibus,
961 2376 1056 2431 sed
1085 2392 1151 2430 ex
1186 2375 1289 2431 ﬁde
1316 2377 1645 2447 justiﬁeatus
1680 2380 1773 2432 sit.

192 2467 315 2522 Non
369 2479 548 2522 autem
576 2478 730 2536 putes
779 2468 921 2537 quod
951 2468 994 2521 si
1031 2469 1154 2537 quis
1189 2470 1383 2524 habeat
1417 2469 1575 2524 talem
1613 2472 1771 2525 ﬁdem

192 2577 264 2615 ex
299 2578 404 2630 qua
430 2562 757 2632 jnstiticatus
788 2562 982 2616 habeat
1014 2562 1238 2640 gloriam
1264 2562 1407 2631 apud
1440 2562 1631 2627 Deum,
1656 2578 1777 2633 pos-

187 2655 270 2709 sit
302 2655 461 2708 simul
497 2669 619 2707 cum
658 2669 720 2708 ea
754 2653 957 2707 habere
986 2662 1042 2707 et
1080 2653 1419 2722 injustitiam.
1449 2652 1607 2706 Nulla
1629 2656 1772 2709 enim

189 2761 325 2815 pars
354 2754 439 2799 est
486 2745 606 2799 ﬁdei
640 2744 803 2798 simul
844 2760 967 2798 cum
1000 2744 1341 2809 inﬁdelitate,
1371 2745 1518 2798 nulla
1543 2744 1774 2814 justitia:

187 2854 319 2892 cum
351 2837 638 2906 iniquitate
668 2837 997 2902 communio,
1026 2838 1170 2891 sicut
1205 2851 1305 2891 nec
1338 2836 1445 2890 luci
1476 2852 1597 2892 cum
1631 2846 1776 2892 tene-

195 2930 313 2984 bris
356 2939 533 2998 potest
584 2943 705 2983 esse
754 2930 987 2983 societas
1028 2927 1092 2981 ".
1130 2930 1186 2982 Si
1222 2928 1367 2981 enim
1423 2946 1442 2979 ι
1480 2929 1571 2997 qui
1600 2930 1774 2984 credit

196 3024 340 3093 quod
371 3022 532 3077 Jesus
579 3032 661 3077 est
695 3022 944 3077 Christus
972 3060 987 3085 ,
1037 3036 1103 3075 ex
1149 3021 1257 3075 Deo
1293 3030 1452 3075 natus
1490 3031 1573 3076 est
1595 3062 1610 3088 ,
1642 3039 1661 3072 ι
1693 3030 1769 3084 et,

203 3132 222 3166 ι
260 3114 349 3184 qui
379 3128 444 3168 ex
481 3114 589 3167 Deo
621 3122 779 3166 natus
812 3120 897 3165 est
918 3150 934 3176 ,
968 3126 1073 3165 non
1105 3119 1317 3179 peccat,
1365 3128 1385 3162 ι
1422 3109 1765 3164 manifestum

200 3217 280 3263 est
306 3207 432 3276 quia
464 3208 554 3276 qtti
584 3206 755 3259 credit
784 3202 910 3258 Jesu
952 3201 1190 3267 Christo,
1225 3216 1331 3257 non
1363 3211 1554 3274 peccat
1585 3200 1770 3271 :quod

199 3298 243 3352 si
271 3306 480 3367 peccat,
512 3306 719 3351 certum
750 3306 834 3351 est
861 3298 989 3365 quia
1017 3310 1122 3349 non
1176 3295 1349 3350 credit
1376 3296 1452 3351 ei.
1502 3292 1769 3349 Indicium

202 3388 365 3458 igitur
398 3402 539 3442 verae
590 3387 717 3443 ﬁdei
770 3395 854 3442 est
920 3386 1008 3441 ubi
1046 3402 1151 3441 non
1205 3386 1562 3457 delinquitur,
1627 3387 1771 3442 sicut

202 3493 423 3536 econtra
445 3481 530 3536 ubi
548 3479 883 3549 delinquitur
901 3479 1235 3533 inﬁdelitatis
1251 3478 1507 3534 indicium
1530 3490 1612 3534 est
1632 3477 1768 3550 (28).

202 3572 487 3643 Propterea
519 3588 648 3643 ergo
677 3582 733 3626 et
766 3573 818 3625 in
851 3571 959 3626 alio
998 3571 1296 3639 Scriptura:
1344 3570 1467 3626 loco
1495 3570 1541 3603 “
1572 3571 1775 3626 dicitur

205 3667 269 3718 de
304 3666 578 3719 Abraham
608 3704 623 3729 ,
660 3664 801 3735 quod
847 3678 915 3718 ex
976 3664 1233 3733 operibus
1280 3662 1402 3717 ﬁdei
1434 3661 1772 3731 justiﬁcatus

203 3760 270 3812 sit
303 3772 318 3809 :
348 3759 472 3828 quia
524 3767 734 3812 certum
768 3766 852 3812 est
882 3771 1008 3811 eum
1061 3756 1152 3826 qui
1189 3770 1317 3812 vere
1366 3757 1541 3811 credit
1569 3796 1586 3822 ,
1635 3771 1794 3827 opus-

210 3853 348 3916 ﬁdei,
377 3851 698 3919 etjustitiaz,
730 3858 785 3905 et
819 3850 991 3904 totius
1029 3848 1290 3904 bonitatis
1319 3851 1561 3918 operari,
1596 3860 1652 3905 et
1681 3866 1774 3906 ca-

211 3961 389 4014 pacem
426 3944 540 3998 ﬁeri
590 3944 877 4012 utriusque
919 3942 1125 4012 gloriae,
1164 3950 1271 3995 tam
1323 3941 1438 4010 ejus
1463 3960 1584 4013 qua:
1629 3953 1773 4014 apud

212 4037 371 4091 Deum
408 4037 458 4091 in
483 4037 701 4091 occulto
742 4051 850 4102 est,
882 4051 1045 4106 quam
1076 4036 1240 4090 etiam
1282 4036 1400 4103 ejus
1442 4051 1563 4105 qua:
1595 4036 1771 4106 palam

211 4139 310 4191 est,
338 4138 389 4181 et
423 4142 529 4182 non
555 4127 728 4181 solum
765 4131 905 4196 apud
938 4126 1108 4179 Deum
1133 4133 1236 4179 est.
1276 4124 1377 4182 His
1405 4116 1479 4180 ita
1513 4142 1610 4197 pro
1640 4126 1772 4181 viri-

212 4224 304 4275 bus
338 4221 663 4291 explanatis,
703 4221 867 4275 etiam
913 4220 1042 4274 illud
1076 4221 1516 4289 praetereundum
1551 4221 1773 4275 minime

212 4315 414 4368 videtur
457 4314 603 4383 quod
652 4321 860 4382 patrem
912 4323 1159 4367 nostrum
1212 4313 1511 4368 secundum
1551 4325 1772 4366 carnem

1877 1822 2022 1885 ham,
2048 1820 2141 1873 sed
2166 1819 2364 1873 Abram
2386 1820 2515 1875 dicit
2542 1822 2609 1876 ad
2636 1822 2920 1876 Dominum
2948 1825 3056 1894 (30)
3090 1840 3101 1876 :
3137 1845 3153 1875 ι
3185 1827 3448 1889 Quoniam

1872 1931 1979 1969 non
2008 1913 2205 1971 dedisti
2253 1914 2384 1967 mihi
2420 1927 2630 1977 semen,
2665 1913 2752 1966 hic
2779 1911 3103 1967 vernaculus
3137 1926 3287 1965 meus
3338 1912 3449 1966 hie-

1874 2006 2129 2060 reditabit
2162 2022 2266 2061 me.
2319 2005 2382 2059 Et
2413 2006 2555 2060 dixit
2587 2005 2848 2059 Dominus
2882 2005 2947 2056 ad
2992 2018 3113 2057 eum
3149 2002 3304 2058 :Non
3344 2004 3450 2058 erit

1873 2101 2049 2157 Ita-res
2079 2110 2203 2155 tuus
2233 2102 2359 2165 iste,
2396 2102 2489 2154 sed
2521 2100 2613 2169 qui
2642 2100 2840 2154 exierit
2891 2100 2957 2153 de
2992 2108 3064 2163 te,
3095 2100 3181 2151 hic
3213 2099 3318 2152 erit
3340 2098 3450 2151 Inn-

1876 2209 1963 2247 res
1997 2202 2145 2247 tuus.
2179 2192 2244 2245 Et
2274 2191 2488 2254 eduxit,
2526 2191 2699 2260 inquit
2728 2230 2744 2254 ,
2777 2206 2899 2245 eum
2930 2189 3042 2261 (5i)
3071 2189 3217 2243 foras
3243 2229 3257 2253 ,
3288 2199 3341 2242 et
3367 2188 3451 2242 di-

1876 2289 1946 2339 xit
1975 2287 2040 2339 ad
2071 2300 2192 2339 eum
2229 2303 2241 2338 :
2277 2270 2505 2354 Respice
2529 2284 2595 2338 ad
2632 2283 2854 2346 uelum,
2896 2292 2950 2335 et
2987 2297 3212 2336 numera
3244 2280 3449 2344 stellas,

1873 2381 1917 2433 si
1955 2378 2199 2447 potueris
2252 2378 2605 2432 dinumerare
2651 2392 2767 2431 eas.
2808 2377 2873 2429 Et
2923 2375 2999 2429 ait
3034 2375 3097 2428 ad
3151 2391 3319 2431 eum:
3358 2374 3451 2428 Sic

1874 2474 1979 2526 erit
2012 2487 2196 2526 semen
2229 2481 2401 2524 tuum.
2432 2470 2494 2522 Et
2521 2470 2755 2522 credidit
2792 2468 2922 2531 Deo,
2950 2478 3004 2521 et
3033 2477 3335 2536 reputatnm
3364 2475 3450 2521 est

1875 2565 1924 2617 ei
1952 2564 2019 2616 ad
2048 2563 2315 2629 justitiam
2343 2560 2414 2612 ⁸³.
2449 2579 2468 2610 ι
2509 2559 2694 2613 Latius
2742 2561 2859 2613 loca
2892 2560 3004 2629 ipsa
3041 2558 3270 2628 exempli
3320 2573 3449 2628 gra-

1878 2658 1950 2710 tia
1990 2656 2101 2728 (52)
2140 2656 2206 2709 de
2261 2654 2400 2707 libro
2428 2651 2661 2706 Genesis
2692 2651 3065 2719 repetivimus,
3106 2660 3160 2703 ut
3205 2666 3323 2715 qtne
3362 2648 3456 2718 ju-

1876 2748 2222 2803 stilicatiouis
2281 2746 2442 2814 hujus
2486 2759 2647 2796 causa
2683 2742 2843 2795 fuerit
2895 2756 3259 2795 nosceremus.
3301 2740 3453 2795 Unde

1874 2852 1929 2895 et
1957 2839 2139 2893 acrius
2166 2838 2557 2892 intendendum
2602 2843 2707 2901 est,
2757 2835 2800 2888 si
2836 2835 2907 2888 ob
2941 2834 3043 2887 hoc
3080 2832 3251 2887 solum
3303 2834 3447 2901 quod

1875 2935 2109 2987 dandum
2142 2933 2246 2988 sibi
2279 2932 2513 2987 credidit
2535 2918 2728 2994 ﬁlium,
2767 2940 2821 2983 et
2852 2943 2917 2982 ex
2950 2943 3013 2982 eo
3043 2926 3354 2997 progeniem
3380 2926 3446 2978 ad

1878 3026 2280 3093 multitudinem
2314 3026 2553 3079 siderum
2588 3022 2987 3092 propagandam
3021 3059 3036 3084 ,
3085 3019 3284 3073 dicitur
3318 3019 3445 3087 quia

1874 3126 2126 3185 reputata
2149 3124 2233 3170 est
2261 3115 2394 3170 ﬁdes
2425 3115 2542 3184 ejus
2566 3114 2634 3167 ad
2663 3113 2933 3182 justitiam
2969 3129 2983 3165 :
3016 3127 3082 3163 an
3124 3124 3222 3178 pro
3266 3110 3367 3164 hoc
3396 3118 3452 3162 et

1870 3222 1969 3279 pro
1996 3207 2248 3263 omnibus
2272 3221 2392 3275 quae
2417 3205 2529 3274 jam
2556 3213 2681 3258 ante
2720 3203 3044 3258 crediderat.
3084 3200 3268 3269 Neque
3302 3200 3449 3252 enim

1871 3300 2170 3370 putandum
2211 3298 2354 3368 quod
2386 3297 2593 3366 absque
2632 3294 2738 3349 ﬁde
2768 3294 2932 3349 fuerit
2978 3293 3132 3359 illud,
3186 3301 3238 3344 ut
3274 3292 3451 3345 exiret

1874 3393 1940 3448 de
1982 3402 2127 3447 terra
2153 3405 2272 3451 sua.
2300 3391 2451 3457 etde
2485 3389 2810 3458 cognatione
2841 3388 3007 3456 patris
3031 3385 3136 3444 sui.
3162 3393 3215 3437 et
3238 3383 3450 3437 veniret

1873 3483 1928 3538 in
1967 3492 2167 3539 terram
2188 3498 2349 3554 quam
2373 3481 2422 3537 ei
2451 3479 2918 3534 demonstraverat
2937 3474 3159 3537 Deus”;
3184 3474 3266 3527 vel
3297 3472 3447 3537 illud,

1872 3591 1996 3632 cum
2046 3582 2303 3645 separato
2346 3586 2375 3625 a
2418 3583 2477 3649 se
2529 3569 2651 3633 Lot,
2691 3568 2823 3623 dicit
2874 3567 2938 3620 ad
2979 3582 3102 3621 eum
3140 3565 3445 3619 Dominus:

1860 3686 1900 3727 λι
1939 3667 2136 3737 Aspice
2162 3665 2337 3721 oculis
2363 3666 2490 3727 tuis,
2517 3674 2572 3718 et
2590 3664 2710 3716 vide
2736 3677 2802 3714 ex
2832 3660 2933 3714 hoc
2955 3660 3073 3712 loco
3102 3658 3152 3710 ia
3179 3672 3285 3725 quo
3312 3665 3447 3718 stas,

1874 3770 1930 3816 et
1959 3762 2176 3814 intuere
2219 3760 2288 3812 ad
2313 3755 2764 3826 septentrionem,
2797 3763 2850 3806 et
2876 3750 3258 3814 meridianum,
3285 3756 3336 3801 et
3384 3747 3453 3799 ad

1875 3852 2254 3913 occidentem,
2307 3857 2471 3917 atque
2500 3848 2564 3901 ad
2601 3845 2888 3907 orientem,
2933 3842 3055 3912 quia
3095 3855 3312 3894 omnem
3340 3846 3453 3891 ter-

1879 3961 1996 4002 ram
2030 3945 2172 3999 hanc
2200 3957 2365 4012 quam
2395 3941 2546 3994 vides
2587 3938 2684 3993 tibi
2716 3936 2854 3992 dabo
2885 3950 3029 3997 eam,
3065 3944 3118 3987 et
3139 3931 3331 3987 semini
3361 3940 3453 3982 tuo

1877 4038 1930 4093 in
1961 4046 2222 4091 aeternum
2248 4034 2317 4087 ".
2343 4052 2362 4085 ι
2396 4033 2502 4087 Sed
2534 4040 2588 4085 et
2618 4028 2747 4083 illud
2785 4028 2905 4097 quis
2937 4026 3080 4079 dicat
3105 4024 3314 4093 absque
3347 4021 3452 4075 ﬁde

1877 4125 2317 4194 factum,.quod
2369 4122 2595 4178 veniens
2649 4119 2928 4175 Abraham
2983 4114 3251 4170 habitavit
3307 4111 3450 4181 apud

1875 4235 2137 4289 quercum
2160 4219 2402 4274 Mautbre
2432 4219 2483 4271 in
2518 4214 2756 4275 Hebron,
2784 4220 2837 4266 et
2860 4209 3150 4264 :edilicavit
3176 4207 3245 4261 ibi
3277 4204 3451 4261 altare

1877 4313 2108 4369 Domino
2132 4314 2226 4368 °'?
2259 4312 2542 4379 Quomodo
2577 4318 2760 4363 autem
2791 4316 2844 4359 et
2876 4304 3007 4358 illud
3039 4316 3144 4355 non
3178 4306 3297 4352 erat
3326 4295 3449 4349 ﬁdci

216 4406 876 4465 nominavitAbraham".
904 4405 1164 4463 Gentium
1196 4406 1397 4462 etenim
1434 4405 1776 4476 paterAbra-
1806 4403 1851 4458 D
1879 4422 2016 4476 opus
2045 4447 2061 4473 ,
2097 4422 2220 4462 cum
2255 4401 2651 4460 Melchisedech
2697 4395 2976 4455 benedixit
3027 4389 3347 4451 Abraham,
3398 4395 3455 4438 et

215 4502 328 4555 ham
361 4502 660 4557 secundum
698 4502 855 4555 ﬁdem
880 4539 896 4564 ,
946 4515 1053 4554 non
1102 4497 1400 4553 secundum
1434 4512 1657 4553 carnem
1690 4497 1773 4552 vi-

215 4594 377 4648 detur.
431 4591 563 4646 Nam
614 4592 790 4661 ipsius
820 4590 1040 4660 quidem
1078 4589 1321 4659 Apostoli
1371 4598 1553 4659 potest
1579 4599 1635 4645 et
1686 4606 1774 4646 se-

215 4689 432 4743 cundum
464 4701 685 4740 carnem
724 4685 829 4739 dici
862 4702 876 4737 :
908 4698 975 4738 ex
1023 4697 1224 4752 genere
1275 4683 1419 4738 enim
1471 4682 1773 4739 ISraelitico

282 4850 319 4879 "
349 4846 548 4901 llabac.
586 4863 643 4911 ιι,
675 4845 742 4908 4;
777 4842 938 4898 llebr.
973 4858 1025 4901 ι.
1060 4840 1149 4895 '58.

220 4919 294 4973 15.
384 4920 430 4950 δ’
467 4921 620 4972 Itoni.
653 4932 724 4977 tv,
763 4916 817 4967 5.
914 4914 960 4945 ⁸³
994 4913 1132 4967 Gen.
1173 4927 1263 4979 xv,
1304 4911 1336 4965 ὅ
1369 4927 1483 4980 seq.

222 5006 320 5054 ιιι,
350 4992 437 5051 l9,
471 4987 561 5041 ‘20.

286 5103 390 5175 (25)
447 5104 541 5175 Sic
594 5118 723 5153 mss.
772 5110 838 5175 et,
871 5098 1151 5151 Rabantts.
1189 5093 1329 5175 Editi
1354 5105 1510 5175 .vnet‘o
1533 5107 1621 5175 τῃ(
1653 5089 1782 5175 ipsre

225 5160 639 5242 enim'praevidet
671 5174 795 5240 quis
829 5172 881 5223 in
932 5178 1256 5235 unoquoque
1298 5162 1421 5216 ﬁdei
1460 5161 1670 5214 habitat
1699 5160 1785 5212 af-

227 5246 399 5298 fectus.
448 5262 465 5294 ι

190 5314 201 5355 )
284 5314 388 5385 (ὶϐ)
418 5311 677 5385 Notitiam
700 5307 1248 5385 Imbenllaecdesuut
1282 5304 1334 5357 in
1376 5312 1535 5357 antea
1560 5300 1742 5357 editis.

286 5379 388 5452 (27)
423 5382 629 5436 Solum.
664 5383 721 5434 lu
745 5379 1298 5452 editisdesideratur.

286 5442 382 5526 (28)
409 5456 555 5511 Sicut
593 5450 955 5526 encantreubi
980 5446 1301 5526 delinquitur
1327 5442 1658 5526 inﬁdelitatis
1688 5442 1771 5495 in-

228 5513 400 5579 dw‘nuit
446 5533 544 5575 est.
600 5523 690 5575 Sic
733 5520 859 5573 editi
889 5529 943 5573 et
984 5513 1142 5570 mss.’
1172 5513 1364 5569 nostri.
1417 5513 1545 5565 Mss.
1591 5522 1766 5565 tamen

232 5590 347 5648 unus
378 5611 475 5663 pro
514 5592 597 5645 his
627 5590 808 5645 verbis
838 5590 1034 5651 habet;
1074 5604 1094 5637 ι
1140 5584 1477 5640 inﬁdelitatis
1511 5583 1767 5636 iudicium

229 5679 298 5721 est
319 5668 398 5718 till!
429 5673 704 5733 peccatur.
741 5679 759 5711 ι

1242 4840 1288 4871 ⁸⁸
1314 4839 1354 4893 ll
1382 4840 1507 4895 Cor.
1539 4857 1613 4901 vr,
1644 4841 1725 4904 ιι,
1763 4840 1847 4895 l5.
1948 4844 1969 4870 ⁸

1249 4952 1263 4965 .
1304 4911 1336 4965 3
1369 4927 1483 4965 seu.
1579 4912 1623 4942 ”
1654 4912 1789 4965 Gen.
1822 4923 1920 4965 xu.
1944 4908 1969 4964 ¹1

1701 4929 1789 4965 ett.
1822 4923 1920 4975 xtl,
1944 4923 1996 4964 ’1.

1879 4499 1954 4554 ait
1985 4519 1998 4554 :
2032 4517 2050 4550 t
2083 4498 2410 4554 Benedictus
2435 4494 2714 4549 Abraham
2749 4488 2859 4542 Deo
2882 4483 3100 4539 excelso
3132 4479 3224 4550 qui
3250 4477 3456 4532 creavit

1864 4591 2083 4653 ,caalum
2122 4599 2175 4645 et
2226 4598 2430 4643 terram
2467 4603 2482 4639 :
2520 4596 2576 4639 et
2625 4579 2946 4637 benedictus
2991 4572 3135 4626 Deus
3166 4568 3413 4624 excelsus
3437 4606 3454 4628 ,

1883 4682 1975 4751 qui
2015 4678 2238 4735 tradidit
2268 4678 2523 4732 inimicos
2554 4672 2672 4742 ejus
2695 4671 2748 4726 in
2779 4668 3027 4722 manibus
3052 4662 3170 4731 ejus
3197 4661 3240 4693 ³⁷
3270 4660 3295 4714 ἳ
3324 4679 3343 4711 ›
3374 4659 3455 4714 Ex

3095 4826 3138 4855 “
3169 4823 3185 4876 Ι
3219 4824 3346 4876 tior.
3377 4837 3455 4888 tv,

3244 4895 3288 4926 ⁵⁷
3318 4894 3453 4949 Gen.

2579 4833 2625 4864 '°
2652 4832 2809 4886 Rom.
2836 4843 2909 4889 tv,
2948 4826 3000 4880 l.

1948 4842 1992 4871 δ’
2017 4826 2135 4893 Jac.
2167 4852 2225 4901 ιι,
2252 4836 2313 4889 2|
2333 4875 2345 4894 .
2375 4835 2463 4888 ἓξ.

2812 4899 2858 4930 ⁸⁸
2887 4898 3016 4952 ibid.
3053 4894 3140 4949 18.

2098 4907 2144 4939 ⁸⁸
2185 4907 2321 4961 Gen.
2359 4921 2475 4968 λιιι,
2502 4904 2592 4969 14,
2628 4903 2712 4956 lii.

1964 5086 2075 5157 (29)
2133 5085 2271 5139 Editi
2308 5102 2321 5138 :
2357 5082 2447 5157 alii
2482 5102 2499 5134 ι
2529 5085 2821 5157 nominat,
2858 5098 2880 5157 ξ
2922 5082 3010 5157 alii
3062 5098 3080 5131 ι
3122 5080 3454 5157 nominare,»

1887 5152 2092 5213 onnsso
2149 5176 2166 5208 ι
2225 5156 2422 5225 potuit.
2467 5174 2484 5206 ο
2528 5152 2655 5207 Mss.
2696 5154 3030 5225 unusihabet
3064 5169 3083 5202 ι
3127 5152 3262 5203 solet
3302 5163 3459 5216 i-pro

1895 5247 1915 5280 ι
1951 5231 2146 5299 potuit.
2187 5246 2204 5277 ι
2230 5224 2409 5299 Alter,
2438 5242 2456 5276 ι
2492 5224 2812 5299 notninajit.
2858 5242 2886 5299 t_
3095 5289 3106 5299 .
3292 5238 3293 5243 η

1962 5289 2077 5370 (50)
2112 5298 2251 5351 Editi
2278 5336 2308 5370 ,_
2334 5314 2369 5370 Δι
2395 5289 2470 5348 ex
2509 5293 2919 5370 librisCenesis
2967 5289 3204 5370 sumitur
3220 5328 3248 5370 _,
3293 5302 3357 5341 ex
3391 5300 3460 5341 eo

1890 5361 2117 5423 loc'ou'bi
2148 5384 2252 5422 non
2282 5367 2513 5428 Abram,
2535 5364 2629 5417 sed
2661 5365 2934 5417 Abraham
2958 5361 3088 5413 dicit
3116 5362 3183 5412 ad
3220 5361 3406 5425 lleutn,
3434 5376 3453 5406 ο

1877 5451 1983 5494 etc.
2016 5438 2177 5494 Male.

1948 5510 2063 5578 (5t)
2103 5508 2261 5578 Eam.
2288 5504 2453 5578 Deest
2490 5504 2543 5558 in
2578 5502 2758 5557 editis.
2788 5512 2820 5578 =__
2854 5534 2869 5578 _-

1959 5567 2085 5650 (52)
2143 5573 2355 5629 Gratia.
2411 5574 2467 5628 ltt
2521 5583 2678 5628 antea
2738 5571 2898 5629 editis
2952 5570 3263 5625 omittitur.
3323 5567 3455 5628 ΔΙ..

1882 5668 1900 5701 Ι
1938 5663 2127 5703 causa.
2162 5664 2185 5697 D
