3974 6206
456 320 573 376 965.

1924 318 2243 378 ORIGENIS

3612 329 3725 384 96$

458 435 658 504 quibus
680 436 928 490 omnibus
954 435 1225 504 colligitur
1254 439 1396 505 quod
1426 441 1480 492 iu
1507 439 1591 491 his
1630 437 1857 508 singulis
1897 438 2030 491 ﬁdes
2059 439 2103 497 Α
2133 443 2186 488 et
2218 432 2507 503 largitione
2541 432 2827 491 faciamus.
2864 435 3018 504 Quod
3068 451 3201 510 ergo
3230 438 3337 493 erit
3372 439 3621 495 debitum
3654 443 3723 496 il~

460 529 676 596 quidem
704 525 867 579 fuerit
892 526 1145 590 Abraha',
1177 530 1269 581 sed
1294 546 1356 584 ex
1406 540 1600 600 parte;
1648 531 1700 583 in
1731 545 1797 584 eo
1843 542 2025 583 autem

462 617 550 669 ubi
606 618 823 677 dicitur,
855 616 978 683 quia
1028 615 1160 671 ﬁdes
1190 622 1308 687 ejus
1337 631 1577 689 reputata
1620 630 1703 673 est
1749 619 1814 673 ad
1862 618 2027 686 justi-

463 707 589 757 tiam
623 704 690 765 ⁸⁸,
718 705 847 757 ﬁdes
884 704 1115 771 perfecta
1146 708 1467 762 declaretur.
1500 708 1650 762 Sicut
1680 712 1824 763 enim
1848 711 2027 763 scicn-

465 796 591 848 tiam
632 806 681 847 et
732 796 1072 864 prophetiam
1112 814 1174 851 ex
1220 810 1371 866 parte
1401 799 1527 852 dicit
1567 814 1686 853 esse
1718 798 2026 868 Apostolus,

461 900 516 941 et
553 904 768 941 rursum
802 887 934 942 dicit
965 904 1085 942 esse
1114 888 1410 956 perfectam
1437 890 1489 942 iu
1520 905 1584 942 eo
1610 906 1730 942 eum
1750 888 2024 943 scribit":

467 998 485 1030 ι
527 981 597 1033 Ex
633 990 785 1048 parte
814 980 1033 1038 scimus.
1074 993 1128 1033 et
1161 998 1224 1034 ex
1259 994 1414 1049 parte
1453 983 1873 1047 proiihetamus:
1905 1000 2025 1035 cum

461 1080 639 1125 autem
671 1071 879 1123 venerit
932 1072 1075 1138 quod
1122 1072 1419 1138 perfectum
1464 1082 1567 1134 est,
1593 1074 1937 1126 destruentur
1966 1088 2043 1128 ea'

462 1179 581 1231 qum
608 1177 669 1215 ex
704 1172 859 1230 parte
910 1172 1037 1215 sunt
1090 1162 1243 1230 (35):
1285 1181 1302 1212 ι
1338 1163 1407 1215 ita
1450 1172 1505 1215 et
1551 1165 1707 1216 fidem
1743 1180 2030 1232 possumus

469 1252 771 1322 intelligere
815 1268 933 1305 esse
982 1251 1272 1321 aliquando
1315 1269 1378 1305 ex
1431 1266 1620 1323 parte.
1658 1265 1709 1306 et
1740 1254 2028 1323 aliquando

462 1343 789 1412 perfectam.
849 1344 917 1399 Ut
970 1354 1152 1397 autem
1203 1344 1348 1413 quod
1398 1344 1630 1415 dicimus
1680 1345 1802 1398 aliis
1854 1346 2029 1401 adhuc

463 1435 760 1502 Scriptura:
810 1445 1014 1487 sancta:
1071 1433 1401 1488 teSIimouiis
1449 1434 1752 1497 muniatur,
1792 1436 1915 1486 audi
1974 1435 2026 1488 in

463 1526 753 1593 Evaiignlio
786 1525 849 1577 ad
896 1524 1181 1579 Domiumu
1215 1524 1463 1579 dicentes
1497 1526 1777 1592 apostolos
1810 1543 1823 1578 :
1867 1543 1885 1575 ι
1929 1524 2030 1577 Do-

464 1620 630 1682 mine,
662 1632 797 1685 auge
828 1616 985 1669 nobis
1013 1616 1243 1668 fidem".
1279 1634 1298 1667 ι
1336 1614 1521 1668 Nonne
1548 1631 1644 1683 per
1678 1616 1789 1670 haec
1811 1616 2029 1670 eviden-

463 1719 547 1763 ter
578 1710 872 1762 ostenduut
898 1706 1101 1761 habere
1128 1721 1186 1759 se
1213 1706 1433 1774 quidem
1485 1706 1677 1765 ﬁdem.
1723 1707 1819 1761 sed
1865 1706 2023 1761 talem

458 1818 577 1870 qua:
611 1809 791 1867 egeret
825 1797 1160 1867 augmento?
1191 1796 1294 1850 Sed
1328 1806 1382 1851 et
1429 1798 1541 1866 ipse
1574 1798 1849 1866 apostolus
1884 1798 2024 1853 Pau-
2060 1775 2100 1829 Β

460 1894 545 1946 lus
584 1908 705 1945 eum
752 1890 903 1953 dicit,
944 1908 963 1939 ι
1010 1888 1067 1941 Si
1117 1888 1345 1942 habeam
1378 1902 1592 1941 omnem
1627 1890 1807 1953 fidem,
1847 1889 1918 1942 ita
1966 1898 2023 1942 tit

461 1994 671 2038 montes
705 1982 1029 2036 transferam
1064 1982 1129 2046 “,
1163 2000 1182 2033 ι
1213 1997 1430 2036 omnem
1461 1997 1582 2035 cum
1615 1980 1767 2044 dicit,
1803 1997 1864 2034 ex
1897 1997 2023 2050 par-

460 2075 601 2127 tibus
635 2083 800 2124 totam
832 2072 988 2125 docet
1039 2085 1161 2124 esse.
1209 2070 1588 2139 compositam.
1644 2067 1827 2137 Neque
1879 2069 2021 2123 enim

457 2181 615 2219 omne
652 2174 827 2232 potest
860 2163 1149 2225 nominari,
1177 2162 1266 2215 ubi
1300 2172 1391 2214 attt
1414 2161 1695 2230 qualitatis
1728 2170 1818 2215 aut
1851 2177 2023 2231 quan-

459 2257 629 2311 titatis
657 2256 944 2308 diversitas
974 2269 1079 2307 non
1136 2252 1252 2323 (δι)
1287 2260 1395 2309 est.
1425 2251 1653 2329 Videtur
1680 2266 1809 2321 ergo
1859 2252 2021 2305 etiam

458 2350 508 2403 in
546 2346 798 2418 praesenti
833 2345 949 2398 loco
978 2360 1096 2398 cum
1135 2342 1315 2397 multa:
1348 2343 1479 2397 ﬁdes
1514 2341 1743 2396 Abrahae
1781 2357 2018 2413 princes-

457 2440 622 2495 serint
654 2453 747 2505 per
778 2435 986 2507 singula
1038 2448 1265 2505 quicque
1316 2448 1435 2504 qua:
1478 2448 1545 2488 ex
1596 2443 1747 2501 parte
1775 2434 2023 2502 superius

458 2530 897 2591 memoravimus,
936 2527 987 2580 in
1022 2529 1123 2580 hoc
1156 2540 1295 2589 nunc
1322 2524 1569 2580 universa
1603 2526 1734 2579 fides
1763 2524 1880 2594 ejus
1903 2539 2024 2580 esse

456 2623 709 2682 collecta,
747 2631 800 2673 et
829 2621 899 2673 ita
952 2618 1002 2672 ei
1038 2619 1102 2671 ad
1134 2616 1401 2685 justitiam
1442 2626 1713 2685 reputata.
1743 2617 1861 2671 .lam
1891 2632 2023 2673 sane

455 2711 845 2768 considerabis.
880 2710 1023 2763 sicut
1061 2709 1126 2762 de
1159 2708 1265 2761 ﬁde
1298 2706 1497 2761 dictum
1521 2716 1603 2760 est
1628 2706 1751 2776 quia
1778 2718 2020 2776 reputata

454 2813 538 2857 est
562 2804 609 2855 ei
647 2803 712 2856 ad
766 2801 1075 2865 justitiam,
1107 2800 1177 2851 ita
1229 2809 1283 2852 et
1330 2798 1395 2852 de
1425 2798 1547 2851 aliis
1591 2798 1879 2852 virtutibus
1918 2801 2020 2854 dici

456 2894 632 2963 possit
661 2894 784 2961 quia
814 2932 829 2955 ,
880 2891 1026 2945 verbi
1066 2891 1236 2959 gratia
1264 2930 1278 2951 ,
1316 2889 1688 2944 misericordia
1731 2891 2023 2960 unicuique

456 2985 696 3054 reputari
716 2992 889 3053 potest
916 2985 981 3036 ad
1002 2984 1292 3053 justitiam,
1316 2993 1406 3037 aut
1435 2984 1722 3053 sapientia,
1740 2993 1826 3035 aut
1848 2983 2023 3037 scien-

465 3078 558 3141 tia,
592 3087 684 3130 aut
717 3075 1094 3138 mansuetudo,
1127 3085 1182 3129 et
1209 3076 1508 3138 humilitas,
1539 3073 1622 3129 vel
1662 3084 1811 3129 certe
1838 3073 1882 3126 si
1906 3090 2023 3128 om-

457 3170 511 3224 ni
540 3169 780 3223 credenti
818 3168 948 3221 ﬁdes
994 3167 1058 3221 ad
1101 3166 1372 3235 justitiam
1423 3175 1729 3236 reputetur.
1763 3162 1869 3220 Sed
1900 3181 2021 3219 cum

456 3264 524 3315 ad
564 3261 877 3329 Scripturas
909 3260 1088 3322 redeo,
1120 3273 1225 3312 non
1269 3257 1522 3311 omnibus
1555 3255 1901 3311 credentibus
1938 3256 2024 3310 in-

452 3353 614 3408 venio
648 3350 791 3421 quod
841 3350 972 3403 ﬁdes
1023 3349 1087 3402 ad
1132 3349 1398 3417 justitiam
1450 3354 1744 3416 reputetnr.
1782 3346 2024 3415 Denique

457 3446 719 3515 scriptum
751 3452 833 3497 est
857 3444 921 3497 de
958 3441 1082 3495 ﬁliis
1121 3438 1310 3504 Israel,
1340 3439 1465 3507 quia
1500 3457 1519 3490 σ
1553 3437 2025 3493 credideruntDo-

454 3538 621 3599 mino,
648 3546 701 3589 et
736 3534 937 3589 famulo
973 3535 1087 3604 ejus
1116 3532 1304 3603 Moysi,
1333 3532 1380 3564 “
1408 3550 1427 3582 ι
1460 3544 1561 3586 nec
1590 3538 1771 3585 tamen
1806 3529 2025 3585 additur

454 3628 596 3697 quod
625 3628 695 3681 de
737 3625 1010 3680 Abraham
1058 3625 1318 3690 scriptum
1359 3630 1464 3687 est,
1492 3620 1617 3689 quia
1649 3628 1893 3689 reputata
1939 3626 2025 3672 est

455 3721 558 3773 illis
597 3721 661 3771 ad
691 3717 979 3785 justitiam.
1021 3713 1101 3770 Oh
1144 3715 1249 3769 hoc
1299 3714 1557 3777 arbitror,
1591 3711 1736 3781 quod
1761 3725 1864 3765 non
1915 3709 2023 3765 illis

454 3820 595 3876 erat,
628 3810 767 3864 sicut
804 3811 854 3863 iu
882 3807 1150 3862 Abraham
1185 3806 1486 3871 docuimus,
1520 3819 1586 3859 ex
1620 3798 1809 3858 multis
1856 3803 2020 3872 parti-

454 3902 555 3957 bus
588 3902 707 3956 ﬁdei
755 3902 805 3954 iu
846 3917 1009 3954 unum
1040 3908 1362 3954 coacervata
1392 3897 1678 3967 perfectio,
1703 3910 1823 3965 quae
1848 3910 2025 3953 mere-

460 4006 611 4048 retur
637 3995 702 4045 ad
722 3993 986 4059 justitiam
1020 3991 1280 4060 reputari.
1306 3991 1458 4057 Quod
1486 3998 1664 4045 autem
1698 3989 1833 4043 dicit
1865 4005 1880 4043 :
1908 4005 1928 4040 ι
1958 3988 2021 4043 Ei

455 4100 582 4136 vero
614 4083 705 4151 qui
740 4092 1018 4150 operatur.
1062 4097 1275 4135 merces
1323 4097 1428 4135 non
1481 4081 1783 4151 imputatur
1825 4092 2020 4135 secun-

454 4177 580 4229 dum
633 4174 899 4244 gratiam,
960 4174 1053 4226 sed
1102 4173 1400 4226 secundum
1450 4172 1687 4225 debitum
1726 4187 1743 4237 ;
1776 4169 2017 4225 credenti

454 4277 629 4321 autem
664 4268 716 4321 in
748 4282 868 4319 eum
891 4265 979 4333 qui
1004 4263 1261 4334 justificat
1287 4263 1532 4332 impium,
1565 4271 1845 4332 reputatur
1871 4262 2013 4316 ﬁdes

454 4362 518 4413 ad
559 4360 826 4429 justitiam
854 4358 899 4389 “
938 4378 949 4412 :
988 4376 1005 4408 ι
1042 4356 1252 4409 videtur
1299 4354 1587 4409 ostendere
1614 4354 1767 4423 quasi
1823 4354 1875 4407 in
1915 4352 2021 4408 ﬁde

450 4455 668 4525 quidem
703 4452 875 4521 gratia
915 4450 984 4503 sit
1038 4449 1388 4516 jnstiﬁcantis
1414 4486 1429 4510 ,
1480 4448 1533 4501 in
1581 4461 1744 4518 opere
1773 4462 1904 4502 vero
1928 4446 2018 4516 ju-
2052 4462 2096 4518 ι)

452 4546 598 4599 stitia
633 4542 982 4598 retribuetttis
1007 4541 1144 4609 (35).
1181 4539 1286 4595 Sed
1316 4554 1414 4610 ego
1438 4555 1560 4594 cuin
1595 4538 1880 4594 considero
1901 4555 2018 4593 ser-

454 4637 629 4690 monis
659 4637 1008 4691 eminentiam
1041 4672 1056 4696 ,
1107 4647 1211 4701 qua
1264 4631 1400 4685 dicit
1430 4629 1675 4700 operanti
1721 4631 2014 4684 secundum

451 4726 690 4782 debitum
737 4725 908 4791 reddi,
943 4725 1026 4777 vix
1067 4724 1196 4777 mihi
1224 4723 1428 4777 suadeo
1466 4721 1608 4791 quod
1642 4721 1815 4790 possit
1846 4720 2011 4774 ullum

449 4832 587 4885 Opus
625 4829 784 4881 esse,
834 4814 975 4884 quod
1029 4828 1094 4866 ex
1147 4812 1328 4866 debito
1368 4810 1859 4864 remunerationem
1918 4810 2011 4865 Dei

451 4909 725 4977 deposcat,
760 4922 880 4960 cum
913 4907 1076 4960 etiam
1110 4905 1212 4959 hoc
1245 4904 1415 4972 ipstnu
1447 4905 1591 4972 quod
1618 4916 1780 4972 agere
1807 4901 2011 4971 aliquid

449 5012 754 5068 possumus,
785 4996 863 5051 vel
893 4998 1167 5066 cegitare,
1201 4994 1286 5048 vel
1334 4993 1579 5064 proloqui
1610 5033 1626 5057 .
1666 4991 1837 5063 ipsius
1868 4992 2012 5047 dono

518 5180 565 5212 ⁸⁸
599 5178 756 5234 Rom.
789 5193 865 5239 tv.
887 5178 937 5234 5.
1017 5178 1105 5232 ³⁸1
1135 5178 1262 5233 Cor.
1299 5192 1397 5231 xui
1419 5216 1434 5238 .
1467 5176 1523 5240 9,
1562 5176 1648 5230 10.
1718 5176 1763 5206 ⁸ο
1797 5173 1927 5231 Luc.
1957 5191 2067 5231 xvn
2089 5216 2104 5240 ,

451 5264 522 5306 iv.
557 5250 613 5312 4.
647 5248 698 5305 5.
773 5249 818 5280 “
844 5248 1033 5303 Matth.
1063 5265 1135 5314 vr,
1167 5248 1255 5303 f2.
1332 5248 1377 5281 ⁸⁸
1413 5246 1542 5301 Luc.
1580 5262 1673 5305 vti.
1705 5244 1792 5300 41.
1870 5246 1917 5277 ⁸⁸
1957 5246 2085 5302 Luc.

450 5318 494 5350 "
532 5318 663 5376 Luc.
693 5335 767 5385 Vt,
799 5318 1113 5386 38;Matth.
1147 5335 1244 5387 vit,
1285 5317 1343 5374 2.
1439 5318 1485 5348 ὀ
1512 5314 1667 5370 .loan.
1732 5330 1816 5380 tit,
1868 5315 1957 5370 δι.
2034 5318 2076 5348 ⁷⁸

519 5510 631 5578 (Ξό)
681 5511 782 5565 Ms.
832 5526 1012 5575 unus,
1068 5528 1088 5563 ι
1145 5510 1500 5567 evacuabitur
1543 5509 1686 5579 quod
1731 5524 1797 5564 ex
1852 5517 2008 5581 parte

448 5589 630 5717 95:13:)
675 5647 817 5705 Non.
852 5650 906 5703 Ιιι
943 5650 1105 5704 editis
1133 5640 1587 5717 prmlertnitlitt‘tr.

540 5649 605 5701 34
675 5649 817 5705 Non.
852 5650 906 5703 Ιιι
943 5650 1105 5704 editis
1133 5660 1298 5717 praue

669 5719 836 5783 Alias,
877 5737 895 5772 ι
935 5722 1242 5773 ιτὶιιιιεῐινὶδ.
1278 5738 1298 5772 ο

2132 523 2256 585 lius,
2286 522 2441 591 cujus
2470 538 2596 594 erga
2640 540 2739 579 nos
2786 525 2942 580 fentts
2973 529 3253 597 praecessit
3294 529 3456 601 (36)?
3496 532 3561 586 Et
3593 533 3722 587 ideo

2133 610 2420 665 videndum
2452 612 2623 682 magis
2662 624 2745 667 est
2791 629 2858 667 ne
2900 614 3041 671 forte
3079 618 3220 685 quod
3251 620 3407 685 dixit,
3442 640 3461 672 ι
3508 622 3566 675 Εἰ
3617 639 3722 676 au-

2132 711 2238 755 tem
2270 703 2359 769 qui
2388 714 2667 772 operatur,
2704 719 2911 760 merces
2945 708 3243 763 secundum
3279 710 3522 765 debitum
3558 729 3722 784 repu-

2139 795 2362 858 tabitur,
2401 813 2419 846 ι
2451 794 2658 849 sinistri
2709 797 2882 866 magis
2929 799 3113 868 operis
3165 801 3578 873 intelligendum
3642 808 3723 859 sit

2130 884 2396 940 debitum.
2426 886 2615 941 Debita
2649 889 2847 943 etenim
2886 902 3106 958 peccata
3146 893 3251 947 dici
3282 894 3337 946 iu
3364 895 3567 951 divinis
3604 898 3722 953 νο.

2129 975 2423 1031 luminibus
2481 976 2798 1047 frequenter
2833 980 3117 1047 invenies,
3168 991 3227 1037 ut
3275 983 3391 1052 ipse
3446 986 3719 1047 Dominus

2130 1067 2182 1120 iu
2230 1068 2477 1123 oratione
2533 1084 2634 1125 nos
2675 1069 2859 1124 docuit
2887 1070 2933 1102 “
2967 1071 3191 1128 dicere:
3228 1093 3247 1126 ι
3286 1074 3508 1133 Dimitte
3554 1083 3717 1138 nobis

2131 1158 2291 1229 523
2324 1160 2500 1213 debita
2531 1170 2718 1217 nostra
2739 1202 2753 1222 .
2780 1162 2926 1219 sicut
2968 1173 3023 1217 et
3058 1179 3157 1219 nos
3191 1166 3518 1224 dimittimus
3556 1173 3717 1228 debi-

2132 1250 2337 1300 toribus
2380 1248 2581 1303 nostris
2616 1267 2628 1302 :
2670 1268 2689 1301 ι
2721 1260 2776 1305 et
2819 1252 3017 1306 iterum
3046 1270 3168 1308 eum
3207 1256 3337 1311 dicit
3371 1258 3487 1328 ipse
3533 1261 3721 1315 Domi—

2131 1351 2232 1391 nus
2262 1337 2346 1390 “:
2387 1355 2405 1386 ι
2444 1338 2670 1393 Cuidam
2719 1339 3100 1409 patrifamilias
3136 1356 3296 1402 erant
3343 1350 3449 1403 duo
3494 1351 3721 1407 debito-

2132 1440 2218 1479 res
2250 1444 2263 1478 :
2293 1441 2431 1481 unus
2480 1428 2709 1483 debebat
2764 1430 3018 1486 denarios
3065 1435 3413 1503 quingentos,
3462 1451 3524 1493 et
3575 1442 3721 1497 alius

2128 1518 2521 1587 quinquaginta
2557 1537 2569 1572 :
2606 1539 2624 1571 ι
2663 1520 2841 1575 ethoc
2864 1522 2932 1577 de
2972 1527 3213 1591 peccatis
3242 1529 3347 1583 dici
3382 1530 3500 1599 ipse
3536 1533 3721 1588 inter-

2130 1618 2374 1675 pretatus
2402 1621 2509 1666 est.
2538 1608 2615 1665 Ne
2634 1611 2776 1667 forte
2805 1628 2935 1683 ergo
2953 1624 3007 1669 et
3039 1616 3091 1669 iu
3119 1617 3219 1672 hoc
3249 1618 3364 1675 loco
3390 1625 3715 1679 mercedem

2128 1699 2313 1767 Operis
2350 1715 2468 1769 qua:
2508 1701 2809 1755 secundum
2840 1704 3080 1757 debitum
3120 1708 3398 1774 redditur,
3436 1716 3505 1765 ad
3560 1713 3719 1771 hunc

2129 1805 2369 1856 sensum,
2402 1806 2559 1859 quem
2588 1807 2753 1861 supra
2779 1793 3040 1857 diximus.
3067 1798 3355 1866 Apostolus
3389 1806 3623 1859 traxerit
3645 1807 3722 1861 de

2130 1879 2212 1933 his
2256 1884 2347 1950 qui
2397 1883 2469 1936 ita
2503 1892 2797 1953 operantur
2839 1887 2980 1941 sicut
3032 1897 3087 1942 et
3139 1888 3270 1944 Cain
3322 1904 3579 1962 operatus
3621 1908 3718 1952 est

2128 1979 2329 2026 terram
2364 1990 2376 2026 :
2410 1982 2465 2027 et
2523 1974 2664 2027 sicut
2707 1975 2837 2030 alibi
2903 1978 3081 2033 dicit:
3132 1998 3151 2031 ι
3218 1982 3485 2039 Discedite
3532 2002 3561 2038 a
3594 2004 3713 2055 me,

2128 2063 2362 2130 operarii
2398 2063 2699 2131 iniquitatis
2721 2065 2766 2096 ⁸⁸
2791 2083 2805 2121 :
2846 2086 2865 2119 ι
2894 2068 3090 2136 quibus
3116 2071 3303 2142 utique
3332 2078 3483 2143 quasi
3520 2079 3712 2136 debita

2129 2166 2283 2221 pmua
2315 2167 2411 2222 pro
2443 2154 2690 2209 mercede
2718 2155 3019 2227 iniquitatis
3054 2160 3366 2217 exsolvitur.
3394 2165 3711 2225 Undeidem

2128 2244 2415 2313 Apostolus
2445 2246 2495 2298 in
2528 2245 2637 2301 alio
2666 2246 2785 2302 loco
2811 2249 2855 2280 "
2891 2267 2905 2304 :
2954 2269 2973 2302 ι
3011 2250 3312 2323 Stipendia,
3342 2258 3545 2328 inquit,
3582 2278 3712 2330 pec-

2128 2337 2233 2391 cati
2272 2352 2454 2403 mors;
2499 2357 2518 2391 ι
2553 2348 2607 2393 ει
2656 2356 2761 2394 non
2810 2342 3018 2398 addidit
3053 2354 3110 2397 ut
3155 2349 3417 2404 similiter
3455 2354 3707 2410 diceret:

2130 2425 2405 2497 Stipendia
2440 2439 2619 2485 autem
2636 2430 2856 2498 justitia:
2875 2436 2980 2487 vita
3006 2446 3232 2502 aeterna,
3256 2443 3349 2493 sed
3374 2444 3449 2494 ait
3474 2462 3487 2496 :
3525 2462 3544 2493 ί
3566 2444 3709 2499 Gra-

2131 2520 2202 2573 tia
2236 2532 2414 2575 autezn
2444 2521 2536 2578 Dei
2566 2525 2680 2577 vita
2708 2537 2910 2580 aeterna
2937 2526 2984 2559 “
3014 2546 3027 2582 :
3070 2546 3089 2580 ι
3122 2540 3179 2583 ut
3207 2532 3540 2600 stipendium
3560 2539 3706 2603 quod

2129 2611 2313 2680 utique
2347 2612 2528 2667 debito
2570 2624 2625 2668 et
2658 2616 2893 2672 mercedi
2930 2618 3106 2674 simile
3132 2630 3243 2686 est,
3282 2625 3701 2679 retributionem

2129 2714 2300 2771 ptenaa
2326 2717 2446 2757 esse
2470 2704 2689 2760 doceret
2725 2715 2779 2760 et
2817 2707 3037 2775 mortis,
3076 2710 3237 2765 vitam
3281 2728 3413 2768 vero
3439 2725 3703 2770 aeternam

2128 2796 2226 2849 soli
2257 2798 2443 2866 gratize
2477 2799 2843 2869 consignaret.
2880 2799 3199 2863 Secundum,
3228 2804 3371 2859 hunc
3401 2823 3626 2864 sensum
3648 2820 3707 2865 et

2129 2885 2259 2939 illud
2302 2888 2448 2957 quod
2495 2889 2545 2942 iu
2592 2889 2887 2959 Evangelia
2913 2891 3189 2960 scribitur,
3223 2913 3243 2946 ι
3295 2896 3412 2962 Qua
3449 2915 3708 2956 mensura

2129 2980 2299 3033 mensi
2331 2980 2565 3046 fueritis,
2601 2983 2788 3037 eadem
2809 2987 3124 3040 remetietur
3166 2988 3322 3044 vobis
3352 2990 3427 3055 “,
3469 3011 3491 3044 ι
3526 2994 3594 3049 de
3626 2996 3708 3049 si-

2129 3069 2313 3126 nistris
2358 3073 2616 3141 operibus
2668 3076 3043 3145 accipiendum
3100 3087 3249 3145 puto.
3315 3079 3505 3150 Neque
3557 3086 3705 3139 enim

2125 3161 2314 3229 gratiae
2343 3177 2456 3216 sua:
2504 3179 2811 3218 mensuram
2852 3167 3040 3222 statuit
3078 3169 3239 3233 Deus,
3274 3186 3397 3226 cum
3436 3179 3703 3243 scriptum

2123 3253 2193 3305 sit
2221 3272 2235 3307 :
2260 3270 2279 3303 ι
2301 3253 2412 3307 Non
2432 3258 2576 3307 enim
2598 3255 2662 3307 ad
2690 3271 2994 3311 mensuram
3017 3258 3107 3313 dat
3132 3258 3274 3315 Deus
3298 3264 3553 3334 spiritum
3571 3268 3640 3322 τ’.
3679 3288 3700 3320 ι

2126 3342 2182 3397 Si
2218 3358 2347 3414 ergo
2379 3345 2491 3397 haec
2528 3353 2785 3413 putantur
2817 3355 2965 3400 recte
2994 3347 3265 3414 discussa,
3299 3367 3707 3424 consequenter

2122 3435 2306 3503 utique
2337 3450 2397 3489 ea
2429 3450 2548 3503 quae
2581 3438 2860 3493 coliterent
2883 3440 3211 3496 videbuntur
3236 3444 3611 3515 intelligenda,
3638 3458 3699 3502 ut

2121 3527 2365 3596 operanti
2395 3528 2609 3596 quidem
2638 3543 2800 3598 opera
2828 3531 3129 3601 iniquitatis
3153 3550 3369 3590 merces
3394 3542 3699 3596 secundum

2122 3618 2326 3689 peccati
2363 3619 2602 3673 debitum
2641 3623 3001 3690 rependatur;
3037 3628 3282 3681 credenti
3314 3644 3440 3683 vero
3473 3630 3527 3686 in
3571 3647 3698 3688 eum

2122 3710 2212 3778 qui
2239 3709 2501 3779 justilleat
2536 3712 2781 3781 impium,
2810 3713 2942 3769 fides
2975 3715 3041 3768 ad
3063 3715 3328 3783 justitiam
3368 3734 3649 3790 reputetur
3676 3743 3695 3780 :

2122 3802 2167 3857 si
2223 3802 2443 3870 quidem
2494 3804 2630 3882 bene
2677 3806 3024 3861 meminimus
3054 3810 3357 3877 superiora,
3409 3812 3461 3865 in
3494 3818 3699 3882 quibus

2121 3894 2459 3948 ostendimus
2489 3876 2595 3949 non
2621 3896 2669 3949 ei
2700 3896 2790 3964 qui
2826 3910 2891 3951 ex
2921 3907 3095 3966 parte,
3126 3876 3220 3954 sed
3249 3906 3339 3971 qui
3362 3918 3427 3957 ex
3453 3876 3697 3976 iuiegro,

2122 3994 2179 4041 et
2204 3988 2296 4055 qui
2328 3985 2570 4056 perfecte
2603 3990 2796 4053 credit,
2824 3989 2983 4044 ﬁdem
3011 4005 3169 4060 posse
3199 3995 3265 4047 ad
3300 3996 3570 4064 justitiam
3604 4014 3697 4053 re-

2121 4078 2301 4147 putari
2327 4092 2342 4132 :
2372 4094 2491 4149 quae
2514 4081 2648 4138 ﬁdes
2689 4093 2836 4140 tanta
2873 4097 2978 4151 est,
3005 4099 3062 4142 ut
3084 4085 3346 4158 justiﬁcot
3371 4090 3537 4142 etiam
3568 4106 3694 4145 cum

2122 4170 2211 4237 qui
2240 4169 2437 4240 impius
2464 4170 2649 4240 fuerit,
2676 4184 2736 4229 ut
2760 4174 2902 4230 ultra
2928 4177 3039 4246 jam
3076 4193 3179 4232 non
3204 4177 3275 4232 sit
3304 4179 3523 4247 impius,
3554 4182 3697 4235 sicut

2124 4256 2211 4312 ille
2247 4258 2385 4313 latro
2421 4260 2513 4328 qui
2562 4264 2828 4330 pendebat
2867 4266 2920 4320 in
2963 4281 3131 4321 cruce
3161 4276 3217 4321 et
3258 4268 3693 4336 blasphemabat,

2122 4349 2214 4403 sed
2244 4350 2315 4403 sit
2344 4350 2485 4405 sicut
2511 4351 2598 4407 ille
2620 4354 2711 4422 qui
2739 4355 3099 4411 confitebatur
3120 4366 3174 4411 et
3208 4358 3425 4413 dicebat
3452 4372 3470 4412 :
3515 4377 3537 4411 ι
3589 4362 3697 4416 Do-

2126 4441 2270 4497 mine
2296 4438 2444 4505 Iesu.
2489 4454 2761 4499 memento
2806 4448 2910 4501 mei
2947 4462 3068 4502 eum
3124 4450 3338 4503 veneris
3371 4450 3423 4503 in
3465 4468 3693 4524 regnum

2125 4544 2273 4587 tuum
2316 4536 2385 4587 '".
2436 4534 2563 4591 Post
2607 4539 2719 4593 haec
2765 4540 2911 4594 velut
2944 4541 3011 4595 ad
3053 4543 3528 4599 conﬁrmationem
3576 4548 3694 4619 (37)

2122 4626 2388 4682 sermonis
2422 4628 2506 4683 sui
2542 4644 2703 4698 quem
2751 4630 2965 4687 dixerat
3000 4650 3013 4686 :
3043 4651 3062 4685 ι
3109 4633 3167 4688 Ei
3216 4643 3397 4689 autem
3446 4639 3539 4707 qui
3586 4655 3691 4696 non

2120 4727 2394 4783 Operauir.
2412 4721 2587 4774 credit
2611 4724 2790 4776 autem
2814 4724 2865 4777 in
2881 4737 3003 4777 eum
3033 4727 3124 4794 qui
3151 4725 3414 4795 justiﬁcat
3437 4728 3691 4799 impium,

2122 4819 2403 4875 reputatur
2448 4809 2583 4867 ﬁdes
2616 4813 2682 4867 ad
2714 4812 2981 4883 justitiam
3006 4815 3075 4880 ",
3122 4836 3143 4869 ι
3174 4819 3406 4873 assumit
3439 4822 3695 4877 testimo-

2119 4900 2267 4952 nium
2302 4901 2369 4955 de
2406 4902 2663 4967 Psalmis.
2696 4916 2753 4959 et
2790 4906 2921 4961 dicit
2955 4922 2972 4962 :
3008 4925 3027 4959 ι
3068 4906 3221 4963 Sicut
3251 4919 3305 4964 et
3350 4910 3520 4965 David
3562 4914 3695 4966 dicit

2118 4993 2508 5051 beatitudinem
2552 4998 2804 5063 hominis,
2839 5003 2930 5057 cui
2959 4997 3101 5055 Deus
3129 5010 3356 5072 accepto
3385 5001 3496 5058 fert
3516 5001 3690 5072 justi-

2137 5173 2189 5228 5.
2269 5173 2312 5206 "
2339 5172 2357 5228 Ι
2387 5173 2513 5228 Cor.
2542 5188 2660 5239 xm,
2689 5174 2746 5230 2.
2842 5174 2888 5207 "
2922 5174 3089 5230 Exod.
3131 5190 3242 5239 xtv,
3274 5176 3365 5231 3i.
3444 5178 3491 5210 ⁸⁸
3522 5177 3687 5233 “om.

2120 5259 2235 5307 xui,
2264 5242 2355 5308 27;
2386 5243 2577 5298 Matth.
2614 5260 2705 5308 vu,
2736 5245 2829 5299 23.
2928 5246 2973 5277 "
3016 5247 3169 5299 ltom.
3196 5262 3268 5311 vi,
3299 5247 3387 5302 23.
3467 5249 3513 5280 ⁸⁸
3553 5251 3689 5305 ibid.

2118 5314 2248 5370 Luc.
2305 5329 2469 5379 χχιιι,
2499 5314 2590 5368 4-2.
2664 5317 2709 5346 ⁷¹
2735 5316 2892 5371 Rom.
2939 5331 3014 5383 tv,
3046 5316 3100 5371 5.

2842 5174 2888 5207 ⁶¹
2922 5174 3089 5230 Exod.
3131 5190 3242 5241 xtv,
3274 5176 3365 5231 3i.

2189 5507 2303 5573 (36)
2347 5506 2439 5561 Sic
2464 5521 2656 5562 omnes
2686 5520 2815 5561 mss.
2849 5506 3028 5562 nostri
3056 5520 3074 5574 ς
3117 5505 3245 5563 editi
3274 5515 3421 5568 vero,
3469 5520 3490 5557 ι
3525 5503 3689 5576 cujus

2118 5583 2294 5648 gratia
2332 5592 2430 5631 nos
2453 5577 2749 5645 praecessit.
2784 5596 2802 5648 ι

2189 5647 2301 5716 (57)
2342 5648 2508 5713 Alias,
2544 5664 2563 5697 ι
2604 5647 2979 5702 ﬁrmationem.
3023 5664 3047 5701 ι
