3974 6206
368 164 481 231 963

1329 180 1685 237 ΕΟΜΜΕΝΤ.
1721 183 1786 237 ιΝ
1831 183 2044 240 EPIST.
2083 188 2173 240 AD
2209 187 2377 245 ROM.
2419 190 2545 247 LIB.
2584 191 2674 247 IV.

3519 198 3621 255 9’10

366 294 501 345 tiam
530 291 651 347 sine
680 293 939 362 operibus
969 295 1015 328 ⁷³
1051 311 1064 351 :
1097 296 1247 352 Beati
1281 314 1510 368 quorum
1551 302 1795 356 remissa:
1827 313 1954 358 sunt
1982 309 2025 365 Α
2059 309 2331 376 nequitiae,
2362 308 2565 376 ibijam
2591 324 2800 364 summa
2829 308 3079 379 perfecta!
3108 309 3461 365 beatitudinis
3493 330 3621 381 pro-

366 385 709 454 iniqnitates,
761 395 815 441 et
844 402 1073 456 quorum
1122 399 1258 443 tecta
1290 401 1415 445 sunt
1460 406 1682 460 peccata
1712 410 1724 447 :
1759 396 1950 450 beatus

364 479 455 531 vir
480 481 689 532 cuinon
721 477 1009 549 imputavit
1032 480 1291 537 Dominus
1322 492 1600 552 peccatum
1622 485 1691 538 “.
1727 504 1745 536 ι
1788 483 1949 540 Vides

363 586 466 642 per
491 571 590 625 hos
610 586 892 626 sermones
913 584 1312 646 consequenter
1328 577 1611 646 approbari
1634 593 1791 647 posse
1809 576 1955 648 quod

365 670 654 728 reputetur
685 661 889 714 homini
937 663 1139 727 iustitia
1181 665 1296 720 sine
1323 666 1598 735 operibus.
1626 667 1783 722 Unde
1820 668 1955 722 mihi

363 755 582 812 videtur
607 756 711 810 hoc
739 754 1073 811 intellexisse
1103 756 1417 827 Apostolus,
1451 760 1578 829 quia
1608 760 1945 829 impossibile

361 845 434 897 sit
471 848 525 897 in
556 846 792 912 homine,
841 846 926 901 cui
965 845 1077 916 jam
1113 863 1210 918 per
1253 858 1465 905 tetatem
1501 852 1849 907 discernendi
1877 855 1944 908 de

362 936 507 988 bono
542 948 597 990 et
648 937 791 991 malo
838 936 993 995 adest
1035 938 1361 1004 intellectus,
1408 955 1585 1011 neque
1622 941 1940 1011 injustitiam

363 1027 565 1090 inesse,
598 1043 772 1092 neque
794 1027 1083 1096 justitiam.
1120 1029 1270 1096 Quod
1295 1031 1341 1085 si
1387 1032 1457 1086 ita
1492 1043 1597 1099 est,
1631 1034 1749 1088 sine
1771 1037 1941 1091 altero

357 1132 391 1170 e
422 1119 637 1172 duobus
663 1118 893 1173 inveniri
932 1122 1107 1175 anima
1141 1138 1244 1175 non
1282 1134 1492 1190 potest;
1533 1137 1581 1179 et
1623 1137 1827 1182 certum
1858 1138 1939 1183 est

358 1210 406 1262 si
428 1209 657 1263 desierit
685 1210 794 1279 (58)
831 1227 859 1263 a
908 1212 1086 1276 malis,
1123 1216 1269 1282 quod
1297 1216 1405 1281 jam
1430 1217 1738 1272 inveniatur
1770 1221 1819 1274 in
1848 1222 1938 1275 bo-

358 1299 467 1353 nis.
507 1300 561 1353 lu
596 1301 751 1353 undis
782 1310 961 1354 autem
1001 1318 1105 1356 non
1139 1314 1219 1357 est
1254 1305 1342 1358 illa
1376 1308 1581 1371 anima,
1607 1310 1759 1380 cujus
1800 1328 1822 1362 ι
1856 1328 1941 1365 re—

357 1393 544 1444 missu!
572 1404 698 1445 sunt
724 1393 1056 1462 iniquitates.
1090 1414 1108 1445 ι
1148 1406 1201 1448 et
1232 1397 1389 1466 enjns
1422 1417 1439 1448 ι
1493 1409 1631 1454 tecta
1662 1412 1785 1454 sunt
1816 1418 1940 1471 pec-

362 1496 545 1548 cata,»
578 1494 630 1540 et
656 1504 674 1536 ι
713 1488 798 1539 cui
837 1502 940 1540 non
979 1488 1265 1555 imputavit
1301 1492 1410 1563 (59)
1450 1493 1708 1549 Dominus
1749 1511 1941 1564 pecca-

359 1587 475 1630 tum
518 1578 564 1609 ⁷⁸
598 1601 607 1631 ;
638 1597 657 1630 ι
692 1581 1022 1633 conveniens
1062 1597 1191 1649 ergo
1217 1594 1301 1637 est
1335 1586 1476 1639 utsit
1508 1586 1559 1638 in
1585 1587 1938 1642 bonis.Com-

2057 402 2321 466 mittatur,
2389 417 2512 456 cum
2574 400 2780 455 nullmu
2829 403 2998 470 possit
3055 403 3311 456 Dominus
3358 404 3623 473 imputare

2055 503 2356 558 peccaturo.
2390 494 2655 564 lniquitas
2684 508 2818 549 sane
2852 510 2878 547 a
2906 504 3126 562 peccato
3156 497 3293 549 hanc
3326 495 3488 548 habet
3520 495 3624 547 dii.

2056 580 2361 648 ferentiam,
2388 586 2533 655 quod
2568 585 2825 655 iniquitas
2849 586 2901 637 in
2930 587 3010 639 bis
3036 587 3253 643 dicitur.
3287 602 3405 653 qua:
3432 600 3616 638 contra

2053 674 2221 744 legem
2246 679 2664 731 committuntur
2688 722 2699 732 .
2727 679 2865 730 unde
2887 689 2937 731 et
2957 678 3175 732 Graecus
3198 693 3378 732 sermo
3392 679 3619 748 ἀνομίαν

2050 769 2286 837 appellat
2339 770 2708 838 iniquitatem,
2748 770 2848 824 hoc
2888 783 2989 829 est.
3019 772 3157 839 quod
3195 772 3307 826 sine
3351 771 3464 839 lege
3506 773 3618 841 (4³5)

2050 861 2440 928 committitur;
2469 861 2631 935 524
2676 873 2952 932 peccatum
2986 879 3112 916 vero
3146 863 3310 916 etiam
3348 864 3477 916 illttd
3517 865 3620 916 dici

2050 958 2247 1017 potest,
2282 950 2325 1003 si
2351 960 2539 1003 contra
2572 966 2736 1020 quam
2773 962 2963 1005 natura
2991 954 3165 1017 docet,
3196 964 3249 1005 et
3283 953 3616 1007 c0n5cientia

2047 1039 2245 1107 arguit,
2282 1039 2647 1109 delinquatur.

2114 1130 2170 1183 2.
2226 1148 2244 1180 ι
2300 1130 2584 1185 lieatitudo
2625 1148 2753 1203 ergo
2799 1134 2909 1188 Itmc
2952 1136 3002 1187 in
3036 1135 3448 1189 circumcisione
3482 1135 3620 1205 (it),

2049 1232 2114 1271 an
2148 1220 2309 1273 etiam
2348 1220 2396 1273 iti
2441 1223 3007 1290 pt-:rptttio?l)icimus
3041 1226 3182 1277 enim
3219 1225 3341 1292 quia
3378 1235 3618 1293 reputata

2045 1320 2131 1363 est
2153 1310 2385 1365 Abrahm
2419 1312 2550 1366 lidcs
2582 1316 2645 1365 ad
2667 1313 2957 1382 justitiam.
2979 1315 3260 1381 Quomodo
3286 1330 3414 1385 ergo
3451 1333 3618 1386 repu-

2049 1412 2159 1454 tata
2205 1403 2478 1457 est?Cu;u
2520 1404 2571 1456 in
2608 1405 3022 1460 circumcisione
3058 1419 3236 1471 esset,
3291 1425 3356 1461 an
3399 1424 3518 1461 cum
3562 1410 3617 1462 in

2046 1495 2305 1563 praeputio
2332 1494 2609 1566 (.i5)?.‘ion
2641 1498 2690 1548 in
2725 1498 3163 1560 circumcisione.
3192 1499 3285 1555 sed
3322 1500 3373 1553 in
3407 1515 3620 1570 prmpu-

2048 1586 2141 1638 tio.
2172 1586 2235 1639 Et
2263 1587 2471 1656 signum
2500 1590 2709 1654 accepit
2742 1590 3241 1653 circumcisionem,
3280 1592 3615 1660 signaculum

354 1681 605 1737 petcnfer
675 1672 837 1740 igitur
897 1679 962 1727 ad
1032 1677 1408 1731 remissionem
1469 1678 1813 1748 iniquitatam
1884 1691 1939 1735 et
1973 1674 2011 1728 Β
2037 1676 2265 1746 iustitia:
2295 1679 2439 1742 lidei,
2470 1695 2592 1746 qua:
2622 1691 2705 1733 est
2738 1681 2790 1733 in
2820 1684 3126 1749 pra-potio:
3158 1693 3212 1736 ut
3237 1684 3307 1737 sit
3332 1697 3483 1753 pater
3508 1702 3618 1739 om-

352 1764 722 1817 obtectiouem
777 1778 1144 1834 peccatorum,
1192 1779 1249 1824 et
1289 1772 1354 1824 ad
1396 1771 1445 1823 id
1487 1774 1629 1841 quod
1673 1788 1779 1827 non
1824 1772 1935 1843 (40)

353 1856 588 1924 imputat
640 1860 895 1913 Dominus
940 1874 1242 1929 peccatum,
1294 1864 1422 1918 dicit
1468 1863 1760 1936 Apostolus
1795 1868 1935 1935 quod

355 1948 566 2001 homini
594 1950 813 2018 justitia'
847 1963 1127 2022 reputetur
1150 1954 1219 2019 ⁷⁸,
1248 1955 1369 2009 licet
1395 1958 1633 2009 nondum
1658 1973 1820 2025 opera
1850 1957 1938 2026 jn-

350 2043 520 2095 stitim
553 2045 752 2112 egerit,
804 2048 895 2103 sed
927 2064 1025 2115 pro
1062 2065 1127 2102 eo
1165 2057 1373 2103 tantum
1414 2050 1555 2119 quod
1591 2051 1828 2107 credidit
1880 2051 1933 2103 in

349 2148 478 2188 eum
515 2139 602 2202 qui
643 2135 904 2204 jnstiticat
943 2139 1185 2204 impium,
1232 2140 1444 2193 Initium
1474 2156 1707 2209 namque
1733 2142 1934 2211 jnstili-

358 2225 478 2278 Cari
514 2244 539 2276 tt
572 2226 700 2293 Deo,
736 2230 864 2283 lidcs
888 2240 967 2282 est
994 2247 1112 2298 quze
1144 2232 1316 2285 credit
1350 2233 1399 2284 in
1420 2230 1836 2298 justiﬁcantem.
1870 2238 1935 2291 El

258 2388 261 2389 ν
352 2316 471 2369 haec
502 2317 636 2372 lides
666 2334 784 2371 cum
807 2319 1103 2388 justifieata
1133 2321 1317 2384 fuerit,
1357 2332 1608 2390 tanquam
1649 2326 1794 2397 radix
1829 2326 1932 2379 im-

348 2406 450 2460 bre
475 2420 731 2475 suscepto
765 2411 932 2463 lueret
956 2411 1004 2463 in
1034 2412 1233 2464 animae
1262 2412 1397 2483 solo,
1420 2422 1475 2463 nt
1507 2428 1628 2465 cum
1648 2428 1744 2479 per
1765 2414 1931 2483 legem

352 2496 450 2551 Dei
483 2499 660 2552 excoli
694 2501 947 2565 emperit,
981 2514 1205 2572 surgant
1241 2504 1290 2555 in
1326 2518 1385 2554 ea
1422 2504 1553 2555 rami
1601 2504 1689 2571 qni
1730 2503 1933 2558 fructus

347 2603 578 2654 Opernm
630 2590 824 2644 ferant.
871 2589 987 2643 Non
1022 2606 1151 2657 ergo
1193 2608 1256 2644 cx
1308 2594 1562 2661 operibus
1600 2594 1747 2645 radix
1778 2594 1933 2658 justi-

348 2683 460 2744 tize,
492 2683 586 2736 sed
618 2698 681 2736 ex
725 2684 909 2737 radice
941 2684 1165 2752 justitize
1194 2685 1405 2743 fructus
1441 2703 1663 2754 operum
1703 2688 1926 2751 crescit,

351 2777 446 2830 illa
476 2777 687 2832 scilicet
727 2779 908 2832 radice
946 2777 1207 2845 justitiaz,
1252 2793 1356 2847 qua
1394 2780 1531 2833 Deus
1574 2790 1797 2849 accepto
1828 2778 1932 2832 fert

344 2869 617 2938 justitiam
652 2870 770 2922 sine
807 2871 1062 2938 operibus
1089 2870 1154 2922 ⁷⁷.
1204 2869 1353 2925 Unde
1393 2881 1681 2939 propterea
1725 2882 1849 2942 puto
1876 2880 1931 2925 et

349 2962 523 3017 David
573 2963 846 3016 tricesimo
890 2962 1065 3031 primo
1109 2962 1221 3033 (Η)
1265 2964 1492 3030 psalmo,
1540 2979 1700 3033 quem
1732 2978 1927 3033 super-

349 3055 596 3122 scripsit,
617 3074 634 3107 ι
663 3041 971 3111 Intellectus
1005 3054 1233 3123 David,»
1262 3055 1479 3111 dedisse
1514 3055 1653 3108 istud
1688 3055 1926 3120 initium,

349 3147 652 3201 admonens
676 3162 772 3213 per
794 3148 964 3216 ipsam
1005 3148 1526 3218 superscriptioncm
1554 3147 1803 3201 altiorem
1831 3149 1926 3202 de-

350 3239 483 3291 bere
516 3240 715 3307 requiri
764 3238 1098 3294 intellectum
1149 3240 1200 3294 in
1243 3240 1326 3295 bis
1365 3256 1483 3308 qua:
1508 3242 1752 3295 dicturus
1786 3248 1923 3305 erat,

344 3332 475 3399 quia
517 3348 534 3381 ι
574 3331 715 3385 beati
746 3347 973 3400 quorum
1018 3333 1370 3387 remittuntur
1405 3333 1719 3402 iniquitates
1758 3351 1771 3386 :
1807 3352 1827 3384 ι
1857 3334 1925 3387 de

342 3424 568 3493 quibus,
604 3435 764 3492 prout
792 3426 1102 3493 potuimus,
1145 3425 1412 3488 diximus,
1441 3440 1560 3477 cum
1598 3425 1664 3476 de
1699 3424 1927 3480 Psalmis

343 3532 445 3587 per
468 3518 717 3570 ordinem
749 3519 1100 3571 dictaremus.
1135 3517 1240 3571 Sed
1266 3525 1550 3585 promovet
1583 3532 1692 3571 nos
1715 3517 1926 3572 ordinis

346 3609 519 3678 ipsius
540 3607 864 3673 diti‘erentia,
905 3608 1047 3676 quod
1076 3607 1249 3676 primo
1272 3607 1429 3671 dixit,
1467 3624 1484 3657 ι
1518 3605 1665 3660 Beati
1692 3622 1922 3676 quorum

347 3704 590 3754 remissa:
624 3698 1105 3768 suntiniquitates;
1145 3714 1165 3748 ι
1207 3697 1467 3761 secundo,
1508 3713 1524 3746 ι
1565 3696 1806 3761 Quorum
1847 3705 1925 3749 te-

344 3799 431 3845 cta
456 3800 583 3844 sunt
614 3796 831 3859 peccata
862 3807 875 3843 :
916 3807 934 3840 ι
965 3789 1145 3849 tertio,
1184 3804 1201 3837 ι
1233 3785 1332 3842 Cui
1362 3800 1468 3839 non
1500 3786 1785 3855 imputavit
1811 3787 1922 3860 (42)

346 3880 610 3935 Dotninns
638 3890 920 3949 peccatum
952 3879 1019 3932 ⁷⁸.
1056 3897 1074 3929 ι
1102 3878 1167 3932 Et
1200 3879 1319 3932 vide
1351 3877 1394 3931 si
1423 3876 1564 3932 forte
1595 3887 1779 3946 potest
1818 3879 1923 3935 iste

342 3972 481 4026 ordo
507 3972 558 4025 in
586 3972 765 4025 anima
801 3986 903 4024 una
936 3962 1241 4039 eademque
1263 3968 1488 4040 intelligi
1520 3987 1534 4023 ε
1569 3977 1625 4023 ut
1656 3969 1781 4039 quia
1815 3969 1922 4024 ini-

346 4062 480 4115 tium
526 4071 610 4116 est
656 4061 1027 4116 conversionis
1070 4061 1266 4116 anima:
1320 4060 1460 4114 mala
1519 4059 1919 4128 derelinquere,

343 4169 445 4222 pro
493 4153 596 4208 hoc
638 4154 984 4223 iniquitatum
1034 4152 1410 4208 remissionem
1453 4160 1726 4206 mereatur
1779 4152 1923 4207 acci-

341 4260 472 4315 pere
498 4260 513 4298 :
542 4250 663 4300 cuin
692 4254 873 4299 autem
897 4246 1127 4315 coeperit
1145 4245 1288 4300 bona
1316 4245 1515 4311 facere,
1543 4245 1919 4317 velutsingula

2046 1769 2191 1822 nium
2226 1771 2559 1823 credentimn
2609 1786 2702 1839 per
2754 1775 3098 1840 praeputium,
3148 1785 3205 1826 ιιι
3252 1785 3533 1843 reputetur
3562 1786 3619 1830 et

2043 1859 2147 1913 illis
2178 1860 2242 1913 ad
2285 1860 2577 1930 justitiam,
2616 1872 2669 1915 et
2711 1863 2780 1916 sit
2818 1875 2974 1933 pater
3006 1866 3473 1929 circumcisionis,
3504 1883 3609 1920 non

2040 1953 2125 2007 his
2161 1962 2366 2007 tantum
2416 1956 2506 2024 qui
2548 1967 2672 2010 sunt
2719 1956 2770 2009 in
2806 1957 3246 2025 circumcisione,
3295 1961 3388 2013 sed
3423 1971 3473 2013 et
3509 1961 3619 2015 illis

2039 2047 2128 2115 qui
2159 2057 2432 2100 sectantur
2462 2048 2686 2118 vestigia
2713 2046 2831 2114 ejus
2863 2064 2984 2117 qute
3008 2061 3088 2103 est
3116 2050 3167 2103 itt
3198 2053 3460 2121 prmptttio
3491 2053 3611 2105 ﬁdei

2039 2138 2207 2209 patris
2248 2140 2417 2192 nostri
2458 2140 2687 2192 Abraliaz
2713 2140 2781 2191 ⁷⁸.
2820 2158 2837 2189 ι
2877 2123 3007 2193 Cum
3058 2142 3283 2195 dixisSct
3327 2145 3612 2211 superius,

2036 2228 2159 2296 quia
2190 2247 2207 2278 ι
2244 2228 2474 2281 credidit
2510 2229 2785 2281 Abraham
2841 2229 2963 2289 Deo,
3002 2242 3055 2282 et
3095 2242 3396 2299 reputatnm
3448 2244 3529 2286 cst
3563 2234 3612 2286 ei

2038 2320 2101 2370 ad
2128 2317 2391 2386 justitiam
2420 2319 2487 2382 ⁸ο,
2522 2338 2539 2370 ι
2568 2329 2623 2372 et
2648 2320 3017 2387 hujuscemodi
3060 2322 3190 2374 fides
3220 2324 3347 2391 quid
3389 2323 3615 2377 haberet

2035 2407 2385 2461 beatitudinis
2440 2409 2766 2463 ostendisset
2815 2426 2879 2464 ex
2935 2412 3019 2463 bis
3068 2427 3189 2480 qua:
3232 2413 3283 2464 in
3339 2414 3615 2467 lt‘iCt'sitttt)

2036 2501 2208 2569 primo
2255 2499 2365 2572 (i6)
2407 2503 2605 2572 scripta
2642 2514 2765 2558 sunt
2817 2505 3048 2574 psalmo,
3089 2507 3217 2574 quia
3254 2507 3325 2559 ita
3367 2509 3608 2562 credenti

2000 2636 2005 2647 .
2035 2611 2138 2647 non
2169 2605 2441 2661 reputaret
2474 2594 2730 2649 Dominus
2762 2608 3042 2665 peccatum
3071 2597 3138 2661 ⁸⁷,
3184 2600 3435 2668 proponit
3467 2615 3613 2655 nunc

2036 2683 2535 2752 interrogationem,
2561 2700 2628 2738 ex
2676 2685 2825 2752 cujus
2853 2689 3205 2754 responsiOne
3232 2688 3427 2741 doceat
3463 2688 3611 2760 (47),

2032 2786 2084 2828 et
2109 2792 2171 2831 ex
2218 2777 2330 2845 ipsa
2356 2786 2663 2846 temporum
2708 2780 2933 2844 ratione,
2972 2783 3110 2849 quod
3156 2781 3427 2835 beatitudo
3453 2782 3613 2852 justi-

2035 2866 2302 2921 iicationis
2340 2869 2573 2922 Abrabze
2607 2884 2712 2923 non
2754 2871 2805 2924 in
2832 2872 3265 2937 circumcisione,
3299 2875 3393 2927 sed
3429 2875 3612 2931 adhuc

2034 2960 2087 3014 in
2121 2961 2383 3029 prreputio
2420 2963 2596 3027 posito
2625 2963 2747 3016 data
2779 2979 2807 3016 e
2833 2974 2879 3017 At.
2922 2962 3076 3031 Quod
3109 2967 3150 3017 si
3188 2966 3460 3019 Abraham
3487 2983 3608 3021 cum

2033 3061 2177 3106 esset
2208 3051 2385 3106 adhuc
2414 3052 2467 3104 in
2499 3057 2763 3123 przrputio
2790 3070 2856 3108 ex
2893 3056 2994 3109 lide
3018 3056 3348 3124 justiﬁcatus
3380 3070 3482 3123 est,
3510 3076 3608 3129 po-

2034 3151 2138 3198 test
2174 3154 2227 3196 et
2259 3146 2434 3199 omnis
2473 3146 2566 3214 qui
2608 3146 2786 3201 credit
2836 3146 2943 3201 Deo
2981 3147 3265 3214 justiticari
3305 3167 3401 3220 per
3430 3153 3607 3214 tidem,

2029 3236 2240 3290 etiamsi
2270 3238 2341 3290 sit
2373 3237 2422 3290 itt
2453 3247 2740 3307 praeputio.
2767 3249 2821 3292 et
2848 3239 3123 3307 pertinere
3145 3242 3305 3293 etiam
3340 3242 3404 3293 ad
3434 3243 3605 3309 ipsum

2030 3328 2144 3383 haec
2173 3328 2452 3383 beatitudo
2484 3331 2550 3382 de
2576 3345 2678 3398 qua
2704 3330 2903 3382 dicitur
2934 3330 3045 3399 (48)
3076 3348 3088 3383 :
3126 3350 3142 3380 ι
3175 3330 3368 3386 Beatus
3397 3336 3480 3388 eui
3504 3350 3607 3388 non

2030 3420 2318 3490 imputavit
2372 3419 2630 3473 Dominus
2684 3430 2967 3488 peccatum
3013 3421 3078 3473 ⁸³.
3123 3439 3142 3472 ι
3188 3425 3438 3477 Ostendit
3478 3440 3610 3492 ergo

2027 3508 2151 3575 quia
2195 3522 2306 3559 non
2340 3507 2564 3560 cuilibet
2601 3507 2863 3561 Dominus
2905 3522 3010 3560 non
3045 3510 3273 3575 imputet
3301 3523 3607 3581 peceatum,

2027 3600 2121 3653 sed
2170 3599 2219 3652 ei
2257 3599 2346 3667 qui
2392 3598 2685 3652 crediderit
2726 3611 2950 3668 propter
2979 3600 3137 3654 ﬁdem
3188 3618 3337 3656 suam
3384 3614 3601 3671 peacata

2027 3703 2134 3741 non
2180 3698 2411 3756 reputet.
2455 3688 2609 3743 Sicut
2639 3690 2782 3743 enim
2811 3691 3045 3746 Abrabaz
3089 3703 3333 3763 reputata
3361 3706 3443 3749 est
3475 3696 3609 3751 ﬁdes

2025 3779 2091 3833 ad
2113 3778 2403 3848 justitiam,
2430 3780 2502 3833 ita
2531 3790 2585 3834 et
2614 3781 2761 3835 omni
2792 3783 3035 3836 credenti
3069 3785 3156 3838 cui
3193 3786 3324 3840 ﬁdes
3347 3789 3413 3840 ad
3441 3786 3606 3855 justi-

2028 3871 2157 3924 tiam
2214 3882 2510 3940 reputatur,
2573 3884 2793 3941 peccata
2856 3874 3043 3943 utique
3089 3890 3194 3929 non
3243 3876 3602 3946 imputantur.

2025 3962 2209 4033 Neque
2232 3964 2373 4018 enim
2394 3964 2460 4016 de
2482 3962 2646 4032 justis
2669 3964 2802 4019 dicit
2826 3966 2953 4035 quia
2984 3976 3264 4035 reputatur
3283 3971 3362 4023 eis
3388 3970 3518 4025 lides
3536 3973 3603 4026 ad

2018 4056 2307 4127 justitiam.
2342 4057 2498 4123 Quod
2543 4059 2584 4113 si
2632 4058 2705 4111 ita
2760 4069 2978 4127 putetur
3013 4059 3150 4130 (49),
3185 4077 3305 4131 quae
3334 4062 3606 4117 videbitur

2024 4153 2195 4221 gratia
2238 4150 2390 4220 justo
2467 4150 2978 4221 reputariHustitia
3030 4153 3096 4205 ad
3148 4152 3600 4220 justitiam38ed

2024 4242 2209 4314 utique
2240 4243 2314 4297 illi
2346 4243 2477 4297 dicit
2515 4244 2673 4299 fidem
2718 4253 3018 4312 reputatam
3056 4258 3177 4299 esse
3215 4244 3278 4295 ad
3304 4243 3599 4312 jusdtiam,

339 4354 574 4410 queque
611 4354 732 4409 qua:
777 4348 1169 4409 prmcesserant
1212 4338 1351 4393 mala
1403 4339 1562 4394 bonis
1603 4340 1918 4396 recentibus
1950 4366 1995 4425 ο
2023 4334 2115 4403 qui
2155 4343 2444 4404 antequam
2497 4334 2723 4389 haberet
2762 4334 2903 4388 banc
2948 4335 3134 4399 ﬁdem,
3168 4333 3441 4401 justitiam
3493 4349 3598 4390 non

338 4439 627 4504 obtegens,
648 4443 706 4489 et
743 4433 1196 4487 abundantiorem
1234 4448 1516 4487 numerum
1551 4432 1918 4488 bonorumin-

343 4527 636 4581 troducens
661 4539 821 4596 quam
847 4524 997 4592 prius
1027 4524 1205 4578 fuerat
1234 4524 1499 4580 malorum
1521 4565 1536 4591 ,
1580 4533 1761 4594 tegere
1787 4539 1915 4594 pec-

340 4628 463 4672 cata
494 4618 704 4672 dicatur
742 4635 757 4673 :
789 4617 880 4672 ubi
924 4631 1052 4671 vero
1085 4615 1198 4684 jam
1245 4614 1311 4669 ad
1346 4612 1643 4684 perfectum
1687 4613 1914 4678 venerit,

338 4708 415 4765 ita
435 4717 495 4763 ut
526 4708 706 4763 omnis
731 4708 798 4763 de
827 4722 889 4763 ea
920 4706 1141 4762 malitia:
1164 4705 1318 4760 radix
1344 4704 1563 4775 penitus
1578 4711 1913 4773 amputetur,

337 4818 405 4858 eo
434 4817 605 4872 usque
641 4812 702 4856 ut
731 4801 941 4855 nullum
983 4801 1036 4855 in
1068 4815 1132 4854 ea
1160 4798 1445 4869 vestigium
1477 4796 1651 4865 possit
1681 4795 1915 4849 inveniri

408 4896 455 4930 ⁷⁸
512 4896 669 4950 Rom.
696 4908 769 4957 tv,
794 4891 848 4949 6.

337 4968 385 5005 ⁷⁸
424 4968 569 5022 Psal.
621 4984 769 5032 xxxi,
803 4969 855 5034 l,
884 4967 941 5021 2.

337 5040 386 5077 ⁸³
440 5040 569 5093 ibid.
602 5037 655 5101 6,
690 5038 742 5092 7.

436 5132 502 5186 58
556 5131 723 5196 Alias,
760 5148 779 5181 ι
811 5140 869 5184 et
903 5144 1029 5184 cum
1056 5142 1175 5183 esse
1206 5128 1448 5184 desierit.
1500 5146 1519 5179 ι

436 5203 501 5257 59
557 5203 722 5264 Alias,
756 5219 775 5252 ι
810 5200 1111 5267 imputabit.
1153 5216 1173 5249 ι

436 5130 528 5346 toi
563 5272 732 5346 Alias,
769 5290 787 5322 ι
813 5280 880 5346 _et
909 5270 1111 5346 aliquid
1135 5267 1277 5337 quod
1306 5285 1432 5346 non.
1470 5287 1488 5319 ι

1042 4967 1089 4997 ⁷⁸
1127 4966 1285 5021 Rom.
1339 4980 1413 5031 ιν,
1445 4966 1478 5021 9
1505 4978 1622 5034 seq.

433 5200 524 5283 περ)
557 5203 722 5283 λιφε.
756 5219 775 5252 ι
810 5200 1111 5283 επινιξιαυειε
1153 5216 1173 5249 ι

563 5272 732 5351 ὲιίρε,
769 5290 787 5322 ι
813 5280 880 5351 et
909 5270 1111 5351 aliquid
1135 5267 1277 5351 quod
1306 5285 1432 5351 non.
1470 5287 1488 5319 ι

562 5342 772 5423 Ἰξγὲηιο.
809 5340 972 5423 Deest
1007 5341 1249 5423 inantea
1277 5340 1462 5395 editis.

408 5411 521 5485 (42)
549 5413 716 5476 Alias,
749 5429 769 5462 ι
809 5411 1111 5479 itnputabit.
1144 5428 1164 5462 ι
1825 5476 1838 5489 .
1870 5476 1882 5489 .

408 5480 654 5562 (tm-Sic
711 5496 1028 5562 ms._nnus.
1074 5480 1266 5562 caeteri
1315 5493 1443 5562 vero
1482 5492 1612 5560 mss.
1656 5486 1719 5562 et_
1754 5477 1909 5539 etilli,

345 5572 365 5607 ι
404 5548 545 5632 quod
567 5552 954 5632 committitur,
980 5568 997 5632 ι
1025 5551 1242 5607 omissis
1262 5549 1492 5632 vocibus
1516 5565 1534 5598 ι
1563 5548 1680 5629 sine
1708 5548 1841 5632 lege.
1884 5565 1903 5598 ι

416 5622 526 5697 (t4)
567 5623 659 5679 Sic
692 5638 822 5680 inss.
851 5622 993 5677 Editi
1016 5635 1163 5689 vero,
1205 5638 1222 5673 ι
1262 5625 1313 5676 in
1345 5622 1758 5675 circumcisione
1787 5628 1907 5672 tan-

924 4895 971 4929 ⁷⁸
1003 4895 1145 4951 Psal.
1184 4910 1339 4960 χχχι,
1386 4895 1442 4959 1,
1474 4894 1530 4948 2.
1606 4892 1653 4924 "
1685 4889 1843 4945 Rom.
1867 4906 1942 4955 tv,
1974 4888 2028 4955 7,
2059 4888 2113 4954 8;
2150 4887 2293 4942 l’sal.
2326 4902 2473 4947 xui,
2500 4885 2624 4951 1,2.

927 5005 941 5017 .
1042 4967 1089 4997 ⁷⁸
1127 4966 1285 5017 Rom.
1339 4980 1413 5017 tv.
1445 4966 1622 5017 9seu.
1735 4962 1782 4994 ⁸⁸
1827 4961 1961 5017 ibid.
2001 4960 2055 5016 ὅ.
2162 4957 2208 4989 ⁸⁸
2262 4959 2392 5012 ibid.
2444 4961 2499 5011 8.
2607 4957 2624 4987 '

2024 4424 2290 4488 habebat;
2331 4434 2386 4481 et
2425 4425 2525 4480 iste
2566 4434 2649 4480 est
2688 4428 2875 4495 utique
2919 4425 3145 4489 beatus,
3186 4426 3271 4479 cui
3324 4426 3463 4478 Deus
3501 4440 3597 4479 ac-

2025 4510 2183 4587 cepto
2222 4518 2328 4573 fert
2361 4518 2628 4589 justitiam
2662 4519 2781 4572 sine
2822 4517 3111 4586 operibus,
3153 4525 3206 4570 et
3237 4517 3322 4570 cui
3356 4533 3460 4570 non
3492 4518 3597 4570 im-

2022 4620 2243 4681 putatur
2272 4622 2580 4681 peccatum,
2616 4608 2703 4663 cui
2743 4609 2909 4663 etiam
2953 4608 3196 4662 remissa:
3234 4617 3365 4662 sunt
3407 4608 3602 4678 iniqui-

2026 4708 2195 4767 tates,
2243 4711 2299 4754 et
2341 4699 2552 4754 obtecta
2586 4698 2631 4752 si
2674 4712 2780 4767 qua
2819 4705 2979 4751 antea
3030 4697 3243 4751 fuerant
3274 4709 3494 4767 peccata
3522 4697 3591 4750 ³³.

2026 4792 2197 4848 Simul
2256 4802 2435 4845 autem
2480 4801 2536 4845 et
2584 4791 2776 4845 edocet
2824 4804 2922 4843 nos
2962 4788 3275 4858 diligentius
3320 4789 3596 4843 intendere

2770 4885 2818 4916 ⁷⁸
2852 4882 3007 4937 Rom.
3038 4898 3111 4945 tv.
3156 4883 3210 4940 5.
3286 4886 3331 4917 ⁷⁷
3373 4883 3502 4936 ibid.
3537 4883 3593 4937 6.

2262 4959 2392 5012 ibid.
2444 4961 2499 5011 8.
2607 4956 2654 4987 ⁸¹
2695 4954 2837 5011 Psal.
2886 4970 3040 5021 xxxi,
3073 4954 3143 5021 2;
3178 4954 3332 5009 Rom.
3395 4969 3470 5017 tv,
3534 4955 3591 5008 8.

2023 5131 2136 5176 tum
2157 5128 2385 5192 monet.
2421 5137 2440 5171 ι
2500 5189 2510 5192 _
2615 5187 2627 5192 _
2826 5185 2886 5192 __
3148 5183 3159 5192 _
3440 5180 3452 5192 ,

2092 5190 2207 5262 (45)
2249 5189 2409 5262 Editi,
2441 5208 2460 5240 ι
2498 5189 2551 5243 in
2582 5185 3018 5262 circumcisione,
3044 5200 3112 5239 an
3148 5183 3199 5236 in
3226 5179 3533 5252 praeputio?
3567 5198 3589 5234 ι

2093 5259 2206 5332 (46)
2246 5259 2409 5332 Editi.
2442 5278 2461 5311 ι
2494 5259 2741 5332 septimo.
2785 5275 2804 5307 ι

2093 5324 2205 5405 (47)
2242 5331 2412 5405 Alias,
2453 5349 2470 5382 ι
2499 5324 2776 5390 doceatur,
2811 5344 2827 5376 ι
2868 5325 2963 5405 aL,
2994 5343 3013 5377 ι
3046 5324 3423 5405 deceanlttr._i

2091 5392 2206 5472 (48)
2247 5402 2338 5472 Sic
2383 5416 2512 5454 mss.
2566 5413 2738 5464 unus;
2779 5396 2960 5451 czeteri
3006 5409 3133 5453 vero
3173 5407 3303 5447 mss.
3337 5402 3393 5447 et
3424 5392 3587 5457 editi,

2025 5490 2043 5524 ‘
2223 5473 2433 5601 diiii'sf
2452 5558 2470 5593 ι
2500 5538 2651 5606 Quod
2686 5537 2743 5613 si_
2767 5538 3125 5613 reputaretur.
3174 5532 3436 5613 iJDeinde
3463 5546 3587 5585 om-

2021 5601 2117 5669 nes
2152 5601 2311 5679 niss.,
2350 5601 2623 5676 mendose,
2662 5627 2680 5661 ι
2716 5601 2987 5663 Justitiam
3011 5601 3385 5672 adjttstitiam.
3426 5621 3446 5654 ι
