3974 6206
429 230 532 284 as?
1613 205 1618 210 ’
1697 205 1704 210 ’
1883 222 2209 282 omcENis
3599 231 3688 284 ara

428 344 646 399 lectioni
675 386 690 411 ,
731 359 854 400 cum
906 355 1014 399 tam
1055 343 1346 414 vigilanter
1377 354 1600 401 enarrat
1629 359 1691 400 ea
1727 360 1850 414 qum
1881 345 2019 400 scri-
2045 375 2092 431 Δ
2123 343 2396 408 videatur,
2431 342 2483 398 id
2507 352 2609 411 est,
2648 360 2668 396 ι
2705 343 2954 416 signum,
2983 361 3002 397 ι
3026 353 3134 431 ει)
3160 343 3498 415 signaculum
3522 348 3645 417 (ει).
3668 369 3686 404 ι

428 447 515 506 pta
557 449 682 492 sunt
713 439 778 492 de
804 438 1111 502 Abraham,
1158 439 1284 507 quia
1323 456 1342 490 ‹
1381 450 1624 510 rcpulata
1677 448 1761 494 est
1793 439 1842 492 ei
1885 437 2021 494 ﬁdes

431 532 498 585 ad
527 529 818 598 justitiam.
876 548 894 582 ι
953 527 1080 584 Vult
1139 545 1169 584 a
1231 531 1386 585 nobis
1453 531 1789 586 considerari
1853 531 2018 586 etiam

427 621 642 690 quando
661 620 775 692 (50)
800 629 1046 689 reputata
1073 623 1166 686 sit,
1192 639 1301 692 quo
1324 635 1381 677 et
1407 625 1668 694 temporis
1693 625 1830 680 ratio
1859 625 1910 680 in
1937 625 2022 680 his

427 732 546 786 quae
588 715 790 784 scripta
843 725 969 769 sunt
1011 715 1330 785 colligatur,
1365 727 1618 770 utrumne
1669 717 1720 772 in
1755 718 2020 786 prmputio

425 808 600 860 adhuc
654 815 797 874 esset
858 822 983 862 cum
1046 809 1151 861 ista
1189 807 1334 861 dicta
1379 817 1540 869 sunt.
1595 823 1662 862 an
1731 809 2022 864 transisset

427 900 532 970 jam
572 898 686 969 (51)
735 901 799 953 ad
854 900 1328 956 circumcisionem
1354 916 1368 964 ;
1399 910 1453 954 et
1482 901 1578 954 ait
1615 920 1628 956 :
1670 919 1687 952 ι
1738 901 2020 969 Quomodo

427 1010 557 1064 ergo
588 1003 834 1062 reputata
870 1007 953 1050 est
981 995 1115 1050 ﬁdes
1135 994 1252 1062 ejus
1286 995 1352 1049 ad
1375 994 1645 1062 justitiam
1677 995 1855 1050 ?Cum
1875 1007 2024 1052 esset

429 1086 481 1136 in
519 1085 963 1150 circumcisione,
997 1103 1062 1140 an
1090 1101 1211 1141 cum
1242 1095 1387 1141 esset
1423 1089 1474 1142 in
1515 1089 1778 1158 praeputio
1800 1089 1883 1142 “‘2
1914 1109 1931 1140 ι
1963 1089 2018 1143 Si

426 1178 570 1232 enim
605 1177 796 1231 ﬁnisset
823 1179 872 1231 id
896 1181 1163 1248 temporis
1189 1181 1242 1233 in
1268 1179 1712 1243 cireumcisionc,
1743 1179 2022 1234 videretur

427 1271 618 1340 utique
653 1286 680 1323 a
738 1271 857 1325 ﬁdei
904 1270 1064 1339 hujus
1112 1271 1286 1341 gratia
1327 1271 1608 1324 exclusum
1655 1286 1776 1325 esse
1805 1287 2017 1342 praepu-

430 1360 585 1413 tium.
629 1359 782 1414 Nunc
815 1376 946 1414 vero
979 1362 1242 1427 ostendit,
1281 1363 1424 1430 quod
1457 1363 1510 1416 in
1543 1363 1807 1432 praeputio
1841 1364 2022 1418 adhuc

428 1453 604 1520 posito
636 1462 881 1520 reputata
915 1462 998 1507 est
1036 1452 1167 1507 ﬁdes
1197 1455 1262 1507 ad
1298 1453 1590 1520 justitiam,
1620 1464 1675 1508 et
1721 1454 1840 1509 ideo
1889 1441 2019 1523 pro-

430 1542 664 1608 nuntiat,
695 1544 818 1611 quia
842 1558 962 1596 cum
999 1543 1274 1597 Abraham
1302 1543 1356 1597 in
1393 1544 1658 1614 praeputio
1690 1544 1897 1614 positus
1924 1560 2022 1614 per

432 1635 591 1689 ﬁdem
620 1634 955 1702 justiﬁcatus
986 1636 1092 1702 sit,
1143 1637 1260 1690 sine
1293 1637 1458 1691 dubio
1499 1636 1754 1706 princeps
1785 1647 1839 1691 et
1867 1647 2022 1705 pater

2125 435 2232 491 Sed
2278 435 2408 490 mihi
2464 444 2698 505 uterque
2743 449 2924 492 sermo
2965 421 3191 491 mult’am
3236 437 3378 492 inter
3411 453 3471 493 se
3499 441 3688 498 videtur

2124 527 2286 600 525
2315 528 2519 582 habere
2549 525 2936 583 differentiam.
2959 527 3187 600 Signum
3216 543 3453 600 namque
3486 531 3686 600 dicitur,

2121 635 2244 675 cum
2302 635 2398 688 per
2445 619 2550 674 hoc
2587 619 2732 689 quod
2768 619 2986 674 videtur
3029 619 3178 674 aliud
3231 620 3443 688 aliquid
3495 623 3682 680 indica-

2126 717 2258 763 tur:
2296 710 2437 764 sicut
2487 723 2649 773 cum,
2693 707 2848 764 verbi
2897 708 3106 776 gratia,
3156 708 3290 764 dicit
3326 709 3582 766 Dominus
3638 715 3680 768 in

2127 802 2418 872 Evangelii;
2455 822 2467 856 :
2509 819 2529 852 ι
2559 799 2856 856 Generatio
2885 801 3000 855 haec
3029 801 3244 870 signum
3274 804 3472 870 quaerit
3498 821 3511 858 :
3549 814 3596 859 et
3623 809 3684 860 si-

2123 907 2288 961 gnum
2321 907 2427 945 non
2460 891 2677 945 dabitur
2707 890 2757 946 ei
2787 931 2802 955 ,
2837 891 2939 944 nisi
2970 891 3188 960 signum
3221 891 3378 947 Jonas
3415 897 3681 964 prophetae.

2125 981 2277 1036 Sicut
2329 982 2474 1036 enim
2510 982 2606 1036 fuit
2647 980 2818 1037 Jonas
2844 983 2896 1036 in
2929 994 3122 1038 ventre
3148 985 3252 1040 ceti
3307 986 3489 1041 tribus
3533 988 3683 1046 diebus

2126 1083 2178 1128 et
2215 1075 2389 1130 trilms
2448 1074 2708 1130 noctibus
2735 1115 2750 1139 ,
2795 1076 2867 1128 ita
2899 1083 2955 1129 et
3004 1075 3202 1131 Filium
3237 1078 3484 1134 hominis
3511 1093 3683 1149 oportet

2122 1181 2247 1221 esse
2279 1169 2330 1220 in
2357 1168 2521 1222 corde
2547 1179 2706 1222 terra:
2741 1165 2858 1240 (55)
2887 1167 3064 1223 tribus
3093 1170 3285 1224 diebus
3315 1180 3374 1224 et
3421 1172 3589 1225 tribus
3612 1185 3682 1226 nos

2125 1259 2305 1315 ctibus
2332 1258 2399 1312 ⁸⁸.
2443 1278 2462 1311 ι
2502 1257 2618 1314 Hoc
2643 1268 2725 1314 est
2759 1274 2892 1330 ergo
2923 1261 3140 1331 signum
3169 1261 3260 1316 ubi
3298 1261 3478 1316 Jonas
3507 1264 3684 1318 Videbao

2126 1365 2236 1418 tur,
2267 1366 2323 1410 et
2351 1355 2607 1410 Christus
2636 1355 3074 1424 intelligebatur.
3113 1356 3386 1413 Similiter
3414 1369 3478 1414 et
3506 1359 3569 1413 de
3596 1361 3682 1427 ipso

2123 1446 2353 1502 Domino
2386 1448 2437 1501 in
2488 1446 2781 1519 Evangelia
2810 1448 3018 1502 dicitur
3052 1465 3067 1502 :
3109 1465 3127 1498 ι
3166 1447 3309 1503 Ecce
3359 1450 3454 1503 hic
3513 1451 3684 1520 positus

2122 1549 2200 1595 est
2237 1541 2290 1594 in
2319 1542 2530 1594 ruinam
2562 1549 2615 1596 et
2652 1541 2702 1595 in
2729 1541 3190 1595 resurrectionem
3218 1541 3538 1608 multorum,
3565 1554 3614 1597 et
3643 1545 3684 1598 in

2123 1631 2334 1702 signum
2358 1634 2444 1686 cui
2475 1631 2885 1687 cantradicetur
2905 1631 2973 1686 ’°.
3002 1651 3020 1685 ι
3047 1630 3544 1687 Contradicebatur
3567 1635 3684 1689 enim

430 1726 626 1778 merito
659 1725 861 1778 dicitur
885 1727 1128 1780 omnium
1161 1727 1498 1780 credentium
1540 1740 1636 1792 per
1676 1727 2017 1796 prmputinm.
2054 1725 2096 1779 Β
2126 1724 2283 1790 signo
2311 1724 2362 1777 in
2391 1739 2502 1794 quo
2537 1721 2791 1778 Christus
2821 1733 3069 1790 venerat,
3107 1724 3236 1792 quia
3272 1723 3421 1779 aliud
3455 1725 3510 1778 in
3538 1739 3597 1779 eo
3624 1726 3687 1778 vi-

431 1818 582 1885 Quud
615 1835 745 1874 vero
779 1830 898 1890 post
935 1819 1094 1875 ﬁdem
1131 1836 1252 1898 quae
1284 1819 1386 1874 fuit
1411 1821 1463 1875 in
1505 1820 1772 1890 praeputio
1809 1823 2024 1890 accepit

433 1913 933 1974 circumcisionem,
962 1921 1362 1982 consequenter
1395 1927 1619 1966 causam
1651 1927 1756 1982 qua
1791 1913 2027 1968 circnm-

430 2007 569 2060 cisio
597 2006 648 2060 ei
678 2007 802 2058 data
842 2004 1010 2060 fuerit
1031 2005 1274 2075 exponit.
1309 2004 1380 2062 Ut
1409 2015 1572 2070 esset,
1605 2005 1804 2076 inquit,
1836 2007 2022 2078 signa-

430 2096 610 2152 Cnlum
649 2095 766 2164 ejus
805 2097 927 2152 ﬁdei
957 2112 1118 2166 quam
1167 2097 1353 2152 habuit
1393 2097 1445 2152 in
1497 2100 1758 2168 praeputio
1793 2101 2023 2168 positus,

432 2203 492 2243 ut
521 2206 618 2261 per
648 2193 749 2244 hoc
783 2209 801 2242 ι
839 2193 910 2246 sit
943 2201 1101 2260 pater
1121 2191 1363 2246 omnium
1393 2194 1736 2248 credentium
1773 2208 2026 2262 perpraa-

2129 1815 2381 1880 debatur,
2409 1826 2466 1869 et
2497 1815 2646 1869 aliud
2695 1815 3117 1885 intelligebatur.
3150 1815 3294 1870 Caro
3343 1817 3648 1872 cernebatur
3669 1858 3684 1880 ,

2127 1919 2182 1964 et
2215 1907 2356 1964 Deus
2405 1910 2750 1965 credebatur.
2798 1907 2891 1964 Sic
2931 1924 3062 1980 ergo
3091 1910 3304 1980 accepit
3347 1921 3404 1965 et
3433 1911 3680 1966 Abraham

2075 2004 2079 2007 ’
2129 2002 2343 2067 signum
2381 2019 2394 2055 :
2434 2009 2490 2055 et
2521 2001 2664 2071 quod
2703 2009 2850 2058 esset
2896 2001 3113 2073 signum
3147 2002 3201 2055 in
3251 2004 3682 2072 consequentibus

2129 2093 2264 2147 dicit
2299 2111 2312 2148 :
2351 2111 2370 2144 α
2409 2093 2920 2160 Circumcisionem,
2964 2113 2984 2148 ι
3037 2095 3265 2164 inquit:
3319 2111 3440 2165 quae
3474 2097 3682 2150 circnm-

2129 2184 2265 2239 cisio
2291 2193 2437 2239 esset
2467 2204 2484 2236 ι
2521 2185 2860 2256 signaculum
2891 2186 3116 2255 justitia:
3143 2185 3265 2240 ﬁdei
3293 2187 3338 2219 ἰ
3371 2205 3390 2238 ι
3423 2202 3578 2256 quam
3610 2187 3684 2242 ha-

2129 2276 2247 2330 buit
2271 2285 2562 2346 antequam
2586 2277 3096 2331 circumcideretur.
3122 2276 3273 2332 Bene
3307 2293 3443 2348 ergo
3472 2279 3679 2333 circum-

2129 2371 2390 2426 cisionem
2439 2370 2656 2440 signum
2709 2367 3001 2439 appellavit
3055 2369 3108 2422 in
3140 2369 3445 2431 Abraham,
3479 2371 3597 2438 quia
3637 2379 3681 2422 et

2131 2461 2247 2531 ipsa
2281 2460 2425 2516 aliud
2458 2461 2778 2525 videbatur,
2841 2470 2896 2514 et
2955 2459 3099 2513 aliud
3155 2460 3564 2530 intelligebatur
3597 2469 3678 2522 :et

2130 2553 2369 2609 ostendit
2398 2553 2524 2624 quia
2548 2553 2663 2624 jam
2699 2564 2828 2607 tunc
2858 2553 3101 2608 carnalis
3125 2553 3221 2607 illa
3254 2553 3598 2608 circumcisio
3624 2554 3681 2608 si-

437 2283 670 2352 pntium,
703 2291 758 2336 ut
791 2293 1071 2352 repuletur
1104 2283 1212 2338 illis
1239 2285 1305 2336 ad
1333 2282 1636 2353 justitiam,
1679 2295 1732 2338 et
1772 2284 1838 2338 sit
1873 2293 2028 2352 pater

435 2375 891 2442 circumcisionis,
929 2392 1034 2431 non
1060 2376 1144 2431 bis
1169 2385 1378 2430 tantum
1403 2376 1495 2446 qui
1528 2389 1654 2430 sunt
1680 2392 1747 2432 ex
1777 2377 2025 2431 circum-

434 2467 664 2527 cisione.
701 2469 793 2522 sed
823 2477 878 2522 et
911 2467 1018 2522 illis
1040 2468 1132 2537 qui
1161 2480 1469 2536 sequuntur
1510 2468 1737 2538 vestigia
1763 2467 1881 2536 ejus
1907 2481 2028 2537 qua

433 2560 596 2613 estin
627 2559 890 2629 praeputio
911 2558 1031 2612 ﬁdei
1058 2559 1229 2627 patris
1259 2558 1424 2611 nostri
1456 2557 1692 2611 Abrahae
1715 2557 1782 2611 ³⁵.
1817 2575 1836 2608 ι
1875 2555 2028 2623 Quod

434 2653 479 2706 si
510 2653 787 2707 Abraham
835 2668 958 2706 cum
1004 2659 1149 2706 esset
1196 2651 1374 2704 adhuc
1411 2651 1463 2703 in
1505 2650 1790 2720 praputio,
1825 2664 1890 2704 ex
1923 2649 2029 2704 ﬁde

426 2742 764 2813 justiﬁcatus
801 2755 920 2810 est,
951 2755 1130 2812 potest
1167 2744 1284 2800 ﬁeri
1317 2745 1479 2798 etiam
1518 2753 1669 2813 pater
1688 2743 1802 2814 (52)
1835 2759 2027 2798 eorum

435 2837 526 2906 qui
569 2837 622 2890 in
663 2837 1084 2891 circumcisione
1117 2845 1452 2899 nascuntur,
1490 2837 1534 2890 si
1580 2845 1758 2891 tamen
1783 2837 1850 2890 ad
1882 2835 2028 2890 illam

439 2928 598 2984 ﬁdem
635 2931 948 2997 pertineant
977 2946 1099 3001 qua:
1145 2931 1199 2984 in
1235 2930 1503 3000 prmputio
1544 2930 1777 2998 positum
1819 2929 2028 2998 justiﬁ-

435 3020 602 3075 cavit.
641 3021 706 3074 Et
739 3021 995 3092 quoniam
1037 3023 1088 3076 in
1129 3023 1392 3092 praeputio
1440 3022 1676 3092 positum
1705 3021 2030 3092 justilicavit

435 3113 735 3178 Abraham,
760 3114 993 3168 ellicitur
1019 3129 1150 3184 ergo
1181 3113 1470 3184 utriusque
1494 3114 1711 3184 generis
1739 3124 1916 3183 pater,
1943 3114 2027 3169 his

436 3207 528 3278 qui
562 3217 690 3261 sunt
722 3208 773 3260 in
807 3207 1072 3277 prmputio
1106 3223 1205 3278 per
1245 3207 1432 3269 ﬁdem,
1460 3219 1515 3260 et
1555 3206 1640 3261 bis
1669 3207 1760 3276 qui
1800 3215 1930 3260 sunt
1973 3206 2028 3260 in

436 3301 858 3356 circumcisimie
887 3317 982 3369 per
1015 3315 1236 3354 carnem
1277 3317 1292 3353 :
1329 3308 1383 3353 et
1407 3307 1528 3370 post
1554 3299 2029 3355 circumcisiOuem

435 3405 664 3465 generat
696 3395 872 3461 primo
906 3393 1085 3458 Isaac,
1127 3403 1291 3464 atque
1320 3393 1389 3448 ab
1423 3392 1541 3462 ipso
1575 3391 1896 3460 auspicatur
1927 3408 2028 3463 og-

439 3483 626 3540 doadis
659 3485 911 3553 initium,
959 3483 1007 3540 id
1044 3495 1162 3550 est,
1205 3485 1385 3540 octavi
1417 3483 1524 3540 diei
1573 3484 1628 3538 in
1677 3483 1799 3554 ipso
1830 3497 2030 3539 conse-

437 3587 664 3634 crantttr
699 3577 874 3646 prima
907 3577 1191 3647 mysteria,
1219 3585 1274 3630 et
1296 3575 1492 3631 exinde
1518 3574 1709 3644 incipit
1735 3576 2031 3646 posteritas

437 3667 674 3720 Abrahae
700 3665 899 3735 duplici
926 3679 1150 3719 currere
1167 3674 1532 3720 sacramento.
1559 3663 1714 3718 Sicut
1731 3665 1876 3718 enim
1895 3664 2030 3719 ﬁdes

440 3770 627 3812 natura
660 3761 744 3813 sui
787 3758 934 3812 aliud
980 3772 1099 3812 esse
1147 3759 1486 3826 intelligitur,
1535 3770 1591 3814 et
1640 3759 1788 3814 aliud
1819 3755 2027 3826 justitia

438 3866 557 3922 qua:
589 3851 638 3904 ei
676 3866 770 3918 per
802 3851 961 3904 ﬁdem
1003 3862 1248 3919 reputata
1275 3860 1382 3916 est;
1432 3851 1503 3905 ita
1530 3861 1586 3906 et
1620 3851 1722 3905 alia
1751 3851 1872 3920 ejus
1912 3863 2031 3904 esse

440 3943 493 3995 iu
529 3942 814 4010 praeputio,
848 3941 952 3994 alia
994 3941 1047 3994 iu
1089 3943 1516 3998 circumcisione
1551 3943 1865 4012 posteritas.
1896 3941 2028 3995 Nam

439 4031 646 4098 eosqni
681 4031 1046 4085 incircumcisi
1085 4042 1244 4095 sunt,
1283 4035 1430 4100 ipsos
1461 4048 1588 4088 esse
1622 4033 1827 4103 lapides
1859 4044 2026 4102 puto,

441 4121 509 4174 de
566 4121 769 4187 quibus
835 4135 996 4190 posse
1077 4122 1278 4177 dicitur
1339 4125 1482 4179 Deus
1558 4125 1828 4178 suscitare
1893 4123 2030 4176 tilias

437 4213 674 4269 Abrahae
703 4212 772 4280 “,
805 4213 857 4266 in
891 4213 1090 4283 quibus
1135 4223 1190 4268 et
1219 4214 1348 4268 illud
1377 4215 1682 4286 completur
1713 4217 1856 4286 quod
1895 4217 2032 4270 scri~

442 4315 592 4375 ptum
628 4313 713 4359 est
742 4323 754 4358 :
788 4304 926 4371 Quia
957 4322 976 4356 (
1011 4305 1404 4360 benedicentur
1449 4307 1502 4359 in
1553 4315 1604 4359 te
1635 4320 1826 4359 omnes
1857 4308 2030 4361 tribus

445 4408 602 4452 terra:
622 4397 690 4452 δ’.
731 4415 750 4450 ι
788 4394 892 4452 Sed
922 4407 1234 4468 repetamus
1264 4399 1441 4452 adhuc
1467 4397 1612 4466 quod
1637 4398 1766 4451 dicit
1793 4397 1837 4429 ⁸⁸
1875 4416 1889 4452 :
1922 4417 1939 4449 ι
1962 4398 2026 4452 Et

447 4485 659 4556 signum
687 4488 896 4558 accepit
927 4488 1420 4554 circumcisionem,
1460 4508 1477 4540 ›
1518 4489 1854 4564 signaculum
1879 4489 2030 4558 justi-

449 4577 538 4632 tiae
578 4577 730 4644 ﬁdei,
769 4595 888 4648 quae
927 4588 1012 4633 est
1051 4579 1104 4632 in
1145 4582 1412 4652 praeputio
1454 4582 1563 4654 (55)
1604 4598 1666 4637 ac
1704 4577 2027 4652 priifundam

445 4671 497 4723 in
548 4670 633 4724 his
674 4669 833 4724 Pauli
875 4666 1196 4741 sapientiam
1243 4673 1699 4742 contemplemur.
1748 4671 2024 4726 Fortassis

443 4764 588 4816 enim
619 4761 892 4830 aliquibus
923 4765 1175 4820 eumdem
1219 4780 1527 4820 sermonem
1568 4767 1804 4819 secundo
1843 4765 2026 4820 dicere

550 4878 596 4910 "
637 4878 792 4933 Rern.
837 4896 909 4945 Iv,
945 4880 1032 4937 10.
1138 4881 1184 4914 ⁸⁵
1213 4881 1344 4936 ibid.
1374 4881 1459 4937 1‘2.

441 4947 535 5010 59,
561 4950 652 5004 40.
728 4952 773 4983 ⁹⁰
810 4950 942 5006 Luc.
977 4967 1018 5006 ιι
1048 4991 1064 5018 ,
1115 4952 1207 5008 54.
1282 4954 1326 4985 ⁸⁸
1360 4953 1514 5006 Rom.
1551 4968 1626 5018 ιν,
1654 4955 1742 5006 tl.

515 5060 632 5131 (50)
669 5060 842 5126 Alias,
868 5081 889 5115 ι
926 5078 1049 5118 cum
1096 5073 1206 5118 tam
1243 5064 1536 5133 vigilanter
1575 5079 1632 5118 ea
1658 5079 1777 5132 qure
1815 5065 2014 5131 scripta

445 5142 568 5186 sunt
593 5135 657 5188 dc
683 5135 1032 5188 Abraham...
1063 5136 1450 5189 commendans
1477 5133 1636 5187 vulta
1677 5136 1834 5187 nobis
1886 5152 2018 5188 con-

444 5202 673 5258 siderari
692 5207 853 5258 etiam
887 5207 1180 5275 quomodo,
1209 5221 1228 5255 ι
1271 5213 1375 5258 etc.
1397 5204 1482 5258 Al.
1512 5205 1664 5258 deest
1697 5216 1752 5259 et
1800 5223 1818 5255 ι
1851 5221 2017 5258 enar-

447 5282 550 5334 rat,
587 5284 642 5327 et
666 5277 1074 5331 commendans.
1110 5293 1129 5328 ι

515 5343 628 5414 (51)
667 5343 758 5401 Sic
790 5361 920 5400 mss.
980 5351 1185 5411 nostri;
1233 5347 1366 5400 edit.
1396 5360 1548 5407 vero.
1588 5365 1605 5396 ι
1661 5354 1916 5398 utrumne
1963 5345 2016 5397 in

445 5417 708 5489 praeputio
732 5417 965 5473 Abraha:
993 5418 1092 5472 ista
1119 5419 1264 5473 dicta
1292 5425 1456 5482 sunt,
1501 5433 1566 5469 an
1597 5431 1718 5469 cum
1754 5417 2013 5471 transiret

439 5496 571 5549 jam.
620 5503 637 5534 ι
673 5496 778 5540 etc.

518 5553 632 5623 (δᾶ)
665 5554 756 5608 Sic
789 5572 887 5611 ms.
915 5573 1053 5612 unus
1082 5556 1284 5626 Regius
1309 5573 1457 5610 num.
1486 5556 1643 5612 1659.
1672 5556 1863 5612 Caeteri
1891 5571 2020 5612 vero

447 5638 578 5677 mss.
611 5635 664 5677 et
695 5627 846 5689 editi,
881 5645 900 5678 ι
941 5640 998 5681 ut
1023 5644 1118 5696 per
1143 5630 1246 5682 huc
1280 5639 1432 5695 pater
1463 5630 1617 5682 tierct
1647 5636 2014 5682 etiamcorum

444 5696 612 5764 quiin
640 5698 1054 5751 circumcisione
1091 5713 1386 5752 nascuntur
1425 5717 1436 5751 :
1468 5702 1509 5752 si
1539 5709 1716 5752 tamen
1758 5699 1822 5754 ad
1874 5699 2018 5751 illam

1566 4881 1612 4914 “
1652 4881 1841 4935 Matth.
1891 4897 1982 4942 ιιι,
2021 4881 2074 4938 9.

1821 4953 1866 4984 "
1904 4953 2152 5016 Bonum,
2179 4950 2274 5016 25,
2303 4951 2394 5004 26.
2467 4950 2514 4982 ⁸³
2536 4948 2694 5006 Rom.
2731 4963 2809 5014 tv,
2836 4947 2924 5002 12.

2129 2661 2296 2717 gnum
2335 2655 2453 2701 erat
2491 2645 2756 2715 spiritalis
2810 2644 3286 2710 circumcisionis,
3343 2661 3466 2714 qum
3498 2661 3594 2698 non
3641 2645 3682 2696 iu

2131 2751 2296 2791 carne
2343 2735 2798 2805 suscipitur,sed
2853 2734 2906 2788 in
2979 2735 3168 2789 corde.
3221 2731 3376 2800 Quod
3407 2749 3534 2786 vero
3577 2732 3689 2788 dixit

2136 2846 2157 2880 α
2201 2827 2574 2897 signaculum,
2616 2845 2637 2880 ›
2689 2826 2761 2881 ita
2802 2826 3210 2895 intelligendum
3243 2835 3396 2894 puto.
3452 2823 3687 2894 Siguacu-

2131 2921 2242 2975 lurn
2273 2919 2476 2975 dicitur
2505 2934 2626 2975 cum
2658 2918 2822 2973 alicui
2865 2917 2942 2972 rei
2998 2918 3284 2971 servanda:
3337 2930 3441 2984 pro
3473 2925 3687 2984 tempore

2132 3012 2379 3068 custodia
2422 3010 2744 3078 imponitur,
2777 3010 2920 3078 quod
2955 3024 3114 3062 nemo
3146 3007 3285 3060 alius
3317 3009 3423 3060 nisi
3479 3009 3589 3075 ipse
3606 3005 3683 3074 qui

2133 3103 2414 3173 impressit
2444 3103 2642 3158 debeat
2664 3103 2965 3172 resignare.
2999 3099 3102 3154 Per
3125 3100 3266 3153 istud
3294 3113 3428 3168 ergo
3461 3100 3687 3167 signacu-

2131 3195 2266 3260 lum,
2301 3204 2362 3248 ut
2392 3194 2612 3264 exponit
2649 3193 2944 3263 Apostolus
2966 3233 2982 3259 ,
3007 3192 3216 3262 justitia
3245 3191 3371 3244 ﬁdei
3402 3189 3513 3260 (56)
3547 3205 3686 3258 quam

2133 3289 2186 3342 in
2219 3287 2488 3356 praeputio
2524 3287 2736 3356 positus
2762 3285 3038 3341 Abraham
3066 3283 3318 3351 accipere
3344 3282 3538 3338 meruit
3565 3281 3687 3336 indic

2132 3389 2307 3446 catur,
2331 3392 2388 3434 et
2414 3390 2570 3450 pater
2599 3395 2721 3452 esse
2754 3377 3048 3432 multarum
3095 3378 3338 3446 gentium
3367 3394 3380 3428 :
3418 3375 3552 3443 quod
3575 3385 3684 3425 tunc

2133 3472 2404 3526 credimus
2437 3471 2821 3540 resignandum
2853 3487 2974 3524 cum
3017 3469 3300 3540 plenitudo
3334 3467 3563 3536 gentiqu
3609 3465 3680 3516 in-

2134 3563 2344 3617 troierit
2369 3602 2385 3628 ,
2415 3572 2470 3616 et
2503 3563 2682 3616 omnis
2720 3561 2888 3616 Israel
2921 3562 3230 3616 salvabitur
3266 3559 3334 3613 θ’.
3369 3558 3516 3613 Tunc
3556 3557 3681 3610 enim

2132 3655 2224 3708 ﬁet
2251 3655 2395 3722 quod
2435 3654 2568 3707 dicit
2598 3652 2894 3722 Apostolus
2924 3652 3006 3717 ’³,
3063 3667 3167 3707 non
3221 3650 3396 3706 solum
3427 3649 3680 3721 gentium,

2130 3749 2223 3801 sed
2249 3749 2412 3800 etiam
2445 3747 2882 3802 circumcisionis
2913 3762 3010 3815 per
3040 3747 3198 3800 tidem
3230 3755 3386 3815 pater
3410 3742 3678 3798 Abraham.

2132 3837 2197 3891 Et
2243 3838 2425 3890 adhuc
2459 3837 2706 3906 apertius
2745 3839 2811 3890 de
2847 3838 3004 3907 signo
3038 3845 3093 3890 et
3143 3834 3422 3905 signaculo
3469 3833 3672 3887 dissera-

2132 3946 2274 3985 mus.
2307 3929 2440 3984 Cum
2470 3930 2684 3998 signum
2711 3930 2804 3994 sit,
2837 3940 2895 3983 ut
2917 3926 3284 3992 diximus,uhi
3318 3926 3577 3980 indicatur
3595 3921 3678 3975 ali-

2131 4023 2261 4092 quid
2288 4036 2384 4091 per
2410 4022 2513 4076 hoc
2567 4023 2712 4091 quod
2748 4021 2964 4075 videtur
2991 4060 3006 4085 ,
3065 4019 3410 4090 signaculum
3464 4032 3578 4070 vero
3602 4012 3674 4066 ubi

2131 4112 2480 4168 concluditur
2518 4127 2617 4180 pro
2643 4122 2890 4181 tempore
2919 4111 3126 4180 aliquid
3168 4121 3224 4164 et
3255 4126 3363 4164 non
3391 4116 3548 4179 patet,
3584 4119 3665 4174 po-

2135 4216 2240 4261 test
2263 4207 2425 4261 etiam
2475 4207 2549 4260 ita
2605 4204 2859 4276 intelligi,
2891 4208 3033 4274 quod
3062 4205 3319 4276 mysteria
3353 4220 3471 4276 qua:
3506 4203 3552 4255 in
3579 4199 3673 4268 lege

2132 4310 2190 4356 et
2222 4300 2553 4370 patriarchis
2613 4299 3088 4353 adumbrabautur
3117 4339 3132 4363 ,
3192 4296 3494 4364 huiusmodi
3539 4297 3672 4349 erant

2133 4406 2251 4459 qua:
2279 4401 2333 4444 et
2361 4391 2534 4460 signis
2564 4389 2851 4444 indicanda
2885 4397 3090 4453 essent,
3120 4398 3173 4443 et
3198 4387 3496 4456 signaculis
3520 4386 3676 4438 obser-

2133 4483 2327 4536 vanda.
2363 4481 2516 4548 Quod
2549 4497 2685 4551 ergo
2743 4481 2916 4552 signis
2946 4481 3237 4536 indicanda
3278 4491 3433 4535 erant
3464 4479 3512 4534 ili
3559 4472 3673 4545 (56⁸)

2135 4582 2218 4636 his
2241 4581 2331 4650 qui
2381 4581 2678 4634 credebant
2710 4593 2774 4632 ex
2817 4577 3094 4650 gentibus,
3121 4560 3340 4646 signum
3371 4576 3565 4644 cepisse
3609 4572 3674 4623 di-

2133 4675 2274 4725 citur
2300 4670 2617 4725 Abraham:
2651 4669 2794 4739 quod
2817 4683 2948 4722 vero
2976 4669 3060 4722 his
3085 4669 3176 4738 qui
3202 4667 3255 4720 in
3287 4662 3695 4721 circumcisione.

2137 4780 2240 4817 non
2277 4771 2433 4817 erant
2467 4760 2755 4825 credituri,
2785 4760 3092 4813 obserauda
3117 4769 3277 4812 erant
3298 4767 3354 4813 et
3379 4754 3698 4824 obtegeuda.‘

2182 4881 2226 4912 "
2258 4879 2393 4935 Cen.
2423 4893 2524 4942 xu,
2563 4880 2618 4932 5.
2723 4877 2771 4909 ⁸⁸
2802 4877 2961 4930 ltum.
2999 4891 3071 4944 Iv,
3103 4875 3189 4928 ll.
3287 4880 3335 4908 ³³
3371 4871 3548 4926 Matth.
3589 4881 3673 4927 xu,

2129 5063 2286 5117 iidem
2310 5062 2620 5130 pertineant
2650 5075 2773 5132 quae
2802 5061 2852 5114 in
2879 5060 3144 5132 praeputio
3171 5059 3483 5130 justiﬁcavit
3522 5057 3669 5111 Abra-

2128 5135 2275 5189 ham.
2307 5133 2551 5187 Eﬁicitur
2588 5147 2718 5204 ergo
2746 5133 3028 5204 utriusque
3063 5134 3278 5200 generis
3312 5143 3482 5201 pater,
3522 5147 3541 5179 ι
3578 5139 3667 5179 etc.

2199 5204 2312 5272 (55)
2354 5204 2523 5270 Alias,
2558 5220 2576 5253 ι
2615 5203 3076 5272 circutttcisiottis.
3121 5220 3139 5253 ι

2201 5205 2292 5272 (55
2354 5205 2523 5270 Alias,
2558 5220 2576 5253 ι
2615 5205 3076 5258 circutncisiouis.
3121 5220 3139 5253 ι

2201 5205 2314 5348 (5ιέ
2352 5274 2519 5348 Editi,
2558 5291 2577 5325 ι
2607 5273 2659 5327 id
2684 5283 2770 5328 est
2789 5271 3147 5342 signaculum,
3183 5291 3202 5324 ι
3230 5273 3442 5328 omissis
3477 5269 3552 5323 his
3572 5279 3652 5320 ver

2129 5346 2236 5406 bis.
2271 5346 2301 5396 ι’
2319 5347 2552 5413 signum.
2592 5363 2611 5396 ι
2648 5355 2754 5399 etc.

2202 5414 2316 5485 (55)
2369 5408 2522 5469 Alias
2552 5454 2568 5481 ,
2626 5433 2645 5468 ι
2685 5415 2759 5468 ita
2817 5412 2922 5468 erit
2963 5411 3137 5467 Filius
3173 5414 3403 5469 hominis
3438 5412 3489 5466 in
3521 5408 3665 5466 cordo

2129 5494 2309 5552 terrae,
2347 5504 2366 5538 ι
2400 5494 2508 5540 etc.

2199 5555 2312 5625 (56)
2347 5555 2517 5619 Alias,
2548 5573 2567 5608 ‹
2593 5553 2822 5624 justitia:
2851 5553 3031 5618 ﬁdei,»
3065 5563 3174 5625 etc.

2202 5625 2343 5700 (ὅθ’)
2375 5625 2460 5680 In.
2495 5627 2652 5682 Deest
2688 5626 2744 5681 in
2775 5627 2959 5682 editis.
