3974 6206
190 333 310 388 9(ἓὲ

1158 325 1512 383 COMMENT.
1553 327 1619 383 IN
1655 327 1874 384 EPIST.
1909 327 1999 383 AD
2031 327 2199 384 ROM.
2243 328 2371 384 LIB.
2415 330 2504 386 IV.

3357 333 3381 383 ξ’
3394 328 3460 384 70

192 443 542 516 signaculum
573 441 772 496 dicitur
809 435 1114 508 accepisse.
1149 441 1306 507 Quod
1333 441 1670 512 signaculum
1690 442 1780 496 illo
1809 449 1854 505 Α
1883 444 2215 500 existimatio
2242 445 2418 514 potius
2447 444 2650 499 incerta
2680 453 2762 499 est
2791 459 2953 514 quam
2988 443 3144 498 ﬁrma
3187 448 3462 514 approba.

191 540 392 608 u'tique
421 537 474 591 in
501 546 744 602 tempore
791 529 1183 601 resignabitur,
1211 547 1334 586 cum
1368 534 1420 586 in
1472 533 1778 588 novissimis

188 629 392 684 diebus
419 624 704 695 postquam
764 621 1046 692 plenitudo
1065 660 1082 688 ,
1109 630 1169 675 ut
1197 622 1432 678 diximus
1462 667 1476 691 ,
1537 626 1778 695 gentium

190 719 496 782 introierit,
519 717 698 772 omnis
724 715 886 770 Israel
915 714 1096 770 salvus
1152 715 1262 769 ﬁet.
1313 715 1521 772 Idcirco
1546 717 1780 786 denique

193 810 625 868 anteAbraham
661 807 994 877 justiﬁcatur
1025 809 1140 878 (57)
1169 810 1222 862 itt
1265 809 1372 863 ﬁde
1427 809 1554 862 dum
1603 810 1778 864 adhuc

191 913 354 960 esset
389 902 843 966 incircun'icisus,
894 911 949 956 et
991 911 1177 970 postea
1213 901 1628 957 circumciditur
1654 940 1671 968 ,
1721 909 1780 954 ut

187 997 585 1050 ostenderetur
647 995 824 1063 primo
881 1003 1036 1062 pater
1067 994 1283 1047 futurus
1314 993 1607 1047 mttltarum
1642 1009 1776 1063 gen-

187 1087 356 1150 tinnt,
384 1098 437 1139 et
481 1095 667 1155 postea
697 1099 884 1138 eorum
917 1085 1006 1153 qui
1047 1101 1110 1139 ex
1147 1087 1568 1141 circumcisione
1599 1087 1780 1140 credi-

188 1179 301 1232 turi
331 1188 479 1232 sunt.
520 1177 703 1245 Neque
731 1177 875 1232 enim
905 1178 956 1230 hi
984 1179 1076 1246 qni
1111 1180 1404 1234 secundum
1423 1195 1644 1235 carnem
1677 1196 1777 1234 na-

182 1278 427 1322 scuntur
456 1282 521 1322 ex
551 1267 850 1331 Abraham,
886 1267 976 1321 ﬁlii
1023 1269 1301 1324 Abraham
1356 1270 1568 1325 dicendi
1607 1280 1773 1336 sunt,

183 1361 296 1415 nisi
329 1361 490 1414 ﬁdetn
527 1368 580 1414 et
605 1375 767 1427 opera
795 1360 1032 1414 habeant
1059 1361 1312 1415 Abrahae.
1367 1361 1496 1417 Inde
1540 1363 1776 1428 denique

181 1464 238 1506 et
267 1451 533 1507 Dominus
576 1453 628 1505 in
665 1453 962 1520 Evangelio
1019 1453 1152 1507 dicit
1203 1455 1267 1507 ad
1296 1453 1533 1520 Judteos,
1564 1457 1654 1526 qui
1717 1471 1776 1512 se.

176 1545 472 1614 jactabant
505 1545 643 1599 ﬁlios
679 1560 798 1599 esse
836 1545 1111 1599 Abrabm:
1151 1565 1170 1596 t
1212 1547 1268 1600 Si
1298 1547 1392 1600 ﬁlii
1421 1549 1654 1602 Abrahae
1687 1563 1772 1603 es-

181 1637 340 1704 setis,
378 1652 544 1706 opera
579 1637 764 1706 utique
814 1637 1046 1691 Abrahze
1105 1636 1360 1692 faceretis
1389 1639 1454 1692 '1’.
1497 1659 1515 1691 ι
1549 1638 1642 1693 Vis
1670 1656 1771 1693 au-

181 1739 292 1785 tem
317 1739 384 1784 et
430 1745 496 1784 ex
551 1729 719 1784 veteri
756 1729 1040 1798 Scriptura
1101 1731 1388 1799 perdoceri
1427 1732 1568 1799 quod
1629 1731 1772 1787 ﬁlius

1887 535 1982 598 tio,
2010 550 2107 590 nos
2133 534 2572 604 compendiosius
2620 537 3047 604 respondeamus
3085 537 3227 605 quod
3267 538 3460 594 obser-

1883 641 2016 681 vans
2041 627 2329 696 Apostolus
2359 629 2680 683 sententiam
2709 628 2800 682 Dei
2831 630 2920 696 qui
2957 629 3113 694 dixit,
3149 649 3168 682 t
3197 629 3314 685 .Iam
3352 648 3460 688 non

1881 716 2108 781 Abram,
2133 717 2227 772 sed
2257 718 2535 771 Abraham
2564 718 2671 771 erit
2704 733 2899 771 nomen
2940 725 3089 772 tuum
3125 719 3168 786 ³,
3197 737 3216 771 ι
3278 721 3464 792 appel-

1884 806 2018 860 lavit
2057 820 2198 860 nunc
2228 819 2352 860 eum
2384 821 2488 860 non
2519 806 2682 877 526
2713 815 2770 860 ut
2809 807 2862 860 in
2893 806 3013 863 loco
3065 807 3296 864 Genesis
3329 811 3460 864 scri-

1882 906 2032 966 ptum
2067 907 2175 962 est,
2205 900 2298 953 sed
2337 909 2397 952 ut
2440 899 2505 954 de
2534 914 2600 953 eo
2640 900 3078 968 pronuntiaverit
3137 900 3295 956 Deus.
3329 900 3462 968 Qua:

1881 988 2028 1043 enim
2085 990 2345 1045 divinitus
2387 995 2733 1056 sanciantur,
2766 992 3049 1046 observari
3082 992 3134 1046 in
3177 1001 3456 1062 posterum

1880 1083 2152 1138 convenit.
2184 1083 2328 1150 Haec,
2361 1095 2520 1153 prout
2547 1087 2844 1155 potuimus,
2877 1087 2928 1140 in
2967 1086 3106 1142 locis
3139 1096 3246 1141 tam
3271 1087 3459 1142 arduis

1879 1185 1934 1228 et
1955 1185 2068 1229 tam
2102 1175 2408 1231 diﬁicilibus
2444 1178 2653 1247 prolata
2685 1178 2822 1251 (58),
2853 1181 2897 1236 si
2953 1181 3078 1249 quis
3118 1179 3257 1236 forte
3291 1180 3458 1235 animi

1879 1268 2050 1322 nostri
2076 1267 2310 1322 studium
2341 1269 2673 1335 consideret,
2705 1271 2959 1340 amplecti
2990 1273 3205 1340 poterit.
3237 1270 3293 1326 Si
3328 1285 3458 1325 vero

1881 1357 2252 1414 inﬁrmitatem
2281 1376 2474 1414 sensus
2505 1361 2676 1415 nostri
2715 1371 2908 1418 notare
2940 1363 3088 1427 velit,
3119 1364 3333 1416 veniam
3371 1378 3458 1433 pe-

1881 1451 2064 1516 timus,
2101 1462 2154 1506 et
2187 1452 2232 1507 ei
2258 1454 2348 1521 qui
2397 1453 2593 1508 melius
2618 1453 2685 1508 de
2716 1455 2798 1508 his
2846 1455 3120 1511 disserere
3159 1455 3238 1510 vel
3261 1457 3454 1523 expla—

1877 1556 2009 1595 nare
2064 1543 2302 1610 potuerit
2337 1582 2352 1607 ,
2407 1543 2639 1598 libenter
2688 1547 2950 1600 cedimus.
2982 1544 3093 1599 Nos
3131 1562 3258 1602 vero
3283 1548 3356 1618 ad
3391 1563 3457 1602 ea

1875 1647 1996 1701 quae
2023 1643 2327 1701 sequuntur
2381 1634 2534 1703 segni
2571 1635 2700 1689 licet
2741 1650 2932 1706 gressu
2959 1639 3332 1693 convertimus
3368 1655 3460 1709 pe-

1875 1721 2018 1779 dem.

179 1823 304 1892 quis
333 1822 537 1875 dicitur
591 1837 696 1873 non
748 1831 954 1874 tantum
987 1820 1107 1889 ejus
1138 1822 1205 1876 de
1239 1821 1396 1890 cujus
1431 1822 1636 1877 carnali
1680 1837 1763 1877 se-

1944 1811 2000 1864 3.
2048 1829 2065 1861 t
2099 1810 2214 1866 Non
2239 1814 2381 1868 enim
2415 1830 2512 1884 per
2536 1815 2707 1884 legem
2739 1818 3029 1888 promissio
3057 1821 3288 1876 Abrahae
3312 1865 3327 1890 ,
3364 1835 3455 1879 aut

178 1910 328 1965 mine
354 1909 659 1974 descendit,
694 1910 787 1963 sed
819 1919 873 1964 et
910 1910 1029 1976 ejus
1060 1911 1216 1980 cujus
1247 1921 1404 1966 actus
1435 1914 1680 1967 imitatur
1711 1925 1768 1968 ct

176 2018 346 2073 opera
371 2003 398 2057 ?
425 2003 562 2056 Audi
600 2001 784 2056 Daniel
812 2002 938 2070 qttid
972 2002 1120 2057 dicat
1142 2003 1208 2056 ad
1236 2019 1398 2057 unum
1431 2019 1498 2057 ex
1541 2004 1648 2058 IIIIS
1684 2023 1768 2060 se-

177 2097 433 2151 nioribus
461 2111 593 2164 quos
619 2095 803 2165 arguit
839 2095 1091 2149 adulterii
1137 2113 1150 2149 :
1209 2113 1227 2147 t
1285 2097 1504 2164 Semen,
1552 2098 1762 2168 inquit,

176 2185 470 2251 Chanaan,
501 2196 554 2239 et
593 2185 874 2249 nonJuda,
899 2186 1109 2254 species
1148 2186 1363 2241 seduxit
1397 2197 1472 2252 te,
1530 2199 1582 2242 et
1633 2205 1767 2244 con-

177 2277 522 2346 cupiscentia
549 2277 746 2332 evertit
773 2293 868 2331 cor
921 2279 1161 2332 tuum”.
1206 2297 1224 2330 ι
1293 2277 1456 2334 Vides
1496 2295 1618 2335 eum
1670 2281 1765 2351 qui

176 2371 486 2426 carnaliter
531 2374 595 2426 de
631 2385 828 2442 genere
861 2370 1000 2426 Juda
1050 2372 1433 2438 descenderat,
1485 2375 1671 2442 negari
1705 2375 1766 2430 ﬁ-

176 2462 306 2516 lium
336 2477 463 2518 esse
506 2461 640 2517 .Iuda
667 2502 685 2528 ,
721 2463 816 2516 sed
868 2461 1154 2526 Chanaan,
1190 2463 1308 2532 ejus
1339 2465 1550 2520 scilicet
1605 2467 1765 2535 cujus

177 2567 334 2610 actus
366 2566 421 2610 et
459 2570 622 2624 opera
647 2555 1014 2624 'sequebalur.
1065 2555 1141 2608 Ita
1193 2571 1326 2627 ergo
1365 2565 1419 2611 et
1461 2557 1515 2611 hi
1566 2557 1658 2626 qui
1697 2562 1764 2613 de

172 2648 420 2702 Abrahae
459 2647 666 2701 semine
689 2645 986 2700 secundum
1025 2661 1246 2700 carnem
1310 2663 1480 2718 genus
1514 2648 1720 2704 ducunt
1745 2689 1762 2714 ,

175 2755 280 2794 non
320 2740 586 2793 dicuntur
637 2737 728 2791 ﬁlii
761 2737 992 2792 Abraha:
1021 2777 1037 2804 ,
1082 2739 1127 2793 si
1165 2739 1280 2807 ejus
1321 2755 1426 2794 non
1461 2740 1662 2795 habent
1700 2740 1765 2795 ﬁ-

172 2833 320 2888 dem.
364 2832 456 2886 Sic
486 2833 720 2899 denique
753 2838 807 2884 et
839 2833 1100 2900 propheta
1129 2832 1262 2886 dicit
1289 2832 1355 2886 ad
1384 2847 1476 2887 eos
1502 2849 1518 2887 :
1548 2851 1567 2884 t
1601 2832 1759 2888 Pater

177 2933 294 2980 tuus
324 2925 704 2988 Amorrhazus,
749 2934 803 2979 et
854 2933 1027 2978 mater
1077 2938 1165 2978 tua
1196 2925 1410 2980 (lethaea
1441 2927 1539 2990 ",t
1567 2928 1759 2996 quibus

174 3020 375 3087 utique
403 3033 507 3070 non
534 3031 626 3070 cos
672 3017 1023 3070 necessitudo
1049 3019 1288 3086 generis,
1320 3020 1412 3072 sed
1442 3034 1652 3073 morum
1687 3021 1762 3075 si-

173 3109 428 3164 militudo
480 3109 758 3178 jungebat.
815 3126 833 3158 t
880 3105 949 3161 Ut
985 3117 1130 3162 esset
1175 3123 1324 3178 ergo,
1371 3109 1566 3180 inquit,
1610 3120 1762 3178 pater

170 3200 423 3253 omnium
460 3199 800 3253 credentium
849 3214 948 3267 per
991 3198 1312 3266 pra‘putium
1341 3238 1356 3262 ,
1396 3211 1451 3253 ut
1487 3209 1763 3269 repetetur

173 3290 273 3345 illis
302 3289 380 3343 ad
404 3287 704 3354 justitiam,
745 3297 800 3342 ct
851 3289 923 3343 sit
949 3298 1104 3356 pater
1138 3289 1578 3345 circumcisionis
1605 3332 1619 3354 ,
1655 3305 1759 3344 non

171 3381 252 3436 his
284 3391 506 3434 tantum
542 3380 634 3450 qui
665 3390 792 3434 sunt
824 3394 890 3434 ex
949 3381 1392 3446 circumcisione,
1447 3384 1542 3438 sed
1569 3393 1624 3438 et
1655 3383 1763 3438 illis

171 3475 256 3539 qui
302 3481 621 3540 sequuntur
646 3475 870 3544 vestigia
908 3472 1026 3540 ejus
1061 3490 1182 3544 qua:
1209 3484 1294 3530 est
1324 3475 1375 3528 in
1411 3477 1678 3546 praeputio
1708 3477 1764 3531 ﬁ-

171 3563 252 3618 dei
297 3564 485 3632 patris
511 3564 678 3618 nostri
715 3565 948 3618 Abrahae
976 3564 1045 3617 ".
1079 3584 1098 3616 ι
1134 3565 1190 3619 In
1223 3579 1332 3636 quo
1357 3566 1645 3621 evidenter
1694 3583 1758 3622 ex

173 3665 417 3725 utraque
445 3657 658 3725 populo,
684 3657 827 3710 sicut
861 3657 1111 3726 superius
1140 3658 1408 3723 diximus,
1445 3660 1764 3727 pronuntiat

173 3763 271 3802 non
309 3749 503 3802 carnis
532 3749 796 3817 originem
820 3787 835 3812 ,
867 3754 961 3803 sed
991 3748 1388 3804 notabilitatem
1424 3749 1544 3804 ﬁdei
1577 3751 1759 3818 requi-

172 3841 428 3893 rendam.
463 3839 536 3893 De
561 3839 994 3893 circumcisionis
1017 3849 1198 3894 autem
1225 3852 1572 3896 sacramento
1596 3842 1760 3897 latius

167 3927 275 3998 jam
322 3929 378 3980 in
411 3929 789 3997 superioribus
843 3929 1100 3994 diximus,
1133 3929 1226 3984 sed
1262 3939 1318 3984 et
1359 3931 1410 3985 in
1437 3932 1558 3986 aliis
1593 3933 1760 4002 pluri-

171 4018 268 4074 bus
307 4019 450 4073 locis
479 4033 598 4086 quae
621 4035 718 4087 pro
757 4034 813 4074 re
844 4027 898 4072 et
929 4034 1026 4088 pro
1059 4027 1301 4090 tempore
1327 4035 1616 4076 occurrere
1642 4022 1759 4078 visa

172 4119 297 4163 sunt
347 4110 724 4176 exposuimus.
784 4107 889 4162 Sed
923 4108 1239 4178 diligentem
1268 4110 1551 4177 lectorem,
1594 4127 1756 4180 quem

175 4201 278 4253 iota
316 4215 485 4252 unum
513 4209 605 4253 aut
630 4215 765 4254 unus
795 4215 928 4270 apex
956 4202 1022 4255 de
1045 4201 1160 4266 lege
1190 4217 1306 4262 non,
1330 4204 1568 4268 praeterit
1590 4205 1661 4267 ³⁸.
1691 4219 1758 4260 ne

175 4293 306 4346 illud
335 4292 558 4360 quidem
589 4292 757 4345 latere
787 4292 973 4356 debet,
999 4295 1124 4362 quia
1151 4294 1254 4348 hoc
1287 4295 1428 4364 quod
1460 4297 1756 4366 Apostolus

175 4385 336 4446 dixit,
381 4401 400 4434 ι
431 4382 702 4451 Reputata
750 4391 834 4438 est
878 4383 1113 4438 Abrahae
1158 4384 1291 4442 ﬁdes
1341 4387 1459 4456 ejus
1491 4390 1558 4442 ad
1588 4389 1756 4460 justi-

1876 1904 2067 1959 semini
2099 1903 2240 1974 ejus,
2274 1915 2332 1958 ut
2359 1905 2531 1961 meres
2577 1918 2726 1962 esset
2783 1913 2968 1964 mundi
2998 1929 3011 1966 :
3042 1912 3134 1965 sed
3164 1928 3259 1981 per
3291 1913 3458 1982 justi-

1879 1998 2006 2052 tiam
2063 1998 2184 2053 t'idei
2222 1999 2259 2054 ⁸⁵.
2303 2019 2321 2050 ι
2377 1999 2489 2054 lloc
2542 2001 2595 2055 in
2639 2001 2758 2057 loco
2809 2004 2942 2058 tnihi
2982 2005 3198 2059 videtur
3234 2006 3300 2060 de
3337 2006 3456 2078 lege

1875 2089 2049 2160 Moysi
2097 2091 2390 2160 Apostolus
2421 2093 2722 2160 disputare,
2756 2103 2810 2148 et
2846 2109 3097 2150 asserere
3134 2097 3274 2165 quod
3329 2113 3457 2168 pro-

1875 2182 2064 2236 missio
2093 2198 2214 2251 qure
2261 2183 2400 2238 facta
2450 2193 2535 2238 est
2567 2185 2633 2238 ad
2663 2185 2936 2240 Abraham
2974 2197 3030 2241 ut
3076 2189 3450 2244 hmreditatetn

1875 2274 2088 2339 mundi,
2126 2275 2176 2328 id
2208 2286 2292 2329 est
2335 2287 2494 2330 terrae
2523 2276 2688 2331 totius
2719 2277 2992 2346 acciperet
3015 2279 3129 2348 ipse
3153 2283 3234 2333 vel
3263 2295 3449 2334 semen

1873 2365 2014 2432 ejus,
2046 2381 2150 2420 non
2179 2383 2243 2421 ex
2272 2367 2440 2438 Moysi
2472 2368 2589 2436 lege
2624 2378 2919 2424 constaret.
2949 2372 3086 2424 Ante
3112 2371 3256 2424 enim
3284 2387 3445 2440 quam

1874 2457 2084 2528 Moyses
2110 2456 2386 2527 legislator
2419 2459 2735 2522 exsisteret,
2767 2461 2914 2514 visus
2941 2472 3057 2526 est,
3110 2462 3302 2532 inquit,
3347 2463 3452 2516 Dn-

1872 2550 2050 2603 minus
2088 2549 2338 2614 Abrahm,
2369 2560 2422 2604 et
2448 2551 2582 2604 dixit
2613 2551 2679 2604 ad
2708 2566 2830 2606 eum
2863 2552 2975 2622 (59)
2998 2571 3012 2606 :
3039 2572 3057 2602 t
3089 2553 3185 2607 Exi
3213 2556 3277 2608 de
3305 2565 3447 2609 terra

1873 2647 1986 2706 tua,
2021 2648 2076 2696 et
2107 2641 2173 2695 de
2205 2642 2525 2711 cognatione
2556 2653 2665 2706 tua,
2687 2653 2742 2697 et
2775 2644 2842 2697 de
2871 2644 3031 2698 domo
3061 2646 3233 2714 patris
3259 2647 3358 2710 tui,
3391 2658 3448 2702 et

1866 2735 1993 2792 Veni
2035 2734 2088 2788 in
2122 2742 2320 2789 terram
2353 2751 2514 2804 quam
2545 2736 2836 2790 ostendero
2868 2737 2962 2790 Iibi
2997 2751 3012 2790 :
3063 2750 3117 2792 et
3168 2737 3362 2792 faciam
3396 2750 3448 2793 te

1872 2827 1924 2881 in
1952 2835 2166 2896 gentem
2198 2841 2469 2894 magnam,
2503 2836 2558 2880 et
2607 2827 2920 2882 benedicam
2961 2837 3012 2882 te
3040 2869 3054 2892 ,
3096 2839 3152 2884 ct
3205 2832 3447 2901 magniﬁ-

1871 2919 2010 2972 cabo
2034 2931 2227 2970 nomen
2260 2927 2432 2979 tuum,
2462 2925 2516 2971 et
2577 2916 2686 2972 eris
2743 2918 3060 2973 benedictus
3095 2937 3108 2972 :
3141 2931 3194 2975 et
3228 2922 3450 2976 benedi-

1871 3022 1988 3062 cam
2025 3008 2402 3062 beucdicentcs
2441 3019 2512 3072 te,
2577 3016 2634 3062 et
2686 3007 3004 3063 maledicam
3057 3011 3448 3068 maledicentes

1873 3109 1944 3166 te,
1975 3106 2029 3153 et
2057 3099 2452 3154 benedicentur
2503 3100 2556 3154 in
2616 3109 2668 3153 te
2710 3117 2900 3155 omnes
2944 3102 3119 3158 tribus
3167 3113 3325 3160 terra:
3352 3108 3393 3160 ⁸.
3426 3127 3444 3158 ι

1866 3191 2018 3259 Quod
2045 3207 2176 3262 ergo
2204 3192 2358 3256 dicit,
2396 3211 2414 3243 t
2457 3191 2856 3248 Benedicentur
2891 3195 2940 3248 in
2983 3205 3033 3249 te
3052 3211 3242 3251 omnes
3278 3199 3450 3252 tribus

1869 3294 2045 3352 teme,
2096 3303 2112 3336 ι
2148 3284 2250 3338 hoc
2273 3296 2355 3338 est
2378 3285 2647 3342 liceredem
2671 3284 2872 3340 factum
2896 3302 3017 3342 esse
3050 3289 3215 3342 totius
3239 3290 3447 3344 mundi.

1866 3376 1995 3443 Qua:
2024 3376 2209 3446 utique
2241 3377 2530 3445 promissio
2564 3379 2628 3432 ad
2665 3378 2942 3432 Abraham
2977 3389 3138 3434 antea
3173 3379 3316 3435 facta
3339 3393 3447 3444 est,

1865 3484 2025 3537 quam
2056 3485 2151 3538 per
2185 3468 2402 3539 Moysen
2433 3470 2500 3523 de
2527 3471 2664 3540 legis
2689 3472 3036 3526 observantia
3071 3475 3444 3529 mandaretur.

1867 3564 1957 3618 Sic
1991 3580 2120 3634 ergo
2147 3580 2248 3618 non
2279 3575 2360 3618 est
2387 3580 2452 3618 ex
2495 3567 2614 3633 lege
2663 3567 2954 3634 promissio
2985 3567 3246 3631 Abrahae,
3275 3583 3446 3637 neque

1865 3656 2057 3709 semini
2078 3654 2220 3723 ejus,
2250 3665 2306 3707 ttt
2339 3656 2509 3708 hmres
2541 3656 2612 3708 sit
2644 3658 2851 3714 mundi,
2885 3659 2981 3711 sed
3029 3674 3124 3726 per
3173 3659 3442 3726 justitiam

1865 3749 2006 3802 ﬁdei.
2037 3747 2165 3812 Quae
2197 3757 2278 3801 est
2302 3749 2402 3801 ista
2434 3746 2645 3814 justitia
2682 3748 2849 3801 ﬁdei?
2876 3749 2947 3802 De
2970 3764 3075 3817 qua
3116 3750 3227 3820 (60)
3263 3753 3315 3804 itt
3348 3768 3444 3804 su-

1865 3840 2170 3910 perioribus
2194 3838 2456 3892 scribitur
2487 3837 2623 3908 (6|),
2659 3839 3006 3908 ntsaapejam
3035 3841 3292 3907 diximus,
3317 3845 3441 3911 quia

1868 3947 1888 3982 t
1927 3929 2156 3984 credidit
2193 3928 2470 3982 Abraham
2509 3929 2642 3991 Dee,
2697 3938 2754 3982 et
2817 3940 3122 3998 reputatum
3155 3942 3240 3988 est
3267 3934 3340 3987 illi
3371 3935 3442 3989 ad

1858 4021 2121 4092 justitiam
2155 4020 2197 4076 ⁸.
2232 4040 2250 4072 ι
2298 4017 2407 4074 Nec
2435 4019 2708 4074 immerito
2737 4039 2749 4075 :
2799 4021 2934 4089 legis
2965 4021 3108 4076 enim
3147 4024 3444 4079 observan-

1865 4115 1936 4168 tia
1975 4127 2190 4182 poeuam
2220 4112 2591 4167 tantummodo
2615 4112 2840 4183 eﬁugit;
2878 4113 2998 4168 ﬁdei
3031 4130 3164 4170 vero
3184 4117 3438 4172 meritum

1863 4204 1975 4273 (62)
2008 4219 2156 4272 spem
2190 4204 2634 4273 repromissionis
2661 4216 2943 4274 exspectat
2983 4226 2996 4262 :
3023 4219 3076 4262 et
3103 4221 3436 4280 praeceptum

1861 4297 2034 4353 servis
2063 4296 2302 4365 ponitur,
2347 4295 2480 4351 ﬁdes
2511 4297 2776 4366 quaeritur
2809 4299 2879 4352 ab
2913 4299 3126 4356 amicis.
3165 4298 3272 4353 Sed
3315 4311 3368 4354 et
3395 4305 3439 4356 si

1862 4390 2156 4444 secundum
2192 4403 2254 4442 ea
2300 4403 2420 4458 quae
2453 4389 2507 4443 in
2547 4389 2923 4458 superioribus
2961 4390 3339 4456 disseruimus,
3373 4397 3441 4450 de

175 4479 304 4531 tiam
334 4477 410 4542 θ’,
448 4495 466 4528 ι
491 4477 580 4530 illo
601 4485 846 4547 tempore
867 4491 994 4532 cum
1026 4476 1093 4530 de
1119 4491 1185 4530 eo
1215 4479 1478 4546 scriptum
1508 4480 1754 4550 estquod
1789 4503 1831 4557 ο
1862 4477 1978 4546 lege
2012 4477 2242 4531 naturali
2300 4477 2497 4533 Paulus
2533 4479 2647 4532 haec
2700 4478 2882 4534 dicere
2910 4480 3275 4550 intelligatur,
3331 4501 3438 4538 non

177 4569 479 4624 crediderit
516 4569 647 4633 Deo,
684 4579 737 4623 et
776 4580 1080 4638 reputatum
1116 4573 1187 4626 sit
1218 4573 1268 4626 ei
1315 4575 1381 4625 ad
1412 4572 1676 4640 justitiam
1709 4574 1751 4638 ',

175 4660 419 4714 nondum
451 4659 721 4714 Abraham
757 4661 1078 4727 vocabatur,
1129 4663 1224 4716 sed
1259 4663 1459 4716 Abram
1489 4672 1608 4718 erat
1656 4677 1747 4718 no-

174 4767 293 4807 men
321 4751 467 4821 ejus.
501 4751 688 4807 Adhuc
715 4752 863 4806 enim
909 4752 1330 4808 incircumcisus
1367 4755 1640 4820 manebat,
1693 4764 1754 4809 ut

177 4843 568 4913 interpretatur
616 4842 908 4912 Apostolus
941 4845 983 4897 '.
1021 4844 1096 4899 De
1141 4860 1250 4914 quo
1287 4845 1558 4915 aliquibus
1608 4843 1748 4901 forte

176 4938 451 4992 videbitur
474 4951 628 4992 error
657 4937 708 4990 in
745 4937 1150 5008 exemplaribus
1183 4937 1390 5002 haberi,
1415 4939 1562 5008 quod
1591 4938 1749 4993 facile

175 5027 452 5084 Abraham
488 5040 585 5096 pro
611 5024 812 5082 Abram
843 5027 1009 5083 scribi
1045 5027 1303 5097 potuerit.
1337 5026 1443 5083 Sed
1473 5026 1598 5097 quia
1629 5026 1748 5082 haec

243 5191 291 5223 "
327 5189 484 5245 Joan.
539 5207 656 5257 vnt,
689 5191 779 5246 59.

181 5271 252 5322 ιν.
275 5261 330 5315 9.
387 5262 403 5292 ¹
437 5261 570 5316 Gen.
605 5277 694 5331 xv.
733 5264 785 5316 6.
863 5263 883 5292 ¹
914 5261 1069 5316 Rom.
1095 5278 1170 5327 tv,
1201 5263 1263 5316 ιο
1289 5276 1404 5331 seq.

179 5331 310 5386 Gen.
338 5346 429 5395 xv,
466 5331 519 5385 6.
598 5332 617 5362 "
653 5329 769 5387 Jac.
796 5348 860 5397 ll,
886 5331 977 5386 23.

246 5470 358 5536 (57)
391 5471 561 5537 Alias,
596 5491 615 5522 t
637 5471 989 5540 justiﬁcatus.
1031 5493 1047 5525 ι

392 5541 562 5612 Alias,
601 5560 619 5592 t
658 5545 905 5612 probare.
945 5562 965 5596 ι

249 5609 361 5681 (59)
391 5609 488 5664 Ms.
523 5609 683 5674 unus,
719 5630 737 5662 t
783 5613 996 5674 videns,
1027 5612 1222 5681 inquit,
1259 5612 1519 5668 Dominus
1571 5612 1747 5667 Abra-

179 5677 490 5742 hatu,'dixit
519 5683 584 5733 ad
618 5695 762 5744 eum,
799 5700 816 5733 ι
845 5690 950 5736 etc.

249 5749 360 5822 (60)
393 5751 571 5806 Editi:
603 5768 620 5801 t
657 5750 723 5804 Et
758 5759 843 5806 est
875 5753 974 5806 ista
1026 5752 1236 5821 justitia
1271 5752 1433 5822 ﬁdei,
1461 5753 1530 5812 de
1553 5766 1682 5823 qua,
1719 5770 1740 5804 ι

494 5841 767 5903 ΡΑτιιοι..
816 5841 932 5938 ςιιι.
980 5844 1067 5904 XI
1085 5844 1152 5909 V.

1860 4569 1964 4623 erit
1993 4569 2323 4624 contrarium
2357 4569 2659 4625 rationibus
2691 4572 2936 4641 superius
2958 4573 3203 4630 redditis.
3235 4575 3440 4641 Quam—

1859 4659 1944 4714 vis
1972 4661 2114 4714 enim
2145 4661 2231 4715 lex
2283 4671 2491 4716 natura:
2524 4663 2588 4716 de
2621 4663 2762 4716 bono
2806 4671 2862 4716 et
2889 4663 3030 4716 malo
3059 4665 3430 4720 testimonium

1862 4753 2052 4807 reddat
2081 4753 2378 4808 secundum
2407 4753 2670 4823 judicium
2704 4755 3074 4820 conscientiae,
3115 4768 3295 4811 tamen
3329 4759 3430 4830 legi

1861 4843 1984 4900 ﬁdei
2037 4860 2142 4899 non
2191 4853 2371 4914 potest
2414 4847 2716 4914 exaequari,
2753 4862 2857 4915 qua
2913 4846 3024 4902 Deo
3056 4851 3172 4920 (65)
3206 4852 3440 4905 credidit

1853 4935 2152 4999 Abraham,
2179 4944 2233 4990 et
2275 4933 2566 5002 iustiﬁcari
2606 4937 2805 4992 meruit
2861 4946 3025 5007 atque
3073 4941 3282 4996 amicus
3345 4941 3438 4995 Dei

1854 5026 2111 5096 appellari
2136 5027 2180 5080 ".

861 5193 906 5224 ’⁵
929 5193 1058 5246 Dan.
1090 5208 1210 5254 xm,
1244 5191 1331 5243 56.
1397 5192 1444 5223 ⁸⁸
1472 5190 1670 5245 Ezech.
1718 5204 1830 5252 xvt,
1867 5191 1917 5244 3.
1997 5189 2225 5245 "Rom.
2276 5206 2348 5250 tv,
2397 5189 2593 5254 “.12.
2659 5189 2912 5244 “Matth.
2959 5189 3124 5249 v.18.
3201 5190 3245 5222 "
3273 5190 3432 5244 Rom.

1196 5234 1404 5329 26;...
1472 5234 1670 5316 ῖῑξὲἑίξ
1700 5234 1917 5326 .".'.'.;.-.-'.'
1973 5234 3016 5329 ιΒόἶῆῗῖγξἴδῖ’ἴδ’ᾶὲηαιῖζῖξὲὲιξὶ
3043 5234 3200 5314 ira...

1858 5478 2044 5608 mc(tu)
2071 5536 2241 5608 Alias,
2278 5554 2297 5585 ε
2335 5534 2488 5608 dixit.
2531 5551 2550 5584 ι

1953 5605 2042 5678 62)
2074 5607 2242 5678 Alias,
2271 5623 2289 5656 t
2321 5605 2590 5678 meritam.
2631 5620 2650 5654 ι

1953 5673 2044 5748 65)
2068 5677 2239 5740 Alias,
2271 5693 2288 5728 t
2321 5673 2618 5746 adaequari,
2643 5673 2774 5744 quia
2809 5673 2936 5739 Deo,
2975 5691 2994 5727 ι
3019 5682 3132 5730 etc.

3031 5780 3108 5896 si
