3936 6196
138 291 297 348 973

1166 289 1519 348 COMMENT.
1553 289 1621 345 IN
1652 287 1871 346 EPIST.
1903 290 1996 344 AD
2030 285 2199 348 ROM.
2230 290 2357 346 LIB.
2391 291 2479 346 I-V.

3350 299 3454 356 97-h

143 409 424 464 minata
453 410 716 464 videatur.
764 409 1030 465 Similiter
1055 418 1111 464 et
1144 409 1210 464 de
1233 409 1700 478 prtevaricatione,
1728 417 1785 463 ut
1813 415 1861 471 Α
1891 409 2046 478 pulus
2091 410 2235 471 Deo,
2291 421 2345 463 et
2389 409 2558 479 Moysi
2607 409 2806 466 famulo
2851 411 2965 479 eius
3000 413 3078 481 ¹⁶.;
3117 433 3136 469 ι
3170 424 3225 470 et
3255 417 3454 475 iterum

147 513 305 554 non
379 517 594 556 onmem
645 501 1152 570 praevaricationem
1207 503 1532 572 generaliter
1580 504 1632 556 itt
1682 503 1785 557 hoc

151 588 329 644 loco
363 594 608 648 adstruat
639 593 978 664 appellatam,
1012 593 1104 647 sed
1149 593 1265 660 ejus
1287 596 1376 664 qui
1408 595 1461 650 in
1493 594 1614 665 lege
1641 594 1788 664 posi-

155 687 280 734 tus
344 683 646 756 deliquerit
694 701 710 740 :
746 693 805 737 ut
835 685 1055 754 gravius
1086 685 1340 740 delictum
1383 685 1630 740 videatur
1670 684 1788 752 ejus

153 770 283 835 qni
355 788 456 842 per
491 775 659 844 legem
696 775 999 845 prohibitus
1045 786 1232 846 peccat
1276 775 1426 844 (76).
1470 790 1631 847 quam
1671 776 1788 843 ejus

158 863 289 931 qui
362 863 510 918 nulla
559 865 721 920 fuerit
755 866 874 935 lege
915 867 1300 921 commonitus.
1340 865 1444 921 Sed
1473 866 1676 921 etillud
1706 866 1788 920 vi-

158 953 454 1009 dendum
486 963 591 1020 est,
623 957 748 1025 quia
777 973 882 1012 non
918 956 1057 1011 dixit
1083 955 1374 1025 Apostolus
1402 958 1543 1026 quod
1575 957 1663 1012 ubi
1700 957 1786 1012 lex

163 1041 405 1108 fuerit,
434 1045 504 1100 ibi
531 1054 585 1098 et
611 1047 1004 1113 praevaricatio,
1023 1047 1117 1101 sed
1147 1047 1220 1101 ait
1253 1065 1264 1099 :
1303 1066 1319 1098 ι
1347 1045 1445 1101 Ubi
1474 1058 1652 1101 autem
1680 1061 1785 1101 non

161 1142 282 1185 est
321 1133 443 1195 lex.
478 1151 575 1189 nec.
603 1137 979 1205 praevaricatio
1000 1136 1063 1190 ⁸³.
1100 1155 1118 1188 ι
1159 1133 1216 1190 In
1244 1151 1350 1206 quo
1376 1136 1613 1191 ostendit
1643 1137 1784 1205 quod

170 1228 593 1291 praevaricatio
632 1229 847 1296 quidem
898 1243 1017 1282 esse
1045 1227 1266 1282 omnino
1297 1243 1402 1282 non
1435 1229 1644 1297 possit,
1683 1227 1783 1282 nisi

167 1313 283 1366 lex
325 1315 524 1381 fuerit;
561 1333 666 1370 non
703 1325 879 1370 tamen
913 1317 959 1371 si
985 1317 1065 1372 lex
1101 1316 1190 1380 sit,
1221 1315 1366 1369 omni
1399 1332 1598 1386 genere
1624 1317 1783 1371 etiam

173 1408 598 1472 prmvarimtio
639 1408 764 1462 erit.
827 1407 1007 1462 Potest
1038 1407 1183 1462 enim
1217 1406 1332 1461 fieri
1381 1417 1438 1460 ut
1481 1408 1549 1461 sit
1581 1407 1662 1461 lex
1685 1449 1698 1470 ,
1733 1415 1786 1462 et

178 1495 595 1560 praevaricatio
644 1510 750 1548 non
797 1495 866 1549 sit
911 1512 925 1550 :
963 1511 1067 1549 non
1115 1503 1289 1565 potest
1340 1505 1514 1550 tamen
1565 1495 1678 1550 fieri
1728 1505 1786 1550 ut

178 1585 594 1650 prmvaricatio
622 1586 728 1648 sit,
766 1585 855 1640 ubi
901 1584 984 1640 lex
1019 1601 1123 1640 non
1158 1598 1262 1642 est.
1302 1586 1434 1642 Nam
1462 1595 1515 1640 et
1544 1588 1589 1642 si
1622 1586 1786 1657 Moysi

185 1677 390 1746 legem
426 1693 722 1748 ponamus,
769 1692 874 1731 non
922 1677 1178 1731 continuo
1205 1677 1316 1749 (77)
1349 1693 1538 1733 omnes
1563 1678 1652 1748 qui
1685 1678 1785 1734 sub

1891 501 2148 556 Dominus
2172 503 2224 556 in
2254 502 2544 573 Evangelio
2573 504 2719 558 dicat
2749 523 2762 559 :
2802 522 2820 557 t
2851 505 2907 560 Si
2932 509 3228 564 crederetis
3259 508 3452 584 Moysi,

1887 593 2184 648 crederetis
2231 595 2418 662 utique
2465 603 2520 650 et
2567 595 2694 650 mihi
2750 610 2766 650 :
2813 597 2879 654 de
2907 613 2991 654 me
3019 600 3164 654 enim
3195 601 3284 656 ille
3318 604 3448 657 scri-

1888 684 1992 752 psit
2023 685 2084 737 ’⁷.
2118 703 2136 736 ι
2173 683 2452 754 Videbitur
2471 686 2615 742 enim
2649 687 2790 742 sieut
2812 690 2877 743 de
2897 703 2954 745 se
2975 689 3134 756 dixit,
3160 693 3284 760 quia
3318 712 3336 744 t
3362 696 3453 764 qui

1887 775 2057 830 credit
2088 777 2140 830 in
2182 791 2298 842 me,
2327 779 2498 832 credit
2533 788 2586 834 et
2635 781 2685 833 in
2740 794 2863 834 eum
2897 781 2987 852 qui
3019 782 3164 838 misit
3195 799 3281 838 me
3313 785 3390 848 ιε,
3428 805 3448 838 ι

1889 865 1960 918 ita
1991 875 2045 920 et
2071 867 2135 920 de
2167 866 2350 938 Moyse
2379 868 2580 935 dicere,
2615 871 2756 939 quod
2794 890 2813 922 ι
2845 871 2889 925 si
2929 873 3228 929 crederetis
3258 873 3451 947 Moysi,

1887 954 2183 1009 crederetis
2239 956 2422 1024 utique
2467 967 2522 1012 et
2556 958 2708 1012 mihi.
2754 977 2772 1011 ι
2818 959 2899 1012 Ad
2929 959 3070 1030 quod
3105 964 3456 1031 respondebi-

1887 1058 2026 1105 mus.
2057 1042 2182 1112 quia
2219 1043 2346 1097 illud
2379 1045 2521 1112 quod
2549 1046 2751 1100 dictum
2781 1055 2864 1102 est
2895 1047 2946 1102 in
2984 1049 3197 1104 deserto
3221 1091 3236 1116 ,
3277 1069 3297 1103 ι
3325 1052 3456 1110 Cre-

1887 1133 2023 1188 didit
2050 1135 2276 1204 populus
2308 1135 2440 1200 Deo,
2475 1146 2529 1190 et
2555 1136 2725 1208 Moysi
2755 1138 2953 1194 famulo
2987 1138 3122 1208 ejus,
3157 1160 3174 1191 ι
3213 1145 3454 1200 narratio

1886 1232 2008 1288 est,
2057 1240 2158 1294 qua
2207 1227 2512 1280 ostenditur
2558 1229 2699 1296 quod
2737 1245 2830 1297 per
2861 1230 3226 1286 ministerium
3284 1232 3452 1303 Moysi

1887 1327 1996 1380 quo
2039 1315 2188 1382 signa
2220 1322 2269 1369 et
2299 1317 2566 1370 mirabilia
2606 1318 2968 1382 ministravit,
3002 1321 3229 1390 populus
3271 1325 3452 1378 credi-

1888 1405 1964 1458 dit
2007 1404 2115 1459 Deo
2151 1421 2166 1459 :
2205 1406 2256 1459 in
2303 1407 2405 1462 hoc
2451 1409 2616 1463 verbo
2664 1411 2751 1464 ubi
2805 1412 2966 1479 dicit,
3009 1431 3027 1463 ι
3063 1399 3452 1472 Sicrederetis

1886 1491 2080 1563 Moysi,
2115 1495 2407 1551 crederetis
2450 1499 2632 1567 utique
2661 1509 2713 1553 et
2744 1501 2896 1567 mihi,
2931 1521 2950 1552 ι
3005 1505 3183 1572 arguit
3219 1506 3450 1560 infideli-

1891 1589 2052 1638 tatem
2083 1600 2271 1639 eorum
2301 1588 2392 1654 qui
2431 1588 2554 1641 dum
2588 1590 2691 1644 sibi
2725 1607 2828 1646 non
2875 1593 3124 1658 credunt,
3158 1599 3453 1654 ostendunt

1887 1689 1944 1729 se
1976 1690 2080 1730 nec
2120 1675 2291 1746 Moysi
2337 1677 2533 1732 litteris
2559 1681 2783 1735 credere
2815 1682 2869 1736 in
2901 1683 3094 1752 quibus
3127 1687 3193 1740 de
3220 1689 3447 1742 adventu

185 1767 387 1840 Moysi
421 1769 534 1838 lege
563 1769 838 1831 vixerunt,
873 1769 924 1822 in
955 1770 1400 1837 przevaricatione
1447 1768 1570 1822 facti
1602 1776 1730 1821 sunt
1765 1785 1779 1821 :
1813 1755 1854 1811 Β
1884 1761 2082 1817 Christi
2111 1765 2410 1834 pr0phetali
2445 1782 2698 1825 sermone
2722 1773 3170 1842 comprehensum
3198 1786 3280 1830 est
3307 1794 3322 1832 :
3359 1778 3448 1833 ubi

192 1859 461 1927 alioquin
492 1859 649 1912 simul
683 1869 735 1912 et
761 1859 1090 1928 prophetas,
1128 1867 1181 1912 et
1203 1873 1394 1916 omnes
1425 1860 1604 1930 justos
1631 1857 1778 1910 vide-

193 1965 341 2004 mur
371 1949 646 2004 involvere
670 1966 684 2003 :
711 1949 811 2003 nisi
837 1949 976 2003 forte
1002 1950 1146 2003 dicat
1172 1948 1368 2018 aliquis
1387 1948 1564 2019 justos
1593 1963 1780 2004 omnes

194 2049 268 2094 et
302 2040 589 2108 prophetas
628 2056 734 2094 non
768 2051 872 2093 tam
905 2040 1004 2094 sub
1039 2039 1156 2110 lege
1177 2081 1191 2105 ,
1223 2055 1386 2109 quam
1435 2041 1535 2096 sub
1565 2041 1668 2096 fide
1702 2042 1781 2096 vi-

196 2130 394 2194 xisse;
455 2140 763 2198 peccatores
811 2144 938 2184 vero
989 2139 1043 2184 et
1092 2128 1321 2198 injustos
1377 2129 1510 2198 legis
1552 2130 1782 2185 vinculis

201 2219 384 2275 fuisse
415 2223 757 2288 constrictos,
784 2223 921 2276 sicut
946 2231 1011 2286 ,et
1038 2221 1327 2289 Apostolus
1355 2221 1543 2276 dicit“
1561 2227 1619 2277 :‘t
1647 2221 1781 2290 Quia

197 2311 362 2380 justo
385 2313 467 2366 lex
501 2329 604 2366 non
649 2322 731 2367 est
759 2314 953 2381 posita,
999 2312 1092 2366 sed
1127 2311 1341 2379 iniustis
1371 2323 1426 2367 et
1463 2328 1570 2368 non
1600 2312 1784 2368 subdi-

211 2408 326 2468 tis,
375 2406 552 2476 impiis
599 2415 649 2460 et
694 2407 1108 2474 peccatoribus,
1157 2405 1404 2460 scelestis
1441 2415 1496 2461 et
1522 2405 1780 2475 profanis,

212 2497 508 2566 patricidis
542 2505 596 2552 et
624 2496 922 2551 matricidis
943 2536 958 2558 .
989 2496 1309 2558 homicidis,
1340 2495 1781 2561 fornicatoribus,

213 2588 586 2642 masculorum
622 2589 1081 2651 concubitoribus,
1117 2587 1505 2656 plagiatoribus
1525 2627 1539 2650 ,
1566 2587 1784 2642 menda-

211 2678 684 2748 cibus,-perjuris,
720 2688 774 2732 et
800 2680 844 2732 si
873 2679 1002 2747 quid
1039 2679 1180 2731 aliud
1227 2694 1371 2734 sana:
1401 2677 1658 2734 doctrinre
1688 2678 1777 2731 ad-

207 2780 491 2824 versatur.
526 2788 546 2822 ο
593 2769 743 2835 Quod
776 2771 820 2824 si
852 2771 1050 2824 talibus
1081 2770 1162 2824 lex
1189 2769 1362 2839 posita
1392 2779 1495 2834 est,
1539 2785 1644 2823 non
1687 2767 1783 2822 tibi

208 2861 388 2916 multo
439 2861 693 2916 meliores
739 2861 815 2914 illi
861 2861 1184 2916 videbuntur
1212 2861 1277 2915 de
1303 2860 1501 2929 quibus
1538 2861 1733 2916 dicitur
1764 2874 1780 2913 :

211 2971 230 3003 ι
275 2951 406 3007 Cum
435 2952 578 3007 enim
609 2960 817 3022 gentes,
861 2965 980 3018 quae
1009 2949 1176 3021 legem
1210 2965 1313 3003 non
1363 2951 1582 3015 habent,
1628 2958 1784 3005 natu-

205 3043 409 3096 raliter
435 3056 554 3110 quae
582 3040 712 3109 legis
737 3049 866 3094 sunt
897 3038 1120 3107 faciunt,
1145 3039 1450 3106 huiusmodi
1479 3039 1648 3110 legem
1676 3054 1779 3093 non

205 3133 505 3196 habentes,
538 3131 635 3200 ipsi
665 3131 766 3186 sibi
793 3139 920 3185 sunt
952 3130 1060 3208 lex,
1091 3131 1180 3199 qui
1224 3130 1519 3185 ostendunt
1544 3145 1679 3199 opus
1703 3129 1781 3184 le-

200 3223 303 3289 gis
325 3224 584 3292 scriptmn
618 3225 670 3276 in
695 3221 950 3276 cordibus
973 3223 1106 3284 suis,
1134 3221 1496 3276 testimonium
1522 3221 1781 3276 reddente

200 3316 298 3370 cis
338 3315 666 3368 conscientia
700 3315 763 3366 ¹¹.
798 3332 818 3364 ι
875 3313 939 3367 Ει
969 3322 1274 3367 statuamus
1321 3320 1445 3366 ante
1479 3311 1700 3377 oculos,
1735 3312 1777 3365 si

205 3410 438 3463 videtur
463 3448 477 3473 ,
517 3409 649 3463 duos
699 3407 937 3475 aliquos,
973 3404 1119 3459 verbi
1151 3404 1323 3474 gratia
1347 3445 1362 3469 ,
1399 3404 1489 3472 qui
1519 3418 1638 3458 cum
1669 3418 1780 3456 ma-

207 3499 385 3554 sculis
420 3515 525 3551 non
571 3498 982 3552 concubuerunt
1023 3495 1312 3549 concubitu
1349 3494 1595 3548 muliebri
1625 3493 1776 3562 (78);

215 3607 387 3644 unum
417 3605 482 3644 ex
515 3589 598 3643 his
641 3597 908 3656 przecepto
951 3586 1084 3654 legis
1132 3585 1492 3655 prohibitum,
1545 3583 1702 3651 cujus
1735 3583 1779 3638 si

227 3690 427 3734 metum
461 3695 568 3733 non
603 3678 902 3740 habuisset,
937 3675 1166 3730 fortasse
1203 3675 1423 3730 fecisset
1469 3691 1483 3727 :
1535 3683 1588 3727 et
1615 3673 1778 3726 alium

227 3772 312 3840 qui
345 3771 573 3840 propriae
606 3769 801 3824 mentis
840 3766 1044 3836 judicio
1090 3764 1457 3832 hujuscemodi
1501 3763 1777 3830 contagio-

225 3878 342 3916 nent
373 3876 438 3916 ne
467 3859 818 3928 cogitationes
843 3858 1056 3926 quidem
1093 3871 1222 3911 suas
1252 3855 1402 3910 adire
1431 3855 1739 3924 permiserit
1764 3871 1778 3909 :

225 3966 394 4004 nonne
442 3951 608 4005 multo
642 3949 787 4002 illum
823 3947 1083 4017 prmferas
1128 3947 1216 4016 qui
1257 3945 1402 4000 nulla
1439 3945 1569 4016 legis
1613 3946 1782 4001 inter-

225 4039 512 4095 minatione
537 4038 848 4099 deterritus,
886 4038 1180 4090 immunem
1212 4050 1271 4091 se
1302 4052 1328 4090 a
1367 4034 1556 4106 ﬂagitii
1585 4045 1779 4090 conta-

226 4131 515 4187 minatione
581 4129 854 4185 servavit?
911 4128 1178 4183 Similiter
1242 4129 1404 4183 etiam
1457 4129 1521 4182 de
1568 4129 1780 4183 caeteris

225 4223 460 4293 peccatis
490 4222 534 4276 si
566 4221 824 4276 habeatur
847 4235 1094 4276 examen.
1125 4220 1187 4273 Et
1212 4219 1330 4274 ideo
1354 4220 1466 4274 sive
1496 4220 1662 4291 Moysi
1695 4221 1778 4274 lex

225 4314 588 4384 intelligatur,
633 4313 747 4367 sive
776 4315 940 4368 etiam
966 4327 1028 4366 ea
1055 4326 1177 4380 quae
1210 4311 1262 4365 iu
1293 4313 1492 4366 nostris
1519 4311 1779 4366 membris

1881 1869 2011 1909 vero
2044 1855 2191 1918 dicit,
2229 1873 2248 1908 ‹
2282 1855 2383 1922 Qui
2428 1859 2601 1914 credit
2651 1861 2702 1914 in
2738 1877 2846 1930 me,
2889 1865 3061 1920 credit
3108 1866 3161 1920 in
3203 1883 3321 1921 emn
3356 1870 3448 1938 qui

1883 1941 2027 1996 misit
2051 1957 2154 2005 me,
2189 1962 2211 1997 ι
2249 1958 2397 2014 spem
2427 1948 2760 2004 credentium
2793 1951 2969 2008 elevat
3000 1971 3168 2024 usque
3192 1958 3258 2010 ad
3281 1958 3446 2014 Deum

1880 2028 2121 2100 Patrem,
2142 2044 2198 2089 ut
2224 2035 2363 2091 sicut
2393 2039 2514 2107 quis
2542 2053 2665 2094 cum
2695 2042 2844 2097 videt
2873 2028 2983 2118 (79)
3015 2045 3228 2114 Filium,
3247 2051 3449 2108 vidisse

1883 2135 1942 2176 se
1971 2123 2107 2178 sciat
2132 2133 2184 2178 et
2209 2123 2425 2182 Patrem
2459 2129 2539 2192 ¹⁹,
2575 2129 2646 2184 ita
2679 2145 2801 2186 cum
2848 2136 3022 2190 credit
3061 2135 3236 2206 Filio,
3271 2141 3449 2198 credi-

1884 2211 2026 2268 disse
2059 2227 2118 2269 sc
2141 2213 2254 2286 (80)
2277 2217 2414 2272 sciat
2439 2225 2492 2272 et
2517 2217 2685 2276 Patri.

1955 2304 2010 2360 5.
2058 2324 2077 2356 ‹
2115 2304 2238 2362 Ideo
2274 2321 2340 2362 ex
2368 2308 2492 2374 fide,
2518 2317 2577 2363 ut
2607 2311 2901 2368 secundum
2933 2317 3164 2384 gratiam
3195 2319 3348 2376 ﬁrma
3380 2323 3452 2378 sit

1885 2395 2172 2462 promissio
2216 2397 2360 2452 omni
2415 2398 2644 2464 semini,
2687 2416 2792 2456 non
2838 2403 2886 2458 ei
2916 2404 3028 2475 (8|)
3063 2409 3205 2477 quod
3234 2423 3301 2463 ex
3334 2409 3450 2481 lege

1884 2498 1966 2541 est
1992 2495 2223 2552 tantum,
2259 2490 2355 2564 sed
2385 2489 2506 2544 etei
2540 2489 2650 2563 (82)
2675 2493 2817 2561 quod
2854 2507 2919 2548 ex
2955 2495 3058 2549 ﬁde
3082 2507 3162 2552 est
3193 2498 3446 2566 Abrabm,

1885 2578 1976 2646 qui
2011 2588 2096 2632 est
2123 2586 2274 2649 pater
2295 2579 2535 2632 omnium
2576 2591 2821 2636 nostrum
2849 2584 3011 2652 (sicut
3033 2587 3292 2656 scriptum
3327 2599 3447 2646 cst:

1885 2668 2020 2735 Quia
2054 2678 2261 2738 patrem
2297 2671 2584 2725 multarum
2621 2673 2860 2743 gentiutn
2885 2675 3034 2742 posui
3067 2677 3138 2749 te)
3173 2689 3298 2734 ante
3324 2695 3450 2737 eum

1885 2760 1968 2814 cui
2003 2760 2232 2814 credidit
2267 2761 2381 2831 (85)
2416 2761 2616 2827 Deum,
2670 2764 2760 2832 qui
2807 2765 3042 2820 viviticat
3091 2780 3369 2837 mortuos,
3395 2781 3451 2824 et

1885 2861 2042 2907 vocat
2064 2866 2125 2906 ea
2151 2867 2270 2922 quae
2305 2867 2408 2908 non
2441 2864 2598 2919 sunt,
2634 2862 2886 2928 tanquam
2918 2873 2980 2913 ea
3010 2875 3131 2928 qua:
3161 2861 3286 2916 sunt
3316 2861 3383 2918 ⁸⁸.
3426 2881 3444 2912 ι

1885 2943 1941 2998 In
1998 2943 2370 3013 superioribus
2418 2945 2819 3003 distinctionem
2884 2948 3032 3005 dedit
3079 2953 3342 3007 mercedis
3393 2963 3450 3008 et

1882 3033 2090 3102 gratim,
2129 3034 2316 3088 dicens
2345 3037 2648 3090 mercedem
2675 3053 2786 3092 rem
2830 3038 2996 3094 debiti
3028 3055 3180 3104 esse;
3219 3042 3446 3110 gratiam

1885 3133 2065 3179 autem
2097 3124 2294 3181 nullius
2325 3141 2442 3181 esse
2474 3128 2673 3193 debiti,
2701 3129 2793 3183 sed
2826 3129 3210 3185 benevolentiae
3240 3132 3448 3187 beneﬁ-

1884 3214 2048 3268 cium.
2109 3213 2174 3270 Et
2221 3216 2272 3270 iu
2307 3217 2556 3285 praesenti
2602 3235 2731 3289 ergo
2781 3220 2902 3275 loco
2935 3224 3226 3277 ostendere
3265 3225 3449 3280 volens

1883 3304 2050 3359 Deum
2094 3305 2460 3362 hereditatem
2514 3310 2932 3379 promissionum
2985 3330 3090 3368 non
3146 3331 3210 3369 ex
3243 3316 3447 3382 debito,

1882 3398 1976 3451 sed
2006 3413 2102 3468 per
2131 3400 2358 3469 gratiam
2401 3401 2533 3455 dare
2553 3441 2568 3466 ,
2621 3402 2751 3456 dicit
2795 3404 2920 3473 quia
2973 3405 3260 3462 hmreditas
3283 3424 3310 3460 a
3339 3409 3448 3467 Deo

1884 3487 1966 3542 his
1991 3488 2085 3556 qui
2117 3492 2378 3556 credunt,
2409 3505 2516 3545 non
2546 3504 2610 3544 ex
2649 3493 2914 3547 mercedis
2951 3494 3166 3560 debito,
3198 3497 3290 3551 sed
3326 3499 3448 3554 ﬁdei

1884 3595 2107 3636 munere
2133 3581 2480 3636 concedatur.
2543 3580 2699 3635 Sicut
2738 3585 2881 3636 enim
2912 3583 2992 3654 (ut
3021 3587 3249 3655 exempli
3284 3605 3447 3644 causa

1884 3671 2136 3742 dixerim)
2174 3673 2276 3726 hoc
2301 3674 2441 3740 quod
2490 3672 2830 3728 subsistimus
2857 3657 2985 3728 -non
3017 3686 3193 3745 potest
3225 3680 3447 3751 intelligi

1883 3765 2036 3833 quasi
2075 3763 2186 3833 (84)
2229 3778 2292 3818 ex
2334 3764 2514 3832 operis
2557 3766 2723 3819 nostri
2770 3768 3017 3820 mercede
3069 3771 3447 3842 subsistamus,

1884 3855 1976 3910 sed
2013 3855 2294 3908 evidenter
2325 3854 2413 3908 Dei
2465 3870 2658 3910 munus
2692 3867 2772 3910 est
2801 3858 2941 3926 quod
2976 3875 3192 3924 sumus,
3245 3873 3298 3916 et
3324 3881 3449 3934 gra-

1887 3949 1956 4003 tia
1979 3945 2284 4002 Conditoris
2305 3986 2320 4010 ,
2363 3947 2452 4015 qui
2493 3961 2613 4001 esse
2641 3963 2736 4002 nos
2763 3949 2928 4002 voluit
2961 3968 2974 4004 :
3014 3953 3084 4006 ita
3114 3962 3167 4007 et
3201 3955 3246 4009 si
3275 3957 3449 4012 luere-

1885 4037 2106 4092 ditatem
2136 4038 2552 4107 promissionum
2587 4039 2676 4094 Dei
2703 4041 2976 4109 capiamus
2997 4082 3010 4108 ,
3045 4045 3238 4101 divinae
3261 4049 3448 4118 gratiae

1884 4137 1986 4188 est,
2023 4142 2128 4181 non
2159 4127 2382 4193 alicujus
2415 4128 2582 4183 debiti
2614 4140 2704 4184 aut
2729 4131 2909 4200 operis
2945 4149 3169 4190 merces.
3215 4139 3366 4205 Quod
3402 4139 3448 4194 si

1883 4217 2023 4272 forte
2044 4216 2289 4270 videatur
2319 4217 2418 4271 hoc
2456 4217 2626 4286 ipsum
2659 4221 2802 4288 quod
2832 4221 3028 4276 dicitur
3058 4240 3121 4276 ex
3157 4224 3292 4290 title,
3341 4243 3446 4281 non

1883 4324 2004 4365 esse
2029 4311 2228 4380 gratis,
2265 4311 2459 4379 quippe
2508 4311 2552 4364 si
2597 4312 2870 4367 olferenda
2920 4316 2991 4368 sit
3032 4315 3165 4368 fides
3201 4318 3349 4382 prius
3383 4319 3448 4373 ab

222 4416 320 4470 est,
349 4415 402 4459 et
426 4405 564 4459 iram
595 4414 867 4473 operatur,
893 4419 996 4456 non
1021 4410 1247 4472 possunt
1274 4404 1364 4472 qui
1389 4419 1454 4457 ex
1485 4403 1600 4472 ipsa
1629 4409 1776 4465 sunt,
1814 4420 1855 4474 ι)
1885 4402 2120 4466 homine,
2151 4411 2206 4456 et
2235 4402 2302 4456 ita
2331 4417 2358 4454 a
2394 4401 2502 4456 Deo
2527 4405 2700 4471 gratia
2727 4407 3083 4473 promerendo
3119 4423 3133 4459 :
3164 4409 3286 4462 audi
3311 4424 3446 4476 quo-

221 4497 457 4551 lueredes
485 4511 608 4550 esse
629 4538 644 4556 ,
681 4496 774 4550 sed
805 4494 875 4549 illi
905 4495 992 4564 qui
1027 4504 1154 4548 sunt
1181 4510 1245 4548 ex
1279 4495 1394 4566 lege
1421 4493 1538 4548 fidei
1567 4511 1580 4548 :
1614 4492 1781 4563 528

225 4588 340 4643 fidei
370 4597 548 4641 autem
582 4587 722 4640 illius
754 4601 821 4640 ex
847 4601 951 4655 qua
992 4584 1318 4653 justiticatus
1365 4594 1447 4640 cst
1483 4585 1778 4638 Abraham.

187 4701 190 4708 -
225 4680 324 4731 Sed
359 4678 586 4732 fortasse
623 4678 866 4744 requirat
913 4677 1114 4746 aliquis
1165 4676 1432 4743 quomodo
1462 4690 1564 4728 non
1605 4686 1658 4728 et
1689 4673 1778 4743 qui

227 4769 317 4822 sub
356 4768 470 4838 lege
504 4768 671 4841 Moysi
723 4777 839 4828 est.
890 4771 990 4821 sub
1042 4766 1156 4834 lege
1206 4764 1326 4820 fidei
1360 4779 1480 4819 esse
1511 4764 1778 4830 videatur,

226 4875 340 4915 cum
375 4861 633 4930 scriptum
663 4861 735 4915 sit
779 4861 830 4913 in
861 4858 1048 4914 Exodo
1083 4874 1097 4912 :
1137 4875 1158 4910 ι
1189 4855 1427 4911 Credidit
1476 4865 1654 4908 autem
1682 4871 1780 4924 po-

293 4996 334 5028 “
362 4999 518 5052 Rom.
543 5014 616 5060 tv,
647 5000 734 5052 15.
809 4997 853 5030 ¹⁶
885 4996 903 5050 1
935 4996 1074 5051 Tim.
1103 5012 1139 5052 t.
1173 4997 1228 5058 9,
1263 4995 1350 5048 10.

227 5081 316 5130 xtt,
363 5068 452 5121 44.
556 5069 598 5099 ⁸³
631 5066 786 5122 Joan.
823 5083 933 5130 xtv,
964 5068 1020 5122 9.
1119 5067 1164 5097 ³⁸
1203 5065 1356 5119 Rom.
1397 5062 1587 5129 tv,16,
1627 5062 1712 5116 l7.

290 5182 399 5250 ('76)
440 5182 602 5245 Editi,
639 5200 658 5232 ι
693 5182 1007 5250 prohibetur
1034 5191 1090 5236 et
1121 5189 1328 5250 peccat.
1363 5199 1381 5231 ι

292 5246 400 5320 (71)
443 5253 532 5306 Sic
581 5246 770 5306 omnes
819 5266 988 5320 mss.,
1042 5246 1296 5320 Italianus
1339 5260 1393 5304 et
1437 5246 1779 5303 Salodiantts.

230 5319 410 5373 Caeteri
435 5335 563 5375 vero
595 5321 746 5386 editi,
783 5319 934 5374 «Non
963 5320 1064 5374 etsi
1093 5319 1259 5390 Moysi
1293 5321 1463 5390 legem
1494 5330 1780 5388 ponamus,

230 5391 496 5450 continuo,
529 5409 546 5439 ι
587 5399 694 5444 etC.

292 5459 400 5526 (78)
441 5459 516 5512 Ita
561 5458 852 5524 Rabanus;
896 5458 1025 5512 editi
1073 5473 1203 5513 vero
1260 5467 1314 5512 ct
1361 5472 1491 5511 mss.
1539 5456 1781 5526 quidam,

237 5525 382 5580 tuon
437 5529 694 5596 petierint
747 5527 1092 5582 concubitum
1143 5526 1480 5596 muliebrem.
1518 5544 1535 5574 ι
1591 5525 1781 5580 (ἐωιρτξ

234 5611 347 5648 tnss.
387 5593 580 5665 nostri,
623 5616 640 5647 ι
676 5611 779 5665 non
809 5597 1237 5664 concupiverunt
1270 5615 1288 5647 ι
1319 5593 1441 5665 [al.,
1478 5611 1496 5645 t
1517 5609 1639 5657 ,non
1663 5609 1782 5650 con-

232 5664 509 5728 t'ttpierittll
544 5664 891 5721 concubitum
921 5665 1263 5721 muliebrem.
1301 5683 1322 5716 ›

1430 4986 1481 5029 li
1500 4993 1651 5044 Rom.
1694 5007 1754 5057 tt,
1791 4992 1878 5051 Μ,
1915 4993 2001 5046 15.

1813 5063 1854 5092 ³³
1890 5061 1907 5116 Ι
1931 5061 2054 5116 Cor.
2082 5075 2182 5124 xu,
2209 5058 2263 5112 8.

1883 4495 2040 4548 modo
2077 4494 2129 4547 in
2175 4491 2296 4547 aliis
2325 4492 2489 4546 etiam
2525 4493 2590 4547 de
2621 4493 2722 4548 hoc
2759 4493 2896 4546 idem
2926 4494 3220 4562 Apostolus
3267 4497 3445 4554 docet.

1883 4583 2089 4639 Etenim
2141 4583 2229 4637 ubi
2273 4595 2552 4639 enumerat
2598 4584 2736 4638 dona
2785 4584 3024 4652 Spiritus
3049 4586 3130 4648 “,
3165 4601 3284 4654 quae
3319 4587 3446 4642 dicit

1879 4673 2179 4727 secundum
2213 4687 2518 4726 mensuram
2555 4672 2672 4726 lidei
2698 4673 3048 4727 credentibus
3073 4674 3224 4738 dari,
3264 4675 3333 4728 ibi
3371 4675 3446 4729 in.

1881 4769 1961 4815 ter
1991 4771 2187 4816 caetera
2225 4760 2386 4815 etiam
2423 4761 2618 4815 donum
2651 4761 2773 4816 ﬁdei
2819 4763 3015 4817 asserit
3059 4776 3156 4833 per
3186 4763 3445 4834 Spiritum

1882 4861 2124 4908 sanctum
2169 4851 2351 4905 tribui.
2409 4850 2536 4907 Post
2587 4852 2752 4905 multa
2783 4868 3016 4922 namque
3065 4857 3138 4909 ita
3188 4857 3351 4909 etiam
3383 4856 3451 4911 de

2100 4990 2142 5020 ¹⁶
2172 4989 2338 5042 Exod.
2368 5002 2480 5053 xw,
2522 4987 2614 5042 5i.
2709 4989 2751 5022 "
2781 4987 2940 5044 Joan.
2970 5004 3024 5055 v,
3055 4989 3143 5045 46.
3221 4989 3263 5022 ⁸⁸
3291 4987 3446 5045 Joan.

1954 5173 2066 5242 (79)
2104 5174 2276 5238 Alias,
2309 5190 2328 5224 ι
2363 5173 2450 5241 qui
2483 5169 2646 5225 videt.
2683 5191 2701 5223 ι

1971 5238 2062 5298 80)
2101 5242 2189 5297 Se.
2229 5238 2392 5297 Deest
2414 5244 2465 5295 itt
2497 5249 2656 5294 antea
2683 5238 2864 5295 editis.

1971 5246 2062 5310 80)
2101 5246 2189 5297 Se.
2229 5246 2388 5297 Deest
2414 5246 2465 5295 in
2497 5257 2543 5293 at

1948 5246 2061 5438 ἓ81)
2101 5313 2269 5393 A‘lias,
2313 5331 2331 5363 ι
2367 5312 2482 5392 ηυξ.
2525 5328 2543 5361 ι

1976 5383 2063 5438 82)
2105 5383 2272 5438 Altas,
2316 5399 2334 5432 t
2369 5395 2483 5438 aut.
2521 5399 2538 5428 ι

1976 5383 2063 5448 82)
2105 5383 2272 5442 Alias,
2316 5399 2334 5432 t
2369 5381 2483 5449 qui.
2521 5399 2538 5428 ι

1881 5522 1931 5578 d.
2099 5439 2269 5516 Alias,
2303 5469 2322 5502 ί
2345 5439 2471 5505 ante
2497 5449 2662 5503 Deum
2689 5448 2774 5504 cui
2807 5448 3081 5502 credidisti
3103 5467 3148 5514 ,2
3169 5448 3264 5513 aL,
3301 5464 3457 5505 «creo-

1919 5539 1950 5574 ι(
1979 5532 2038 5574 tt.
2070 5539 2088 5570 ι

1919 5523 2038 5574 itlit.
2070 5539 2088 5570 ι

1955 5590 2064 5658 (84)
2105 5586 2242 5639 Editi
2272 5596 2341 5668 oet
2373 5601 2506 5642 mss.
2539 5586 2740 5656 plures,
2779 5607 2798 5640 t
2831 5589 2957 5658 quia
2989 5606 3032 5645 ι.
3065 5587 3284 5645 Rectius
3317 5604 3451 5643 mss.

1883 5673 2041 5720 unus,
2076 5676 2094 5708 ι
2131 5671 2307 5720 quast.
2341 5674 2359 5706 ι
