3974 6206
244 315 355 372 977

1209 317 1568 404 COMMEN'I‘.
1595 319 1678 373 ἸΝ
1723 319 1938 377 EPIST.
1976 323 2067 377 AD
2109 321 2275 378 BOM.
2319 322 2445 376 LIB.
2484 319 2573 375 Ν.

3408 325 3514 381 διε

245 457 368 496 eam
406 440 562 496 ﬁdem
618 455 783 508 quam
837 440 1028 494 habuit
1086 443 1361 495 Abraham
1397 453 1554 512 pater
1593 453 1821 499 noster:
1856 457 1900 510 Α
1931 445 2056 499 bum
2101 445 2218 508 Dei,
2274 460 2450 514 neque
2502 458 2724 498 suavem
2775 444 3000 497 odorem
3056 443 3242 513 ospiat
3282 442 3510 508 Christi,

249 543 306 585 ut
343 549 449 586 non
503 535 638 586 duos
670 533 924 600 populos,
959 549 1126 586 unum
1155 549 1219 587 ex
1259 536 1392 597 tide,
1445 544 1502 587 et
1549 534 1714 588 alium
1763 551 1827 590 es

245 627 364 695 lege
397 624 644 678 iudicare
691 625 965 689 videatur,
996 626 1091 678 sed
1140 641 1304 678 unum
1353 635 1521 695 atque
1555 625 1830 688 eumdem,

245 715 339 785 qui
373 731 479 768 non
511 715 685 770 solum
713 730 779 768 ex
809 716 927 785 lege
953 717 1194 770 naturali
1228 733 1332 787 qua
1359 731 1554 771 onmes
1586 717 1833 771 homines

242 819 497 872 utuntur,
532 809 625 862 sed
658 823 721 862 ex
749 809 852 863 lide
885 809 1040 877 cujus
1069 811 1342 864 Abraham
1385 822 1580 865 auctor
1600 809 1827 875 exstitit,

237 900 458 966 placeat
484 899 592 952 Deo
628 922 639 953 :
676 915 783 968 quo
831 901 1044 955 scilicet
1097 904 1372 965 ostendat,
1425 903 1569 972 quod
1621 903 1663 957 si
1697 903 1825 972 quis

241 992 446 1045 habeat
478 991 687 1060 integra
720 992 900 1045 omnia
936 1008 1056 1062 qua:
1089 993 1171 1048 lex
1215 996 1403 1049 edocet
1438 997 1726 1061 naturalis,
1774 1007 1831 1051 et

238 1082 295 1134 in
330 1081 483 1133 nullo
517 1096 642 1134 eum
694 1082 904 1148 peccati
933 1084 1271 1138 conscientia
1307 1086 1683 1152 reprehendat,
1721 1102 1827 1139 non

237 1182 426 1225 tamen
463 1173 665 1228 habeat
696 1173 867 1226 etiam
915 1173 1039 1228 ﬁdei
1073 1175 1330 1242 gratiam,
1361 1191 1466 1228 non
1513 1191 1670 1244 posse
1705 1190 1827 1230 eum

230 1265 553 1334 justiﬁcari.
585 1265 747 1320 Fides
787 1266 929 1320 enim
961 1277 1066 1332 est,
1086 1282 1207 1336 quae
1234 1257 1298 1320 ad
1327 1268 1593 1337 justitiam
1617 1282 1828 1338 reputa-

235 1367 351 1413 tur.
389 1358 456 1410 Et
487 1359 589 1412 hoc
639 1359 800 1413 modo
852 1357 1038 1412 habita
1098 1359 1382 1415 distinctio
1415 1361 1593 1416 reddit
1627 1363 1828 1417 intelli-

234 1451 485 1520 gentiam
510 1451 808 1520 planiorem
844 1469 856 1503 :
890 1462 1053 1520 atque
1089 1467 1150 1504 ea
1171 1469 1290 1522 qua:
1313 1454 1588 1508 contraria
1632 1464 1826 1524 putau-

235 1552 348 1605 tur,
380 1557 621 1596 consona
644 1559 764 1596 esse
791 1544 960 1598 etsibi
984 1545 1214 1597 invicem
1235 1544 1617 1598 concordantia
1636 1548 1826 1614 depre-

235 1637 576 1690 henduntur.
601 1634 673 1688 De
704 1637 1016 1690 diversitate
1040 1645 1216 1689 autem
1248 1636 1446 1706 legum,
1475 1639 1618 1705 quod
1653 1639 1702 1692 itt
1726 1641 1824 1694 hac

239 1727 528 1794 praecipue
555 1725 792 1794 Epistola
811 1742 952 1794 srcpe
976 1727 1269 1795 Apostolus
1293 1726 1458 1778 etiam
1487 1728 1720 1782 latenter
1769 1740 1825 1783 et

1941 553 2114 606 neque
2155 548 2333 605 gustet
2371 540 2569 592 bonum
2602 535 2694 589 Dei
2741 535 2965 590 verbum
2987 533 3056 600 “,
3089 550 3267 604 neque
3320 551 3519 592 manus

1937 626 2054 694 ejus
2081 636 2415 696 pertractent
2453 627 2520 680 de
2543 625 2705 680 verbo
2737 627 2859 679 vita:
2887 625 2953 691 ",
2984 624 3294 694 huiusmodi
3340 627 3502 680 Immi-

1940 733 2035 771 nes
2068 718 2260 771 merito
2317 718 2513 771 mortui
2571 716 2928 786 appellantur.
2979 715 3139 770 Tales
3182 716 3380 771 invenit
3417 733 3507 771 nos

1938 809 2204 862 adventus
2235 807 2458 870 Christi,
2497 808 2590 863 sed
2617 807 2905 862 viviﬁcavit
2936 822 3033 876 per
3061 806 3298 874 gratiam
3333 824 3510 872 suam,

1937 898 2079 952 sicut
2118 907 2171 950 et
2197 896 2328 951 alibi
2360 898 2490 951 dicit
2523 897 2664 951 idem
2703 896 3004 964 Apostolus
3035 914 3048 949 :
3087 915 3103 947 ι
3141 895 3204 950 Et
3239 913 3338 951 nos
3389 915 3508 950 eum

1939 989 2136 1042 mortui
2191 1003 2434 1042 essemus
2487 987 2701 1043 delictis
2748 997 2806 1042 et
2831 988 3065 1056 peccatis
3094 988 3317 1052 nostris,
3348 987 3506 1042 simul

1935 1096 2057 1135 cum
2090 1081 2181 1134 illo
2215 1079 2556 1134 resuscitatit
2591 1093 2688 1134 nos
2721 1079 2787 1132 “.
2832 1099 2848 1131 ι
2883 1078 2972 1133 \‘is
2999 1089 3176 1132 autem
3213 1080 3307 1134 tibi
3362 1091 3414 1134 et
3446 1083 3511 1138 dt

1937 1173 2235 1243 Srripturis
2270 1171 2606 1242 propheticis
2661 1171 2952 1241 approbari
2989 1175 3134 1242 quod
3177 1188 3369 1227 omnes
3418 1174 3510 1242 qui

1938 1267 2079 1322 idola
2105 1266 2311 1329 colunt,
2337 1274 2390 1320 et
2417 1266 2699 1321 conﬁdunt
2727 1267 2780 1319 in
2803 1265 2906 1330 eis,
2957 1266 3157 1320 mortui
3187 1264 3358 1319 sunt?
3385 1265 3509 1320 audi

1936 1358 2105 1413 David
2134 1357 2407 1427 quomodo
2437 1357 2608 1412 dicit:
2643 1376 2660 1408 ι
2695 1357 2995 1412 Simulacra
3034 1356 3273 1427 gentium
3311 1371 3510 1424 argen-

1936 1461 2047 1504 tum
2065 1460 2120 1505 et
2142 1465 2357 1511 aurum,
2384 1463 2544 1517 opera
2573 1463 2828 1502 manuum
2856 1448 3158 1503 hominum.
3184 1449 3258 1502 Os
3279 1447 3508 1514 habent,

1933 1547 1988 1591 et
2012 1553 2116 1591 non
2150 1537 2445 1606 loquentur
2478 1553 2490 1588 :
2521 1536 2707 1591 oculos
2736 1538 2957 1600 habent,
2987 1546 3043 1592 et
3077 1553 3182 1594 non
3215 1538 3503 1593 videbunt:

1934 1646 2098 1685 aures
2131 1631 2349 1696 habent,
2392 1639 2448 1683 et
2487 1646 2589 1682 non
2627 1629 2942 1683 audient".
2974 1649 2992 1680 ι
3024 1628 3090 1684 Et
3116 1638 3235 1695 post
3262 1630 3507 1700 aliquan.

1935 1733 2025 1776 ta:
2072 1741 2089 1772 ι
2133 1722 2372 1785 Similes,
2401 1721 2772 1796 impun/iant
2810 1721 2890 1775 eis
2933 1722 3025 1789 qui
3065 1721 3273 1777 faciunt
3305 1737 3392 1788 ea,
3446 1731 3502 1778 et.

229 1814 624 1870 subitoabalia
643 1816 881 1869 adultam
903 1816 1071 1884 legem
1091 1816 1358 1869 sermonis
1373 1817 1618 1871 ordinem
1637 1831 1823 1886 mutet,
1860 1815 1902 1869 Β
1933 1828 2124 1867 manes
2150 1813 2240 1881 qui
2275 1813 2554 1866 c0uliduut
2583 1811 2634 1864 itt
2661 1815 2760 1865 eis.
2794 1831 2814 1863 ι
2835 1810 2996 1867 Vides
3020 1823 3260 1868 mortuos
3287 1829 3424 1879 esse,
3453 1824 3507 1870 et

231 1908 558 1976 frequenter
579 1909 941 1975 ostendimus,
972 1920 1021 1963 et
1046 1909 1234 1962 eadem
1265 1911 1469 1964 iterare
1487 1911 1823 1979 superﬂuum

227 2009 342 2052 est.
379 1998 526 2052 Bene
549 2007 728 2052 autem
763 2000 828 2052 de
873 1999 1144 2052 Abraham
1177 2015 1282 2053 non
1311 1999 1444 2053 dixit
1483 2019 1494 2052 :
1530 1999 1689 2053 Pater
1711 2016 1827 2056 om-

230 2090 428 2153 nium,
480 2089 571 2143 sed
616 2090 734 2143 ait:
777 2109 793 2140 ι
830 2089 990 2144 Pater
1030 2093 1269 2144 omnium
1311 2101 1558 2146 nostrum
1588 2092 1666 2157 “;
1711 2113 1728 2143 ι
1773 2094 1825 2146 id

227 2193 344 2246 est,
389 2198 495 2234 non
525 2182 617 2248 qui
655 2197 718 2234 ex
759 2181 873 2249 lege
911 2182 1332 2248 descendimus,
1375 2183 1468 2237 sed
1507 2185 1598 2252 qui
1627 2199 1690 2237 cx
1722 2185 1827 2238 ﬁde

227 2291 258 2324 τι
297 2272 428 2340 lege
461 2272 808 2326 Succcdimus
853 2273 988 2343 (90).
1053 2273 1116 2326 Et
1161 2275 1290 2342 quia
1333 2275 1574 2328 omnium
1605 2277 1695 2344 qui
1726 2277 1826 2330 hu-

223 2364 475 2434 jttsntodi
501 2371 630 2416 sunt
653 2373 804 2428 pater
834 2373 940 2428 est,
973 2366 1171 2418 merito
1209 2366 1584 2433 promissionis
1630 2368 1825 2423 divina:

228 2456 578 2510 sententiam
610 2455 659 2506 in
690 2458 1158 2524 consequentibus
1177 2458 1354 2526 posuit
1383 2459 1568 2514 dicens
1594 2475 1607 2512 :
1629 2479 1647 2512 t
1673 2461 1825 2517 Sicut

227 2550 506 2616 scriptum
535 2557 619 2600 est
644 2563 658 2602 :
688 2547 823 2613 Qttia
848 2561 1054 2618 patrem
1084 2551 1376 2604 multarum
1399 2554 1640 2619 gentium
1670 2557 1821 2623 posui

229 2647 308 2698 te,
336 2647 470 2688 ante
503 2651 624 2688 eum
663 2637 748 2688 cui
785 2638 1016 2691 credidit
1054 2639 1218 2691 Deum
1245 2639 1314 2692 “.
1361 2660 1378 2692 ι
1417 2640 1472 2695 Si
1514 2657 1644 2713 ergo
1670 2654 1824 2714 pater

231 2729 463 2781 futurus
517 2743 639 2781 esse
693 2728 1033 2797 promittitur
1096 2730 1389 2784 multarum
1423 2737 1686 2802 gentium,
1717 2753 1821 2791 non

229 2821 522 2873 immerito
551 2831 706 2888 pater
731 2831 782 2874 et
823 2836 1012 2874 eorum
1043 2825 1134 2892 qtti
1165 2841 1228 2878 ex
1260 2828 1533 2894 gentibus,
1561 2837 1613 2882 et
1635 2844 1820 2882 eorum

227 2912 324 2979 qui
357 2927 424 2964 ex
450 2913 872 2966 circumcisione
903 2915 1157 2981 veniunt,
1211 2919 1541 2972 nominatur.
1572 2921 1633 2974 Et
1673 2931 1823 2975 recte

229 3003 451 3056 addidit
478 3021 540 3056 ex
591 3021 687 3056 sua
741 3007 1195 3074 interpretatione
1251 3011 1540 3076 Apostolus
1577 3029 1588 3063 :
1625 3033 1642 3063 ι
1685 3015 1823 3068 Ante

229 3111 362 3148 eum
401 3095 490 3148 cui
531 3097 759 3148 credidit
813 3098 975 3149 Deum
1011 3116 1023 3149 :
1071 3118 1088 3150 ι
1127 3100 1228 3152 hoc
1256 3111 1361 3166 est,
1407 3115 1560 3170 pater
1616 3105 1820 3171 positus

1933 1903 2140 1959 similes
2169 1904 2484 1960 simulacris
2505 1903 2729 1957 cll‘ectos
2753 1918 2848 1958 eos
2896 1903 2989 1973 qui
3018 1904 3203 1959 colunt
3230 1919 3291 1958 ea
3327 1915 3383 1958 et
3413 1907 3506 1974 qui

1931 1999 2215 2053 conﬁdunt
2270 1999 2320 2052 in
2381 1999 2481 2053 eis.
2519 1997 2671 2054 Unde
2713 1999 3026 2067 diligentius
3085 1999 3398 2054 intueamur
3459 2001 3503 2054 si

1931 2091 2072 2146 forte
2104 2091 2248 2145 sicut
2294 2092 2346 2144 hi
2389 2091 2479 2159 qtti
2517 2091 2700 2144 colunt
2730 2090 2870 2143 idola
2904 2099 2958 2142 et
2989 2091 3262 2143 conﬁdunt
3297 2093 3348 2142 in
3401 2092 3503 2154 eis,

1930 2183 2133 2238 similes
2163 2185 2242 2237 eis
2273 2183 2386 2235 lteri
2417 2182 2802 2236 dicunturzita
2837 2191 2888 2234 ct
2921 2181 2970 2233 hi
2999 2182 3086 2249 qui
3123 2196 3303 2234 verum
3337 2183 3500 2235 Deum

1929 2278 2135 2336 colunt,
2170 2284 2224 2328 et
2273 2275 2548 2329 conﬁdunt
2575 2275 2626 2326 in
2659 2288 2743 2336 eo,
2779 2273 2986 2328 similes
3014 2275 3062 2327 ei
3107 2277 3256 2327 liant.
3291 2275 3350 2328 lit
3403 2275 3502 2329 hoc

1927 2380 2010 2423 est
2044 2367 2293 2421 fortassis
2325 2365 2466 2435 quod
2501 2367 2552 2418 in
2607 2364 2772 2418 initiis
2806 2363 2985 2427 homo,
3019 2380 3139 2416 cum
3167 2366 3498 2434 propositum

1931 2459 2119 2512 luisset
2166 2469 2220 2511 ut
2252 2457 2317 2510 ad
2351 2457 2637 2527 imaginem
2670 2467 2726 2510 et
2755 2457 3164 2512 similitudinem
3199 2459 3289 2512 Dei
3327 2463 3499 2525 tieret,

1928 2550 1994 2603 ad
2049 2549 2336 2617 imaginem
2379 2539 2596 2614 quidem
2627 2545 2802 2602 lactus
2831 2557 2936 2614 est,
2989 2549 3286 2602 similitudo
3321 2563 3499 2606 autem

1928 2639 2090 2693 dilata
2119 2649 2201 2691 est
2234 2640 2304 2691 oh
2335 2638 2436 2692 hoc
2469 2647 2526 2690 ut
2556 2638 2704 2705 prius
2729 2638 3029 2699 conﬁderet
3061 2639 3112 2692 in
3140 2640 3325 2702 Deum,
3353 2649 3404 2692 ct
3428 2639 3500 2692 ita

1929 2731 2081 2785 ﬁeret
2128 2730 2321 2784 similis
2359 2730 2430 2794 ei,
2468 2739 2520 2783 ct
2555 2730 2667 2796 ipse
2693 2728 2904 2782 audiret
2934 2730 3058 2797 quia
3108 2728 3300 2782 similis
3334 2732 3380 2782 ei
3411 2731 3503 2783 tlet

1931 2826 2113 2878 omnis
2167 2827 2258 2894 qui
2312 2823 2540 2879 conlidit
2591 2822 2644 2875 itt
2693 2837 2837 2875 eum.
2889 2821 3011 2876 “me
3064 2838 3157 2890 per
3215 2836 3498 2874 excessum

1926 2918 2211 2984 quemdam
2242 2916 2563 2971 sociavimns
2588 2917 2670 2969 his
2703 2930 2822 2983 quae
2847 2917 2913 2968 de
2943 2914 3134 2967 tnortis
3168 2927 3368 2983 genere.
3392 2913 3502 2964 dia--

1928 3011 2226 3070 seruitutis,
2264 3019 2321 3060 ιιι
2378 3006 2722 3061 manifestius
2751 3007 2901 3060 ﬁeret
2933 3007 3130 3074 quibus
3163 3005 3332 3056 modis
3362 3004 3501 3056 licus

1929 3100 2172 3153 viviﬁcat
2216 3109 2478 3153 mortuos.
2525 3099 2714 3152 Sedet
2757 3099 2898 3167 quod
2943 3099 2994 3150 ιιι
3033 3097 3494 3164 consequentibus

228 3187 317 3240 est.
353 3186 652 3240 multarunt
693 3190 936 3255 gentium
965 3200 1092 3244 ante
1131 3192 1302 3260 ipsum
1338 3193 1504 3247 Deum
1529 3196 1611 3249 cui
1638 3198 1818 3252 credi-

1927 3193 2075 3253 dit-it,
2115 3212 2132 3242 ι
2174 3193 2235 3246 Et
2270 3201 2429 3247 vocat
2461 3207 2522 3245 ca
2549 3207 2667 3260 qua:
2695 3208 2798 3244 tton
2829 3199 2975 3254 suttt,
3013 3199 3265 3256 tanquam
3296 3204 3356 3240 ea
3381 3204 3499 3255 qua:

227 3281 334 3343 dit,
365 3279 524 3346 cujus
567 3282 980 3348 promissiones,
1013 3295 1066 3338 ct
1105 3301 1134 3339 a
1162 3302 1268 3356 quo
1312 3288 1650 3357 signaculum
1699 3290 1820 3345 ﬁdei

227 3372 281 3425 in
302 3372 729 3426 circumcisione
743 3377 1000 3444 suscepit.
1027 3377 1308 3442 Quomodo
1329 3395 1456 3449 ergo
1480 3382 1821 3437 circumcisio

227 3473 455 3530 patrem
499 3463 602 3516 sibi
654 3467 869 3532 proprie
921 3468 1166 3523 defendit
1221 3471 1495 3525 Abraham
1526 3475 1659 3542 (9t),
1699 3490 1818 3528 cum

229 3555 324 3607 ille
361 3556 481 3622 ipse
518 3553 676 3618 Dens,
705 3559 792 3624 qtti
825 3558 872 3612 ei
910 3560 1379 3616 circumcisionem
1414 3564 1580 3627 dedit,
1625 3566 1822 3620 multa-

231 3661 359 3698 rum
394 3661 520 3698 cum
549 3649 788 3714 gentium
820 3651 1330 3720 posueritpatrem?
1371 3654 1522 3720 Quod
1549 3656 1590 3706 si
1626 3656 1821 3722 aliquis

230 3739 343 3791 hoc
379 3738 447 3788 ad
483 3736 722 3791 lsmaelis
761 3743 1132 3806 posteritatem
1173 3742 1403 3796 voluerit
1454 3744 1533 3796 vel
1566 3746 1819 3797 Cethnrac

228 3840 585 3892 convertere,
615 3833 926 3886 oceurritei
960 3835 1106 3903 quod
1153 3836 1414 3905 scriptum
1451 3848 1536 3890 est
1567 3837 1649 3890 “z
1685 3838 1817 3903 Quia

233 3942 251 3972 ι
279 3922 683 3975 benedicentur
708 3924 758 3976 in
791 3934 841 3977 te
873 3940 1062 3980 onmes
1089 3927 1262 3980 tribtts
1282 3938 1490 3982 terrm.»
1518 3927 1628 3983 Hoc
1652 3933 1818 3984 etiam

229 4013 285 4067 ἱιι
327 4013 626 4082 Evangelia
657 4013 895 4070 Joannes
945 4018 1160 4071 ditt-bat
1221 4019 1370 4088 (9'2):
1403 4037 1420 4068 t
1452 4020 1588 4086 Quia
1627 4031 1818 4086 potens

227 4114 322 4158 est
351 4102 496 4156 Deus
518 4105 582 4158 de
605 4105 868 4174 lapidibus
889 4107 1003 4160 istis
1017 4109 1286 4162 suscitare
1314 4111 1450 4164 lilios
1471 4112 1698 4164 Abrahae
1717 4111 1778 4163 ⁸³.
1794 4130 1812 4162 ι

227 4192 466 4246 Addidit
499 4204 676 4248 autem
712 4196 764 4248 in
791 4197 1246 4265 subsequentibus
1269 4200 1349 4253 "'z
1391 4220 1410 4250 ι
1444 4201 1544 4266 Qui
1580 4201 1818 4256 vivilicat

229 4285 406 4354 53o
433 4295 693 4349 mortuos,
721 4298 772 4339 et
807 4301 963 4344 vocat
994 4308 1055 4345 ea
1098 4308 1216 4360 quae
1244 4309 1346 4344 non
1373 4302 1519 4357 sunt,
1559 4303 1816 4362 tanqttatn

229 4392 297 4430 ea
341 4391 469 4444 qua:
500 4389 645 4431 sunt.
687 4397 705 4428 ι
742 4378 982 4434 Mortuos
1017 4383 1104 4436 hic
1130 4384 1428 4437 secundum
1462 4384 1660 4437 anima:
1693 4399 1818 4451 pec-

1925 3295 2049 3338 snnt
2079 3285 2144 3350 ⁸⁰,
2188 3305 2206 3336 ι
2243 3287 2514 3354 quomodo
2545 3285 2769 3352 intelligi
2800 3282 3013 3346 debeat,
3043 3283 3342 3336 videamus.
3370 3278 3500 3334 [Vrec

1925 3387 2155 3444 quenter
2185 3387 2236 3428 et
2263 3376 2315 3429 in
2341 3377 2462 3430 aliis
2497 3377 2844 3445 exposuimus
2877 3375 3016 3440 quod
3055 3373 3194 3426 Deus
3219 3373 3371 3434 solus.
3413 3382 3498 3426 est.

1923 3470 2012 3536 qui
2047 3469 2213 3522 dicit:
2250 3489 2266 3518 ι
2301 3469 2411 3536 Ego
2447 3485 2562 3522 sum
2597 3467 2684 3534 qui
2724 3482 2842 3519 sum
2871 3467 2949 3530 ⁵¹ς
2994 3485 3010 3517 ι
3044 3478 3098 3519 et
3135 3482 3238 3519 una
3277 3477 3358 3520 est
3408 3464 3495 3519 illa

1925 3559 2015 3613 Dei
2049 3560 2353 3614 substantia
2384 3575 2502 3627 qua:
2534 3573 2750 3628 semper
2781 3569 2894 3623 est;
2929 3558 3011 3610 cui
3043 3558 3085 3610 si
3133 3559 3256 3625 quis
3303 3573 3360 3611 se
3395 3557 3494 3609 ad-

1918 3653 2182 3720 jnnxerit,
2217 3667 2352 3704 nmts
2384 3651 2442 3703 ﬁt
2482 3665 2605 3703 cum
2641 3663 2705 3702 eo
2738 3648 2960 3716 spiritus
2980 3649 3048 3713 ",
3101 3658 3155 3701 et
3201 3663 3296 3716 per
3344 3646 3494 3700 illum

1921 3745 2012 3810 qni
2068 3759 2286 3812 semper
2312 3753 2416 3806 est,
2455 3742 2620 3795 etiam
2673 3741 2786 3809 ipse
2825 3753 2946 3794 esse
2977 3740 3197 3792 dicitur.
3237 3736 3336 3803 Qui
3365 3751 3494 3791 vero

1922 3835 2078 3902 longe
2097 3843 2179 3887 est
2208 3833 2274 3886 ab
2295 3847 2380 3895 eo,
2401 3846 2497 3885 nec
2528 3831 2869 3900 participium
2898 3830 3014 3894 ejus
3043 3827 3231 3893 sumit,
3265 3842 3329 3883 nc
3375 3841 3495 3882 esse

1924 3927 2141 3994 quidem
2173 3925 2396 3989 dicitur,
2427 3924 2570 3976 sicut
2601 3936 2818 3976 eramus
2842 3937 2941 3974 nos
2969 3933 3156 3989 gentes
3179 3921 3487 3991 priusquam

1920 4017 1986 4069 ad
2017 4017 2348 4084 agnitionem
2388 4015 2633 4069 veritatis
2681 4015 2877 4068 divina:
2909 4012 3244 4080 veniremus;
3275 4026 3325 4069 et
3373 4015 3493 4068 idco

1919 4105 2118 4161 dicitur
2151 4104 2296 4160 Dens
2328 4120 2522 4159 vocare
2556 4123 2574 4155 ι
2611 4117 2673 4157 ea
2702 4118 2824 4172 qnze
2849 4118 2951 4156 non
2971 4112 3117 4166 sunt,
3152 4114 3404 4171 tanquam
3431 4123 3492 4158 ea

1919 4213 2040 4268 qua:
2067 4207 2211 4251 sunt.
2260 4217 2277 4249 ι
2317 4195 2461 4251 Inter
2483 4213 2578 4251 eos
2605 4196 2750 4252 enim
2782 4197 2872 4264 qui
2902 4207 3047 4257 sunt,
3078 4196 3127 4249 id
3149 4205 3232 4248 est
3258 4198 3348 4264 qui
3375 4213 3495 4263 par-

1922 4289 2292 4358 ticipationem
2327 4291 2526 4344 habent
2556 4289 2779 4359 ejusqni
2809 4289 3285 4351 cst,Abrahant,ct
3323 4289 3490 4354 Istune,

1919 4390 1973 4434 et
2014 4379 2208 4445 Jacob,
2253 4393 2307 4436 et
2359 4383 2545 4436 caeteri
2594 4383 2769 4436 sancti
2813 4393 3196 4436 numerantur.
3243 4379 3393 4446 Quod
3445 4396 3489 4432 st

229 4480 423 4523 catum
481 4466 848 4538 intelligimus,
883 4474 1138 4542 quoniam
1177 4494 1193 4524 ι
1228 4475 1429 4538 anima,
1465 4475 1659 4542 inquit,
1693 4491 1814 4544 qua:
1848 4524 1890 4578 Β
1921 4483 2118 4543 gentes
2152 4474 2422 4528 credendo
2470 4475 2524 4527 in
2557 4475 2714 4526 tidem
2756 4473 2977 4525 veniunt
3007 4472 3258 4532 Abrahzc,
3298 4484 3492 4524 conse-

229 4569 457 4630 peccat,
493 4565 756 4616 morietur
779 4563 846 4622 “.
895 4585 914 4616 ι
964 4567 1117 4620 Sicut
1146 4567 1291 4620 enim
1325 4571 1377 4620 in
1411 4580 1583 4622 morte
1621 4582 1814 4637 corpo-

232 4651 340 4706 rali
373 4663 605 4720 pereunt
638 4669 847 4719 sensus,
872 4665 929 4708 ut
953 4672 1018 4710 ne
1041 4656 1164 4724 quis
1187 4657 1322 4708 ultra
1345 4671 1439 4723 per
1467 4671 1687 4725 corpus,
1722 4671 1815 4709 ne-

230 4758 349 4812 que
363 4743 630 4808 auditum,
649 4759 820 4812 neque
841 4747 1082 4809 odorem,
1098 4754 1418 4815 antgustum
1440 4746 1664 4816 recipiat
1679 4745 1815 4817 (95),

233 4837 324 4892 vel
355 4845 558 4888 tactum
591 4851 606 4888 :
650 4836 721 4889 ita
754 4849 803 4890 et
861 4839 952 4906 qui
990 4841 1266 4908 spiritales
1297 4854 1492 4894 sensus
1529 4838 1580 4892 in
1635 4840 1815 4893 anitna

234 4925 562 4994 perdiderit,
592 4939 648 4978 ut
681 4945 786 4979 non
822 4929 1000 4984 videat
1039 4931 1230 4997 Deum,
1259 4946 1438 4997 neque
1471 4929 1656 4984 audiat
1689 4944 1813 4984 ver-

314 5021 366 5087 e
394 5017 555 5072 Rom.
589 5035 663 5077 IV.
699 5021 786 5076 te.
865 5024 905 5054 ιι
941 5025 1073 5079 ibid.
1100 5025 1188 5078 Π.
1265 5025 1307 5056 δ’
1331 5023 1470 5077 Gen.
1503 5040 1606 5087 xu.
1631 5024 1684 5078 '5.

236 5090 286 5163 ξ⁶
323 5086 494 5163 μιζυτο
533 5104 604 5150 Π.
643 5090 705 5163 5;
775 5093 816 5122 ⁸⁷
847 5091 865 5145 Ι
901 5093 1056 5148 Jitan.
1094 5111 1131 5158 I,
1187 5095 1232 5150 Ι.
1329 5095 1374 5125 ⁸⁸
1400 5086 1598 5163 Ephes.
1645 5108 1708 5158 tl,
1741 5095 1795 5149 5.

235 5161 286 5191 ⁵³
321 5159 496 5211 ltior.
533 5173 606 5222 vt,
645 5161 728 5213 l7.

247 5278 250 5279 ν
316 5249 550 5322 (90)]ιιι
583 5251 735 5304 editi.
764 5252 885 5307 Mss.
923 5267 1077 5315 vero,
1120 5269 1138 5302 ι
1171 5253 1262 5306 sed
1287 5254 1376 5320 qui
1406 5268 1468 5306 ex
1497 5252 1601 5307 ﬁde
1621 5268 1683 5307 ac
1712 5253 1824 5322 lege

242 5319 616 5390 succedimus.
653 5340 671 5372 ι
708 5322 806 5376 Ms.
843 5339 1000 5381 unus,
1037 5339 1054 5369 ι
1089 5325 1182 5374 sed
1213 5319 1313 5390 qui
1346 5339 1408 5374 ex
1457 5323 1578 5376 lidei
1627 5341 1655 5375 ιι
1704 5319 1823 5390 lege

245 5389 631 5453 succedimus;
668 5411 685 5442 ι
723 5407 842 5458 qua:
869 5393 1032 5445 verba
1058 5394 1137 5443 sic
1162 5389 1523 5445 emcndantur
1552 5396 1602 5444 in
1632 5389 1822 5446 eodem

243 5459 470 5520 codice,
501 5476 519 5508 ι
555 5462 648 5512 sed
679 5464 768 5529 qui
818 5462 938 5514 ﬁdei
971 5477 1035 5514 es
1071 5463 1184 5527 lugu
1226 5466 1587 5514 succedimus.
1637 5482 1653 5514 ι
1689 5461 1816 5514 For-

248 5541 396 5579 tasse
435 5529 740 5597 legendum,
770 5533 891 5582 «sed
928 5533 1017 5596 qtti
1064 5547 1127 5582 ex
1165 5533 1265 5584 lide
1292 5532 1392 5598 legi
1427 5533 1816 5584 stttft'editlltISJ

324 5600 438 5663 (9|)
480 5601 764 5654 .lhruhum.
814 5602 970 5654 Deest
1009 5603 1058 5652 in
1104 5613 1262 5653 antea
1301 5603 1483 5660 editis,
1513 5602 1602 5667 qui
1637 5615 1819 5668 postea

251 5669 475 5726 ItalN'Itl,
517 5687 532 5715 ι
573 5683 694 5721 eum
733 5687 842 5739 ipse
881 5671 1022 5724 Deus
1063 5674 1152 5739 qui
1187 5688 1304 5725 eam
1348 5673 1818 5725 circumcistoncm

250 5739 420 5802 dedit,
451 5759 466 5786 ι
491 5750 594 5791 etc.

1760 5025 1806 5055 "
1837 5023 2030 5079 Matth.
2069 5042 2146 5088 nt,
2181 5025 2234 5079 9.

1871 5095 2066 5151 "Psal.
2089 5111 2245 5161 cxut,
2270 5095 2303 5148 4
2328 5109 2446 5163 seq.

1920 4576 2154 4636 quenter
2185 4568 2504 4635 prennntiat
2531 4565 2824 4635 Apostolus
2851 4567 2995 4633 qttod
3047 4564 3185 4616 Dens
3221 4571 3489 4616 vocaverit

1873 4714 1882 4720 _
1924 4677 1942 4707 ι
1975 4673 2036 4710 ea
2068 4673 2187 4725 qua:
2219 4673 2325 4710 non
2359 4665 2503 4720 sunt,
2538 4669 2796 4724 tanquam
2825 4670 2887 4708 ea
2923 4669 3046 4722 quae
3072 4663 3217 4707 sunt.
3257 4671 3274 4703 ι
3311 4649 3494 4703 Potest.

1923 4761 2100 4803 tamen
2134 4750 2299 4803 etiam
2337 4747 2468 4801 illud
2503 4748 2738 4809 adverti,
2765 4757 2821 4798 ttt
2849 4747 2900 4799 in
2945 4747 3043 4799 hoc
3074 4746 3193 4798 loco
3219 4761 3345 4812 erga
3375 4745 3488 4796 latt-

1921 4838 2016 4894 tles
2048 4838 2140 4892 Dci
2169 4839 2457 4908 Apostolus
2481 4837 2639 4891 latius
2672 4839 2918 4891 videatur
2943 4838 3165 4900 eliusns,
3198 4846 3252 4890 et
3281 4835 3489 4888 initium

1923 4930 2110 4999 prima:
2137 4928 2252 4995 ejus
2294 4937 2563 4982 creaturae
2595 4943 2715 4980 cum
2747 4928 3106 4982 admiratione
3131 4940 3489 4984 memorasse,

2309 5025 2352 5056 "°
2387 5023 2541 5078 lieni.
2566 5037 2636 5084 tv,
2671 5024 2757 5078 l7.
2837 5023 2879 5054 “
2909 5023 3102 5077 Ezccb.
3133 5038 3288 5086 xvttt,
3318 5020 3372 5085 4,
3398 5021 3489 5074 20.

2520 5093 2567 5125 '°
2593 5093 2748 5149 Itoni.
2786 5109 2855 5157 tv,
2889 5093 2975 5148 l7.
3027 5093 3066 5124 "
3093 5093 3259 5147 Exod.
3295 5107 3377 5156 ιιι,
3406 5091 3486 5146 li.

2000 5255 2113 5326 (92)
2155 5255 2246 5310 Sic
2274 5271 2373 5312 ms.
2407 5273 2569 5312 unus.
2594 5257 2784 5312 Czctert
2815 5272 2942 5312 vero
2972 5273 3102 5311 tntis.
3137 5267 3190 5310 et
3218 5254 3481 5312 Salodiani

1925 5327 2090 5378 editio
2123 5326 2318 5400 habent
2343 5345 2388 5400 ,ι
2424 5329 2681 5400 Dotttittus
2714 5327 2946 5380 dicebat.
2974 5346 2991 5377 ι
3024 5327 3301 5400 Merlinus,
3326 5328 3490 5380 um-

1928 5411 2048 5448 Inus
2078 5406 2131 5448 et
2170 5395 2574 5460 Cencbrardus,
2600 5416 2618 5446 ι
2650 5398 2885 5463 ll'aptista
2913 5399 3146 5450 dicebat.
3184 5415 3202 5447 ι

2000 5465 2113 5533 (95)
2155 5465 2245 5518 Sic
2290 5465 2562 5518 llabanus.
2611 5466 2738 5520 Μει».
2792 5482 2917 5518 vero
2961 5469 3153 5529 nostri,
3180 5485 3198 5516 ι
3234 5482 3332 5520 nec
3367 5467 3488 5533 quis

1930 5534 2048 5603 ειη..
2082 5543 2130 5606 et
2157 5550 2248 5586 nec
2299 5543 2458 5606 quis;
2492 5537 2589 5606 alr.,
2624 5548 2670 5606 et
2704 5553 2794 5589 nec
2820 5535 2968 5606 quid]
2996 5539 3131 5590 ultra
3169 5551 3263 5604 per
3289 5551 3485 5604 corpus

1932 5604 2139 5669 πιττίνη,
2165 5623 2182 5650 ι
2208 5613 2313 5656 etc.
2343 5604 2483 5656 Editi
2510 5605 2778 5664 similiter,
2808 5623 2826 5656 ι
2856 5617 2910 5658 et
2942 5604 3040 5659 nec
3071 5607 3224 5676 quis;
3255 5625 3272 5658 ι
3296 5607 3486 5660 deinde

1930 5681 2183 5724 tnntttuut
2218 5689 2234 5719 ι
2280 5689 2372 5740 per
2409 5693 2443 5746 r
2466 5682 2590 5726 ante
2639 5693 2656 5726 ι
2695 5691 2907 5746 torpus,
2942 5696 2958 5728 ι
2990 5687 3043 5732 ct
3076 5681 3271 5733 habent
3303 5696 3318 5728 t
3358 5687 3459 5728 udo

1933 5753 2109 5796 ratum
2141 5760 2158 5794 ι
2193 5757 2290 5810 pro
2326 5760 2344 5795 ι
2379 5744 2618 5800 odorem.
2657 5765 2676 5798 ι
