3974 6206
479 275 587 334 979

1956 277 2272 336 ORIGENIS

3622 285 3726 340 930

483 407 608 447 cum
637 406 705 448 ex
737 389 906 447 nihilo
931 403 1053 445 esse
1100 388 1230 443 fecit
1274 389 1550 459 universa,
1599 398 1656 448 et
1683 406 1747 448 ea
1777 407 1899 464 quae
1941 408 2046 448 non
2075 397 2122 454 Α
2151 405 2314 447 arena
2342 390 2506 446 maris
2530 390 2696 462 (l-),Et
2729 404 2831 446 non
2857 391 3166 446 infirmatus
3197 399 3282 446 est
3310 391 3433 456 fide,
3467 365 3567 446 nec
3598 409 3723 448 cort-

481 495 660 548 erant,
693 484 890 537 virtute
917 480 1172 550 potentia:
1205 494 1318 534 sua:
1345 489 1600 550 tanquam
1646 497 1765 552 quae
1789 491 1973 539 essent
1995 490 2051 538 ct

479 575 845 628 subsisterent
895 571 1183 626 evocavit:
1216 581 1272 626 et
1310 571 1383 627 ita
1417 573 1466 627 ei
1521 572 1573 628 in
1623 574 1862 628 creando
1916 572 2049 626 nihil

483 665 654 718 fuisse
685 661 918 730 difficile,
954 673 1012 716 ιιι
1035 678 1159 717 cum
1196 663 1331 718 nihil
1364 665 1674 732 exsisteret,
1723 666 1903 720 omnia
1921 665 2050 722 sub-

477 757 556 812 ito
607 765 794 808 vocata
815 755 886 808 ita
917 755 1216 811 adfuissent
1235 766 1486 826 tanquam
1508 771 1627 826 quae
1640 771 1852 826 semper
1875 757 2045 811 exsti-

478 845 645 900 terint
671 845 804 917 (94).
850 846 1001 914 Quod
1032 847 1076 902 si
1117 848 1241 916 quis
1272 848 1427 903 nobis
1462 847 1681 916 objiciat
1708 848 1857 903 illum
1897 849 2046 919 Apo—

475 937 598 991 stoli
628 952 958 1004 sermonem,
982 953 1146 1010 quem
1181 941 1249 994 ad
1299 939 1612 997 Corinthios
1643 941 1834 996 scribit
1855 941 1944 995 ubi
1967 941 2046 997 di-

476 1029 572 1092 cit,
602 1030 730 1098 quia
759 1051 778 1080 ‹
811 1032 1240 1100 contemptibilis
1267 1032 1450 1086 mundi
1469 1031 1628 1102 elegit
1653 1033 1818 1098 Deus,
1848 1043 1904 1086 et
1927 1047 2046 1100 qute

474 1135 580 1182 non
619 1129 766 1186 sunt,
809 1131 867 1174 ut
895 1137 956 1176 ea
1003 1137 1126 1192 quas
1164 1133 1290 1177 sunt
1323 1123 1650 1188 destrueret,
1697 1133 1758 1178 ut
1795 1137 1900 1178 n0n
1927 1124 2043 1193 glo-

477 1212 652 1266 rietur
687 1213 864 1267 omnis
893 1229 1022 1268 caro
1072 1229 1254 1268 coram
1289 1215 1456 1270 Deo"
1489 1231 1502 1269 :
1540 1235 1559 1267 ι
1584 1224 1640 1271 et
1669 1216 1813 1271 dicat
1845 1231 2044 1271 secun-

473 1301 600 1354 dum
635 1301 779 1356 hanc
831 1304 1222 1372 expositionem
1255 1321 1362 1360 non
1415 1307 1707 1362 convenire
1738 1315 1798 1362 ut
1839 1306 2042 1361 destrui

473 1394 730 1448 dicantur
755 1411 876 1463 quae
931 1403 1062 1450 sunt
1105 1411 1228 1451 cum
1275 1411 1338 1453 ea
1373 1412 1494 1464 quae
1543 1413 1651 1452 nnn
1696 1407 1826 1452 sunt
1871 1397 2042 1452 electa

470 1486 580 1540 sint
611 1486 747 1557 (95).
799 1489 1044 1543 dicemus
1088 1490 1154 1543 ad
1190 1490 1304 1544 hac
1330 1491 1457 1559 quia
1494 1493 1548 1545 in
1594 1490 1686 1546 illo
1735 1491 1855 1544 loro
1912 1490 2044 1545 alios

473 1579 609 1633 dixit
643 1592 737 1634 eos
759 1580 849 1648 qui
873 1589 1026 1643 sunt,
1049 1589 1103 1635 et
1137 1581 1272 1636 alios
1306 1582 1356 1636 in
1388 1584 1492 1636 hoc
1520 1583 1699 1650 capite
1727 1582 1779 1636 in
1806 1582 2042 1650 Epistola

472 1673 539 1723 ad
567 1670 866 1726 Romanos.
905 1671 1366 1726 Declaravitenim
1399 1675 1466 1727 ad
1490 1673 1799 1729 Corinthios
1826 1673 1951 1742 quia
1975 1672 2043 1728 de

2151 481 2410 536 sideravit
2439 496 2636 550 corpus
2683 498 2840 538 suum
2882 481 2996 552 jam
3041 491 3376 544 emortuum,
3429 498 3556 536 cum
3611 483 3727 541 fere

2148 583 2363 629 centum
2395 584 2541 628 esset
2566 573 2851 639 annorum,
2882 585 2936 629 et
2961 583 3267 628 emortuam
3305 573 3518 627 vulvam
3553 575 3724 631 Sara.»

2150 665 2203 720 lu
2232 667 2650 736 repromissione
2689 667 2852 720 etiam
2894 667 2987 722 Dei
3025 682 3130 721 non
3164 667 3436 720 haesitavit
3473 668 3724 722 diffiden~

2151 757 2222 812 tia
2265 757 2395 810 :sed
2426 755 2765 812 confortatus
2786 767 2871 813 est
2902 758 3008 812 lide
3033 797 3049 822 ,
3083 758 3216 812 dans
3243 758 3470 826 gloriam
3503 759 3640 822 Deo,
3671 776 3730 816 et

2146 847 2458 916 plenissime
2489 849 2668 903 sciens
2695 849 2819 918 quia
2866 863 3206 918 quaecunque
3230 850 3495 918 promisit,
3531 861 3725 919 potens

2146 947 2232 992 est
2266 947 2321 991 et
2360 939 2560 992 facere.
2592 939 2714 994 Ideo
2754 949 2809 993 et
2845 949 3151 1008 repulalum
3197 949 3279 994 est
3328 940 3401 994 illi
3446 943 3513 994 ad
3555 941 3721 1006 justi—

2150 1029 2276 1082 tiam
2329 1029 2444 1082 ⁸⁸.»
2503 1028 2727 1084 Videtur
2781 1030 2915 1084 mihi
2971 1033 3114 1100 quod
3177 1031 3316 1085 dixit
3381 1032 3722 1100 Apostolus,

2153 1137 2172 1171 ι
2204 1131 2392 1174 contra
2430 1135 2600 1190 spem,
2629 1140 2647 1173 ι
2685 1123 2970 1191 aspexisse
3020 1123 3148 1178 illud
3196 1124 3338 1192 quod
3397 1125 3454 1176 in
3521 1121 3720 1178 Genesi

2148 1210 2384 1265 refertur
2423 1212 2694 1266 Abraham
2748 1214 2952 1270 dixisse
3003 1215 3072 1269 ad
3114 1214 3395 1268 Dominum
3428 1228 3442 1266 :
3483 1231 3501 1264 ι
3535 1213 3718 1267 Domi-

2147 1311 2307 1356 nator
2329 1302 2580 1370 Domine,
2622 1305 2749 1372 quid
2785 1303 2917 1359 mihi
2941 1303 3133 1360 dabis?
3181 1303 3290 1373 Ego
3326 1315 3508 1359 autem
3540 1305 3722 1359 dimit-

2147 1404 2231 1451 tor
2259 1397 2376 1451 sine
2407 1395 2572 1450 filiis:
2608 1396 2694 1450 hic
2719 1404 2905 1449 autem
2948 1395 3089 1450 filius
3131 1395 3342 1450 Masech
3386 1397 3463 1466 (ἓ)
3516 1413 3720 1451 verna.

2145 1487 2280 1542 culas
2308 1503 2440 1541 mete
2467 1486 2763 1542 Damascus
2788 1487 3013 1542 Eliezer.
3044 1487 3108 1542 Et
3139 1489 3276 1542 dixit
3307 1487 3586 1542 Abraham
3621 1489 3720 1554 (3):

2145 1579 2410 1647 Quoniam
2437 1579 2566 1633 mihi
2590 1594 2694 1632 non
2725 1580 2919 1635 dedisti
2955 1596 3178 1645 semen,
3231 1583 3320 1636 hic
3372 1583 3711 1635 vernaculus

2145 1688 2297 1726 meus
2326 1672 2499 1725 haares
2536 1686 2687 1726 meus
2707 1671 2813 1726 crit
2847 1671 2913 1729 ⁵⁸.
2936 1690 2955 1724 ι
2990 1671 3064 1725 Ex
3096 1673 3290 1741 quibus
3317 1675 3503 1741 utique
3535 1675 3722 1727 verbis

474 1761 558 1816 his
587 1762 790 1816 diceret
826 1777 964 1831 quos
1011 1778 1175 1832 supra
1229 1774 1662 1820 enumeraverat.
1697 1740 1856 1817 Dixiti
1893 1763 2039 1818 enim
2073 1740 2114 1794 Β
2145 1764 2414 1818 Abraham
2461 1764 2528 1818 de
2579 1763 2703 1818 filiis
2747 1740 3122 1833 suscipiendis
3158 1740 3483 1832 intelligitur
3522 1767 3724 1833 despe-

467 1853 717 1921 superius
741 1853 828 1907 u:
869 1872 888 1905 ι
929 1854 1116 1909 Videte
1175 1855 1318 1909 enim
1369 1855 1704 1910 vocationem
1763 1865 2036 1920 vestram,

468 1945 687 2009 fratres,
709 1947 835 2014 quia
862 1960 966 2000 non
992 1945 1142 2001 multi
1164 1947 1436 2016 sapientes
1459 1946 1600 2001 inter
1624 1961 1717 2001 vos
1740 1947 2038 2001 secundum

471 2053 713 2101 carnem,
745 2053 846 2091 non
871 2037 1020 2092 multi
1041 2047 1285 2108 potentes
1331 2033 1465 2105 (96),
1491 2047 1600 2088 non
1620 2031 1774 2087 multi
1792 2035 2032 2092 nobiles:

468 2131 562 2184 sed
587 2145 708 2200 quae
739 2131 904 2184 stulta
939 2142 1066 2184 sunt
1104 2130 1285 2184 mundi
1323 2129 1485 2200 elegit
1517 2129 1678 2193 Deus,
1714 2140 1771 2182 ut
1809 2127 2040 2184 confun-

469 2222 559 2276 dat
585 2223 861 2292 sapientes
886 2234 971 2276 εει
999 2222 1213 2277 infirma
1242 2223 1429 2276 mundi
1458 2222 1619 2289 elegit
1650 2221 1810 2285 Deus,
1831 2230 1888 2274 ut
1911 2235 2041 2275 con-

468 2312 662 2367 fundat
713 2312 898 2366 fortia.
930 2331 948 2362 ι
981 2310 1137 2367 Sicut
1188 2327 1318 2384 ergo
1369 2311 1535 2366 stulta
1582 2312 1768 2366 mundi
1813 2312 2040 2381 elegisse

466 2403 602 2460 dicit
626 2403 823 2470 Deum,
859 2406 960 2459 hoc
1003 2415 1087 2460 est
1114 2415 1324 2476 gentes,
1360 2415 1419 2459 ut
1442 2404 1793 2460 confunderet
1821 2406 2038 2472 sapien-

467 2508 571 2562 tes,
601 2498 720 2552 sine
752 2497 914 2551 dubio
939 2495 1194 2562 Judieos;
1235 2505 1292 2550 et
1332 2492 1549 2549 infirma
1583 2495 1788 2560 mundi,
1824 2503 1881 2548 ut
1904 2510 2039 2549 cou-

463 2589 656 2646 fuudat
693 2588 878 2655 fortia,
909 2590 1099 2650 eodem
1135 2588 1328 2644 ordine
1365 2588 1418 2642 in
1453 2589 1554 2642 hoc
1580 2587 1702 2643 loco
1731 2587 1867 2643 dicit
1897 2599 1951 2642 et
1975 2588 2040 2642 de

464 2685 549 2738 his
579 2701 699 2753 quae
731 2697 836 2738 non
861 2693 1007 2748 sunt,
1043 2693 1102 2736 ut
1127 2699 1187 2738 ea
1217 2698 1339 2752 quas
1363 2694 1491 2738 sunt
1522 2683 1766 2736 destruat
1795 2701 1809 2737 ε
1845 2692 1901 2736 et
1931 2698 2037 2738 non

465 2791 588 2830 esse
616 2785 823 2844 gentes,
848 2790 968 2830 esse
993 2784 1175 2830 autem
1195 2773 1411 2830 Judaeos
1439 2776 1697 2843 ostendit,
1733 2777 1782 2830 id
1815 2786 1919 2841 est,
1945 2776 2036 2846 qui

466 2869 518 2920 in
555 2868 671 2935 lege
693 2875 869 2932 erant,
911 2868 1004 2921 sed
1031 2866 1204 2936 legem
1231 2880 1336 2920 non
1367 2865 1681 2937 implebant,
1705 2875 1764 2919 ut
1794 2866 2040 2920 destrue-

466 2968 680 3022 rentur,
709 2967 760 3011 et
796 2958 1184 3013 inducerentur
1216 2956 1328 3028 (97)
1363 2956 1439 3010 illi
1492 2957 1586 3025 qui
1645 2972 1751 3012 non
1787 2966 1948 3011 erant
1984 2955 2036 3010 in

466 3049 608 3118 lege,
633 3061 688 3104 et
712 3050 946 3104 Abrahae
995 3049 1117 3102 fidei
1151 3047 1488 3104 credulitatis
1521 3048 1715 3103 merito
1741 3049 2038 3118 jungeren-
2065 3089 2110 3148 ο

468 3155 576 3198 tur.
605 3143 757 3212 Quod
782 3155 964 3198 autem
998 3144 1135 3198 dixit
1161 3161 1175 3195 :
1209 3160 1228 3193 ι
1255 3141 1325 3196 Ut
1345 3141 1637 3196 conftmdat
1668 3143 1941 3211 sapientes
1971 3158 1983 3194 :
2011 3161 2030 3194 ι

467 3251 570 3289 non
603 3251 712 3306 quo
748 3251 876 3291 vere
907 3235 1184 3304 sapientes
1237 3243 1421 3288 essent
1473 3232 1622 3302 (98);
1663 3233 1866 3302 alioqui
1901 3249 2038 3289 nun-

465 3343 628 3396 quam
651 3327 1006 3382 confunderet
1043 3325 1182 3381 Deus
1207 3340 1303 3380 eos
1348 3325 1438 3394 qui
1479 3326 1777 3379 secundum
1808 3325 1899 3380 Dei
1944 3341 2034 3380 sa-

465 3420 729 3486 pientiam
775 3419 1052 3488 sapientes
1099 3430 1229 3473 sunt
1258 3419 1342 3483 ";
1399 3417 1492 3471 sed
1539 3417 1658 3471 illos
1683 3417 1818 3471 dicit
1855 3417 1946 3486 qui
1978 3433 2037 3473 se

467 3521 657 3582 putant
682 3525 803 3565 esse
827 3509 1124 3579 sapientes,
1146 3519 1203 3564 et
1237 3525 1341 3564 non
1366 3520 1516 3573 sunt,
1546 3508 1690 3563 sicut
1711 3516 1766 3562 et
1795 3507 1924 3562 alibi
1956 3509 2038 3564 di-

467 3606 570 3659 cit:
596 3624 614 3656 (
647 3602 744 3660 Ubi
765 3603 1022 3672 sapiens?
1050 3602 1142 3656 ubi
1162 3601 1374 3658 scriba?
1396 3601 1484 3654 ubi
1518 3601 1856 3670 couquisitor
1880 3600 2038 3668 hnqu

465 3695 690 3750 sau-uli?
721 3693 905 3750 Nonne
935 3692 1154 3748 stultam
1187 3692 1316 3747 fecit
1349 3691 1490 3746 Deus
1516 3692 1842 3761 sapientiam
1877 3691 2035 3762 hujus

467 3787 650 3840 mumli
675 3786 760 3839 “'1
797 3804 816 3838 ι
852 3784 1018 3854 llujus
1056 3782 1243 3838 mundi
1274 3797 1406 3852 ergo
1444 3782 1720 3850 sapientes
1746 3779 2035 3836 confumlit

465 3881 672 3948 eligens
720 3878 933 3942 stultos,
979 3892 1085 3930 non
1115 3875 1242 3945 quia
1285 3875 1545 3929 similiter
1582 3873 1735 3927 stulti
1767 3879 1951 3927 essent
1984 3877 2038 3923 et

467 3970 556 4022 isti
589 3984 686 4034 per
717 3969 832 4036 (99)
861 3967 1140 4036 penuriam
1189 3981 1381 4021 sensus
1405 4005 1421 4030 ,
1455 3965 1550 4020 sed
1587 3963 1880 4019 secundum
1910 3960 2037 4014 illud

466 4062 609 4131 quod
637 4059 841 4112 dictum
869 4067 949 4112 est
971 4058 1015 4088 ⁵⁷
1045 4072 1058 4109 :
1103 4075 1122 4108 ι
1161 4057 1264 4123 Qui
1303 4058 1416 4111 vult
1466 4057 1682 4125 sapiens
1707 4069 1848 4118 esse,
1875 4052 2031 4122 53],

469 4151 668 4205 stultus
722 4149 815 4203 fiat
859 4149 912 4203 in
969 4149 1071 4200 hoc
1126 4148 1346 4209 mundo,
1401 4157 1461 4200 ut
1502 4146 1574 4199 sit
1625 4146 1842 4214 sapiens
1897 4145 2036 4212 apud

472 4245 635 4305 Deum
657 4260 670 4294 :
689 4243 814 4312 quia
855 4239 1119 4308 sapientia
1143 4238 1304 4308 hujus
1327 4239 1510 4293 mundi
1541 4239 1769 4293 stultitia
1795 4245 1878 4292 est
1898 4237 2038 4306 apud

469 4337 697 4390 Deum.»

2146 1871 2317 1912 rasse.
2345 1856 2497 1922 Quod
2525 1871 2656 1911 vero
2694 1856 2852 1922 dixit,
2890 1857 2972 1910 «in
3000 1872 3148 1926 spem
3187 1858 3440 1920 credidit,
3471 1875 3488 1906 ι
3530 1857 3720 1910 datam

2145 1964 2328 2004 rursus
2361 1949 2410 2002 ei
2442 1963 2615 2016 spem,
2649 1949 2860 2018 Opinor,
2895 1949 3020 2003 inde
3055 1948 3267 2018 colligit
3317 1950 3403 2002 ubi
3447 1951 3718 2017 scriptum

2142 2049 2225 2094 est
2256 2055 2270 2092 :
2313 2040 2407 2092 «Et
2438 2054 2540 2094 vox
2569 2040 2780 2094 Domini
2813 2039 2954 2094 facta
2985 2051 3068 2095 est
3095 2039 3162 2092 ad
3193 2055 3314 2094 eum
3348 2040 3540 2094 dicens
3567 2041 3720 2095 :Non

2142 2143 2226 2186 est
2252 2132 2339 2187 hic
2373 2133 2548 2186 [iteres
2579 2142 2702 2187 tuus
2735 2150 2750 2188 ς
2779 2133 2870 2186 sed
2906 2132 2996 2200 qui
3031 2132 3226 2186 exierit
3257 2132 3321 2185 de
3345 2141 3395 2184 te
3417 2172 3430 2193 ,
3464 2132 3584 2201 ipse
3616 2134 3722 2187 erit

2144 2223 2320 2279 haeres
2356 2233 2498 2278 tuus.
2536 2223 2736 2277 Eduxit
2757 2232 2935 2277 autem
2967 2239 3087 2277 eum
3120 2221 3295 2287 foras,
3327 2234 3380 2277 et
3411 2224 3556 2278 dixit
3593 2225 3670 2277 illi
3701 2242 3719 2277 :

2143 2314 2371 2381 Respice
2393 2316 2460 2368 ad
2489 2314 2706 2378 caelum,
2763 2325 2816 2368 et
2854 2329 3077 2367 numera
3116 2313 3320 2377 stellas,
3369 2314 3416 2368 si
3467 2319 3720 2382 potueris

2141 2408 2486 2462 diumnerare
2515 2422 2630 2462 eas.
2684 2407 2752 2461 Et
2796 2410 2873 2461 ait
2914 2408 2979 2461 ad
3015 2422 3138 2461 eum
3172 2426 3186 2461 :
3216 2407 3308 2462 Sic
3363 2410 3472 2462 erit
3525 2424 3718 2464 semen

2144 2508 2316 2552 tuum.
2360 2499 2672 2555 Etcredidit
2705 2499 2835 2564 Deo,
2867 2507 2923 2553 et
2954 2508 3261 2568 reputatum
3293 2508 3374 2553 est
3402 2499 3452 2553 ei
3493 2502 3564 2554 ad
3625 2499 3722 2568 jn-

2138 2583 2423 2640 stitiam“.
2443 2603 2462 2635 ι
2517 2589 2592 2643 Ex
2625 2589 2708 2644 his
2738 2603 2868 2658 ergo
2897 2588 3076 2644 verbis
3119 2599 3172 2642 et
3201 2589 3509 2658 deSperatio
3539 2592 3718 2658 prius,

2141 2685 2197 2730 et
2240 2677 2582 2745 pestmodum
2616 2678 2738 2731 data
2796 2679 2846 2732 ei
2911 2693 3036 2747 spes
3103 2679 3195 2733 Dei
3260 2680 3722 2746 promissionibus

2143 2771 2470 2822 declaratur.
2506 2769 2601 2825 Cui
2647 2771 2774 2838 quia
2801 2773 3054 2836 credidit,
3099 2772 3358 2826 scribitur
3400 2772 3471 2828 de
3512 2788 3584 2826 eo
3617 2775 3724 2828 hoc

2143 2861 2287 2929 quod
2325 2875 2468 2914 nunc
2501 2863 2755 2931 proponit
2782 2863 2859 2932 (4)
2891 2863 3180 2932 Apostolus
3207 2903 3222 2928 ,
3269 2865 3398 2932 quia
3437 2883 3457 2916 ι
3492 2877 3726 2936 reputa-

2145 2961 2256 3005 tum
2285 2961 2370 3006 est
2399 2952 2446 3004 ei
2483 2953 2547 3005 ad
2570 2951 2838 3021 justitiam
2869 2953 2934 3006 ".
2965 2972 2984 3005 ι
3015 2952 3204 3007 Merito
3239 2965 3444 3021 autem,
3471 2964 3532 3008 et
3563 2971 3727 3012 more

2145 3041 2226 3113 (5)
2255 3042 2354 3096 sibi
2390 3042 2547 3096 solito
2590 3042 2676 3096 ubi
2711 3043 2778 3096 de
2809 3041 2914 3097 fide
2960 3051 3179 3108 tractat,
3225 3043 3522 3112 Apostolus
3575 3061 3724 3100 con-

2137 3131 2317 3202 jungit
2349 3141 2399 3186 et
2432 3146 2606 3201 spem,
2652 3133 2830 3188 scietis
2875 3131 3000 3188 ﬁdei
3059 3149 3213 3203 spem
3271 3135 3725 3204 inseparabiliter

2137 3224 2415 3278 cohmrere
2444 3263 2458 3288 ,
2489 3224 2628 3278 sicut
2661 3235 2714 3278 et
2745 3223 2796 3277 in
2847 3221 3088 3292 Epistula
3140 3226 3206 3278 ad
3257 3224 3515 3279 llebratos
3570 3227 3724 3280 idem

2139 3314 2295 3368 docet
2326 3315 2512 3370 dicens
2542 3331 2556 3368 :
2595 3313 2720 3388 «Est
2745 3322 2924 3368 autem
2950 3314 3079 3369 fides
3107 3315 3497 3384 sperandarum
3525 3331 3722 3370 rerum

2140 3407 2483 3472 substantia,
2538 3405 2800 3461 indicium
2856 3420 2963 3459 non
3018 3405 3390 3475 apparentium
3448 3405 3519 3459 ⁸³.
3556 3424 3576 3456 ι
3648 3405 3725 3460 Et

2139 3497 2337 3552 iterum
2369 3497 2423 3551 in
2447 3496 2550 3551 hac
2572 3496 2760 3552 eadem
2793 3495 2859 3550 ad
2886 3495 3156 3550 Romanos
3188 3495 3425 3564 Epistola
3451 3495 3504 3548 in
3531 3507 3720 3564 poste-

2141 3587 2378 3643 rioribus
2403 3588 2537 3643 dicit
2568 3603 2582 3640 :
2616 3605 2634 3639 ι
2657 3587 2765 3657 Spe
2794 3597 2975 3642 autem
3006 3587 3140 3641 Salvi
3173 3587 3300 3642 facti
3332 3603 3540 3642 sumus.
3580 3588 3726 3655 Spes

2139 3690 2322 3734 autem
2348 3694 2467 3747 quat
2497 3680 2733 3746 videtur,
2764 3693 2872 3733 non
2901 3687 2984 3734 est
3014 3694 3158 3749 spes.
3197 3679 3350 3745 Quod
3385 3680 3533 3734 enim
3567 3680 3728 3734 videt

2139 3773 2283 3842 quis,
2313 3771 2440 3839 quid
2469 3771 2687 3838 sperat?
2713 3769 2769 3824 Si
2801 3784 2926 3824 vero
2947 3771 3086 3840 quod
3121 3785 3225 3824 non
3259 3770 3504 3824 videmus
3530 3770 3726 3839 speri-

2121 3879 2283 3928 .mus,
2312 3878 2408 3932 per
2442 3863 2761 3932 patientiam
2793 3874 3172 3932 exspectamus
3206 3863 3274 3917 ⁸³.
3315 3881 3335 3915 ι
3382 3863 3538 3929 Quod
3597 3865 3680 3916 ait
3707 3906 3726 3927 ,

2143 3973 2163 4016 ι
2194 3969 2288 4024 spe
2326 3954 2457 4008 salvi
2497 3953 2622 4008 facti
2652 3970 2862 4019 sumus,
2918 3975 2936 4008 ι
2966 3956 3068 4008 hoc
3119 3953 3260 4007 idem
3289 3963 3371 4006 est
3409 3955 3557 4023 quod
3589 3955 3728 4009 alibi

2140 4046 2289 4111 dicit,
2321 4044 2446 4116 quia
2483 4063 2501 4095 ι
2526 4060 2622 4112 per
2655 4043 2815 4098 fidem
2845 4044 3031 4098 salvati
3078 4060 3268 4099 sumus
3294 4044 3338 4076 “
3368 4067 3415 4102 ει
3459 4056 3538 4108 et,
3580 4066 3599 4097 ι
3627 4045 3729 4100 Fi-

2139 4135 2235 4191 des
2268 4148 2357 4190 tua
2401 4146 2451 4190 te
2479 4137 2681 4189 salvam
2729 4134 2852 4189 fecit
2891 4154 2937 4204 ;i
2995 4147 3068 4201 et,
3129 4152 3148 4185 ι
3177 4135 3490 4189 Secundum
3555 4135 3723 4189 fidem

2145 4238 2288 4281 tuam
2321 4229 2603 4296 contingat
2639 4226 2732 4280 tibi
2768 4227 2834 4278 ⁸⁸.
2859 4244 2878 4277 ι
2920 4226 3051 4292 Quae
3081 4228 3270 4294 utique
3319 4225 3425 4278 illis
3460 4225 3730 4280 dicuntur

2142 4319 2230 4387 qui
2265 4319 2551 4373 credentes
2584 4317 2844 4373 inlesum
2886 4332 3036 4387 spem
3085 4324 3368 4388 gesserunt
3420 4318 3488 4371 ab
3537 4333 3606 4372 eo
3659 4334 3732 4373 se

537 4427 591 4481 6.
627 4445 646 4478 ι
684 4425 783 4492 Qui
823 4434 1007 4480 contra
1043 4439 1192 4492 spem
1225 4424 1276 4477 in
1308 4439 1456 4494 spem
1481 4423 1756 4486 credidit,
1791 4431 1848 4475 ut
1881 4420 2033 4475 fieret
2069 4424 2111 4477 ι)
2143 4425 2300 4480 posse
2338 4410 2543 4465 curari.
2582 4409 2736 4463 Sient
2760 4417 2941 4464 autem
2987 4409 3258 4462 Abraham
3303 4425 3322 4459 ι
3346 4417 3540 4462 contra
3569 4423 3728 4478 Spem

465 4528 621 4588 pater
651 4518 937 4572 multarum
973 4517 1212 4584 gentium
1237 4556 1252 4578 ,
1296 4515 1596 4572 secundum
1645 4512 1786 4581 quod
1834 4511 2034 4566 dictum

467 4618 550 4664 est
579 4610 628 4664 ei
673 4629 686 4665 :
721 4609 812 4664 Sic
849 4607 953 4665 erit
995 4623 1178 4662 semen
1223 4616 1373 4661 tuum
1423 4605 1566 4660 sicut
1595 4602 1762 4659 stella:
1789 4600 1936 4668 coeli,
1981 4609 2034 4654 ct

538 4747 620 4800 ⁸³1
649 4747 770 4801 Cor.
805 4762 840 4810 ι,
877 4745 968 4808 28,
993 4744 1079 4798 29.

468 4817 661 4872 18-22.
734 4816 780 4846 ”
824 4817 961 4874 Gen.
999 4815 1056 4874 2,
1093 4815 1148 4868 ’5.
1195 4813 1266 4848 ⁸⁸
1297 4815 1422 4868 ibid.
1459 4813 1578 4867 4-6.

467 4906 528 4954 ιι,
580 4890 632 4943 8.
713 4887 758 4918 ⁸⁵
793 4884 981 4940 Matth.
1029 4901 1103 4949 Ix,
1158 4883 1346 4938 22-29.
1423 4883 1467 4914 “
1503 4883 1662 4938 Rom.
1699 4881 1884 4947 tv,18.

539 4997 650 5065 (94)
688 4995 762 5050 lla
815 5009 919 5050 ms.
972 5007 1112 5046 unus
1148 4989 1351 5065 Regius
1387 5006 1536 5044 num.
1571 4987 2042 5065 1659A.“Rabanus

467 5057 804 5131 vei-o,'eiliti,
836 5076 892 5118 et
932 5077 1059 5115 mss.
1086 5057 1332 5130 quidam,
1353 5077 1371 5110 ι
1397 5071 1456 5113 ιιι
1490 5077 1612 5114 cum
1645 5059 1779 5131 nihil
1809 5057 2045 5131 exsiste-

471 5151 550 5191 ret
579 5121 650 5208 [al
682 5177 696 5198 ,
726 5121 1469 5208 exsisterent]duuilliasubito
1495 5141 1683 5183 vocata
1728 5121 2043 5180 itaadfuisse

470 5197 691 5280 [al.,‘im
721 5207 924 5280 fuisse;
949 5197 1140 5265 ain-ila
1173 5209 1226 5252 ut
1248 5197 1436 5270 fuisse]
1471 5211 1726 5266 tauquam
1751 5211 1871 5264 qua:
1899 5210 2043 5248 sem-

470 5277 564 5346 per
594 5277 926 5331 exstiterint.
968 5291 986 5323 ι
1322 5337 1333 5346 _
1401 5337 1466 5346 γῇ
1513 5339 1523 5346 _
1725 5335 1761 5346 ,,
1786 5336 1814 5346 ,,
1849 5335 1860 5344 ,

543 5350 654 5415 (93)
691 5348 763 5400 Ita
785 5359 974 5399 omnes
1007 5353 1138 5397 mss.
1164 5337 1333 5392 nostri
1359 5337 1703 5392 etRabanus.
1725 5335 1863 5390 Editi
1888 5349 2036 5401 vero,

477 5435 495 5467 ι
529 5428 717 5470 νουθιιι
747 5425 894 5470 811111.
936 5432 953 5463 ι

543 5487 655 5553 (96)
701 5486 821 5539 Non
869 5483 1021 5536 multi
1056 5493 1308 5548 potentes.
1367 5477 1490 5534 [hic
1543 5477 1739 5532 desunt
1789 5477 1841 5530 in
1877 5481 2038 5529 antea

471 5557 650 5608 editis.

543 5625 655 5692 (97)
694 5623 865 5682 Alias,
894 5641 910 5672 ι
945 5620 1343 5692 judicarentur,
1381 5638 1397 5670 ι
1442 5618 1602 5692 male.

543 5688 656 5754 f93)
700 5692 793 5745 Sic
825 5706 954 5742 mss.
1015 5691 1185 5744 nostri
1237 5706 1450 5744 omnes.
1505 5688 1650 5742 Edili
1687 5701 1839 5748 vero,
1880 5701 1899 5736 t
1939 5698 2044 5739 non

1166 4744 1212 4776 ”
1245 4741 1372 4798 ibid.
1406 4743 1499 4804 26,
1528 4742 1618 4795 27.
1692 4741 1739 4772 ”
1770 4739 1889 4793 lsai.
1917 4755 1969 4801 ν,
2001 4739 2092 4790 2|.

1657 4813 1699 4843 “
1736 4810 1894 4864 Rom.
1921 4823 1993 4876 tv,
2023 4808 2112 4860 22.
2189 4805 2232 4838 ⁸³
2263 4805 2426 4859 Hebr.
2474 4818 2549 4866 xi,
2580 4805 2628 4854 l.

2145 4505 2196 4557 in
2227 4516 2377 4572 spem
2409 4501 2641 4555 credidit
2667 4500 2735 4566 ⁸⁸,
2763 4520 2780 4553 ι
2819 4501 2894 4555 ita
2925 4516 3116 4555 omnes
3162 4501 3255 4568 qui
3287 4515 3384 4569 per
3418 4502 3587 4553 fidem
3625 4501 3732 4554 filii

2141 4604 2268 4648 sunt
2314 4593 2609 4656 Abraham,
2659 4601 2852 4647 contra
2900 4606 3050 4661 spem
3111 4592 3164 4645 in
3195 4605 3347 4660 spem
3379 4592 3621 4645 credunt
3657 4593 3731 4646 de

2169 4735 2216 4767 ⁵⁸
2249 4734 2415 4787 lCor.
2447 4747 2484 4792 ι,
2517 4731 2605 4786 20.
2683 4731 2728 4761 "’
2765 4729 2783 4782 1
2811 4727 2936 4783 Cor.
2969 4729 3154 4790 ui,l8,
3183 4727 3266 4782 l9.
3341 4728 3385 4758 ⁸⁸
3434 4727 3600 4781 Rern.
3647 4743 3730 4793 tv,

2704 4801 2750 4832 ⁸³
2791 4799 2948 4852 Boni.
2981 4815 3094 4864 vni,
3121 4800 3211 4863 24,
3264 4798 3354 4851 25.
3433 4799 3480 4828 ει
3515 4799 3728 4868 Εριωδ,

2145 4982 2298 5051 quod
2317 4993 2448 5051 vere
2471 4976 2742 5051 sapientes
2764 4985 2967 5051 essent.
3003 4991 3022 5023 ι

2219 5050 2334 5123 (99)
2375 5048 2650 5123 Sapientes
2683 5045 2956 5123 confundit
2985 5045 3555 5123 eligeris_stiiftos,_rrort
3591 5049 3728 5118 quia

2144 5113 2391 5174 siiiiililer
2428 5116 2575 5170 stulti
2616 5127 2786 5168 essent
2821 5124 2868 5166 et
2910 5115 3000 5166 isti
3026 5131 3136 5183 per.
3189 5117 3310 5169 llwc
3333 5113 3731 5172 desiderantur

2144 5192 2197 5246 in
2224 5201 2381 5244 antea
2409 5189 2593 5240 editis.

2215 5258 2290 5330 (Ι)
2320 5257 2466 5330 Sicut
2495 5254 2660 5330 stella:
2691 5253 2828 5315 caeli,
2861 5264 2906 5304 et
2938 5270 3101 5308 arena
3122 5258 3329 5330 maris.
3352 5255 3474 5309 Ilme
3495 5256 3732 5310 deside-

2144 5327 2333 5385 rantur
2391 5328 2444 5380 in
2487 5327 2738 5380 omnibus
2789 5340 2920 5377 mss.
2965 5328 3197 5392 nostris;
3241 5327 3334 5382 sed
3381 5338 3615 5381 exstant
3671 5331 3734 5380 iu

2144 5399 2325 5456 editis.

2191 5469 2295 5537 (2)
2333 5463 3044 5537 Maseclr._l5diti,_emanet,
3073 5485 3091 5518 ι
3133 5469 3288 5524 male.

2219 5534 2297 5608 (5)
2330 5537 2496 5608 βιιιιὶ,
2527 5554 2545 5584 ε
2577 5534 2864 5587 Etaddidit
2895 5535 3116 5608 Abram.
3137 5562 3152 5593 υ

2220 5605 2297 5678 (fi)
2327 5605 2452 5678 Mss.
2485 5621 2647 5666 unus,
2680 5623 2697 5654 ι
2724 5607 3064 5671 pronnutiat.
3093 5625 3110 5658 ι

2219 5673 2296 5748 (ξς)
2331 5677 2456 5731 Mss.
2487 5691 2648 5742 unus,
2683 5692 2699 5723 ι
2730 5689 2792 5727 cx
2825 5688 2992 5727 more.
3024 5693 3044 5728 ι
