3974 6206
215 276 326 331 981

1187 275 1536 333 CUMMENT.
1577 277 1641 332 IN
1675 277 1895 334 EPIST.
1937 277 2030 334 AD
2059 277 2225 334 ROM.
2261 278 2387 333 LIB.
2426 277 2516 335 IV.

3377 279 3494 336 οδε

216 395 463 466 singulis
501 394 808 466 quibusque
861 412 979 465 qua:
1028 401 1280 462 credunt,
1321 401 1438 454 sive
1487 402 1554 456 de
1621 416 1804 456 resuro
1833 407 1879 464 Α
1910 401 2152 456 irritatur
2187 417 2202 453 ι
2233 400 2414 454 omnia
2454 399 2667 463 tolerat,
2704 398 2886 453 omnia
2919 397 3114 462 credit,
3153 399 3330 452 omnia
3363 415 3484 467 spe-

217 488 478 541 reetione
505 495 868 554 mortuorum,
895 489 1011 543 sive
1045 489 1112 543 de
1141 489 1457 545 haereditate
1511 493 1660 561 regni
1695 507 1810 548 coe-

213 572 431 629 lor-um.
471 575 596 631 llaec
631 575 797 637 enim,
841 584 1101 642 quantum
1134 579 1200 630 ad
1227 588 1479 633 naturam
1512 581 1809 636 humanam

215 673 464 728 spectat,
500 674 689 719 contra
719 680 870 734 spem
905 666 1186 731 videntur;
1222 680 1481 738 quantum
1522 682 1703 728 autem
1742 674 1811 728 ad

214 756 530 823 potentiam
593 755 725 820 Dei,
763 758 817 812 in
851 773 1003 829 spem
1057 761 1352 816 creduntur
1399 763 1514 834 (6);
1565 766 1811 835 exemplo

213 847 516 901 Abraham
571 848 851 904 credentis
907 850 1032 920 quia
1104 870 1123 904 ι
1161 868 1499 924 quaecunque
1557 857 1812 925 promisit

213 936 398 1001 Deus,
433 949 628 1007 potens
655 951 821 998 estet
850 941 1030 1002 facere
1061 943 1144 1010 ‘7;
1200 963 1218 998 ι
1257 945 1306 1001 si
1356 957 1531 1002 tamen
1582 949 1667 1004 his
1715 949 1810 1020 qui

215 1029 466 1082 credunt
501 1040 718 1086 maneat
763 1032 920 1100 ﬁdes,
948 1051 1094 1105 spes,
1143 1046 1196 1091 et
1228 1038 1496 1094 Charitas.
1559 1039 1626 1094 Et
1677 1051 1811 1109 puto

214 1121 371 1187 quod
400 1121 577 1188 prima
603 1121 798 1179 salutis
827 1124 1002 1191 initia,
1043 1138 1100 1183 et
1131 1128 1248 1198 ipsa
1290 1127 1644 1188 fundamenta
1676 1131 1811 1188 ﬁdes

209 1219 300 1262 est
333 1228 351 1262 :
393 1213 674 1280 profectus
703 1229 832 1270 vero
856 1227 908 1271 et
950 1229 1239 1288 augmenta
1277 1219 1496 1276 aediﬁcii
1530 1236 1656 1291 spes
1683 1232 1808 1278 est:

211 1303 495 1371 perfectio
532 1315 714 1360 autem
754 1317 810 1362 et
838 1310 1053 1365 culmen
1092 1312 1260 1365 totius
1301 1313 1484 1388 operis
1514 1315 1758 1370 charitas
1793 1333 1807 1372 :

207 1402 269 1446 et
300 1393 436 1447 ideo
479 1412 498 1445 ι
525 1397 699 1468 major
746 1400 990 1454 omnium
1022 1420 1042 1452 ι
1089 1401 1292 1458 dicitur
1341 1420 1361 1455 ι
1393 1404 1637 1460 charitas
1691 1405 1757 1460 “.
1783 1426 1804 1461 ι

207 1480 400 1548 Igitur
424 1487 701 1542 Abraham
735 1505 754 1542 ι
776 1499 965 1544 contra
990 1506 1140 1559 spem
1175 1491 1229 1546 in
1265 1509 1414 1562 spem
1440 1495 1705 1563 credidit,
1751 1505 1810 1550 ut

209 1586 386 1644 pater
426 1577 580 1632 ﬁeret
604 1580 895 1635 multarum
927 1581 1169 1651 gentium
1198 1601 1218 1636 ι
1253 1599 1374 1653 quae
1408 1585 1606 1641 futurae
1627 1598 1812 1643 essent

205 1667 363 1722 sicut
407 1669 584 1724 stella:
627 1671 773 1736 cwli,
823 1687 927 1726 non
970 1671 1145 1726 solum
1189 1675 1574 1741 multitudine,
1618 1678 1710 1734 sed
1755 1688 1810 1734 et

1915 501 2019 556 rat,
2041 491 2218 544 omnia
2249 491 2498 554 sustinet,
2543 506 2560 538 ι
2600 499 2654 542 ει
2684 498 2875 541 caetera
2915 487 3000 541 his
3030 487 3244 540 similia.
3275 487 3405 553 Qua'
3438 490 3482 542 si

1911 582 2035 649 quis
2066 582 2264 636 habeat
2289 623 2303 648 ,
2339 589 2489 634 recte
2531 578 2659 634 mihi
2700 577 2910 632 videtur
2956 577 3059 631 dici
3112 577 3253 645 quod
3291 578 3488 630 haheat

1911 685 2130 725 omnem
2165 672 2484 727 charitatem
2518 687 2534 724 :
2567 685 2686 738 qua:
2708 668 2951 722 charitas
2977 666 3095 720 sine
3125 667 3285 719 duhio
3314 682 3377 720 ex
3404 667 3488 720 his

1910 760 2138 831 singulis
2183 763 2252 816 ab
2307 761 2568 830 Apostolo
2617 776 2780 830 supra
2858 757 3173 812 memoratis
3239 757 3487 826 partibus

1911 860 2143 910 censtat.
2199 853 2465 910 Similiter
2520 861 2702 906 autem
2757 859 2812 904 et
2853 849 2919 904 de
2960 849 3367 912 misericordia,
3430 857 3485 900 et

1912 944 2112 1012 pietate
2167 943 2494 1012 ueterisque
2549 941 2840 996 virtutibus
2880 941 3121 994 arbitror
3165 938 3269 992 dici
3304 953 3482 1007 posse.

1912 1031 1981 1086 Et
2009 1034 2148 1088 l'orte
2175 1048 2270 1103 per
2295 1034 2412 1087 inec
2449 1031 2663 1103 singula
2691 1031 2834 1085 sicut
2881 1032 2947 1086 de
2998 1029 3102 1082 ﬁde
3143 1028 3344 1082 dictum
3379 1039 3486 1090 est,

1912 1126 2039 1192 quia
2077 1143 2094 1175 σ
2127 1123 2264 1179 ﬁdes
2295 1133 2545 1192 reputata
2571 1131 2653 1179 est
2678 1125 2745 1179 ad
2769 1122 3038 1192 justitiam
3069 1123 3136 1188 τ’,
3175 1142 3193 1174 i
3234 1122 3308 1174 ita
3339 1131 3388 1174 et
3417 1120 3487 1174 de

1911 1215 2184 1270 charitate
2217 1215 2320 1270 dici
2346 1224 2544 1284 potest,
2590 1216 2715 1284 quia
2759 1224 3005 1286 reputate
3043 1224 3127 1269 est
3168 1214 3404 1267 charitas
3435 1212 3484 1264 ei

1911 1307 1978 1360 ad
2001 1305 2266 1374 justitiam
2299 1305 2402 1377 (8),
2433 1316 2527 1360 aut
2564 1307 2756 1376 pietas,
2793 1317 2886 1361 aut
2929 1304 3327 1362 misericordia.
3379 1303 3484 1357 Sed

1911 1396 2190 1451 videamus
2236 1397 2351 1466 jam
2401 1411 2467 1452 ea
2519 1411 2638 1466 qua:
2679 1409 3116 1467 consequuntur.
3182 1395 3292 1449 tEt
3354 1409 3489 1455 non,

1912 1486 2126 1556 inquit,
2183 1489 2488 1544 inﬁrmatus
2540 1497 2628 1544 est
2685 1489 2740 1544 in
2810 1491 2914 1544 ﬁde
2973 1505 3074 1543 nec
3122 1490 3487 1544 consideravit

1910 1592 2066 1633 suum
2093 1578 2415 1648 corpusjatn
2443 1590 2776 1646 emortuum,
2804 1596 2924 1635 cum
2947 1581 3062 1634 fere
3079 1592 3297 1634 centum
3320 1595 3488 1632 anno-

1912 1686 2030 1724 rum
2065 1680 2231 1735 esset,
2279 1682 2334 1726 et
2368 1683 2670 1726 emortuam
2714 1672 2932 1726 vulvam
2981 1673 3132 1727 Sane
3160 1691 3173 1726 :
3203 1674 3255 1726 in
3301 1687 3486 1742 repro-

209 1757 486 1814 claritate
514 1776 528 1810 :
559 1763 762 1830 quique
791 1765 1128 1833 promittenti
1172 1766 1249 1837 (7)
1291 1767 1523 1821 ﬁdeliter
1555 1769 1804 1834 credens,

1912 1763 2170 1818 missione
2205 1763 2371 1818 etiam
2408 1762 2500 1818 Dei
2550 1779 2657 1818 non
2696 1764 2970 1818 ltmsitavil
3018 1763 3348 1828 difﬁdentia,
3391 1759 3500 1817 sed'

211 1867 231 1898 ι
259 1864 404 1913 non,
431 1851 628 1921 inquit,
670 1855 975 1912 inﬁrmatus
1003 1866 1086 1911 est
1116 1857 1267 1918 ﬁde,»
1296 1859 1449 1925 Quod
1482 1860 1637 1925 dicit,
1668 1877 1804 1917 «non

207 1939 534 1996 inﬁrmatus
572 1954 656 1998 est
707 1945 834 2009 ﬁde,
861 1965 879 1998 ι
929 1951 1219 2004 ostendere
1265 1950 1398 2008 mihi
1431 1951 1645 2005 videtur
1685 1969 1808 2010 esse

205 2031 519 2097 quamdam
559 2032 934 2090 inﬁrmitatem
975 2036 1028 2090 in
1069 2021 1200 2092 ﬁde:
1239 2039 1394 2105 Quod
1443 2042 1488 2094 si
1535 2053 1618 2096 est
1655 2044 1806 2098 inlir-

209 2122 412 2184 mitas,
449 2134 534 2178 est
562 2126 874 2182 sine’dnbio
919 2137 968 2183 et
1015 2131 1257 2195 sanitas,
1314 2135 1456 2186 sicut
1493 2145 1547 2188 et
1587 2135 1640 2189 in
1687 2136 1808 2191 aliis

205 2216 488 2281 ostendit,
526 2232 646 2271 cum
672 2221 802 2274 dicit
832 2244 844 2276 :
877 2246 896 2272 ι
925 2221 1150 2292 lucrepa
1195 2224 1316 2280 illos
1344 2227 1571 2292 acriter,
1603 2237 1663 2282 ut
1688 2232 1802 2286 sani

208 2305 328 2359 sint
367 2306 420 2360 in
459 2307 564 2363 ﬁde
593 2309 659 2364 ⁸³.
686 2329 704 2360 ι
739 2311 934 2365 Beatus
965 2328 1097 2382 ergo
1125 2324 1209 2369 est
1243 2317 1332 2384 qui
1359 2334 1463 2371 non
1499 2319 1809 2374 inﬁrmatur

212 2395 264 2448 in
296 2396 436 2450 ﬁde.
477 2397 534 2450 Si
564 2413 691 2453 vero
714 2402 836 2468 quis
866 2401 1192 2462 inﬁrmetur.
1235 2422 1422 2460 curam
1452 2409 1572 2474 ejus
1599 2411 1808 2464 descri-

205 2485 291 2539 bit
342 2487 638 2555 Apostolus
689 2505 812 2544 cnm
846 2494 1016 2548 dicit:
1049 2513 1068 2546 t
1111 2497 1473 2552 inﬁrm-antem
1524 2513 1702 2554 autem
1750 2518 1804 2556 tn

207 2577 324 2631 ﬁde
365 2581 655 2644 assutnite,
684 2597 790 2634 non
819 2583 871 2636 in
893 2586 1802 2661 disceptationibuscogitationum.

208 2669 360 2723 Nam
423 2671 566 2726 alius
612 2673 780 2728 credit
829 2678 1158 2732 manducare
1211 2681 1430 2748 omnia;
1486 2685 1576 2752 qui
1622 2695 1803 2738 autem

212 2762 484 2816 inﬁrmus
523 2773 638 2828 est,
673 2765 820 2820 olera
857 2771 1146 2824 manducet
1169 2771 1236 2824 ⁷⁸.
1259 2791 1281 2823 ι
1313 2771 1414 2826 Per
1445 2775 1589 2843 quod
1625 2776 1807 2845 utique

210 2853 503 2922 designat,
540 2855 688 2911 verbi
719 2857 868 2912 olera
893 2861 1184 2928 pnehenda
1207 2877 1330 2917 esse
1357 2865 1406 2917 ei
1440 2866 1528 2932 qui
1564 2865 1808 2920 inﬁrma-

215 2955 307 2997 tur
348 2945 401 2998 in
436 2945 564 3012 ﬁde,
585 2961 650 3002 ne
686 2949 840 3016 plena
883 2951 1008 3004 ﬁdei
1052 2953 1297 3008 doctrina
1337 2958 1725 3012 cunctantibus
1753 2959 1804 3012 in

211 3054 279 3092 ea
332 3048 390 3091 et
435 3041 837 3106 quodammodo
884 3046 1279 3112 mgrotantihus
1309 3047 1610 3116 ingeratur.
1659 3050 1801 3104 Sana
1833 3083 1878 3145 ο

211 3134 406 3178 autem
444 3126 580 3183 ﬁdes
631 3129 835 3184 dicitur
874 3146 996 3200 qua:
1028 3133 1269 3206 perfecta
1309 3147 1414 3200 εει,
1463 3147 1518 3191 et
1549 3139 1636 3192 cui
1671 3140 1802 3194 nihil

214 3219 380 3270 deest
421 3234 436 3271 :
468 3227 523 3271 et
564 3217 676 3287 ipsa
702 3227 785 3273 est
807 3234 926 3292 quae
951 3223 1124 3276 credit
1153 3228 1487 3281 manducare
1513 3230 1718 3294 omnia,
1753 3231 1802 3284 id

213 3319 332 3368 est,
376 3323 500 3376 qua:
550 3323 748 3377 capere
787 3320 965 3378 potest
1007 3315 1189 3369 omnia
1222 3331 1236 3369 :
1265 3330 1424 3383 quam
1471 3320 1561 3387 qui
1608 3320 1802 3385 habet,

211 3401 490 3468 Spiritalis
533 3401 853 3468 appellatur,
892 3412 946 3455 et
977 3405 1241 3472 dijudicat
1273 3410 1456 3463 omnia
1513 3411 1582 3475 ",
1637 3421 1694 3466 et
1750 3414 1802 3466 in

213 3492 375 3544 nullo
402 3506 655 3546 sermone
693 3496 1060 3550 scandalizari
1098 3508 1294 3564 potest.
1343 3499 1496 3556 Unde
1521 3503 1805 3559 evidenter

211 3593 443 3650 apparet
477 3600 596 3638 esse
612 3599 898 3657 augmenta
925 3589 1170 3657 qnazdam
1206 3601 1258 3644 et
1290 3591 1565 3662 profectus
1597 3595 1648 3648 in
1678 3596 1804 3659 ﬁde,

211 3687 272 3728 et
342 3675 560 3746 aliquos
610 3679 808 3732 habere
867 3691 1076 3748 partem
1134 3681 1254 3736 ﬁdei
1305 3683 1607 3752 exiguam,
1668 3686 1804 3739 alios

215 3781 508 3834 magnam,
539 3767 675 3822 alios
706 3783 832 3823 vero
865 3771 1064 3825 trahere
1097 3787 1314 3826 onmem
1344 3774 1523 3827 ﬁdem.
1568 3773 1722 3830 Unde
1750 3785 1804 3828 et

215 3859 522 3928 Apostolus
553 3860 770 3918 dicebat
805 3877 818 3914 :
859 3880 877 3913 ι
901 3861 957 3918 Si
993 3862 1223 3916 habeam
1262 3879 1476 3916 onmem
1515 3866 1691 3930 iidem,
1730 3867 1802 3919 ita

222 3961 283 4003 ut
336 3961 554 4005 montes
601 3955 923 4010 transferam
973 3957 1040 4009 ⁷³.
1073 3975 1091 4008 ι
1138 3954 1246 4009 Sed
1292 3965 1346 4010 et
1401 3956 1454 4009 in
1499 3957 1805 4028 Evangeliis

223 4045 478 4113 discipuli
513 4046 696 4099 dicunt
718 4047 784 4101 ad
818 4047 1129 4114 Dominum,
1157 4049 1308 4115 quasi
1337 4049 1534 4116 quibus
1565 4049 1800 4106 nondum

221 4135 379 4204 plena
411 4136 614 4191 inesset
637 4136 774 4192 ﬁdes
801 4153 814 4190 :
853 4157 876 4191 ,ι
909 4140 1060 4210 Auge
1089 4140 1247 4194 nobis
1273 4140 1432 4192 ﬁdem
1466 4139 1533 4193 ⁷³.
1558 4158 1577 4192 t
1611 4140 1802 4194 Consi-

223 4231 355 4280 dera
413 4243 568 4292 sane,
603 4229 648 4282 si
685 4232 982 4284 secundum
1022 4245 1085 4285 ea
1127 4246 1249 4300 qua:
1285 4232 1350 4284 de
1391 4230 1496 4285 ﬁde
1545 4231 1802 4295 dicimus,

222 4320 390 4372 etiam
436 4321 504 4374 de
547 4320 835 4375 charitatis
880 4322 1186 4391 augtnentis
1224 4321 1478 4378 similiter
1527 4323 1802 4392 possimus

1908 1853 2245 1909 confortatus
2271 1863 2353 1909 est
2387 1854 2493 1909 ﬁde
2520 1854 2566 1884 ⁷⁸
2588 1892 2602 1908 .
2637 1872 2655 1905 ι
2695 1853 2970 1920 Quantum
3006 1854 3221 1923 quidem
3252 1855 3318 1907 ad
3358 1855 3488 1907 sim-

1908 1943 2103 2012 plicetn
2157 1945 2394 2014 pertinet
2453 1947 2833 2011 intellectura,
2901 1946 3206 2001 evidentem
3263 1948 3487 2016 protulit

1912 2039 2199 2103 rationem,
2232 2040 2374 2108 quod
2418 2041 2690 2094 Abraham
2727 2054 2850 2092 cum
2901 2041 3116 2092 audiret
3147 2039 3247 2094 sibi
3293 2054 3321 2092 a
3375 2039 3484 2091 Den

1909 2126 2146 2179 sobolem
2205 2129 2556 2196 repromitti,
2624 2145 2730 2183 non
2794 2130 3033 2198 reapexit
3081 2130 3148 2182 ad
3210 2140 3488 2182 emortnas

1908 2219 2204 2271 centenarii
2229 2221 2476 2289 corporis
2499 2221 2669 2284 vires,
2701 2222 2768 2276 de
2797 2237 2902 2289 quo
2932 2223 3117 2289 utique
3143 2235 3484 2289 nequaquam

1899 2310 2116 2377 sperari
2152 2321 2366 2380 poterat
2397 2311 2503 2364 ulla
2539 2313 2816 2366 successio
2846 2331 2860 2367 :
2899 2318 2990 2366 sed
3018 2316 3314 2382 potentiam
3360 2332 3485 2384 pro-

1910 2403 2178 2457 mittentis
2209 2402 2464 2466 intuitus,
2498 2402 2633 2456 nt'hil
2664 2403 2877 2458 diﬁicile
2907 2420 3030 2459 esse
3059 2406 3291 2459 credidit
3323 2408 3372 2459 in
3398 2406 3485 2461 his

1909 2510 2030 2564 qua:
2089 2497 2444 2564 promittebat
2477 2494 2836 2566 Omnipotens
2869 2511 2883 2550 :
2913 2498 3008 2552 sed
3065 2499 3234 2562 dedit,
3288 2499 3482 2570 inquit,

1915 2605 1934 2638 ι
1960 2588 2184 2658 gloriam
2215 2589 2324 2644 Deo
2353 2590 2424 2654 ⁷⁷,
2459 2609 2478 2642 t
2537 2587 2842 2656 intelligens
2870 2589 3035 2643 solius
3070 2590 3159 2645 Dei
3193 2607 3322 2646 esse
3364 2610 3483 2646 ntu-

1909 2695 2033 2744 nus,
2086 2681 2462 2757 uhihumaqm
2526 2680 2879 2736 fecunditatis
2925 2682 3050 2751 jura
3102 2695 3481 2738 cessaverant.

1908 2771 2099 2827 Merito
2127 2772 2291 2842 igitur
2323 2773 2468 2826 dedit
2496 2770 2723 2842 gloriam
2775 2772 2902 2836 Deo,
2940 2772 3030 2840 qui
3066 2784 3274 2827 naturae
3309 2776 3484 2830 fuerat

1909 2867 2156 2920 desertus
2186 2863 2423 2916 auxiliis.
2463 2862 2612 2927 llaec,
2638 2871 2691 2916 ut
2725 2861 2860 2925 dixi,
2889 2872 3150 2930 quantum
3183 2863 3248 2915 ad
3273 2865 3483 2932 simpli-

1907 2971 2024 3010 cem
2071 2954 2488 3024 intelligentiam
2522 2954 2777 3023 pertinet,
2811 2950 3138 3006 snﬁicienter
3163 2953 3304 3007 dicta
3336 2957 3484 3008 vide-

1911 3045 2133 3102 buntur.
2188 3044 2245 3099 Si
2301 3059 2427 3100 vero
2497 3043 2620 3113 quis
2673 3043 2896 3110 objiciat
2945 3045 3099 3098 nobis
3147 3062 3162 3098 :
3205 3044 3487 3112 Quomodo

1910 3134 2111 3203 poterit
2159 3135 2435 3188 Abraham
2486 3135 2536 3187 in
2586 3133 2905 3210 centetutrio
2960 3149 3220 3188 annorum
3260 3151 3484 3188 numero

1909 3228 2119 3295 positus
2147 3226 2379 3280 emortui
2411 3225 2663 3294 corporis
2689 3223 2818 3289 dici,
2864 3224 2954 3294 qui
2984 3235 3330 3294 posteaquam
3362 3240 3482 3281 sus-

1907 3317 2142 3384 cepisset
2169 3315 2339 3381 Isaac,
2385 3324 2440 3371 et
2488 3314 2741 3369 defuncta
2789 3328 2932 3368 esset
2964 3315 3142 3379 Sara,
3192 3332 3312 3384 qua:
3361 3333 3482 3372 eum

1911 3409 2272 3476 nonagenaria
2315 3415 2666 3476 conceperat,
2709 3417 2761 3462 et
2793 3407 3001 3460 vixerat
3057 3408 3216 3460 annis
3267 3416 3481 3462 centum

1907 3499 2098 3569 viginti
2135 3508 2364 3568 septem,
2411 3508 2595 3567 postea
2625 3500 2790 3552 etiam
2833 3515 2994 3566 quam
3045 3514 3314 3552 annorum
3345 3517 3481 3569 qua-

1906 3590 2156 3658 draginta
2203 3589 2382 3643 factus
2417 3588 2567 3642 Isaae
2598 3590 2812 3656 accepit
2848 3589 3146 3643 [lebeecatn
3173 3629 3187 3652 ,
3228 3602 3353 3660 post
3380 3594 3480 3645 ista

1907 3682 2090 3735 Omnia
2142 3681 2402 3733 scribitur
2435 3695 2448 3730 :
2479 3698 2495 3728 ι
2523 3678 2586 3731 Ει
2636 3694 2913 3748 apponens
2951 3679 3226 3734 Abraham
3275 3684 3482 3750 accepit

1907 3785 2132 3824 uxorem
2168 3770 2254 3822 cui
2303 3783 2497 3821 nomen
2552 3767 2791 3823 Cethura
2826 3785 2838 3819 :
2872 3781 2926 3822 et
2968 3770 3175 3838 peperit
3217 3773 3264 3824 ei
3312 3770 3473 3824 Zam-

1908 3878 2020 3915 ram
2047 3860 2144 3930 (9),
2170 3869 2224 3911 et
2255 3859 2470 3924 Jecsan,
2493 3865 2545 3912 et
2567 3858 2780 3922 Madan,
2809 3868 2863 3910 et
2884 3859 3117 3925 Madian,
3151 3871 3204 3914 et
3226 3859 3478 3925 Jeshoch,

1904 3965 1958 4006 et
1987 3953 2095 4006 Sne
2117 3952 2190 4004 ’3?
2223 3971 2240 4001 ι
2278 3950 2562 4016 Quomodo
2585 3967 2714 4018 ergo
2739 3951 3006 4004 videbitur
3027 3955 3258 4008 emortui
3289 3972 3480 4026 corpo-

1908 4045 2002 4108 ris,
2052 4045 2142 4113 qui
2199 4043 2372 4097 multo
2405 4043 2589 4096 senior
2641 4043 2868 4096 elfeclns
2894 4060 3056 4112 quam
3087 4053 3216 4100 tunc
3255 4057 3392 4112 erat,
3429 4061 3482 4103 et

1906 4150 2130 4188 uxorem
2171 4133 2440 4202 accipere,
2495 4145 2552 4187 et
2597 4149 2689 4186 sex
2726 4134 2926 4188 liberos
2973 4137 3086 4206 (l0)
3142 4140 3318 4206 potuit
3366 4156 3482 4208 pro.

1903 4224 2142 4278 creare?
2205 4224 2351 4290 Quas
2405 4223 2747 4292 objectiones
2790 4234 2849 4278 ut
2901 4227 3161 4282 decenter
3211 4231 3483 4307 possinuts

1906 4313 2230 4382 excludere,
2305 4315 2702 4382 expositionem
2769 4318 3001 4369 emortui
3073 4317 3320 4385 corporis
3388 4320 3483 4371 illo

223 4409 547 4479 intelligere,
584 4412 656 4467 ita
699 4421 757 4466 ut
786 4412 1030 4466 dicamus
1059 4422 1113 4466 et
1141 4414 1210 4468 de
1233 4415 1518 4479 charitate,
1539 4415 1680 4470 sicut.
1713 4413 1802 4468 ille
1831 4416 1878 4470 ι)
1911 4404 2306 4468 transierimus,
2345 4416 2402 4458 ut
2431 4403 2676 4460 dicamus
2707 4404 2983 4459 Abraham
3015 4421 3120 4460 non
3168 4407 3482 4462 inﬁrmitate

221 4504 382 4568 dixit,
421 4522 439 4554 ι
462 4504 519 4556 Si
554 4504 783 4559 habeam
817 4522 1032 4562 omnem
1067 4507 1254 4569 ﬁdem,
1279 4527 1298 4558 ι
1335 4506 1388 4562 Si
1422 4507 1644 4562 habeam
1682 4522 1800 4560 om-

225 4610 348 4646 nem
373 4595 701 4648 charitatem
731 4611 745 4648 :
781 4608 837 4651 et
876 4597 1023 4652 illum
1063 4599 1264 4653 habere
1303 4613 1519 4652 omnem
1561 4598 1800 4652 charita-

222 4696 355 4746 lem,
391 4687 486 4754 qni
521 4688 701 4741 omnia
729 4689 816 4742 illa
847 4690 1096 4745 habuerit
1121 4705 1240 4758 qua:
1269 4689 1486 4758 propria
1515 4689 1800 4744 charitatis

221 4777 384 4847 532
440 4789 604 4845 sunt,
665 4781 807 4834 sicut
855 4783 987 4837 dicit
1035 4781 1325 4852 Apostolus
1367 4782 1412 4813 "‘
1449 4803 1461 4835 :
1495 4799 1513 4832 ι
1544 4781 1798 4837 Charitas

223 4872 438 4936 patiens
468 4878 574 4934 est,
600 4871 830 4939 benigna
857 4881 971 4934 est,
1007 4888 1113 4927 non
1163 4870 1400 4940 inﬂatur,
1435 4885 1543 4925 non
1577 4872 1798 4924 aemula-

221 4970 334 5024 tur,
385 4977 495 5014 nnn
535 4962 822 5024 ambitiosa
874 4975 978 5028 est,
1035 4980 1138 5019 non
1173 4978 1455 5034 perperam
1498 4964 1640 5032 agit,
1694 4978 1798 5017 non

291 5076 332 5107 ετ
368 5076 523 5130 Rom.
552 5091 626 5136 tv.
657 5075 749 5132 21.
828 5078 874 5109 ⁸⁸
907 5079 924 5134 l
956 5081 1082 5136 Cor.
1109 5079 1322 5143 xtu,l5.
1395 5079 1442 5119 β’
1481 5077 1588 5132 Tit.
1623 5095 1662 5145 I,
1697 5078 1776 5130 15-

222 5217 268 5248 "
319 5215 528 5269 Coloss.
583 5231 666 5280 Ill,
716 5216 770 5270 5.

294 5327 370 5394 (ϐ)
420 5327 590 5391 Alias,
645 5345 664 5377 ι
695 5329 749 5382 in
783 5343 878 5398 spe
908 5328 1244 5388 creduntur;
1276 5342 1296 5375 ι
1355 5323 1452 5389 aL,
1506 5343 1524 5376 ε
1557 5325 1609 5379 in
1641 5340 1791 5394 spem

225 5402 472 5450 credunt.
504 5415 524 5446 ι

293 5467 371 5533 (7)
413 5467 578 5530 Editi,
617 5483 636 5516 ι
667 5467 863 5532 cuique
894 5466 1258 5532 promittenti,
1295 5485 1313 5517 ι
1355 5465 1510 5518 male.

293 5471 346 5533 (7
413 5471 578 5530 Editi,
617 5483 636 5516 ι
667 5471 863 5532 cuique
894 5471 1258 5532 promittenti,
1295 5485 1313 5517 ι
1355 5471 1510 5518 male.

292 5471 465 5604 milia
501 5547 549 5589 et
602 5538 665 5587 de
703 5536 962 5588 clturitutc
993 5536 1096 5587 diri
1141 5547 1342 5602 potest,
1385 5537 1506 5601 quia
1551 5543 1796 5604 reparata

225 5617 292 5657 est
328 5606 561 5657 Charitas
590 5608 636 5657 ci
663 5608 731 5658 ad
763 5607 1043 5661 iustitiam.
1078 5607 1202 5660 llzt‘c
1243 5606 1623 5661 desiderantur
1656 5605 1794 5670 apud

227 5672 656 5728 Geucbr-trdum.

1855 5079 1901 5110 "°
1927 5077 2085 5133 Rom.
2121 5091 2230 5140 xiv,
2256 5075 2306 5138 i,
2333 5072 2387 5126 2.

220 5145 268 5176 "
295 5145 424 5200 an.
453 5162 582 5205 xm,
617 5146 672 5202 5.
745 5147 793 5179 "
818 5155 830 5201 ‘t
854 5149 980 5206 Cor.
1015 5166 1134 5213 xm,
1166 5138 1225 5214 4,
1259 5149 1313 5213 5,
1347 5149 1402 5202 7.
1473 5149 1518 5179 ’⁷⁵
1557 5138 1713 5203 lium.
1745 5165 1795 5202 tv

1979 5147 2026 5180 το
2063 5138 2326 5210 ῑιήιιζιθ,
2373 5141 2464 5198 20.
2537 5138 2854 5196 "ibid.20.

1901 5393 2022 5468 μή..
2047 5393 2369 5468 _Memb_ram_
2403 5393 2423 5464 ]
2453 5405 2510 5448 et
2553 5393 2736 5449 Zexan
2761 5437 2774 5459 ,
2851 5412 2878 5468 ε

1899 5463 2066 5536 dam]
2119 5475 2175 5536 et
2231 5463 2486 5536 bladiait,
2531 5467 2797 5536 et_Jesoe
2863 5465 3019 5536 [al.,

1899 5533 2091 5588 Jesboe
2115 5534 2132 5604 ι

1906 4498 2108 4551 aetatis
2145 4506 2502 4560 emortuum,
2553 4498 2644 4552 sed
2693 4499 2988 4550 secundum
3034 4496 3178 4549 illam
3224 4499 3476 4551 virtutem

1906 4605 2068 4656 quant
2100 4588 2272 4643 sancti
2316 4588 2370 4641 in
2402 4587 2711 4654 semetipsis
2745 4587 2920 4655 primo
2963 4587 3285 4656 implentes,
3315 4589 3476 4642 etiam

1905 4691 2136 4734 caeteros
2185 4679 2387 4734 habere
2439 4687 2689 4740 monent,
2740 4687 2794 4730 et
2845 4679 3074 4732 dicunt:
3113 4678 3477 4735 (Μυτιιίίρηιε

1907 4773 2149 4827 membra
2177 4780 2358 4826 vestra
2391 4786 2511 4839 quze
2541 4781 2667 4823 sunt
2693 4785 2852 4839 super
2884 4782 3083 4824 terram
3110 4771 3177 4824 "’.
3207 4791 3226 4824 ι
3264 4773 3397 4825 Nam
3423 4784 3477 4827 et

1904 4864 2196 4920 absurdum
2217 4873 2354 4931 puto
2402 4864 2444 4917 si
2497 4862 2596 4916 hoc
2631 4863 2827 4915 bonum
2857 4865 2998 4930 quod
3050 4863 3103 4916 iti
3156 4879 3216 4917 se
3275 4863 3476 4920 Paulus

1907 4959 2097 5016 habuit
2128 4955 2343 5028 (neque
2375 4956 2518 5009 enim
2556 4951 2677 5008 aliis
2721 4955 3014 5022 imperaret
3051 4956 3195 5023 quod
3224 4957 3334 5026 ipse
3367 4974 3472 5009 non

2464 5070 2509 5101 '“
2559 5068 2904 5132 lCor.It,15.
2982 5070 3027 5102 ⁷³
3058 5071 3073 5122 l
3103 5072 3226 5125 Cor.
3268 5091 3381 5134 χιιι.
3413 5076 3469 5130 2.

2932 5141 2976 5172 "’
3006 5138 3144 5196 Gen.
3185 5160 3308 5210 xxv,
3341 5149 3387 5214 l,
3413 5149 3468 5200 ἓ.

1971 5325 2047 5393 (9)
2099 5324 2226 5378 Mss.
2273 5324 2439 5378 nostri
2479 5337 2529 5377 et
2557 5323 2817 5393 [tabanus
2852 5324 3094 5386 habent,
3141 5343 3160 5375 ι
3193 5325 3466 5383 Jetnhram

2403 5393 2423 5464 ]
2453 5405 2510 5448 et
2553 5391 2736 5449 Zexan
2761 5437 2774 5459 ,
2851 5404 2904 5448 et
2937 5395 3150 5466 Madan,
3181 5398 3190 5466 |
3216 5398 3312 5461 al.,
3358 5399 3468 5452 Me-

3097 5463 3312 5532 Jerbclt,
3370 5471 3467 5534 aL,

2161 5545 2214 5586 et
2245 5535 2400 5595 Soe,t
2438 5535 2510 5586 al.
2539 5551 2556 5582 ι
2597 5534 2772 5593 Sne.)

1973 5605 2085 5671 (l0)
2114 5603 2241 5656 Mss.
2273 5603 2463 5667 nostri,
2492 5603 2604 5667 alii,
2644 5621 2769 5658 «sex
2802 5606 3055 5670 liberos,t
3084 5605 3196 5671 alii,
3231 5621 3466 5677 «septem

1903 5674 2121 5728 liberos.
2155 5691 2173 5725 ι
2255 5707 2287 5728 .
2793 5702 2800 5708 ο
