3936 6196
570 746 603 825 ’t

583 814 608 879 Ξι
657 815 811 883 dine,
842 814 988 870 sicut
1010 814 1085 869 illi
1120 815 1185 870 de
1206 814 1404 884 quibus
1443 815 1738 884 Apostolus
1781 817 1913 871 dicit
1944 838 1958 872 ;
1995 834 2013 868 ι
2036 815 2227 871 Melius

592 898 612 976 ξ
653 915 739 962 est
762 907 986 970 nubere,
1013 919 1174 976 quam
1208 906 1291 960 uri
1314 905 1414 960 εί.»
1447 905 1560 962 Hoc
1590 907 1729 961 idem
1758 916 1949 962 eratet
1977 908 2030 961 in
2067 906 2222 970 Sara,

658 251 766 306 93:.
2105 240 2424 295 UlttGENIS
3638 255 3686 311 κ,

660 359 911 432 fecerat),
935 359 1002 426 si,
1030 360 1270 429 inquam,
1290 358 1391 412 hoc
1414 356 1612 411 bonum
1637 355 1778 426 quod
1800 355 1999 412 Paulus
2019 355 2225 420 habuit,
2257 361 2302 417 Α
2334 356 2407 409 ita
2431 354 2644 409 demum
2679 352 2941 423 parturiat
2968 352 3097 409 lilios
3129 356 3384 418 castitatis,
3408 358 3516 413 sicut
3533 370 3571 415 et
3592 369 3690 426 ιιῆπ

660 453 940 509 Abraham
987 462 1193 505 tantum
1240 446 1629 519 patriarcbam,
1682 463 1843 517 quem
1878 448 2041 503 etiam
2066 462 2226 503 suum
2332 447 2399 500 de
2421 460 2526 514 qua
2553 445 2685 500 dicit
2711 446 3001 513 Apostolus
3034 464 3049 500 :
3087 466 3105 497 ι
3143 446 3291 501 Salva
3315 457 3467 502 autent
3496 453 3572 506 erit
3594 463 3691 523 ραι

658 551 866 614 patrem
900 538 1035 593 dicit
1057 536 1349 607 Apostolus
1377 536 1444 603 ε’,
1490 550 1595 589 non
1623 535 1912 592 credamus
1950 536 2225 595 habuisse.
2330 535 2526 590 liorum
2553 537 2981 606 generationem,
3024 537 3067 592 si
3098 538 3425 606 permanserit
3448 540 3491 593 in
3523 541 3692 602 Educta

661 636 786 692 Fuit
813 649 944 704 ergo
974 633 1139 687 etiam
1186 632 1238 686 in
1278 632 1370 686 illo
1399 632 1745 690 mortiﬁcatio
1799 634 1899 691 ista
1954 634 2227 689 membro-
2326 626 2513 682 stitate
2540 627 2608 681 ”.
2647 644 2667 678 ι
2706 624 2857 681 Unde
2883 628 3046 681 etiam
3068 641 3164 694 pro
3200 628 3279 683 his
3304 630 3692 694 conveniremus

658 742 778 782 rum
814 743 829 780 :
860 739 967 779 non
1005 723 1336 778 incitabatur
1367 722 1611 789 luxuria,
1660 741 1766 780 non
1813 726 2074 781 urebatur
2099 724 2212 780 libi-

2138 724 2225 780 ω-
2327 726 2441 772 tum
2483 728 2615 787 puto
2649 734 2665 774 :
2697 738 2717 770 ι
2750 717 2817 772 Et
2857 728 3159 788 reputatum
3195 728 3274 772 est
3312 721 3358 774 ei
3400 722 3460 800 ad
3489 722 3689 790 justitiam

2326 808 2610 876 Quomodo
2638 810 2785 869 enim
2813 825 2922 866 non
2949 811 3015 865 ad
3038 811 3295 880 justitiam
3324 818 3692 887 reputareturtim?

2328 915 2438 956 non
2485 900 2659 956 solum
2709 901 2762 955 in
2810 900 2950 967 ﬁde,
2981 903 3077 956 sed
3110 909 3164 956 et
3211 901 3262 954 in
3298 902 3513 958 omnibus
3543 904 3694 963 virtth

2324 990 2713 1062 perfectionem
2745 991 2961 1046 tenebat
2989 991 3015 1044 ἲ

2398 1082 2452 1136 7.
2477 1100 2496 1133 ι
2517 1081 2631 1137 Non
2648 1093 2731 1137 est
2752 1091 2928 1136 autem
2946 1083 3208 1151 scriptum
3222 1094 3419 1152 propter
3433 1085 3571 1152 ipsum
3584 1096 3695 1149 usta,

2324 1175 2454 1244 quia
2492 1183 2797 1244 reputatmn
2830 1183 2914 1228 est
2943 1174 2991 1227 ei
3022 1175 3088 1228 ad
3121 1173 3396 1240 justitiam,
3421 1176 3497 1229 sed
3530 1186 3573 1228 et
3594 1192 3695 1246 prope

2324 1281 2447 1328 nos,
2478 1267 2675 1336 quibus
2714 1266 3054 1335 reputabitur
3090 1264 3417 1320 credentibus
3435 1267 3480 1320 in
3498 1281 3589 1319 etim
3606 1284 3695 1337 qua

604 953 612 981 ι
656 953 739 962 π-
762 953 986 970 ----τ--,
1016 953 1174 976 ης---η
1211 953 1291 960 —--
1367 953 1409 960 -τ
1447 953 1560 962 --η
1591 953 1729 961 ------
1761 953 1875 962 ----
1899 953 1949 962 --
1978 953 2030 961 -.-
2067 953 2222 970 ww.

607 1000 621 1085 ξ
657 997 782 1068 quia
812 994 1130 1052 defecerant
1165 994 1316 1052 Suras
1348 996 1464 1051 ﬁeri
1494 998 1781 1054 muliebria
1812 999 1881 1051 ⁸⁸.
1932 997 2048 1053 Non
2077 999 2223 1052 enim

653 1100 775 1146 erat
820 1089 875 1144 in
919 1090 1007 1145 illa
1062 1088 1288 1147 lascivia
1326 1089 1645 1158 muliebris,
1689 1100 1784 1148 aut
1815 1091 2223 1148 incontinentiae

654 1180 960 1246 dissolutio,
995 1196 1173 1251 neque
1205 1181 1258 1236 in
1294 1196 1452 1236 usum
1477 1180 1717 1237 libidinis
1747 1181 2225 1251 praecipitabantur

651 1270 809 1326 inviti
848 1289 861 1326 :
887 1271 979 1326 sed
1009 1270 1096 1325 ubi
1130 1270 1357 1324 audiunt
1386 1278 1587 1324 tantam
1615 1270 1949 1342 posteritatis
1969 1286 2143 1340 spem,
2169 1280 2223 1324 et

648 1364 851 1421 sobolis
883 1380 994 1418 suae
1014 1363 1244 1435 gloriam
1274 1361 1413 1419 cmlo
1438 1372 1494 1419 et
1517 1364 1786 1420 sideribus
1805 1364 2220 1433 exatquaudam,

650 1456 740 1510 ubi
781 1455 898 1510 haec
947 1457 1201 1521 audiunt,
1244 1471 1351 1512 non
1398 1455 1670 1526 aspiciunt
1701 1455 1769 1511 ad
1805 1454 2019 1526 propria
2054 1455 2219 1532 bona,

649 1546 715 1599 ad
754 1547 1103 1602 continentia:
1130 1551 1385 1619 gratiam,
1428 1549 1495 1604 ad
1523 1548 1891 1603 membrorum
1926 1547 2221 1603 mortiﬁca-

651 1637 876 1704 tionem,
924 1638 1019 1693 scd
1045 1638 1158 1693 hate
1195 1640 1378 1694 omnia
1426 1655 1546 1709 quae
1594 1639 1696 1694 sibi
1731 1638 1883 1693 lucra
1926 1637 2214 1705 ducebant,

645 1726 980 1781 arbitrantur
1006 1727 1356 1794 detrimenta,
1392 1737 1451 1782 ut
1476 1728 1753 1784 Christum
1782 1727 2122 1784 lucrifacianl
2146 1726 2213 1781 ⁸³.

646 1815 755 1871 Sed
818 1815 1067 1871 fortassis
1122 1831 1337 1872 errasse
1393 1830 1478 1873 me
1513 1816 1717 1880 credis,
1777 1819 1918 1887 quod
1979 1832 2101 1871 cum
2152 1816 2219 1872 de

646 1906 968 1977 posteritate
999 1908 1273 1962 Abraham
1314 1918 1370 1964 et
1398 1909 1607 1964 semine
1641 1907 1755 1977 ejus
1798 1909 1980 1964 dicere
2015 1908 2218 1964 debue-

647 1998 770 2063 iim,
809 1996 877 2052 de
907 1997 1128 2054 Christo
1159 2000 1387 2053 dixerim
1427 1998 1564 2070 (11).
1627 1998 1743 2054 Non
1796 2013 2067 2065 erramus,
2122 1999 2217 2055 sed

645 2107 767 2145 cum
794 2089 1060 2160 Apostolo
1109 2091 1401 2160 loquimur.
1437 2091 1553 2162 Ipse
1588 2092 1734 2146 enim
1769 2092 1881 2147 hcce
1908 2092 1973 2147 de
1998 2091 2216 2147 Christo

643 2180 788 2234 dicta
815 2196 935 2236 esse
961 2180 1360 2251 interpretatur
1387 2198 1510 2238 cum
1539 2185 1671 2238 dicit
1701 2201 1713 2236 :
1747 2203 1765 2235 ‹
1793 2184 2065 2252 Scriptum
2095 2194 2210 2239 est:

641 2274 763 2328 'tibi
797 2274 938 2329 dabo
970 2284 1172 2330 terram
1200 2276 1372 2342 hanc,
1404 2285 1456 2330 et
1487 2277 1681 2331 semini
1723 2286 1835 2331 tuo.
1880 2276 1995 2330 Non
2034 2275 2212 2330 dixit:

641 2366 710 2421 Et
733 2366 1055 2432 seminibus,
1089 2376 1346 2437 tanquam
1375 2368 1429 2423 in
1462 2368 1644 2424 multis
1678 2387 1690 2422 :
1721 2369 1837 2433 sed,
1860 2366 2067 2424 Semini
2101 2376 2212 2433 tuo,

643 2470 896 2529 tanquam
925 2459 977 2513 in
1010 2476 1136 2524 uno,
1184 2460 1276 2531 qui
1318 2470 1400 2515 est
1431 2460 1684 2516 Christus
1710 2461 1778 2516 ".
1802 2480 1820 2513 ι
1862 2459 2028 2516 Vides
2075 2475 2208 2531 ergo

637 2550 913 2619 quomodo
952 2565 1052 2605 nos
1094 2550 1390 2620 Apostolus
1422 2551 1582 2606 docet
1619 2553 1702 2607 sic
1736 2552 2027 2607 Dominum
2057 2553 2213 2610 locu-

642 2651 755 2694 tum
787 2656 906 2696 esse
937 2641 1005 2694 ad
1040 2640 1315 2695 Abraham
1340 2679 1355 2704 ,
1392 2648 1449 2695 ut
1476 2640 1528 2695 in
1560 2642 1768 2696 semine
1804 2657 1904 2697 suo
1932 2643 2209 2699 Christum

643 2731 970 2800 intelligeret
1005 2730 1118 2802 (12)
1148 2732 1344 2786 debere
1374 2732 1562 2787 sentiri
1583 2752 1595 2786 :
1615 2741 1667 2788 et
1691 2732 1760 2788 ob
1790 2733 1892 2789 hoc
1910 2744 2040 2804 puto
2068 2737 2212 2804 quod

641 2822 901 2890 adjecerit
955 2821 1291 2893 Apostolus,
1350 2832 1406 2879 et
1466 2825 1705 2880 dixerit:
1743 2826 1930 2883 «Datis
1979 2828 2208 2897 gloriam

639 2912 749 2966 Deo
778 2913 845 2965 ⁸⁸³.
866 2930 885 2964 ›
924 2911 1035 2966 Non
1063 2912 1206 2967 enim
1235 2923 1440 2969 tantum
1479 2920 1667 2986 gloria:
1694 2916 1967 2970 Abraham
2003 2918 2213 2986 potuis-

2321 1359 2541 1413 scitavit
2566 1357 2749 1414 Jesum
2782 1358 3053 1414 Christum
3080 1358 3357 1412 Dominum
3386 1367 3613 1412 nostram:
3638 1377 3698 1415 Is-

2324 1453 2450 1516 tuis,
2483 1452 2572 1520 qui
2604 1451 2835 1505 traditus
2879 1460 2967 1505 est
3001 1459 3222 1520 propter
3244 1448 3429 1504 delicta
3455 1458 3700 1512 nostrai-tis

2319 1544 2556 1597 surrexit
2580 1553 2801 1611 propter
2822 1541 3261 1611 justiticationem
3283 1547 3493 1594 nostram
3512 1541 3562 1594 ".
3580 1560 3593 1591 ι
3613 1542 3701 1599 llas

2324 1631 2444 1687 loco
2474 1633 2617 1702 quod
2649 1632 2802 1699 dicit,
2829 1651 2848 1684 ‹
2883 1631 2999 1686 Νοη
3028 1642 3247 1700 propter
3278 1631 3434 1702 ipsum
3463 1641 3625 1695 tantum,
3643 1638 3703 1688 ill:-

2321 1722 2666 1792 telligendum
2699 1732 2784 1779 est
2810 1725 2875 1779 de
2895 1725 3041 1794 ipso;
3072 1733 3128 1778 et
3156 1724 3344 1778 iterum
3376 1723 3499 1792 quod
3518 1724 3705 1783 dieinde

2316 1823 2372 1871 ct
2401 1824 2627 1885 pr0pter
2656 1829 2775 1880 nos,
2810 1832 2828 1866 ι
2880 1816 2983 1870 hoc
3009 1825 3089 1869 est
3138 1824 3193 1869 et
3225 1816 3289 1869 de
3332 1814 3484 1869 nobis.
3512 1815 3703 1869 Masilam

2316 1919 2548 1974 namque
2596 1913 2681 1960 est
2756 1905 2887 1977 quia
2933 1910 3041 1967 hoc
3097 1908 3245 1982 quod
3328 1906 3706 1970 diClllll’,thtt§dﬂ

2314 1996 2592 2052 Abraham
2617 1997 2747 2062 Deo,
2771 2008 2827 2052 et
2854 2010 3162 2067 reputatqu
3191 2006 3274 2054 est
3299 1998 3369 2052 illi
3389 1998 3450 2051 ad
3469 1998 3704 2066 justitiam".

2316 2106 2424 2145 non
2457 2099 2742 2159 propterea
2769 2090 2984 2161 Moyses
3010 2093 3237 2160 scripsit
3268 2101 3324 2145 ut
3348 2090 3571 2144 Abraham
3593 2095 3706 2159 legunt

2315 2182 2407 2252 qui
2438 2184 2623 2250 utique
2650 2183 2778 2238 olim
2814 2183 2994 2237 fuerat
3023 2182 3333 2249 defunctus,
3356 2182 3439 2238 sed
3464 2193 3511 2236 ut
3532 2196 3601 2236 nos
3622 2184 3708 2250 ptui-

2315 2284 2461 2330 ctum
2497 2276 2617 2332 lidei
2668 2291 2731 2331 ex
2789 2276 3096 2345 hujusmodi
3133 2276 3365 2333 lectione
3393 2291 3630 2345 caperemus
3649 2278 3707 2339 (liv.

2316 2366 2677 2437 intelligentes
2698 2367 2824 2437 quia
2854 2377 2909 2421 et
2935 2366 2978 2422 si
3014 2380 3117 2421 nos
3154 2366 3233 2420 ita
3254 2365 3511 2421 credamus
3537 2365 3709 2419 Deontii:

2312 2459 2568 2524 credidit,
2592 2461 2755 2513 etiam
2785 2460 2945 2514 nobis
2969 2459 3313 2530 reputabitur
3335 2456 3456 2512 lidcs
3484 2457 3538 2511 ad
3566 2456 3710 2525 justiti:-

2316 2569 2339 2603 ι
2388 2550 2733 2607 credentibus
2786 2551 2839 2604 in
2878 2565 3001 2605 eum
3040 2551 3133 2620 qui
3184 2548 3452 2604 suscitavit
3475 2547 3609 2603 Jcsum
3636 2547 3710 2602 ea.

2313 2652 2455 2696 stum
2519 2642 2803 2696 Dominum
2846 2653 3090 2697 nostrum
3133 2656 3163 2695 a
3199 2640 3437 2697 mortuis.
3471 2660 3487 2692 ι
3513 2637 3714 2693 Velius:
3762 2637 3763 2689 ἓ

2312 2734 2589 2806 requirere
2614 2733 2743 2804 quid
2766 2743 2849 2789 est
2877 2734 3092 2804 quodin
3124 2736 3233 2790 hoc
3253 2735 3365 2789 loco
3395 2731 3619 2802 Apostolus
3636 2731 3715 2784 Dem

2316 2826 2617 2892 nominans,
2643 2827 2728 2882 cui
2762 2827 3035 2883 credimus
3063 2826 3206 2896 (Π),
3242 2836 3297 2881 et
3342 2825 3421 2880 cui
3448 2823 3718 2878 Abraham:-

2312 2918 2467 2981 didit,
2500 2934 2607 2974 non
2640 2919 2800 2984 dixit,
2826 2937 2846 2971 ι
2887 2919 3243 2974 credentibus
3266 2939 3285 2972 ι
3305 2920 3355 2973 in
3385 2917 3527 2971 Deum
3549 2912 3717 2970 excelsa.

637 3012 721 3058 set
761 3002 960 3059 offerre
990 3005 1056 3060 de
1085 3006 1369 3060 nativitate
1408 3005 1585 3070 Isaac,
1628 3018 1884 3076 quantam
1934 3009 2047 3080 (ιῦ)
2081 3011 2211 3065 dare
2238 3022 2280 3080 ο
2312 3010 2422 3077 vel,
2457 3028 2476 3063 ι
2516 3010 2862 3067 credentibus
2885 3010 2940 3065 in
2972 3026 3096 3067 cum
3128 3029 3147 3063 ι
3187 3012 3279 3082 qui
3311 3009 3433 3065 fecit
3452 3007 3602 3063 calum
3620 3016 3653 3058 e'.
3668 3013 3721 3055 lc:-

638 3097 809 3164 potuit
834 3095 1061 3165 gloriam
1100 3096 1229 3161 Deo,
1275 3096 1320 3151 si
1366 3096 1634 3151 intellexit
1679 3098 1955 3154 Christum
2001 3101 2067 3155 de
2110 3117 2208 3157 suo

634 3198 882 3241 emortuo
936 3188 1049 3258 jam
1096 3196 1150 3243 et
1199 3187 1349 3243 vitiis
1382 3187 1645 3251 defaecato
1682 3208 1913 3260 corpore
1964 3196 2206 3250 nascitu-

638 3295 779 3333 rum.
805 3278 914 3334 Sed
948 3289 1001 3334 et
1033 3292 1086 3334 tu
1122 3280 1168 3336 si
1205 3280 1499 3338 mortiﬁces
1543 3286 1782 3340 membra
1810 3296 1899 3341 tua
1928 3303 2048 3357 quae
2083 3298 2209 3344 sunt

633 3384 796 3438 super
829 3380 1028 3425 terram
1060 3372 1129 3437 ⁸⁸,
1161 3371 1229 3437 si,
1268 3373 1482 3443 abiecto
1509 3377 1656 3430 omni
1710 3377 1923 3434 fervore
1968 3378 2208 3435 libidinis

634 3470 940 3516 emortuum
972 3478 1157 3519 serves
1181 3474 1237 3519 et
1268 3464 1436 3521 nullis
1469 3468 1765 3523 obnoxium
1802 3470 1950 3525 vitiis
1985 3485 2206 3541 corpus,

630 3559 783 3622 potes
839 3554 1005 3608 etiam
1062 3565 1117 3609 tu
1163 3555 1372 3612 fructus
1422 3574 1487 3613 ex
1537 3572 1603 3614 eo
1650 3561 1888 3631 optimos
1920 3579 2204 3633 generare,

631 3664 787 3721 potes
833 3660 1098 3716 generare
1122 3644 1299 3713 Isaac,
1331 3652 1473 3719 quod
1503 3663 1582 3708 est
1614 3653 1897 3725 gaudium;
1935 3663 1991 3709 et
2015 3654 2101 3709 hic
2127 3667 2209 3711 est

634 3737 845 3804 primus
907 3737 1135 3806 spiritus
1205 3738 1467 3795 fructus:
1518 3752 1695 3811 potest
1764 3757 1949 3798 semen
2020 3753 2204 3810 tuum,

633 3831 684 3881 it
739 3839 845 3894 est,
893 3845 1057 3901 opera
1097 3841 1185 3886 tua
1237 3831 1351 3903 (14)
1406 3835 1700 3889 ascendere
1754 3835 1823 3889 ad
1875 3834 2111 3901 cmlum,
2152 3844 2207 3890 et

631 3918 767 3974 rliici
809 3935 973 3989 Opera
1020 3922 1194 3991 lucis,
1232 3935 1287 3977 et
1328 3924 1609 3980 stellarum
1655 3925 1851 3997 fulgori
1905 3925 2206 3996 splendori-

630 4024 738 4074 qne
783 4008 1058 4076 conferri,
1104 4022 1164 4066 ut
1216 4029 1339 4069 cum
1397 4016 1516 4072 dies
1553 4017 1976 4073 resurrectionis
2018 4017 2204 4073 adfue-

634 4098 724 4161 rit,
789 4106 1045 4168 tanquam
1085 4101 1238 4157 stella
1283 4119 1312 4157 a
1352 4107 1507 4161 stella
1558 4106 1672 4181 (lli)
1722 4109 1941 4166 dill‘eras
1993 4110 2048 4165 in
2088 4111 2203 4167 cla-

634 4189 794 4243 ritate
839 4188 908 4244 ⁸⁷.
944 4191 1194 4262 Amplius
1241 4195 1419 4252 adhuc
1468 4197 1591 4254 dico
1627 4216 1644 4254 :
1684 4209 1838 4269 potes
1873 4203 1920 4256 si
1961 4211 2069 4257 tam
2105 4220 2204 4274 pu-

633 4295 723 4335 rus
746 4279 907 4353 533
934 4291 1133 4349 mente,
1168 4295 1275 4340 tam
1318 4297 1538 4344 sanctus
1567 4304 1819 4361 corpore,
1863 4301 1968 4348 tam
2004 4292 2202 4350 imma-

628 4371 843 4428 culatus
868 4373 1080 4429 actibus
1100 4374 1289 4441 fueris,
1331 4376 1495 4431 etiam
1535 4351 1708 4447 ipsum
1739 4351 1999 4449 generare
2038 4380 2202 4437 Chri-
2230 4351 2279 4407 Β

627 4471 790 4528 stum,
827 4466 1121 4521 secundum
1155 4466 1303 4522 illum
1343 4469 1434 4538 qui
1465 4468 1681 4526 dicebat
1726 4488 1741 4526 :
1780 4489 1800 4523 ι
1842 4470 2019 4528 Filioli
2067 4474 2200 4541 mei,

627 4571 762 4624 quos
791 4556 985 4613 iterum
1015 4560 1281 4628 parturio,
1328 4564 1504 4619 donec
1552 4564 1820 4620 formetur
1849 4563 2100 4621 Christus
2144 4566 2198 4621 in

625 4647 779 4702 vobis
800 4647 869 4703 ⁸⁸.
902 4667 923 4701 ι
955 4649 1022 4705 Ει
1050 4650 1131 4705 sic
1161 4651 1274 4721 ipse
1323 4653 1391 4709 de
1428 4669 1488 4709 se
1521 4654 1779 4712 Dominus
1815 4656 1946 4711 dicit
1984 4673 1999 4710 :
2044 4675 2062 4708 ι
2094 4656 2197 4725 Qui

626 4736 815 4791 fecerit
838 4738 1170 4794 voluntatem
1204 4742 1383 4798 Patris
1416 4745 1518 4799 mei
1563 4746 1653 4816 qui
1687 4746 1740 4801 in
1774 4746 1930 4802 caelis
1955 4755 2057 4813 est,
2083 4748 2200 4817 ipse

626 4841 779 4881 meus
806 4827 994 4892 frater,
1021 4839 1076 4884 et
1106 4844 1262 4885 soror
1281 4870 1296 4895 ,
1327 4839 1383 4886 et
1427 4843 1603 4889 mater
1624 4843 1709 4891 est
1734 4835 1802 4890 ⁸⁸.
1846 4856 1867 4889 ο
1906 4837 2035 4903 Quae
2069 4849 2198 4906 ergo

621 4916 729 4972 erit
769 4927 943 4973 mater
968 4917 1120 4986 Jesu,
1167 4921 1269 4976 nisi
1308 4923 1464 4993 cujus
1501 4926 1657 4980 vulva
1704 4937 1951 4982 emortua
1981 4937 2065 4983 est
2091 4927 2116 4981 ?
2140 4936 2198 4982 ut

2312 3117 2449 3164 ram,
2477 3102 2558 3155 vel
2592 3119 2612 3153 ι
2658 3102 2710 3156 in
2744 3117 2868 3156 eum
2920 3121 2939 3154 ι
2980 3103 3070 3171 qui
3122 3102 3255 3157 fecit
3296 3100 3495 3172 angelos
3524 3106 3721 3159 extensi”

2309 3188 2547 3246 cmlestis
2590 3189 2776 3261 gloria:
2822 3190 3091 3258 virtutes;
3124 3191 3224 3247 sed
3251 3192 3367 3246 ait:
3411 3209 3429 3242 ς
3463 3189 3537 3259 qui
3562 3184 3722 3241 suscitavit

2310 3283 2596 3339 Dominum
2619 3282 2800 3338 Jesum
2829 3299 2861 3338 a
2894 3284 3143 3339 mortuis.
3180 3302 3202 3337 ι
3228 3283 3339 3351 Qua
3366 3297 3481 3351 ergo
3507 3283 3559 3334 de
3577 3276 3721 3333 causai

2310 3378 2772 3446 comparationem
2828 3376 2950 3432 ﬁdei
2999 3378 3235 3433 Abrahae
3280 3376 3457 3430 titulus
3485 3376 3723 3428 isteresm-

2311 3464 2511 3520 ctiouls
2573 3465 2786 3520 Domini
2846 3468 3145 3522 assumitur
3214 3466 3546 3536 requiramus.
3584 3458 3723 3526 Nutiun

2308 3555 2587 3611 Abraham
2641 3555 2696 3610 in
2747 3571 2871 3612 cum
2904 3557 3217 3613 crediderat
3247 3559 3338 3628 qui
3379 3554 3607 3613 suscitavit
3627 3550 3724 3603 licet

2312 3662 2437 3701 tutm
2497 3646 2681 3703 Jesum
2722 3663 2750 3700 a
2800 3651 3065 3716 mortuis,
3103 3663 3228 3703 cum
3264 3647 3415 3704 Jesns
3457 3659 3558 3703 tunc
3594 3642 3723 3695 modii

2308 3736 2501 3792 fuisset
2553 3738 2907 3795 resuscitatus
2942 3755 2972 3793 a
3008 3740 3239 3796 mortuis
3271 3741 3295 3795 2
3326 3738 3480 3795 Velini
3507 3750 3604 3806 ergo
3628 3730 3722 3786 ωοεί·

2310 3829 2504 3885 derare
2526 3830 2654 3899 quid
2687 3831 2859 3885 visunt
2882 3833 2953 3887 sit
2981 3832 3150 3888 Paulo
3182 3831 3501 3903 promittenti
3536 3820 3724 3890 nobisqui!

2310 3918 2452 3973 sicut
2478 3919 2713 3975 Abrahae
2744 3930 2991 3990 reputata
3039 3931 3123 3977 est
3171 3921 3411 3978 credenti
3447 3921 3558 3975 ﬁdes
3587 3912 3725 3981 adjusli'

2308 4011 2461 4075 tiam,
2487 4010 2561 4064 ita
2602 4019 2656 4066 et
2700 4011 2854 4066 nobis
2891 4015 3234 4081 reputabitur
3276 4008 3726 4069 eredentibusinew

2308 4102 2397 4171 qui
2436 4103 2717 4158 suscitavit
2738 4103 2920 4159 Jesum
2963 4106 3254 4161 Dominum
3286 4115 3512 4162 nostrum
3535 4118 3559 4155 a
3586 4094 3725 4152 mutuis

2307 4192 2363 4247 ¹¹¹
2390 4208 2497 4263 (Ιυο
2521 4208 2621 4265 θΒο
2657 4210 2755 4265 pro
2785 4196 3055 4265 parvitate
3096 4211 3291 4252 sensus
3320 4196 3419 4251 mei
3458 4192 3566 4248 illud
3587 4190 3727 4242 adverte.

2305 4285 2449 4355 quod
2485 4286 2654 4341 multo
2680 4289 2755 4342 sit
2781 4289 3214 4358 magniﬁcentius
3245 4290 3296 4343 in
3329 4288 3548 4343 laudibus
3566 4280 3630 4337 Dei
3652 4292 3729 4330 r6!-

2306 4377 2534 4434 seitasse
2563 4376 2745 4433 Jesum
2771 4381 3055 4436 Dominum
3105 4394 3351 4437 nostrum
3383 4395 3410 4432 a
3437 4373 3631 4433 mortuis,
3645 4380 3729 4435 qui

2309 4466 2505 4525 fecisse
2533 4471 2729 4526 caelum
2760 4482 2816 4527 et
2857 4482 3080 4539 terram,
3106 4489 3324 4529 creasse
3349 4469 3561 4541 angelus,
3581 4472 3618 4518 el
3644 4457 3730 4512 celt-

2307 4571 2421 4616 stes
2450 4561 2756 4617 condidisse
2787 4563 3037 4619 virtutes.
3070 4562 3205 4619 Illud
3238 4565 3382 4619 enim
3407 4561 3496 4614 fuit
3525 4556 3653 4610 lacere
3672 4558 3730 4614 φτ

2306 4667 2411 4707 non
2446 4665 2621 4718 erant,
2654 4655 2755 4711 hoc
2783 4665 2964 4710 autem
2994 4671 3249 4725 reparare
3267 4670 3386 4727 quae
3412 4651 3645 4724 perierant.
3664 4634 3730 4693 Illa!

2306 4742 2408 4797 fuit
2432 4745 2668 4798 nondum
2697 4745 2872 4800 deleta
2899 4746 3209 4809 instituere,
3234 4747 3337 4801 hoc
3353 4744 3459 4812 jam
3490 4728 3729 4794 Λυκωπδῦ

2305 4840 2456 4887 tuere
2513 4832 2648 4905 (18).
2680 4834 2816 4889 Illud
2878 4836 3111 4907 denique
3161 4836 3420 4907 jussione,
3462 4833 3549 4887 hoc
3581 4820 3731 4896 μεθείω

2302 4929 2603 5000 perfectum
2647 4939 2752 4985 est.
2805 4928 2913 4984 Sed
2946 4927 3107 4998 hujus
3158 4930 3294 4983 tanti
3328 4937 3526 4996 umque
3567 4908 3730 4984 tragulis

693 5039 741 5118 ξ
769 5037 928 5118 item.
951 5056 1028 5106 tv,
1059 5041 1124 5118 nl.
1186 5040 1292 5118 _°_'_l
1317 5044 1446 5118 Cor.
1485 5061 1585 5112 vn,
1612 5046 1685 5118 9.7
1744 5045 2122 5118 “_Geu.xvtit,
2148 5049 2288 5104 li.”
2313 5049 2511 5118 Philip.
2546 5068 2629 5115 ut,
2663 5051 2719 5117 7,
2746 5051 2798 5106 8.
2873 5050 2921 5084 “
2941 5051 3119 5108 Galat.
3150 5067 3234 5116 Ill,
3270 5049 3355 5106 16.
3425 5026 3727 5118 “donni-"39'

625 5107 1029 5187 :‘_Coloss:_ttt_,
1056 5110 1112 5165 5.
1184 5112 1230 5145 ⁸⁷
1261 5112 1432 5187 Ιροιι.
1490 5107 1583 5185 xv,
1628 5117 1719 5171 41.
1792 5115 1839 5147 ⁸⁸
1865 5117 2040 5175 Galat.
2097 5107 2172 5185 tv,
2218 5120 2303 5175 l9.
2380 5121 2428 5153 δ’
2453 5107 2644 5177 Matth.
2683 5107 2782 5186 in,
2817 5121 2907 5176 50.
2962 5107 3028 5154 7”
3054 5120 3075 5175 Ι
3102 5107 3244 5177 Τὶιιί.
3269 5134 3329 5187 tt,
3362 5120 3445 5175 15.
3507 5109 3729 5164 ¹¹Βοιηιίτν

621 5177 814 5235 23-25.
889 5181 936 5212 ”
977 5181 1115 5237 Gen.
1150 5197 1249 5250 ιν,
1291 5183 1343 5239 6.

667 5298 805 5377 ,(11)
838 5300 1043 5367 Al.,iet
1078 5303 1309 5379 seminis
1341 5303 1620 5379 ejus‘jal"
1676 5320 1730 5364 et
1769 5312 1978 5367 semine
2032 5306 2185 5379 ejus]

626 5365 887 5434 dicerem,
923 5365 1026 5426 non
1060 5373 1340 5428 debuerim
1369 5365 1442 5429 de
1463 5365 1682 5430 Christo
1709 5365 1964 5431 diceresi

697 5438 810 5519 (li)
847 5441 1019 5506 Alias,
1057 5459 1076 5493 ς
1104 5444 1460 5515 intelligeres.
1492 5465 1510 5497 δ
1557 5445 1668 5511 Al.,
1689 5465 1705 5497 ι
1738 5446 1962 5518 intelligi
1992 5447 2189 5504 debere

623 5517 869 5562 sentiret.
901 5529 919 5560 ι

695 5575 808 5643 (13)
858 5579 967 5662 AL,
1026 5582 1186 5638 «Non
1239 5582 1385 5638 enim
1443 5592 1647 5641 tantam
1702 5585 1961 5662 gloiiam,
2020 5603 2189 5658 quan-

625 5654 754 5709 tum,
785 5664 804 5698 ι
847 5657 953 5703 etc.

2520 5304 2692 5367 Alias,
2728 5322 2749 5359 α
2770 5314 2826 5360 et
2855 5318 3022 5375 opera
3053 5311 3167 5371 tua,
3190 5321 3209 5357 ι
3245 5314 3350 5360 etc.
3641 5363 3669 5375 ﬂ
3701 5349 3706 5375 ε

2510 5378 2552 5430 Α
2592 5362 2768 5429 stella.
2803 5362 2924 5430 Haec
2971 5375 3133 5430 verba
3152 5362 3357 5431 'desunt
3389 5374 3437 5426 in
3465 5362 3609 5425 editis,
3637 5363 3673 5409 et
3701 5362 3730 5399 ιι

2368 5304 2483 5448 ἓξὲξ

2298 5446 2555 5519 pluribus
2574 5460 2704 5519 mss.

2397 5518 2481 5582 l6)
2517 5515 2682 5578 Editi,
2710 5532 2729 5565 ι
2766 5528 3046 5584 paremus,
3078 5532 3098 5566 ι
3141 5513 3298 5569 male.

2399 5584 2480 5656 l7)
2518 5585 2685 5656 Alias,
2717 5602 2736 5636 ι
2772 5585 2863 5652 qui
2893 5585 3140 5656 credidit.
3184 5602 3202 5634 ι

2367 5636 2480 5725 ξω)
2519 5636 2685 5721 Edill;
2720 5672 2740 5707 ί
2773 5636 3340 5724 quodpericratJllud
3368 5652 3459 5705 l'uit
3481 5636 3730 5704 nuntiantur
