3986 6206
320 271 437 327 985

1276 274 1636 332 COMMENT.
1677 275 1743 331 IN
1784 273 2004 332 EPIST.
2046 275 2137 331 AD
2174 276 2342 334 ROM.
2377 277 2504 334 LIB.
2546 277 2634 333 IV.

3471 288 3574 344 986

320 386 573 457 lltystt‘rii
607 386 658 442 in
692 388 806 465 ﬁde
833 388 1065 445 Abrahae
1095 389 1267 446 forma
1308 403 1363 448 et
1400 394 1579 463 imago
1610 410 1897 464 prtccesse-
1929 403 1977 455 Δ
2004 396 2146 450 sicut
2186 413 2282 454 nec
2310 398 2399 452 lux
2438 412 2560 452 cum
2584 397 2852 462 tenebris,
2881 412 2980 454 nec
3023 399 3130 453 vita
3164 414 3287 455 cum
3314 411 3487 456 morte
3502 405 3572 459 ”.

320 487 433 531 rat.
458 476 553 532 Ille
586 477 730 532 enim
768 481 1072 534 crediderat
1109 496 1232 535 cum
1275 482 1473 539 olTerre
1506 486 1723 539 unicum
1746 485 1902 553 jube-

317 578 499 637 retur,
530 570 658 640 quia
689 579 742 625 et
773 587 803 623 a
834 573 1062 627 mortuis
1082 590 1206 629 eum
1248 578 1515 633 suscitare
1546 586 1733 646 potens
1757 587 1901 634 esset

265 680 274 687 ·
316 658 498 723 Deus;
525 660 828 714 crediderat
854 662 1018 716 etiam
1059 666 1205 732 quod
1240 682 1345 721 non
1391 668 1464 720 illi
1515 677 1720 722 tantunt
1750 668 1901 724 Isaac

315 763 411 804 res
438 758 566 804 tunc
600 760 900 820 gereretur,
926 753 1019 807 sed
1049 764 1104 808 et
1129 757 1322 811 semini
1353 756 1472 826 ejus
1510 759 1604 827 qui
1633 768 1713 813 est
1737 758 1897 814 Chri-

310 848 460 904 stus,
486 838 643 907 plena
670 843 999 897 sacramenti
1039 844 1241 899 veritas
1272 856 1600 901 servaretur.
1644 846 1773 902 inde
1803 850 1897 902 de-

236 932 241 937 ’
312 930 483 999 niqne
512 932 755 1000 gaudens
775 934 993 989 unicum
1027 932 1315 1001 oﬂ'erebat,
1352 938 1476 1006 quia
1504 938 1558 993 in
1585 954 1649 993 eo
1673 954 1780 993 non
1805 939 1894 993 itt-

312 1023 542 1075 teritutn
579 1025 933 1091 posteritatis,
983 1027 1079 1081 sed
1132 1030 1534 1097 reparationem
1589 1031 1795 1097 mundi,
1839 1040 1894 1087 et

309 1111 719 1169 innovationem
753 1116 913 1172 totius
948 1129 1234 1183 creaturae,
1266 1135 1386 1189 quae
1413 1135 1511 1189 per
1537 1123 1894 1189 resurrectio-

306 1218 436 1257 nem
485 1196 699 1259 Domitti
747 1208 998 1263 restituta
1036 1219 1141 1273 est,
1176 1211 1476 1279 cogitabat,
1508 1223 1563 1267 et
1612 1213 1731 1269 ideo
1761 1215 1891 1269 dicit

303 1295 576 1351 nonanus
609 1299 674 1352 de
709 1313 795 1361 eo,
818 1300 943 1367 qttia
967 1319 985 1352 ι
1023 1301 1293 1355 Abraham
1326 1314 1480 1372 pater
1506 1312 1683 1360 vester
1707 1306 1890 1360 exsul-

301 1388 445 1442 tavit
480 1398 537 1442 ttt
572 1390 777 1443 videret
824 1391 966 1446 diem
1020 1407 1242 1458 meum;
1292 1405 1346 1448 et
1396 1394 1531 1449 vidit
1569 1405 1625 1451 ct
1666 1397 1888 1465 gavisus

297 1491 385 1535 est
410 1478 480 1534 ”.
514 1502 532 1529 ι
576 1479 686 1535 lloc
725 1496 855 1551 ergo
887 1486 1046 1537 modo
1076 1494 1448 1552 competenter
1482 1487 1754 1542 videbitur
1789 1488 1886 1543 ha-

298 1573 411 1625 hita
439 1574 776 1642 comparatio
821 1574 943 1627 lidei
988 1576 1290 1640 Abraham,
1321 1588 1374 1633 ct
1407 1594 1597 1634 eorum
1637 1580 1729 1649 qui
1756 1595 1882 1634 cre-

293 1665 436 1715 dunt
467 1664 520 1716 in
561 1669 705 1716 cum‘
731 1665 819 1734 qui
870 1664 1150 1719 snsritavit
1188 1667 1473 1723 Dominum
1506 1668 1724 1735 Jesuttt;
1755 1671 1879 1738 quia

290 1753 443 1823 quod
479 1752 570 1807 ille
607 1752 844 1807 futurum
873 1755 1125 1819 credidit,
1145 1772 1174 1809 ιι
1205 1757 1358 1811 nobis
1389 1759 1631 1812 creditur
1652 1759 1877 1814 factum.

293 1845 478 1899 Simul
506 1854 685 1899 autem
720 1856 775 1899 et
809 1845 939 1899 illud
964 1847 1272 1901 ostenditur
1304 1850 1446 1917 quod
1475 1850 1745 1907 haerezicis
1774 1867 1878 1905 non

289 1938 498 2005 placet,
542 1936 670 2006 quia
706 1935 847 1992 Deus
878 1939 963 1993 cui
998 1940 1230 1994 credidit
1280 1941 1580 2006 Abraham,
1625 1953 1681 1997 et
1719 1942 1876 1997 lident

287 2028 415 2096 t-jus
449 2030 516 2081 ad
550 2029 827 2098 justitiam
863 2031 975 2102 (19)
1010 2033 1281 2103 reputavit
1318 2032 1385 2096 ⁸⁵,
1418 2033 1533 2098 ipse
1575 2043 1655 2088 est
1697 2035 1787 2102 qui
1824 2044 1880 2090 et

288 2120 585 2174 Dominum
624 2117 806 2174 Iesum
855 2124 1197 2176 resuscitavit
1222 2137 1251 2175 a
1282 2125 1554 2190 mortuis;
1593 2140 1690 2178 nec
1717 2124 1878 2179 relin-

282 2210 484 2280 quitur
524 2210 674 2264 locus
701 2220 759 2262 ut
790 2210 929 2265 alius
970 2211 1111 2266 Dens
1130 2213 1290 2283 legis,
1314 2214 1451 2267 alius
1472 2214 1680 2269 Domini
1706 2216 1872 2269 nostri

280 2300 419 2355 Jestt
461 2299 662 2355 Christi
715 2300 874 2355 Pater
922 2301 1277 2371 intelligatur.
1326 2304 1433 2358 Sed
1486 2306 1663 2360 adhuc
1697 2307 1874 2375 requi-

284 2408 500 2453 ramus,
556 2407 676 2444 cum
725 2395 835 2445 sint
863 2392 1262 2462 quamplurima
1311 2408 1431 2462 qua:
1473 2394 1721 2449 Christus
1750 2407 1874 2450 esse

280 2480 666 2547 dicunt-(nant
697 2489 753 2533 ct
805 2479 1100 2548 sapientia,
1146 2490 1200 2534 et
1249 2479 1784 2548 virtus.etjustitia,
1815 2489 1872 2534 et

280 2575 539 2635 verbum,
572 2581 631 2625 et
674 2572 896 2637 veritas,
928 2579 982 2625 et
1025 2571 1134 2624 vita
1178 2573 1294 2640 ipse
1346 2572 1647 2641 appellatur
1673 2570 1740 2640 ")
1770 2585 1870 2625 cur

280 2662 639 2725 potissimum
684 2663 750 2716 de
785 2664 1192 2718 resurrectione
1237 2660 1355 2730 ejus
1409 2664 1460 2715 in
1520 2662 1624 2716 title
1681 2671 1865 2716 nostra

277 2754 582 2824 Apostolus
617 2754 727 2827 (20)
761 2754 923 2809 faciat
958 2755 1303 2809 mentionem.
1341 2753 1477 2808 Dicit
1503 2753 1555 2807 in
1579 2753 1702 2808 aliis
1728 2754 1866 2808 idem

276 2848 600 2916 Apostolus,
627 2849 751 2917 quia
777 2867 794 2898 ι
824 2864 944 2901 cum
980 2848 1199 2902 Christo
1222 2847 1548 2901 coexcitavit
1581 2862 1676 2901 nos
1703 2846 1864 2913 Deus,

277 2949 341 2994 et
362 2938 525 2993 simul
570 2954 692 2992 cunt
743 2939 859 3006 ipso
895 2939 1086 2992 sedere
1120 2937 1246 2991 fecit
1297 2937 1349 2991 in
1393 2938 1704 2992 etelestihns
1733 2937 1800 2992 9‘.
1841 2957 1859 2990 ι

2003 487 2077 542 Ita
2102 503 2232 559 ergo
2255 501 2309 545 et
2337 490 2683 544 credentibus
2709 490 2928 558 quidem
2974 491 3217 556 Christo,
3259 508 3357 547 nec
3389 504 3568 548 tamen

2002 580 2396 649 deponentibus
2435 592 2675 637 veterem
2715 583 2985 636 hominem
3030 596 3153 635 cum
3203 584 3414 637 actibus
3459 587 3572 639 suis

2003 668 2222 736 injustis
2248 671 2290 733 ¹,
2325 672 2457 725 lides
2510 674 2751 739 reputari
2801 686 2906 724 non
2958 680 3136 739 potest
3170 673 3238 725 ad
3274 673 3568 741 justitiam.

1997 756 2177 816 Simili
2202 771 2382 816 autem
2410 763 2568 815 tnodo
2596 776 2879 829 possumus
2914 763 3120 826 dicere,
3140 761 3263 831 quia
3296 763 3438 817 sicut
3483 765 3568 816 itt-

1988 850 2136 919 justo
2193 867 2297 906 non
2347 865 2521 922 potest
2554 854 2763 922 jttstitia
2818 854 3088 922 reputari,
3135 854 3206 906 ita
3251 868 3351 907 nec
3396 854 3571 922 impn-

1995 943 2119 998 dico
2148 945 2429 1014 pudicitia,
2464 961 2565 1001 nec
2601 946 2788 1015 iniquo
2815 945 3070 1013 aequitas,
3101 960 3198 1000 nec
3232 960 3400 999 avaro
3426 945 3567 999 libe-

1997 1035 2205 1100 ralitas,
2242 1053 2342 1092 nec
2371 1038 2538 1107 impio
2570 1037 2746 1107 pietas
2778 1035 3013 1105 reputari
3048 1045 3243 1102 potest,
3274 1036 3445 1092 donec
3475 1051 3567 1089 ve-

1996 1133 2134 1178 tttsta
2166 1126 2419 1179 vitiorum
2454 1126 2767 1179 indumenta
2802 1140 2906 1179 non
2937 1124 3142 1193 abjicit,
3209 1135 3263 1179 ct
3285 1144 3304 1178 ι
3335 1142 3565 1180 novum-

1991 1227 2051 1268 se
2076 1213 2252 1268 induit
2274 1214 2384 1286 (22)
2406 1229 2425 1263 t
2450 1208 2859 1285 ltomittem,qui
2882 1214 3180 1267 secundum
3214 1213 3379 1266 Deum
3411 1228 3565 1267 crea-

1989 1308 2076 1355 tus
2102 1310 2205 1363 est.
2237 1314 2289 1355 et
2322 1312 2610 1355 renovatur
2636 1303 2688 1355 itt
2723 1302 3000 1370 agnitione
3044 1301 3139 1356 Dei
3178 1302 3243 1354 ad
3275 1302 3563 1372 imaginem

1986 1390 2104 1459 ejus
2128 1391 2218 1459 qui
2251 1393 2455 1446 creavit
2484 1396 2607 1445 eum
2632 1393 2674 1446 ³.
2721 1410 2741 1443 ι
2775 1391 3066 1460 Propterea
3111 1392 3255 1447 enim
3304 1401 3358 1448 et
3383 1394 3435 1448 in
3470 1407 3561 1449 se-

1985 1482 2280 1549 quentibus
2308 1484 2553 1553 adjungit
2582 1492 2636 1537 et
2663 1483 2794 1537 dicit
2823 1485 2893 1538 de
2936 1484 3167 1538 Domino
3188 1481 3313 1540 Jestt
3343 1504 3357 1539 :
3396 1504 3413 1536 ι
3456 1484 3559 1552 Qui

1987 1571 2222 1626 traditus
2265 1581 2384 1633 est,
2446 1573 2656 1640 inquit,
2715 1582 2935 1640 propter
2983 1584 3200 1641 peccata
3250 1583 3457 1639 nostra,
3505 1583 3563 1630 et

1987 1669 2287 1721 resurrexit
2316 1676 2537 1736 propter
2578 1666 3019 1734 jnstilicationem
3052 1676 3290 1723 nostram
3322 1670 3343 1701 ²
3376 1686 3391 1733 ;
3437 1688 3457 1721 ι
3502 1678 3563 1722 ιιι

1984 1759 2239 1813 ostendat
2272 1759 2396 1827 quia
2432 1774 2493 1812 ea
2523 1774 2620 1826 pro
2664 1738 2862 1826 quibus
2896 1756 3147 1813 Christus
3197 1761 3426 1814 traditus
3450 1771 3558 1823 est,

1981 1850 2145 1903 etiam
2179 1864 2278 1903 nos
2314 1850 2611 1903 abhorrere
2634 1850 2949 1910 debeamus,
2973 1860 3024 1903 et
3055 1849 3310 1919 abjicere.
3337 1849 3390 1903 Si
3414 1851 3563 1905 enim

1981 1950 2205 2009 propter
2223 1949 2440 2008 peccata
2469 1952 2655 1993 nostra
2699 1941 2954 1994 traditum
2974 1956 3095 1994 cum
3116 1940 3409 2002 credimus,
3431 1954 3563 2009 quo-

1978 2032 2139 2086 modo
2168 2047 2276 2086 non
2314 2032 2554 2086 alienum
2602 2033 2756 2086 nobis
2778 2043 2827 2087 et
2862 2033 3138 2087 inimicum
3162 2033 3380 2087 ducitur
3399 2046 3564 2086 omne

1980 2131 2294 2191 peccatum,
2327 2138 2424 2191 pro
2455 2138 2561 2191 quo
2599 2123 2927 2192 Redemptor
2958 2135 3144 2177 uoster
3170 2125 3404 2178 tradittts
3442 2138 3551 2179 me-

1978 2223 2223 2266 moratur
2276 2213 2330 2267 itt
2394 2212 2677 2267 mortem?
2732 2211 2864 2265 Nam
2918 2212 2961 2265 si
3014 2212 3168 2265 nobis
3211 2211 3394 2279 aliqua
3434 2228 3552 2266 rur-

1975 2317 2094 2358 sum
2124 2303 2358 2357 societas
2395 2317 2516 2356 cutn
2549 2310 2793 2369 peccato,
2824 2310 2918 2353 aut
2940 2300 3180 2354 amicitia
3221 2300 3336 2362 fiat,
3363 2310 3559 2354 oste-ts

1973 2398 2155 2451 ditttus
2184 2396 2327 2464 quod
2366 2394 2500 2449 nihil
2553 2393 2816 2448 ducamus
2865 2403 3093 2445 mortem
3147 2391 3351 2446 Christi
3398 2391 3555 2453 Jesu,

1971 2488 2358 2558 amplectentes
2406 2496 2461 2541 et
2489 2481 2791 2554 'sequentes
2830 2499 2891 2539 ea
2931 2500 3055 2553 quae
3095 2483 3184 2539 ille
3218 2484 3549 2554 expugnavit

1970 2591 2027 2635 et
2074 2584 2221 2635 vicit.
2274 2579 2438 2648 quue
2489 2587 2658 2633 totum
2685 2576 2845 2631 simul
2874 2586 3203 2631 connectens
3233 2577 3543 2646 Apostolus,

1973 2680 2226 2739 tanquam
2247 2686 2446 2739 corpus
2478 2671 2654 2738 ipsum
2674 2668 2919 2743 peccati,
2947 2667 3316 2720 indumentum
3345 2672 3548 2721 veteris

1971 2763 2206 2818 hominis
2231 2762 2560 2834 appellavit,
2587 2761 2730 2831 quod
2767 2759 3140 2826 deponendum
3184 2758 3375 2814 suadet
3406 2760 3427 2823 ξ
3463 2759 3548 2812 his

1967 2856 2059 2925 qtti
2085 2855 2313 2910 credunt
2333 2855 2382 2907 ei
2409 2854 2502 2924 qui
2525 2850 2809 2907 suscitavit
2843 2849 3125 2903 Dominum
3154 2847 3335 2902 Jesum
3355 2865 3381 2901 a
3402 2865 3548 2902 mor-

1968 2953 2097 3015 tuis,
2131 2962 2188 3000 ιιι
2210 2946 2421 3017 ahjecto
2454 2945 2770 3000 indumento
2802 2940 3083 3009 iujustitize
3110 2940 3335 2994 induant
3366 2957 3423 2994 se
3451 2942 3547 2991 Dn-

276 3031 402 3087 lloc
437 3039 521 3085 est
552 3044 682 3098 ergo
711 3028 853 3095 quod
880 3028 1174 3082 admonet:
1210 3029 1266 3083 Si
1310 3030 1540 3084 creditis
1586 3030 1860 3085 Christum

1972 3041 2169 3095 tttittttttt
2213 3038 2433 3105 Jcsttttt,
2480 3038 2571 3107 qui
2619 3047 2703 3092 est
2749 3052 2939 3090 verum
2979 3035 3207 3105 justitiae
3253 3035 3541 3088 indumen-

274 3123 593 3179 surrexisse
616 3137 645 3173 a
674 3120 1144 3185 mortuis,credite
1167 3122 1328 3176 etiam
1353 3122 1713 3191 vosmetipsos
1734 3138 1855 3177 cum

275 3218 400 3286 ipso
432 3214 638 3285 pariter
665 3212 998 3275 surrexisse;
1039 3223 1093 3269 et
1136 3214 1181 3269 si
1211 3214 1437 3269 creditis
1462 3215 1586 3283 quia
1618 3216 1768 3270 sedet
1792 3217 1859 3270 ad

272 3312 565 3360 datezam
596 3300 854 3363 Patris‘in
878 3306 1053 3370 caelis,
1081 3305 1242 3359 etiam
1274 3305 1632 3375 vosmetipsos
1651 3306 1859 3361 credite

269 3399 387 3468 jam
427 3413 534 3451 non
570 3398 622 3450 in
661 3398 916 3461 terrenis,
949 3398 1044 3452 sed
1078 3398 1130 3450 in
1175 3396 1489 3451 cmlestibus
1515 3396 1811 3452 collocatos
1840 3413 1855 3462 ;

273 3501 335 3545 et
373 3490 418 3543 si
454 3487 679 3543 creditis
708 3500 803 3541 vos
832 3486 1049 3541 Christo
1077 3494 1465 3552 commortuos,
1499 3487 1707 3542 credite
1732 3488 1855 3556 quia

272 3596 335 3641 et
363 3580 666 3637 convivetis
697 3582 782 3644 ei;
812 3589 868 3634 et
893 3579 939 3633 si
992 3579 1214 3634 creditis
1243 3578 1367 3647 quia
1412 3577 1664 3634 Christus
1707 3592 1854 3632 mor-

276 3687 408 3730 tuus
453 3684 534 3728 est
581 3681 836 3742 peccato,
877 3680 932 3726 et
966 3671 1099 3724 vivit
1145 3671 1274 3736 Deo,
1305 3673 1470 3725 etiam
1515 3686 1610 3725 vos
1657 3671 1855 3725 mortui

275 3777 459 3822 estote
514 3775 763 3836 peccato,
806 3762 969 3834 534
1004 3773 1059 3818 et
1102 3763 1269 3818 vivite
1308 3764 1417 3818 Deo
1433 3763 1500 3815 ν’.
1534 3763 1595 3818 Ει
1626 3763 1729 3818 hoc
1770 3772 1857 3819 est

275 3859 428 3929 quod
452 3861 774 3910 auctoritate
795 3855 1087 3921 apostolica
1108 3863 1464 3924 protestatur,
1483 3864 1535 3910 et
1560 3854 1718 3909 dicit:
1745 3872 1763 3905 ι
1795 3854 1852 3909 Si

277 3978 291 3999 ς
313 3947 708 4004 onsttrrexistis
743 3962 866 4001 cum
893 3946 1137 4011 Christo,
1165 3962 1280 4015 qua:
1305 3961 1516 4001 sursum
1555 3954 1680 4000 sunt
1710 3961 1855 4014 qum-

277 4044 402 4107 rite,
430 4041 521 4096 ubi
562 4040 813 4096 Christus
850 4046 935 4093 est
978 4037 1031 4092 in
1061 4040 1283 4094 dextera
1328 4037 1421 4092 Dei
1465 4038 1700 4102 sedens;
1734 4053 1855 4107 quas

274 4149 493 4190 sursum
524 4141 653 4188 sunt
679 4134 874 4202 sapite,
894 4150 1001 4187 non
1033 4146 1155 4201 qua:
1182 4146 1344 4200 super
1375 4140 1574 4185 terram
1590 4131 1656 4194 "';
1685 4151 1704 4183 ι
1727 4133 1854 4200 quia

274 4228 368 4297 qui
415 4229 531 4281 haec
565 4227 677 4296 agit
699 4267 715 4293 ,
751 4227 838 4281 hic
870 4241 931 4281 se
971 4225 1210 4281 ostendit
1251 4224 1477 4278 credere
1520 4224 1575 4276 in
1606 4240 1727 4275 eum
1761 4224 1851 4291 qui

275 4319 564 4373 suscitavit
594 4316 777 4373 Iesum
825 4318 1107 4373 Dominum
1150 4325 1399 4370 nostrum
1442 4330 1473 4369 a
1513 4314 1768 4379 mortuis,
1798 4324 1852 4369 et

274 4410 406 4466 huic
427 4424 554 4464 vere
586 4409 718 4465 lides
748 4418 1033 4478 reputatur
1071 4407 1136 4461 ad
1171 4391 1465 4477 justitiam.
1496 4406 1680 4475 Neque
1707 4406 1850 4461 enim

275 4500 536 4571 possibile
557 4510 642 4556 est
670 4511 724 4554 ιιι
753 4501 973 4555 babenti
1018 4499 1072 4554 in
1099 4513 1159 4554 se
1196 4498 1399 4568 aliquid
1424 4498 1703 4568 injustitize
1727 4515 1850 4570 pos-

274 4595 348 4651 sit
380 4593 591 4664 jnstitia
617 4592 733 4665 (21)
762 4587 1026 4663 reputari,
1052 4592 1216 4645 etiattt
1248 4590 1295 4645 si
1317 4592 1504 4646 credat
1536 4592 1586 4646 itt
1617 4607 1739 4645 eum
1759 4592 1848 4661 qui

273 4686 564 4741 suscitavit
613 4685 896 4740 Dominum
952 4685 1136 4740 Jestttn
1190 4700 1221 4738 a
1276 4684 1526 4738 mortuis.
1582 4684 1848 4753 lnjttstitia

275 4791 510 4845 namque
541 4790 667 4832 cum
692 4778 901 4852 justitia
931 4777 1067 4832 nihil
1096 4785 1274 4849 potest
1304 4776 1505 4831 habere
1532 4791 1848 4844 commune,

1963 3143 2072 3189 tum
2102 3134 2238 3205 (2η),
2264 3140 2320 3186 ιιι
2363 3131 2558 3186 merito
2604 3129 2950 3183 credentibus
3001 3129 3136 3184 lides
3168 3129 3234 3183 ad
3272 3126 3540 3194 justitiam

1963 3236 2265 3294 rcptttetttr.
2332 3242 2350 3275 ι
2407 3223 2665 3278 Traditus
2726 3233 2808 3277 est
2871 3236 3002 3292 ergo
3065 3229 3283 3291 propter
3323 3228 3543 3286 peccata

1958 3328 2186 3379 nostra,
2218 3324 2271 3369 et
2319 3314 2617 3369 resurrexit
2667 3321 2889 3382 propter
2937 3310 3382 3381 justiticatiouem
3443 3324 3540 3360 no-

1957 3422 2127 3463 Stram
2152 3407 2196 3461 ⁸.
2240 3425 2258 3459 ι
2310 3405 2519 3459 Etenim
2562 3404 2609 3458 si
2644 3403 3089 3457 consurreximus
3120 3417 3240 3454 cum
3283 3398 3537 3460 Christo,

1956 3500 2047 3570 qui
2074 3497 2410 3566 estjttstitia,
2441 3504 2497 3550 et
2540 3495 2592 3549 in
2639 3494 2875 3547 novitate
2908 3493 3033 3547 vita:
3075 3492 3433 3555 ambulamus,
3480 3503 3535 3547 ct

1956 3588 2254 3645 secundum
2303 3584 2569 3655 justitiam
2617 3583 2869 3644 vivimus,
2915 3581 3157 3635 surrexit
3191 3580 3346 3635 nobis
3377 3580 3539 3635 Chri-

1956 3692 2074 3736 stus
2116 3681 2182 3735 ad
2225 3679 2671 3748 justillcationem
2722 3684 2983 3728 nostram.
3023 3673 3078 3727 Si
3138 3688 3265 3727 vero
3299 3673 3534 3725 nondum

1956 3772 2309 3838 depasuitnus
2359 3779 2595 3823 veterem
2632 3765 2909 3821 hominem
2965 3778 3087 3817 cum
3137 3765 3349 3817 actibus
3397 3763 3533 3826 suis,

1957 3866 2051 3920 sed
2082 3864 2135 3917 itt
2178 3862 2440 3932 injustitia
2474 3860 2705 3914 vivimus
2731 3900 2745 3922 ,
2777 3860 2947 3913 audeo
2988 3857 3170 3911 dicere
3205 3856 3349 3924 quod
3402 3869 3534 3910 non-

1958 3956 2084 4010 dum
2137 3955 2295 4009 nobis
2343 3952 2642 4008 resurrexit
2679 3949 2928 4006 Christus
2967 3947 3034 4001 ad
3061 3946 3530 4016 justilicationem,

1957 4062 2056 4102 nec
2076 4046 2303 4101 traditus
2337 4056 2422 4101 est
2453 4058 2673 4116 propter
2691 4052 2908 4114 peccata
2933 4050 3142 4095 nostra.
3168 4039 3226 4094 Si
3257 4039 3402 4094 enim
3430 4039 3533 4093 hoc

1957 4140 2144 4201 credo,
2181 4138 2454 4207 quomodo
2487 4136 2615 4191 ilhtd
2674 4151 2829 4199 amo,
2862 4149 2961 4205 pro
3011 4146 3122 4204 quo
3172 4132 3261 4186 ille
3314 4130 3534 4200 pertulit

1957 4243 2187 4286 mortem
2214 4230 2238 4286 ἲ
2265 4230 2321 4285 Si
2351 4229 2452 4284 hoc
2491 4229 2656 4283 credo
2693 4227 2834 4296 quod
2869 4226 2955 4280 ille
2992 4225 3060 4278 ad
3084 4223 3533 4291 justilicationem

1961 4339 2138 4378 nteant
2174 4322 2433 4387 surrexit,
2480 4321 2752 4390 quomodo
2798 4318 2928 4373 tttilti
2977 4317 3089 4390 (24)
3125 4315 3385 4385 injustitia
3420 4316 3534 4382 pla-

1884 4395 1932 4449 Ῑ)
1958 4424 2041 4469 eet
2066 4413 2385 4468 Hustiﬂcat
2426 4425 2556 4480 ergo
2592 4426 2687 4465 eos
2731 4412 2980 4468 Christus
3025 4408 3395 4463 tantummodo
3439 4405 3532 4475 qui

1958 4519 2154 4558 novant
2183 4504 2351 4556 vitam
2395 4502 2643 4570 exezttplo
2685 4500 3099 4556 resurrectionis
3134 4499 3302 4568 ipsius
3348 4510 3532 4550 susce-

1956 4604 2174 4665 perunt,
2198 4603 2253 4648 et
2285 4603 2494 4649 vetusta
2526 4593 2800 4662 injustitia:
2841 4599 3004 4659 atque
3045 4590 3347 4657 iniquitatis
3370 4587 3529 4640 indu-

1956 4695 2139 4739 menta
2162 4684 2307 4739 velut
2337 4700 2555 4740 causam
2588 4684 2778 4737 mortis
2812 4682 3095 4750 abjiciuttt.
3132 4682 3237 4736 Sed
3278 4680 3409 4734 illud
3434 4694 3529 4732 ve-

1955 4776 2049 4831 littt
2085 4775 2386 4845 requirere,
2431 4777 2475 4830 si
2501 4789 2599 4843 pro
2638 4774 2741 4830 hoc
2770 4774 2884 4828 solo
2923 4774 3054 4828 dicit
3090 4773 3378 4844 Apostolus
3402 4775 3528 4842 quia

248 4906 274 4971 5
323 4921 371 4953 ’³
397 4919 693 4982 Joan.vttt.
721 4918 811 4976 56.
885 4918 931 4952 “
956 4917 1113 4975 Rom.
1139 4933 1212 4981 tv,
1244 4918 1298 4973 5.
1374 4917 1465 4971 ⁹³1
1494 4918 1620 4975 Cor.
1640 4920 1901 4988 1.24.30;
1929 4922 2132 4985 Joan.t.
2161 4923 2211 4988 1;
2245 4935 2356 4985 xw,
2380 4919 2434 4974 6.
2510 4919 2556 4950 ’⁸
2581 4917 2779 4988 Ephes.
2800 4931 2857 4988 ιι,
2883 4915 2938 4972 6.
3000 4915 3044 4949 ’⁷
3076 4915 3234 4988 Rom.
3266 4913 3414 4988 31.8,
3440 4911 3529 4977 ιον

275 4990 361 5044 11.
437 4991 487 5022 ’⁸
522 4990 729 5044 Coloss.
774 5005 857 5052 ttt,
917 4990 966 5052 1,
999 4990 1052 5041 2.

273 5075 355 5126 ιιι,
382 5060 440 5126 9,
475 5059 564 5115 ιο.
639 5058 661 5091 ⁸
688 5059 843 5115 Rom.
873 5074 945 5125 tv,
968 5059 1059 5114 25.

268 5201 411 5267 jecta
458 5200 786 5265 instituere,
822 5200 927 5256 hoc
980 5208 1162 5255 autem
1217 5200 1422 5268 dejecta
1474 5200 1786 5254 restituere.
1828 5219 1848 5252 ο

274 5269 380 5326 Sed
415 5271 636 5324 codices
669 5270 843 5324 nostri
871 5285 1002 5324 mss.
1034 5269 1238 5339 legunt,
1270 5269 1357 5321 alii
1378 5286 1398 5320 ι
1434 5268 1684 5332 dilecta,t
1716 5271 1857 5324 sicut

274 5351 328 5395 et
360 5341 654 5409 Rabanus;
690 5338 805 5403 alii,
841 5358 860 5391 ι
893 5340 1067 5409 deleta
1099 5355 1115 5402 ;
1154 5358 1191 5409 »γ
1211 5339 1305 5409 alii
1336 5353 1464 5391 vero
1496 5356 1515 5389 ι
1553 5340 1793 5409 dirupta.
1829 5359 1848 5392 ι

346 5410 460 5477 (19)
492 5408 576 5478 Ad
595 5409 878 5476 justitiam.
909 5408 1073 5471 Edili,
1112 5426 1130 5460 t
1169 5408 1259 5462 Dei
1291 5408 1580 5478 justitiam.
1614 5429 1633 5460 ι

346 5476 458 5549 (26)
491 5476 559 5532 In
597 5478 724 5549 ﬁde“
748 5488 927 5549 nostra
950 5479 1264 5549 Apostolus,
1294 5476 1529 5549 ett-.Sic
1570 5487 1715 5533 recte
1742 5478 1847 5531 duo

275 5546 513 5616 potiores
544 5563 675 5602 mss.
700 5546 870 5617 Regii.
896 5547 1001 5603 Alii
1029 5557 1083 5601 ct
1104 5548 1287 5612 cditi,«
1322 5547 1372 5601 in
1396 5547 1497 5602 ιιιιυ
1528 5563 1667 5602 nunc
1697 5550 1846 5617 Apu-

271 5621 460 5682 titoltts,
497 5638 515 5679 ι
542 5627 646 5671 etc.

342 5690 456 5751 (2|)
491 5688 661 5749 Alias.
709 5705 727 5740 t
763 5685 1004 5757 jttslititr.
1047 5706 1065 5740 ι

437 4991 487 5022 ’⁸
522 4988 729 5044 Coloss.
774 5005 857 5052 ttt,
917 4990 966 5052 1,
999 4989 1052 5041 2.
1130 4988 1176 5021 ⁹⁹
1205 4988 1247 5044 ll
1278 4989 1404 5044 Cor.
1438 5005 1511 5055 vt,
1568 4982 1786 5057 11,’15ξ
1858 4994 1867 5025 ¹

1972 4982 2222 5057 iloss.'ttt',
2242 4995 2297 5047 9.
2343 4982 2389 5021 ’⁸
2414 4989 2540 5045 ibid.
2592 4982 2679 5043 ιιι.
2753 4987 2774 5019 ³
2800 4985 2958 5043 Rom.
2992 5000 3068 5051 tv,
3103 4984 3195 5040 25.
3269 4982 3292 5015 ⁸
3317 4983 3525 5040 Coloss.

2033 5196 2147 5268 (22)
2185 5195 2276 5251 Sic
2310 5210 2439 5249 mss.
2478 5192 2671 5268 nostri,
2702 5192 3030 5268 Salodiantts
3048 5200 3106 5246 et
3129 5190 3404 5245 Merlinns.
3425 5189 3529 5246 Ge-

1965 5262 2267 5322 m-bra'rdus
2289 5282 2438 5329 vero,
2469 5282 2489 5315 ι
2529 5264 2838 5317 indumenta
2867 5262 3112 5332 abjiciat,
3141 5271 3196 5316 et
3220 5274 3440 5332 inovnm
3470 5279 3529 5316 se

1965 5337 2205 5418 inducat,
2243 5356 2262 5387 ι
2291 5345 2424 5399 etc.,
2451 5350 2549 5404 pro
2577 5350 2597 5385 ι
2632 5332 2838 5398 ittduat,
2862 5349 2882 5384 ι
2905 5331 2964 5387 ut
2991 5333 3174 5401 legunt
3202 5331 3527 5388 Salodianus

1952 5417 2004 5461 et
2032 5406 2305 5460 Merlintts.

2025 5477 2139 5545 {‘23)
2171 5476 2340 5539 Alias,
2380 5492 2397 5525 ι
2433 5474 2577 5543 quod
2621 5481 2703 5528 est
2745 5487 2931 5526 verum
2971 5471 3198 5541 justitiaa
3237 5471 3524 5528 indumen-

1955 5556 2148 5685 ω’ἒιί
2180 5612 2331 5669 Mihi.
2358 5570 2705 5668 Desideratur
2729 5613 2786 5666 in
2809 5623 2967 5669 antea
2994 5613 3174 5670 editis.
