3986 6206
454 246 560 306 987

1933 237 2259 300 ORIGENIS

3600 231 3739 288 (μεθ’

460 381 481 412 σ
519 379 626 417 non
650 371 873 434 propter
906 381 928 420 ι
955 364 1230 420 Abraham
1251 382 1268 415 ι
1290 363 1467 418 solum
1499 362 1617 435 (25)
1642 359 1908 430 scriptum
1930 369 2033 425 est,

2137 363 2221 410 est
2245 354 2292 409 ei
2326 353 2583 408 Dominus
2606 351 2646 382 ”
2683 347 3026 418 :iquomodo
3044 347 3208 404 ctiam
3241 348 3345 402 hoc
3374 361 3483 400 non
3528 343 3713 398 Solum

455 455 629 509 sedet
658 465 883 525 propter
904 469 1003 509 nos
1033 456 1075 517 ',
1108 473 1126 505 ι
1167 456 1310 523 quod
1335 455 1471 508 dixit
1502 472 1517 509 :
1548 474 1568 508 ι
1606 455 1839 511 Credidit
1860 452 2030 509 Abra-

461 545 587 598 ham
637 545 780 607 Deo,
824 551 880 599 et
928 554 1235 613 reputatum
1285 555 1367 600 est
1406 546 1479 599 illi
1523 548 1589 600 ad
1626 544 1961 616 justitiam".
2007 562 2027 595 δ

460 633 696 689 Putasne
724 637 873 692 solus
907 637 997 693 hic
1035 654 1216 693 sermo
1243 655 1309 694 ex
1337 640 1589 695 omnibus
1624 656 1744 708 illia;
1780 641 2033 694 dicuntur

462 723 527 779 de
551 724 851 790 Abraham,
885 742 989 783 non
1019 729 1195 783 solum
1243 740 1463 799 propter
1498 730 1669 791 illum.
1705 730 1798 784 sed
1822 740 1872 784 et
1903 743 2030 796 pro-

460 825 580 884 pter
613 830 711 871 nos
751 818 988 887 scriptus
1024 830 1107 875 est
1132 821 1257 877 ?Au
1290 832 1345 876 et
1373 822 1476 875 alia
1504 823 1683 891 aliqua
1711 820 2034 875 videbuntur

460 919 566 957 non
582 905 754 961 soluat
774 919 994 977 propter
1015 910 1190 974 illum,
1208 914 1302 967 sed
1329 921 1385 967 et
1410 922 1631 982 propter
1653 927 1752 967 nos
1779 911 1979 981 scripta
2009 910 2034 965 ἲ

459 993 539 1047 An
580 1005 732 1051 certe
756 999 939 1053 omnia
967 1014 1086 1066 quae
1118 1001 1185 1056 de
1209 1002 1328 1070 ipso
1363 1002 1644 1067 dieuntttr,
1671 994 1779 1058 non
1814 1003 1880 1059 de
1917 999 2033 1068 ipso

459 1082 592 1145 solo.
620 1086 715 1141 sed
743 1098 800 1141 et
830 1103 928 1157 pro
955 1089 1112 1147 nobis
1148 1090 1404 1145 dicuntur
1429 1090 1540 1161 (26)
1568 1090 1592 1145 ‘l
1619 1089 1687 1144 Et
1722 1106 1828 1146 non
1855 1090 2032 1147 solum

459 1174 528 1229 tle
576 1174 876 1241 Abraham,
910 1181 1007 1235 sed
1036 1180 1158 1236 vide
1186 1195 1254 1235 ne
1287 1180 1430 1237 forte
1477 1181 1593 1237 haec
1638 1182 1826 1235 eadem
1870 1180 2034 1235 etiam

2133 454 2352 515 prapter
2378 444 2673 506 Abraham,
2700 443 2793 497 sed
2821 453 2874 495 et
2901 452 3121 511 propter
3154 453 3260 495 nos
3306 438 3574 506 scriptum
3625 438 3679 489 vi
3702 467 3713 473 ι

2133 537 2347 600 deatur,
2384 544 2442 587 ut
2475 533 2819 588 ambulemus
2845 538 3147 587 secundum
3178 529 3361 584 omnia
3391 544 3515 597 qua:
3552 527 3701 580 locu-

2135 634 2220 681 tus
2267 634 2351 680 est
2403 623 2682 679 Dominus.
2713 623 2816 676 Sed
2856 632 2913 676 et
2957 621 3026 675 de
3062 619 3238 686 Isaac,
3262 624 3346 673 vet
3386 622 3454 671 de
3494 615 3719 669 caeteris

2130 732 2253 787 qua:
2298 716 2552 772 similiter
2593 714 2935 779 scribuntur,
2964 711 3245 782 quomodo
3291 709 3458 763 etiam
3503 707 3574 759 ad
3615 720 3719 757 nos

2133 808 2403 879 pertinere
2432 807 2737 861 videantur.
2769 803 2885 861 Non
2916 812 3001 859 est
3026 816 3212 857 autent
3248 797 3536 868 praesentis
3574 808 3719 850 teni-

2130 900 2281 971 poris
2301 897 2484 957 omnia
2537 912 2635 953 nos
2673 896 2944 951 adducere
2988 893 3039 947 in
3085 892 3351 954 medium,
3393 899 3451 942 et
3495 887 3719 956 singula

2132 1006 2358 1064 quisque
2387 993 2681 1054 discutere,
2727 1003 2834 1057 quo
2885 986 3079 1043 ordine
3109 984 3272 1039 etiam
3323 983 3375 1036 in
3425 981 3589 1035 nobis
3622 980 3723 1049 qui

2132 1084 2408 1140 credimus
2452 1083 2507 1137 in
2543 1097 2666 1137 eum
2701 1082 2787 1137 cui
2841 1077 3077 1137 credidit
3124 1075 3428 1138 Abraham,
3472 1087 3605 1142 qua:
3652 1073 3720 1127 de

2131 1174 2405 1229 Abraham
2446 1173 2532 1228 vel
2560 1172 2628 1229 de
2651 1173 2866 1229 caeteris
2894 1169 3103 1226 sanctis
3136 1169 3189 1222 in
3237 1166 3541 1235 Scriptnris
3570 1165 3719 1218 divi-

458 1263 528 1319 de
562 1263 710 1321 lsaac
751 1268 1005 1323 similiter
1039 1271 1353 1340 accipienda
1394 1272 1525 1334 sint,
1557 1280 1616 1325 ut
1649 1288 1771 1341 qua:
1817 1271 1886 1325 de
1919 1271 2035 1337 ipso
2135 1266 2218 1322 nis
2238 1266 2381 1321 dicta
2408 1265 2492 1322 vel
2522 1265 2665 1322 facta
2700 1276 2830 1321 sunt
2856 1261 3239 1332 compleantur
3272 1280 3284 1314 :
3322 1258 3416 1313 sed
3451 1258 3507 1311 in
3530 1270 3721 1319 quan-

459 1355 664 1429 ticripta
692 1367 840 1424 sunt,
863 1374 968 1413 non
1003 1359 1177 1430 ipsum
1208 1360 1406 1425 solum,
1425 1360 1520 1417 sed
1547 1370 1603 1416 et
1633 1376 1730 1416 nos
1749 1362 2032 1431 aspiciant.
2137 1365 2249 1412 tum
2302 1356 2591 1424 praesentis
2633 1355 2814 1425 operis
2862 1354 3165 1411 necessitas
3224 1350 3456 1421 patitur,
3492 1349 3722 1417 aperui-

462 1443 726 1502 Siiniliter
753 1457 808 1503 et
846 1450 911 1505 de
947 1447 1116 1505 Jacob
1152 1459 1210 1506 et
1261 1451 1478 1507 caneris
1520 1452 1865 1521 patriarchis.
1897 1451 2035 1507 Nam
2135 1461 2254 1502 mus
2286 1448 2428 1501 viam
2462 1460 2567 1515 qua
2602 1445 2768 1501 latius
2798 1447 2891 1517 qui
2919 1448 2971 1500 in
3006 1442 3308 1513 Scripturis
3339 1440 3591 1496 exerceri
3621 1439 3721 1493 de-

460 1552 582 1607 quae
627 1539 770 1595 ratio
816 1540 1086 1596 videbitur
1128 1552 1188 1597 ut
1234 1542 1302 1599 de
1341 1543 1615 1599 Abraham
1654 1545 1873 1614 quidem
1916 1560 2037 1615 quia
2135 1534 2360 1602 siderat,
2390 1534 2560 1604 possit
2594 1536 2865 1589 incedere.
2902 1533 3179 1589 Hactenus
3223 1531 3293 1586 de
3338 1530 3552 1584 ratione
3589 1527 3723 1582 ﬁdei

463 1629 666 1699 scripta
698 1639 847 1694 sunt,
876 1632 1039 1687 etiam
1069 1634 1136 1687 ad
1173 1649 1274 1691 nos
1307 1636 1581 1704 pertinere
1621 1637 1896 1701 dicantur,
1928 1652 2033 1692 non

2137 1624 2253 1695 eius
2277 1639 2400 1694 quae
2430 1626 2496 1679 ad
2522 1624 2793 1695 justitiam
2843 1633 3087 1693 repntata
3120 1632 3222 1686 est,
3270 1631 3327 1676 et
3362 1619 3721 1674 diversarum

463 1728 647 1774 autem
676 1720 838 1775 simili
873 1720 1049 1778 forma
1080 1715 1245 1779 etiam
1276 1700 1343 1781 de
1385 1726 1556 1791 Isaac,
1584 1728 1725 1783 etde
1751 1700 1944 1793 Iacob,
1978 1740 2035 1783 et

2139 1717 2317 1785 legum
2357 1715 2726 1780 observantia,
2754 1731 2820 1770 ac
2868 1714 3114 1784 prmputii
3166 1710 3733 1779 circumcisionisque

462 1810 718 1877 deJnda,
756 1814 837 1867 vel
874 1816 939 1869 de
983 1813 1207 1885 tosepii.
1235 1826 1292 1873 et
1336 1818 1602 1873 caeteris?
1635 1818 1786 1885 Quod
1827 1821 1871 1874 si
1903 1821 2037 1876 nihil
2136 1807 2481 1872 diversitate.
2526 1807 2908 1876 disputationis
2955 1820 3137 1861 sermo
3181 1803 3506 1858 cucurrerit-
3558 1800 3724 1857 Nunc

465 1900 695 1956 rationis
716 1902 984 1958 videbitur
1020 1920 1118 1960 cur
1142 1906 1210 1961 de
1235 1923 1344 1961 uno
1378 1909 1687 1977 patriarcha
1719 1911 1822 1965 hoc
1847 1909 1918 1964 ita
1945 1924 2035 1965 ac-

2137 1896 2242 1967 iam
2282 1899 2514 1969 qualiter
2557 1899 2607 1952 hi
2638 1899 2729 1967 qui
2770 1913 2838 1952 ex
2881 1897 3004 1963 fide,
3030 1904 3086 1951 et
3111 1911 3216 1949 non
3242 1909 3307 1946 ex
3340 1894 3602 1962 operibus
3621 1891 3725 1958 jn-

465 1987 569 2057 cipi
613 1988 804 2047 debeat
827 2031 842 2055 .
873 2003 928 2047 et
961 2009 1067 2048 non
1117 1995 1279 2050 etiam
1310 1996 1376 2053 de
1416 2000 1630 2052 caeteris
1655 2035 1669 2061 ,
1700 2013 2036 2067 consequens

2137 1989 2354 2047 stilicnti
2408 1995 2569 2053 sunt,
2616 1986 2979 2043 informentur
3023 1985 3135 2059 (30)
3180 1985 3251 2039 ab
3302 1983 3587 2055 Apostolo,
3632 1983 3721 2036 vi-

465 2077 572 2131 erit
598 2088 656 2133 ut
673 2080 738 2133 de
757 2083 1012 2139 omnibus
1036 2101 1153 2153 qua:
1176 2086 1379 2157 scripta
1409 2101 1560 2154 sunt,
1579 2106 1686 2145 not;
1716 2090 1890 2146 solum
1912 2106 2037 2160 pro-

464 2178 585 2237 pter
617 2170 735 2226 illos
763 2174 854 2241 qui
885 2183 1013 2230 tunc
1047 2186 1223 2242 erant,
1243 2180 1337 2235 sed
1371 2190 1425 2236 et
1456 2188 1676 2251 propter
1704 2196 1804 2236 nos
1832 2181 2035 2251 scripta

465 2259 775 2318 videantur.
803 2265 857 2320 In
879 2282 985 2334 quo
1017 2264 1126 2337 (27)
1166 2283 1250 2323 me
1276 2270 1549 2339 pracipue
1592 2270 1784 2327 suadet
1813 2271 1886 2326 ita
1919 2286 2038 2327 sen-

470 2363 570 2410 tire
599 2354 686 2408 ille
714 2350 987 2423 Evangelii
1017 2366 1227 2415 sermo,
1258 2351 1311 2405 in
1337 2366 1445 2421 quo
1475 2349 1736 2405 Dominus
1773 2358 1830 2404 et
1857 2349 2045 2404 Salva-

468 2453 554 2500 tor
588 2453 777 2499 noster
815 2444 882 2499 ad
920 2458 1014 2499 eos
1067 2441 1157 2513 qui
1205 2442 1305 2497 sibi
1346 2443 1621 2505 dixerant,
1660 2441 1786 2512 quia
1829 2461 1847 2494 ι
1892 2451 2047 2515 pater

466 2548 654 2593 noster
679 2536 948 2599 Abraham
975 2544 1059 2591 est
1084 2555 1101 2585 ι
1129 2535 1442 2605 respondit:
1474 2554 1493 2587 ‹
1520 2534 1574 2588 Si
1598 2548 1783 2588 semen
1814 2533 2046 2588 Abrahae

466 2628 681 2692 essetis,
709 2644 873 2698 opera
906 2628 1090 2697 utique
1112 2626 1344 2681 Abrahae
1373 2626 1642 2681 faceretis.
1676 2625 1835 2681 Nunc
1861 2633 2045 2679 autem

465 2719 706 2795 quaeritis
733 2734 821 2772 me
852 2718 1122 2783 occidere,
1152 2717 1425 2771 hominem
1466 2716 1556 2789 qui
1583 2716 1865 2772 veritatem
1897 2715 2049 2769 loeu-

468 2818 554 2865 tus
578 2825 698 2863 sum
727 2807 901 2870 vobis,
930 2823 1089 2877 quam
1115 2806 1294 2862 audivi
1322 2823 1351 2861 a
1377 2807 1535 2863 Patre
1564 2823 1687 2863 meo
1713 2826 1726 2863 :
1752 2808 1855 2863 hoc
1879 2806 2047 2861 Abra-

466 2899 592 2953 ham
640 2913 747 2953 non
792 2897 919 2953 fecit
953 2899 996 2952 ⁸.
1030 2916 1048 2948 i
1082 2898 1185 2953 Per
1210 2899 1356 2969 quod
1390 2899 1576 2971 utique
1621 2900 1885 2962 ostendit,
1919 2903 2043 2969 quia

464 2990 556 3060 qui
588 2988 970 3087 faciuntopcra
990 2988 1242 3087 Abrahaz,
1270 2990 1358 3046 isti
1381 2999 1509 3045 sunt
1531 2990 1622 3045 ﬁlii
1644 2991 1874 3045 Abrahae
1896 2990 2006 3059 (28)
2028 3006 2042 3054 ;
2062 3029 2106 3087 c

463 3092 521 3137 et
553 3090 773 3152 propter
799 3082 919 3135 illos
947 3081 1147 3152 scripta
1174 3091 1319 3149 sunt,
1351 3096 1471 3152 quae
1507 3082 1574 3139 de
1602 3082 1872 3137 Abraham
1907 3082 2044 3137 scri-

464 3187 555 3242 pta
589 3180 736 3227 sunt.
781 3171 880 3226 llic
902 3173 1014 3243 jam
1044 3172 1304 3242 sapientis
1334 3173 1433 3228 viri
1464 3184 1519 3230 et
1544 3190 1577 3228 a
1618 3175 1729 3230 Deo
1760 3174 2041 3229 illuminati

463 3273 547 3318 cst
562 3262 756 3319 intueri
777 3272 832 3318 et
851 3264 1156 3334 perspicere
1171 3265 1442 3334 quomodo
1462 3267 1884 3336 unumquodque
1905 3281 2042 3336 Opus

464 3358 610 3428 quod
633 3358 700 3413 de
720 3357 993 3413 Abraham
1010 3358 1284 3424 scribitur,
1305 3358 1361 3412 in
1382 3360 1673 3429 semetipso
1690 3359 1937 3415 videatur
1955 3375 2043 3415 ex-

460 3450 593 3520 pleri
613 3468 628 3513 ;
650 3452 799 3506 verbi
822 3453 1012 3524 gratia,
1030 3453 1173 3523 quod
1194 3453 1397 3509 dictum
1417 3464 1503 3509 est
1519 3454 1587 3509 ad
1608 3454 1833 3508 illum’n
1856 3454 1952 3509 Exi
1974 3455 2042 3511 de

462 3550 605 3595 terra
630 3550 740 3606 tua,
762 3552 820 3597 et
837 3543 905 3598 de
925 3543 1244 3614 cognatione
1268 3552 1378 3610 tua,
1402 3552 1458 3600 et
1478 3544 1545 3599 de
1569 3543 1731 3599 domo
1750 3544 1919 3615 patris
1942 3545 2037 3610 tui,

459 3642 517 3688 et
546 3635 667 3691 veni
698 3633 856 3705 535
884 3635 939 3689 in
968 3636 1076 3705 (29)
1107 3644 1309 3691 terram
1340 3652 1501 3707 quam
1529 3636 1623 3692 tibi
1652 3638 1933 3693 ostendam
1962 3656 1975 3691 :
2017 3656 2035 3687 ι

458 3726 730 3794 quomodo
767 3735 823 3781 et
858 3726 904 3781 is
939 3727 1030 3797 qui
1069 3728 1137 3784 de
1165 3729 1371 3783 semine
1402 3727 1634 3785 Abrahae
1663 3744 1784 3786 esse
1812 3746 1876 3786 ex
1906 3745 2041 3801 epe-

458 3817 611 3873 ribus
632 3819 747 3874 vult
766 3819 958 3886 videri,
980 3820 1066 3875 his
1086 3820 1282 3877 debeat
1300 3821 1545 3892 obsequi,
1568 3838 1689 3893 quae
1709 3823 1894 3893 utique
1914 3832 2043 3878 sunt

456 3923 568 3962 non
617 3918 837 3978 propter
886 3911 1035 3964 illum
1070 3920 1278 3967 tantum
1326 3912 1548 3983 scripta,
1593 3913 1688 3969 sed
1726 3925 1781 3970 et
1817 3923 2042 3985 propter

457 4014 554 4053 eos
591 4001 681 4068 qui
712 4002 943 4056 credunt
973 4003 1028 4056 in
1057 4017 1181 4057 eum
1211 4004 1303 4073 qui
1328 4005 1612 4061 suscitavit
1638 4006 1822 4062 Iesum
1854 4006 2041 4062 Domi-

456 4104 589 4141 num
628 4098 875 4143 nostrum
913 4107 941 4144 a
982 4092 1210 4146 mortuis
1228 4110 1253 4163 ς,
1285 4102 1342 4148 et
1387 4109 1509 4149 cum
1550 4095 1666 4150 haec
1714 4096 2035 4167 impleverit,

456 4178 730 4247 quomodo
763 4195 982 4250 sperare
1022 4181 1184 4237 etiam
1224 4183 1352 4239 illud
1385 4186 1529 4255 quod
1566 4187 1911 4261 subjungitur
1940 4190 2040 4245 de-

456 4270 600 4335 beat,
632 4270 683 4326 id
718 4280 801 4328 est
832 4289 847 4325 :
880 4292 898 4323 ι
934 4273 1001 4329 Et
1032 4272 1220 4328 faciam
1253 4275 1393 4331 te-in
1436 4287 1653 4348 gentem
1702 4296 1948 4353 magnam
1983 4291 2040 4338 et

2137 2079 2375 2135 tleaums.

2207 2167 2263 2224 8.
2298 2187 2317 2220 ι
2344 2165 2632 2223 Justitlcati
2663 2167 2830 2237 igitur
2852 2180 2917 2221 ex
2952 2165 3079 2233 fide,
3100 2180 3288 2235 pacem
3314 2165 3621 2219 habeamus
3651 2165 3728 2217 ad

2138 2259 2304 2311 Deum
2333 2256 2446 2329 (51)
2474 2271 2572 2327 per
2603 2257 2888 2311 Dominum
2914 2265 3158 2311 nostrum
3190 2255 3371 2311 Iesum
3399 2255 3720 2321 Christum,

2135 2362 2235 2419 per
2261 2363 2419 2419 quem
2451 2357 2507 2404 et
2547 2362 2824 2405 accessum
2859 2348 3122 2402 habemus
3164 2364 3261 2416 per
3294 2349 3449 2402 tidem
3492 2348 3546 2401 in
3583 2364 3725 2417 gra-

2135 2440 2269 2494 tiam
2304 2440 2462 2496 istam
2489 2440 2541 2496 in
2571 2456 2675 2510 qua
2702 2450 2932 2505 stamus,
2958 2450 3014 2495 et
3040 2441 3335 2511 gloriamur
3363 2441 3416 2493 iu
3446 2455 3547 2508 spe
3594 2440 3724 2509 gin-

2137 2532 2233 2586 rim
2284 2532 2379 2587 Dei
2407 2532 2471 2586 ".
2503 2550 2523 2586 ι
2564 2532 2917 2602 Apertissime
2959 2548 3055 2602 per
3099 2532 3204 2586 hoc
3231 2545 3353 2585 eum
3399 2532 3493 2597 qui
3543 2532 3724 2584 intel-

2137 2621 2273 2678 lexit
2300 2621 2412 2694 (52)
2440 2622 2570 2692 quid
2600 2623 2671 2678 sit
2699 2638 2766 2678 ex
2800 2623 2905 2678 fide
2930 2633 2984 2678 et
3019 2639 3123 2677 non
3154 2637 3220 2676 ex
3265 2621 3521 2691 operibus
3546 2621 3723 2688 insli-

2137 2716 2309 2777 licari,
2350 2716 2417 2770 ad
2474 2731 2659 2785 pacein
2721 2714 2814 2771 Dei
2863 2731 2987 2786 quae
3039 2723 3259 2786 superat
3301 2730 3522 2769 omnem
3558 2732 3723 2769 tuen.

2137 2815 2245 2861 tem
2276 2805 2343 2873 ",
2377 2805 2429 2858 in
2462 2820 2564 2874 qua
2595 2813 2648 2859 et
2691 2819 2902 2859 summa
2932 2803 3281 2875 perfectionis
3309 2805 3590 2869 consistit,
3632 2807 3719 2860 in-

2139 2898 2292 2951 vitat.
2327 2896 2433 2952 Sed
2459 2906 2516 2950 ut
2544 2895 2857 2967 diligentius
2886 2911 3112 2952 sensum
3139 2895 3539 2965 perspiciamus
3567 2898 3725 2966 Apo-

2138 2989 2287 3052 stoli,
2315 2988 2444 3058 quid
2475 2988 2578 3044 sibi
2608 2987 2743 3043 velit
2764 2988 2917 3056 pacis
2938 3003 3158 3052 nomen,
3188 2998 3241 3042 et
3262 2986 3381 3057 ejus
3405 2988 3562 3055 pacis
3587 3005 3725 3058 qua

2138 3096 2233 3148 per
2259 3079 2538 3134 Dominum
2574 3087 2823 3132 nostrum
2851 3078 3125 3133 Christum
3154 3088 3272 3142 est,
3294 3081 3718 3148 perquiramus.

2135 3172 2246 3228 Pax
2281 3172 2479 3227 dicitur
2518 3170 2607 3225 ubi
2640 3183 2799 3225 nemo
2821 3170 3069 3233 dissidet,
3098 3183 3258 3223 nemo
3284 3170 3592 3233 discordat,
3620 3171 3718 3223 nhi

2137 3264 2273 3319 nihil
2300 3262 2515 3329 hOStile,
2545 3262 2681 3317 nihil
2712 3261 3002 3316 barbarum
3034 3262 3270 3331 geritur.
3309 3259 3418 3314 Nos
3447 3276 3583 3331 ergo
3619 3261 3719 3329 qui

2137 3356 2425 3427 aliquando
2454 3353 2652 3409 fuimus
2686 3353 2890 3409 inimici
2930 3353 3047 3417 Dei,
3086 3362 3379 3422 sequentes
3416 3352 3637 3406 hostem
3660 3362 3717 3407 et

2138 3457 2425 3519 tyrannum
2451 3444 2748 3511 diabolum,
2775 3458 2917 3498 nunc
2938 3443 2982 3497 si
3016 3442 3163 3497 illius
3192 3458 3339 3497 arma
3366 3442 3713 3512 projicinius,

2136 3546 2191 3592 et
2218 3537 2431 3607 signum
2463 3534 2663 3591 Christi
2692 3541 2747 3589 ct
2792 3533 2971 3590 crucis
3002 3533 3122 3603 ejus
3147 3534 3343 3587 vexilla
3375 3534 3713 3603 suscipimus

2139 3628 2277 3702 (53),
2323 3642 2509 3699 pacem
2568 3626 2754 3696 utique
2803 3625 3065 3680 habemus
3107 3626 3172 3679 ad
3226 3625 3427 3688 Deum,
3462 3624 3563 3679 sed
3615 3642 3715 3696 per

2137 3719 2423 3776 Dominum
2463 3727 2706 3773 nostrum
2753 3714 2939 3771 Jesum
2995 3717 3268 3771 Christum
3319 3716 3409 3786 qui
3459 3731 3564 3772 nos
3614 3732 3712 3785 per

2137 3813 2373 3868 hostiam
2391 3810 2678 3880 sanguinis
2702 3809 2783 3864 sui
2812 3809 3183 3863 reconciliavit
3210 3809 3339 3871 Deo,
3356 3809 3503 3862 sicut
3574 3807 3715 3865 scri-

2126 3905 2473 3976 ptumest“:
2502 3920 2522 3953 ι
2550 3900 2682 3958 Cum
2705 3915 2946 3956 essemus
2978 3901 3183 3955 inimici
3216 3900 3330 3962 Dei,
3367 3900 3703 3955 reconciliati

2137 4009 2325 4050 sumus
2375 4007 2471 4060 per
2526 3991 2841 4062 sanguinem
2886 3993 3065 4047 erucis
3106 3990 3231 4045 Filii
3275 3987 3551 4061 ejns(2’>i).
3583 4010 3602 4043 ι
3640 3989 3707 4046 Et

2136 4081 2262 4136 alibi
2306 4079 2449 4135 idem
2500 4078 2699 4133 Paulus
2740 4078 2947 4133 addidit
2977 4078 3063 4133 his
3105 4079 3297 4135 dicens
3329 4097 3342 4132 :
3375 4096 3393 4129 ι
3432 4076 3707 4149 Rogamus

2136 4190 2233 4245 pro
2282 4173 2520 4236 Christo,
2550 4170 2976 4226 reconciliamini
3030 4170 3139 4224 Deo
3175 4170 3240 4225 ⁸⁸.
3271 4191 3290 4225 ι
3334 4169 3390 4226 Si
3421 4174 3543 4240 quis
3573 4185 3704 4240 ergo

2139 4264 2298 4319 habet
2327 4279 2511 4335 pacem
2547 4262 2615 4318 ad
2640 4262 2831 4328 Deum,
2861 4272 2913 4319 et
2942 4262 3331 4319 reconciliatus
3356 4275 3438 4318 est
3463 4263 3574 4333 (35)
3602 4277 3706 4332 per

456 4362 773 4418 benedicam
806 4373 884 4429 te,
918 4373 974 4421 et
1014 4366 1368 4436 magniﬁcabo
1410 4385 1610 4423 nomen
1638 4351 1811 4436 mum;
1846 4382 1901 4429 ει
1928 4375 2039 4430 eris
2066 4356 2109 4410 D
2139 4356 2457 4426 sanguinem
2487 4352 2712 4418 Christi,
2738 4352 2882 4407 ultra
2910 4368 3015 4406 non
3044 4352 3329 4420 contingat
3353 4351 3459 4423 (56)
3490 4366 3549 4405 ea
3573 4366 3704 4420 qua

450 4453 774 4511 benedictus
807 4471 820 4509 :
857 4464 912 4511 et
940 4454 1257 4511 benedicam
1281 4457 1664 4516 benedicentes
1690 4469 1763 4526 te,
1788 4470 1845 4516 et
1866 4462 2037 4519 ntale-

455 4545 631 4600 tlicam
661 4547 1049 4603 maledicentes
1082 4556 1156 4613 te,
1186 4558 1244 4604 et
1266 4548 1658 4606 benedicentur
1680 4552 1732 4606 in
1767 4562 1819 4607 te
1846 4567 2039 4609 omnes

454 4636 630 4692 tribus
669 4648 827 4697 terra:
859 4640 937 4707 '°;
982 4659 1001 4692 ι
1037 4649 1093 4696 et
1133 4641 1330 4697 iterum
1375 4658 1498 4699 cum
1539 4644 1669 4700 dicit
1708 4643 2032 4717 Scriptum:

472 4736 494 4769 σ
521 4719 667 4773 Abiit
701 4731 881 4776 autem
916 4723 1195 4777 Abraham
1238 4729 1536 4781 secundum
1564 4740 1630 4780 ea
1663 4742 1783 4796 qua:
1823 4730 2035 4783 locutus

540 4834 745 4887 “ltum.
780 4851 849 4896 iv,
880 4836 973 4892 23.
1035 4838 1206 4895 'ibid.
1226 4841 1281 4897 5.
1347 4843 1370 4874 ⁸
1398 4840 1554 4896 Joan.
1585 4858 1705 4906 vin,
1730 4843 1819 4899 ὃς).
1846 4842 1938 4896 40.
2011 4844 2033 4876 ⁹

546 4903 597 4967 l,
626 4905 681 4960 2.
752 4907 802 4939 ³³
827 4906 1124 4969 Philip-1v.
1148 4912 1207 4965 Ἰ.
1284 4911 1331 4945 ³⁵
1352 4910 1509 4966 item.
1543 4926 1600 4969 ν.
1633 4914 1717 4969 {0.
1764 4904 1775 4915 ’
1807 4914 1852 4945 ¹⁸
1876 4911 1917 4967 ll
1943 4912 2040 4969 Cor

2137 4854 2260 4894 :nes.
2292 4852 2390 4895 xu.
2420 4835 2470 4889 l.
2550 4834 2595 4866 ¹⁰
2635 4834 2765 4887 ibid.

2137 4952 2147 4969 .
2172 4910 2267 4967 20.
2342 4906 2386 4939 ⁸⁸
2408 4903 2564 4959 Rom.
2599 4917 2717 4966 vni,
2741 4901 2772 4957 7

465 4919 515 4970 v,
546 4903 597 4967 Ι,
626 4905 681 4960 2.
752 4907 802 4939 ³³
827 4906 1026 4978 Philip.
1044 4924 1124 4974 1v,
1148 4912 1207 4965 Ἰ.
1284 4911 1331 4945 ιδ
1352 4910 1509 4966 item.
1543 4926 1600 4979 ν,
1633 4903 1717 4970 lt).

537 5020 650 5093 (25)
684 5022 886 5079 Solum.
919 5026 973 5080 In
1006 5029 1171 5082 editis
1202 5030 1496 5087 omittitur.

537 5092 650 5175 (26)
669 5095 797 5175 “AL,
822 5115 852 5175 (ε
891 5112 1011 5165 qnie
1040 5101 1292 5153 dicuntur
1318 5102 1385 5155 de
1408 5102 1525 5171 ipso
1548 5101 1684 5165 solo,
1710 5101 1804 5156 sed
1834 5110 1891 5155 et
1929 5114 2026 5169 pro

464 5164 620 5217 nobis
651 5163 924 5222 dicuntur.
950 5186 974 5220 ι

689 5233 856 5309 Alias,
892 5254 913 5287 ι
954 5240 1009 5309 lii
1041 5239 1222 5309 quod;
1262 5257 1282 5292 ι
1317 5239 1416 5302 aL,
1449 5256 1467 5289 ι
1499 5239 1680 5309 idque.
1719 5258 1739 5290 ι

536 5301 650 5378 (28)
691 5303 954 5378 hls._t_inu_s
992 5301 1175 5369 habet,
1202 5328 1221 5359 ι
1252 5301 1409 5378 iuste
1435 5301 1694 5364 liunt'lilii
1721 5308 1972 5363 Abralne.
2006 5328 2026 5361 ι

535 5371 649 5507 (ﬁt);
683 5371 773 5428 In.
796 5374 1054 5431 Merlinus
1087 5389 1141 5430 et
1175 5371 1580 5443 Ceitebrardus,
1611 5396 1630 5429 ι
1656 5379 1749 5441 ad,
1774 5397 1793 5429 ι
1834 5380 1992 5433 male.

560 5442 627 5495 ὅθ
699 5442 795 5497 “s-
830 5448 999 5501 cmlex
1044 5449 1433 5507 Vallis-Clarae.
1490 5459 1544 5504 et
1603 5464 1745 5504 unus
1808 5448 1992 5507 licitiu:

560 5442 670 5519 ὅθ),
699 5442 795 5497 “5-
830 5448 999 5501 υοσῑεκ
1044 5449 1433 5514 Vallis-Clarae,
1490 5442 1574 5504 et,
1603 5464 1745 5504 unus
1808 5448 2032 5519 Regius,

475 5524 494 5559 ο
534 5512 946 5568 continuentur.
995 5535 1013 5567 ι

540 5578 655 5659 (ξι)
695 5582 863 5659 Alias,
893 5602 911 5634 ι
942 5587 1297 5659 habentusad
1338 5588 1527 5659 Deum.
1560 5606 1580 5641 ι

546 5647 661 5720 (52)
703 5649 861 5715 Editi,
901 5671 919 5703 ι
954 5655 1007 5709 in
1039 5669 1132 5723 spc
1170 5658 1353 5724 gloria:
1388 5657 1616 5714 lilioruui
1652 5658 1764 5716 Dei.
1800 5659 2042 5733 Apertis:

2140 4448 2356 4504 inimica
2388 4455 2515 4500 sunt
2563 4444 2693 4502 Deo.
2720 4443 2818 4499 Vis
2844 4455 3023 4499 autem
3055 4444 3247 4499 audire
3278 4458 3398 4513 qua:
3430 4455 3553 4496 sunt
3590 4450 3700 4496 ista

2139 4555 2263 4612 quae
2295 4538 2513 4594 inimica
2557 4544 2685 4591 sunt
2738 4534 2887 4589 Deo?
2924 4533 3120 4588 Paulus
3158 4535 3279 4602 ipse
3323 4543 3373 4588 te
3400 4532 3561 4591 docet,
3604 4530 3700 4597 qui

2140 4633 2217 4685 ait
2245 4648 2258 4685 :
2304 4649 2322 4681 ι
2353 4626 2634 4697 Sapientia
2661 4626 2842 4681 carnis
2864 4626 3085 4681 inimica
3112 4636 3195 4679 est
3234 4625 3343 4679 Deo
3369 4641 3382 4677 :
3421 4622 3515 4690 legi
3541 4623 3698 4674 enim

2142 4720 2239 4776 Dei
2272 4735 2377 4774 non
2412 4727 2498 4774 est
2523 4715 2767 4785 subjecta
2786 4716 2851 4768 ¹“.
2881 4735 2900 4766 i
2934 4714 2993 4769 Si
3017 4728 3149 4784 ergo
3181 4712 3469 4769 carnaliter
3489 4712 3696 4778 sapias,

2550 4833 2595 4866 '°
2635 4832 2791 4892 ibid..
2825 4831 2882 4898 2,
2926 4830 2980 4886 3.
3060 4830 3100 4861 "
3150 4828 3283 4886 ibid.
3328 4828 3382 4883 4.
3452 4826 3494 4858 ¹¹
3532 4826 3689 4881 liuin.

2136 5028 2276 5084 sime
2301 5025 2443 5079 enim
2472 5036 2567 5094 per
2598 5015 3170 5094 lizecquaeintellexit,
3206 5035 3228 5094 ρ
3261 5026 3367 5071 etc.
3574 5078 3590 5090 υ
3639 5078 3656 5090 _

2205 5094 2317 5169 (35)
2376 5087 2504 5169 34.5.33
2555 5091 2722 5169 “05'.”
2754 5087 2773 5169 ἒ
2802 5087 2913 5151 “mi
2967 5087 3687 5169 ξαιῖῗοέίς⁰⁵¹¹¹¹⁸⁸οοὶ,ΞΨῘΡῨ

2136 5149 2345 5231 mihi}.
2374 5149 2497 5230 alii,
2530 5176 2551 5214 ε
2574 5149 2945 5231 proiecimus}.
2962 5149 3351 5225 suscepimus"
3370 5149 3503 5215 ialii,
3523 5164 3685 5216 apro-

2125 5235 2399 5306 jiciamus.
2410 5276 2425 5306 ._
2437 5231 2836 5306 suscipiamus.
2846 5243 2878 5306 _i

2226 5287 2331 5376 ᾗ)
2356 5287 2519 5365 Εὰἰιὶ,
2553 5287 2935 5376 i__i'ecouci_li_ati
2964 5307 3153 5348 sumus
3182 5287 3679 5376 Den._SLq.tIis‘e-rgo

2135 5358 2320 5439 Italict',
2352 5392 2370 5423 ι
2404 5358 2517 5425 (τιοξ
2566 5367 2694 5439 Mss.
2736 5365 2954 5439 quidam
2989 5378 3088 5431 pro
3136 5380 3156 5413 ε
3181 5358 3488 5439 ριἠεἱξᾜὶιίἱ
3511 5358 3675 5419 eiusa

2134 5429 2337 5503 habent
2369 5460 2388 5493 ι
2419 5441 2597 5495 crucis
2622 5429 2801 5504 eius,»
2834 5429 3033 5506 ontissa
3062 5446 3208 5506 voce
3230 5449 3247 5479 ι
3267 5429 3411 5506 ΔῐιἮὶι.
3437 5445 3458 5506 3
3488 5492 3497 5502 .
3534 5490 3568 5506 ν.

2209 5513 2321 5583 (55)
2347 5511 2444 5565 Ms.
2485 5500 2665 5583 omisi
2705 5506 2791 5560 iSi
2814 5504 2937 5573 quis
2970 5516 3103 5569 ergo
3124 5500 3414 5559 habebatur
3434 5500 3680 5548 nuntietis

2140 5577 2252 5640 Dei.
2285 5577 2341 5636 et
2370 5577 2748 5634 reconciliatus
2778 5582 2882 5638 est,
2908 5589 2927 5623 ο
2957 5583 3065 5626 etc.
3348 5590 3365 5597 -

2213 5652 2324 5718 (liti)
2361 5649 2525 5715 Editi,
2566 5666 2586 5699 ι
2613 5662 2720 5704 nou
2749 5648 2969 5715 cogitat,
3002 5660 3020 5695 i
3061 5640 3223 5697 male.
