3936 6196
206 305 333 362 989

1177 306 1536 364 COMMENT.
1572 305 1634 360 ΙΝ
1677 293 1898 361 EPIST.
1936 305 2029 360 AD
2070 304 2238 362 ROM.
2276 305 2406 361 LIB.
2451 287 2542 360 IV"

3373 309 3482 366 990

208 429 311 482 vel
337 427 504 482 vitam
561 435 706 482 tuam
755 428 1143 497 cupiditatibus
1199 430 1386 484 carnis
1431 440 1671 499 exponas
1697 469 1710 492 ,
1745 437 1802 482 et
1833 433 1876 488 Α
1907 429 2206 482 habeamus
2257 429 2322 480 ad
2354 428 2522 480 Deum
2554 443 2568 480 :
2607 445 2624 477 ι
2658 427 2835 480 scions
2864 426 2987 494 quia
3042 424 3238 480 bellum
3290 438 3480 480 contra

207 518 506 572 vlliuentia
573 518 884 572 deliciarum
951 517 1242 572 resolvaris
1293 517 1446 586 (57).
1498 527 1592 570 aut
1652 517 1694 570 si
1740 516 1810 570 de

211 606 365 675 legis
392 607 669 662 intellectu
700 608 997 663 carnaliter
1011 617 1068 662 et
1097 623 1202 662 non
1231 607 1554 676 spiritaliter
1582 607 1806 669 sentias,

205 710 270 753 et
314 699 434 754 ha-c
463 700 857 754 assertionibus
888 700 1122 754 humana
1161 709 1279 753 arte
1319 699 1585 769 qnzcsitis,
1635 698 1807 764 magis

206 803 391 857 quam
431 788 667 854 spiritali
704 790 881 858 gratia
941 797 996 843 et
1058 788 1331 842 intellectu
1374 787 1654 841 subtiliore
1707 787 1804 839 de-

208 875 446 940 fendas,
464 892 561 946 per
581 877 902 946 sapientiam
928 877 1112 932 carnis
1136 877 1389 932 inimicus
1412 873 1639 930 efﬁceris
1673 875 1799 930 Deo.

213 965 336 1021 Nec
366 967 512 1021 solus
547 967 660 1023 haec
693 968 890 1023 Paulus
922 969 974 1022 in
1019 969 1130 1022 suis
1173 967 1400 1025 Litteris
1422 968 1648 1022 scribit:
1679 968 1802 1022 audi

209 1066 277 1113 et
314 1056 576 1112 Jacobum
619 1058 842 1114 fratrem
886 1059 1098 1114 Domini
1144 1059 1341 1113 similia
1375 1068 1800 1128 protestantem,

208 1165 349 1202 cum
389 1150 522 1204 dicit
554 1169 569 1205 :
616 1170 633 1201 ι
671 1152 770 1217 Qui
811 1151 1041 1205 voluerit
1073 1151 1283 1206 amicus
1313 1165 1435 1205 esse
1468 1151 1649 1204 szeculi
1700 1153 1800 1205 hu-

203 1238 335 1306 jus,
390 1241 642 1294 inimicus
692 1240 782 1295 Dei
821 1244 1191 1296 constituetur
1219 1243 1283 1296 ’⁷.
1322 1261 1339 1293 ι
1381 1242 1486 1295 Sed
1536 1251 1590 1295 et
1636 1241 1804 1296 luan-

212 1346 324 1384 nes
349 1333 500 1399 paria
537 1341 808 1385 testatur:
855 1349 872 1383 ι
926 1330 1124 1398 Filioli,
1167 1332 1360 1399 inquit,
1400 1332 1567 1387 nolite
1620 1349 1804 1388 amare

212 1422 513 1482 mundum,
551 1436 726 1490 neque
757 1437 818 1476 ea
847 1438 964 1490 qu:e
999 1423 1112 1492 (38)
1150 1423 1200 1476 iu
1235 1423 1436 1476 mundo
1462 1432 1588 1476 sunt
1619 1439 1632 1477 :
1669 1438 1805 1491 quo-

217 1513 374 1566 niam
409 1528 569 1568 onme
595 1514 735 1580 quod
770 1514 820 1567 in
857 1513 1059 1568 mundo
1087 1515 1648 1583 est,coucupiscentia
1675 1530 1801 1569 caro

217 1605 316 1658 nis
363 1613 469 1666 est,
507 1615 561 1659 et
609 1606 1052 1674 concupiscentia
1101 1605 1408 1669 oculorum,
1446 1615 1501 1660 et
1556 1607 1805 1676 superbia

218 1694 351 1748 vitae
382 1694 518 1764 (59),
555 1710 674 1762 qua:
728 1711 834 1749 non
877 1706 961 1750 est
1001 1709 1067 1748 ex
1119 1696 1226 1749 Deo
1251 1694 1313 1748 ¹⁹.
1345 1713 1365 1746 ι
1403 1695 1571 1764 lgitttr
1600 1696 1652 1749 in
1697 1710 1806 1765 quo

1909 519 2181 573 diabolum
2238 533 2428 587 pacem
2486 527 2709 586 przestat
2755 517 2870 585 (ll)
2911 519 2976 576 ad
3021 517 3219 580 Deum,
3248 526 3304 571 et
3353 521 3483 571 tunc

1907 613 2081 680 magis
2121 611 2172 663 in
2218 625 2402 678 pacem
2453 609 2543 662 Dei
2603 607 2871 670 venimus,
2923 609 3139 675 quando
3193 609 3480 661 adversum

1907 702 2186 756 diabolum
2215 701 2553 770 pcrsistimus
2604 700 2854 766 impacati
2889 698 3027 767 (ιῖ),
3053 709 3106 752 et
3141 702 3362 767 quando
3387 700 3483 752 ad-

1906 806 2125 844 versum
2153 791 2332 845 carnis
2359 790 2487 842 vitia
2519 788 2861 842 dimicamus.
2889 787 3132 856 Denique
3161 799 3215 841 et
3247 788 3482 842 Jacohus

1905 882 2180 949 apostolus
2227 881 2298 934 ita
2334 881 2465 934 dicit
2498 895 2512 933 :
2549 899 2566 930 ι
2601 878 2860 932 Resistite
2904 879 3142 942 diabolo,
3177 889 3224 932 et
3256 877 3425 947 fugiet
3452 895 3481 932 a

1903 973 2096 1026 vobis:
2131 971 2563 1040 appropinquate
2609 970 2739 1034 Deo,
2785 978 2841 1023 et
2893 970 3348 1038 appropinquabit
3388 985 3482 1022 vo-

1905 1061 1986 1116 bis
2008 1063 2074 1113 ".
2111 1080 2130 1114 ι
2170 1061 2328 1116 Vides
2367 1072 2424 1116 et
2456 1062 2634 1129 ipsum
2673 1060 2742 1113 ita
2772 1060 3187 1128 seusisse,qnod
3223 1069 3350 1116 tunc
3382 1077 3480 1130 ap-

1905 1153 2182 1222 propietur
2210 1152 2340 1216 Deo,
2363 1151 2578 1220 quando
2611 1150 2888 1204 resistitur
2918 1151 3158 1206 diabolo.
3195 1169 3212 1202 ι
3237 1152 3425 1205 Pacem
3456 1171 3475 1205 ι

1904 1259 2034 1312 ergo
2075 1262 2093 1294 ι
2133 1241 2430 1296 habeamus
2473 1241 2541 1296 ad
2572 1242 2740 1295 Deum
2775 1257 2873 1307 per
2907 1243 3193 1297 Dominum
3229 1253 3478 1298 nostrum

1904 1333 2086 1389 Jcsum
2123 1332 2424 1386 Christum.
2456 1349 2475 1382 ι
2526 1332 2592 1386 Ει
2630 1332 2840 1385 addidit
2872 1349 2886 1387 :
2924 1349 2942 1382 ι
2972 1333 3072 1386 Per
3111 1348 3269 1398 quem
3298 1341 3352 1385 et
3391 1347 3482 1384 ac-

1906 1439 2121 1502 cessum
2157 1424 2418 1478 habemus
2451 1423 2502 1476 in
2529 1423 2764 1492 gratiam
2806 1423 2966 1476 istam
3001 1424 3054 1476 in
3083 1439 3186 1491 qua
3219 1432 3475 1474 stamus.»

1906 1514 2186 1580 Quomodo
2224 1529 2506 1568 accessum
2535 1514 2794 1568 habemus
2825 1514 2890 1567 ad
2920 1515 3150 1584 gratiam
3179 1529 3274 1583 per
3303 1513 3483 1566 Domi-

1909 1621 2037 1660 num
2075 1615 2319 1660 nostrum
2343 1603 2528 1660 Jesum
2554 1605 2856 1671 Christum,
2883 1606 2995 1673 ipse
3021 1605 3274 1660 Salvator
3301 1606 3433 1658 dicit
3460 1623 3474 1660 :

1915 1712 1933 1745 ι
1974 1695 2083 1762 Ego
2137 1709 2256 1747 sum
2308 1694 2508 1748 ostium
2535 1695 2611 1758 ²²;
2649 1711 2667 1744 ι
2703 1703 2752 1764 et
2789 1709 2803 1744 :
2838 1711 2856 1744 ι
2887 1693 3055 1746 Nemo
3087 1694 3236 1747 venit
3268 1693 3333 1746 ad
3382 1693 3482 1746 l’a-

217 1784 340 1838 hmc
367 1795 514 1850 sunt,
562 1801 668 1839 non
707 1794 884 1855 potest
917 1786 1119 1840 habere
1169 1800 1356 1852 pacem
1389 1786 1455 1838 ad
1491 1784 1676 1846 Deum,
1708 1787 1800 1839 sed
1836 1771 1878 1828 Β
1911 1793 2068 1848 trem,
2097 1783 2200 1837 nisi
2231 1799 2329 1852 per
2360 1799 2444 1836 me
2471 1783 2540 1836 ’⁸.
2578 1802 2597 1836 ι
2645 1783 2745 1838 Per
2777 1784 2952 1851 ipsum
2992 1798 3123 1852 ergo
3156 1785 3248 1854 qui
3281 1786 3475 1838 ostiqu

220 1891 442 1930 rursum
494 1876 809 1931 inimicitias
848 1877 1093 1943 suscitat,
1126 1877 1246 1931 illas
1294 1891 1391 1944 pro
1449 1876 1648 1945 quibus
1692 1877 1800 1930 sol-

221 1967 419 2020 vendis
452 1966 704 2022 Christus
760 1968 1012 2031 advenit,
1049 1967 1191 2020 sicut
1224 1976 1276 2020 et
1331 1967 1471 2021 idem
1509 1968 1800 2036 Apostolus

221 2054 360 2110 dicit
393 2055 461 2109 de
493 2055 754 2111 Christo:
793 2075 812 2107 ι
837 2056 949 2125 Ipse
978 2065 1061 2111 est
1109 2057 1258 2111 enim
1309 2071 1410 2126 pax
1459 2065 1668 2123 nostra,
1704 2059 1798 2127 qui

222 2146 359 2202 fccit
411 2156 635 2216 utraque
700 2163 887 2215 unum,
950 2157 1006 2201 et
1050 2148 1290 2203 medium
1340 2149 1605 2217 parietem
1657 2150 1801 2219 scpis

227 2237 470 2301 solvens,
503 2238 811 2294 inimicitias
854 2240 907 2292 in
949 2256 1114 2294 carne
1145 2257 1242 2295 sua
1277 2259 1288 2292 :
1317 2242 1487 2311 legem
1521 2245 1806 2301 mandato-

229 2341 354 2379 rum
397 2327 450 2380 in
487 2329 718 2386 decretis
761 2346 1048 2395 cvacuans,
1081 2341 1144 2386 ut
1186 2333 1322 2386 duos
1350 2334 1609 2389 conderet
1639 2337 1690 2389 in
1725 2352 1808 2392 se-

230 2417 483 2487 mctipso,
527 2419 581 2474 in
635 2438 743 2477 uno
784 2439 923 2478 novo
955 2425 1174 2479 homine
1215 2424 1418 2481 faciens
1463 2441 1650 2496 pacem
1683 2429 1742 2483 ¹⁹.
1779 2447 1797 2481 ι

226 2509 384 2573 Quod
423 2511 467 2566 si
507 2511 755 2569 Christus
807 2515 1026 2570 advenit
1072 2526 1131 2570 ut
1185 2516 1494 2572 inimicitias
1546 2519 1799 2587 solveret,

227 2610 418 2663 pacem
470 2596 690 2662 faceret,
732 2613 796 2653 ac
840 2599 1162 2655 dissidentes
1222 2617 1318 2655 nos
1357 2612 1578 2673 propter
1615 2619 1798 2672 sepem

229 2687 449 2740 malitiae
507 2704 668 2757 quam
723 2691 998 2758 peccando
1058 2693 1370 2758 texuimus,
1424 2696 1801 2749 reconciliaret

229 2778 339 2831 lleo
364 2780 566 2846 peccati
607 2795 732 2848 sepe
772 2782 1012 2836 resoluta
1057 2799 1070 2836 :
1117 2783 1206 2850 qui
1250 2784 1443 2838 iterum
1478 2786 1544 2839 ad
1581 2796 1798 2854 peccata

225 2870 586 2930 convertitur,
623 2873 740 2924 sine
768 2871 932 2926 dubio
969 2889 1159 2928 rursus
1201 2875 1510 2929 inimicitias
1544 2890 1796 2946 reparat,

226 2971 282 3012 et
321 2975 500 3029 sepem
551 2962 910 3019 dissensionis
967 2965 1194 3028 intexit,
1250 2974 1304 3018 et
1356 2980 1454 3033 per
1502 2966 1616 3022 hace
1668 2983 1800 3036 opus

228 3051 430 3106 Christi
487 3052 669 3118 solvit,
709 3063 760 3109 et
797 3069 1011 3109 crucem
1073 3055 1340 3124 passionis
1378 3057 1496 3126 ejus
1545 3069 1792 3113 evacuat.

231 3141 333 3194 Sed
365 3161 461 3197 nos
495 3162 514 3196 ι
540 3144 818 3212 justiiicati
855 3161 917 3200 ex
951 3145 1078 3212 ﬁde,
1101 3161 1291 3215 pacem
1316 3148 1611 3204 habeamus
1637 3149 1800 3222 536

229 3233 294 3283 ad
327 3233 486 3287 Deum
518 3249 615 3303 per
650 3237 932 3290 Dominum
975 3247 1220 3292 nostrum
1253 3236 1436 3292 Jesum
1463 3238 1792 3293 Christum.»

232 3324 534 3381 llahcamus
563 3342 751 3396 pacem
784 3335 842 3380 ut
873 3327 1012 3382 ultra
1045 3343 1148 3383 non
1182 3329 1500 3384 adversetur
1529 3347 1656 3384 caro
1686 3333 1799 3402 spi-

229 3416 376 3478 ritui,
418 3431 516 3471 nec
554 3417 656 3487 legi
712 3418 803 3473 Dei
840 3420 1136 3475 absistatur
1171 3436 1200 3474 a
1247 3421 1364 3492 lege
1410 3423 1796 3477 membrorum.

233 3506 342 3560 Non
375 3508 446 3562 sit
493 3509 546 3562 iu
591 3510 748 3564 nobis
782 3521 902 3566 «est
929 3519 983 3566 et
1006 3526 1111 3566 nou
1139 3513 1216 3578 ³ο,
1241 3533 1260 3566 ι
1309 3513 1403 3568 sed
1434 3529 1598 3568 unum
1643 3515 1798 3569 dica-

235 3613 349 3651 mus
376 3614 588 3663 omnes,
631 3600 816 3654 eadem
867 3602 1168 3670 sapiamus,
1215 3617 1318 3658 nec
1367 3604 1507 3658 intra
1564 3615 1800 3659 nosmet-

235 3689 393 3756 ipsos,
429 3705 525 3743 nec
548 3692 888 3748 extrinsecus
912 3695 977 3748 ad
1006 3694 1235 3748 invicem
1268 3696 1533 3750 habeatur
1555 3696 1661 3749 ulla
1688 3697 1798 3751 dis~

233 3780 431 3842 sensio,
455 3789 509 3833 et
539 3790 664 3834 tunc
696 3797 880 3850 pacem
916 3784 1238 3838 habebimus
1262 3784 1376 3854 (ιθ)
1412 3786 1476 3838 ad
1511 3785 1675 3840 Deum
1705 3801 1800 3854 per

235 3870 510 3925 Dominum
567 3884 810 3928 nostrum
873 3873 1056 3929 Jesttm
1089 3874 1389 3931 Christum.
1445 3875 1574 3930 Illud
1617 3884 1796 3930 autent

233 3962 532 4018 certissime
558 3963 836 4018 sciemlum
867 3967 1117 4035 est,quia
1147 3968 1325 4022 omnis
1355 3967 1407 4021 in
1437 3982 1548 4036 quo
1574 3977 1654 4021 est
1687 3983 1800 4020 tua-

234 4053 357 4109 litiac
391 4055 602 4119 vitium,
648 4072 925 4125 nunquam
964 4067 1142 4126 potest
1169 4059 1371 4112 habere
1410 4072 1620 4126 pacem.
1666 4059 1796 4114 Dum

235 4148 374 4198 enim
422 4159 639 4214 semper
689 4148 892 4218 cogitat
944 4152 1216 4219 quomodo
1269 4149 1425 4203 laedat
1489 4150 1797 4218 proximum

237 4253 408 4300 suum,
427 4240 552 4290 dum
575 4254 791 4308 semper
813 4241 1039 4294 nocendi
1069 4250 1218 4296 artes
1243 4241 1494 4310 requirit,
1521 4255 1796 4310 nunquam

236 4345 378 4382 mens
407 4330 520 4395 ejus
556 4331 608 4383 in
649 4344 778 4398 pace
803 4331 1070 4386 consistit.
1103 4333 1254 4399 Quod
1295 4334 1342 4387 si
1376 4334 1622 4403 requiras
1651 4349 1681 4387 a
1713 4347 1798 4386 me

1905 1883 1990 1928 cst
2021 1873 2158 1944 (43),
2185 1887 2464 1927 accessmn
2503 1871 2768 1927 habemus
2793 1873 2859 1925 ad
2889 1874 3141 1942 gratiam.
3169 1873 3274 1927 Sed
3305 1874 3480 1927 videav

1908 1980 2029 2019 mus
2055 1964 2218 2034 quale
2251 1973 2332 2018 est
2359 1963 2580 2027 ostium,
2626 1972 2686 2017 ut
2734 1963 2974 2017 sciamus
3015 1963 3204 2031 quales
3234 1978 3354 2018 esse
3380 1964 3480 2017 de-

1908 2057 2070 2108 beant
2108 2054 2203 2122 qui
2234 2055 2438 2106 intrent
2472 2069 2567 2123 per
2605 2054 2803 2124 ipsum,
2836 2063 2891 2108 et
2929 2069 3211 2108 accessum
3249 2055 3482 2108 habeant

1906 2145 1974 2198 ad
2014 2147 2274 2216 gratiam.
2306 2144 2455 2199 Istud
2489 2146 2689 2198 ostium
2730 2147 2930 2199 veritas
2948 2157 3124 2211 est,et
3159 2162 3254 2215 per
3277 2147 3478 2200 ostium

1909 2237 2153 2291 veritatis
2191 2253 2294 2291 non
2337 2246 2561 2306 possunt
2598 2237 2829 2291 introire
2865 2238 3183 2292 mendaces.
3238 2238 3301 2290 Et
3359 2253 3480 2290 rur-

1907 2342 2026 2382 sum
2066 2327 2210 2382 istud
2243 2327 2440 2382 ostium
2470 2326 2680 2396 justitia
2714 2336 2822 2390 est,
2864 2339 2920 2381 et
2951 2343 3047 2396 per
3088 2328 3289 2382 ostium
3317 2328 3481 2398 justi-

1909 2417 1998 2472 tia:
2043 2432 2147 2472 non
2199 2419 2583 2489 ingrediuntur
2633 2417 2845 2484 injusti.
2881 2417 3024 2472 Istud
3059 2420 3256 2473 ostium
3301 2421 3477 2476 dicit;

1912 2523 1932 2558 ε
1976 2505 2173 2561 Discite
2201 2521 2230 2560 ιι
2258 2522 2342 2562 me
2377 2507 2502 2576 quia
2532 2507 2683 2560 mitis
2715 2520 2834 2560 sum
2865 2518 2918 2560 et
2946 2507 3165 2562 humilis
3191 2509 3354 2563 corde
3374 2508 3472 2562 “.0

1906 2597 2010 2653 Per
2040 2600 2238 2652 ostium
2281 2613 2412 2669 ergo
2455 2598 2780 2654 humilitatis
2823 2609 2874 2653 et
2913 2602 3344 2655 mansuetudinis
3380 2617 3480 2655 nec

1909 2691 2203 2744 iracundus
2231 2690 2550 2760 ingreditur,
2588 2705 2685 2745 nec
2729 2694 3016 2760 superbus.
3063 2693 3117 2746 Si
3151 2697 3273 2762 quis
3301 2695 3480 2763 itaque

1905 2791 1988 2834 est
2033 2781 2123 2849 qui
2159 2782 2456 2835 secundum
2485 2781 2727 2848 Apostoli
2770 2783 3015 2844 verbum,
3054 2798 3148 2852 per
3191 2785 3475 2838 Dominum

1908 2884 2150 2926 nostrum
2183 2870 2368 2926 Jesum
2397 2872 2675 2927 Christum
2714 2889 2994 2928 accessum
3030 2876 3144 2928 vult
3189 2877 3390 2930 habere
3425 2879 3475 2930 in

1906 2963 2134 3030 gratiam
2177 2961 2412 3028 Domini,
2446 2963 2498 3017 itt
2533 2979 2638 3032 qua
2671 2964 2893 3028 Paulus,
2935 2977 2988 3020 et
3016 2967 3059 3021 si
3087 2968 3179 3036 qui
3230 2979 3352 3020 sunt
3401 2970 3478 3021 si-

1907 3054 2063 3109 miles
2095 3053 2232 3122 ejus,
2257 3065 2404 3111 stare
2435 3070 2494 3111 se
2523 3057 2676 3122 dicit,
2696 3067 2918 3125 oportet
2944 3073 3065 3111 eum
3103 3059 3170 3112 ab
3198 3059 3279 3112 his
3307 3062 3479 3112 omni-

1903 3146 2006 3200 bus
2031 3161 2153 3214 quae
2187 3161 2349 3214 supra
2383 3148 2808 3200 memoravimus
2839 3162 2959 3202 esse
2983 3158 3289 3217 purgatum.
3326 3151 3478 3202 Alo-

1902 3236 2030 3304 quin
2069 3252 2175 3290 non
2217 3237 2452 3306 partietur
2508 3238 2610 3292 hoc
2657 3238 2860 3292 ostium
2914 3239 3139 3294 introire
3168 3256 3263 3294 eos
3293 3257 3389 3309 per
3419 3258 3478 3294 se

1901 3329 1994 3397 qui
2025 3344 2087 3383 ea
2129 3344 2247 3398 qua:
2277 3343 2305 3381 a
2350 3342 2411 3382 se
2459 3329 2634 3383 aliena
2665 3340 2793 3383 sunt
2840 3340 3056 3398 gerunt,
3091 3331 3185 3384 sed
3221 3333 3478 3386 continuo

1901 3421 2176 3474 clauditur
2214 3432 2266 3476 et
2309 3421 2546 3475 transire
2581 3435 2676 3490 per
2704 3436 2763 3475 se
2799 3437 2902 3474 non
2931 3423 3062 3474 sinit
3089 3423 3382 3476 dissimiles
3413 3425 3479 3474 si-

1900 3510 1974 3563 bi.
2006 3509 2121 3564 Hoc
2150 3510 2408 3564 nimirum
2437 3509 2686 3578 estquod
2714 3519 2766 3562 et
2797 3509 2903 3562 illis
2933 3511 3175 3578 quinque
3220 3509 3479 3578 insipien-

1902 3600 2045 3654 tibus
2073 3601 2371 3669 virginibus
2405 3600 2626 3664 accidit,
2664 3613 2785 3668 qua:
2815 3601 3072 3668 quoniam
3099 3600 3278 3652 oleum
3313 3600 3478 3651 bono-

1903 3705 2020 3744 rum
2050 3703 2274 3760 Opcrum
2309 3691 2361 3744 in
2403 3690 2639 3744 vasculis
2680 3691 2794 3744 suis
2846 3707 2950 3744 non
3007 3690 3358 3759 collegerant,
3389 3706 3479 3744 ve-

1902 3781 2116 3835 nientes
2143 3791 2266 3848 post
2304 3796 2508 3849 moras,
2541 3783 2786 3836 clausum
2825 3782 3023 3836 ostiqu
3054 3781 3380 3836 invenerunt
3407 3783 3476 3835 ".

1903 3870 2013 3926 Nec
2039 3873 2183 3926 enim
2239 3883 2490 3943 poterant
2527 3874 2846 3942 insipientes
2896 3874 3094 3928 animae
3135 3891 3230 3943 per
3279 3875 3476 3930 ostium

1910 3963 2142 4018 introire
2176 3965 2478 4034 sapientize,
2515 3972 2570 4018 et
2607 3979 2884 4019 accessum
2919 3966 3123 4022 habere
3159 3965 3211 4018 in
3242 3967 3474 4035 gratiam

1903 4055 2035 4128 (Η).
2067 4055 2210 4110 Bene
2257 4067 2439 4110 autem
2478 4055 2754 4122 apostolus
2800 4055 3000 4110 Paulus
3032 4056 3083 4108 in
3121 4058 3294 4122 gratia
3329 4065 3479 4108 stare

1901 4161 1960 4201 se
1996 4146 2146 4212 dicit,
2195 4147 2284 4216 qui
2330 4158 2392 4200 et-
2425 4147 2552 4201 alibi
2596 4147 2769 4201 dixit:
2827 4165 2844 4198 ι
2873 4146 3251 4200 Abundantius
3297 4159 3474 4200 autem

1901 4252 2063 4306 quam
2094 4252 2283 4290 omnes
2317 4236 2390 4290 illi
2423 4237 2664 4291 laboravi
2694 4257 2707 4291 :
2734 4254 2836 4290 non
2871 4245 3054 4289 autem
3076 4251 3194 4304 ego,
3229 4236 3322 4289 sed
3349 4253 3473 4300 gra-

1902 4328 1974 4380 tia
2005 4326 2098 4380 Dei
2141 4341 2353 4382 mecum
2378 4328 2444 4383 “.
2473 4346 2491 4380 ι
2533 4326 2685 4381 Unde
2717 4328 2760 4380 si
2788 4329 2910 4396 quis
2931 4336 3013 4380 est
3039 4327 3176 4378 alius
3199 4328 3290 4393 qui
3324 4325 3479 4377 labo-

236 4420 687 4490 quomodojustus
711 4431 888 4487 potest
917 4421 1118 4477 habere
1147 4438 1360 4493 pacem,
1386 4424 1477 4493 qui
1514 4424 1795 4493 impngua-
1827 4447 1869 4502 υ
1903 4427 1983 4472 ret
2012 4417 2410 4481 abundantius,
2464 4426 2516 4469 et
2545 4417 2633 4484 qui
2674 4416 2936 4487 glorietur
2981 4419 3032 4470 in
3071 4414 3488 4468 infirmitatibus

239 4517 316 4561 tur
347 4525 374 4561 a
407 4510 641 4577 diabolo,
675 4511 765 4579 qui
801 4512 1160 4566 tentatiomnn
1195 4514 1334 4568 bella
1368 4521 1659 4577 sustentat,
1693 4529 1794 4583 ego

238 4601 401 4667 ipsnnt
434 4603 604 4670 magis
650 4615 811 4671 snpra
841 4617 1031 4658 omnes
1071 4615 1296 4658 caeteros
1334 4606 1535 4659 habere
1563 4606 1792 4659 dixerim

238 4708 434 4760 pacein.
471 4691 600 4749 Vide
648 4696 791 4749 enim
824 4705 877 4748 ct
921 4695 1210 4764 Apostolus
1239 4713 1403 4766 quain
1441 4700 1798 4753 obscrvanter

237 4786 448 4838 scribat.
487 4784 600 4838 Non
629 4787 767 4840 dixit
801 4805 812 4839 :
851 4806 869 4838 ι
901 4786 1196 4841 Justiiicati
1241 4790 1403 4858 igitur
1440 4787 1504 4842 ex
1547 4790 1669 4855 lide,
1697 4807 1795 4860 pa-

236 4890 342 4927 cem
386 4876 697 4940 habeamus,
727 4897 745 4929 ι
789 4886 845 4933 et
877 4878 1066 4940 siluit;
1101 4878 1193 4933 sed
1227 4879 1512 4948 adjnugit:
1554 4898 1572 4929 ι
1607 4880 1796 4934 Pacem

303 5011 338 5042 "
362 5009 549 5064 .lacob.
581 5025 655 5073 tv,
687 5011 741 5063 4.

237 5082 274 5112 ’³
299 5079 450 5134 Joziu.
489 5098 541 5146 x,
562 5084 612 5136 υ.
673 5082 718 5111 ’³
744 5079 897 5136 Joau.
929 5099 1036 5148 xiv,
1058 5084 1110 5135 6.

820 5011 895 5062 ¹⁸Ι
927 5012 1084 5066 Joau.
1123 5028 1182 5070 tt.
1229 5013 1318 5075 15,
1358 5013 1441 5066 16.

1186 5083 1231 5114 ’δ
1262 5083 1450 5136 Matth.
1478 5098 1552 5147 xt,
1582 5085 1666 5136 λυ.

300 5199 406 5266 (57)
446 5200 610 5261 Alias,
642 5217 660 5249 ‹
682 5201 940 5254 resolvas.
966 5221 982 5251 ι

301 5271 411 5340 (58)
443 5269 603 5333 liditi,
637 5287 654 5320 ι
681 5275 795 5337 pari
829 5272 1370 5338 spirituattcstatur:
1404 5269 1600 5330 Filioli,
1625 5268 1791 5322 nolite

241 5352 409 5390 amate
431 5353 663 5413 eaquae,
693 5360 708 5389 ι
737 5351 840 5413 etc.
876 5341 1138 5413 Ms,unus
1162 5343 1347 5413 habet.
1370 5361 1386 5390 ι
1417 5341 1588 5392 Ι⁴ἰΙι‹ιΙι
1627 5342 1727 5413 mei
1769 5359 1786 5389 ι

242 5424 325 5472 pro
385 5426 402 5456 ι
433 5406 627 5470 ΡιΙιυΙι,
671 5412 861 5477 inquit.
891 5431 908 5461 ι
969 5411 1242 5470 liabauus,
1284 5406 1346 5464 et.
1399 5429 1526 5463 mss.
1571 5412 1789 5478 quidam

241 5480 490 5545 omittunt
516 5488 568 5529 et
603 5497 620 5526 ε
655 5481 827 5545 inquit
851 5500 869 5530 ι
898 5490 953 5534 ct
984 5499 1000 5527 ι
1028 5481 1150 5531 luci.
1177 5499 1193 5527 ι

301 5548 411 5613 (ait)
447 5543 509 5595 Et
548 5543 789 5612 superbia
819 5551 950 5602 vitae.
998 5549 1116 5600 llrc
1151 5550 1310 5600 verba
1339 5564 1439 5599 non
1476 5557 1789 5617 comparent

243 5615 284 5668 in
321 5620 695 5686 mss.uostris,
730 5635 827 5670 nec
864 5619 1001 5686 apud
1035 5617 1345 5674 liabanum.

303 5685 409 5750 ΗΘ)
451 5685 612 5750 Alias,
656 5705 673 5737 t
711 5685 985 5742 luti-cauis.
1019 5707 1036 5738 ι

1523 5013 1562 5042 ⁸³
1619 5011 1817 5081 Ephcs.
1847 5028 1904 5076 ll,
1961 5012 2047 5078 14,
2095 5012 2182 5065 15.

1743 5083 1787 5113 ³⁵
1811 5082 1999 5136 Matth.
2039 5097 2162 5144 xxv,
2193 5082 2247 5147 8,
2287 5081 2376 5134 10.

1899 4511 2034 4573 suis,
2059 4509 2151 4577 qui
2185 4509 2237 4562 in
2267 4509 2526 4578 periculis
2555 4523 2698 4578 saepe
2730 4519 2994 4572 versetur,
3029 4528 3046 4558 ι
3083 4506 3339 4578 periculis
3363 4521 3480 4558 ma-

1901 4602 1998 4665 ris,
2015 4600 2266 4671 periculis
2291 4600 2572 4654 ﬂuminum
2601 4598 2740 4671 (45).
2761 4599 3020 4668 periculis
3051 4599 3346 4660 latronum,
3373 4609 3470 4662 pe-

1901 4693 2093 4746 riculis
2117 4692 2168 4744 in
2200 4691 2352 4745 falsis
2382 4691 2650 4746 fratribus
2675 4692 2745 4755 ’7,
2772 4710 2790 4742 ι
2819 4702 2872 4745 et
2904 4691 2955 4744 in
2988 4690 3070 4743 his
3095 4689 3346 4742 omnibus
3369 4694 3476 4740 stet

1903 4798 2118 4852 semper
2151 4783 2203 4836 iu
2235 4783 2363 4846 fide,
2393 4794 2497 4835 iste
2517 4782 2766 4836 similiter
2795 4792 2940 4835 stare
2967 4782 3165 4836 dicitur
3190 4782 3240 4833 in
3270 4780 3473 4848 gratia.

1906 4879 2012 4934 Sed
2047 4888 2102 4933 et
2135 4878 2278 4946 quod
2306 4877 2573 4944 sequitur,
2615 4893 2634 4925 ι
2666 4874 2733 4928 Et
2758 4875 3054 4944 gloriamur
3081 4875 3133 4927 in
3160 4888 3256 4944 spe
3289 4871 3476 4941 gloria:

2283 5010 2328 5041 τ’
2361 5009 2375 5062 |
2404 5009 2531 5064 Cor.
2581 5024 2618 5071 ι,
2665 5009 2850 5064 l7-l9.
2926 5011 2969 5040 ²¹
3000 5007 3191 5062 ,1.ιροΙι.
3233 5024 3304 5070 ιν,
3335 5010 3387 5069 7,
3420 5009 3473 5061 8.

2453 5081 2498 5110 "
2524 5080 2545 5134 ι
2571 5080 2700 5136 Cor.
2739 5095 2828 5142 xv,
2859 5080 2919 5133 l0
2995 5080 3038 5108 ’⁷
3065 5081 3103 5132 ll
3125 5081 3251 5132 Cor.
3282 5095 3356 5143 xi,
3383 5083 3469 5131 2U.

1974 5200 2085 5267 (il)
2129 5198 2219 5253 Sic
2265 5214 2456 5253 otuues
2513 5214 2646 5255 mss.
2693 5199 2888 5253 nostri.
2937 5197 3080 5250 Edttt
3117 5212 3280 5261 vero,
3330 5215 3349 5246 ι
3377 5212 3471 5263 pa-

1902 5278 2087 5408 Πῒῖὶῖ
2120 5339 2292 5402 Alias,
2331 5357 2350 5390 ι
2371 5349 2558 5393 contra
2596 5347 2848 5408 peccata;
2879 5355 2897 5388 ι
2931 5335 3025 5398 al.,
3055 5355 3074 5386 ι
3101 5337 3152 5389 iu
3178 5335 3467 5400 peccatis,»

1959 5411 2063 5460 :l:.

1901 5426 2088 5542 ιιιὲξῆ
2133 5478 2307 5543 Arms,
2344 5497 2360 5527 ε
2387 5478 2515 5544 quia
2554 5477 2751 5527 ostium
2782 5488 2884 5529 est.
2917 5496 2938 5528 ι

1972 5548 2084 5610 (tt;
2127 5548 2288 5605 .\|i;ts,
2333 5567 2346 5593 ι
2388 5565 2438 5596 ιιι
2473 5548 2698 5611 gratiam
2734 5546 2912 5600 istam.
2942 5566 2958 5595 ι

1973 5617 2084 5680 (ιδ)
2129 5613 2384 5666 Ιύνὲιίιίιδ
2420 5616 2718 5680 ﬂumina-ii.
2752 5615 2871 5673 llarc
2907 5617 3176 5672 adduntur
3206 5617 3361 5672 verba
3397 5617 3464 5669 ab

1901 5700 2004 5736 uno
2035 5702 2132 5736 ms.
2170 5685 2334 5753 lli-git.
2368 5697 2419 5738 ci.
2459 5697 2488 5736 Α
2525 5683 2765 5742 ιιιὼίιιιο.
