3936 6196
62 314 245 370 99.73

71 537 426 576 sanctqu
487 525 580 593 qui
631 527 787 578 datus
827 535 912 578 est
959 525 1114 578 uth
1149 529 1214 577 δ”.
1255 546 1272 576 ι
1328 527 1538 579 Primus
1569 527 1751 578 statim

79 627 351 667 sermo
388 614 617 682 capituli
640 614 798 683 hujus
825 614 1203 682 ambiguitatis
1231 616 1432 685 aliquid
1465 618 1706 670 continet
1735 636 1746 671 :

87 721 250 757 ιιοιι
295 707 466 758 enim
496 706 658 759 habet
683 707 735 759 iu
772 689 1237 776 consequentibus
1261 711 1325 761 ad
1371 710 1504 776 quid
1554 709 1748 762 referri

85 793 259 860 (5'5)
309 793 527 847 debeat
559 797 701 864 quod
731 796 870 850 dixit
902 814 914 850 :
948 814 968 848 ι
989 812 1092 851 non
1123 799 1295 852 solum
1317 809 1518 852 autem.
1553 817 1571 850 ι
1601 798 1752 854 Unde

93 885 274 940 vide
309 885 360 940 si
397 886 675 954 possimus
715 887 819 942 hoc
852 891 1010 944 modo
1037 889 1447 960 ambiguitatem
1479 891 1746 946 elocutio-

93 977 224 1030 nis
258 977 594 1032 absolvere.
628 977 895 1044 Quoniam
934 981 984 1034 in
1019 983 1399 1051 superioribus
1451 983 1616 1038 multa
1653 999 1750 1038 no-

97 1065 223 1118 bis
275 1080 392 1134 per
430 1066 716 1121 Dominttm
774 1078 1016 1124 nostrum
1062 1069 1245 1125 Jesuut
1290 1072 1567 1126 Christum
1612 1090 1747 1143 prte-

94 1156 274 1208 stita
320 1170 460 1210 esse
493 1159 794 1225 perdocuit,
857 1169 914 1212 nt
961 1175 1081 1215 cum
1129 1161 1254 1214 dicit
1282 1159 1613 1227 jnstilicatos
1642 1179 1744 1218 nos

103 1261 271 1298 esse
297 1263 373 1300 ex
405 1248 506 1300 tide
531 1265 625 1318 per
645 1250 931 1304 Dominum
964 1264 1208 1306 nostrum
1229 1253 1415 1308 Jesum
1443 1254 1743 1322 Christum,

106 1349 185 1388 ot
231 1355 346 1406 per
383 1341 559 1407 ipsum
593 1356 871 1395 accessum
933 1343 1133 1398 habere
1188 1347 1240 1398 iu
1288 1349 1522 1416 gratiam
1565 1349 1742 1413 istam,

107 1441 241 1492 per
275 1431 468 1498 ipsum
511 1431 670 1483 etiam
713 1432 934 1500 gloriari
988 1436 1040 1487 in
1080 1451 1175 1503 spe
1207 1437 1394 1506 gloriae
1436 1438 1526 1491 Dei
1559 1438 1642 1504 ⁶’;
1678 1440 1744 1493 ad

115 1514 272 1568 haec
309 1519 504 1570 omnia
533 1533 652 1587 qua:
699 1521 843 1573 dicta
886 1533 1032 1586 sunt,
1084 1525 1278 1578 referri
1336 1538 1466 1594 puto
1517 1528 1742 1595 debere,

123 1624 151 1656 α
203 1623 325 1662 non
357 1609 538 1661 solum
580 1622 800 1666 autem:
838 1631 855 1664 ι
899 1614 996 1668 hoc
1033 1625 1138 1678 est,
1187 1631 1291 1669 non
1343 1618 1516 1670 solum
1564 1628 1742 1673 autem

120 1713 274 1765 qua!
307 1713 482 1768 supra
521 1701 638 1771 (54)
671 1703 782 1755 dixi
810 1721 824 1769 ;
859 1705 952 1757 sed
983 1716 1036 1758 et
1063 1707 1164 1760 hoc
1185 1707 1328 1775 quod
1361 1709 1658 1777 gloriamur
1687 1711 1738 1764 iu

1137 316 1490 371 COMMENT.
1525 315 1588 370 IN
1623 309 1844 369 EPIST.
1876 312 1965 366 AD
2000 313 2166 368 ROM.
2204 313 2332 369 LIB.
2372 313 2472 367 IV.

77 433 230 485 l).--i
303 432 521 490 diffusa
566 444 646 487 est
699 436 748 488 in
796 435 1051 488 cordibus
1097 438 1298 490 nostris
1340 454 1432 505 per
1489 436 1747 504 Spiritum
1782 442 1824 493 Λ
1858 428 2088 498 divitiis,
2131 433 2478 501 eulpabiliter
2530 416 2794 502 gloriatur
2841 451 2852 486 :

3324 321 3427 376 994

2903 438 2944 488 si
3003 435 3124 503 quis
3187 449 3316 488 vero
3368 438 3417 488 in

1857 526 2202 591 agnoscendo
2240 527 2520 578 hominum
2562 525 2847 594 gloriatur,
2871 536 2924 580 et
2954 527 3006 578 iu
3045 524 3312 580 intellectu
3339 529 3424 593 ju-

1857 615 2126 667 diciornm
2161 616 2300 684 ejus,
2331 626 2385 668 et
2413 617 2820 682 misericordia),
2873 626 2927 669 et
2962 615 3205 683 justitize,
3237 617 3423 671 lauda-

1854 705 2036 761 biliter
2071 707 2359 774 gloriatur.
2397 708 2528 762 Cum
2573 725 2703 778 ergo
2749 723 2930 762 sermo
2971 709 3072 763 iste
3111 709 3176 761 ad
3210 719 3423 763 utrum-

1852 811 1958 865 que
2010 799 2288 867 respiciat,
2345 801 2730 867 requirendum
2781 801 2936 855 nobis
2986 809 3070 854 est
3121 802 3174 852 in
3229 800 3424 868 quibus

1852 897 2001 942 recta
2035 889 2286 958 gloriatio
2321 890 2414 954 sit,
2445 891 2576 944 etin
2611 891 2810 958 quibus
2834 891 3016 944 minus
3043 890 3188 946 recta
3224 889 3423 960 gloria-

1854 977 1949 1029 tio.
1995 976 2152 1042 Quod
2194 977 2264 1029 ita
2297 978 2512 1032 denmm
2557 979 2854 1047 poterimus
2894 993 3207 1048 agnoscere,
3251 979 3295 1032 si
3330 993 3426 1032 na-

1853 1077 2004 1121 turas
2066 1081 2244 1121 rerum
2311 1071 2636 1138 competenti
2699 1071 3049 1124 distinctione
3119 1080 3419 1124 teneamus.

1851 1155 2004 1222 Quod
2029 1169 2210 1212 autem
2246 1159 2480 1212 dicimus
2513 1159 2616 1213 tale
2639 1169 2742 1215 est.
2776 1159 2968 1215 Omnia
3007 1175 3128 1233 quae
3161 1167 3288 1214 sunt
3339 1161 3421 1213 vel

1851 1257 2109 1317 aguntur,
2153 1261 2242 1304 attt
2286 1251 2423 1304 bona
2451 1261 2602 1316 sunt,
2634 1262 2728 1302 aut
2767 1256 2928 1314 mala,
2979 1261 3070 1304 aut
3107 1251 3419 1304 indifferen-

1853 1342 1945 1393 tia.
1983 1341 2056 1395 De
2089 1342 2290 1410 quihtts
2316 1345 2565 1412 quamvis
2591 1344 2750 1397 latior
2782 1345 2966 1398 haberi
3015 1344 3207 1398 debeat
3237 1345 3420 1412 dispu-

1849 1431 2006 1494 tatio,
2047 1444 2225 1487 tamen
2259 1447 2518 1500 quantum
2558 1435 2622 1486 ad
2657 1446 2982 1500 prmseutem
3019 1437 3192 1489 locum
3218 1435 3415 1488 sullicit

1849 1520 2207 1589 proferemus.
2239 1525 2383 1576 Bona
2415 1526 2501 1576 illa
2538 1537 2746 1578 certum
2785 1537 2867 1578 est
2899 1528 3120 1593 proprie
3141 1525 3272 1590 dici,
3297 1541 3418 1592 qua:

1848 1613 1912 1664 ad
1943 1613 2173 1665 virtutes
2200 1614 2364 1665 animi
2398 1613 2672 1681 pertinent
2701 1631 2714 1672 :
2763 1624 2820 1667 et
2879 1615 3020 1666 mala
3048 1630 3109 1666 ea
3142 1615 3257 1668 sola
3289 1615 3420 1666 defi-

1850 1701 1975 1764 niri,
2009 1715 2128 1768 qua:
2175 1702 2240 1752 ad
2282 1703 2542 1754 malitiam
2589 1712 2860 1770 spectant,
2914 1715 2966 1756 et
3015 1715 3207 1756 contra
3243 1703 3414 1774 leget’u

131 1791 611 1846 tribulationibus
646 1795 865 1858 nostris,
898 1811 990 1866 per
1027 1797 1314 1851 Dominmn
1359 1811 1604 1854 nostrum
1651 1801 1725 1855 Je-

1849 1791 1937 1842 Dei
1967 1802 2242 1859 aguntur;
2269 1801 2463 1844 caetera
2495 1807 2624 1845 vero
2657 1792 3016 1846 imlifl‘ercntia
3049 1809 3192 1859 esse,
3227 1796 3276 1848 id
3303 1806 3410 1859 est,

136 1896 281 1936 sum
319 1883 607 1938 Christum
641 1887 923 1940 habemus.
957 1889 1176 1944 Caateris
1217 1892 1358 1944 enim
1406 1892 1456 1945 iu
1515 1892 1739 1946 tribula-

131 1975 304 2028 tione
345 1975 716 2040 trislattlihns,
750 1995 848 2034 nos
876 1981 1062 2048 gratiae
1111 1982 1280 2050 ipsius
1322 1984 1524 2038 virtute
1579 1986 1738 2038 robo-

140 2063 279 2127 rati,
327 2065 382 2118 in
420 2068 862 2123 tribulationibus
889 2072 1208 2141 gloriantur.
1240 2074 1542 2130 Didicimus
1578 2091 1735 2130 nam—

143 2171 261 2222 que
291 2173 494 2213 novam
525 2176 587 2212 ex
620 2163 923 2216 eruditione
953 2165 1122 2231 ipsius
1143 2166 1511 2234 disciplinam,
1542 2178 1602 2222 ut
1639 2185 1737 2236 per

154 2249 555 2304 tribulationes
595 2254 793 2307 bonum
817 2253 1091 2323 patientia:
1119 2259 1396 2326 capiamus
1426 2278 1439 2314 :
1478 2261 1736 2314 habentes

150 2353 288 2390 vero
351 2343 628 2406 patientiae
686 2345 884 2396 bonum
941 2347 1245 2413 probabiles
1284 2350 1590 2414 judicentnr
1631 2371 1644 2407 ε
1682 2363 1736 2405 et

157 2443 258 2495 per
315 2433 631 2499 patientiam
682 2436 977 2488 multarum
1035 2438 1438 2492 tribulationum
1497 2445 1733 2510 probati,

155 2535 316 2587 spem
352 2522 546 2575 futurae
575 2525 685 2594 (55)
715 2540 743 2577 a
784 2526 890 2580 Deo
921 2530 1375 2584 remunerationis
1405 2535 1732 2589 habeamus:

153 2625 281 2676 qnze
312 2626 464 2679 spes,
498 2615 619 2680 quia
671 2625 818 2670 certa
869 2629 924 2670 et
972 2633 1097 2671 vera
1142 2629 1245 2681 est.
1299 2636 1403 2676 non
1453 2625 1736 2679 confumlit

157 2709 476 2763 Sperantes.
515 2701 700 2756 Fidctu
736 2721 964 2775 namque
1001 2706 1164 2778 538
1191 2722 1244 2764 et
1270 2726 1420 2780 spem
1453 2717 1735 2785 cenaequi-

157 2800 248 2842 tur
274 2793 523 2848 Charitas
557 2796 668 2854 Dei,
700 2813 821 2863 qua:
854 2799 1094 2851 omnium
1124 2801 1295 2870 major
1332 2803 1444 2874 (56)
1475 2815 1557 2860 est
1591 2807 1656 2872 ⁸⁸,
1681 2817 1733 2862 et

155 2903 264 2938 non
299 2889 472 2955 solum
521 2890 690 2957 replet
715 2902 948 2944 mentem
985 2903 1246 2960 nostram,
1278 2899 1370 2950 sed
1403 2909 1455 2951 et
1493 2900 1732 2956 abundat

159 2992 226 3030 ac
259 2977 582 3032 diffunditur
618 2986 666 3030 in
694 2980 948 3035 cordilms
989 2983 1211 3046 nostris,
1247 3001 1341 3052 pro
1371 3001 1436 3040 eo
1459 2991 1600 3057 quod
1626 3007 1729 3045 non

1845 1897 2018 1948 neque
2056 1882 2218 1946 bona,
2250 1896 2424 1949 neque
2467 1886 2606 1938 mala
2645 1886 2972 1938 nominanda
3019 1885 3154 1955 (σο),
3193 1897 3248 1939 ut
3278 1871 3419 1940 ⁷ἓιιιιι

1842 1972 2064 2039 divitize,
2101 1975 2312 2041 Species
2344 1976 2612 2042 corporis,
2645 1986 2699 2030 et
2737 1976 2997 2031 fortitudo
3046 1977 3129 2030 vel
3171 1979 3416 2045 proceri-

1843 2075 1948 2129 tas,
1984 2078 2144 2134 atque
2181 2082 2241 2119 ea
2273 2083 2391 2135 quae
2421 2071 2666 2138 corporis
2702 2073 2890 2125 usibus
2923 2073 3186 2126 serviunt.
3213 2073 3268 2126 Si
3291 2075 3414 2142 quis

1841 2159 2011 2227 igitur
2040 2158 2446 2213 distinctionem
2496 2161 2826 2215 diversitatis
2877 2162 3035 2229 hujus
3088 2165 3318 2232 ignorat,
3359 2174 3413 2218 et

1838 2250 2103 2318 gloriatur
2153 2251 2206 2303 in
2259 2250 2341 2303 his
2389 2266 2510 2318 quze
2545 2267 2649 2304 non
2683 2261 2808 2306 sunt
2850 2269 2980 2308 vere
3017 2253 3175 2316 bona,
3214 2269 3311 2308 nec
3343 2255 3411 2308 ad

1838 2341 2094 2395 virtutem
2149 2343 2314 2394 animi
2367 2347 2659 2410 pertinent,
2707 2344 3055 2412 cnlpahiliter
3121 2344 3407 2414 gloriatur.

1838 2429 2039 2485 Paulus
2074 2448 2224 2499 vero,
2261 2438 2351 2502 qui
2380 2434 2429 2486 in
2467 2435 2552 2486 his
2581 2445 2698 2487 erat
2743 2437 3124 2503 peritissimus,
3160 2453 3282 2489 cum
3327 2438 3410 2490 di-

1837 2523 2028 2586 xisset,
2052 2525 2177 2592 quia
2205 2543 2222 2575 ι
2253 2525 2548 2592 gloriamur
2582 2525 2633 2578 in
2671 2527 3110 2580 tribulationibus
3141 2529 3358 2592 nostris,
3387 2546 3404 2578 ι

1836 2628 1905 2669 ne
1934 2615 2076 2670 forte
2115 2626 2396 2684 putaretur
2427 2618 2478 2671 in
2515 2616 2677 2670 rebus
2724 2615 3161 2670 indiﬂ‘ereutihus
3207 2629 3261 2671 et
3300 2635 3411 2669 me-

1835 2706 1938 2759 diis
1986 2703 2230 2775 gloriari,
2259 2706 2443 2786 .rcddit
2475 2707 2732 2758 continuo
2765 2707 3057 2768 rationem,
3093 2718 3144 2759 et
3168 2709 3411 2761 ostendit

1833 2796 1974 2864 quod
2010 2796 2262 2864 gloriatio
2291 2812 2407 2862 sua,
2443 2812 2605 2864 quam
2651 2797 2703 2848 in
2745 2797 3185 2850 tribulationibus
3221 2798 3404 2860 habet,

1832 2888 1899 2940 ad
1934 2888 2164 2942 virtutes
2195 2888 2360 2940 animi
2399 2889 2686 2955 pertineat.
2731 2888 2868 2942 Dicit
2909 2889 3077 2948 enim,
3112 2889 3234 2957 quia
3265 2907 3282 2939 ι
3313 2891 3409 2940 tri-

1833 2978 2056 3043 bulatio,
2084 2998 2102 3031 ι
2149 2994 2245 3048 pro
2273 2995 2376 3048 qua
2418 2979 2644 3048 glorior,
2691 2997 2708 3029 ι
2751 2979 3069 3048 patientiam
3127 2991 3403 3047 operatur,

162 3069 400 3121 humana
437 3084 465 3122 a
495 3070 648 3124 nobis
675 3081 794 3125 arte
823 3072 1130 3140 acquiritur
1168 3075 1303 3144 (57),
1345 3079 1436 3130 sed
1483 3095 1578 3147 per
1608 3097 1728 3149 ενα.
1756 3103 1802 3164 C
1835 3070 2090 3138 patientia
2125 3085 2254 3124 vero
2285 3074 2685 3138 probationem,
2743 3071 2994 3139 probatio
3047 3087 3175 3124 vero
3224 3087 3399 3135 spem,

164 3159 293 3212 tiam
321 3162 501 3236 Vsaueti
562 3162 798 3230 Spiritus
845 3163 1168 3222 infunditur.
1245 3167 1366 3223 llaec
1430 3175 1723 3227 secundum

160 3255 427 3308 sermonis
453 3255 622 3322 ipsius
650 3257 731 3310 vel
768 3257 958 3312 littera:
993 3263 1436 3329 consequentiam
1472 3280 1569 3332 pro
1599 3267 1729 3320 ada-

161 3345 404 3410 pertioue
429 3345 544 3416 (58)
570 3349 847 3414 apostolici
875 3350 1078 3419 eloquii
1108 3352 1393 3420 explanata
1423 3357 1549 3408 sint.
1572 3356 1726 3412 Nunc

160 3437 272 3504 jam
304 3439 424 3505 quid
463 3440 690 3491 interior
719 3456 914 3494 sensus
952 3444 1229 3497 contineat
1270 3447 1630 3514 requiramus.
1663 3449 1727 3503 Et

168 3528 338 3593 primo
371 3529 434 3580 de
463 3529 785 3596 gloriatione
819 3533 1092 3586 videamus
1135 3535 1277 3602 quod
1314 3537 1449 3590 dixit
1483 3557 1496 3593 :
1539 3555 1556 3590 ι
1595 3539 1726 3595 Glo-

173 3619 369 3671 riamur
410 3619 460 3672 in
510 3621 952 3677 ttibulatiOuilms
1009 3628 1226 3678 nostris.
1273 3647 1290 3677 ι
1339 3629 1531 3684 Sermo
1579 3633 1722 3686 enim

175 3711 494 3779 gloriationis
526 3713 662 3778 (59).
716 3715 982 3768 interdum
1020 3717 1363 3773 laudabiliter
1400 3723 1448 3776 iu
1480 3722 1722 3794 Scriptu-

177 3802 268 3865 ris,
299 3801 560 3855 interdum
588 3803 928 3870 enlpabiliter
959 3807 1192 3874 ponitur.
1223 3810 1431 3864 Etenim
1477 3829 1598 3866 cttm
1642 3815 1724 3868 di-

181 3895 244 3946 rit
275 3892 527 3948 Jeremias
554 3913 567 3948 :
605 3913 622 3943 ι
658 3894 782 3951 ll:ec
810 3897 942 3951 dicit
973 3899 1229 3955 Dominus
1259 3921 1270 3956 :
1312 3902 1426 3956 Non
1463 3905 1724 3974 glorietur

180 3985 377 4052 Sapiens
403 3987 454 4040 in
493 3986 754 4051 sapientia
813 4003 932 4053 sua,
986 4004 1086 4044 nec
1132 3989 1290 4046 fortis
1319 3994 1371 4046 iu
1407 3995 1723 4051 fortitudine

182 4091 288 4140 sua,
319 4091 482 4145 neque
513 4077 776 4145 glorietur
801 4077 951 4132 dives
993 4079 1046 4132 in
1080 4081 1283 4136 divitiis
1327 4085 1441 4138 suis
1483 4103 1494 4138 :
1546 4087 1638 4140 sed
1668 4087 1720 4140 in

183 4169 273 4223 hoc
299 4170 548 4238 glorietur
573 4170 664 4238 qui
693 4169 980 4238 gloriatur,
1018 4172 1322 4236 intelligere
1350 4184 1404 4231 et
1427 4191 1722 4244 agnoscere

187 4277 283 4322 uie,
312 4261 425 4330 quia
457 4276 558 4330 ego
589 4277 706 4315 sum
746 4261 999 4316 Dominus
1047 4265 1135 4333 qui
1193 4276 1376 4321 statuo
1414 4269 1723 4323 misericor-

185 4354 334 4417 diam,
362 4364 408 4408 et
431 4354 720 4424 judicium,
755 4363 808 4407 et
834 4354 1099 4423 justitiam
1128 4369 1292 4427 super
1340 4371 1536 4414 terrain
1575 4361 1618 4393 ⁸³
1647 4379 1662 4427 ;
1696 4381 1714 4412 ι

1647 4405 1662 4429 ν

1831 3175 1954 3229 Spes
1984 3175 2111 3214 vero
2141 3177 2244 3215 non
2273 3163 2582 3228 confundit,
2635 3165 2760 3230 quia
2791 3163 3034 3215 Charitas
3066 3162 3156 3216 Dei
3209 3164 3404 3216 dill’usa

1827 3261 1909 3304 est
1939 3251 1992 3304 in
2023 3253 2278 3308 cordibus
2301 3253 2507 3308 nostris
2549 3269 2643 3321 per
2673 3256 2938 3322 Spiritum
2981 3266 3268 3318 sanctum;
3302 3275 3318 3306 ι
3349 3266 3404 3308 ιιι

1829 3343 1998 3397 iubis
2031 3345 2225 3397 edocet
2267 3347 2408 3412 quod
2465 3361 2560 3414 per
2611 3347 2970 3399 succedentes
3021 3346 3122 3399 sibi
3175 3349 3404 3399 virtutes

1827 3434 2081 3502 gloriatio
2123 3435 2534 3488 tribulatiouun
2578 3453 2748 3503 usque
2808 3437 2876 3487 ad
2941 3437 3111 3488 sancti
3165 3437 3402 3503 Spiritus

1827 3528 2036 3580 culmen
2069 3526 2180 3597 (61)
2217 3527 2496 3586 ascendat,
2553 3528 2694 3579 sicut
2735 3537 2787 3579 et
2834 3527 2960 3580 alibi
2998 3527 3128 3579 dicit
3168 3545 3180 3579 :
3232 3545 3249 3576 ι
3297 3527 3399 3592 Qui

1827 3619 2118 3687 gloriatur,
2154 3621 2203 3671 in
2239 3619 2463 3672 Domino
2494 3618 2758 3686 glorietur
2785 3619 2848 3668 ³⁸³.
2885 3638 2902 3668 ι
2945 3618 3130 3686 Neque
3159 3633 3293 3687 ergo
3345 3622 3396 3672 in

1827 3712 2090 3779 sapientia
2129 3713 2368 3780 prepria,
2399 3725 2572 3777 neque
2619 3711 2670 3762 iu
2724 3709 3070 3770 fortitudine,
3123 3724 3296 3776 neque
3344 3711 3395 3763 in

1827 3801 2051 3863 divitiis,
2082 3801 2177 3853 sed
2211 3801 2262 3852 in
2291 3799 2407 3852 solo
2445 3798 2555 3851 Deo
2591 3801 2845 3851 convenit
2879 3798 3126 3867 gloriari.
3161 3799 3262 3852 Sed
3291 3798 3400 3852 for-

1826 3902 1971 3946 tasse
2021 3891 2175 3946 dicas
2217 3907 2229 3942 :
2281 3889 2532 3957 Nunquid
2584 3905 2688 3941 non
2740 3888 3008 3956 sapientia
3059 3891 3123 3942 ad
3168 3891 3399 3944 virtutes

1826 3986 1992 4040 animi
2023 3992 2235 4055 spectat
2259 3983 2282 4036 ?
2303 3983 2369 4036 Et
2399 3998 2498 4036 cur
2529 3982 2800 4051 culpabile
2833 3983 3050 4036 ducitur
3093 3982 3146 4036 in
3176 3985 3398 4054 sapien-

1828 4081 1900 4133 tia
1926 4076 2194 4145 gloriari?
2223 4076 2357 4129 Vide
2379 4089 2506 4140 ergo
2534 4089 2698 4143 quam
2732 4084 2922 4127 cautus
2957 4074 3070 4144 (62)
3121 4087 3203 4128 est
3249 4076 3400 4130 Scri-

1824 4182 1996 4238 ptura:
2048 4183 2252 4230 sermo,
2299 4167 2394 4234 qui
2447 4166 2726 4232 impolitus
2768 4165 2985 4219 videtur
3031 4176 3086 4220 ct
3139 4166 3393 4235 agrestis.

1825 4261 1937 4314 Non
1972 4262 2149 4314 dixit:
2187 4281 2202 4308 ι
2250 4258 2362 4312 Νοιι
2395 4259 2658 4328 glorietur
2698 4259 2915 4326 sapiens
2959 4259 3009 4309 in
3041 4258 3326 4326 sapientia.
3369 4278 3389 4311 ι

1823 4365 1876 4408 et
1905 4354 2092 4414 siluit;
2128 4353 2220 4406 sed
2252 4352 2327 4405 ait
2366 4368 2379 4402 :
2426 4369 2443 4400 ι
2497 4350 2612 4404 Νοιι
2662 4350 2926 4417 glorietur
2961 4350 3176 4415 sapiens
3223 4349 3272 4400 in
3308 4363 3396 4401 sa-

188 4447 236 4499 in
262 4463 354 4501 nuo
375 4449 669 4516 eodemque
694 4448 932 4516 capitulo
964 4447 1338 4514 gloriatiouem
1374 4463 1428 4506 et
1472 4454 1715 4508 laudabi-

1840 4447 2022 4514 jtieutia
2061 4460 2155 4498 sua
2181 4444 2246 4495 δι.
2277 4463 2294 4495 ι
2329 4442 2429 4508 Qui
2467 4441 2609 4494 enim
2636 4441 2688 4492 in
2728 4455 2847 4502 sua,
2875 4448 2930 4490 et
2962 4455 3066 4491 non
3105 4441 3154 4490 in
3191 4439 3279 4490 Dei
3315 4453 3395 4490 sa-

189 4540 292 4592 liter
311 4548 356 4592 et
375 4539 712 4607 culpabiliter
741 4541 938 4607 posuit.
960 4539 1093 4593 Nam
1123 4541 1167 4596 si
1198 4543 1342 4609 quis,
1373 4546 1570 4612 inquit,
1603 4547 1714 4614 glo-

190 4631 333 4685 riatnr
354 4630 428 4686 vel
459 4630 509 4684 in
537 4630 799 4700 sapientia
831 4645 953 4695 sua,
991 4631 1069 4684 vel
1099 4633 1148 4685 in
1183 4631 1516 4700 fortitudine,
1545 4639 1625 4690 vel
1659 4638 1712 4691 iu

251 4811 288 4842 “
308 4810 444 4864 Rom.
470 4825 520 4874 ν,
545 4810 654 4864 3-5.
731 4809 948 4875 "ibid.,
979 4812 1022 4874 I,
1048 4810 1102 4866 2.
1183 4811 1225 4842 "8
1245 4812 1260 4865 Ι
1282 4813 1404 4867 Cor.
1433 4831 1550 4880 xm,
1575 4817 1660 4870 13.

257 4964 530 5036 (53)ᾼ1ἰειε,
562 4983 583 5016 ι
621 4966 924 5036 aliquidad
953 4967 1093 5036 quod
1123 4964 1336 5032 referri,
1375 4987 1392 5018 ι
1433 4979 1539 5036 etc.

255 5035 533 5108 (54)Ει1ἰιί,
595 5035 737 5088 «non
769 5035 1154 5108 solunt_autettt
1193 5038 1305 5090 luee
1343 5053 1356 5089 :
1391 5054 1498 5090 non
1537 5040 1711 5094 solum

197 5103 348 5158 autem
379 5119 493 5170 quae
523 5119 709 5171 supra.
738 5124 756 5156 ι
789 5114 898 5159 etc.
932 5103 1034 5158 Sed
1061 5119 1252 5161 omnes
1293 5123 1424 5160 tuss.
1461 5112 1633 5164 nostri
1663 5119 1719 5165 et

199 5175 409 5228 [tabanus
436 5183 494 5227 ut
526 5174 580 5230 iu
612 5183 800 5229 nostro
825 5182 996 5229 textu.

261 5242 351 5313 (55)
377 5243 475 5297 Ms.
514 5259 672 5306 unus,
710 5261 730 5295 ι
752 5253 807 5297 et
842 5259 936 5311 per
968 5244 1278 5310 patientiam
1305 5247 1598 5300 multarum
1627 5249 1718 5302 tri-

203 5313 494 5386 bulationum
526 5314 895 5381 probationem
940 5325 957 5378 ;
995 5328 1092 5382 per
1139 5316 1514 5383 probationem
1561 5333 1712 5386 spem

204 5383 374 5446 fatuae,
402 5402 422 5436 ι
451 5395 558 5436 etc.

259 5453 347 5522 (56)
373 5451 528 5514 Editi,
559 5469 578 5503 ι
609 5467 729 5520 quae
752 5459 832 5506 est
857 5451 1093 5505 omnium
1132 5453 1382 5506 maxima.
1416 5473 1434 5505 ι

261 5522 348 5592 (57)
378 5522 498 5578 Mss.
530 5523 697 5576 nostri
725 5522 813 5576 hic
844 5523 949 5592 sibi
978 5537 1083 5575 non
1112 5525 1405 5576 cohaerent.
1440 5523 1588 5578 bans
1613 5540 1706 5579 so-

206 5590 423 5647 ltts'lta'bet
451 5611 468 5645 ι
501 5593 862 5660 acquiritur.»
907 5591 1020 5654 alii,
1061 5608 1081 5642 ι
1122 5594 1420 5660 qu:eritur:
1456 5611 1475 5644 ι
1510 5593 1705 5650 deinde

207 5663 315 5715 alter
336 5663 502 5718 itidem
542 5661 688 5717 solus
719 5663 879 5716 habet
905 5678 923 5712 ι
957 5660 1276 5726 infunditur,
1309 5680 1332 5712 ι
1370 5663 1552 5715 creteri
1571 5679 1700 5719 vero

209 5732 530 5794 «inundatur.
560 5751 579 5785 ι
609 5741 662 5786 et
689 5731 828 5786 alius
882 5749 902 5783 ι
953 5732 1257 5786 mundatur.
1305 5749 1322 5782 ι
1372 5730 1478 5787 Sed
1516 5741 1694 5788 tamen

1736 4817 1781 4848 δ’
1801 4815 2006 4870 Jerem.
2039 4825 2115 4875 tx,
2137 4808 2230 4871 ‘25,
2253 4806 2344 4861 24.

1825 4537 2024 4605 pientia
2050 4536 2338 4606 gloriatur,
2361 4531 2711 4602 culpabiliter
2728 4530 3010 4598 gloriatur,
3039 4529 3161 4597 quia
3188 4538 3241 4581 et
3268 4529 3391 4582 alihi

1823 4631 1954 4685 dicit
1989 4630 2290 4698 propheta:
2327 4643 2347 4676 ι
2393 4624 2484 4678 Va:
2521 4623 2608 4677 his
2640 4622 2731 4692 qui
2771 4623 3042 4690 sapientes
3079 4631 3204 4676 sunt
3247 4622 3391 4691 apud

2423 4806 2466 4836 '°
2491 4805 2509 4859 ι
2533 4805 2658 4860 Cor.
2686 4805 2835 4871 t,3|.
2911 4803 2953 4834 '“
2976 4801 3176 4858 Jerem.
3207 4804 3391 4867 tx,‘23.

1823 4966 2112 5036 legendum
2159 4963 2367 5018 videtur
2398 4971 2461 5036 ut
2492 4961 2543 5014 in
2578 4969 2766 5036 nostro
2805 4967 2977 5036 testu.
3017 4958 3155 5012 Editi
3195 4969 3249 5013 et
3285 4958 3390 5012 Ra-

1822 5031 1996 5092 baiuts
2025 5037 2223 5089 habent
2253 5053 2270 5085 ‹
2296 5033 2557 5102 quaeritur
2581 5049 2598 5081 ι
2627 5041 2681 5084 et
2716 5049 2732 5081 ι
2756 5031 3068 5084 inundatur.
3100 5047 3118 5078 ι

1891 5105 2004 5176 (ὕᾷ)
2040 5105 2206 5176 Editi,
2242 5121 2264 5176 ι
2297 5103 2364 5176 ad
2393 5102 2746 5176 apertiouem.
2781 5119 2801 5152 ι

1892 5166 2002 5248 (59)
2035 5175 2172 5248 Editi
2195 5166 2464 5248 plerique,
2517 5188 2542 5248 ι⁵
2567 5170 2808 5248 Gloriam
2848 5167 2899 5220 in
2944 5166 3384 5248 trilmlationihus

1825 5239 2275 5317 nostrisﬁermo
2304 5244 2465 5295 etiam
2495 5239 2852 5317 gloriatinuis.
2881 5246 3031 5317 tete.
3243 5306 3283 5317 ﬁ
3307 5306 3337 5317 υ
3371 5307 3382 5317 .

1895 5314 2008 5384 (60)
2041 5314 2133 5368 Sic
2165 5327 2355 5388 omnes
2411 5305 2542 5366 mss.
2597 5310 2767 5363 nostri
2815 5317 2883 5388 et_
2913 5305 3188 5388 Ιὶξιειτιιιιις.
3243 5306 3383 5388 Editi

1823 5378 2034 5444 verm}
2059 5398 2235 5451 neque
2277 5384 2412 5436 bona
2435 5419 2461 5451 ,_
2513 5395 2612 5434 nec
2658 5394 2778 5448 qua:
2814 5379 2885 5451 ad
2923 5378 3178 5430 virtutem
3216 5378 3382 5430 animi

1820 5454 2122 5522 pertinent,
2148 5449 2323 5520 neque
2361 5449 2498 5503 mala
2535 5449 3075 5522 ttotttittattda,_t_etc.

1889 5522 2001 5594 (61)
2037 5514 2132 5576 Sic
2157 5514 2348 5576 omnes
2379 5534 2516 5576 mss.
2556 5519 2726 5575 nostri
2761 5536 2775 5584 ;
2824 5514 2953 5571 editi
3003 5530 3154 5583 vero,
3200 5535 3219 5569 ι
3265 5517 3384 5571 cut-

1812 5600 1942 5648 tum.
1969 5610 1987 5642 ι

1881 5660 1990 5734 (62)
2022 5659 2182 5726 Editi,
2225 5678 2243 5712 ι
2276 5668 2505 5717 astutus.
2541 5678 2561 5713 ι
