3986 6206
445 287 547 342 995

1922 273 2244 329 ORlGliNtS

3604 275 3714 331 996

441 404 781 471 semetipsos,
839 411 892 454 et
941 401 990 453 in
1046 406 1342 464 conspectu
1386 411 1485 450 suo
1512 395 1708 449 eruditi
1767 395 1834 445 ε’.
1864 411 1880 442 ι
1917 391 2008 444 Dei
2041 393 2082 447 Λ
2115 389 2371 456 pertinet,
2402 388 2526 458 quia
2563 387 2663 456 ipsi
2693 387 3148 458 suntquiarrtam
3176 397 3230 442 et
3252 399 3536 458 angustam
3565 392 3712 446 viam

440 511 570 564 ergo
599 491 864 561 sapientia
909 501 994 544 est
1041 487 1205 542 ﬁcum
1233 500 1584 554 cognoscere,
1612 494 1668 538 et
1705 482 2014 551 intelligere

441 585 871 642 misericordiam
900 580 1042 652 ejus,
1066 591 1121 635 et
1152 581 1438 651 judicium,
1465 589 1520 633 et
1545 579 1818 647 justitiam
1851 593 2012 646 quam

441 682 568 736 fecit
599 694 761 747 super
797 688 995 731 terram
1022 677 1090 741 ⁸³,
1129 679 1180 732 in
1223 692 1332 747 quo
1369 677 1460 748 qui
1502 676 1789 748 gloriatur,
1822 675 1872 729 in
1905 676 2013 729 Do-

441 773 590 826 mino
616 770 901 839 gloriatur.
941 769 1187 825 llmnaua
1223 785 1351 824 vero
1378 770 1646 839 sapientia
1683 785 1790 824 non
1838 778 2015 838 potest

438 864 581 916 scire
619 872 670 915 et
711 861 1018 930 intelligere
1050 861 1360 926 Dominum,
1395 876 1571 930 neque
1598 876 1900 931 agnoscere
1926 861 2016 930 ju-

439 953 602 1014 (licia,
638 961 692 1005 et
730 952 1192 1016 misericordiam,
1222 960 1278 1004 et
1305 951 1574 1018 justitiam
1596 951 1714 1020 ejus
1746 964 1911 1019 quam
1937 949 2017 1004 fe-

441 1046 517 1097 rit
546 1057 711 1112 super
746 1051 948 1095 terram
976 1057 990 1105 ;
1015 1049 1071 1095 et
1102 1042 1226 1095 ideo
1253 1037 1568 1094 indifferens
1591 1050 1696 1104 est,
1730 1052 1784 1096 et
1816 1043 2012 1097 media.

438 1136 620 1188 Potest
647 1134 792 1188 enim
829 1133 945 1185 ﬁeri
980 1143 1036 1186 ut
1066 1147 1136 1187 ex
1180 1133 1282 1187 hac
1325 1131 1561 1186 luuuaua
1592 1133 1859 1201 sapientia
1888 1149 2020 1187 eru-

438 1226 583 1280 ditus
613 1225 755 1294 quis,
787 1226 854 1278 ad
883 1224 1295 1295 intelligentiam
1323 1223 1520 1278 divinae
1547 1225 1828 1291 sapientia:
1861 1240 2020 1293 para-

439 1319 545 1370 tior
581 1317 784 1380 veniat,
817 1325 870 1370 et
904 1316 956 1369 in
987 1316 1088 1370 hac
1118 1316 1456 1370 exercitatus
1482 1316 1549 1368 ad
1580 1315 1724 1369 illam
1767 1319 2020 1385 capacior

441 1412 562 1470 liat,
586 1408 761 1462 Simili
798 1409 958 1461 modo
982 1408 1072 1475 qui
1105 1409 1276 1460 utitur
1304 1407 1518 1461 caeteris
1540 1422 1661 1476 qua:
1696 1407 1871 1462 media
1899 1424 2022 1464 esse

439 1501 697 1564 diximus,
754 1501 1074 1554 fortitudine
1112 1502 1395 1564 duntaxat,
1444 1500 1527 1554 vel
1579 1501 1786 1555 divitiis
1832 1520 1844 1555 :
1901 1518 2020 1570 quae

441 1595 564 1645 dum
609 1593 783 1646 media
838 1601 986 1656 sunt,
1035 1592 1138 1646 hoc
1167 1601 1272 1654 est,
1310 1593 1436 1647 dum
1472 1593 1660 1646 nonin
1707 1608 1876 1664 opere
1925 1594 2017 1649 Dei

442 1687 565 1754 quis
594 1685 750 1740 fortis
800 1693 904 1747 est,
961 1699 1140 1754 neque
1183 1684 1234 1738 in
1270 1685 1665 1740 misericordiis
1719 1701 2017 1757 pauperum

441 1778 615 1837 dives.
648 1777 871 1844 gloriari
909 1791 1084 1844 neque
1118 1777 1170 1830 in
1198 1776 1540 1841 fortitudine,
1585 1792 1760 1847 neque
1797 1779 1850 1831 in
1887 1779 2021 1832 divi-

442 1870 531 1923 tiis
562 1870 742 1922 debet.
777 1868 833 1923 Si
870 1883 998 1922 vero
1043 1869 1146 1922 ista
1179 1883 1300 1938 qum
1347 1868 1523 1922 media
1563 1877 1709 1930 sunt,
1748 1870 1816 1924 ad
1854 1870 2017 1924 animi

442 1961 731 2023 virtutem,
763 1968 818 2013 et
849 1959 915 2012 ad
955 1958 1191 2012 fructum
1219 1959 1344 2012 boni
1381 1959 1564 2029 operis
1609 1969 2018 2023 convertantur,

441 2050 768 2119 gloriatione
825 2049 986 2117 digna
1026 2047 1339 2102 efﬁciuntur
1379 2065 1393 2102 :
1437 2049 1580 2103 sicut
1627 2065 1842 2103 rursum
1873 2051 1914 2104 si
1954 2052 2019 2104 ad

441 2141 644 2193 malum
679 2154 813 2209 opus
847 2140 1228 2202 conferantur,
1284 2152 1341 2193 ut
1383 2155 1482 2209 per
1521 2141 1740 2196 divitias
1770 2144 1892 2209 quis
1925 2157 2022 2211 op-

441 2233 640 2300 primat
669 2248 990 2302 pauperem,
1043 2242 1099 2288 et
1149 2247 1246 2301 per
1287 2231 1661 2287 fortitudinem
1705 2245 2022 2302 prosternat

441 2322 741 2387 infirmum,
791 2321 904 2390 jam
969 2336 1074 2374 non
1142 2321 1258 2374 luce
1315 2321 1515 2387 media,
1578 2322 1672 2375 sed
1717 2322 1856 2375 mala
1899 2337 2021 2378 esse

438 2424 727 2482 putantur.
798 2413 1004 2468 Idcirco
1072 2411 1238 2483 igitur
1291 2421 1484 2466 natura
1548 2412 1630 2466 sui
1705 2411 2020 2467 indifferen-

442 2503 516 2557 tia
584 2512 638 2558 et
709 2504 886 2558 media
965 2503 1259 2566 dicuntur,
1338 2503 1469 2572 quia
1543 2512 1598 2558 et
1681 2504 1746 2558 ad
1819 2505 2019 2559 malum

439 2612 576 2666 npus
607 2598 840 2662 sociata,
870 2596 1008 2650 mala
1042 2596 1148 2650 dici
1197 2605 1442 2666 possunt,
1485 2605 1540 2650 et
1583 2597 1739 2651 bonis
1771 2597 2026 2666 operibus

439 2687 652 2757 juncta,
713 2688 852 2740 bona
911 2687 1194 2756 appellari.
1253 2686 1385 2741 Sine
1442 2687 1545 2742 hac
1599 2702 1742 2757 .vero
1792 2688 2025 2743 inclina-

443 2778 588 2831 tione
624 2775 788 2844 539
829 2775 896 2828 ad
940 2776 1167 2828 alterum
1208 2787 1238 2828 e
1269 2773 1500 2837 duobus,
1534 2776 1624 2844 qui
1658 2789 1719 2829 ea
1765 2777 1903 2831 bona
1937 2777 2022 2831 di-

441 2875 589 2928 cunt.
620 2866 857 2934 imperiti
905 2877 958 2920 et
989 2866 1164 2938 ignari
1197 2867 1602 2921 rationabilium
1645 2867 2022 2922 definitionum

442 2957 976 3027 appellationumque
1023 2959 1279 3014 credendi
1313 2967 1460 3013 sunt.
1495 2960 1734 3015 Abusive
1760 2970 1938 3015 tamen
1973 2969 2026 3015 et

2117 477 2402 540 ini-edunt,
2462 487 2515 531 et
2575 488 2861 545 propterea
2917 477 3162 531 tribulari
3221 477 3496 534 dicuntur.
3555 481 3713 548 Quod

2116 568 2281 618 etiam
2322 566 2375 619 in
2405 567 2522 635 ipso
2561 566 2812 630 Domino,
2839 567 2932 636 qui
2966 581 3092 619 vera
3121 577 3205 620 est
3238 568 3325 621 via
3349 584 3513 636 quam
3533 573 3712 624 sancti

2117 658 2410 721 incedunt,
2445 658 2792 712 intellexisse
2842 659 3119 726 apestolos
3168 657 3441 724 arbitror,
3478 675 3608 715 cum
3645 663 3714 716 ad

2116 761 2236 802 eum
2286 749 2533 804 dicerent
2575 765 2591 803 :
2644 767 2663 800 ι
2697 747 2899 803 Turba:
2936 757 2988 804 te
3043 752 3418 822 comprimunt
3446 765 3501 808 et
3551 767 3714 808 coar-

2117 851 2304 904 ctant,
2346 841 2602 909 Magister
2629 841 2698 896 ".
2749 860 2766 892 ι
2801 839 3216 898 Tribulatiaues
3256 859 3390 915 ergo
3431 845 3712 914 justorum

2119 949 2224 987 non
2257 932 2428 986 solum
2477 948 2570 987 eas
2615 934 2878 988 debemus
2918 935 3169 1003 accipere
3204 951 3323 1005 qua:
3361 938 3716 994 extrinsecus

2119 1023 2342 1077 veniunt
2374 1039 2440 1078 ex
2479 1025 2596 1079 istis
2627 1027 2786 1080 rebus
2815 1041 2952 1096 quas
2985 1026 3354 1082 indiﬂ'crentes
3378 1029 3461 1082 vel
3497 1031 3711 1084 medias

2118 1131 2280 1182 supra
2313 1116 2568 1181 diximus,
2610 1117 2662 1170 id
2695 1127 2780 1171 est
2825 1119 2910 1171 vel
2946 1120 3181 1185 damnis,
3217 1120 3298 1174 vel
3323 1121 3712 1187 languoribus,

2121 1207 2200 1259 vel
2248 1222 2316 1262 ex
2361 1207 2606 1274 quolibet
2666 1208 2915 1277 corporis
2951 1210 3200 1264 cruciatu
3237 1225 3252 1262 :
3289 1212 3382 1265 sed
3437 1221 3492 1266 et
3553 1212 3608 1266 in
3649 1228 3717 1267 eo

2119 1298 2260 1365 quod
2289 1299 2450 1352 etiam
2485 1296 2536 1349 in
2579 1298 2768 1365 requie
2799 1299 2960 1366 positi
2996 1301 3322 1370 semetipsos
3355 1299 3631 1370 afﬂigunt,
3663 1311 3720 1354 et

2120 1401 2358 1444 atterunt
2399 1391 2702 1446 resistendo
2753 1390 3128 1445 voluntatibus
3189 1393 3334 1457 suis,
3375 1393 3718 1448 refrenando

2121 1483 2426 1550 libidinem,
2460 1484 2763 1540 coercendo
2800 1484 3080 1539 licentiam
3115 1485 3252 1556 (65),
3282 1495 3337 1540 et
3373 1488 3563 1541 onniia
3597 1503 3723 1558 qua

2120 1579 2188 1630 ad
2220 1577 2422 1630 bonum
2454 1575 2804 1630 continentiae
2828 1576 3104 1644 pertinent
3137 1574 3496 1647 proﬂiganda,
3522 1594 3726 1634 secun-

2123 1669 2248 1720 dmn
2270 1667 2412 1721 hunc
2442 1666 2618 1736 ipsum
2647 1667 2741 1736 qui
2771 1667 2904 1723 dixit
2933 1685 2948 1721 :
2988 1686 3007 1718 ι
3043 1667 3259 1723 Macero
3284 1683 3483 1733 corpus
3506 1686 3724 1736 meum,

2123 1770 2177 1814 et
2209 1761 2462 1816 servituti
2506 1759 2769 1829 subjicio,
2817 1777 2886 1814 ne
2927 1760 3070 1816 forte
3113 1777 3237 1815 cum
3278 1762 3401 1815 aliis
3448 1765 3726 1833 pradica-

2121 1866 2268 1913 vero,
2322 1851 2439 1922 ipse
2481 1853 2748 1923 reprobus
2780 1851 2983 1906 elliciar
3011 1852 3082 1906 ⁸⁸.
3127 1872 3145 1904 ι
3194 1852 3261 1906 Et
3297 1854 3402 1908 hoc
3434 1856 3602 1907 modo
3625 1853 3724 1922 ju-

2123 1953 2330 1998 storum
2377 1942 2654 1998 tribulatio
2698 1957 2803 1997 non
2858 1952 3035 2012 potest
3078 1942 3391 1998 indifferens
3423 1945 3574 2011 diei,
3617 1945 3717 1999 sed

2123 2045 2310 2104 aperte
2361 2037 2526 2103 bona,
2567 2051 2664 2106 per
2709 2051 2872 2106 quam
2925 2035 3064 2088 bona
3117 2035 3336 2090 virtutis
3393 2036 3720 2104 implentur.

2125 2127 2314 2198 Iujusti
2356 2143 2506 2194 vero,
2590 2129 2810 2184 etiamsi
2875 2127 3232 2197 tribulentnr,
3274 2128 3418 2198 quod
3465 2130 3646 2198 magis
3687 2145 3719 2181 a

2127 2220 2410 2289 Scriptura
2443 2219 2650 2292 ﬂagella
2701 2221 2939 2276 diximus
2974 2223 3255 2290 appellari,
3295 2223 3556 2291 quoniam
3579 2223 3725 2276 nihil

2128 2311 2178 2363 iu
2239 2313 2322 2366 his
2376 2313 2510 2381 ipsis
2555 2313 2782 2382 flagellis
2827 2324 2880 2368 et
2918 2314 3360 2382 correptioaibus
3409 2317 3722 2369 secundum

2128 2403 2376 2458 virtutem
2409 2407 2572 2459 animi
2605 2415 2823 2475 gerunt,
2858 2406 2994 2460 nihil
3031 2405 3096 2459 ad
3125 2405 3446 2474 patientiam
3483 2408 3720 2471 ducunt,

2127 2509 2229 2545 nec
2259 2495 2635 2563 probationem
2669 2512 2764 2566 per
2793 2496 3111 2566 patientiam
3142 2505 3394 2566 sperant:
3434 2497 3723 2551 idcircoin

2128 2586 2234 2640 illis
2267 2603 2372 2642 non
2419 2588 2702 2642 tribulatio
2729 2604 2849 2658 quas
2878 2589 2944 2642 ad
2978 2589 3092 2644 ιιωο
3119 2590 3262 2643 bona
3300 2590 3588 2658 pervenit,
3623 2592 3724 2645 sed

2129 2676 2361 2748 ﬂagella,
2395 2688 2447 2731 ut
2490 2678 2768 2750 Scriptura
2795 2679 2986 2741 voluit.
3013 2681 3344 2735 nominanda
3369 2691 3518 2743 sunt,
3544 2685 3724 2736 etiam

2125 2769 2170 2824 si
2212 2770 2438 2827 abusive
2461 2770 2752 2842 aliquando
2776 2782 2832 2826 et
2867 2787 3033 2842 super
3084 2773 3312 2838 injustos
3347 2773 3450 2826 dici
3483 2773 3726 2828 tribula-

2130 2862 2290 2918 tionis
2311 2878 2504 2918 nomen
2531 2864 2797 2919 invenias.
2828 2863 2898 2920 Ut
2923 2876 3100 2918 autem
3129 2865 3272 2918 scias
3288 2864 3413 2934 quia
3431 2863 3722 2944 justorum

2131 2954 2404 3010 tribulatio
2435 2970 2540 3009 non
2577 2964 2835 3026 angustat
2869 2955 3038 3009 animi
3070 2954 3324 3008 virtutem
3353 2994 3369 3018 ,
3401 2957 3499 3010 sed
3527 2957 3724 3024 potius

442 3048 656 3102 fabrum
709 3048 940 3103 dicimus
978 3049 1298 3118 sapientem,
1349 3059 1406 3108 et
1458 3050 1926 3119 gubernatorem,
1971 3061 2094 3130 etc
2130 3047 2346 3123 dilatat,
2391 3048 2518 3102 audi
2580 3059 2638 3103 et
2692 3048 2806 3116 ipse
2857 3046 3057 3102 Paulus
3097 3047 3399 3102 Corinthiis
3459 3049 3726 3103 scribens

443 3140 824 3204 architectum,
861 3150 918 3194 et
953 3142 1236 3197 mulierem
1268 3143 1488 3198 texendi
1513 3142 1816 3210 sapientem
1847 3143 2023 3195 nomi-

445 3247 656 3286 namus.
703 3231 857 3298 Quod
889 3246 1019 3300 ergo
1051 3233 1102 3286 in
1147 3233 1400 3302 praesenti
1445 3232 1686 3303 capitulo
1732 3232 2024 3302 Apostolus

443 3324 604 3388 dicit,
641 3341 660 3373 ι
707 3323 844 3390 Quia
884 3324 1162 3378 tribulatio
1215 3324 1534 3394 patientiam
1592 3334 1874 3394 operatur,
1926 3341 1944 3375 ι
1978 3323 2022 3378 si

442 3415 758 3485 patientiam
789 3431 950 3468 unam
994 3430 1115 3470 esse
1144 3431 1210 3470 ex
1244 3415 1411 3469 animi
1455 3414 1751 3470 virtutibus
1785 3424 2020 3480 constat,

445 3507 725 3562 tribulatio
757 3507 874 3561 siue
905 3507 1070 3561 dubio
1111 3523 1232 3576 quae
1269 3509 1499 3562 virtutes
1530 3507 1696 3562 animi
1725 3507 1904 3576 parit,
1939 3522 2025 3562 ne-

443 3611 550 3666 que
596 3595 757 3663 mala,
798 3610 976 3665 neque
1023 3595 1362 3662 indifferens,
1408 3598 1500 3652 sed
1537 3598 1677 3652 bona
1706 3597 2022 3668 appellanda

443 3701 548 3743 est.
586 3689 639 3742 In
665 3698 872 3742 tantum
897 3689 1012 3760 (65)
1035 3699 1240 3756 autem,
1273 3690 1413 3745 sicut
1443 3705 1609 3760 supra
1639 3691 1897 3757 diximus,
1931 3706 2025 3760 pa-

447 3782 638 3836 tientia
667 3784 840 3838 virtus
866 3782 1032 3836 animi
1070 3782 1298 3836 dicenda
1331 3791 1444 3845 est,
1476 3792 1534 3836 ιιι
1571 3797 1672 3852 per
1705 3783 2022 3852 patientiam

446 3874 992 3942 dicatprobatiouem
1030 3875 1200 3929 nostri
1247 3874 1388 3938 fieri,
1432 3884 1488 3929 et
1519 3890 1618 3946 per
1643 3875 2022 3944 probationem

444 3980 596 4032 spem
631 3965 746 4018 dari
775 3981 790 4017 :
817 3981 938 4034 qua:
979 3966 1165 4035 utique
1206 3969 1461 4036 quoniam
1511 3967 1566 4021 in
1613 3967 1723 4021 Deo
1781 3967 1885 4021 sita
1916 3974 2023 4030 est,

446 4056 536 4123 qui
569 4055 829 4107 virtutum
861 4057 1100 4109 omnium
1127 4068 1282 4125 pater
1315 4067 1420 4123 est,
1451 4073 1556 4114 non
1587 4057 1874 4114 confundit
1900 4073 2027 4128 spe-

448 4153 682 4197 rantem.
726 4145 898 4200 Simul
932 4147 1076 4200 enim
1121 4162 1244 4201 eum
1295 4163 1390 4218 spe
1433 4159 1488 4204 et
1532 4149 1819 4204 charitatis
1851 4149 2026 4203 abun-

446 4239 684 4292 dantiam
711 4249 877 4304 tenet,
895 4256 1015 4310 quae
1033 4242 1210 4310 primo
1233 4241 1370 4303 loco,
1393 4243 1518 4310 quia
1539 4260 1556 4293 ι
1589 4243 1761 4312 major
1781 4243 2024 4298 omnium

444 4337 528 4382 est
559 4329 799 4383 charitas
840 4329 907 4392 “,
958 4347 976 4380 ι
1025 4329 1249 4398 Spiritui
1281 4331 1592 4399 copulatur.
1635 4333 1790 4398 Quod
1822 4334 1866 4388 si
1901 4334 2027 4403 quis

448 4423 606 4478 nobis
629 4433 902 4488 occurrat,
938 4433 992 4479 et
1018 4424 1168 4478 dicat
1201 4424 1437 4480 medium
1471 4439 1599 4480 esse
1625 4436 1680 4480 et
1711 4427 2027 4484 indill‘erens

446 4515 874 4582 tribulatiOuem,
921 4518 1177 4588 quoniam
1225 4517 1441 4584 quidem
1500 4515 1810 4573 invenimus
1856 4520 2023 4575 etiam

447 4608 622 4662 malos
651 4619 704 4663 et
732 4609 925 4678 impios
951 4610 1198 4664 tribulari
1227 4609 1365 4682 (64),
1401 4621 1583 4666 etnon
1613 4611 1872 4666 continuo
1898 4613 2026 4681 quia

449 4704 777 4760 tribulantur
831 4719 931 4774 pro
983 4705 1143 4759 malis
1197 4705 1413 4760 actibus
1456 4705 1604 4771 suis,
1638 4705 1810 4760 virtus
1854 4706 2022 4761 animi

448 4795 726 4850 tribulatio
765 4811 953 4851 eorum
1005 4795 1303 4866 reputanda
1337 4807 1465 4852 est:
1497 4797 1619 4852 vide
1659 4797 1704 4852 si
1749 4799 2022 4868 possimus

449 4887 549 4941 hoc
579 4889 739 4942 modo
776 4888 1127 4958 respondere,
1159 4890 1304 4960 quod
1340 4889 1619 4944 tribulatio
1648 4890 1866 4959 quidem
1893 4905 2022 4959 pro-

449 4977 564 5046 prie
587 4988 898 5032 sauctorum
927 4989 1045 5045 est;
1078 4978 1366 5047 impiorum
1399 4989 1585 5032 autem
1619 4991 1666 5033 et
1701 4981 2023 5050 injustorutu

452 5067 734 5123 tribulatio
782 5068 989 5136 litigella
1036 5068 1395 5138 appellentur.
1441 5067 1687 5136 Denique
1721 5072 1773 5124 in
1812 5069 2025 5125 Psalmo

448 5159 526 5213 sie
557 5161 687 5214 dicit
720 5179 734 5215 :
771 5179 790 5212 ι
833 5159 1013 5214 Multa:
1041 5161 1422 5216 tribulationes
1453 5160 1732 5228 justorum
1777 5161 1846 5214 ⁵³.
1888 5182 1906 5214 ι
1949 5162 2026 5218 De

451 5250 570 5305 istis
591 5263 769 5306 autem
802 5253 877 5306 ait
908 5269 923 5306 :
963 5271 984 5303 ι
1018 5251 1181 5306 Multa
1209 5243 1422 5322 ﬁa'gella
1452 5251 1758 5322 peccatoris
1789 5253 1856 5304 ".
1896 5271 1914 5305 ι
1957 5253 2024 5308 Ει

451 5340 695 5398 fortassis
719 5353 1004 5415 propterea
1038 5344 1318 5400 tribulatio
1350 5353 1406 5399 et
1433 5344 1680 5415 angustia
1705 5344 1773 5398 ad
1803 5356 2021 5402 sanctos

520 5459 566 5490 δ’
592 5458 716 5514 lsai.
761 5476 815 5524 ν,
851 5461 942 5517 21.
1019 5459 1289 5518 "Jerem.
1324 5478 1401 5522 Ix.
1429 5461 1522 5518 ει.

451 5540 568 5591 vut,
608 5531 698 5583 45.
775 5529 822 5562 ⁸³
858 5533 874 5584 l
923 5533 1048 5588 Cor.
1096 5548 1172 5598 ιι,
1211 5533 1302 5587 27.
1377 5535 1424 5567 ⁸³
1466 5535 1505 5589 ll
1533 5534 1658 5590 Cor.
1690 5549 1768 5600 tv,
1800 5533 1853 5589 8.

525 5638 636 5703 (63)
688 5640 848 5700 Editi,
887 5659 907 5692 ι
947 5643 1187 5706 interim,
1229 5663 1247 5696 ι
1290 5645 1451 5699 male.

525 5707 638 5770 (6i)
680 5709 777 5763 Ms.
817 5725 978 5776 unus,
1013 5729 1034 5764 ι
1069 5714 1200 5768 etin
1231 5715 1352 5770 aliis
1377 5715 1574 5783 impios
1607 5715 1877 5772 tribulari.
1917 5735 1935 5768 ι

1597 5461 1646 5495 ⁸⁸
1679 5462 1694 5517 Ι
1724 5462 1854 5518 Cor.
1895 5480 2016 5521 xm.
2046 5467 2130 5522 l3.
2205 5468 2252 5499 ⁸⁵
2292 5467 2429 5521 l’sal.
2480 5481 2675 5530 χχχιιι,
2719 5467 2809 5520 ειο.

1931 5535 1974 5567 ⁶⁶
2005 5537 2193 5606 l’hilip.
2225 5553 2295 5602 tv,
2331 5537 2416 5590 12.

2127 3142 2396 3210 quomodo
2425 3141 2530 3194 iSIa
2558 3140 2880 3210 distinguat:
2921 3141 3053 3194 dicit
3090 3141 3234 3194 enim
3276 3140 3349 3194 ita
3386 3158 3400 3196 :
3442 3159 3462 3191 ι
3499 3139 3559 3194 In
3593 3158 3726 3194 οιιι-

2128 3235 2287 3286 nibus
2314 3232 2716 3287 tribulationem
2737 3233 3000 3302 patimur,
3035 3234 3127 3286 sed
3163 3248 3271 3286 non
3297 3245 3674 3304 angustamur
3699 3250 3720 3299 ;

2127 3324 2432 3393 dejicimur,
2465 3325 2560 3380 sed
2597 3340 2703 3378 non
2745 3324 2984 3392 perimus
3011 3325 3078 3377 ”.
3115 3342 3135 3376 ι
3176 3323 3336 3379 Vides
3365 3325 3632 3395 quoniam
3659 3344 3726 3381 se

2129 3415 2532 3471 tribulationem
2569 3417 2677 3484 pati
2709 3431 2814 3471 non
2847 3417 2900 3470 iu
2939 3423 3044 3470 uno
3067 3457 3083 3480 ,
3115 3417 3208 3470 sed
3243 3416 3294 3470 iu
3331 3418 3594 3472 omnibus
3636 3419 3722 3470 ili-

2127 3509 2221 3572 cit,
2254 3506 2358 3562 hoc
2377 3516 2480 3564 est.
2511 3507 2635 3561 etin
2661 3507 2746 3561 his
2773 3522 2892 3577 qua:
2923 3507 3232 3562 forinsecus
3254 3509 3534 3572 accidunt,
3566 3522 3624 3564 ct
3647 3510 3722 3564 ab

2128 3599 2248 3652 aliis
2279 3598 2619 3664 inferuntur;
2669 3607 2724 3654 et
2759 3600 2814 3652 in
2863 3601 2950 3655 his
2987 3615 3108 3669 qua:
3155 3600 3268 3670 ipse
3309 3601 3450 3654 intra
3502 3611 3720 3656 semet-

2129 3689 2302 3759 ipsum
2331 3704 2430 3759 pro
2463 3689 2710 3756 corporis
2756 3690 3116 3755 continentia,
3149 3701 3202 3746 et
3241 3695 3575 3761 optimarum
3631 3695 3722 3747 in-

2127 3782 2466 3836 stimtionum
2507 3781 2785 3836 laboribus
2836 3781 3042 3850 perfert
3077 3800 3090 3836 :
3125 3791 3180 3838 et
3231 3793 3522 3852 propterea
3555 3785 3718 3850 dicit,

2128 3878 2250 3944 quia
2279 3893 2298 3926 ι
2339 3875 2394 3930 in
2424 3877 2676 3930 omnibus
2718 3875 3126 3931 tribulationem
3180 3877 3438 3945 patimur,
3467 3878 3567 3932 sed
3606 3895 3720 3934 non

2127 3977 2508 4032 angustamur.
2545 3987 2564 4018 ι
2593 3966 2774 4036 Neque
2799 3967 2941 4022 enim
2968 3969 3243 4038 angustari
3269 3979 3444 4038 potest
3465 3971 3559 4039 qui
3597 3972 3718 4024 vir-

2130 4061 2337 4113 tutibus
2383 4059 2669 4113 dilatatur.
2709 4059 2773 4113 Et
2813 4070 2870 4113 ut
2917 4061 3096 4114 adhuc
3146 4060 3289 4128 quod
3331 4061 3568 4115 dicimus
3613 4063 3718 4117 hoc

2129 4151 2288 4204 modo
2345 4149 2547 4205 clarius
2592 4151 2708 4213 fiat,
2755 4151 2869 4219 ipse
2913 4150 3116 4205 Paulus
3165 4151 3357 4204 scribit
3404 4152 3459 4206 in
3512 4168 3719 4208 cense-

2127 4243 2417 4311 quentibus
2454 4261 2466 4296 :
2506 4261 2523 4292 ι
2573 4240 2700 4297 Scio
2726 4253 2782 4298 et
2821 4243 3116 4310 humiliari,
3154 4243 3269 4297 scio
3291 4254 3346 4298 et
3385 4245 3718 4311 abundare,

2131 4333 2208 4407 (in
2239 4335 2509 4398 omnibus,
2541 4345 2595 4388 et
2620 4335 2686 4389 :td
2709 4335 2890 4389 omnia
2918 4334 3162 4389 imbutus
3190 4335 3332 4405 sunt)
3361 4345 3413 4389 et
3448 4340 3720 4401 saturari,

2060 4412 2105 4470 D
2131 4431 2184 4474 et
2216 4423 2447 4488 esurire,
2485 4433 2537 4476 et
2569 4423 2862 4486 abundare,
2889 4433 2942 4478 et
2971 4425 3258 4492 penuriam
3293 4426 3400 4493 pati
3433 4427 3502 4480 δ’.
3543 4445 3563 4477 ι
3606 4427 3719 4497 lgi-

2136 4525 2224 4570 tur
2265 4515 2310 4570 si
2361 4529 2546 4570 verum
2586 4525 2668 4569 est
2716 4515 2846 4568 illud
2892 4517 3037 4584 quod
3081 4517 3336 4586 superius
3377 4516 3550 4582 dixit,
3596 4538 3616 4568 ς
3661 4519 3718 4572 In

2133 4607 2386 4663 omnibus
2427 4607 2836 4661 tribulationem
2868 4608 3143 4675 patimur,
3186 4627 3205 4660 ›
3246 4619 3456 4664 certum
3493 4621 3579 4664 est
3613 4611 3721 4666 hoc

2134 4700 2203 4752 ab
2228 4715 2292 4753 eo
2324 4699 2576 4765 indicari,
2605 4701 2731 4769 quia
2761 4710 2960 4754 etcum
2998 4702 3283 4768 penuriam
3329 4702 3572 4770 patitur,
3617 4703 3718 4756 tri-

2131 4790 2390 4859 hulatur;
2417 4800 2470 4846 et
2505 4808 2628 4847 cum
2661 4793 2896 4846 abundat
2923 4791 3060 4865 (66),
3099 4791 3453 4847 nihilominus
3479 4793 3720 4849 tribula-

2133 4896 2238 4940 tur.
2270 4885 2585 4939 Tribulatur
2619 4895 2800 4938 autem
2835 4887 2886 4940 in
2935 4887 3200 4956 penuria,
3256 4888 3380 4956 quia
3425 4888 3622 4951 deest;
3663 4887 3717 4942 in

2131 4978 2458 5033 abundantia
2490 4993 2640 5039 vero,
2665 4979 2790 5046 quia
2823 4979 3178 5048 semetipsum
3222 4979 3486 5042 refrenat,
3516 4995 3587 5033 ne
3620 4996 3721 5050 per

2131 5070 2520 5124 abundantiam
2566 5071 2894 5134 resolvatur,
2929 5070 3011 5123 vel
3039 5086 3106 5126 ne
3142 5071 3324 5126 minus
3340 5081 3720 5139 competenter

2130 5175 2192 5216 ea
2246 5177 2366 5228 qua!
2419 5161 2670 5216 videntur
2704 5163 2984 5218 abundare
3025 5164 3325 5233 dispenset.
3357 5162 3446 5218 Sic
3493 5172 3549 5217 et
3587 5177 3718 5217 cum

2130 5255 2322 5318 esurit,
2361 5264 2411 5310 et
2439 5271 2560 5310 cum
2594 5265 2892 5320 saturatur,
2937 5266 2992 5309 et
3021 5270 3141 5311 cum
3177 5257 3589 5326 persecutiones
3615 5272 3717 5326 pa-

2130 5349 2280 5413 titur,
2316 5357 2371 5401 et
2401 5364 2523 5402 eum
2557 5348 2608 5402 in
2653 5350 2839 5418 requie
2880 5348 3043 5418 degit.
3072 5350 3252 5418 Atque
3287 5349 3386 5405 hoc
3412 5349 3576 5404 modo
3621 5348 3715 5418 qui

2885 5466 2934 5498 “
2966 5465 3114 5522 Psal.
3147 5483 3298 5532 xui,
3327 5464 3414 5522 10.
3490 5465 3535 5498 "
3573 5463 3714 5520 Luc.

2201 5647 2315 5718 (65)
2358 5647 2455 5700 Ms.
2487 5661 2650 5708 unus,
2686 5665 2706 5698 ι
2743 5647 3044 5705 coercendo
3071 5647 3368 5706 lasciviam.
3411 5664 3433 5700 ι

2196 5719 2305 5783 ltili)
2343 5717 2509 5786 Alias,
2545 5733 2564 5769 ι
2606 5717 2859 5772 abundet.
2900 5737 2919 5768 ι
