3914 6352
251 351 353 405 997

1196 352 1552 412 COMMENT.
1585 354 1650 409 ΙΝ
1681 345 1900 409 EPIST.
1942 352 2032 406 AD
2075 353 2240 406 ROM.
2281 355 2404 407 LIB.
2447 358 2530 408 IV.

3398 368 3500 419 υ¹18

248 471 303 524 tu
336 470 419 523 his
451 473 708 526 ouiuihus
743 453 1072 538 tribulatur,
1105 485 1256 530 recte
1299 477 1350 529 in
1388 479 1827 532 trilmlationibus
1860 480 1904 536 Α
1934 475 2114 543 impiis
2135 486 2378 529 mortuus
2402 485 2502 528 cst.
2536 475 2685 544 hnpii
2713 491 2942 546 namque
2962 492 3180 534 eramus
3205 490 3497 550 antequam

246 566 366 617 suis
401 565 670 634 gloriatur
704 583 718 620 :
751 582 814 618 ex
848 567 1042 634 quibus
1081 568 1197 619 sine
1235 567 1400 622 dubio
1444 571 1683 625 nasoitur
1721 587 1819 642 pa-

183 679 200 692 -
247 656 461 715 tientia.
489 672 608 723 qum
638 657 928 724 probabilis
945 656 1135 710 effecta
1160 660 1335 726 pariat
1352 676 1526 730 spem,
1557 678 1676 730 quae
1695 677 1821 718 eum

240 748 499 800 charitati
534 748 825 816 conjuncta
866 748 1096 816 Spiritui
1137 762 1332 806 saneto
1378 755 1656 808 consociet
1681 756 1820 824 (67).

243 837 400 900 Quod
433 847 612 893 autem
643 839 802 906 dixit,
839 860 857 890 ι
889 840 1141 895 Charitas
1174 841 1264 894 Dei
1292 843 1483 897 diffusa
1515 854 1599 899 est
1629 845 1680 899 in
1707 861 1824 900 cor-

243 931 406 982 dibus
443 930 681 996 nostris,
725 949 743 981 ι
783 931 1097 1002 diligentius
1139 934 1591 989 considerandum
1649 948 1732 991 est
1768 937 1822 991 in

237 1036 477 1090 qttorum
501 1022 761 1077 cordibus
790 1023 880 1077 Dei
909 1023 1150 1077 charitas
1175 1023 1528 1078 diffundatur.
1556 1027 1666 1096 Ego
1693 1037 1822 1097 puto

239 1113 392 1180 quod
419 1113 469 1167 iu
503 1113 716 1166 illortnn
739 1114 828 1182 qui
851 1113 962 1182 jam
992 1129 1101 1167 non
1132 1115 1336 1170 habent
1367 1134 1386 1165 ‹
1430 1117 1680 1185 spiritum
1704 1133 1823 1172 ser-

241 1205 442 1259 vitutis
472 1205 671 1259 iterum
702 1206 755 1259 in
784 1206 979 1260 timore
1016 1208 1084 1270 οι,
1129 1226 1148 1259 ι
1190 1209 1284 1261 sed
1313 1218 1365 1262 et
1388 1208 1604 1262 illorum
1634 1210 1822 1277 inqui-

243 1297 352 1349 bus
392 1313 412 1347 α
457 1295 699 1366 perfecta
744 1297 986 1352 charitas
1021 1297 1167 1351 foras
1213 1299 1378 1353 mittit
1409 1300 1656 1354 timorem
1687 1302 1754 1363 ⁸³,
1798 1319 1818 1352 ι

241 1394 304 1438 et
338 1385 533 1454 quibus
571 1384 797 1452 spiritus
834 1401 854 1435 ι
891 1384 1203 1454 adeptionis
1259 1404 1276 1435 ι
1316 1386 1474 1438 datur
1500 1386 1592 1454 qui
1627 1384 1822 1439 clamet

243 1475 303 1528 in
333 1475 586 1530 cordibus
607 1490 815 1539 eorum,
849 1493 868 1526 ί
909 1475 1058 1530 Abba
1090 1486 1245 1544 pater
1275 1475 1340 1530 °‘.
1377 1495 1396 1527 ι
1432 1475 1546 1530 Non
1571 1485 1655 1531 est
1693 1491 1819 1543 ergo

245 1567 620 1636 cujuscunque
664 1567 901 1622 hominis
944 1567 1048 1622 nisi
1088 1566 1350 1636 perfecti,
1395 1576 1450 1621 et
1483 1567 1606 1622 talis
1647 1567 1822 1636 qualis

241 1668 367 1713 erat
398 1659 615 1723 Paulus,
643 1659 695 1713 iu
726 1658 882 1726 cujus
913 1659 1080 1712 corde
1103 1658 1433 1712 diffundatur
1462 1657 1704 1714 charitas
1725 1658 1819 1712 Dei

249 1767 270 1798 ς
313 1764 408 1818 per
439 1749 699 1819 Spiritum
744 1758 1017 1803 sanctum.
1051 1766 1068 1800 ι
1105 1747 1269 1820 540
1297 1749 1402 1802 Sed
1435 1757 1488 1803 et
1527 1749 1658 1802 illud
1689 1748 1816 1802 mihi

245 1838 708 1891 considerandum
768 1837 1020 1903 videtur,
1063 1847 1319 1894 utrumne
1367 1839 1455 1894 hic
1497 1841 1819 1894 charitatem

249 1931 399 1982 iHam
426 1930 572 1983 dicat
607 1944 710 1995 qua
752 1944 848 1982 nos
871 1930 1148 1999 diligimus
1185 1930 1382 1995 Detnn,
1425 1946 1493 1983 au
1536 1932 1680 1985 illam
1712 1947 1820 2001 qua

247 2020 523 2089 diligimur
543 2037 571 2072 a
597 2020 722 2083 Deo,
747 2019 1000 2074 diffusam
1022 2035 1140 2074 esse
1165 2035 1260 2090 per
1285 2020 1546 2088 Spiritum
1571 2031 1818 2078 sanctum

248 2110 303 2162 in
341 2111 596 2164 cordibus
622 2111 841 2164 nostris.
886 2112 951 2165 Et
992 2111 1037 2163 si
1071 2109 1288 2179 quidem
1329 2112 1416 2164 illa
1443 2113 1683 2166 chat‘itas
1713 2130 1818 2182 qua

255 2205 426 2259 Deum
466 2204 738 2272 diligimus
775 2204 1130 2273 intelligatur,
1166 2218 1347 2257 sermo
1382 2205 1483 2258 iste
1516 2205 1820 2259 assertione

251 2311 358 2348 non
403 2296 601 2364 indiget
633 2315 646 2349 :
675 2295 721 2348 si
767 2311 895 2350 vero
932 2287 1234 2364 quia'dixit
1281 2293 1508 2350 effusam
1563 2311 1685 2350 esse
1725 2296 1822 2351 Dei

251 2387 576 2440 eharitatcm
609 2386 662 2439 in
691 2386 946 2440 cordibus
979 2386 1185 2439 nostris
1215 2386 1282 2449 “,
1310 2387 1412 2440 ista
1449 2386 1627 2455 potius
1661 2387 1822 2442 intel-

255 2475 464 2540 ligenda
515 2475 584 2528 sit
632 2490 735 2542 qua
773 2473 1099 2541 diligimura
1135 2473 1266 2537 Deo,
1311 2485 1521 2528 certum
1557 2483 1641 2528 est
1676 2476 1822 2542 quod

252 2568 404 2621 velut
432 2583 702 2622 summum
730 2577 783 2621 et
811 2567 1104 2620 maximum
1143 2567 1342 2620 donum
1374 2570 1547 2621 sancti
1585 2567 1822 2637 Spiritus

248 2659 572 2712 cbaritatem
602 2667 788 2726 ponat,
819 2673 928 2727 quo
956 2658 1102 2711 velut
1131 2671 1354 2712 munere
1395 2657 1508 2728 (68)
1546 2658 1698 2728 prius
1731 2671 1824 2713 su-

248 2757 438 2818 scepto
477 2764 509 2803 a
558 2749 690 2815 Deo,
734 2764 834 2816 per
887 2749 991 2804 hoc
1048 2749 1220 2818 ipsum
1276 2748 1503 2820 diligere
1553 2750 1822 2818 possimus

250 2838 417 2892 Deum
439 2879 454 2903 ,
487 2841 631 2909 quod
683 2839 962 2908 diligimnr
1002 2856 1030 2893 a
1067 2837 1198 2893 Deo.
1224 2838 1356 2892 Nam
1393 2849 1444 2894 et
1477 2839 1590 2910 ipse
1618 2839 1822 2894 Paulus

249 2929 494 2983 nominat
525 2929 777 2998 spiritum
805 2925 1091 2984 charitatis
1120 2931 1186 2989 “,
1215 2940 1273 2983 et
1303 2930 1443 2984 Deus
1465 2931 1704 2984 charitas
1728 2930 1821 2989 .di-

244 3020 388 3072 citur
417 3020 482 3086 “,
525 3029 579 3074 et
612 3019 865 3074 Christus
908 3019 1050 3074 filius
1081 3021 1372 3074 charitatis
1409 3021 1714 3089 appellatur
1751 3022 1817 3077 ⁸⁷.

245 3109 399 3176 Quod
430 3112 473 3165 si
496 3121 550 3166 et
584 3110 1130 3180 spirituscharitatis,
1164 3119 1217 3163 ct
1251 3111 1394 3166 filius
1429 3111 1734 3175 cbaritatis,
1763 3122 1817 3165 et

249 3201 390 3254 Deus
435 3201 677 3255 charitas
706 3199 820 3268 (69)
866 3201 1159 3264 invenitur,
1197 3209 1408 3255 ccrtmn
1452 3211 1535 3256 est
1570 3203 1712 3271 quod
1747 3218 1814 3256 ex

247 3307 357 3345 uno
395 3292 638 3346 Paterna:
677 3292 903 3348 Deitatis
953 3292 1101 3348 fonte
1137 3302 1191 3348 et
1224 3292 1397 3347 Filius
1431 3293 1818 3364 intelligendus

247 3393 349 3446 est,
389 3393 442 3438 et
473 3384 707 3452 Spiritus
742 3394 984 3450 sanctus,
1017 3398 1082 3437 ex
1109 3384 1263 3453 cujus
1291 3383 1624 3438 abundantia
1649 3383 1815 3438 etiam

247 3485 559 3530 sanctorum
594 3477 847 3531 cordibus
877 3475 943 3529 ad
987 3475 1455 3546 participationem
1494 3476 1814 3544 capiendam

249 3568 443 3621 divina:
487 3578 693 3621 natura:
717 3606 732 3630 ,
780 3567 923 3621 sicut
967 3565 1161 3621 Petrus
1193 3564 1466 3637 apostolus
1497 3566 1714 3620 edocuit
1745 3565 1814 3632 ⁸⁵,

250 3660 578 3714 abundantia
599 3660 882 3714 charitatis
905 3657 1245 3712 infunditur:
1273 3668 1330 3710 ut
1353 3671 1448 3726 per
1475 3658 1613 3712 istud
1641 3657 1817 3712 sancti

251 3753 485 3824 Spiritus
507 3754 704 3807 tiOlllltlt
734 3756 1072 3822 compleatur
1103 3751 1195 3806 ille
1227 3733 1406 3806 sermo
1433 3767 1594 3820 quem
1631 3752 1814 3805 Domi-

251 3862 352 3899 nus
379 3845 550 3900 dicit:
591 3862 610 3896 t
655 3843 806 3899 Sicut
854 3853 909 3896 tu
940 3842 1099 3898 Pater
1131 3843 1184 3897 in
1211 3857 1318 3907 me,
1353 3855 1406 3896 et
1426 3857 1525 3911 ego
1555 3843 1607 3896 in
1647 3852 1720 3907 te,
1761 3851 1819 3896 et

250 3936 334 3990 isti
363 3937 415 3990 in
449 3937 604 3991 nobis
632 3951 794 3990 unum
825 3935 931 3989 sint
954 3934 1000 3966 “
1031 3952 1044 3988 :
1091 3951 1109 3985 ι
1147 3933 1345 3988 divina:
1369 3933 1581 3987 scilicet
1611 3941 1818 3986 naturae

249 4028 538 4096 participes
566 4026 775 4092 effecti,
806 4027 858 4080 in
890 4025 1219 4078 abundantia
1253 4023 1539 4078 charitatis
1565 4037 1660 4093 per
1693 4023 1817 4092 Spi-

256 4117 414 4170 ritum
437 4127 681 4171 sanctum
711 4115 1054 4170 ministratae.

321 4209 408 4261 10.
459 4227 478 4260 ε
517 4207 708 4262 Adhuc
757 4207 903 4262 enim
947 4206 1230 4268 Christus,
1271 4219 1393 4260 cum
1441 4219 1681 4260 essemus
1736 4206 1816 4260 in-

253 4301 386 4356 firmi
434 4300 570 4372 (70),
622 4299 918 4354 secundum
958 4306 1172 4366 tempus
1209 4313 1306 4367 pro
1348 4297 1528 4365 impiis
1572 4305 1816 4351 mortuus

248 4401 346 4448 est.
375 4391 471 4446 Vix
494 4391 636 4446 enim
659 4406 757 4460 pro
779 4390 928 4460 justo
957 4387 1080 4456 quis
1104 4390 1353 4443 moritur.
1389 4387 1522 4442 Nam
1550 4402 1646 4455 pro
1672 4389 1814 4441 bono

1930 578 2373 623 converterentur
2417 569 2482 621 ad
2519 568 2712 632 Demu,
2753 579 2807 624 et
2837 569 3089 625 Christus
3122 572 3309 640 utique
3349 589 3500 626 mor-

1934 669 2038 714 tem
2071 675 2168 727 pro
2191 659 2344 713 nobis
2367 671 2660 728 antequam
2687 661 3034 716 crederemus
3058 666 3277 730 eiu-cpit
3310 681 3325 716 :
3353 665 3497 733 quod

1930 751 2304 820 proculdubio
2340 767 2445 805 non
2474 751 2712 814 fecisset,
2742 753 2842 807 nisi
2878 754 3102 807 nimiam
3127 770 3255 822 erga
3281 771 3378 810 nos
3405 759 3500 810 ha-

1929 841 2132 896 buisset
2176 853 2230 896 et
2287 842 2808 896 abundantissimam
2873 843 3198 898 eharitatem
3254 845 3338 898 vel
3390 846 3502 914 ipse

1930 933 2189 987 Dominus
2237 944 2424 988 noster
2467 931 2622 988 Jesus
2660 933 2907 988 Christus
2937 935 3221 989 moriendo
3261 950 3359 1004 pro
3402 937 3499 990 im-

1927 1025 2054 1095 piis,
2081 1026 2164 1080 vel
2185 1025 2324 1079 Deus
2344 1025 2501 1080 Pater
2526 1026 2872 1094 Unigenitum
2906 1042 3064 1080 suum
3092 1041 3188 1096 pro
3207 1025 3496 1094 impiorum

1931 1117 2302 1186 redemptione
2334 1117 2614 1171 tradendo.
2665 1117 2798 1171 Cum
2839 1117 2983 1172 enim
3026 1119 3114 1171 vix
3159 1117 3358 1185 aliquis
3403 1133 3500 1185 pro

1927 1207 2076 1276 justo
2109 1207 2397 1270 moriatur,
2424 1214 2476 1258 et
2496 1205 2699 1259 dubitet
2721 1206 3092 1274 unusquisque
3120 1215 3344 1260 mortem
3371 1209 3500 1262 sub-

1932 1300 2030 1364 ire,
2059 1298 2222 1353 etiam
2249 1299 2294 1353 si
2327 1298 2516 1352 mortis
2541 1297 2684 1365 justa
2720 1298 2791 1352 sit
2818 1313 3004 1361 causa,
3026 1308 3258 1368 quantus
3289 1308 3370 1352 est
3389 1300 3498 1363 hic,

1929 1395 1983 1442 et
2007 1387 2245 1442 charitas
2271 1386 2386 1454 ejus
2419 1402 2544 1456 erga
2577 1400 2673 1440 nos
2703 1397 2901 1454 quanta
2940 1391 3210 1456 pensanda
3259 1399 3372 1448 est,
3406 1389 3498 1457 qui

1930 1479 2226 1532 secundum
2257 1476 2384 1531 illud
2432 1485 2642 1547 tempus
2679 1493 2788 1546 quo
2812 1493 3002 1547 passus
3041 1489 3157 1544 est,
3198 1495 3295 1549 pro
3321 1481 3500 1548 impiis

1929 1579 1985 1624 et
2016 1568 2230 1637 injustis
2259 1579 2486 1624 mortem
2523 1569 2727 1638 perpeti
2767 1585 2871 1624 non
2907 1572 3107 1640 refugit
3129 1571 3220 1624 ibi
3245 1587 3354 1639 quo
3387 1573 3498 1626 uti-

1929 1677 2034 1732 que
2077 1679 2300 1717 summae
2357 1663 2502 1717 illius
2544 1661 2740 1716 divinae
2781 1663 3039 1717 bonitatis
3086 1662 3342 1717 indicium
3391 1674 3496 1718 est.

1932 1753 2042 1806 Nisi
2079 1753 2226 1806 enim
2260 1762 2407 1808 esset
2451 1753 2539 1807 hic
2577 1768 2641 1807 ex
2687 1753 2775 1806 illa
2821 1753 3044 1806 veniens
3074 1753 3406 1819 substantia,
3443 1763 3500 1808 et

1859 1826 1898 1884 Β
1930 1842 2070 1895 illius
2106 1841 2288 1894 Patris
2313 1841 2504 1902 Filius.
2539 1841 2603 1894 (le
2628 1857 2736 1909 quo
2765 1841 2972 1894 dictum
2991 1849 3091 1902 est,
3119 1842 3248 1909 quia
3288 1859 3308 1892 ι
3339 1857 3498 1896 nemo

1925 1933 2118 1993 bonus,
2175 1931 2277 1984 nisi
2327 1947 2465 1984 unus
2504 1932 2643 1985 Deus
2686 1931 2844 1986 Pater
2873 1931 2943 1992 ⁷⁸,
3000 1949 3018 1982 ι
3055 1941 3258 1984 tantam
3311 1933 3497 2000 utique

1923 2036 2047 2090 erga
2077 2035 2175 2074 nos
2212 2021 2504 2074 bonitatem
2552 2037 2656 2075 non
2700 2021 2964 2090 potuisset
2998 2021 3306 2076 ostendere.
3342 2023 3495 2078 Unde

1923 2113 2048 2180 quia
2079 2128 2144 2165 ex
2194 2113 2301 2165 hoc
2342 2122 2504 2166 tanta:
2549 2112 2809 2166 bonitatis
2857 2112 3060 2166 indicio
3097 2113 3210 2181 ipse
3239 2127 3358 2167 esse
3401 2113 3494 2166 hic

1924 2204 2236 2272 agnoscitur
2284 2205 2483 2265 boans,
2525 2219 2622 2272 pro
2667 2205 2769 2258 hoc
2819 2205 2960 2258 bono
3004 2203 3228 2258 forsitan
3278 2206 3400 2273 quis
3437 2216 3494 2258 et

1924 2295 2123 2348 audeat
2170 2294 2326 2347 mori.
2377 2293 2512 2348 Cum
2557 2295 2700 2348 enim
2753 2294 3068 2362 cognoverit
3127 2297 3496 2364 unusquisque

1927 2396 2128 2440 tantam
2158 2401 2283 2454 erga
2336 2401 2395 2440 se
2442 2386 2734 2440 bonitatem
2786 2386 3016 2451 Christi,
3061 2387 3495 2454 charitatemque

1924 2477 2043 2546 ejus
2081 2477 2331 2530 halmerit
2374 2477 2426 2530 in
2473 2477 2637 2530 corde
2680 2477 2962 2542 diffusam,
3001 2493 3106 2532 non
3149 2477 3321 2531 solum
3355 2477 3492 2530 mori

1927 2582 2024 2636 pro
2071 2567 2170 2620 hoc
2204 2566 2378 2630 bono,
2430 2567 2524 2620 sed
2564 2575 2620 2620 et
2650 2567 2910 2622 audacter
2951 2567 3088 2622 mori
3133 2568 3490 2622 desiderabit.

1926 2656 2078 2724 Quod
2113 2657 2270 2711 rebus
2292 2658 2420 2726 ipsis
2443 2666 2496 2710 et
2530 2657 2785 2725 operibus
2812 2672 2952 2726 smpe
2985 2657 3230 2712 videmus
3252 2657 3492 2724 impleri,

1925 2763 2046 2802 cum
2078 2748 2130 2800 hi
2169 2748 2220 2801 in
2259 2763 2484 2816 quorum
2513 2748 2770 2802 cordibus
2798 2749 3146 2803 abundanter
3181 2748 3376 2804 diffusa
3407 2760 3492 2806 est

1924 2837 2162 2892 charitas
2189 2838 2414 2902 Christi,
2441 2845 2633 2906 sponte
2665 2838 2828 2892 etiam
2853 2847 2906 2890 et
2933 2851 3054 2890 cum
3079 2836 3228 2890 onmi
3261 2838 3484 2890 audacia

1924 2929 2245 2998 semetipsos
2276 2929 2718 2997 persecutoribus
2739 2927 2997 2994 offerunt,
3021 2938 3076 2982 et
3100 2943 3294 2982 nomen
3330 2927 3490 2982 Chr?-

1924 3019 2017 3080 sti,
2053 3021 2305 3073 audiente
2339 3022 2574 3084 mundo,
2619 3035 2802 3074 coram
2848 3018 3055 3088 angelis
3083 3028 3136 3072 et
3178 3019 3493 3073 hominibus

1922 3111 2279 3173 confitentur,
2333 3119 2389 3164 ut
2432 3127 2537 3165 non
2587 3111 2761 3164 solum
2795 3111 2906 3179 (72)
2948 3109 3202 3177 injuriam
3239 3108 3348 3177 pati
3392 3123 3489 3177 pro

1924 3199 2142 3252 nomine
2181 3199 2319 3267 ejus,
2357 3200 2451 3253 sed
2499 3209 2554 3252 et
2597 3209 2824 3254 mortem
2863 3215 2960 3268 pro
2990 3199 3093 3253 hoc
3120 3200 3262 3251 bono
3303 3197 3488 3251 subire

1919 3291 2182 3353 audeant,
2226 3305 2390 3360 quam
2430 3292 2517 3345 vix
2549 3289 2659 3364 (73)
2694 3306 2795 3360 pro
2815 3290 2962 3358 justo
2991 3289 3116 3359 quis
3141 3289 3362 3356 perfert.
3395 3288 3490 3341 Est

1919 3382 2064 3436 enim
2101 3397 2254 3455 amor
2294 3382 2416 3436 vitm
2455 3381 2615 3451 hujus
2656 3391 2859 3445 tantus,
2896 3390 2953 3434 ut
2994 3381 3157 3434 etiam
3197 3395 3318 3433 cum
3347 3378 3489 3446 iusta

1918 3487 2082 3526 causa
2110 3471 2302 3526 mortis
2319 3473 2620 3537 advenerit,
2642 3474 2728 3526 vix
2755 3470 3126 3538 unusquisque
3145 3477 3370 3523 mortem
3393 3485 3490 3537 pa-

1921 3563 2120 3618 tienter
2139 3561 2392 3630 accipiat.
2419 3560 2571 3616 Justa
2603 3570 2783 3615 autem
2819 3574 2980 3613 causa
3026 3560 3220 3614 mortis
3250 3559 3488 3624 videtur,

1920 3667 2042 3706 cum
2084 3662 2292 3706 natura:
2330 3651 2444 3720 lege
2473 3649 2721 3705 defertur
2757 3667 2770 3703 :
2806 3658 2861 3702 et
2897 3646 3146 3716 quamvis
3175 3647 3382 3715 justum
3415 3649 3490 3705 sit

1917 3743 2226 3799 conditione
2250 3741 2618 3806 mortalitatis,
2649 3743 2741 3794 vix
2769 3748 2950 3793 tamen
2983 3739 3328 3808 amplectitur
3362 3740 3486 3793 aui-

1921 3850 2038 3888 mus
2062 3833 2176 3903 (74)
2203 3842 2412 3886 natura:
2439 3830 2644 3899 legibus
2674 3833 2886 3886 cedere.
2924 3845 2944 3880 ι
2985 3827 3090 3882 Vix
3122 3841 3254 3897 ergo
3280 3842 3378 3896 pro
3399 3827 3490 3894 iu-

1918 3935 2002 3980 sto
2029 3923 2153 3992 quis
2189 3921 2416 3974 moritur
2447 3920 2515 3972 ".
2543 3939 2560 3970 ›
2586 3920 2719 3978 Nam
2737 3911 3162 3994 probonoaudet
3192 3916 3316 3985 quis
3349 3915 3488 3972 mori

1917 4025 1970 4072 et
1999 4017 2257 4068 audacter
2280 4011 2584 4076 occumbit,
2615 4013 2882 4081 praecipue
2921 4010 2966 4064 si
3010 4006 3318 4074 intellexit,
3358 4008 3487 4078 quia

1917 4123 2039 4163 cum
2072 4107 2248 4160 adhuc
2293 4105 2587 4158 secundum
2625 4111 2832 4171 tempus
2863 4101 3009 4170 impii
3037 4114 3283 4157 essemus
3316 4109 3370 4155 et
3401 4100 3487 4154 iu-

1918 4198 2084 4263 firmi,
2111 4199 2223 4266 ipse
2247 4196 2398 4265 prior
2425 4209 2522 4264 pro
2539 4193 2694 4249 nobis
2718 4202 2962 4248 mortuus
2987 4205 3089 4247 est.
3116 4192 3180 4245 Et
3205 4191 3480 4261 quomodo

1918 4305 2024 4344 non
2065 4292 2155 4358 qui
2186 4289 2300 4342 haec
2330 4289 2431 4342 sibi
2458 4288 2526 4340 ab
2562 4286 2652 4340 illo
2688 4287 2926 4356 praestita
2956 4285 3106 4355 prius
3129 4299 3250 4338 esse
3281 4297 3484 4350 cogno-

1917 4381 2042 4444 scit,
2073 4388 2301 4434 mortem
2341 4392 2502 4446 quam
2551 4377 2640 4432 ille
2675 4376 2831 4431 malis
2884 4374 3178 4444 impendit,
3214 4373 3302 4426 hic
3341 4371 3482 4425 bono

252 4483 475 4538 forsitan
515 4483 638 4553 quis
675 4481 872 4535 audeat
918 4481 1053 4534 mori
1076 4479 1144 4531 '°.
1189 4497 1207 4530 ι
1237 4477 1457 4533 Plenius
1493 4479 1679 4533 volens.
1707 4477 1817 4530 vir-
1849 4488 1892 4543 ι)
1926 4471 2416 4538 reddat2Arguitur
2436 4477 2616 4522 autem
2657 4466 2870 4520 illoru‘m
2893 4479 3067 4526 error,
3097 4463 3186 4530 qui
3222 4462 3365 4514 hunc
3399 4461 3478 4553 los

250 4588 390 4632 tutes
416 4576 700 4632 charitatis
735 4574 1028 4630 ostendere
1064 4586 1224 4640 quam
1256 4570 1504 4624 diffusam
1542 4570 1594 4623 in
1629 4570 1810 4623 cordi-

249 4671 344 4724 bus
376 4669 579 4726 nostris
618 4668 832 4722 dixerat
879 4681 973 4736 per
1008 4665 1269 4732 Spiritum
1311 4673 1581 4726 sanctum.
1616 4663 1814 4730 quibus

243 4759 341 4814 hoc
395 4762 574 4815 causis
631 4761 929 4833 intelligere
976 4761 1300 4817 deberemus
1351 4759 1632 4829 exposuit,
1682 4760 1816 4815 cdo-

237 4865 367 4905 tens
407 4869 505 4907 nos
543 4853 654 4924 (7|)
693 4855 838 4923 quod
871 4853 1122 4910 Christus
1158 4869 1267 4909 non
1305 4868 1404 4922 pro
1440 4853 1565 4924 piis,
1595 4855 1689 4909 sed
1717 4869 1819 4924 pro

315 4983 357 5014 “
400 4983 555 5036 Rom.
602 4995 724 5043 vm,
761 4979 847 5034 15.
923 4980 967 5009 ⁸³
1000 4977 1014 5030 l
1044 4975 1201 5031 Joau.
1253 4990 1325 5037 Iv,
1383 4972 1466 5026 l8.
1543 4974 1588 5004 ⁸³
1627 4974 1780 5026 Rom.
1816 4992 1817 5000 η

315 5094 318 5097 ,
366 5053 420 5097 8-
495 5050 538 5083 ⁸⁷
573 5051 779 5097 (ἶοιηςμς-
835 5065 873 5097 l.
943 5048 1028 5097 15.
1119 5047 1164 5076 ⁸⁸
1198 5046 1238 5097 ΙΙ
1293 5046 1436 5097 l’etr.
1496 5060 1534 5097 1.
1585 5043 1639 5096 4.
1730 5043 1817 5097 ⁵⁸]

1923 5011 1933 5034 ,
1971 4970 2056 5024 15.
2133 4970 2178 4999 ⁸⁸
2213 4970 2252 5019 lt

1923 5060 1954 5094 ι.
2010 5054 2142 5097 xvu.
2190 5037 2252 5091 2|

1938 5079 1954 5092 ο
2010 5071 2142 5104 LVII,
2195 5071 2283 5091 ιιι.

251 5069 320 5111 ιν.
366 5053 420 5106 8.
495 5050 538 5083 ⁸⁷
573 5051 779 5108 Coloss.
834 5065 874 5113 t,
943 5048 1028 5102 15.
1119 5047 1164 5076 ⁸⁸
1198 5046 1238 5098 ιι
1293 5046 1436 5098 l’etr.
1496 5060 1534 5109 ι,
1585 5043 1639 5096 4.

250 5124 292 5157 ’⁸
344 5121 500 5176 Rom.
545 5135 596 5184 v,
645 5120 697 5174 7.

317 5212 430 5281 (67)
459 5211 549 5265 Sic
570 5226 701 5281 mss.
720 5227 736 5275 ;
765 5208 893 5281 editi
913 5221 1059 5272 vero,
1085 5224 1104 5258 ε
1125 5218 1388 5281 quaecum
1411 5201 1664 5259 charitati
1683 5217 1814 5259 con-

247 5275 426 5351 juncta
462 5281 552 5346 sit,
589 5279 812 5350 Spiritui
835 5286 1024 5351 sancto
1051 5275 1412 5330 consocietur.
1455 5292 1476 5326 ι

317 5351 428 5420 (ϐυ)
462 5347 680 5420 Alias,'t
727 5350 869 5417 quod
909 5347 1053 5420 velut
1083 5357 1326 5420 munere,
1367 5363 1385 5397 ι
1418 5353 1526 5420 etc.

316 5413 427 5488 (69)
471 5413 888 5473 Deus'cliaritas.
928 5414 1054 5488 ilazc
1083 5415 1274 5488 desunt
1298 5413 1351 5466 in
1372 5414 1612 5488 editione
1637 5413 1811 5470 Gene-

251 5483 448 5545 brardi.
481 5490 674 5544 Caeteri
699 5503 825 5542 vero
855 5487 1004 5548 editi,
1041 5501 1060 5535 ι
1086 5491 1140 5538 et
1169 5485 1307 5537 Deus
1335 5483 1636 5538 charitatis.
1676 5503 1695 5535 ι

318 5558 426 5630 (70)
469 5558 558 5614 Sic
595 5574 724 5612 mss.
749 5556 959 5630 nostri.
994 5555 1134 5608 Editi
1171 5567 1333 5630 vero,
1362 5569 1392 5630 _t
1435 5551 1634 5620 thuid
1661 5553 1806 5608 enim

249 5620 514 5694 Clu-isius,
540 5645 662 5681 cum
698 5626 870 5680 adhuc
908 5637 1151 5679 essemus
1177 5620 1398 5694 infirmi,
1437 5639 1456 5672 ι
1489 5631 1593 5675 etc.

317 5699 426 5822 (7t;
470 5691 633 5759 Editi,
676 5715 694 5748 ι
723 5698 982 5750 debemus
1003 5692 1270 5762 exposuit.
1297 5691 1600 5745 Educentur
1624 5703 1744 5751 nos,
1783 5708 1803 5741 ι

317 5786 354 5822 :.
380 5769 406 5822 ἢ
432 5788 475 5822 s.
507 5783 646 5822 unus
678 5766 885 5822 itidem.
929 5782 947 5816 ι
984 5763 1273 5820 cdocemur
1299 5775 1418 5819 nos.
1461 5779 1480 5813 ι
1522 5757 1803 5822 Rabanus,

249 5757 354 5825 etc.
380 5757 475 5824 his.
507 5757 646 5823 unus
678 5766 885 5829 itidem,
929 5782 947 5816 ι
984 5757 1273 5820 cdocemur
1299 5775 1418 5819 nos.
1461 5779 1480 5813 ι
1522 5757 1803 5829 Rabanus,

1917 4581 2038 4622 cum
2097 4565 2168 4618 ita
2223 4561 2335 4633 (75)
2391 4561 2854 4626 interpretandum
2907 4563 3183 4625 putarunt,
3230 4562 3290 4608 ut
3337 4552 3480 4621 quod

1919 4654 2080 4718 dixit,
2111 4671 2129 4704 ι
2170 4650 2266 4704 Vix
2291 4651 2431 4704 enim
2463 4665 2561 4718 pro
2584 4650 2733 4714 justo
2756 4645 2879 4714 quis
2908 4645 3156 4708 moritur,
3215 4662 3234 4694 ι
3277 4644 3344 4696 de
3376 4642 3484 4695 D.'o

1921 4746 2076 4817 legis,
2107 4757 2266 4812 quem
2289 4743 2516 4812 justum,
2540 4755 2649 4794 non
2677 4739 2840 4793 etiam
2871 4735 3073 4792 bonum
3097 4735 3485 4798 dicunt,intel-

1921 4839 2010 4909 ligi
2057 4835 2255 4890 debere
2313 4832 2669 4897 confirment;
2707 4831 2903 4884 bonum
2957 4835 3135 4881 autem
3181 4825 3482 4888 Christum,

2133 4968 2178 4999 “
2213 4966 2370 5020 Rom.
2408 4981 2458 5027 v,
2483 4963 2535 5019 5.
2615 4965 2659 4996 ⁸⁵
2705 4962 2862 5017 Rom.
2901 4975 2985 5026 ιν,
3036 4961 3126 5016 '50.
3204 4961 3250 4993 “
3275 4961 3290 5014 I
3318 4959 3479 5013 Juan.

2357 5035 2402 5067 ⁷⁸
2431 5035 2589 5088 item.
2654 5049 2708 5098 v,
2753 5034 2808 5096 6,
2855 5033 2908 5086 7.
2983 5033 3026 5065 "
3071 5031 3237 5086 Marc.
3290 5045 3346 5096 x,
3393 5035 3484 5085 18.

1923 5219 1944 5254 ι
1989 5210 2044 5255 et
2077 5199 2238 5257 docet
2284 5213 2404 5264 nos,
2460 5214 2479 5250 ι
2531 5197 2626 5254 sed
2661 5195 2842 5252 caeteri
2900 5208 3033 5250 mss.
3079 5203 3138 5248 ut
3181 5193 3234 5246 iu
3291 5201 3481 5245 nostro

1920 5281 2088 5328 textu.
2613 5286 2622 5294 ι

1985 5340 2100 5414 (22)
2133 5339 2306 5414 Alias,
2342 5357 2361 5390 ‹
2398 5347 2454 5393 et
2475 5353 2592 5414 non
2622 5335 2875 5414 solum.)

2010 5401 2098 5476 75)
2129 5401 2302 5470 Alias,
2330 5427 2348 5460 ι
2383 5409 2600 5471 audent,
2631 5407 2909 5476 quamvis,
2941 5421 2960 5454 ι
3000 5401 3158 5476 male.

2011 5473 2100 5549 74)
2141 5480 2230 5534 Sic
2288 5491 2480 5549 omnes
2551 5473 2682 5549 mss.
2748 5475 2938 5528 nostri.
3006 5473 3260 5549 [tabanus
3323 5483 3476 5549 vero,

1918 5569 1937 5603 ί
1975 5541 2219 5604 conditio
2249 5545 2593 5602 mortalitatis
2635 5546 2722 5598 vix
2765 5554 2943 5596 tamen
2981 5541 3324 5606 anqdectitur
3355 5541 3476 5596 aui-

1911 5635 2082 5678 mum.
2117 5628 2257 5670 ιρις.
2298 5617 2463 5676 Editi.
2498 5613 2846 5678 «conditioni,
2873 5626 3003 5681 ιντο
3030 5632 3048 5663 ι
3081 5611 3409 5668 conditione.
3457 5629 3474 5659 ι

1984 5685 2099 5760 (75)
2138 5685 2244 5742 Ita.
2279 5685 2631 5744 Desideratur
2661 5686 2714 5740 in
2743 5685 2898 5740 libris
2923 5691 3076 5737 antea
3103 5682 3283 5736 editis.
