3986 6206
510 316 614 370 99:)
1984 311 2308 366 ORIGENIS
3607 327 3729 382 cum

509 437 768 500 tanquam
814 434 936 486 boni
965 433 1142 486 Patris
1174 433 1390 496 Filium,
1443 445 1779 488 assevercnt.
1824 433 1926 487 Sed
1959 435 2084 502 quid
2116 433 2157 486 Δ
2189 431 2394 482 idcirco
2426 430 2482 482 lit
2533 431 2678 499 (8|),
2729 432 2869 501 quod
2918 432 3289 502 relinquentes
3335 437 3496 493 Deum
3546 454 3729 510 patrum

509 531 690 584 agent,
717 523 842 588 quia
878 523 1182 576 invenimus
1219 536 1274 577 et
1305 526 1356 577 in
1389 525 1504 594 lege
1536 537 1804 590 martyres
1839 529 2069 584 ltltlllOSi

2188 536 2432 588 suurum,
2465 525 2596 576 deos
2634 525 2871 590 gemium
2907 525 3112 578 colunt.
3147 525 3300 592 Quod
3329 543 3461 582 vero
3482 528 3661 588 Paulus
3683 553 3730 590 se

511 611 1170 680 LegantMachabmorum
1205 617 1398 680 libros,
1433 618 1522 671 ubi
1549 634 1672 672 cum
1704 621 2086 675 omniinstan-
2187 628 2308 666 CIIII!
2358 615 2734 681 Pcvcaloribus
2781 617 3122 677 lelleral".
3175 620 3266 686 qui
3321 619 3376 671 in
3444 620 3558 675 aliis
3601 625 3727 692 dicit,

511 703 586 754 tia
625 703 780 754 beata
832 714 1007 757 mater
1045 721 1167 758 cmn
1223 717 1428 774 septem
1476 698 1599 761 ﬁliis
1631 709 1948 780 martyrium
1993 726 2069 764 su-

2192 723 2212 755 ι
2251 703 2360 758 Nos
2406 711 2598 756 natura
2637 703 2917 766 Judaei,et
2966 720 3072 758 non
3101 721 3166 759 ex
3211 709 3465 774 gentibus
3516 726 3727 780 peccato-

507 793 669 860 δείρῃ
711 793 778 856 η’
830 796 1034 864 quique
1086 811 1190 850 ηοη
1228 798 1401 852 solum
1455 801 1772 870 manyrium
1817 803 2084 872 pariam“
2187 808 2276 847 res
2303 794 2373 860 7’,
2423 811 2441 845 ι
2479 791 2805 846 humilitatis
2828 793 2943 862 ejus
2983 804 3069 848 est
3101 796 3294 850 virtus.
3342 797 3584 854 Imitatur
3609 804 3724 856 enim

506 885 809 952 excipiunt,
846 902 1032 940 verum
1053 899 1106 943 et
1137 893 1501 948 contumelias
1525 895 1783 964 ingerunt
1819 896 1869 948 in
1895 907 2083 966 tyrau-
2187 885 2356 947 “illm.
2394 904 2412 936 ε
2447 886 2538 954 Cl“i
2569 901 2692 937 cm“
2724 895 3010 953 Peccalm“
3041 901 3146 940 ¹¹⁰η
3183 889 3404 943 “Cissei
3431 931 3446 953 ο
3480 907 3724 959 Ρεεειιυιυ

432 1003 458 1062 3,
506 992 672 1030 nttm:
705 988 758 1030 et
817 981 1035 1036 videant
1087 985 1130 1037 si
1167 1000 1354 1038 verum
1403 989 1661 1055 estquod
1708 990 1916 1054 dicunt,
1955 991 2069 1060 quia

2183 991 2282 1045 pro
2314 975 2469 1030 nobis
2499 977 2672 1030 factus
2703 985 2782 1030 est
2811 977 2891 1039 '°;
2931 995 2950 1028 ι
3005 986 3206 1032 etcum
3243 980 3384 1034 Deus
3417 991 3582 1046 esset,
3616 985 3724 1039 inter

509 1084 527 1118 ι
561 1069 648 1120 vix
695 1085 790 1138 pro
826 1070 973 1138 justo
1003 1074 1124 1140 quis
1168 1077 1416 1129 ntoritur.
1463 1097 1481 1131 ι
1542 1079 1769 1133 Videam
1816 1092 1928 1136 ηουε
1959 1097 2084 1148 pne.
2187 1073 2432 1126 homines
2481 1083 2834 1127 conversatus
2892 1081 2974 1126 est
3007 1073 3077 1130 ⁸¹.
3139 1093 3157 1125 ι
3219 1076 3577 1131 Commendat
3623 1095 3721 1150 erga

503 1173 595 1212 ros
625 1161 677 1212 in
712 1163 926 1216 camino
959 1164 1100 1231 ignis
1129 1169 1370 1220 ardentis
1396 1183 1518 1222 cum
1561 1170 1707 1222 omni
1746 1169 1942 1226 ﬁducia
1983 1189 2069 1239 ρι’(

2184 1179 2332 1218 Suam
2365 1164 2689 1217 charitatem
2748 1164 2888 1220 Deus
2932 1164 3044 1236 (8‘2)
3078 1166 3130 1219 in
3162 1169 3342 1223 nobis.
3381 1188 3398 1219 ι
3439 1170 3536 1224 llic
3567 1191 3584 1220 ι
3609 1188 3721 1226 con.-

502 1251 628 1306 ῆιΙεί
663 1252 917 1309 libertate
935 1257 1226 1323 'conjcctos
1255 1260 1320 1324 τι,
1355 1271 1408 1313 et
1436 1261 1618 1316 dicant
1650 1265 1772 1330 quia
1807 1283 1826 1315 ι
1867 1265 1952 1317 vix
1982 1281 2081 1334 pro
2183 1255 2423 1319 mendat,
2469 1274 2486 1306 ι
2529 1255 2610 1306 vel
2642 1256 2933 1310 conﬁrmat
2971 1258 3315 1326 intelligitur,
3351 1259 3437 1314 vel
3475 1262 3721 1317 amabilem

497 1343 642 1409 justo
676 1346 800 1414 quis
830 1349 1082 1402 moritur.
1125 1371 1142 1403 ι
1187 1353 1310 1405 Sola
1346 1368 1475 1413 ergo
1511 1371 1656 1408 rnors
1695 1363 1778 1410 cst
1811 1372 1909 1426 pro
1937 1358 2069 1423 Deo,

2185 1347 2312 1402 facit
2345 1363 2444 1418 pro
2476 1347 2772 1402 beneﬁciis.
2815 1349 2966 1413 Quod
2991 1349 3134 1403 enim
3169 1369 3187 1400 ι
3220 1351 3498 1414 Christus,
3528 1358 3723 1407 cumad-

501 1434 659 1508 54],
694 1455 812 1507 qua:
841 1455 962 1494 cum
987 1444 1131 1496 omni
1161 1445 1386 1498 audacia
1417 1446 1529 1518 (76)
1557 1448 1878 1515 suscipitur:
1902 1452 2069 1504 omnis

2182 1440 2288 1494 huc
2341 1451 2659 1510 peccatores
2691 1453 2934 1493 essemus
2955 1480 2969 1504 ,
3001 1455 3100 1509 pro
3145 1443 3298 1496 nobis
3331 1455 3578 1498 mortuus
3596 1455 3681 1510 est,
3703 1463 3720 1498 ι

503 1541 684 1583 autem
715 1531 921 1599 reliqua
949 1549 1095 1588 mors
1123 1535 1210 1588 vix
1259 1536 1553 1592 toleranter
1585 1539 1797 1592 subitur
1824 1541 1987 1592 etiam
2033 1541 2078 1594 si
2181 1547 2330 1600 Spem
2369 1533 2526 1586 IIObiS
2557 1533 2650 1584 ιΙίιῑ
2689 1533 2830 1599 (ιιιοιι
2883 1533 3052 1585 mullo
3101 1535 3272 1602 magis
3318 1549 3417 1589 00$
3472 1552 3502 1588 3
3543 1549 3722 1604 Ρεεσειῐο

497 1621 638 1689 iusta
655 1624 1081 1690 sit,etlmman:e
1099 1628 1429 1682 conditionis
1496 1626 2074 1700 iegedescendat(77).
2183 1634 2439 1694 pltrgalos
2465 1633 2518 1677 el
2540 1623 2889 1689 iIISliiiCaIOS.
2929 1625 2996 1676 ait
3027 1624 3103 1676 ira
3136 1640 3259 1694 quae
3290 1625 3543 1680 imminet
3569 1643 3723 1694 pecca-

573 1719 659 1772 11.
705 1739 722 1771 ι
761 1718 1120 1774 Commendat
1170 1729 1348 1774 autem
1389 1737 1542 1775 suam
1578 1723 1902 1776 cum-itarem
1935 1723 2077 1777 Deus
2113 1768 2150 1787 ﬁ
2185 1717 2390 1768 toribus
2419 1713 2652 1768 salvabit
2681 1730 2776 1784 per
2809 1714 2984 1780 ipsum
3019 1733 3032 1767 :
3069 1725 3122 1768 et
3147 1715 3238 1782 qui
3265 1715 3478 1770 alienos
3500 1727 3553 1770 et
3579 1718 3722 1787 inimi-

501 1809 554 1863 in
583 1810 736 1864 nobis
769 1827 783 1863 :
819 1811 1074 1877 quoniam
1108 1811 1150 1864 si
1196 1826 1320 1864 cum
1354 1811 1533 1865 adlmc
1578 1823 1897 1880 peccatores
1927 1828 2075 1867 esse—
2111 1768 2150 1824 Β

500 1915 650 1963 mus,
681 1899 934 1954 Christus
989 1915 1086 1969 pro
1131 1901 1286 1954 nobis
1327 1910 1574 1954 mortuus
1608 1909 1690 1954 est
1742 1900 1877 1969 (78),
1909 1903 2076 1956 multo

500 1992 674 2058 magis
709 2007 855 2045 nunc
877 2006 1008 2059 ergo
1031 1990 1313 2058 justiﬁcati
1348 1991 1400 2044 in
1437 1991 1696 2060 sanguine
1724 1992 1910 2056 ipsius,
1943 1993 2073 2046 salvi

499 2083 702 2136 erimus
744 2082 811 2136 ab
843 2082 916 2136 ira
948 2097 1045 2152 per
1077 2082 1250 2151 ipsum
1281 2083 1347 2133 ⁷⁵.
1394 2099 1413 2132 ι
1453 2080 1588 2135 Cum
1619 2081 1846 2136 dixisset
1897 2083 1948 2136 in
1984 2098 2074 2136 su-

499 2174 838 2242 perioribus,
869 2174 997 2242 quia
1041 2193 1058 2224 ι
1099 2173 1350 2229 Christus
1399 2175 1692 2229 secundum
1739 2184 1950 2244 tempus
1980 2177 2075 2229 ad-

500 2267 604 2318 lmc
660 2279 758 2332 pro
801 2263 977 2333 impiis
1025 2273 1269 2317 mortuus
1307 2273 1409 2325 est,
1450 2283 1469 2316 ι
1506 2278 1650 2317 nunc
1682 2267 1968 2320 ostendere
2004 2282 2067 2320 ex

499 2357 601 2409 hoc
629 2354 743 2406 vult
774 2353 864 2406 Dei
890 2354 1171 2407 charitatis
1193 2368 1320 2420 erga
1355 2354 1602 2408 homines
1625 2355 2072 2423 magnitudinem,

498 2446 622 2514 quia
660 2445 702 2497 si
730 2461 854 2515 erga
895 2445 1088 2512 impios
1123 2453 1176 2496 et
1207 2453 1526 2512 peccatores
1559 2455 1703 2496 tanta
1741 2447 1972 2510 exstitit,
2017 2457 2074 2499 ut

496 2553 597 2610 pro
642 2538 817 2592 salute
864 2553 1054 2591 eorum
1121 2537 1338 2589 unicum
1394 2536 1587 2589 Filium
1639 2537 1828 2600 daret,
1871 2549 2073 2605 quanto

498 2631 668 2699 magis
688 2645 814 2699 erga
847 2643 1161 2689 conversos,
1194 2638 1246 2682 et
1274 2629 1612 2694 emendatos,
1635 2639 1710 2695 et,
1737 2641 1794 2681 nt
1829 2631 1946 2698 ipse
1972 2632 2071 2693 ait,

499 2735 599 2775 suo
636 2721 899 2790 sanguine
945 2721 1250 2790 redemptos
1299 2720 1500 2788 largior
1533 2731 1582 2774 ct
1633 2720 1880 2774 dilTusior
1910 2721 2016 2774 erit
2048 2719 2076 2774 τ

498 2812 614 2864 Non
646 2822 773 2878 puto
807 2826 937 2866 sane
965 2813 1105 2881 quod
1161 2813 1336 2866 otiosa
1364 2812 1434 2866 sit
1466 2811 1604 2881 apud
1640 2811 1865 2865 Paulum
1891 2813 2066 2866 varie~

500 2913 581 2954 tas
628 2903 730 2955 ista
760 2904 1082 2965 verborum,
1124 2906 1268 2970 quod
1317 2903 1606 2971 aliquamlo
1660 2902 1936 2968 inﬁrmos,
1973 2904 2072 2958 ali-

498 2995 715 3062 quando
746 2994 970 3063 impios,
1003 2995 1295 3064 aliquando
1326 3005 1642 3064 peccatores
1673 2996 1936 3060 nominat,
1973 3012 2071 3066 pro

2182 1823 2273 1860 cos
2308 1807 2380 1859 ita
2416 1806 2638 1871 dilexit,
2678 1817 2737 1859 ut
2783 1823 2881 1877 pro
2914 1807 3067 1860 nobis
3125 1810 3188 1860 ad
3240 1817 3476 1861 mortem
3531 1809 3720 1864 Unicum

2181 1913 2336 1952 Slttltll
2365 1899 2554 1959 daret,
2589 1897 2760 1951 multo
2796 1897 2968 1965 magis
3007 1913 3132 1951 suos
3157 1896 3380 1953 eﬁ'eetos
3421 1911 3476 1953 et
3517 1900 3722 1954 reconci-

2181 1991 2338 2042 liatus
2368 1990 2490 2055 sibi,
2521 1999 2722 2043 aeterna
2757 1989 2932 2042 salute
2966 1989 3204 2042 donabit.
3249 1990 3533 2056 Quomodo
3575 2004 3721 2044 autem

2178 2078 2430 2133 Christus
2456 2095 2552 2146 pro
2598 2078 2752 2132 nobis
2783 2087 3026 2132 mortuus
3070 2081 3173 2144 sit,
3201 2089 3258 2133 et
3307 2081 3580 2148 quomodo
3619 2095 3719 2133 cum

2177 2171 2248 2224 sit
2277 2166 2464 2240 Agnus
2497 2172 2584 2224 Dei
2613 2171 2681 2232 θ’,
2723 2170 2905 2224 tulerit
2931 2181 3216 2239 peccatum
3270 2173 3494 2234 mundi,
3523 2184 3572 2225 et
3606 2171 3720 2224 iulir~

2182 2263 2400 2318 mitates
2432 2273 2650 2317 nostras
2679 2261 3004 2332 portaverit,
3033 2271 3085 2316 et
3113 2277 3210 2330 pro
3239 2264 3396 2318 nobis
3426 2261 3719 2324 doluerit".

2178 2369 2321 2423 sa‘pe
2353 2369 2381 2406 a
2415 2354 2572 2406 nobis
2612 2354 2663 2406 in
2697 2353 2818 2407 aliis
2848 2353 2988 2406 dicta
3019 2363 3145 2407 sunt
3183 2352 3349 2417 locis,
3380 2354 3469 2408 ubi
3501 2354 3718 2407 adhibui-

2179 2463 2298 2500 mus
2317 2457 2371 2501 ct
2401 2463 2462 2501 ea
2487 2462 2605 2515 qnzc
2635 2448 2686 2498 in
2709 2446 3057 2500 saecularibus
3085 2446 3324 2499 historiis
3349 2445 3720 2514 fcrnuturﬁS),

2175 2539 2318 2606 quod
2363 2539 2524 2590 etiam
2581 2538 2719 2607 apud
2779 2537 2922 2605 ipsos
2974 2536 3216 2589 nonnulli
3267 2536 3720 2605 pestilentias,vel

2179 2629 2456 2691 turbines,
2493 2627 2706 2695 aliaque
2761 2627 2845 2681 his
2872 2626 3069 2680 similia
3101 2627 3457 2694 perhibentur
3487 2627 3636 2681 morti
3671 2641 3719 2680 se

2175 2717 2477 2799 quiciendo
2513 2717 2808 2786 repulisse,
2835 2727 2887 2770 et
2915 2718 3183 2784 patriam,
3223 2718 3302 2769 vel
3339 2729 3555 2786 gentem
3591 2737 3719 2772 suam

2176 2809 2509 2863 imminentis
2550 2808 2717 2863 cladis
2769 2809 2979 2862 excidio
3033 2808 3310 2862 liberasse.
3368 2813 3499 2876 Quae
3526 2811 3721 2878 quidem

2175 2917 2338 2970 quam
2370 2916 2496 2955 vere
2531 2901 2732 2968 scripta
2770 2901 2906 2966 sint,
2937 2899 3018 2954 vel
3052 2901 3178 2968 quid
3231 2904 3455 2955 rationis
3495 2904 3722 2959 habeant.

2173 2992 2217 3046 si
2249 3008 2374 3046 vera
2406 3001 2566 3060 sunt,
2627 2991 2720 3045 Dei
2767 3002 2848 3045 est
2904 2983 3061 3046 nosse
3114 2992 3300 3047 solius.
3347 2993 3530 3049 Nullus
3567 3006 3722 3072 laurea

496 3085 692 3152 quibus
731 3083 1003 3138 Christum
1051 3095 1322 3137 mortuum
1375 3085 1504 3137 dicit
1534 3103 1547 3138 :
1587 3096 1640 3140 et
1691 3088 1940 3154 quamvis
1975 3087 2072 3140 itn-
2098 3116 2142 3175 Ο
2175 3085 2440 3154 ipsorum,
2479 3086 2544 3139 de
2571 3083 2766 3154 quibus
2800 3087 2903 3138 ista
2938 3096 3248 3146 narrantur,
3281 3101 3347 3138 ne
3380 3086 3503 3139 [ιι-ιο
3531 3088 3722 3155 quidem

497 3179 726 3244 peritum
754 3190 811 3229 se
845 3174 1080 3229 fateatur
1115 3176 1166 3229 in
1197 3190 1450 3230 sermone
1483 3178 1548 3241 ⁷⁸,
1579 3193 1682 3231 non
1719 3188 1898 3232 tamen
1925 3181 2068 3233 arbi-

498 3279 612 3321 tror
637 3269 777 3334 quod
805 3269 857 3322 in
889 3270 973 3322 his
1004 3269 1092 3322 ille
1123 3285 1218 3337 per
1247 3271 1598 3341 imperitiam,
1631 3272 1724 3326 sed
1761 3274 1941 3341 potius
1974 3290 2070 3342 per

495 3358 813 3428 profundam
851 3362 1135 3414 scientiam
1171 3363 1488 3418 variaverit.
1530 3363 1634 3419 Per
1667 3365 1780 3419 lucc
1837 3381 2070 3435 namque

499 3453 598 3504 tria
631 3453 740 3519 (79)
772 3467 932 3504 omne
981 3454 1186 3518 peccati
1223 3455 1493 3522 colligitur
1543 3470 1732 3524 genus.
1775 3457 1883 3509 Aut
1921 3457 2066 3510 enim

497 3544 748 3605 ignorans
780 3543 940 3595 [leum
973 3543 1114 3608 quis,
1147 3553 1335 3610 peccat
1365 3545 1418 3597 in
1456 3544 1717 3609 tenebris,
1760 3555 1816 3598 et
1845 3556 2070 3599 vocatur

497 3634 691 3702 impius
741 3653 754 3688 :
812 3643 907 3687 aut
953 3634 1136 3690 volens
1179 3650 1399 3690 servare
1445 3638 1790 3698 mandatum,
1833 3637 2070 3690 vincitur

495 3724 788 3794 fragilitate
821 3726 1022 3787 carnis,
1057 3735 1114 3780 et
1144 3727 1416 3782 illecebris
1451 3730 1735 3797 prasscutis
1767 3729 1890 3782 vitae
1917 3731 2067 3783 deci-

493 3819 670 3886 pitur,
697 3827 752 3872 et
780 3818 1028 3872 inﬁrmus
1059 3820 1364 3887 appellatur
1395 3837 1408 3872 :
1444 3831 1539 3872 aut
1573 3823 1754 3874 sciens
1778 3821 2068 3890 volensque

494 3910 796 3962 contemnit
828 3909 1174 3975 mandatum,
1205 3920 1258 3964 et
1307 3911 1419 3964 odit
1463 3912 1803 3979 disciplinam
1841 3913 1970 3975 Dei,
2004 3927 2068 3965 ac

493 3999 708 4066 prujicit
733 4014 1010 4051 sermones
1041 4001 1157 4066 ejus
1205 4011 1323 4067 post
1355 4017 1414 4054 se
1444 4003 1511 4062 ⁷⁷.
1563 4014 1618 4055 et
1665 4011 1920 4071 peccator
1971 4019 2067 4056 no-

495 4088 750 4139 minatur.
793 4088 966 4153 Atque
1017 4089 1088 4140 ita
1129 4089 1323 4143 Paulus
1369 4092 1460 4159 qui
1521 4107 1580 4146 se
1624 4094 1972 4160 imperitum,
2007 4103 2067 4146 ut

495 4177 746 4236 diximus,
786 4177 837 4229 in
876 4193 1124 4231 sermone
1161 4181 1464 4246 prolitetur,
1497 4183 1547 4234 in
1577 4184 1749 4237 tribus
1781 4185 1864 4238 his
1887 4186 2066 4238 divero

493 4268 748 4320 sitatibus
778 4266 1025 4320 universa
1049 4306 1062 4329 ,
1095 4283 1192 4336 pro
1221 4271 1420 4338 quibus
1451 4273 1700 4329 Christus
1739 4277 2067 4345 praedicatur

495 4369 737 4412 mortuus
760 4374 914 4421 esse,
947 4361 1259 4429 complexus
1290 4373 1372 4414 est
1423 4361 1555 4433 (80).
1591 4363 1743 4429 Quod
1802 4367 1844 4419 si
1891 4367 2064 4420 inter-

2174 3191 2425 3230 sermone
2460 3178 2625 3231 totius
2659 3177 2840 3230 mundi
2877 3185 3096 3246 peccata
3154 3177 3454 3230 absolvisse
3499 3179 3726 3246 perhibi-.-

2176 3278 2283 3331 tur,
2317 3268 2420 3322 nisi
2449 3266 2607 3322 Jesus
2630 3267 2796 3328 solus,
2833 3285 2851 3318 ι
2895 3269 2987 3335 qui
3018 3282 3138 3319 cum
3172 3277 3312 3319 esset
3352 3267 3405 3320 in
3429 3269 3584 3320 lorma
3615 3265 3720 3322 Dei.

2172 3374 2279 3412 non
2309 3361 2550 3427 rapinam
2575 3359 2866 3412 arbitratus
2883 3368 2964 3412 est
2987 3371 3109 3410 esse
3130 3372 3189 3411 se
3211 3359 3475 3426 arqualem
3496 3360 3611 3422 Deo,
3635 3358 3719 3412 sed

2172 3451 2518 3518 semetipsum
2546 3450 2844 3502 exinanivit
2868 3449 2938 3512 3",
2964 3469 2981 3500 ι
3017 3460 3071 3505 et
3091 3451 3391 3504 Secundum
3416 3451 3716 3503 voluntatem

2172 3541 2369 3605 Patris,
2401 3543 2568 3594 l'orma
2597 3542 2736 3594 servi
2783 3552 3032 3610 suscepta
3059 3583 3071 3603 ,
3099 3541 3295 3594 obtulit
3339 3541 3601 3595 victimam
3631 3555 3716 3608 pro

2171 3634 2427 3686 universo
2459 3633 2680 3696 mundo,
2719 3633 2944 3686 tradens
2975 3633 3296 3701 sanguinem
3332 3647 3485 3685 suum
3511 3630 3711 3701 principi

2171 3722 2328 3791 hujus
2385 3723 2605 3786 mundi,
2671 3723 2962 3776 secundum
3027 3724 3349 3790 sapientiam
3419 3723 3510 3776 Dei
3573 3720 3708 3792 (86).

2175 3833 2193 3865 ι
2231 3829 2392 3884 quam
2439 3830 2598 3866 nemo
2643 3815 2949 3883 principum
3005 3815 3162 3880 hujus
3213 3815 3399 3868 mundi
3446 3814 3708 3884 cognovit:

2169 3905 2212 3960 si
2243 3904 2386 3959 enim
2445 3905 2862 3973 cognovissent,
2921 3921 3193 3974 nunquam
3243 3907 3520 3960 Dominum
3565 3905 3707 3973 maje—

2169 3996 2322 4049 statis
2349 3995 2756 4048 crucilixissent
2785 3995 2853 4060 ⁸⁸,
2888 4013 2906 4045 ι
2941 4011 3038 4049 nec
3069 3997 3292 4064 sanguis
3331 3998 3418 4051 ille
3441 3997 3544 4067 (85)
3575 4012 3705 4066 quem

2169 4087 2436 4151 sitierant,
2473 4101 2578 4140 nou
2610 4093 2716 4138 tam
2745 4087 2912 4150 sitim,
2948 4102 3108 4155 quam
3141 4088 3286 4143 vires
3322 4103 3506 4143 eorum
3543 4088 3690 4142 exstiti

2167 4189 2388 4240 gueret,
2439 4194 2774 4248 regnumque
2818 4180 3164 4234 destrueret:
3200 4195 3301 4234 nec
3353 4182 3607 4236 accideret
3643 4180 3701 4230 eis

2169 4271 2295 4323 illud
2351 4273 2494 4340 quod
2548 4272 2810 4324 Dominus
2852 4273 2902 4325 in
2951 4271 3242 4339 Evangelio
3289 4275 3426 4328 dicit
3470 4290 3484 4327 :
3523 4291 3541 4324 ι
3593 4272 3710 4325 Ecce

2170 4381 2314 4418 nunc
2367 4365 2619 4433 princeps
2669 4362 2826 4428 hujus
2873 4365 3055 4417 mundi
3101 4365 3376 4432 judicatus
3414 4375 3495 4418 est
3515 4365 3590 4428 ους
3621 4371 3706 4413 ,ει

493 4451 618 4503 dum
653 4451 813 4504 etiam
854 4451 904 4504 hi
936 4452 1026 4521 qui
1074 4454 1173 4506 sub
1214 4453 1329 4520 lege
1359 4464 1524 4517 sunt,
1577 4466 1631 4509 et
1666 4454 1832 4509 Deum
1879 4458 2058 4512 colere
2097 4441 2138 4496 ί)
2172 4457 2298 4511 illud
2334 4474 2347 4510 :
2385 4475 2402 4507 ι
2442 4457 2577 4509 Ecce
2610 4457 2856 4510 videbam
2889 4455 3146 4509 Satanam
3171 4457 3310 4510 sicut
3339 4456 3512 4524 fulgur
3538 4455 3705 4510 cadcn.

492 4541 775 4608 videntur,
831 4544 977 4612 impii
1031 4545 1084 4599 in
1115 4546 1412 4612 Scripturis
1443 4547 1640 4602 divinis
1671 4548 2050 4614 nominantur;

565 4692 610 4763 ζει
648 4689 690 4743 11
720 4691 892 4763 Mach.
934 4707 1031 4750 vn.
1071 4693 1091 4746 Ι
1137 4708 1250 4763 seq.
1329 4693 1374 4725 ”
1408 4692 1541 4747 Dan-
1598 4707 1684 4762 Ill,
1728 4694 1798 4750 90
1846 4710 1968 4762 δραι.

490 4759 540 4792 ’⁸
565 4761 717 4816 Rern.
751 4762 878 4822 v.8.
954 4763 1000 4794 7’
1029 4759 1228 4818 Gaiatf
1255 4780 1314 4827 ιι,
1343 4764 1430 4818 15.
1509 4765 1554 4796 ⁸⁸
1580 4763 1618 4818 ll
1657 4759 1781 4819 Cor.
1807 4780 1856 4828 ν,
1883 4759 1972 4820 2ἰ.

492 4830 682 4887 Matth.
709 4849 823 4889 Vlll.
859 4834 944 4887 17.
1018 4833 1062 4864 ⁸⁵
1089 4833 1285 4903 Philip.
1325 4850 1384 4897 ιι,
1415 4833 1468 4888 6.
1543 4836 1590 4866 ⁸⁸
1623 4836 1638 4889 l
1668 4835 1794 4890 Cor.
1834 4851 1896 4900 ιι,
1933 4837 1986 4892 8.

565 4966 673 5039 (76)
708 4967 887 5030 Alias,
921 4981 1028 5039 pro
1054 4985 1072 5018 ι
1111 4968 1332 5021 audacia
1375 4987 1392 5019 ι
1447 4967 1648 5036 legitur
1706 4987 1724 5019 ι
1767 4965 1997 5033 ﬁducia;
2038 4985 2055 5017 ι

492 5037 624 5095 ει...
657 5036 781 5090 cum
816 5038 960 5089 omni
1005 5036 1193 5090 ﬁducia
1229 5047 1283 5090 et
1318 5039 1560 5090 audacia.
1597 5056 1614 5083 ι

563 5107 674 5178 (77)
715 5108 880 5168 Alias,
918 5125 936 5158 ι
970 5109 1057 5160 vix
1113 5109 1400 5178 toleratur.
1445 5108 1548 5178 vix?
1579 5107 1790 5160 subitur
1821 5107 1984 5160 etiam
2013 5105 2059 5158 si

485 5175 626 5246 jnsta
647 5175 738 5235 sit.
756 5187 807 5229 et
835 5178 1081 5230 humanm
1107 5177 1429 5231 conditionis
1453 5177 1552 5244 legi
1580 5178 1998 5229 condescendat.
2035 5194 2052 5226 ι

563 5247 674 5311 (78)
712 5247 884 5310 Editi,
926 5265 943 5297 ι
982 5246 1232 5318 Christus
1264 5262 1360 5318 pro
1391 5247 1548 5300 nobis
1582 5247 1881 5318 scentulum
1923 5255 2056 5298 tem-

493 5331 596 5384 pus
618 5327 862 5371 mortuus
891 5326 994 5370 cst.
1029 5336 1047 5368 ι
1083 5316 1187 5370 Sed
1212 5314 1401 5371 omnes
1427 5332 1556 5369 mss.
1587 5317 1751 5369 nostri
1777 5314 2053 5380 omittunt,

501 5403 520 5435 ι
557 5393 848 5438 secundum
887 5398 1117 5454 tempus.
1155 5387 1220 5438 »κ’

563 5454 674 5524 (79)
718 5457 876 5516 Editi,
913 5475 933 5506 ι
968 5450 1208 5521 nomina,
1249 5475 1268 5508 ι
1298 5454 1514 5516 deinde,
1555 5474 1574 5507 ι
1608 5450 1715 5508 Λιιι
1739 5457 1882 5509 enim
1909 5455 2061 5524 igno-

494 5538 620 5576 rans
659 5525 820 5578 Deum
845 5526 993 5592 quis,
1022 5535 1079 5579 et
1108 5526 1294 5579 volens
1325 5540 1570 5586 servare,
1611 5543 1630 5576 ι
1661 5534 1792 5584 etc..
1840 5526 2060 5579 OllliSSlS

493 5594 696 5655 verbis,
741 5609 760 5642 ι
817 5605 1004 5661 peccat
1052 5595 1105 5646 in
1155 5596 1428 5658 tenebris,
1458 5606 1514 5649 et
1556 5605 1782 5649 vocatur
1830 5597 2058 5664 impius;

493 5672 606 5716 aut.
642 5680 660 5710 ι

565 5730 674 5801 (80)
713 5730 803 5784 Sic
847 5745 1034 5785 omnes
1081 5747 1212 5788 mss.
1265 5745 1320 5786 ct
1379 5732 1654 5788 Rabauus.
1716 5732 1857 5788 Editi
1910 5749 2062 5802 vero,

2042 4697 2086 4727 ⁷⁸
2111 4695 2264 4748 Rom.
2309 4708 2358 4752 v,
2391 4692 2445 4750 8.
2487 4687 2544 4742 9.

2046 4767 2089 4797 ⁸⁸
2118 4762 2344 4818 Barucb.
2395 4777 2475 4823 ιιι,
2505 4761 2592 4823 5:5,
2639 4759 2728 4810 58.

2060 4837 2106 4867 ⁸⁸
2134 4833 2290 4887 Joan.
2330 4848 2440 4894 xvt,
2484 4831 2572 4882 11.

2166 4561 2270 4604 tein
2327 4549 2396 4604 de
2450 4547 2587 4601 coslo
2643 4547 2710 4598 ⁸⁷.
2753 4575 2824 4585 --
2874 4544 3036 4600 Multo
3069 4560 3234 4614 ergo,
3295 4547 3507 4615 inquit,
3563 4545 3705 4612 magis

2622 4689 2668 4718 ⁷⁸
2700 4687 2736 4740 ll
2769 4687 2892 4742 Cor.
2949 4702 3024 4747 ιιι,
3068 4685 3121 4739 6.
3196 4686 3241 4717 ⁷⁷
3267 4685 3407 4739 Psal.
3457 4702 3595 4748 χιιι,
3632 4683 3702 4736 l7.

2639 4759 2728 4810 58.
2804 4757 2849 4789 ⁸⁸
2871 4755 3025 4810 Joan.
3063 4771 3100 4819 ι,
3131 4755 3224 4812 29.
3300 4756 3348 4787 ⁸³
3366 4757 3492 4810 ISai.
3522 4756 3702 4820 LIII,“

2651 4829 2694 4860 ⁸⁷
2730 4827 2858 4882 Luc.
2888 4843 2939 4891 κ,
2967 4827 3054 4880 18.

2175 4983 2193 5016 ι
2251 4963 2606 5034 praedicatur,
2661 4972 2714 5016 et
2775 4970 3017 5016 mortuus
3079 4974 3199 5015 esse
3253 4961 3708 5016 commemoratur.

2170 5035 2490 5103 complestis
2523 5043 2626 5103 est,
2663 5053 2680 5084 ι
2723 5041 2828 5086 etc.
2857 5101 2864 5103 Α
2899 5101 2909 5103 _
3192 5099 3204 5103 _
3231 5099 3263 5103 _
3311 5100 3324 5103 _

2239 5096 2349 5174 (8'!)
2377 5102 2490 5158 Fit.
2526 5101 2752 5172 Deestin
2782 5101 2963 5167 editis,
2995 5108 3045 5154 et
3068 5099 3208 5170 apud
3231 5099 3526 5158 Rabanum.
3565 5096 3712 5148 Alias.

2174 5192 2191 5225 ι
2233 5185 2337 5227 est.
2374 5192 2392 5224 9

2239 5242 2349 5314 (8:!)
2394 5242 2550 5314 Deus.
2588 5239 2939 5314 Desideratur
2964 5239 3016 5291 in
3046 5248 3213 5314 antea
3236 5238 3416 5292 editis.

2245 5305 2356 5384 (83')
2401 5309 2500 5364 Ubi
2523 5311 2861 5384 adhibuimus
2881 5319 3022 5384 etum
3059 5325 3174 5377 qua!
3199 5311 3253 5360 in
3282 5308 3605 5384 severioribus
3633 5305 3705 5354 Iti-

2164 5375 2349 5438 storiis'
2390 5383 2644 5439 feruntur.
2703 5381 2837 5434 Vide
2909 5375 3104 5432 librum
3173 5395 3188 5431 ι
3252 5391 3433 5431 contra
3483 5375 3702 5431 Celsum,

2167 5469 2314 5506 num.
2383 5453 2471 5512 3|,
2534 5461 2588 5505 et
2656 5461 2786 5503 tom.
2841 5466 2891 5502 γι
2976 5448 3266 5522 Comment:
3343 5449 3397 5500 in
3473 5444 3702 5522 Joannﬂu

2167 5522 2425 5586 num.56,
2460 5510 2519 5575 et
2550 5531 2681 5575 tom.
2712 5537 2878 5576 χιι-ιιι
2919 5520 3082 5572 ctiam
3129 5520 3182 5570 in
3229 5515 3412 5588 domn,
3446 5529 3591 5588 Anum.
3625 5510 3696 5588 l5.

2242 5593 2352 5663 (84)
2390 5593 2501 5645 Dei.
2540 5591 2696 5646 Deest
2727 5595 2779 5643 ιιι
2815 5588 2968 5643 libris
2999 5598 3161 5642 antea
3182 5587 3344 5642 editis
3367 5598 3418 5642 et
3443 5586 3489 5639 in
3524 5586 3696 5652 pterts~

2170 5677 2273 5731 que
2308 5679 2428 5721 mss.

2245 5731 2355 5800 (83)
2390 5729 2558 5798 Alius,
2598 5754 2618 5787 ι
2655 5747 2719 5788 ne.
2741 5727 2963 5798 sanguis
2987 5726 3099 5796 ille,
3138 5745 3158 5780 ι
3197 5737 3302 5785 etc.
