3914 6352
125 265 278 319 ιυοι

1103 266 1461 325 COMMENT.
1496 262 1564 319 \N
1605 243 1827 318 ertST.
1872 265 1961 318 an
2003 266 2166 320 uou.
2209 261 2338 324 ue:
2380 262 2466 318 tv.

3287 269 3421 322 ltiti!

111 385 438 453 justitieati
469 403 611 443 nunc
640 391 692 444 itt
743 391 1008 457 sanguine
1042 391 1159 462 ejus
1181 433 1193 454 ,
1242 391 1375 444 salvi
1421 392 1626 445 erimus
1674 389 1742 443 ah
1775 394 1821 449 Α
1854 397 2098 441 nostrum
2133 385 2315 442 Jesum
2351 384 2626 440 Christum
2655 424 2667 446 ,
2696 399 2792 453 per
2837 399 2993 454 quem
3037 401 3182 442 nunc
3236 403 3426 442 recon-

121 474 215 524 it'a
261 491 373 542 per
415 480 588 546 ipsum
617 479 683 534 ".
732 499 748 532 ι
805 479 863 534 Itt
902 484 1274 550 superioribus
1308 484 1530 553 quidem
1587 484 1740 536 dive-

126 577 225 620 rat
269 585 285 622 :
331 588 349 620 ι
392 569 680 627 Justilicati
715 574 882 642 igitur
917 592 980 629 ex
1043 575 1183 643 fide,
1225 593 1414 647 pacem
1449 577 1746 635 habeamus

123 659 418 714 :ullieum
447 660 536 728 ”;
574 683 592 715 ι
633 675 684 716 et
717 683 858 719 nunc
900 669 1034 721 dicit
1072 687 1086 722 :
1125 688 1143 720 ι
1188 669 1350 725 ΜιιΙιο
1383 673 1556 744 magis
1599 687 1744 727 nunc

116 747 443 813 juStiﬂcati
478 755 528 806 iit
571 757 838 821 sanguine
876 757 1068 828 ipsius,
1119 761 1252 814 salvi
1305 765 1512 818 erimus
1545 766 1612 817 ab
1662 766 1741 818 ira

123 855 237 908 per
269 841 454 908 ipsum
487 846 556 899 ’°.
598 865 618 897 ι
659 847 732 901 Ex
770 865 878 918 quo
918 853 1182 917 ostendit,
1214 855 1356 922 quod
1403 871 1575 924 neque
1609 857 1744 912 fides

131 944 342 984 nosmt
378 934 497 988 sine
529 935 732 991 Christi
765 941 1053 1010 sanguine,
1081 959 1257 1012 neque
1289 947 1510 1013 sanguis
1534 946 1740 1002 Christi

134 1038 249 1074 nos
282 1024 410 1078 sine
440 1025 544 1081 fide
589 1039 772 1082 nostra
819 1031 1084 1096 justifieat
1116 1051 1129 1098 ;
1163 1051 1224 1088 ex
1281 1045 1512 1104 utroque
1540 1048 1740 1097 tamen

133 1115 326 1169 multo
374 1119 550 1186 magis
583 1123 806 1189 sanguis
835 1124 1037 1179 Christi
1085 1144 1182 1180 nos
1211 1127 1324 1200 (86)
1347 1171 1361 1195 ,
1393 1146 1554 1200 quam
1608 1133 1740 1187 fides

129 1219 345 1264 nostra
391 1210 678 1278 justificat.
720 1215 781 1268 Et
817 1217 936 1269 ideo
967 1218 1094 1272 tttilti
1139 1221 1369 1286 videtur,
1405 1240 1524 1278 cum
1557 1227 1608 1278 in
1651 1243 1741 1281 su-

131 1301 471 1370 perioribus
527 1306 850 1376 simpliciter
895 1311 1126 1377 dixerit,
1186 1313 1346 1386 5&2
1402 1335 1420 1368 ι
1453 1316 1736 1385 iustificati

129 1409 208 1448 ex
253 1396 362 1448 litle
383 1398 454 1453 ".
495 1417 512 1448 ο
545 1399 631 1452 itic
660 1400 950 1465 addidisse,
990 1421 1009 1454 ι
1047 1406 1218 1459 ιιιυΙιυ
1247 1408 1422 1474 magis
1443 1427 1574 1481 ergo
1595 1429 1739 1468 nuttc

123 1485 434 1554 jnstilicati
477 1489 530 1542 itt
581 1492 844 1561 sanguine
883 1494 1004 1564 ejus
1024 1495 1092 1560 ",
1137 1516 1154 1547 ο
1201 1509 1258 1550 ιιι
1307 1501 1560 1565 doceret,
1596 1503 1738 1572 quod

131 1577 216 1632 ab
259 1580 342 1634 ira
400 1590 630 1636 ventura
682 1583 846 1637 etiam
888 1585 932 1638 si
981 1585 1115 1642 fides
1167 1600 1351 1646 nostra
1408 1609 1507 1648 uos
1541 1596 1735 1664 salvet,

129 1673 372 1727 etiamsi
422 1690 589 1744 opera
627 1673 893 1744 justitize,
942 1695 1108 1750 super
1156 1685 1268 1738 haec
1329 1694 1505 1740 tamen
1554 1691 1735 1742 omnia

1849 479 2182 536 ciliatiouem
2211 479 2523 548 accepimus
2546 479 2611 532 ".
2653 497 2670 530 ι
2717 479 2868 545 Quod
2895 481 3063 545 dicit,
3109 500 3127 532 ι
3159 497 3284 535 cum
3320 483 3423 534 iui-

1851 569 1972 624 mici
2012 583 2274 634 essemus,
2305 570 2635 625 reconciliati
2662 585 2849 626 sumus
2879 569 2986 626 Deo
3013 613 3029 638 ,
3075 591 3094 624 ι
3141 573 3426 629 evidenter

1847 664 2087 718 ostendit
2130 679 2233 717 nou
2288 678 2412 718 esse
2457 664 2696 734 aliquam
2749 663 3107 719 substantiam
3134 705 3150 727 ,
3179 680 3298 733 quze
3335 682 3420 720 sc.-

1846 757 2082 808 cunilum
2119 756 2490 811 definitionem
2525 757 2815 810 Marcionis
2841 759 2922 811 vel
2953 756 3224 822 Valentini
3261 769 3418 811 uatu—

1850 845 2038 899 raliter
2071 845 2289 898 inimica
2321 847 2389 898 sil
2422 845 2530 900 Deo
2561 863 2574 899 :
2611 845 2849 917 alioquin
2885 847 2928 901 si
2961 849 3105 918 quod
3141 849 3420 903 inimicum

1844 945 1948 998 est,
1983 946 2191 989 natura:
2211 947 2358 990 esset
2385 947 2437 991 et
2483 953 2587 990 non
2645 938 2964 1001 voluntatis,
3018 939 3419 993 reconciliatio-

1846 1044 1966 1082 nem
2001 1030 2191 1098 utique
2219 1044 2324 1082 non
2355 1029 2579 1082 haberet
2608 1029 2742 1096 (90).
2771 1028 2869 1083 lilii
2905 1040 3086 1084 autem
3105 1047 3174 1085 ex
3203 1032 3424 1085 inimico

1847 1121 1968 1192 quis
2005 1123 2212 1176 amicus
2255 1120 2519 1187 efficitur,
2570 1133 2780 1176 certum
2835 1132 2918 1176 est
2981 1124 3123 1190 quod
3179 1124 3307 1176 dum
3357 1139 3419 1177 ca

1841 1225 2009 1280 Opera
2045 1212 2156 1280 agit
2185 1227 2306 1281 qua-
2339 1226 2444 1264 nou
2487 1222 2631 1264 amat
2665 1211 2805 1264 Deus
2830 1253 2843 1273 ,
2886 1213 3139 1266 inimicus
3170 1224 3256 1268 est
3301 1213 3418 1278 Dei,

1841 1309 1895 1354 et
1932 1301 2304 1368 unusquisque
2336 1309 2444 1353 tam
2491 1299 2670 1366 gravis
2712 1310 2765 1352 et
2799 1311 2904 1352 tam
2957 1302 3175 1356 odibilis
3235 1304 3417 1356 inimi-

1842 1401 1940 1440 cus
1955 1385 2152 1442 officitu
2165 1404 2208 1448 r.
2227 1403 2385 1454 quant
2409 1386 2521 1457 (91)
2542 1388 2978 1456 multiplicaverit
2994 1405 3156 1458 opera
3186 1392 3420 1446 inimici--

1845 1479 1936 1533 tiis
1972 1480 2159 1547 digna.
2197 1479 2335 1532 Sunt
2372 1493 2505 1548 ergo
2539 1495 2807 1532 mensurae
2854 1493 2905 1533 et
2951 1484 3146 1550 gradus
3193 1484 3415 1552 quidam

1841 1571 1896 1625 lit
1929 1570 2013 1624 his
2039 1577 2386 1639 peccatorqu
2415 1571 2676 1637 qualitate
2706 1572 2786 1624 vel
2817 1573 3121 1640 quantitate
3151 1575 3417 1636 distincti.

1841 1663 1933 1732 qui
1965 1662 2170 1716 inimici
2199 1670 2327 1716 sunt
2357 1662 2485 1714 Deo.
2527 1661 2680 1715 Unde
2702 1670 2752 1715 et
2786 1663 2874 1716 ille
2899 1664 2990 1731 qui
3034 1679 3197 1734 supra
3227 1681 3418 1721 omnes

134 1766 326 1820 multo
384 1768 559 1838 magis
601 1771 825 1840 sanguis
871 1772 1070 1827 Christi
1124 1775 1305 1831 salvos
1333 1793 1434 1832 nos
1471 1778 1633 1834 faciat
1667 1782 1729 1832 ah

1842 1753 2120 1821 peccavit,
2175 1764 2202 1803 a
2256 1749 2425 1805 Paulo
2473 1752 2698 1806 ultimus
2739 1753 2992 1810 inimicus
3053 1757 3419 1814 destruendus

142 1857 234 1910 ira
270 1869 527 1914 ventura.
558 1858 640 1914 ira
671 1878 802 1917 vero
827 1864 919 1919 Dei
948 1870 1218 1935 quomodo
1247 1868 1475 1940 intelligi
1513 1871 1732 1935 debeat,

137 1951 202 2004 in
231 1953 466 2007 secundi
495 1968 524 2005 a
559 1956 717 2012 nobis
749 1959 943 2027 psalmi
997 1960 1342 2027 expositione
1396 1962 1606 2031 plenius
1645 1964 1734 2017 di-

139 2053 298 2094 ctum
337 2056 439 2110 est,
473 2056 525 2101 et
548 2051 818 2115 quomodo
850 2053 1022 2120 possit
1057 2052 1268 2119 impleri
1301 2055 1442 2122 quod
1473 2057 1733 2124 scriptum

139 2145 252 2196 est,
294 2146 352 2188 ut
386 2137 519 2192 salvi
552 2139 850 2196 efficiamur
885 2142 1153 2214 fugientes
1183 2144 1251 2198 ab
1281 2145 1358 2200 ira
1401 2159 1649 2211 ventura,
1682 2162 1736 2203 et

145 2227 289 2279 iram
326 2231 540 2296 quidem
586 2233 854 2301 fugientes
901 2237 970 2289 ita
1005 2246 1058 2290 ιιι
1093 2254 1198 2292 non
1250 2253 1346 2292 nos
1376 2242 1736 2308 comprehcn-

147 2317 273 2378 tiat,
305 2329 576 2374 sectantes
605 2339 732 2376 vero
760 2325 1050 2391 justitiam,
1081 2327 1334 2395 pietatem
1355 2368 1369 2387 .
1397 2329 1582 2395 fidem,
1608 2332 1736 2384 cita-

147 2410 374 2462 ritatem
397 2452 412 2474 ,
441 2415 757 2481 patientiam
778 2457 790 2475 .
828 2417 1298 2471 mansuetudinem
1327 2419 1392 2480 ”,
1439 2431 1491 2474 et
1538 2434 1732 2476 (uetera

152 2501 240 2554 Itis
274 2503 498 2558 similia.
543 2505 622 2558 Ira
657 2508 841 2573 itaque
870 2517 955 2562 est
981 2507 1115 2577 (87).
1159 2510 1245 2564 cui
1284 2511 1517 2564 traditur
1561 2529 1735 2567 unus-

151 2593 392 2660 quisque
426 2611 523 2662 pro
553 2613 804 2651 mensura
853 2608 907 2652 et
939 2600 1136 2654 merito
1189 2612 1572 2669 peccatorum,
1629 2605 1736 2661 Deo

152 2689 338 2736 tamen
363 2725 380 2750 ,
413 2687 714 2741 secundum
743 2691 887 2758 quod
922 2693 1185 2761 scriptum
1217 2703 1304 2748 est
1351 2693 1404 2747 in
1452 2704 1736 2766 septuage-

150 2775 295 2828 simo
327 2777 562 2843 septimo
594 2779 803 2844 psalmo
824 2820 839 2843 ,
866 2795 971 2835 non
996 2784 1327 2837 accendente
1351 2800 1566 2838 omnem
1598 2789 1732 2842 iram

151 2878 331 2921 suam.
373 2865 509 2930 Quis
555 2867 701 2920 enim
753 2869 984 2925 sufferre
1037 2883 1218 2939 posset
1268 2874 1311 2927 si
1345 2889 1560 2928 onmem
1599 2879 1732 2932 iram

153 2953 442 3007 adversum
498 2967 813 3026 peccatores
865 2963 1188 3018 accenderet
1253 2965 1550 3030 Dominus,
1609 2984 1730 3022 cum

156 3054 262 3095 tant
298 3044 409 3116 (88)
442 3049 686 3103 terribile
733 3050 802 3103 sit
846 3051 974 3105 illud
1019 3055 1162 3122 quod
1211 3054 1262 3108 iu
1293 3058 1508 3111 cantico
1562 3055 1726 3128 Moysi
1755 3088 1798 3147 ο

155 3139 569 3201 pronuntiatur,
600 3142 688 3194 ubi
725 3141 857 3196 dicit
892 3158 908 3197 :
937 3144 1072 3210 Quia
1110 3163 1129 3196 ι
1171 3146 1311 3216 ignis
1341 3162 1606 3202 accensus
1645 3161 1729 3204 est

159 3223 214 3277 in
240 3226 418 3280 furore
449 3246 567 3284 meo
591 3271 605 3295 ,
636 3242 689 3287 et
718 3233 929 3290 ardebit
962 3250 1132 3308 usque
1158 3239 1224 3291 ad
1273 3237 1547 3293 infernum
1583 3240 1726 3297 infe-

159 3320 352 3373 riorem
382 3339 398 3376 :
433 3324 681 3377 comedet
727 3335 927 3379 terram
976 3337 1031 3380 et
1089 3332 1370 3383 nascentia
1423 3331 1560 3399 ejus.
1595 3347 1727 3386 con-

156 3409 402 3482 lagrabit
447 3413 796 3470 fundamenta
850 3420 1112 3472 montium
1145 3420 1234 3473 “?
1275 3439 1293 3472 ι
1345 3421 1557 3477 intuere
1599 3439 1729 3495 ergo

157 3506 280 3572 quia
308 3506 444 3574 ignis
474 3507 576 3562 iste
607 3511 699 3576 qui
746 3511 812 3564 de
845 3511 924 3565 ira
955 3513 1038 3567 vel
1070 3514 1136 3568 de
1160 3512 1341 3568 furore
1385 3515 1598 3570 Domini
1637 3533 1731 3571 ac-

157 3597 438 3656 cenditur.
473 3607 672 3651 terram
703 3609 757 3652 et
806 3599 1074 3656 infernum
1117 3602 1428 3658 inferiorem
1469 3605 1725 3669 comedit,

159 3696 214 3738 et
241 3703 399 3754 opera
456 3697 669 3746 terrena
726 3693 993 3746 consumit
1032 3712 1045 3746 :
1081 3693 1378 3763 conflagrat
1426 3694 1589 3748 etiam
1623 3712 1726 3748 nou

160 3781 372 3834 excelsa
451 3784 748 3848 montium,
806 3787 901 3838 sed
947 3785 1330 3840 lttudatuenta.
1382 3786 1433 3838 id
1476 3797 1558 3840 est
1621 3802 1726 3839 non

162 3873 414 3928 sublimes
445 3875 674 3939 animas,
712 3891 887 3944 neque
922 3876 1177 3930 etclestes
1202 3889 1415 3938 sensus,
1449 3878 1544 3930 sed
1576 3877 1726 3930 humi

165 3974 318 4034 atque
360 3966 412 4018 in
445 3976 646 4020 terram
682 3968 920 4035 dejectos
945 4009 960 4031 ,
1003 3968 1084 4020 vel
1117 3967 1285 4021 etiam
1317 3969 1366 4020 in
1402 3967 1724 4035 profundum

167 4066 346 4119 terrae,
394 4065 450 4110 ιιι
497 4066 619 4111 sunt
655 4058 918 4110 montium
977 4055 1369 4122 fundamenta,
1421 4059 1720 4111 demersos.

167 4144 439 4200 Paululum
484 4163 618 4216 ergo
649 4150 816 4202 etiam
874 4149 939 4202 de
970 4150 1049 4203 ira
1074 4149 1186 4219 (89)
1215 4150 1458 4218 oportuit
1506 4149 1722 4214 disseri,

167 4249 219 4290 ut
250 4242 482 4308 apertius
536 4251 852 4295 nosceretur
891 4259 918 4293 ει
958 4241 1156 4309 quibus
1208 4256 1306 4295 ttos
1342 4239 1498 4295 malis
1524 4241 1722 4296 Christi

169 4334 373 4399 sanguis
401 4333 620 4402 eripuit.

1838 1857 1958 1898 esse
1985 1847 2319 1897 memoratur
2341 1842 2409 1896 ".
2437 1841 2601 1897 Versa
2625 1852 2803 1897 autem
2824 1846 2942 1900 vice
2963 1855 3019 1901 et
3039 1849 3229 1904 ordine
3252 1852 3414 1902 etiam

1837 1951 1933 1992 eos
1959 1935 2054 2004 qui
2089 1934 2426 1990 reconciliati
2464 1947 2589 1991 sunt
2621 1952 2720 2006 per
2765 1949 2996 1993 mortem
3025 1939 3145 1996 Filii
3174 1943 3291 2012 ejus
3312 1985 3327 2008 ,
3358 1943 3415 1996 in

1839 2030 2033 2084 amicis
2065 2026 2176 2097 (92)
2207 2027 2393 2082 haberi
2419 2038 2626 2084 certmn
2659 2041 2742 2084 est
2774 2047 2789 2084 :
2821 2041 2876 2086 et
2914 2048 3039 2088 esse
3067 2033 3304 2104 aliquem
3340 2035 3413 2088 ita

1839 2127 2101 2191 amicum,
2133 2126 2279 2181 sicut
2303 2122 2517 2194 Moyses
2549 2125 2758 2178 amicus
2783 2125 2874 2179 Dei
2899 2127 3196 2197 appellatus
3223 2129 3412 2182 est":

1837 2233 1963 2271 esse
1993 2233 2210 2287 quoque
2237 2217 2374 2270 alios
2396 2215 2594 2282 quibus
2627 2215 2738 2286 (9'5)
2763 2218 2889 2270 dicit
2916 2219 3168 2274 Salvator
3199 2237 3213 2273 :
3249 2239 3268 2272 ι
3295 2219 3413 2274 .1;ιιιι

1839 2325 1943 2364 non
1973 2308 2150 2362 dicam
2176 2321 2270 2362 vos
2295 2321 2483 2362 servos
2503 2347 2518 2371 ,
2547 2309 2640 2361 sed
2688 2310 2895 2363 amicos
2919 2307 2988 2364 ’⁸.
3035 2327 3054 2361 ι
3091 2310 3266 2365 Credo
3319 2328 3417 2364 au-

1841 2409 1946 2454 tem
1977 2415 2098 2454 esse
2122 2401 2296 2454 adhue
2319 2402 2491 2470 magis
2515 2398 2810 2454 familiares
2839 2400 3050 2469 aliquos
3074 2402 3126 2454 in
3161 2403 3410 2457 coelesti-

1838 2493 1938 2546 bus
1966 2494 2171 2548 amicos
2197 2497 2336 2564 apud
2372 2483 2559 2555 Deum,
2595 2492 2680 2546 vel
2707 2493 2826 2545 illos
2849 2493 2938 2561 qui
2975 2507 3191 2562 semper
3231 2495 3417 2548 vident

1837 2582 2034 2639 faciem
2071 2586 2204 2650 Dei,
2238 2590 2321 2641 vel
2363 2602 2460 2642 eos
2512 2586 2601 2654 qui
2654 2601 2868 2654 semper
2922 2583 3140 2641 adstant
3192 2587 3244 2640 in
3283 2601 3417 2642 con-

1839 2688 2023 2747 spectu
2078 2680 2344 2734 Altissimi
2401 2696 2416 2733 :
2472 2689 2527 2732 ut
2597 2676 2738 2732 sicut
2797 2693 2960 2746 supra
3016 2680 3254 2736 diximus
3295 2693 3416 2736 esse

1835 2770 2126 2839 quemdam
2171 2773 2524 2826 novissimum
2579 2769 2885 2835 inimicum,
2945 2772 3019 2825 ita
3073 2782 3127 2826 et
3183 2772 3254 2825 ibi
3316 2788 3415 2841 pro

1837 2863 2097 2916 virtutum
2145 2865 2359 2919 meritis
2411 2863 2713 2920 habeantur
2761 2863 2924 2933 aliqui
2971 2863 3169 2918 summi
3228 2865 3411 2919 antici.

1835 2952 1967 3007 Cum
2005 2970 2132 3023 ergo
2164 2955 2278 3010 haec
2311 2958 2381 3010 ita
2415 2957 2548 3014 sint.
2583 2959 2764 3010 nescio
2791 2957 2835 3012 si
2871 2954 2918 3010 is
2951 2955 3042 3024 qui
3081 2949 3257 3009 adhuc
3293 2971 3413 3025 per-

1837 3055 2019 3098 manet
2067 3045 2118 3097 iu
2159 3046 2245 3100 ltis
2292 3049 2546 3116 operibus
2577 3048 2688 3118 (94)
2743 3061 2862 3118 quae
2895 3048 3010 3102 odit
3047 3048 3188 3100 Deus
3229 3057 3282 3101 et
3315 3063 3413 3115 pro

1831 3137 2031 3208 quibus
2068 3138 2369 3194 inimicitiae
2404 3150 2528 3193 sunt
2558 3140 2698 3194 ittter
2731 3141 2895 3194 Deum
2925 3149 2977 3194 et
3007 3140 3287 3205 homines,
3327 3156 3414 3196 re-

1831 3230 2155 3283 conciliatus
2185 3245 2306 3284 esse
2338 3233 2444 3285 Deo
2481 3248 2578 3301 per
2601 3233 2923 3302 sanguinem
2973 3232 3174 3288 Christi
3213 3236 3410 3288 merito

1831 3321 2063 3376 dicatur.
2103 3321 2383 3388 Quomodo
2409 3325 2554 3378 enim
2591 3325 2975 3380 reconciliatus
3009 3335 3124 3388 est,
3171 3329 3260 3394 qui
3290 3340 3412 3396 qua:

1831 3412 2036 3468 inimici
2075 3425 2199 3468 sunt
2227 3417 2365 3485 gerit
2402 3414 2512 3488 (95)
2541 3416 2568 3469 τ
2612 3415 2814 3471 Paulus
2851 3430 2981 3484 ergo
3033 3418 3229 3472 merito
3258 3419 3326 3473 de
3352 3434 3411 3473 sv:

1833 3515 1886 3560 et
1915 3506 2016 3559 sibi
2047 3507 2316 3562 similibus
2347 3508 2496 3573 dicit,
2527 3509 2656 3577 quia
2699 3528 2717 3559 ι
2754 3525 2876 3563 cum
2904 3509 3110 3564 inimici
3139 3523 3406 3577 essemus,

1831 3601 2164 3656 reconciliati
2200 3615 2387 3654 sumus
2425 3617 2522 3669 per
2565 3615 2792 3655 mortem
2824 3601 2944 3656 Filii
2984 3604 3124 3672 ejus.
3167 3622 3184 3654 ι
3235 3603 3410 3658 Cran-

1830 3690 1912 3744 dis
1946 3691 2122 3759 pudor
2141 3699 2260 3751 est.
2287 3691 2378 3743 tibi
2409 3691 2535 3746 talis
2569 3691 2938 3746 reconciliatio
2976 3691 3118 3748 facta
3167 3703 3284 3755 est.
3316 3693 3405 3749 ubi

1831 3781 2146 3835 inimicitias
2186 3782 2334 3836 inter
2361 3782 2527 3836 Deum
2555 3792 2608 3836 et
2643 3783 2892 3837 homines
2926 3799 3034 3838 non
3068 3799 3248 3839 sermo
3281 3802 3409 3856 pec-

1828 3872 2069 3938 catoris,
2102 3874 2195 3927 sed
2231 3874 2453 3944 sanguis
2484 3873 2864 3929 intercessoris
2896 3874 3161 3939 absolvit,
3207 3878 3404 3932 iterum

1832 3981 1930 4018 nos
1964 3967 2210 4019 converti
2256 3965 2322 4018 ad
2362 3964 2712 4028 inimicitias.
2749 3975 2803 4019 et
2833 3981 2994 4036 agere
3026 3981 3090 4020 ea
3121 3981 3240 4035 quae
3291 3970 3408 4022 odit

1831 4055 1940 4117 ille,
1988 4069 2152 4125 quem
2202 4054 2358 4109 nobis
2405 4056 2506 4109 nisi
2541 4056 2654 4126 (96)
2697 4054 2889 4111 effusio
2933 4059 3210 4127 sanguinis
3260 4065 3402 4113 sacri

1830 4145 2279 4201 reconciliaverat
2333 4162 2513 4202 nemo.
2575 4147 2797 4203 Plenius
2859 4158 3039 4204 autem
3095 4152 3261 4204 etiam
3332 4154 3400 4206 al

1829 4237 2096 4306 Ephesios
2147 4237 2261 4308 ipse
2289 4237 2490 4293 Paulus
2525 4240 2771 4295 scribens
2821 4239 2890 4295 de
2923 4242 3135 4295 ratione
3165 4244 3407 4296 reconci-

1829 4329 2074 4384 liationis
2099 4339 2152 4382 et
2189 4330 2486 4384 iuimicitim
2510 4329 2648 4402 (97),
2687 4345 2750 4385 ac
2779 4329 3090 4400 profusione
3124 4332 3404 4401 sanguinis

234 4420 313 4477 t2.
353 4440 373 4473 ι
405 4421 464 4476 Si
501 4424 647 4478 enim
676 4437 798 4478 cum
831 4421 1034 4478 inimici
1077 4438 1350 4484 essemus,
1387 4422 1720 4478 reconciliati
1758 4440 1798 4494 ι)
1829 4421 2028 4476 Chi-isti
2054 4434 2448 4478 commemorat
2481 4439 2495 4475 :
2532 4435 2654 4492 quae
2677 4422 2719 4476 si
2745 4424 2830 4476 his
2853 4423 3164 4493 iungamus,
3192 4425 3402 4494 aperire

171 4531 338 4569 sumus
367 4513 474 4569 Deo
504 4531 601 4586 per
635 4525 864 4571 mortem
895 4515 1014 4570 Filii
1057 4517 1195 4585 ejus,
1229 4515 1398 4571 multo
1429 4517 1598 4588 magis
1633 4529 1719 4571 re-

169 4607 455 4669 conciliati,
489 4607 623 4662 salvi
669 4609 878 4664 erimus
919 4609 970 4662 iit
1017 4609 1124 4662 vita
1154 4609 1343 4676 ipsius.
1380 4607 1496 4664 Non
1546 4609 1719 4663 solum

169 4709 352 4764 autem,
406 4701 501 4754 sed
557 4709 614 4754 et
675 4700 973 4771 gloriamur
1029 4699 1085 4754 iit
1137 4699 1246 4754 Deo
1293 4715 1387 4768 per
1435 4700 1718 4754 Dominum

233 4840 275 4873 ⁸⁸
304 4839 452 4894 Rom.
495 4855 546 4902 ν,
571 4840 625 4896 9.
703 4839 748 4870 "
782 4839 909 4892 ibid.
939 4839 990 4894 Ι.
1089 4840 1135 4870 ’⁸
1170 4839 1301 4893 ibid.
1333 4839 1388 4892 9.

169 4911 211 4943 "
235 4910 379 4964 Ilotu.
407 4926 456 4976 ν,
485 4912 570 4976 10,
597 4913 682 4965 ll.

235 5025 337 5092 (86)
379 5023 514 5080 Nos.
557 5024 613 5078 In
649 5025 809 5079 editis
841 5023 1206 5079 desideratur.

235 5095 337 5166 (87)
377 5097 560 5161 Editi,
604 5113 621 5144 ι
658 5095 761 5150 Ista
796 5099 994 5164 itaque.
1043 5113 1061 5146 ι
1103 5093 1202 5147 Ms.
1232 5107 1370 5147 unus
1394 5132 1409 5157 ,
1446 5112 1464 5144 ι
1503 5092 1581 5145 Ira
1619 5093 1720 5146 titi-

208 5181 279 5218 ue.
321 5185 337 5216 ι

169 5180 337 5302 quibs;
376 5233 526 5288 Tam.
555 5235 713 5288 Deest
745 5233 797 5288 in
828 5233 1014 5289 editis.

235 5304 335 5382 ltili)
365 5303 489 5382 ira.
519 5304 685 5382 E‘diti,
729 5322 747 5354 ι
783 5317 1003 5382 ωτι-3,)
1036 5303 1194 5358 male.
1476 5374 1524 5382 __
1571 5374 1583 5382 ι
1649 5371 1660 5382 .
1702 5369 1714 5382 _

235 5371 334 5442 (90)
363 5374 456 5428 Sic
481 5376 611 5430 editi
637 5385 688 5426 et
722 5390 850 5429 mss.
881 5375 1138 5428 Rahattus
1163 5389 1312 5437 vero,
1347 5393 1365 5425 ι
1398 5374 1489 5441 qui
1513 5371 1716 5426 inimici

172 5455 283 5496 sunt
313 5445 435 5505 Deo.
465 5445 965 5499 reconciliationem
998 5448 1183 5512 utique
1222 5462 1327 5498 uou
1366 5445 1648 5500 baberent.
1693 5458 1712 5491 ο

254 5513 330 5585 9i)
374 5516 512 5568 Editi
549 5533 568 5565 ι
611 5524 890 5582 quantum,
931 5533 950 5565 ο
988 5516 1146 5585 male.

254 5516 330 5585 9|)
374 5516 512 5568 Editi
549 5533 568 5565 ι
611 5524 890 5582 quantum,
931 5533 950 5565 ο
988 5516 1146 5566 male.

235 5516 334 5652 ξω)
375 5587 464 5638 Sic
495 5599 685 5638 omnes
719 5600 846 5638 mss.
891 5584 1084 5638 nostri.
1142 5583 1465 5637 Salodiattus
1508 5599 1634 5637 vero
1666 5593 1719 5637 et

178 5649 428 5714 Ilerliuus,
467 5671 487 5706 ι
518 5655 788 5718 inimicos,
830 5673 847 5705 ι
885 5653 1293 5719 Geuebrardus,
1328 5671 1345 5706 ι
1382 5653 1602 5708 amicos.
1650 5673 1668 5704 ι

237 5723 332 5792 (93)
375 5723 540 5786 Editi,
582 5742 601 5774 ι
632 5725 698 5778 de
724 5725 937 5791 quibus.
969 5743 999 5798 γ

465 5823 737 5882 Patitor.
778 5825 872 5882 (in
927 5809 1094 5890 XIV.

782 4839 909 4892 ihid.
939 4839 990 4894 Ι.
1089 4840 1135 4870 ὀ
1170 4839 1301 4893 iltid.
1333 4839 1388 4892 9.
1489 4841 1529 4872 "
1557 4839 1684 4894 ibid.
1729 4841 1782 4893 1.
1888 4839 1934 4870 ’⁸
1961 4839 2090 4891 iltid.
2141 4839 2197 4890 9.
2287 4839 2376 4890 "l
2404 4839 2544 4890 Tim.
2567 4852 2643 4899 Vl,
2677 4839 2762 4892 ll.
2839 4839 2884 4870 ”
2913 4839 3068 4892 Deut.
3100 4853 3161 4893 χι

759 4912 804 4942 ⁹⁶
835 4910 1003 4964 lCor.
1032 4925 1119 4973 xv,
1151 4910 1242 4965 9.6.
1315 4910 1361 4941 "
1399 4908 1567 4964 Exod.
1609 4925 1804 4976 χχχιιι,
1834 4910 1917 4964 ll.
1990 4907 2039 4938 ”
2064 4905 2222 4963 Joan.
2246 4922 2335 4972 xv,
2370 4906 2458 4962 15.
2531 4905 2578 4938 ³⁸
2605 4905 2802 4976 Epltes.
2829 4922 2888 4974 tt,
2922 4909 3011 4974 li,
3046 4925 3161 4979 seq.

1828 4511 2003 4567 locum
2033 4517 2315 4585 pra'sentis
2338 4514 2564 4582 capituli
2601 4512 2816 4567 facilius
2861 4521 3104 4582 possunt.
3145 4515 3236 4568 Ait
3269 4523 3401 4586 ergo

1831 4605 1901 4659 ita
1935 4606 1984 4638 ”
2021 4624 2034 4660 :
2076 4626 2094 4658 ι
2130 4607 2360 4676 Propter
2388 4607 2530 4674 quod
2568 4615 2835 4659 memeres
2864 4605 2992 4660 estis
3018 4603 3128 4677 (98)
3161 4619 3274 4673 vos,
3309 4611 3395 4677 qui

1831 4699 2124 4769 aliquando
2163 4709 2352 4768 gentes
2407 4699 2458 4751 iu
2492 4711 2656 4752 carne
2691 4697 3018 4752 dicebamiui
3077 4703 3398 4768 praeputium

1888 4838 1934 4870 "
1961 4837 2090 4891 iltid.
2141 4835 2197 4890 9.
2287 4836 2376 4890 "l
2404 4835 2544 4890 Tim.
2567 4852 2643 4899 νι,
2677 4836 2762 4892 Η.
2839 4837 2884 4870 ⁸⁸
2913 4835 3068 4892 Deut.
3100 4853 3271 4904 mm,
3305 4840 3395 4896 ‘22.

1899 5021 2012 5091 (94)
2054 5019 2217 5082 Editi,
2253 5037 2276 5072 ι
2302 5021 2479 5075 adhuc
2501 5019 2554 5074 in
2583 5018 2667 5091 his
2690 5019 2948 5086 operibus
2967 5030 3070 5084 est,
3104 5039 3124 5072 ι
3151 5031 3260 5077 etc.
3291 5019 3397 5077 Sed

1830 5112 1850 5144 ι
1893 5089 2038 5146 εει»
2076 5091 2229 5144 deest
2265 5093 2314 5143 in
2344 5093 2581 5145 editione
2608 5089 2841 5146 Merlini.

1899 5161 2011 5232 (95)
2047 5162 2180 5227 Qua
2214 5161 2415 5215 inimici
2441 5169 2562 5214 suat
2608 5161 2762 5228 gerit.
2809 5159 3068 5232 Merlinus
3097 5167 3173 5232 et
3223 5157 3399 5214 Getae-

1829 5229 2060 5312 lira-nius
2089 5247 2372 5301 perperam
2402 5232 2598 5286 habent.
2637 5245 2655 5280 t
2697 5241 2920 5284 causam
2955 5229 3164 5282 inimici
3208 5243 3392 5284 secum

2024 5322 2294 5427 ’liabauus
2313 5372 2474 5427 habet
2503 5390 2522 5424 ι
2558 5385 2666 5426 non
2697 5368 2827 5434 nisi,
2851 5386 2869 5420 ι
2901 5369 3104 5422 omisso
3135 5386 3156 5419 ι
3185 5379 3344 5423 nemo
3369 5389 3390 5423 ι

1823 5447 2209 5593 (ἙῗΕιιίιί,
2247 5530 2266 5562 ι
2308 5509 2620 5576 inimicitia;
2646 5528 2664 5562 ι
2731 5523 2834 5564 ms.
2883 5523 3042 5575 unus,
3081 5527 3099 5560 ι
3155 5511 3393 5567 inimici-

1827 5591 2209 5721 ιωέὀὲῗλῖἰειε,
2242 5669 2260 5701 ι
2297 5665 2562 5708 memores
2589 5651 2707 5709 sitis
2731 5665 2860 5714 vos;
2894 5669 2911 5702 ι
2941 5649 3040 5715 a|..
3073 5667 3091 5700 ι
3125 5655 3391 5708 memores

1821 5720 1944 5774 esse
1983 5720 2192 5775 debetis
2225 5737 2338 5777 vos.
2383 5740 2400 5772 ι

2999 5813 3079 5872 33

3403 5865 3454 5892 ..Δ
