3986 6206
536 177 676 236 1603
2074 182 2093 236 (

2198 181 2396 240 CF.le
2958 219 2966 225 -
3617 194 3734 251 10M

537 311 605 364 ab
646 323 708 363 ea
761 322 880 377 quae
953 306 1153 362 dicitur
1197 304 1541 361 circumcisio
1593 305 1645 360 in
1696 320 1882 372 carne,
1940 321 2100 362 manu
2134 312 2179 368 Α
2207 306 2528 375 sanguinem
2579 320 2739 360 suum
2779 305 3027 364 homines
3071 307 3202 372 Deo,
3250 323 3344 364 eos
3389 307 3630 367 duntaxat
3659 320 3735 386 qui

535 402 710 464 facta,
740 399 995 470 quoniam
1054 397 1223 454 eratis
1286 397 1376 452 illo
1422 408 1661 467 tempore
1705 400 1822 453 sine
1857 399 2099 463 Christo,

537 491 755 546 alienati
797 505 826 542 a
878 486 1288 542 conversatione
1335 486 1535 553 lsrael,
1579 498 1632 543 et
1661 490 1932 559 peregrini
1977 505 2102 559 pro-

536 578 809 636 missionis
843 585 1288 631 testamentorum
1316 577 1456 648 ejus,
1490 591 1641 648 spem
1674 595 1780 635 non
1811 579 2098 646 habentes,

533 682 583 726 et
625 673 742 725 sine
775 670 882 724 Deo
911 669 966 722 in
1002 670 1104 724 hoc
1133 672 1356 724 mundo.
1384 670 1537 725 Nunc
1581 681 1759 727 autem
1801 673 1854 726 iu
1885 671 2101 727 Christo

530 763 654 818 Jesu
680 777 797 824 vos,
825 762 914 831 qui
942 761 1226 831 aliquando
1242 763 1407 818 eratis
1437 762 1616 832 longe,
1645 763 1918 820 factiestis
1937 779 2101 834 prope

532 856 586 908 iu
631 856 892 923 sanguine
924 855 1153 911 Christi.
1186 855 1306 924 lpse
1345 865 1431 910 est
1456 857 1598 911 enim
1628 871 1728 925 pax
1769 866 1974 920 nostra,
2005 857 2098 926 qui

527 947 660 1002 fecit
696 955 927 1017 utraque
963 963 1151 1012 unutn,
1191 956 1245 1002 et
1283 934 1516 1003 medium
1552 948 1814 1018 parietem
1851 949 2100 1004 maceria:

526 1038 748 1093 solvens
769 1079 786 1108 ,
814 1039 1158 1093 inimicitiam
1189 1039 1241 1094 in
1266 1054 1430 1095 carne
1494 1055 1614 1106 sua,
1650 1041 1822 1110 legem
1878 1041 2098 1094 manda-

524 1140 708 1194 torum
763 1131 818 1186 in
853 1131 1087 1186 decretis
1121 1146 1428 1198 evacuaus,
1469 1141 1528 1187 ut
1581 1133 1715 1189 duos
1749 1132 2006 1188 conderet
2041 1133 2096 1186 in

532 1223 828 1292 semetipso
854 1262 870 1288 ,
903 1223 958 1278 in
991 1239 1098 1279 uno
1130 1237 1267 1277 novo
1302 1222 1523 1279 homine
1560 1223 1770 1280 faciens
1800 1239 2013 1293 pacem,
2037 1234 2098 1278 ut

531 1315 693 1388 543
734 1315 1113 1370 reconciliaret
1152 1325 1417 1386 utrosque
1467 1316 1521 1370 in
1566 1330 1672 1370 uno
1717 1329 1946 1385 corpore
1981 1314 2094 1385 (99)

529 1411 664 1472 Deo,
702 1420 797 1477 per
831 1422 1051 1461 crucem
1085 1407 1422 1462 interﬁciens
1452 1407 1768 1462 inimicitias
1809 1409 1862 1462 in
1889 1417 2094 1462 semet-

528 1501 673 1570 ipso,
721 1507 778 1552 et
815 1498 1035 1553 veniens
1060 1497 1453 1568 evangelizavit
1491 1511 1676 1568 pacem
1705 1498 1861 1552 vobis
1894 1497 1971 1568 (1)
2002 1498 2094 1566 qui

527 1590 708 1659 longe,
745 1597 798 1642 et
829 1603 1016 1656 pacem
1047 1589 1133 1644 his
1171 1589 1261 1658 qui
1297 1604 1486 1659 prope,
1509 1590 1766 1659 quoniam
1795 1603 1891 1658 per
1920 1589 2094 1659 ipsum

526 1683 792 1737 habemus
824 1695 1100 1735 accessura
1146 1680 1364 1750 utrique
1399 1681 1452 1734 in
1486 1697 1592 1735 uno
1627 1680 1831 1747 Spiritu
1877 1681 1945 1734 ad
1992 1681 2096 1736 Pa-

528 1784 727 1828 trem.»
763 1771 867 1826 Sed
894 1771 1166 1841 praecipue
1196 1772 1247 1826 in
1279 1772 1365 1827 his
1394 1771 1522 1826 illud
1551 1774 1781 1829 observa
1815 1772 1915 1844 (Ξ),
1947 1773 2094 1842 quod

529 1865 781 1930 Christus
805 1863 1038 1916 medium
1065 1863 1325 1931 parietem
1364 1863 1619 1919 maceria:
1642 1863 1800 1919 solvit
1836 1865 1888 1919 in
1927 1879 2095 1920 carne

528 1972 650 2020 sua,
679 1955 730 2009 id
754 1964 837 2009 est
863 1953 1227 2018 inimicitiam,
1250 1962 1304 2009 et
1324 1955 1466 2024 quod
1515 1955 1886 2010 reconciliavit
1911 1965 2094 2011 utros-

527 2062 633 2115 que
659 2047 711 2100 in
747 2060 853 2099 uno
881 2059 1110 2115 corpore
1137 2045 1245 2100 Deo
1270 2060 1367 2115 per
1396 2061 1640 2113 crucem,
1675 2057 1731 2102 et
1756 2047 1899 2117 quod
1925 2048 2093 2102 inter-

527 2138 657 2193 fecit
701 2136 1040 2191 inimicitiam
1085 2137 1137 2191 in
1184 2150 1369 2192 cruce.
1404 2137 1460 2191 ln
1492 2152 1598 2207 quo
1629 2153 1736 2191 non
1766 2137 1886 2192 sine
1931 2152 2095 2193 causa

529 2229 662 2282 mihi
694 2226 892 2283 Paulus
911 2227 1152 2284 secundo
1172 2227 1736 2282 videturinimicitiam
1767 2229 2095 2295 nominasse,

2209 398 2527 454 inviolatum
2557 398 3016 455 reconciliationis
3041 398 3218 456 foedus
3245 399 3387 455 ultra
3419 416 3520 456 non
3539 419 3737 472 peccan-

2207 492 2275 543 do
2309 489 2646 542 custodiunt.
2683 488 2852 558 igitur
2880 504 3028 544 mors
3064 489 3182 558 ejus
3215 501 3447 546 mortem
3474 493 3735 552 inimicitia:

2205 579 2353 634 dedit
2389 579 2437 634 ei
2471 595 2588 648 qua:
2624 591 2742 634 erat
2771 580 2915 634 inter
2945 595 3044 635 nos
3069 590 3123 636 ct
3155 582 3343 648 Deum,
3370 592 3426 636 et
3455 589 3734 640 reconcilia-

2206 671 2369 725 tionis
2406 671 2644 725 initium.
2675 655 3027 726 Resurrectio
3062 683 3240 726 autem
3271 673 3442 742 ipsius
3469 686 3523 728 et
3550 676 3642 729 vita
3667 692 3734 730 sa-

2203 763 2369 816 lutem
2403 763 2755 818 credentibus
2789 764 3043 831 contulit,
3067 765 3207 818 sicut
3234 773 3289 819 et
3317 763 3450 820 alibi
3483 766 3734 836 Apostolus

2204 854 2333 909 dicit
2362 855 2430 910 de
2462 853 2750 909 Christo’:
2781 873 2798 906 ι
2827 854 2980 922 Quod
3004 873 3022 907 ι
3051 856 3195 910 enim
3225 873 3244 906 ι
3271 867 3526 911 mortuus
3546 868 3621 912 est
3639 873 3734 927 pce-

2202 956 2348 1012 cato,
2395 956 2641 1000 mortuus
2677 954 2764 1000 est
2797 945 2998 1011 semel;
3047 946 3189 1015 quod
3239 956 3422 1001 autem
3457 947 3608 1012 vivit,
3633 949 3734 1002 vivit

2204 1037 2331 1092 Deo.
2359 1055 2377 1090 ›
2428 1037 2660 1092 Peccato
2704 1044 2950 1092 mortuus
2998 1037 3223 1102 dicitur.
3266 1053 3374 1093 non
3423 1053 3570 1094 suo:
3600 1053 3733 1109 nequ:

2201 1130 2343 1184 enim
2381 1138 2659 1198 peceatum
2702 1127 2921 1202 fecit":
2947 1131 3039 1184 sed
3090 1131 3205 1198 ipse
3256 1139 3481 1199 peccato
3533 1143 3734 1186 mortuus

2199 1231 2305 1285 est.
2337 1223 2388 1278 id
2417 1231 2501 1278 est
2555 1223 2816 1294 velutqui
2867 1233 3039 1278 morte
3075 1237 3172 1277 sua
3208 1231 3431 1292 peccato
3468 1224 3576 1292 ipsi
3622 1225 3734 1279 intu-

2201 1315 2324 1370 lerit
2350 1313 2428 1386 (4)
2462 1325 2713 1369 mortem.
2752 1315 2950 1372 Vivere
3000 1326 3180 1370 autem
3225 1315 3426 1370 dicitur
3463 1315 3600 1380 Deo,
3629 1327 3676 1369 nt
3697 1327 3737 1370 et

2199 1422 2302 1462 nos
2331 1422 2436 1459 non
2463 1407 2636 1471 nobis,
2662 1421 2840 1475 neque
2873 1417 3074 1463 nostra:
3109 1406 3398 1471 voluntati,
3431 1408 3530 1463 sed
3566 1407 3662 1462 Deo
3684 1408 3738 1462 vi-

2200 1511 2387 1549 vamus
2416 1505 2472 1549 ut
2515 1496 2592 1549 ita
2626 1497 2843 1551 demum
2896 1498 2948 1552 in
2983 1498 3095 1552 vita
3127 1497 3296 1568 ipsius
3328 1497 3465 1550 salvi
3497 1513 3614 1553 esse
3641 1514 3737 1567 pos—

2199 1587 2392 1653 simus,
2421 1589 2716 1641 sccnndum
2753 1603 2876 1642 eum
2903 1590 2992 1658 qui
3022 1589 3158 1644 dixit
3187 1608 3202 1644 :
3238 1609 3256 1640 ι
3280 1589 3414 1644 Vivo
3437 1591 3737 1660 antem,jam

2199 1695 2304 1733 non
2336 1695 2471 1749 ego;
2503 1680 2633 1733 vivit
2682 1693 2810 1734 vero
2849 1681 2900 1734 in
2953 1695 3037 1734 me
3062 1680 3316 1735 Christus
3333 1683 3373 1734 ⁸.
3403 1699 3420 1731 ι
3458 1681 3609 1746 Quod
3639 1694 3741 1733 vero

2198 1771 2454 1827 similiter
2499 1782 2557 1826 ut
2607 1773 2660 1826 in
2707 1773 3081 1843 superioribus
3146 1773 3368 1841 posuit:
3405 1772 3566 1828 «Non
3599 1771 3740 1826 solum

2199 1873 2408 1927 autem,
2434 1862 2526 1916 sed
2561 1873 2616 1916 et
2643 1877 2784 1918 nunc
2810 1863 3108 1932 gloriamur
3137 1862 3188 1916 in
3224 1863 3355 1926 Deo,
3383 1881 3402 1915 ι
3435 1870 3490 1916 et
3521 1863 3644 1916 nihil
3664 1862 3742 1913 ad-

2199 1952 2422 2029 diditad
2465 1972 2482 2004 ι
2508 1969 2615 2007 non
2653 1952 2825 2008 solum
2869 1963 3071 2017 autem,
3102 1973 3120 2005 ι
3152 1953 3407 2008 similiter
3435 1962 3496 2007 ut
3527 1956 3741 2024 superius

2199 2043 2602 2113 intelligendum
2639 2053 2726 2099 est
2759 2044 2824 2098 de
2863 2045 2948 2098 his
2983 2046 3186 2098 dictum
3230 2061 3352 2116 quae
3405 2059 3572 2114 supra
3619 2059 3739 2098 corn-

2197 2133 2463 2203 prehensa
2514 2143 2640 2188 sunt
2665 2151 2677 2186 :
2707 2134 2756 2187 id
2804 2144 2905 2198 est,
2953 2136 3097 2203 quod
3135 2151 3239 2188 non
3285 2134 3457 2189 solum
3487 2135 3567 2206 (5)
3599 2150 3742 2188 «cum

2199 2224 2404 2279 inimici
2437 2238 2704 2292 essemus,
2745 2226 3079 2282 reconciliati
3109 2241 3299 2282 sumus
3331 2228 3438 2282 Deo
3474 2241 3578 2298 per
3619 2243 3741 2281 mor-

3935 925 3937 1024 ψ

2201 2325 2304 2369 tem
2334 2314 2453 2369 Filii
2495 2316 2636 2385 ejus,
2662 2334 2680 2366 ι
2719 2325 2772 2371 et
2802 2332 2906 2370 non
2937 2316 3110 2371 solum
3145 2335 3164 2366 ι
3191 2317 3243 2371 in
3275 2319 3384 2371 vita
3432 2318 3603 2387 ipsius
3629 2317 3742 2372 salvi

2198 2407 2424 2473 erimus,
2451 2409 2542 2462 sed
2573 2417 2626 2462 et
2653 2424 2796 2462 nunc
2823 2407 3120 2477 gloriamur
3146 2409 3200 2462 in
3225 2410 3332 2464 Deo
3356 2425 3454 2479 per
3485 2409 3740 2464 Dominum

2199 2508 2444 2554 nostrum
2475 2496 2662 2555 Jesnm
2687 2499 2984 2562 Christum,
3017 2515 3113 2566 per
3149 2514 3311 2568 quem
3361 2499 3742 2554 reconciliatio-

2199 2603 2320 2642 nem
2370 2590 2696 2657 accepimus.
2725 2605 2744 2639 ι
2795 2586 2906 2641 Νοιι
2951 2597 3127 2641 autem
3176 2589 3295 2644 sine
3347 2603 3509 2644 causa
3541 2590 3742 2652 addidit,

513 2330 582 2374 et
613 2318 667 2374 in
698 2332 804 2373 uno
832 2317 1055 2388 quidem
1083 2317 1285 2372 dixisse
1313 2317 1454 2386 quod
1496 2316 1720 2372 solverit
1756 2317 2094 2372 inimicitiam

518 2409 783 2466 Christus
815 2407 891 2480 (5)
921 2408 975 2462 in
1011 2422 1200 2472 carne,
1233 2407 1285 2460 in
1329 2407 1566 2461 secundo
1599 2422 1728 2462 vero
1759 2406 2096 2462 interfecisse

511 2518 648 2560 eam
689 2503 742 2557 in
791 2514 974 2556 cruce.
1005 2499 1232 2553 Solvere
1261 2512 1497 2567 namque
1527 2499 1656 2553 mihi
1683 2498 1896 2554 videtur
1927 2501 1980 2554 in
2012 2500 2097 2556 his

523 2595 622 2664 qui
659 2593 839 2648 adhuc
866 2601 1142 2646 certamen
1173 2596 1368 2658 gerunt
1397 2589 1682 2642 adversum
1713 2599 2012 2657 peccatum,
2043 2599 2097 2644 et

517 2692 836 2755 repugnant
855 2683 905 2738 ei
929 2696 1026 2751 pro
1041 2680 1249 2734 viribus
1277 2697 1290 2733 :
1317 2678 1628 2734 interlicere
1654 2695 1781 2735 vero
1812 2680 1862 2735 in
1896 2681 1982 2736 his
2005 2682 2094 2750 qui
2203 2697 2222 2729 ο
2254 2693 2416 2741 nunc,
2445 2695 2463 2728 ι
2499 2692 2623 2731 cum
2657 2677 2925 2745 potuisset
2954 2677 3132 2731 dicere
3159 2694 3173 2731 :
3207 2694 3227 2728 ι
3252 2677 3359 2732 Sed
3389 2690 3444 2732 et
3474 2677 3745 2747 gloriamur

526 2785 810 2848 peccatum
841 2773 954 2844 iam
992 2786 1340 2842 nequaquam
1390 2771 1615 2826 omnino
1665 2773 1955 2842 recipiunt,
1997 2775 2095 2830 sed
2201 2769 2252 2822 in
2289 2769 2398 2824 Deo
2423 2783 2518 2838 per
2549 2769 2833 2822 Dominum
2865 2778 3110 2823 nostrum
3139 2768 3321 2823 Jesnm
3351 2769 3625 2826 Christum
3660 2768 3744 2839 (6}.

511 2869 672 2924 -'omni
705 2882 773 2923 ex
812 2877 966 2937 parte
995 2866 1238 2920 membra
1279 2881 1376 2921 sua
1411 2865 1875 2920 mortiﬁcaverunt
1903 2881 2098 2937 peeca-
2200 2877 2297 2932 per
2335 2877 2492 2934 quem
2562 2862 3057 2918 reconciliationem
3118 2863 3462 2932 accepimus;
3489 2881 3509 2916 ι
3565 2865 3654 2918 sed
3700 2871 3750 2914 ut

514 2973 583 3016 ἰο
614 2977 628 3013 :
657 2975 726 3016 ex
771 2957 966 3028 quibus
1013 2967 1131 3012 erat
1165 2965 1221 3012 et
1265 2957 1354 3012 ille
1401 2957 1493 3026 qui
1542 2955 1757 3012 dicebat
1788 2974 1802 3011 :
1831 2975 1850 3010 ι
1875 2957 2098 3013 Christo
2124 2990 2168 3051 ο
2200 2954 2516 3008 ostenderet
2539 2952 2918 3023 gloriationem
2952 2955 3106 3008 nobis
3134 2969 3238 3008 non
3271 2955 3446 3008 solum
3475 2956 3527 3009 in
3560 2955 3747 3011 futuro.

510 3051 924 3108 concrucilixus
949 3065 1093 3104 sum.
1121 3047 1259 3103 Vivo
1282 3058 1481 3110 autem.
1511 3049 1621 3119 jam
1655 3066 1761 3103 non
1795 3064 1927 3115 ego;
1965 3050 2094 3105 vivit
2132 3045 2163 3051 ⁷
2200 3045 2295 3099 sed
2351 3055 2404 3100 et
2457 3046 2508 3100 in
2557 3047 2806 3114 prresenti
2855 3047 3036 3100 datam
3099 3047 3164 3102 de
3227 3047 3507 3118 agnitione
3561 3047 3677 3109 Dei,
3701 3058 3750 3098 et

515 3157 656 3199 vero
679 3144 733 3198 in
764 3159 849 3198 me
873 3142 1180 3198 Christus‘.
1212 3161 1230 3194 ι
1259 3141 1372 3196 Hoc
1397 3155 1526 3210 ergo
1552 3140 1710 3196 modo
1736 3142 1897 3196 etiam
1929 3142 2090 3196 Chri-
2201 3137 2582 3192 emendatione
2612 3139 2756 3202 vitaz,
2779 3149 2833 3194 et
2855 3154 3102 3193 errorum
3128 3141 3468 3193 correctione
3493 3137 3586 3208 (7),
3621 3138 3748 3191 sicut

513 3243 643 3290 etus
675 3232 874 3288 occidit
901 3231 1239 3285 inimicitiam
1290 3230 1341 3283 in
1391 3243 1555 3284 carne
1588 3245 1706 3294 sua,
1746 3245 1868 3284 cum
1917 3240 2090 3285 morte
2199 3241 2252 3284 et
2288 3231 2340 3284 in
2365 3231 2485 3287 aliis
2514 3232 2648 3286 idem
2677 3232 2753 3302 (8)
2783 3233 3068 3300 Apos‘olus
3099 3231 3230 3287 dicit
3261 3251 3276 3288 :
3309 3231 3509 3302 tSpem
3552 3231 3746 3285 haben-

525 3335 774 3394 sttsccpta
810 3321 1116 3392 exemplum
1146 3322 1296 3376 dedit
1327 3321 1640 3376 hominibus
1663 3336 1832 3391 usque
1852 3322 1916 3376 ad
1947 3336 2091 3375 mor-
2201 3333 2283 3377 tes
2312 3333 2362 3376 et
2401 3324 2684 3391 praesentis
2707 3325 2852 3389 vitaz,
2873 3332 2928 3378 et
2954 3324 3146 3379 futura:
3165 3326 3219 3379 ':
3253 3344 3272 3378 ι
3299 3324 3594 3394 praesentis,
3615 3326 3746 3393 quod

527 3429 634 3473 tem
678 3418 932 3474 resistere
973 3415 1259 3471 adversum
1307 3425 1589 3484 peccatum
1619 3429 1632 3466 :
1659 3421 1714 3467 et
1753 3415 1825 3466 ita
1875 3413 2089 3468 demum
2200 3415 2478 3470 honestior
2505 3427 2560 3470 et
2589 3418 2930 3472 emendatior
2956 3428 3072 3483 est;
3104 3417 3323 3484 hiturze,
3365 3419 3505 3488 quod
3553 3427 3739 3472 agtcrua

514 3509 760 3564 resoluta
797 3507 1081 3562 inimicitia
1133 3507 1185 3560 in
1219 3520 1386 3560 carne
1421 3521 1542 3571 sua,
1581 3504 1961 3561 reconciliavit
1993 3519 2090 3573 per
2200 3514 2302 3559 cst.

1657 3827 2004 3918 LIBER
2085 3769 2656 3936 QUINTUS.

595 4150 651 4208 ι.
692 4145 1032 4220 «Propterea
1065 4148 1202 4205 sicut
1239 4142 1340 4221 per
1363 4165 1529 4208 unum
1563 4154 1840 4211 hominem
1890 4171 2086 4226 pecca~
2123 4161 2168 4220 D
2194 4157 2346 4228 legis,
2381 4167 2441 4215 et
2470 4172 2653 4214 eorum
2704 4157 2864 4231 544
2910 4163 3002 4230 qui
3041 4177 3138 4232 per
3181 4162 3338 4217 ﬁdem
3372 4162 3726 4230 justiticantur.

525 4250 644 4296 tum
696 4241 750 4297 in
801 4241 946 4296 hunc
996 4240 1254 4295 mundum
1301 4241 1546 4308 intravit,
1579 4253 1634 4298 et
1682 4260 1778 4314 per
1807 4256 2089 4316 peccatum

523 4349 693 4401 mors,
729 4341 784 4388 et
828 4333 908 4388 sic
942 4332 994 4387 in
1029 4346 1221 4388 omnes
1263 4333 1512 4388 homines
1561 4349 1712 4389 mors
1750 4337 2088 4405 pertransiit,

524 4425 578 4479 in
623 4439 732 4494 quo
769 4438 959 4480 omnes
999 4432 1381 4493 peccaverunt.
1419 4423 1600 4495 Usque
1630 4425 1696 4480 ad
1743 4425 1915 4497 legem
1945 4429 2090 4482 enim

521 4526 805 4587 peccatum
837 4526 956 4569 erat
983 4515 1060 4587 (9)
1086 4515 1138 4570 in
1173 4515 1275 4570 hoc
1313 4515 1534 4570 mundo.
1586 4515 1875 4572 Peccatum
1905 4527 2086 4572 autem

521 4621 627 4662 non
652 4606 968 4676 imputatur,
998 4619 1122 4661 cum
1153 4605 1239 4660 lex
1262 4620 1369 4661 non
1389 4615 1492 4661 est.
1527 4605 1634 4662 Sed
1668 4608 1910 4676 regnavit
1943 4623 2090 4665 mors

521 4699 587 4752 ab
611 4698 784 4752 Adam
813 4708 986 4766 usque
1010 4697 1077 4750 ad
1116 4694 1360 4766 Moysen,
1391 4696 1444 4750 in
1468 4711 1562 4752 eos
1599 4702 1691 4767 qui
1723 4707 2090 4767 peccaverunt

520 4788 574 4840 in
596 4787 1002 4842 similitudinem
1035 4787 1499 4856 praevaricationis
1511 4788 1661 4854 Adae,
1685 4789 1775 4860 qui
1802 4799 1888 4844 est
1913 4789 2084 4845 forma

518 4877 750 4932 futuri‘.
778 4898 798 4931 ο
836 4877 1194 4948 Posteaquam
1231 4880 1445 4936 edocuit
1477 4878 1836 4936 dili‘ereutiam
1879 4881 2002 4937 ﬁdei
2033 4891 2088 4939 et

591 4973 609 5005 ¹
631 4971 812 5028 Galat.
840 4990 900 5040 ll,
932 4975 1020 5041 19,
1053 4977 1144 5031 20.
1225 4979 1246 5009 ²
1270 4977 1425 5030 Rom.
1463 4992 1534 5041 vt,
1573 4977 1660 5031 lO.

515 5041 538 5075 ’
570 5043 720 5107 ibid.,
758 5043 844 5098 10.

565 5134 698 5216 ,(99)
727 5133 795 5191 1η
824 5153 927 5192 uno
980 5154 1215 5203 corpore.
1249 5137 1415 5196 Alias,
1453 5154 1472 5188 ι
1497 5136 1550 5191 in
1613 5151 1877 5207 corpore;
1906 5157 1924 5190 ι
1981 5138 2076 5204 al.,

519 5221 540 5256 ι
566 5221 627 5275 in,
645 5220 744 5275 suo
770 5221 1021 5275 corpore.
1053 5226 1073 5260 ι

581 5274 661 5340 (ι)
687 5275 851 5337 Editi,
873 5274 906 5328 ί‹
930 5278 1102 5331 nobis.
1127 5295 1145 5328 ι

549 5343 864 5468 ὺὲξὶνειιὶιί,
901 5365 918 5398 t
943 5349 1034 5401 sed
1059 5347 1325 5416 pnecipue
1359 5347 1412 5401 in
1447 5346 1533 5402 his
1559 5344 1710 5407 illud,
1744 5345 1809 5398 ad
1841 5343 2080 5412 Patrem,

713 5430 763 5468 a.
786 5435 806 5468 ›

513 5427 763 5468 Observa.
786 5435 806 5468 ι

609 5481 664 5553 ᾇ)
693 5481 1095 5553 genelirardus,
1127 5504 1146 5538 ι
1171 5485 1397 5553 Christi,
1421 5505 1439 5538 ›
1475 5485 1636 5542 male.

607 5549 663 5688 ai;
691 5551 851 5628 Editi,
886 5571 905 5602 ι
927 5566 1148 5620 peccato
1179 5549 1418 5610 intulit.»

607 5616 641 5684 5
693 5617 858 5686 Edtti,
896 5639 914 5674 ι
939 5623 991 5676 id
1022 5633 1124 5688 est,
1155 5639 1256 5688 pro
1285 5641 1393 5681 non

611 5616 662 5688 5)
693 5617 858 5686 Editi,
896 5616 991 5676 (id
1022 5633 1124 5690 est,
1155 5639 1256 5692 pro
1285 5641 1393 5681 non
1427 5627 1634 5694 solum;
1664 5647 1680 5680 ι
1717 5627 1816 5694 al.,
1853 5646 1870 5678 ε
1897 5627 1947 5682 id
1976 5636 2080 5692 εει»

1738 4977 1757 5008 ³
1786 4978 1804 5030 ι
1837 4977 1982 5032 Petr.
2013 4979 2174 5045 11,22.

2194 4256 2358 4317 atque
2390 4263 2578 4304 eorum
2606 4251 2698 4317 qui
2724 4250 3112 4320 promissiones
3148 4267 3269 4320 quae
3297 4252 3362 4306 ad
3394 4262 3565 4322 patres
3590 4249 3727 4304 iactae

2195 4339 2432 4401 fuerunt,
2467 4355 2571 4394 non
2610 4351 2834 4410 possunt
2877 4357 3098 4411 sperare
3138 4358 3235 4410 per
3287 4344 3457 4414 legem
3482 4360 3499 4397 :
3523 4353 3724 4410 cumque

2193 4429 2496 4506 aperuisset
2538 4433 2726 4486 arcani
2779 4443 2993 4487 secreta
3049 4435 3290 4505 mysterii
3319 4470 3336 4494 ,
3405 4435 3541 4503 quod
3580 4445 3719 4484 tcum

2194 4520 2401 4574 inimici
2428 4536 2673 4576 essenms
2705 4522 2832 4588 Deo,
2866 4538 2960 4593 per
2992 4537 3225 4580 mortem
3260 4525 3383 4579 Filii
3428 4524 3536 4592 ejus
3567 4535 3722 4576 recou-

2193 4611 2362 4666 ciliati
2388 4614 2631 4679 sumus",
2653 4633 2672 4666 ι
2703 4630 2842 4670 nunc
2871 4625 2926 4670 et
2960 4629 3156 4672 causas
3177 4616 3260 4670 vel
3291 4633 3390 4671 cur
3413 4616 3598 4670 inimici
3619 4609 3714 4664 lue-

2193 4704 2386 4768 rimus,
2431 4705 2514 4760 vel
2559 4720 2655 4760 cur
2686 4719 2859 4760 morte
2887 4705 3015 4762 Filii
3049 4708 3144 4763 Dei
3194 4709 3482 4780 indigucrit
3525 4708 3614 4759 ista
3650 4715 3714 4755 reo

2195 4795 2503 4851 conciliatio
2565 4806 2964 4866 consequenter
3037 4799 3257 4869 exponit
3308 4817 3322 4852 :
3371 4809 3431 4852 ut
3482 4799 3712 4852 intuentes

2194 4895 2393 4955 quanta
2453 4887 2608 4943 nobis
2659 4890 2976 4958 praestiterit
3037 4889 3194 4945 Jesus
3224 4928 3240 4955 ,
3293 4890 3400 4943 imo
3449 4902 3541 4956 pro
3587 4881 3710 4938 nobis

2253 4982 2274 5014 ⁸
2304 4982 2480 5040 Galat.
2512 5001 2573 5050 ιι,
2602 4984 2695 5039 20.
2773 4983 2834 5036 ⁵1
2861 4985 3002 5040 Tim.
3025 5001 3098 5052 tv,
3131 4985 3186 5039 5.
3262 4985 3284 5016 ⁸
3309 4985 3460 5038 Rom.
3487 4978 3624 5042 v,l2,
3645 4974 3706 5030 ll.

2181 5156 2285 5196 non
2315 5142 2512 5196 solum.
2537 5161 2554 5192 ι

2252 5211 2328 5280 (6)
2354 5209 2458 5280 δᾳ(
2485 5221 2531 5264 et
2555 5211 2847 5280 gloriantur
2868 5212 2924 5264 in
2953 5209 3060 5264 Deo
3086 5226 3179 5274 per
3205 5209 3481 5263 Dominum
3507 5211 3706 5280 nostra!!!

2179 5271 2362 5334 Jeiuin
2394 5271 2684 5334 Chriaium.
2723 5279 2848 5334 Haec
2892 5271 3161 5335 desunt'in
3195 5280 3347 5333 libris
3373 5288 3520 5332 ante:
3541 5271 3704 5329 editis.

2252 5351 2330 5420 (7)
2381 5347 2450 5402 Et
2495 5363 2736 5403 errorum
2791 5352 3134 5404 correctione.
3180 5349 3350 5410 Alias,
3383 5357 3475 5420 tet
3519 5353 3704 5398 morum

2181 5421 2541 5487 correctione,
2567 5438 2584 5471 ι
2623 5421 2720 5484 al.,
2767 5439 2784 5471 ι
2803 5428 2858 5474 et
2885 5433 3135 5474 errorum
3164 5419 3516 5488 correptione.
3536 5431 3556 5464 ι

2251 5489 2328 5556 (8)
2365 5490 2527 5554 Editi,
2561 5507 2579 5540 ι
2601 5489 2760 5554 item;
2785 5508 2802 5542 ι
2835 5489 2967 5544 alias
2993 5489 3148 5545 deest
3183 5506 3203 5540 ε
3225 5489 3384 5542 idem.
3405 5505 3426 5542 ι

2252 5558 2328 5629 (9)
2361 5558 2516 5616 Erat.
2545 5560 2706 5618 Deest
2731 5561 2785 5617 in
2815 5560 2971 5618 libris
3001 5571 3163 5616 antea
3196 5558 3372 5617 editis.
