3914 6352
213 240 353 301 tuos

1159 238 1521 304 COMMENT.
1553 238 1620 297 i.\'
1655 234 1878 300 EPIST.
1912 244 2002 299 AD
2041 244 2208 302 Riihl.
2250 246 2377 303 LIB.
2419 245 2483 303 Υ.

3324 247 3462 304 1006

210 375 415 433 quanta
450 364 753 436 pertulerit,
788 366 1123 423 radicaliore
1148 382 1278 439 erga
1306 380 1432 420 eum
1460 366 1589 430 fide,
1620 378 1673 420 et
1701 366 1784 420 in-
1819 368 1861 424 Α
1889 368 1982 421 sed
2030 368 2112 422 his
2156 368 2246 438 qui
2298 368 2470 423 multo
2515 366 2701 422 labore
2724 376 2778 423 et
2809 366 3005 421 sudore
3047 370 3320 437 potuerint
3348 384 3469 436 qnze

213 457 512 524 separabili
542 458 653 529 (l0)
685 459 954 514 charitate
990 469 1292 515 teneamur.
1328 457 1457 514 ideo
1499 473 1629 526 ergo
1669 458 1797 513 licet

215 563 325 602 non
371 564 757 620 usquequaque
809 552 1142 620 patefactam
1183 551 1315 624 (11),
1358 550 1565 606 indicat
1614 560 1795 606 tamen

215 640 381 695 nobis
418 651 473 695 et
514 641 740 697 alterius
783 643 981 697 secreti
1043 643 1308 699 rationem
1345 644 1539 698 dicens
1569 657 1583 694 :
1616 659 1635 692 ι
1667 638 1798 696 Pro-

211 742 402 799 pterea
435 733 578 788 sicut
607 748 708 802 per
739 751 902 789 unum
926 735 1201 791 hominem
1230 744 1514 804 peccatum
1544 734 1794 789 introivit

214 825 270 877 in
305 823 449 880 hunc
483 827 742 879 mundum
782 827 914 897 (l2),
964 837 1019 883 et
1055 842 1152 899 per
1203 839 1487 898 peccatum
1536 826 1742 893 mors',
1768 847 1787 880 ι

210 925 268 969 et
292 925 507 972 czetera.
539 917 646 972 Sed
679 917 996 989 priusquam
1029 919 1097 975 ad
1146 920 1583 992 explanationem
1627 922 1791 975 totius

211 1006 435 1075 capituli
471 1008 775 1074 veniamus,
803 1024 976 1080 pauca
1008 1011 1075 1066 de
1106 1026 1173 1066 eo
1201 1011 1295 1082 qui
1332 1011 1547 1066 videtur
1571 1011 1622 1065 in
1657 1027 1789 1066 con-

212 1098 569 1169 sequentibus
614 1102 785 1170 ipsius
829 1102 1030 1175 eloquii
1092 1104 1309 1159 defectu
1364 1104 1592 1159 dicenda
1638 1114 1788 1160 sunt.

215 1188 323 1246 Ubi
369 1192 515 1246 enim
548 1193 768 1260 dicitur,
812 1215 831 1245 ι
861 1195 1147 1264 Propterea
1181 1196 1383 1262 sicut,»
1422 1211 1552 1252 nere
1588 1197 1788 1252 sarium

215 1284 438 1338 videtur
481 1287 624 1355 quod
668 1288 790 1342 addi
840 1289 1029 1344 debeat
1083 1288 1399 1360 adimpletio
1427 1290 1696 1359 quaedam,
1730 1300 1789 1346 ut

212 1375 448 1428 dicatur.
494 1373 571 1427 lta
609 1384 664 1430 et
694 1377 821 1432 illud
855 1377 938 1432 vel
970 1378 1132 1444 illud,
1156 1387 1214 1431 nt
1252 1387 1306 1433 et
1336 1377 1451 1447 ipse
1477 1378 1529 1432 in
1556 1379 1791 1434 nonnul-

213 1465 281 1519 Iis
340 1467 460 1522 aliis
507 1467 640 1522 locis
692 1468 907 1537 scribit,
965 1471 1115 1525 verbi
1167 1470 1363 1540 gratia,
1413 1486 1536 1525 cum
1573 1471 1786 1525 dicit':

220 1575 241 1608 ι
271 1558 423 1612 Sicut
448 1560 591 1613 enim
627 1560 678 1614 in
705 1561 876 1615 Adam
909 1576 1101 1616 omnes
1135 1562 1467 1627 moriuntur,
1518 1563 1590 1617 ita
1637 1572 1691 1618 et
1733 1564 1788 1618 in

212 1650 433 1705 Christo
485 1667 680 1707 omnes
731 1653 1221 1709 viviﬁcabuntur.)
1279 1653 1380 1709 Hic
1436 1663 1615 1709 autem
1666 1670 1787 1709 cum

1904 459 2122 512 occulta
2175 467 2301 513 sunt
2350 474 2617 528 quaerere,
2664 459 2882 529 pulsare
2935 473 3056 529 qua:
3102 465 3283 518 clausa
3317 470 3467 522 sunt.

1904 549 2217 604 desiderare
2261 564 2384 619 quae
2427 550 2744 605 abscondita
2786 559 2932 605 sunt.
2973 549 3210 618 Denique
3238 563 3290 606 et
3325 552 3377 606 in
3405 566 3471 603 co

1903 640 2159 709 capitulo,
2196 642 2344 709 quod
2374 656 2474 712 pro
2501 642 2858 696 similitudine
2889 642 3082 697 horum
3122 643 3387 698 dictorum
3416 643 3470 695 in
3519 703 3533 717 ,

1902 730 2140 785 medium
2169 730 2287 804 (16)
2340 734 2681 799 adduximus,
2740 736 2792 790 id
2840 745 2962 802 est,
2998 755 3018 788 ι
3043 737 3190 792 Sicut
3223 738 3369 792 enim
3418 739 3472 791 in

1898 822 2073 876 Adam
2124 838 2318 880 omnes
2368 827 2799 893 moriuntur“,r
2830 843 2935 883 non
2988 830 3146 891 dixit,
3182 850 3199 882 ι
3228 830 3297 884 ita
3332 840 3387 884 et
3418 829 3470 883 in

1898 914 2124 973 Christo
2153 931 2386 974 omnes:
2421 918 2677 975 vivificati
2706 929 2855 981 sunt.
2877 930 2968 975 aut
2994 922 3472 987 vivillcantur,sed

1904 1004 2433 1072 «vivificabuntur,»
2481 1017 2541 1062 ιιι
2601 1010 2915 1065 ostenderet
2957 1011 3177 1080 quidem
3233 1026 3474 1080 praesens

1900 1105 2115 1165 tempus
2145 1112 2267 1153 esse
2303 1097 2511 1153 laboris
2546 1111 2601 1154 et
2646 1101 2852 1170 operis.
2901 1102 2955 1155 in
2992 1113 3100 1171 quo
3145 1117 3242 1171 per
3274 1103 3469 1157 bonam

1898 1186 2367 1242 conversationem
2400 1188 2590 1242 merita
2610 1191 3040 1258 conquirantur;
3073 1190 3311 1244 futurum
3344 1206 3474 1245 vero

1898 1290 2021 1331 esse
2069 1277 2123 1331 in
2168 1293 2277 1347 quo
2319 1280 2740 1336 viviﬁcabuntur
2771 1282 2823 1336 hi
2858 1282 2949 1351 qui
2996 1283 3047 1337 in
3081 1283 3336 1352 pmsenti
3365 1285 3473 1338 vita

1897 1367 2118 1424 Christo
2168 1373 2626 1439 cmnmoriuntur,
2654 1375 2798 1430 sicut
2845 1387 2900 1430 et
2935 1376 3062 1431 alibi
3090 1375 3133 1409 ³⁸
3162 1378 3291 1432 dicit
3329 1378 3469 1432 idem

1896 1459 2192 1528 Apostolus
2225 1480 2238 1518 :
2276 1482 2294 1514 ι
2326 1463 2382 1519 Si
2430 1465 2577 1521 enim
2649 1468 3075 1533 commorimur,
3124 1479 3179 1524 et
3218 1473 3473 1526 convivco

1898 1566 2039 1609 mus.
2065 1571 2085 1605 ι
2133 1553 2199 1608 Et
2242 1556 2359 1610 ideo
2394 1558 2558 1612 etiam
2591 1559 2644 1613 in
2691 1563 2946 1628 prmeenti
2996 1562 3116 1618 loco
3161 1564 3472 1619 dissimulat

1897 1644 2139 1711 exsequi,
2194 1654 2249 1699 et
2295 1647 2594 1718 adimplere
2644 1665 2896 1708 sermone
2942 1668 3007 1708 ea
3048 1670 3171 1724 quze
3215 1672 3377 1712 sensu
3416 1668 3472 1711 et

214 1738 420 1796 dixerit
450 1758 465 1795 :
507 1760 526 1792 ‹
557 1741 711 1795 Sicut
743 1756 843 1811 per
882 1759 1046 1797 unum
1082 1744 1357 1800 hominem
1404 1754 1682 1814 peccatum
1713 1746 1796 1799 in-
1827 1727 1869 1781 Β
1898 1740 2285 1806 consequentia
2319 1741 2573 1795 videntur
2606 1745 2856 1812 intelligi.
2881 1745 3034 1799 Alius
3055 1746 3289 1802 lortasse
3312 1748 3467 1809 dicit.

216 1833 400 1885 troivit
433 1832 488 1887 in
523 1834 667 1887 hunc
700 1835 986 1898 nmndum,
1031 1845 1085 1890 et
1131 1852 1229 1904 per
1282 1847 1563 1907 peccatum
1623 1852 1792 1900 ntors,

213 1932 270 1977 et
305 1926 377 1978 ita
424 1925 477 1980 in
529 1939 722 1979 omnes
760 1926 1007 1981 homines
1055 1942 1204 1983 mors
1231 1927 1573 1997 pertransiit,
1607 1926 1660 1981 in
1687 1941 1795 1996 quo

210 2031 404 2071 omnes
457 2028 841 2086 peccaverunt,
877 2039 896 2072 ι
937 2036 1043 2075 non
1083 2019 1268 2075 retulit
1294 2019 1408 2091 (l3)
1455 2031 1513 2073 ut
1561 2022 1792 2088 diceret,

212 2110 366 2163 verbi
414 2125 577 2165 causa
612 2128 625 2163 :
653 2112 727 2165 lta
753 2121 807 2166 et
835 2127 934 2182 per
963 2128 1133 2168 unum
1167 2112 1442 2169 hominem
1468 2113 1682 2181 justitia
1711 2116 1795 2169 in-

218 2204 405 2257 troivit
437 2204 489 2257 in
540 2204 682 2259 hunc
740 2205 1027 2271 mundum,
1056 2216 1112 2259 et
1144 2221 1243 2276 per
1267 2207 1537 2275 justitiam
1569 2208 1704 2272 vita,
1730 2217 1794 2265 'et

215 2288 293 2340 sic
327 2290 380 2341 in
417 2304 607 2343 omnes
641 2292 889 2346 homines
932 2294 1043 2345 vita
1072 2294 1412 2363 pertransiit.
1447 2294 1499 2349 in
1534 2310 1639 2366 qua
1673 2312 1793 2351 om-

216 2392 314 2433 nes
342 2380 598 2435 viviﬁcati
637 2390 762 2435 sunt
799 2400 812 2435 :
848 2383 949 2437 hoc
1002 2385 1145 2440 enim
1205 2386 1490 2440 videbatur
1528 2388 1791 2458 propositi

216 2468 423 2540 eloquii
457 2488 647 2529 sensus
697 2487 973 2545 expetere,
1006 2478 1302 2531 secundum
1329 2492 1393 2533 ea
1436 2493 1556 2547 qua:
1586 2481 1639 2533 in
1672 2479 1793 2536 aliis

216 2563 332 2630 ipse
380 2566 736 2636 proloquitur.
768 2566 956 2637 Neque
984 2570 1128 2623 enim
1176 2569 1403 2623 multum
1444 2568 1628 2624 diﬁ'ert
1664 2571 1791 2625 illttd

212 2656 361 2720 quod
396 2655 524 2712 alibi
576 2659 708 2713 dicit
729 2660 771 2691 "
802 2679 815 2713 :
855 2680 873 2711 ι
906 2659 1061 2715 Sicut
1111 2662 1256 2715 enim
1316 2663 1366 2715 in
1397 2663 1568 2717 Adam
1604 2679 1793 2719 omnes

214 2745 545 2812 moriuntur,
581 2767 600 2800 ι
637 2760 690 2803 et
724 2752 869 2817 quod
929 2753 1015 2805 hic
1044 2753 1176 2807 dicit
1206 2770 1218 2806 :
1258 2771 1276 2804 ι
1306 2752 1600 2822 Propterea
1655 2757 1793 2810 sicut

212 2852 311 2906 per
346 2854 509 2893 unum
541 2841 812 2897 hominem
845 2856 1123 2913 peccatum
1159 2846 1210 2900 itt
1244 2846 1387 2901 hunc
1418 2850 1676 2902 utundmn
1707 2851 1790 2903 itt-

219 2929 427 2994 troivit,
456 2942 507 2984 et
536 2947 634 3002 per
668 2945 947 3003 peccaturo
998 2952 1168 3002 mors,
1194 2949 1248 2992 et
1280 2939 1351 2991 ita
1384 2939 1436 2993 in
1471 2954 1660 2993 omnes
1689 2940 1792 2995 ho-

216 3021 391 3077 mines
413 3025 754 3092 pertransiit,
787 3026 839 3080 in
868 3044 976 3097 quo
1023 3044 1213 3083 omnes
1259 3041 1652 3098 peccaverunt;
1677 3049 1696 3084 ι
1732 3039 1787 3087 et
1812 3065 1859 3127 ο

215 3112 408 3168 iterum
442 3115 583 3182 quod
611 3116 750 3171 dixit
776 3117 860 3173 “:
892 3136 912 3168 ι
946 3119 1022 3173 Ita
1061 3130 1118 3175 et
1147 3120 1201 3174 in
1238 3120 1458 3176 Christo
1484 3136 1675 3177 omnes
1706 3124 1786 3177 vi-

213 3204 592 3271 vificabuntur,
621 3225 640 3259 ι
669 3209 800 3262 nihil
836 3209 1015 3264 differt
1043 3212 1110 3266 ab
1134 3227 1199 3267 eo
1228 3228 1412 3277 sensu,
1439 3228 1596 3281 quem
1622 3230 1783 3285 supra

215 3295 405 3349 deesse
431 3295 720 3351 elocutioni
748 3298 987 3353 diximus
1017 3299 1154 3370 (14).
1196 3308 1250 3355 et
1280 3302 1574 3356 intellectui
1601 3303 1785 3373 legen-

218 3382 284 3437 tis
324 3383 593 3439 relicturn.
630 3385 736 3441 Sed
787 3387 917 3443 mihi
956 3389 1174 3443 videtur
1224 3390 1426 3445 Paulus
1466 3393 1555 3461 qui
1596 3393 1785 3447 dicit"

215 3475 341 3542 quia
378 3492 396 3525 ι
431 3475 749 3533 sufﬁcientia
782 3490 965 3535 nostra
996 3497 1060 3535 ex
1089 3481 1199 3537 Deo
1228 3492 1330 3547 est,
1361 3484 1453 3552 qui
1486 3494 1538 3538 et
1565 3485 1787 3541 idoneos

214 3582 312 3619 nos
348 3568 476 3622 fecit
523 3570 803 3626 ministros
841 3572 974 3627 Novi
1009 3573 1385 3638 Testamenti;
1413 3595 1431 3628 ι
1465 3586 1518 3630 et
1545 3578 1636 3647 qui
1684 3578 1786 3630 ite-

216 3673 332 3711 rum
373 3658 507 3713 dicit
537 3677 550 3713 :
586 3678 607 3711 ι
636 3662 717 3714 An
765 3661 1149 3719 documentum
1182 3666 1433 3734 quaeritis
1464 3665 1581 3732 ejus
1611 3668 1699 3735 qui
1728 3668 1781 3721 in

214 3766 299 3807 me
326 3753 565 3821 loquitur
590 3752 843 3810 Christus
860 3756 958 3809 "li
997 3770 1101 3810 non
1128 3756 1241 3810 haec
1261 3771 1358 3825 per
1375 3756 1643 3812 defectum
1668 3759 1782 3828 (l5)

212 3856 402 3908 passus
452 3844 676 3912 eloquii,
733 3846 825 3899 sed
875 3847 1221 3915 prospexisse
1267 3862 1364 3915 per
1418 3847 1535 3902 haec
1580 3847 1782 3917 aliquid

210 3933 484 4000 utilitatis,
535 3951 643 4005 quo
687 3935 903 3991 etiamsi
949 3938 1177 4007 intelligi
1245 3937 1506 3993 deberent
1555 3954 1618 3994 ea
1665 3956 1785 4010 quae

208 4027 399 4081 deesse
424 4027 711 4083 elocutioni
742 4039 798 4084 et
833 4029 1287 4095 subintelligemla
1322 4030 1579 4094 dixinms,
1606 4039 1783 4084 tamen

211 4126 435 4187 propter
482 4119 908 4189 negligentiores
965 4134 1209 4188 quosque
1251 4120 1341 4187 qui
1401 4119 1541 4173 forte
1591 4122 1782 4175 resolvi

210 4220 454 4281 possent,
488 4212 530 4267 si
564 4212 819 4266 audirent
850 4213 991 4283 quod
1025 4214 1172 4267 sicut
1221 4226 1367 4266 mors
1392 4213 1446 4266 in
1469 4228 1660 4267 omnes
1688 4214 1784 4268 ho-

211 4306 382 4358 mines
412 4320 506 4373 per
534 4314 838 4375 peccatum,
868 4306 938 4357 ita
978 4312 1032 4359 et
1054 4304 1108 4358 in
1138 4319 1331 4360 omnes
1371 4304 1617 4359 homines
1658 4318 1781 4374 per-

1895 1826 2022 1893 quia
2054 1826 2155 1881 hoc
2184 1829 2325 1895 quod
2355 1829 2570 1884 videtur
2591 1831 2780 1887 deesse
2812 1834 2862 1886 in
2885 1835 2969 1888 hls
2991 1850 3114 1905 quae
3141 1852 3305 1905 supra
3334 1838 3470 1891 dixi-

1895 1934 2016 1973 mus
2044 1921 2338 1975 seeundmu
2365 1922 2690 1979 elocutiouts
2719 1927 2989 1988 ordinem,
3028 1929 3180 1982 tarde
3216 1930 3461 1998 quidem,

1892 2010 1985 2063 sed
2010 2010 2063 2063 itt
2093 2012 2486 2080 posterioribus
2512 2015 2775 2083 redditur,
2804 2018 2892 2072 ubi
2925 2019 3148 2075 dicit“:
3176 2039 3194 2071 ι
3223 2021 3329 2075 Sed
3359 2037 3464 2076 non

1892 2102 2035 2155 sicut
2061 2103 2339 2170 delictum,
2373 2105 2447 2158 ita
2484 2116 2535 2160 et
2566 2107 2813 2163 donatio.
2855 2108 2912 2164 Si
2961 2112 3106 2165 enim
3144 2113 3304 2167 unius
3335 2114 3467 2168 deli-

1894 2201 1986 2246 cto
2017 2194 2215 2248 mortui
2249 2206 2376 2251 sunt
2416 2198 2591 2263 multi,
2626 2199 2796 2254 multo
2837 2202 3009 2269 magis
3052 2204 3223 2273 gratia
3260 2205 3373 2268 llei,
3410 2218 3468 2259 et

1891 2283 2116 2350 donum,
2157 2288 2208 2339 in
2238 2287 2350 2359 (l7)
2386 2291 2562 2359 gratia
2606 2292 2771 2347 unius
2808 2293 3046 2349 hominis
3083 2295 3208 2350 Jesu
3259 2298 3461 2351 Christi

1893 2376 1947 2431 in
1998 2378 2178 2449 plures
2232 2381 2603 2449 abundavitp
2635 2392 2691 2438 et
2724 2386 2918 2440 asserit
2964 2401 3029 2441 ex
3068 2389 3152 2444 his
3197 2392 3463 2459 completa

1892 2484 2014 2524 esse
2044 2486 2167 2540 qua:
2198 2472 2441 2528 defuisse
2474 2475 2527 2529 in
2558 2476 2935 2544 superioribus
2969 2478 3295 2535 videbantur
3321 2500 3338 2540 :
3364 2499 3465 2537 nec

1893 2556 2119 2613 multum
2149 2561 2415 2619 interesse
2438 2564 2581 2634 quod
2626 2564 2696 2619 ibi
2734 2568 2786 2620 in
2820 2582 3010 2622 omnes
3036 2569 3284 2627 homines
3312 2574 3466 2627 dixe-

1894 2648 1965 2702 rit
1998 2653 2364 2715 pertransisse
2404 2665 2708 2721 peccatum,
2746 2656 2835 2711 hic
2870 2671 2999 2712 vero
3034 2660 3232 2716 donum
3264 2674 3317 2717 et
3343 2680 3465 2733 gra—

1894 2738 2022 2791 tiam
2048 2739 2176 2794 Jesu
2209 2742 2409 2796 Christi
2454 2744 2509 2797 in
2544 2746 2727 2814 plures
2757 2747 3093 2818 abundasse,
3121 2765 3242 2807 cum
3270 2765 3325 2808 et
3348 2769 3466 2810 0m-

1891 2845 1989 2885 nes
2030 2832 2278 2888 homines
2336 2834 2521 2904 plures
2570 2852 2693 2892 esse
2746 2838 3144 2910 intelligantur,
3186 2854 3240 2897 et
3280 2846 3464 2909 plures

1890 2937 2082 2979 omnes
2128 2925 2353 2996 intelligi
2393 2942 2498 2982 non
2548 2930 2796 2985 videatur
2848 2932 3175 2999 absurdum,
3231 2938 3465 2993 maxime

1889 3026 2011 3066 cum
2042 3013 2093 3066 iu
2123 3014 2578 3084 subsequentibus
2602 3019 2645 3050 "
2673 3020 2814 3074 dicat
2842 3026 3114 3090 apertius:
3142 3042 3166 3077 ι
3194 3025 3347 3080 Sicut
3368 3043 3465 3095 per

1891 3104 2049 3159 unius
2079 3104 2332 3161 delictum
2363 3109 2419 3161 in
2446 3122 2638 3164 omnes
2674 3111 2925 3168 homines
2958 3115 3010 3168 in
3044 3118 3463 3174 condemnatio-

1890 3211 2048 3259 nem;
2086 3198 2157 3251 ita
2187 3208 2241 3252 et
2284 3213 2382 3270 per
2423 3202 2583 3255 unius
2622 3199 2889 3268 justitiam
2917 3206 2968 3258 in
2999 3221 3189 3262 omnes
3215 3208 3464 3264 homines

1889 3287 1956 3340 ad
1981 3285 2436 3355 justificationem
2464 3290 2610 3346 vitae.
2637 3309 2655 3343 ι
2685 3292 2745 3345 E1
2781 3303 2840 3347 ut
2875 3295 3184 3352 evidentius
3215 3305 3464 3356 ostende-

1890 3388 1973 3433 ret
2018 3393 2210 3434 omnes
2251 3380 2500 3436 homines
2523 3394 2579 3438 et
2607 3386 2807 3439 multos
2859 3387 3108 3443 homines
3137 3389 3282 3446 idem
3317 3409 3458 3456 esse.

1888 3469 2096 3523 addidit
2117 3470 2204 3524 his
2228 3470 2304 3524 “z
2334 3489 2351 3522 ι
2374 3470 2528 3525 Sicut
2554 3474 2697 3526 enim
2725 3489 2822 3542 per
2853 3476 3277 3533 iuobedientiam
3304 3485 3463 3536 unius

1888 3559 2128 3617 hominis
2158 3572 2481 3631 peccatores
2504 3566 2785 3618 constituti
2825 3579 2951 3621 sunt
2981 3569 3155 3634 multi,
3189 3572 3259 3624 ita
3287 3586 3337 3627 et
3367 3591 3463 3643 per

1888 3652 2049 3707 unius
2091 3654 2460 3707 obedientiam
2512 3656 2646 3724 justi
2704 3658 3106 3714 constituentur
3146 3662 3317 3717 multi.
3342 3685 3360 3717 ι
3400 3668 3463 3721 Et

1887 3745 2029 3811 quod
2059 3745 2310 3813 superius
2356 3760 2548 3801 omnes
2586 3747 2801 3801 dixerat
2840 3747 3115 3817 homines,
3151 3753 3239 3807 hic
3270 3757 3457 3810 eodem

1887 3849 2049 3889 sensu
2078 3836 2277 3892 multos
2306 3839 2632 3893 nominavit.
2686 3837 2802 3894 Nisi
2846 3841 2888 3893 si
2935 3843 3061 3911 quis
3105 3843 3271 3910 dicat,
3318 3856 3456 3915 quod

1889 3924 2060 3993 magis
2103 3926 2434 3994 permiscere
2471 3937 2525 3981 et
2586 3926 2920 3982 confundere
2966 3928 3150 3984 volens
3173 3930 3460 3999 Apostolus

1888 4015 1938 4068 id
1978 4020 2122 4084 quod
2153 4018 2403 4085 superius
2437 4026 2746 4087 aperuerat,
2777 4034 2863 4086 ne,
2892 4028 2949 4073 ut
2986 4020 3243 4087 diximus,
3265 4026 3462 4079 dissol-

1887 4106 2047 4179 555
2078 4118 2231 4164 veret
2256 4125 2320 4165 ac
2352 4113 2621 4165 relaxaret
2650 4111 2936 4167 audientes
2960 4154 2975 4179 ,
3016 4128 3109 4168 eos
3157 4130 3296 4185 quos
3332 4129 3461 4169 ante

1892 4218 1911 4251 ι
1953 4216 2141 4255 omnes
2181 4219 2200 4251 ι
2231 4203 2462 4266 dixerat,
2491 4203 2581 4257 hic
2621 4221 2639 4255 ι
2678 4204 2861 4274 plures
2896 4225 2915 4258 ι
2958 4207 3278 4272 nominavit,
3309 4218 3367 4261 ut
3404 4220 3460 4262 et

1886 4292 2019 4347 illud
2056 4294 2195 4362 quod
2235 4312 2253 4345 ι
2291 4311 2480 4350 oumes
2516 4316 2533 4349 ι
2563 4297 2802 4359 dixit,ad
2825 4312 2923 4351 eos
2951 4299 3324 4352 tantummodo
3347 4309 3460 4352 tra-

209 4395 429 4450 transiit
460 4396 569 4449 vita
599 4409 695 4465 per
729 4395 1033 4461 Christum,
1067 4396 1441 4451 consideravit
1470 4394 1643 4467 palam
1671 4396 1785 4454 haec

1895 4387 2112 4442 heretur
2142 4387 2253 4459 (l8)
2279 4428 2294 4453 ,
2330 4389 2421 4458 qui
2459 4388 2658 4443 donum
2687 4388 2892 4443 Christi
2941 4392 3132 4458 gratim
3177 4394 3456 4444 consecuti

208 4487 316 4542 dici
359 4495 416 4542 et
459 4488 672 4556 publice
719 4502 825 4542 non
879 4488 1084 4542 debere
1116 4505 1129 4540 :
1157 4486 1316 4542 simul
1350 4496 1401 4541 et
1435 4487 1564 4542 illud
1596 4497 1780 4543 osten-

208 4578 360 4647 dens,
394 4580 537 4649 quod
568 4580 781 4635 etiamsi
807 4594 905 4649 per
935 4594 1101 4632 unutn
1137 4578 1415 4634 hominem
1442 4577 1658 4646 iustitia
1692 4579 1778 4633 in-

209 4669 393 4723 troivit
417 4670 469 4723 in
496 4669 638 4724 hunc
661 4670 942 4731 mundum,
966 4676 1020 4723 et
1045 4681 1142 4735 per
1163 4666 1427 4736 justitiam
1454 4667 1588 4732 vita,
1616 4675 1670 4719 et
1696 4666 1778 4720 sic

207 4761 262 4815 in
293 4775 484 4816 omnes
512 4760 760 4816 homines
786 4756 1172 4829 pertransivit,
1215 4768 1394 4812 tamen
1437 4772 1545 4812 non
1593 4758 1695 4829 hoc
1725 4757 1778 4811 in

205 4853 463 4923 prtesenti
501 4852 687 4907 statim
730 4854 1069 4922 contingere,
1115 4865 1215 4905 nec
1260 4849 1450 4905 otiosis
1505 4848 1779 4913 accidere,

274 4973 297 5004 ⁸
324 4970 482 5024 Rom.
517 4985 572 5034 v,
597 4970 687 5023 l2.
760 4972 781 5002 ⁹
809 4967 826 5022 l
853 4969 977 5025 Cor.
1007 4982 1097 5031 xv,
1133 4966 1222 5019 22.
1321 4965 1365 4997 ¹⁶
1406 4963 1537 5018 ibid.

205 5057 296 5106 xv,
325 5042 417 5097 22.
494 5040 539 5072 "
580 5040 617 5095 ll
646 5039 785 5094 Tim.
816 5054 877 5103 ll,
912 5040 1001 5092 11.

277 5181 389 5248 (10)
418 5179 588 5243 Alias,
624 5198 643 5231 ι
664 5175 1036 5248 insuperabili.
1064 5195 1085 5229 ι

311 5254 390 5324 ll)
420 5248 1069 5324 Alias,tpatefactttm.r
1142 5313 1177 5324 Α
1240 5323 1243 5324 ν
1317 5315 1331 5324 _
1576 5320 1586 5324 Α

311 5254 390 5319 ll)
420 5252 598 5314 Alias,
628 5267 646 5300 ι
668 5252 1020 5318 patefactum.
1050 5264 1069 5298 ι
1694 5311 1707 5324 .
1739 5311 1751 5324 ι

274 5252 388 5390 ἓιῖ)
442 5321 535 5373 Sic
584 5330 731 5390 recte
780 5332 882 5372 ms.
929 5331 1100 5390 unus,
1137 5313 1337 5390 Caeteri
1380 5326 1513 5367 vero
1537 5312 1780 5390 et_edttt,

210 5409 229 5442 ι
252 5382 547 5459 Propterea
579 5389 721 5443 sicut
748 5401 865 5459 per
892 5401 1056 5440 ttnum
1090 5386 1362 5439 hominem
1405 5397 1553 5437 mors
1604 5382 1783 5438 intro—
1866 5384 1871 5391 ’

204 5461 305 5513 ivit
340 5458 390 5514 in
425 5461 569 5513 hunc
599 5458 880 5519 mundum,
906 5465 961 5508 et
991 5464 1208 5509 caetera.
1235 5473 1253 5505 ι

275 5532 387 5600 (15)
426 5531 506 5584 Ita
535 5544 664 5600 gms.
707 5542 849 5582 unus
906 5524 1348 5600 liegius._Czeteri
1390 5536 1518 5577 vero
1537 5536 1684 5600 .mss.
1725 5531 1781 5576 et

202 5594 406 5662 editi,'r
431 5609 487 5653 et
532 5599 606 5652 ita
655 5598 707 5651 in
762 5612 954 5652 omnes
994 5594 1239 5651 homines
1281 5594 1639 5665 pertransiit:
1676 5609 1783 5648 non

206 5672 409 5735 retulit,
437 5689 455 5722 ι
487 5679 597 5722 etc.

1642 4963 1682 4993 ιι
1716 4964 1785 4993 ἶιιζ

1075 4986 1097 5031 η,
1133 4966 1222 5019 22.
1321 4965 1365 4997 "
1406 4963 1537 5018 ibid.
1642 4962 1846 5017 “ibid.
1949 4962 1993 4993 "
2022 4962 2060 5014 II
2086 4962 2210 5015 Cor.
2262 4975 2299 5014 tt

1075 5036 1299 5091 “Rom.
1331 5050 1383 5102 v,
1416 5034 1501 5089 15.
1578 5034 1619 5064 ⁸⁷
1651 5032 1780 5089 ibid.
1819 5032 1904 5087 18.
1983 5031 2029 5063 ⁸⁸
2055 5032 2190 5087 ibid.
2216 5031 2305 5087 19.

1882 4488 2026 4539 sunt,
2060 4480 2149 4547 qui
2183 4489 2361 4533 tamen
2396 4495 2501 4533 non
2528 4479 2709 4549 pauci,
2730 4479 2822 4533 sed
2853 4480 3037 4548 plures
3063 4489 3209 4536 sunt.
3245 4481 3456 4535 Etenim

1885 4569 2050 4623 moris
2076 4581 2159 4624 est
2189 4572 2435 4641 apostolo
2465 4570 2654 4637 Paulo,
2709 4585 2832 4625 cum
2863 4571 2934 4626 de
2977 4573 3309 4640 benignitate
3339 4573 3453 4635 Dei,

1886 4672 1944 4717 et
1996 4660 2252 4715 inell‘abili
2306 4662 2427 4728 ejus
2477 4662 2717 4716 bonitate
2748 4663 2924 4731 aliqua
2959 4663 3455 4733 patefecerit(l9;.

1890 4767 2108 4805 rursum
2142 4761 2366 4820 propter
2414 4752 2838 4823 negligentiores
2884 4768 3128 4823 quosque
3173 4756 3457 4809 auditores

1888 4843 2163 4915 paululum
2215 4844 2362 4900 velut
2408 4859 2737 4915 exasperare
2784 4861 2907 4916 quae
2951 4846 3131 4909 dixit,
3170 4854 3225 4901 ct
3255 4857 3455 4901 metum

1949 4961 1993 4993 ¹¹
2022 4960 2060 5014 Il
2086 4959 2210 5015 Cor.
2262 4975 2347 5025 ιιι,
2381 4959 2435 5028 5,
2458 4961 2515 5014 6.
2620 4958 2720 5015 “ll
2748 4959 2877 5015 Cor.
2905 4975 3022 5025 xm,
3053 4959 3107 5014 '5.
3207 4960 3254 4991 "
3284 4960 3452 5013 ltior.

1959 5170 2279 5250 _(_lal)‘Editi,
2316 5169 2501 5236 edixi,
2540 5177 2679 5236 et;i
2734 5167 3025 5236 al.,rdixi,
3096 5168 3265 5231 sed;r
3322 5165 3455 5219 alias
3523 5242 3531 5250 ‘

1887 5257 1907 5292 ι
1936 5243 2180 5295 dixisset.
2211 5260 2228 5293 ι

1958 5313 2005 5382 ('l
2018 5310 2496 5382 5)1Genehra_rdus.
2534 5327 2561 5382 *ι
2587 5322 2684 5376 per
2714 5308 2829 5362 haec
2863 5306 3156 5361 defectum.
3181 5323 3200 5358 ι

1953 5379 2266 5457 (“Deditis
2297 5380 2393 5457 ait!
2426 5379 2741 5457 πυθιιίον...
2796 5446 2807 5456 .

1982 5445 2068 5518 17)
2108 5451 2193 5503 In.
2220 5451 2577 5504 Desideratur
2606 5448 2657 5499 in
2689 5445 2841 5499 libris
2867 5457 3022 5499 antea
3054 5445 3239 5500 ezlitis.

1987 5521 2067 5586 l8)
2100 5519 2198 5573 Ms.
2236 5533 2396 5581 unus,
2429 5535 2448 5569 ι
2488 5518 2813 5586 retraheret.
2854 5535 2872 5568 ι

1958 5584 2257 5662 (l9)Alias,
2294 5606 2313 5639 ι
2348 5585 2711 5656 patefaceret;
2752 5604 2771 5637 ι
2811 5587 2908 5651 al.,
2941 5603 2959 5635 ι
3003 5584 3278 5655 patefacit.
3325 5603 3346 5639 ο
