3986 6206
541 197 680 252 ιιιιη
2064 199 2108 254 0

2181 196 2382 254 GENIS
3634 208 3754 262 1003

539 317 772 385 aliquem
809 319 1210 374 remissioribus
1260 320 1526 375 intentare
1552 360 1568 386 ,
1625 328 1683 375 ut
1711 335 1836 376 cum
1887 321 1952 375 de
2005 321 2108 377 line
2137 330 2181 384 Α
2213 321 2481 382 manibus.
2515 320 2586 373 ita
2636 323 3045 390 quodammodo
3077 324 3191 379 lucc
3225 322 3372 392 luqni
3407 323 3537 394 (25),
3560 325 3694 382 velut
3718 332 3755 382 si

538 409 781 464 omnium
813 409 1111 476 Corinthiis
1139 410 1419 480 disputans
1451 412 1529 464 ait
1577 411 1618 442 ¹⁹
1651 426 1664 465 :
1707 429 1727 463 ι
1780 411 1934 467 Sicut
1962 413 2105 470 enim
2217 412 2341 482 quis
2374 411 2548 466 ﬁdelis
2597 411 2830 469 famulus
2883 425 2938 482 et
2973 416 3212 484 prudens
3253 431 3280 468 a
3321 431 3450 486 rege
3482 432 3667 486 magno
3711 431 3760 473 et

537 498 591 552 in
644 499 815 554 Adam
868 515 1057 555 omnes
1085 499 1198 572 (20)
1231 504 1560 570 moriuntur,
1591 505 1660 560 ita
1697 505 1839 559 etin
1891 504 2108 560 Christo
2215 504 2434 558 dmnino
2483 519 2581 559 suo
2633 506 3021 564 introducatur
3068 509 3121 562 in
3158 508 3444 562 thesauros
3478 510 3667 577 regios,
3713 523 3759 567 et

537 605 726 647 omnes
758 590 1218 660 viviﬁcabuntur;
1279 613 1297 646 ι
1345 605 1400 648 et
1447 595 1608 664 paulo
1637 604 1797 664 post:
1833 614 1852 647 ι
1883 595 2108 662 {Deinde
2213 594 2571 649 ostendantur
2596 596 2643 649 ei
2667 597 2880 652 diversa
2909 608 2963 650 et
2994 612 3188 664 magna
3221 595 3520 660 domicilia,
3556 613 3757 666 quorum

538 681 681 744 ﬁnis,
709 695 831 735 cum
867 682 1158 742 tradiderit
1187 699 1414 754 regnum
1445 685 1556 740 Deo
1581 697 1635 744 ct
1663 685 1834 750 Patri,
1872 705 1890 738 ι
1927 695 1980 742 et
2004 701 2104 742 cm-
2215 685 2395 740 aditus
2432 687 2569 740 varii
2595 687 2710 740 sint
2733 686 2845 756 (26)
2875 697 2930 742 et
2967 687 3157 741 incerti
3180 728 3196 754 ,
3227 689 3298 740 ita
3329 698 3389 742 nt
3420 687 3470 748 ei
3503 703 3597 756 per
3621 689 3756 743 alium

537 781 679 826 tera.
735 770 840 826 Ι)ιό
891 773 1091 841 quibus
1122 789 1315 836 verens
1349 791 1415 830 ne
1441 777 1564 845 quis
1604 777 1822 834 divitias
1850 778 2106 842 bonitatis
2214 777 2492 848 ingressus
2519 821 2533 844 ,
2564 788 2616 834 et
2648 795 2745 847 per
2778 780 2944 840 alium
2981 789 3314 834 monstretur
3350 778 3468 851 (Ξῖ)
3495 795 3756 850 egressus;

538 863 628 918 Dei
659 905 675 930 ,
709 873 763 918 et
795 866 1076 934 patientiee
1102 907 1116 932 ,
1150 876 1203 922 ct
1237 865 1666 940 longanimitatis
1715 881 2102 928 contemnens.
2214 869 2477 924 interdum
2529 879 2710 922 autem
2751 885 2818 924 ex
2854 871 3085 926 diversis
3139 871 3482 941 ingressibus
3519 872 3584 928 ad
3619 890 3753 927 unum

532 955 830 1012 secundum
867 957 1121 1012 duritiam
1156 974 1310 1014 suam
1361 968 1414 1016 ct
1451 976 1546 1018 cor
1593 961 1941 1031 impmnitens
1987 962 2105 1016 the-
2212 961 2466 1016 conclave
2503 961 2774 1025 veniatur,
2799 971 2856 1016 ut
2893 977 3038 1031 szepe
3087 966 3137 1016 in
3171 965 3334 1018 terris
3387 965 3632 1033 quaedam
3663 966 3756 1034 (illi

533 1047 837 1102 sanrizaret
866 1048 966 1102 sibi
1000 1048 1133 1102 iram
1177 1048 1232 1104 in
1277 1049 1364 1103 die
1412 1050 1508 1106 irae
1537 1059 1591 1105 et
1624 1050 1963 1108 revelationis
1991 1050 2103 1120 (ενι)
2212 1049 2458 1103 videmus
2491 1059 2769 1104 exstructa
2807 1049 3005 1120 palatia
3046 1069 3060 1103 :
3093 1053 3416 1107 ostendatur
3450 1055 3614 1108 etiam
3653 1055 3752 1112 huic

531 1138 655 1200 iusti
684 1138 872 1208 jndicii
905 1137 996 1192 Dei
1029 1139 1098 1208 ’°,
1122 1139 1328 1196 addidit
1358 1151 1478 1208 post
1507 1141 1591 1194 illa
1612 1157 1734 1211 qua:
1762 1143 1828 1198 de
1856 1143 1966 1197 ﬁne
1988 1141 2102 1212 (22)
2211 1140 2302 1209 qni
2332 1139 2762 1194 circumducitur
2791 1140 2933 1194 ﬁdeli
2979 1140 3180 1196 famulo
3235 1143 3535 1199 thesaurus
3580 1150 3752 1215 argenti

529 1231 741 1284 dixerat
774 1249 786 1284 :
825 1250 841 1282 ι
877 1229 1053 1286 Nolite
1086 1232 1293 1288 seduci.
1327 1233 1696 1302 Corrumpunt
1723 1249 1902 1288 mores
1933 1235 2102 1288 bonos
2215 1231 2369 1298 regii,
2395 1240 2453 1284 et
2489 1232 2630 1285 alius
2660 1231 2820 1297 auri,
2856 1231 3091 1300 lapidum
3123 1248 3336 1303 quoque
3369 1247 3422 1288 et
3466 1237 3753 1306 margarita-

530 1321 801 1390 eolloquia
846 1321 1005 1375 mala.
1045 1321 1499 1394 Expergiscimini
1523 1322 1682 1391 justi,
1709 1335 1762 1377 et
1791 1323 1956 1378 nolite
1980 1340 2104 1394 pec-
2213 1337 2349 1384 rum,
2380 1322 2766 1392 variorumque
2802 1323 3112 1389 monilium,
3145 1340 3401 1394 purpura:
3427 1324 3597 1380 etiam
3629 1329 3754 1395 regia:

529 1429 674 1468 care.
726 1413 1092 1484 lgnorantiam
1123 1415 1267 1470 enim
1307 1415 1524 1486 quidam
1560 1416 1784 1481 habent,
1817 1417 1884 1471 ad
1913 1415 2103 1471 conl’n-
2213 1415 2385 1478 locus,
2418 1425 2474 1468 et
2505 1415 2642 1470 alius
2669 1416 3037 1472 diadematnm
3080 1437 3094 1473 :
3129 1418 3583 1472 demonstrentur
3610 1420 3753 1474 adhuc

528 1506 740 1558 sionem
777 1505 932 1560 vobis
962 1506 1084 1561 dico
1111 1506 1176 1557 ".
1216 1525 1234 1557 ι
1263 1505 1387 1574 Agit
1415 1520 1550 1577 ergo
1581 1515 1839 1575 tanquam
1865 1507 2102 1575 prudens
2211 1506 2408 1574 regina:
2445 1505 2666 1561 thalami
2706 1507 2816 1576 (29)
2848 1510 2899 1560 in
2939 1506 3125 1562 multis
3175 1509 3517 1580 diversisque
3552 1510 3754 1562 mansio-

530 1597 875 1665 dispcnsator
921 1597 1065 1652 verbi
1103 1615 1116 1650 :
1153 1607 1208 1652 et
1252 1614 1374 1652 cum
1408 1598 1622 1652 venerit
1673 1597 1740 1651 ad
1777 1613 1839 1652 ea
1894 1596 2012 1652 loca
2043 1597 2096 1651 in
2210 1597 2367 1650 nibus
2393 1597 2575 1666 positi,
2602 1608 2656 1651 et
2692 1607 2870 1653 tamen
2901 1600 3012 1671 (δυ)
3033 1600 3242 1672 singula
3281 1601 3399 1654 hare
3428 1616 3537 1654 non
3578 1602 3757 1672 penitus

531 1688 728 1757 quibus
759 1691 824 1743 de
858 1687 946 1742 Dei
1003 1689 1256 1744 bonitate
1285 1687 1572 1744 dicendum
1603 1698 1722 1756 est,
1770 1699 1993 1759 pr0pter
2019 1705 2102 1744 se—
2134 1691 2175 1744 Β
2207 1691 2272 1743 ad
2307 1689 2576 1758 integrum
2625 1691 2939 1760 patentibus
2985 1692 3171 1761 jauuis
3209 1703 3546 1756 reserentnr,
3593 1694 3676 1746 sed
3702 1706 3752 1744 ex

529 1780 747 1849 gniorcs
773 1795 1016 1849 quosque
1047 1789 1102 1834 et
1135 1780 1405 1836 occultius
1434 1783 1549 1836 hazc
1581 1791 1636 1836 et
1662 1781 1952 1836 obscurius
1977 1797 2102 1851 pro-
2206 1793 2359 1852 parte
2389 1783 2696 1853 subapertis
2727 1783 2802 1837 ita
2851 1793 2912 1838 ut
2941 1793 3201 1852 agnoscat
3233 1783 3349 1855 (5|)
3406 1783 3627 1852 quidem
3657 1787 3752 1839 the—

531 1871 656 1933 l'ert,
690 1885 757 1922 ne
789 1868 950 1934 forte,
984 1879 1042 1924 ut
1068 1871 1328 1936 diximus,
1360 1871 1578 1926 divitias
1606 1871 1866 1926 bonitatis
1895 1869 2104 1937 ejus,ct
2205 1889 2399 1928 sauros
2428 1875 2752 1939 dominicos,
2781 1884 2834 1929 et
2862 1873 3041 1945 regias
3077 1890 3229 1944 opes,
3265 1889 3368 1928 nec
3403 1885 3592 1929 tamen
3624 1876 3680 1928 ad
3703 1876 3753 1928 li-

531 1964 811 2034 patientize
834 2004 850 2030 ,
885 1974 940 2018 et
966 1963 1398 2035 longanitnitatis
1431 1972 1826 2028 contemnant,
1861 1973 1914 2018 et
1964 1963 2099 2017 iram
2205 1965 2426 2032 quidum
2463 1975 2517 2020 et
2544 1965 2614 2018 ad
2651 1965 2954 2034 perfectum
2974 1965 3186 2035 singula
3215 1980 3445 2034 quaeque
3465 1977 3754 2035 cognoscat.

529 2056 632 2109 sibi
671 2057 1038 2111 thesaurizent
1089 2057 1140 2110 in
1195 2057 1282 2110 die
1317 2056 1410 2110 ira:
1437 2095 1454 2120 ,
1489 2057 1543 2110 in
1577 2071 1738 2125 quam
1770 2071 1992 2112 necesse
2018 2067 2102 2112 est
2205 2057 2332 2111 Post
2366 2057 2480 2112 haec
2515 2073 2645 2112 vero
2678 2059 2782 2112 iste
2812 2073 3000 2112 servus
3034 2058 3126 2130 qui
3177 2066 3284 2111 tam
3339 2057 3517 2112 ﬁdelis
3564 2057 3754 2111 habitus

532 2148 812 2204 incurrere
837 2163 1024 2202 omnes
1048 2147 1140 2217 qni
1183 2148 1288 2204 sibi
1319 2147 1626 2216 hujusmodi
1656 2157 1805 2217 gesta
1837 2148 2102 2203 thesauri-
2205 2160 2328 2214 est,
2377 2159 2434 2204 ut
2464 2150 2512 2203 ei
2551 2166 2638 2204 rex
2671 2161 2726 2204 et
2763 2150 3017 2205 dominus
3047 2165 3213 2218 opum
3247 2166 3470 2204 suarum
3503 2151 3751 2220 magnitu-

531 2239 806 2294 aaverint.
843 2239 1017 2294 Etiam
1053 2250 1108 2295 tu
1139 2248 1258 2308 post
1290 2240 1404 2294 hinc
1452 2239 1654 2292 videris
1681 2239 1806 2308 quid
1839 2237 1933 2291 ﬁat
1963 2237 2096 2308 (25).
2205 2244 2386 2297 dinem
2433 2241 2626 2298 fecerit
2659 2241 3003 2298 innotescere
3033 2241 3166 2311 (δὲ),
3198 2241 3453 2296 mittatur
3482 2251 3542 2295 ut
3566 2241 3751 2296 exerci-

531 2337 636 2402 sed
666 2347 720 2392 et
751 2338 894 2406 quod
929 2338 1025 2399 ait,
1064 2355 1082 2390 ι
1123 2335 1306 2406 Usque
1334 2337 1400 2394 ad
1436 2337 1610 2408 legem
1634 2337 1779 2392 enim
1819 2347 2097 2407 peccatum
2206 2345 2315 2388 tum
2342 2341 2639 2403 congreget
2687 2333 2797 2406 regi
2845 2333 2981 2404 (⁵53),
3010 2333 3278 2387 delectum
3311 2332 3534 2398 habeat,
3579 2333 3750 2386 milites

530 2441 648 2481 erat
679 2428 729 2481 in
763 2426 1246 2497 hocnnnuloal):
1279 2435 1566 2495 peccatum.
1591 2435 1771 2480 autem
1799 2442 1904 2480 non
1933 2426 2100 2494 impn-
2205 2427 2394 2495 probet
2435 2443 2450 2481 :
2489 2440 2585 2495 pro
2613 2439 2679 2479 eo
2709 2425 2925 2494 quidem
2953 2425 3078 2495 quia
3117 2423 3292 2477 ﬁdelis
3323 2432 3407 2478 est
3433 2463 3452 2489 ,
3503 2433 3562 2476 ut
3595 2423 3750 2492 plures

533 2528 674 2573 tatur
715 2534 835 2574 cum
889 2519 974 2574 lex
1027 2534 1132 2573 non
1182 2527 1291 2586 est,
1317 2538 1336 2572 ι
1378 2520 1482 2574 hoc
1545 2518 1757 2574 videtur
1791 2519 2096 2572 ostendere.
2205 2518 2391 2572 invitet
2423 2517 2489 2572 ad
2530 2517 2892 2580 militandum,
2923 2525 2978 2569 et
3012 2515 3269 2584 majorem
3303 2515 3609 2569 exercitum
3639 2529 3749 2566 cou-

531 2615 676 2676 qnod
704 2627 874 2683 ttsqne
919 2611 988 2665 ad
1017 2611 1188 2679 legem
1217 2651 1234 2676 ,
1265 2612 1370 2670 hoc
1399 2621 1505 2677 est,
1539 2626 1822 2682 usquequo
1848 2611 2098 2666 Christus
2202 2617 2389 2679 greget
2422 2610 2556 2678 regi.
2597 2610 2973 2663 necessitatem
3007 2607 3245 2676 patietur
3277 2606 3529 2674 proferre
3557 2606 3666 2675 (34)
3691 2621 3742 2658 ex

531 2705 738 2756 veniret
759 2704 852 2769 qui
880 2701 1021 2755 tollit
1054 2712 1332 2770 peccatum
1361 2703 1546 2758 mtrndi
1573 2704 1641 2768 ",
1675 2713 1957 2772 peccaturo
1981 2712 2096 2756 erat
2201 2708 2354 2767 parte
2380 2713 2500 2766 qua:
2532 2697 2727 2752 viderit
2759 2714 2773 2752 :
2807 2709 2861 2752 et
2905 2713 3120 2751 rursum
3152 2697 3279 2767 quia
3313 2698 3556 2764 prudens
3581 2707 3680 2759 est,
3707 2703 3750 2746 et

532 2793 586 2846 in
622 2793 840 2854 mundo.
895 2790 1237 2846 Manifestum
1282 2802 1366 2846 est
1417 2802 1598 2850 autem
1652 2803 1936 2863 peccatum
1990 2807 2096 2848 non
2201 2791 2303 2847 scit
2325 2792 2688 2846 necessarium
2723 2805 2844 2846 esse
2885 2789 3217 2846 abscondere
3246 2789 3566 2861 mysterium
3596 2790 3747 2858 regis.

531 2897 690 2954 posse
721 2883 995 2956 imputari,
1033 2883 1121 2937 ubi
1160 2883 1246 2936 lex
1275 2900 1379 2939 non
1409 2894 1491 2939 est
1520 2900 1640 2954 qum
1674 2895 1868 2954 arguat
1901 2899 2096 2954 pecca-
2203 2883 2418 2938 indiciis
2465 2883 2790 2952 quibusdam
2831 2883 3004 2952 magis
3043 2897 3205 2952 quam
3242 2881 3601 2936 relationibus
3651 2892 3750 2933 ute-

532 2986 726 3030 torem.
763 2993 780 3024 ι
828 2973 1095 3043 Regnavit
1124 2984 1302 3029 autem
1334 2991 1516 3040 mors,
1564 2995 1582 3028 ι
1619 2991 1741 3046 quae
1782 2991 1879 3045 per
1907 2990 2097 3045 pecca-
2128 3034 2166 3046 Α
2205 2982 2324 3038 tur;
2359 2973 2432 3026 ita
2466 2982 2522 3026 ut
2563 2974 2802 3042 potentia
2839 2974 3056 3042 quidem
3092 2973 3236 3042 regis
3274 2989 3382 3027 non
3419 2973 3579 3026 lateat
3611 2989 3625 3037 ;
3675 2987 3752 3026 or-

529 3077 641 3121 tum
677 3067 849 3122 fuerat
877 3069 1137 3132 ingressa,
1176 3085 1194 3118 ι
1232 3083 1404 3138 usque
1433 3071 1500 3124 ad
1533 3068 1772 3141 Moysen,
1805 3090 1824 3124 ι
1859 3070 1963 3125 hoc
2011 3079 2094 3124 est
2123 3064 2168 3094 "
2202 3066 2346 3120 diuis
2373 3073 2549 3119 autem
2583 3105 2599 3130 ,
2628 3075 2792 3132 atque
2821 3074 3045 3119 ornatus
3077 3064 3286 3134 palatii,
3326 3075 3382 3119 et
3409 3065 3622 3119 habitus
3667 3080 3751 3117 oc-

529 3171 809 3227 usqnequo
833 3157 919 3211 lex
938 3155 1580 3226 pct‘mansit,tineosqui
1609 3169 1966 3228 peccaverunt
2007 3174 2094 3214 sc—
2201 3155 2342 3210 culta
2381 3165 2558 3210 tamen
2593 3165 2809 3209 maneat
2857 3157 3194 3226 dispensatio
3219 3155 3356 3227 (35).
3408 3155 3486 3211 Ita
3517 3172 3658 3225 ergo,
3700 3165 3751 3209 te:

524 3251 761 3306 ettndum
809 3250 1217 3305 similitudinem
1251 3250 1458 3318 peccati
1509 3249 1717 3315 Adam,
1755 3269 1773 3300 ι
1813 3265 1906 3318 per
1933 3265 2091 3318 quem
2203 3248 2338 3312 dixi,
2379 3248 2592 3301 videtur
2625 3247 2754 3300 mihi
2803 3249 2968 3301 etiam
3021 3249 3296 3316 apostolus
3331 3248 3535 3302 Paulus
3573 3250 3620 3302 in
3671 3249 3746 3303 his

529 3357 673 3396 mors
713 3343 826 3411 ipsa
857 3341 1067 3410 accepit
1096 3341 1433 3411 ingressum;
1483 3360 1502 3393 ι
1538 3341 1628 3411 qui
1667 3361 1686 3394 ι
1716 3340 1888 3395 Adam
1924 3361 1946 3398 ι,
1982 3339 2091 3396 for-
2199 3338 2543 3392 sermonibus
2591 3337 2775 3394 facere
2801 3379 2816 3404 ,
2864 3348 2917 3392 et
2957 3356 3060 3392 non
3095 3341 3272 3394 solum
3306 3355 3405 3408 pro
3437 3356 3502 3394 eo
3541 3343 3671 3408 quod
3700 3351 3746 3392 et

526 3451 612 3488 ma
645 3436 809 3490 futuri
838 3445 942 3498 est,
983 3454 1001 3487 ι
1045 3451 1149 3490 non
1197 3436 1500 3490 secundum
1537 3437 1678 3505 quod
1713 3437 2096 3504 prmvaricatus
2199 3430 2315 3498 ipse
2348 3429 2523 3496 dicit,
2553 3431 2678 3498 quia
2713 3446 2778 3484 ex
2808 3441 2962 3499 parte
2993 3431 3172 3497 sciat,
3199 3441 3252 3484 ct
3283 3446 3350 3485 ex
3387 3444 3538 3501 parte
3563 3448 3744 3500 cogno-

522 3533 630 3587 nst,
661 3525 756 3578 sed
781 3525 1081 3578 secundum
1108 3525 1224 3578 hoc.
1242 3525 1385 3593 quod
1414 3527 1558 3580 sicut
1591 3539 1692 3595 per
1721 3525 1894 3594 ipsum
1928 3540 2094 3588 mors,
2197 3530 2314 3575 scat
2358 3521 2424 3586 “,
2453 3521 2547 3575 sed
2577 3531 2630 3574 et
2661 3532 2880 3590 propter
2923 3539 3018 3577 nos
3060 3525 3150 3592 qui
3184 3538 3282 3578 nec
3308 3539 3370 3576 ea
3401 3524 3607 3592 quidem
3638 3538 3740 3589 qua-

524 3617 600 3668 ita
628 3631 723 3682 per
753 3614 1106 3668 novissimum
1137 3615 1304 3668 Adam
1334 3615 1445 3668 vita
1472 3615 1713 3683 ingressa
1742 3621 1824 3669 est
1870 3615 1922 3668 in
1953 3615 2097 3670 hunc
2197 3627 2263 3667 ex
2291 3621 2445 3680 parte
2469 3613 2574 3666 scit
2608 3629 2804 3682 capere
2841 3630 3149 3684 possumus,
3203 3624 3507 3681 temperare
3550 3630 3736 3668 sermu-

525 3707 782 3760 tnnndnm
813 3705 859 3738 ”
889 3723 903 3760 :
936 3717 990 3760 et
1021 3707 1156 3762 sicut
1187 3721 1284 3774 per
1331 3705 1480 3760 illum
1525 3707 1578 3761 in
1608 3721 1801 3762 omnes
1853 3707 2099 3762 homines
2200 3719 2342 3768 nem,
2374 3713 2430 3758 et
2459 3703 2619 3774 546
2644 3705 3066 3771 uniuscujusque
3091 3705 3343 3758 conclave
3381 3705 3610 3775 mysterii
3639 3701 3734 3771 (56)

525 3797 908 3851 condemnatio
937 3838 952 3863 ,
987 3799 1059 3851 ita
1091 3807 1146 3852 et
1175 3811 1272 3866 per
1300 3797 1577 3852 Christum
1616 3799 1670 3852 in
1700 3813 1890 3853 omnes
1922 3799 2097 3852 homi-
2197 3794 2424 3864 singulis
2476 3805 2569 3848 aut
2619 3794 2705 3847 vix
2744 3795 2885 3849 binis
2933 3796 3299 3864 perstringere
3346 3806 3402 3849 et
3449 3793 3730 3864 subaperitc

529 3901 624 3940 nes
646 3886 984 3950 jnstiﬁcatio.
1019 3889 1139 3943 llaec
1163 3890 1227 3943 de
1255 3889 1422 3958 ipsius
1447 3889 2098 3959 eloquiiapostolicicon—
2197 3886 2542 3940 sermonibus
2592 3903 2606 3938 :
2660 3896 2713 3940 et
2746 3902 2890 3941 nunc
2920 3901 3018 3957 per
3048 3902 3214 3939 unum
3249 3887 3454 3939 aditum
3490 3887 3730 3955 ingressus

530 3979 758 4031 liuentia
807 3978 950 4032 dicta
985 3981 1114 4033 sint.
1151 3981 1442 4037 Videamus
1484 3998 1627 4037 nunc
1656 3983 1784 4051 quid
1817 3984 1982 4036 etiam
2015 3982 2098 4036 iu-
2197 3995 2295 4050 per
2330 3981 2495 4035 alium
2523 3981 2753 4054 digredi,
2788 3999 2930 4038 nunc
2960 3998 3027 4036 ex
3053 3981 3160 4036 alio
3203 3982 3488 4052 ingressus
3515 3983 3574 4034 ad
3603 3979 3720 4033 aliud

531 4068 699 4119 terior
726 4068 926 4122 habeat
957 4069 1280 4132 intellectus.
1323 4071 1428 4126 Sed
1464 4081 1519 4128 et
1545 4073 1676 4128 illud
1703 4075 1881 4142 primo
1907 4073 2098 4127 inloco
2196 4074 2451 4128 conclave
2484 4088 2813 4129 concurrere
2837 4113 2852 4138 ,
2907 4075 2980 4128 ita
3015 4084 3073 4128 ut
3111 4075 3156 4128 si
3202 4076 3450 4142 requiras
3491 4087 3605 4124 eum
3653 4068 3724 4121 illo

528 4157 930 4212 admonendum
988 4170 1139 4230 puto,
1182 4163 1324 4229 quod
1375 4163 1586 4216 videtur
1639 4165 1772 4219 mihi
1822 4165 2099 4234 apostolus
2197 4165 2343 4218 aditu
2395 4179 2501 4234 quo
2555 4165 2832 4235 ingressus
2861 4176 2982 4230 est,
3034 4181 3136 4219 non
3176 4166 3420 4219 invenias
3459 4175 3720 4232 egressum.

528 4250 725 4306 l‘anlus
754 4252 806 4306 in
834 4253 917 4308 his
944 4254 1213 4324 praecipue
1243 4253 1375 4307 locis
1400 4269 1518 4322 quae
1561 4271 1704 4310 nunc
1737 4255 2002 4310 habentur
2037 4255 2091 4310 in
2202 4255 2329 4312 lla-c
2362 4270 2492 4326 ergo
2526 4257 2677 4325 prius
2705 4257 2770 4312 de
2801 4257 2884 4312 his
2899 4271 3019 4325 quze
3048 4254 3246 4309 Paulus
3270 4255 3482 4318 scribit,
3502 4255 3551 4306 in
3579 4261 3724 4304 incute

603 4387 644 4417 "
682 4387 696 4440 Ι
738 4388 862 4442 Cor.
895 4403 983 4444 xv.
1017 4386 1088 4440 Ἡ
1113 4429 1127 4449 .
1163 4387 1253 4440 ‘24.
1371 4388 1416 4418 “
1453 4385 1606 4442 Rom.
1642 4403 1716 4452 ιι,
1746 4389 1801 4452 4,
1828 4391 1881 4444 εἰ.
1984 4391 2025 4421 ’³
2060 4389 2079 4442 l

527 4459 572 4487 ’⁵
599 4454 613 4507 Ι
641 4457 769 4512 Cor.
802 4472 926 4513 xm.
956 4460 1009 4513 9.
1031 4457 1116 4510 12.

2147 4405 2234 4445 or.
2271 4406 2363 4456 xv,
2400 4391 2492 4458 53,
2528 4391 2616 4446 54.
2731 4395 2776 4425 ³⁸
2802 4392 2961 4448 Joan.
2992 4405 3028 4452 ι,
3063 4390 3156 4444 ‘29.
3270 4389 3315 4418 "
3341 4388 3356 4440 ι
3383 4389 3507 4442 Cor.
3534 4399 3614 4449 xv,
3651 4379 3721 4434 22.

753 4495 769 4511 ο
802 4495 926 4522 (IIII,
957 4495 1009 4524 ν’
1036 4495 1116 4510 Ι-.

2122 3034 2168 3094 ‘8

599 4569 710 4646 (279)
741 4567 955 4646 anes.
993 4571 1147 4646 Deest
1173 4573 1225 4646 in
1256 4569 1411 4646 libris
1445 4579 1599 4646 antea
1627 4571 1806 4646 editis.
1899 4643 1926 4646 _7
1966 4642 1976 4646 _
2124 4554 2168 4608 D
2270 4574 2381 4646 (29)
2411 4573 2512 4646 Ms.
2549 4591 2706 4639 unus,
2743 4595 2762 4627 ι
2797 4573 2927 4645 regii
2969 4573 3212 4628 thalami.
3249 4589 3268 4622 ι
3575 4634 3586 4646 θ

599 4639 853 4715 (ἢῆ-ινιτ
887 4652 934 4694 ει
977 4641 1329 4694 reuelationis.
1360 4640 1484 4695 Hice
1516 4642 1710 4697 desunt
1756 4643 1808 4695 in
1845 4642 2010 4698 editis
2038 4653 2092 4703 et
2272 4639 2384 4715 (50)
2441 4644 2656 4702 Tamen.
2698 4647 2790 4702 Sic
2839 4639 2985 4698 {cete
3033 4658 3136 4700 ms.
3187 4654 3326 4696 unus
3359 4655 3375 4702 ;
3417 4639 3590 4693 caeteri
3621 4644 3726 4688 vero

527 4713 578 4764 in
610 4711 882 4777 plerisque
909 4725 1038 4766 mss.
2207 4711 2339 4769 mss.
2366 4711 2428 4770 et
2455 4715 2607 4779 editi,
2650 4733 2669 4766 ι
2703 4724 2849 4771 tunc.
2889 4732 2908 4764 ι

739 4779 900 4854 ιξιιιιί,
933 4798 951 4832 ι
995 4780 1118 4834 ﬁde.
1155 4798 1173 4830 ι
1317 4850 1328 4854 _
1476 4851 1490 4854 _
1681 4853 1688 4854 7
1803 4853 1809 4854 7

1803 4853 1809 4854 7
2274 4783 2379 4854 (5i)
2418 4785 2578 4851 Editi,
2617 4803 2636 4836 ι
2669 4796 2762 4839 aut
2799 4793 3079 4854 agnoscat.
3119 4800 3137 4834 ι
3176 4779 3336 4833 male.

597 4848 710 4921 (23)
745 4848 922 4921 Alias,
946 4867 965 4900 ‹
995 4863 1212 4921 munem
1240 4850 1424 4921 qui....
1455 4851 2088 4920 thesaurizavit,etiamsi
2271 4848 2382 4921 (δὲ)
2416 4848 2586 4918 Alias,
2622 4873 2642 4905 ι
2671 4848 2874 4908 faceret
2903 4853 3262 4907 innotescere.
3302 4867 3322 4900 ι

527 4929 651 4986 post
679 4916 792 4994 haec
824 4917 1044 4994 Judteus
1073 4920 1200 4994 quis
1234 4916 1419 4994 ﬁat,»
1457 4921 1609 4994 al.,_c
1647 4916 1864 4980 onmem
1897 4926 2088 4994 qui....
2271 4916 2383 4993 (35)
2423 4916 2580 4994 Begi.
2615 4925 2776 4994 Deest
2805 4925 2858 4978 in
2901 4923 3155 4994 editis_7e_t
3189 4921 3240 4974 in
3270 4916 3586 4994 quibusdam
3615 4925 3726 4989 mss.

528 4990 936 5067 thesaurizavit,
968 4989 1182 5044 etiamsi
1220 4999 1338 5067 post
1371 4991 1484 5045 haec
1519 4992 1724 5048 videris
1752 4995 1876 5062 quis
1905 4989 2015 5047 ﬁat.
2063 5013 2083 5047 ι
2270 4989 2383 5067 (54)
2411 4991 2482 5047 Et
2507 4989 2823 5067 'majarem,
2857 5003 2964 5049 etc.
2997 4991 3140 5067 Editi
3165 5030 3182 5052 ,
3215 5009 3233 5041 ι
3265 4989 3520 5067 majorem
3547 4996 3730 5067 exertu-

527 5060 647 5132 Sed7
669 5072 819 5132 recte
844 5073 944 5113 ms.
975 5073 1114 5114 unus
1138 5069 1196 5114 ut
1221 5051 1283 5132 in
1312 5071 1501 5132 nostro
1535 5071 1702 5116 testu.
1769 5051 1785 5062 ’
2199 5051 2310 5117 tum
2341 5051 2633 5132 c'ongrege't
2660 5051 2833 5132 regni,
2883 5051 3256 5132 necessitatetn
3305 5051 3546 5132 patietur
3584 5051 3731 5104 reler-

599 5129 714 5198 (24)
738 5130 909 5202 Alias,
949 5145 967 5179 ι
998 5143 1168 5198 usque
1195 5131 1263 5185 ad
1309 5130 1479 5199 legero
1516 5141 1693 5186 autem
1726 5143 2006 5202 peccatum
2037 5133 2090 5186 in
2197 5149 2274 5196 re,
2314 5152 2334 5186 ι
2371 5127 2476 5188 εξιοῖ
2511 5127 2769 5187 Μαι-Ιίιιιῖθ
2795 5172 2810 5196 ,
2844 5149 2864 5183 ι
2903 5131 3177 5202 majorem
3192 5127 3490 5202 exercitum
3524 5134 3728 5202 congre-

527 5197 876 5272 lmjtmldt),
913 5218 932 5248 ν
969 5197 1095 5272 εὲοί
1320 5270 1331 5272 _
1365 5197 1386 5199 ”
1540 5270 1551 5272 _
1618 5270 1628 5272 _
1726 5197 1759 5272 '7
2195 5214 2285 5270 get
2313 5203 2382 5258 ob
2430 5203 2578 5272 regni
2628 5197 3034 5264 necessitatem,
3069 5199 3307 5269 patietur
3335 5197 3554 5256 referre,
3586 5209 3606 5244 ι
3631 5200 3727 5242 etc.

598 5267 714 5340 (25)
749 5268 916 5340 Editi,
957 5286 976 5319 ι
1011 5269 1084 5322 ita
1111 5277 1166 5324 et
1189 5270 1590 5337 quodammodo
1617 5270 1719 5326 hoc
1749 5271 1918 5340 loqui.
1960 5290 1979 5324 ι
2196 5267 2300 5327 Sed
2330 5267 2517 5327 omnes
2546 5288 2679 5328 mss.
2707 5283 2766 5326 ut
2797 5273 2848 5326 in
2880 5267 3266 5324 nostro—textu.

598 5330 712 5407 (26)
736 5336 877 5392 Sint.
906 5330 1352 5394 l’rmtermiititur
1385 5340 1438 5394 in
1461 5341 1621 5396 editis
1651 5353 1706 5396 et
1737 5343 1789 5396 in
1816 5330 2090 5412 plerisque
2214 5411 2223 5412 7
2268 5343 2378 5411 (55)
2402 5343 2572 5406 Alias,
2608 5361 2629 5394 ι
2667 5341 2938 5396 ordinatio
2959 5351 3124 5412 atque
3151 5347 3374 5412 ornatus
3409 5351 3429 5412 ξ
3455 5330 3566 5412 (ab.
3604 5344 3625 5379 α
3649 5341 3728 5412 9r-

528 5404 704 5479 ”‘331:
743 5476 780 5479 μ
805 5477 834 5479 _-
875 5478 878 5479 ,
1053 5478 1058 5479 ,
1113 5478 1116 5479 ν
1816 5404 1832 5412 ’
2002 5404 2018 5412 ’
2194 5404 2566 5466 (Ιὶιιίεἰθηιειι
2609 5421 2771 5479 atque
2817 5404 3065 5479 ornatus)
3103 5409 3287 5479 palatii
3329 5416 3384 5460 et
3417 5404 3618 5457 habitus
3646 5411 3729 5450 0c-

599 5476 712 5548 (ἓξ)
742 5476 907 5548 ιιξιιίιί,
937 5497 957 5528 ι
993 5478 1348 5534 ministretur.
1394 5498 1413 5530 ι
2197 5483 2338 5548 cnltp
2376 5489 2586 5542 Inaneat
2611 5476 2964 5548 dispensatio.
3006 5498 3024 5532 ι

600 5535 710 5614 βε)
757 5535 928 5613 All“.
955 5567 998 5628 “
1053 5549 1334 5628 (ιιρσξάυιιις
1379 5567 1400 5602 ³
1438 5549 1535 5612 ³1..
1573 5569 1590 5603 ι
1625 5567 1882 5622 quaeque;
1917 5571 1936 5605 ι
1985 5552 2081 5620 aL,
2265 5535 2378 5620 (3.6)
2409 5535 2574 5628 liditi,
2617 5568 2635 5602 ι
2678 5535 2951 5605 conclavis
2996 5548 3311 5626 mysterium
3334 5561 3400 5619 ;_)
3435 5538 3525 5598 sed
3554 5546 3725 5594 οωιεδ

535 5631 552 5663 ι
583 5628 834 5684 quoque;
869 5633 886 5666 ο
923 5615 1014 5680 al.,
1051 5635 1067 5668 ι
1103 5618 1243 5671 inter
1277 5633 1523 5689 quaeque.
1566 5640 1584 5672 ι
1644 5615 1657 5622 ’
1764 5615 1780 5622 ’
1865 5615 1899 5641 ’ί
2067 5615 2077 5620 ’
2195 5634 2321 5673 mss.
2359 5615 2416 5674 ut
2441 5621 2494 5676 in
2528 5630 2711 5676 nostro
2739 5629 2907 5676 textu.

1538 5813 1557 5840 Ι
