3914 6352
116 430 258 492 1009

1073 431 1433 488 COMMENT.
1477 431 1540 488 ΙΝ
1581 428 1804 488 EPIST.
1839 433 1928 488 AD
1963 429 2288 489 ROM.LIB.
2325 432 2390 487 ν.

3248 437 3388 495 1010

118 557 307 603 nostra
344 555 509 616 atque
534 546 730 602 animis
754 545 1096 617 ordinantes,
1130 567 1272 606 nunc
1297 554 1404 622 jam
1439 553 1504 608 ad
1531 553 1701 621 iuspi-
1730 557 1777 616 Α
1804 553 1956 620 Adae,
2010 568 2132 610 cum
2164 553 2347 607 adhuc
2391 559 2534 608 esset
2578 553 2630 605 in
2665 551 2951 621 paradiso;
2987 561 3041 607 et
3068 567 3256 610 omnes
3287 556 3387 611 ho-

115 639 314 692 cienda
348 647 402 692 et
432 639 740 692 contuenda
767 653 830 693 ea
881 654 1001 710 qua:
1033 642 1088 695 in
1117 643 1369 698 manibus
1401 644 1694 708 habentur,

114 746 216 800 pro
251 731 458 787 viribus
487 740 893 786 convertamur.
931 733 996 787 Et
1029 735 1210 803 primo
1245 737 1534 792 videamus
1563 753 1702 807 quo-

115 821 283 875 modo
329 839 350 872 r
396 835 493 892 per
527 835 690 876 unum
731 823 1006 879 hominem
1058 836 1341 894 peccatum
1375 829 1611 884 introivit
1647 829 1698 883 in

113 915 266 968 hunc
291 917 571 978 mundum,
595 924 651 968 et
678 929 777 985 per
811 927 1092 985 peccatum
1134 933 1282 973 mors
1321 921 1389 973 ’⁸.
1426 941 1444 972 ι
1480 920 1702 976 Fortas-

111 1004 194 1058 sis
221 1004 367 1059 enim
395 1007 641 1074 requirat
665 1006 884 1076 aliquis,
922 1005 968 1062 si
996 1018 1123 1063 ante
1154 1010 1329 1064 Adam
1365 1012 1558 1066 mulier
1577 1028 1703 1081 pec-

109 1098 286 1163 cavit,
317 1099 386 1153 de
413 1113 518 1168 qua
553 1098 773 1164 dicitur,
802 1100 931 1170 quia
957 1117 978 1153 ι
1023 1103 1247 1158 seducta
1277 1105 1331 1157 in
1367 1105 1702 1172 praevarica-

109 1190 271 1243 tione
299 1189 440 1246 facta
466 1201 548 1245 est
585 1192 666 1256 ";
708 1212 726 1244 ›
761 1203 814 1247 et
843 1208 1054 1249 rursum
1092 1205 1220 1250 ante
1252 1197 1425 1264 ipsam
1458 1198 1703 1267 peccavit

108 1295 371 1351 serpens.
406 1281 652 1337 Peccavit
681 1285 826 1339 enim
855 1301 979 1338 cum
1010 1286 1151 1340 dixit
1182 1287 1394 1342 mulieri
1419 1311 1430 1342 :
1455 1305 1473 1339 ε
1505 1287 1702 1354 thuid

114 1375 227 1429 hoc
258 1375 395 1428 dixit
439 1374 602 1443 Deus,
639 1384 700 1429 ut
731 1392 836 1430 non
886 1378 1226 1432 manducetis
1259 1380 1325 1434 de
1359 1380 1504 1434 omni
1559 1379 1704 1447 ligno

113 1467 358 1534 paradisi
387 1467 481 1520 ³⁷1
517 1485 534 1519 ι
581 1467 645 1523 Et
678 1468 874 1522 iterum
921 1469 1190 1539 peccavit,
1223 1485 1347 1523 cum
1385 1469 1526 1525 Deus
1556 1471 1704 1524 dixe-

114 1558 191 1611 rit
230 1558 345 1627 (37)
373 1601 386 1622 ,
420 1560 546 1628 quia
588 1577 606 1611 ι
644 1573 969 1630 quacunque
998 1559 1086 1614 die
1143 1559 1606 1616 manducaveritis
1635 1576 1700 1614 cx

110 1665 206 1715 eo,
244 1659 417 1706 morte
444 1651 753 1708 moriemini
776 1652 842 1716 ³⁸,
890 1669 908 1703 ι
943 1662 999 1708 et
1040 1652 1131 1707 ille
1170 1653 1372 1708 dixerit
1397 1653 1464 1708 ad
1513 1653 1705 1708 mulie-

113 1759 234 1800 rem
271 1765 286 1801 :
325 1765 344 1798 ι
383 1747 498 1802 Non
548 1757 725 1804 morte
759 1748 1110 1813 moriemini;
1173 1751 1271 1803 sed
1308 1748 1514 1804 sciebat
1561 1749 1704 1804 Deus

111 1843 242 1911 quia
301 1857 624 1913 quacunque
675 1841 762 1896 die
815 1841 1267 1895 manducaveritis
1315 1857 1379 1895 ex
1423 1855 1524 1904 eo,
1566 1855 1698 1908 ape-

111 1907 335 1989 rientur
363 1934 501 1989 oculi
537 1907 697 1988 vestri
719 1974 733 1994 .
775 1942 830 1987 et
861 1932 1010 1986 eritis
1054 1932 1192 1988 sicut
1228 1931 1299 1986 dii
1331 1931 1566 1985 scientes
1599 1930 1699 1984 bo-

1809 1937 1992 1978 renum
2016 1962 2031 1986 ,
2065 1922 2364 1976 secundum
2398 1937 2525 1976 vero
2575 1922 2641 1974 de
2686 1920 2830 1975 coelo
2876 1923 3157 1977 ctelestem
3195 1964 3209 1987 ,

114 2029 249 2068 num
281 2025 333 2071 et
357 2019 554 2070 malum
588 2021 653 2071 ".
691 2037 708 2070 ι
747 2018 802 2073 Si
839 2035 970 2088 ergo
1003 2030 1126 2075 ante
1159 2023 1328 2076 Adam
1361 2023 1555 2077 mulier
1581 2038 1702 2092 pec-

102 2107 289 2170 cavit,
331 2115 385 2161 ct
417 2117 545 2164 ante
579 2110 862 2166 mulierem
891 2125 1138 2182 serpens,
1170 2121 1227 2168 et
1260 2113 1312 2167 in
1340 2113 1448 2168 alio
1479 2113 1602 2169 loco
1627 2117 1704 2169 di-

93 2199 175 2254 cit
204 2199 512 2270 Apostolus
541 2243 554 2266 ,
587 2202 715 2270 quia
752 2221 770 2253 ‹
804 2203 975 2257 Adam
1011 2217 1116 2259 non
1149 2214 1234 2260 est
1273 2206 1548 2270 seductus,
1578 2223 1696 2262 mu-

103 2291 214 2344 lier
270 2299 448 2345 autem
501 2294 722 2349 seducta
768 2302 853 2349 est
895 2295 964 2361 ³ο,
1023 2314 1042 2348 ι
1091 2297 1363 2368 quomodo
1408 2312 1506 2367 per
1534 2315 1699 2354 unum

111 2383 417 2448 hominem,
444 2393 499 2439 et
527 2400 632 2439 non
665 2387 838 2458 magis
863 2399 962 2455 per
987 2401 1149 2442 uuam
1188 2389 1465 2446 mulierem
1495 2389 1703 2446 videbi-

118 2483 212 2530 tur
259 2477 514 2534 introisse
561 2479 888 2548 peccatum?
937 2483 977 2534 A
1026 2483 1251 2538 muliere
1287 2485 1432 2540 enim
1475 2484 1690 2540 initium

115 2570 364 2634 peccati,
412 2581 467 2624 et
513 2579 638 2625 ante
668 2569 950 2628 mulierem
985 2588 1014 2626 a
1061 2583 1336 2646 serpente,
1371 2577 1488 2632 sive
1517 2591 1546 2631 a
1584 2569 1701 2630 dia-

116 2659 268 2723 bolo,
302 2661 369 2715 de
397 2677 504 2731 quo
545 2664 747 2720 dicitur
783 2667 838 2719 in
874 2665 1172 2736 Evangeiio
1196 2709 1211 2732 ,
1251 2668 1376 2740 quia
1413 2688 1431 2720 ς
1471 2669 1561 2724 ille
1601 2669 1702 2724 ho-

117 2751 320 2806 micida
351 2764 469 2807 crat
494 2754 561 2809 ab
595 2755 749 2811 initio
776 2757 841 2809 ⁸¹.
886 2777 903 2810 ι
943 2760 1048 2814 Sed
1081 2758 1204 2813 vide
1240 2760 1291 2812 in
1322 2759 1406 2816 his
1465 2759 1702 2830 Aposto-

121 2846 232 2898 inm
278 2856 488 2899 natura:
515 2849 762 2903 ordinem
807 2852 1071 2918 tenuisse,
1106 2859 1162 2904 ct
1197 2851 1317 2906 ideo
1343 2854 1602 2924 quoniam
1638 2854 1703 2908 de

118 2945 342 3002 peccato
371 2935 716 3004 loquebatur.
742 2955 806 2995 ex
839 2957 946 3010 quo
973 2959 1116 2999 mors
1145 2945 1196 2998 in
1229 2960 1420 3000 omnes
1452 2944 1703 2999 homines

121 3028 515 3093 pertransierat
548 3028 613 3094 λ’,
639 3033 1046 3088 successionem
1082 3035 1416 3103 posteritatis
1451 3034 1702 3091 humana:

121 3133 238 3184 qua:
268 3119 396 3174 huic
429 3121 590 3176 inerti
622 3123 913 3177 succubuit
950 3139 1014 3178 ex
1054 3136 1280 3196 peccato
1303 3126 1696 3192 venienti,nou

124 3195 333 3264 mulieri
365 3211 611 3277 ascribit,
637 3213 730 3268 sed
760 3214 895 3268 viro.
933 3214 1048 3270 Non
1076 3217 1220 3270 enim
1251 3233 1313 3272 ex
1352 3219 1576 3273 muliere
1601 3235 1700 3288 po-

119 3303 365 3366 steritas,
389 3305 482 3359 sed
521 3323 585 3362 ex
635 3305 753 3361 viro
781 3308 1114 3376 nominatur,
1153 3309 1295 3364 sicut
1327 3321 1382 3365 et
1412 3309 1527 3380 ipse
1551 3312 1699 3380 Apo-

120 3395 286 3449 stolus
323 3395 440 3464 ('58)
485 3399 535 3451 in
581 3398 702 3453 aliis
750 3397 925 3455 dicit:
975 3421 993 3453 ‹
1045 3400 1158 3457 Non
1190 3403 1335 3458 enim
1385 3414 1471 3458 est
1516 3403 1601 3458 vir
1631 3420 1697 3459 ex

127 3485 379 3550 mtdiere,
412 3491 504 3542 sed
549 3488 745 3545 mulier
769 3506 836 3545 ex
870 3491 1023 3558 viro;
1067 3512 1085 3545 ι
1121 3504 1175 3548 et
1215 3495 1411 3548 iterum
1446 3513 1460 3549 :
1494 3513 1513 3545 ι
1550 3493 1700 3550 Sicut

118 3577 259 3629 enim
293 3577 501 3630 mulier
533 3593 597 3633 ex
639 3579 756 3634 viro
780 3620 797 3644 ,
829 3583 901 3637 ita
928 3593 985 3638 et
1013 3583 1097 3637 vir
1134 3602 1153 3636 ι
1189 3599 1297 3640 non
1325 3600 1388 3640 ex
1426 3585 1655 3639 muliere
1681 3626 1696 3649 ,

117 3667 205 3720 sed
237 3685 256 3719 ς
283 3685 392 3739 per
417 3668 698 3725 mulierem
727 3671 812 3737 ³³;
853 3691 872 3724 ι
899 3683 954 3728 et
993 3673 1062 3729 ob
1097 3673 1202 3729 hoc
1238 3675 1484 3730 mortalis
1517 3685 1700 3744 poste-

117 3756 280 3826 ritas,
339 3770 398 3812 et
457 3760 752 3830 corporalis
803 3767 1126 3828 successio,
1181 3765 1299 3819 viro
1351 3766 1530 3834 potius
1583 3774 1698 3818 tan-

117 3866 270 3917 quam
305 3851 432 3924 (59)
480 3854 712 3918 auctori,
752 3863 808 3909 et
849 3870 955 3910 non
989 3857 1198 3911 mulieri
1227 3857 1534 3925 deputatur.
1585 3855 1693 3912 Sed

116 3953 170 3992 ιιι
213 3941 406 3996 adh-uc
457 3942 761 3997 evidentius
817 3943 908 3998 liat
939 3944 1084 4013 quod
1117 3945 1352 4000 dicimus
1379 3983 1393 4009 ,
1440 3945 1701 4000 addemus

117 4033 273 4086 etiam
307 4036 424 4088 hoc
467 4035 608 4103 quod
661 4035 799 4090 idem
830 4037 1120 4104 Apostolus
1164 4037 1231 4091 ad
1266 4036 1524 4092 Hebraeos
1555 4039 1698 4092 scri-

121 4123 198 4175 l.it
226 4123 272 4155 “
300 4142 316 4179 :
349 4143 371 4176 ι
413 4124 514 4178 Sed
539 4136 592 4181 et
625 4125 754 4180 Levi
786 4127 877 4196 qui
923 4127 1162 4182 decimas
1193 4127 1425 4195 accepit,
1457 4127 1697 4181 decimae

127 4224 210 4266 tus
241 4225 340 4271 est.
379 4217 572 4271 Adhuc
610 4217 754 4272 enim
787 4218 838 4271 in
865 4217 1064 4272 lumbis
1090 4218 1261 4288 patris
1288 4227 1407 4271 erat
1435 4235 1452 4268 ι
1503 4217 1701 4286 (Abra-

129 4305 224 4372 int!)
270 4325 288 4357 ι
344 4323 474 4362 cum
522 4308 762 4362 obviavit
819 4307 867 4362 ei
924 4305 1322 4364 Melchisedech
1365 4321 1613 4377 regresso
1666 4322 1696 4359 a

126 4399 266 4452 caule
290 4416 504 4470 regum.
532 4420 552 4454 ι
580 4399 636 4455 Si
667 4416 797 4472 ergo
827 4398 979 4466 Levi,
1009 4401 1101 4470 qui
1134 4401 1481 4471 generatione
1504 4407 1699 4470 quarta

129 4501 244 4556 post
275 4493 560 4548 Abraham
597 4493 876 4560 nascitur,
919 4494 971 4547 in
997 4493 1194 4548 lumbis
1245 4493 1478 4547 Abraha:
1528 4491 1699 4546 fuisse

1727 3259 1774 3321 ϐ

1809 648 1982 703 mines
2008 664 2126 702 cum
2147 648 2262 718 ipso
2290 646 2371 701 vel
2403 645 2456 700 in
2485 646 2605 715 ipso
2629 645 2838 714 expulsi
2865 655 2990 700 sunt
3017 646 3084 702 de
3107 649 3386 717 paradiso,

1806 757 1926 797 cum
1975 741 2089 810 ipse
2133 735 2257 794 inde
2290 737 2550 808 depulsus
2601 747 2720 803 est;
2768 747 2823 791 et
2871 752 2966 805 per
3004 737 3178 807 ipsum
3215 753 3384 802 mors,

1806 852 1930 906 qua:
1959 836 2008 890 ei
2041 851 2106 890 ex
2140 832 2590 903 praevaricatione
2625 840 2869 894 venerat,
2907 839 3305 899 consequenter
3331 844 3388 887 et

1805 927 1858 982 in
1892 943 1988 982 eos
2020 924 2338 995 pertransiit
2363 923 2453 994 qui
2501 925 2554 977 in
2599 921 2794 978 lumbis
2840 923 2957 990 ejus
2997 923 3384 988 habebantur;

1803 1031 1859 1074 et
1893 1017 2014 1074 ideo
2039 1030 2184 1074 recte
2212 1015 2505 1086 Apostolus
2533 1015 2699 1069 dicit:
2737 1033 2755 1067 ι
2785 1015 2939 1070 Sicut
2965 1015 3109 1070 enim
3136 1015 3190 1069 in
3214 1016 3383 1070 Adam

1803 1123 1995 1164 omnes
2024 1107 2355 1168 moriuntur,
2388 1105 2462 1159 ita
2492 1115 2548 1158 et
2580 1103 2632 1158 in
2664 1103 2884 1158 Christo
2916 1118 3108 1158 omnes
3143 1105 3387 1158 viviﬁca-

1806 1201 2008 1254 buntur
2035 1199 2103 1254 ³⁸.
2142 1216 2162 1250 ι
2197 1195 2382 1266 Neque
2402 1209 2532 1266 ergo
2578 1209 2642 1247 ex
2671 1204 2923 1264 serpente
2967 1194 3061 1263 qui
3106 1203 3233 1248 ante
3263 1209 3384 1248 mu-

1806 1292 1992 1346 lierem
2035 1296 2382 1358 peccaverat,
2417 1299 2596 1354 neque
2633 1299 2699 1340 ex
2739 1283 2968 1339 muliere
2996 1299 3119 1354 qua:
3149 1292 3279 1338 ante
3306 1285 3386 1337 vi-

1808 1397 1926 1435 rum
1965 1382 2016 1435 in
2050 1379 2502 1451 praevaricatione
2535 1376 2682 1432 facta
2734 1384 2817 1432 est
2851 1373 2918 1440 ³⁸,
2944 1376 3038 1430 sed
3075 1391 3172 1446 per
3210 1376 3382 1430 Adam

1805 1487 1872 1526 ex
1910 1487 2018 1542 quo
2065 1485 2256 1526 omnes
2293 1469 2552 1524 mortales
2591 1470 2859 1539 originem
2909 1468 3150 1534 ducunt,
3185 1469 3388 1523 dicitur

1808 1563 2060 1618 introisse
2097 1569 2400 1631 peccaturo,
2432 1570 2486 1614 et
2520 1574 2616 1628 per
2651 1567 2929 1629 peccatum
2965 1574 3134 1614 mors.
3172 1559 3277 1614 Sed
3300 1561 3387 1614 hic

1809 1655 2066 1708 nimirum
2100 1661 2182 1707 est
2219 1665 2359 1704 unus
2385 1651 2546 1704 homo
2569 1665 2663 1718 per
2689 1665 2849 1718 quem
2877 1659 3160 1718 peccatum
3194 1651 3388 1705 introi-

1808 1746 1903 1808 vit,
1935 1752 1989 1799 et
2019 1757 2118 1812 per
2159 1749 2441 1810 peccatum
2479 1755 2628 1793 mors
2655 1738 2722 1802 ⁸⁷,
2775 1753 2937 1806 quem
2991 1747 3046 1793 et
3085 1739 3212 1793 alibi
3270 1742 3387 1808 ipse

1805 1832 2097 1901 Apostolus
2121 1830 2232 1902 (40)
2257 1827 2390 1884 dicit
2431 1830 2664 1898 primum
2691 1829 2965 1883 hominem
2993 1830 3059 1883 de
3097 1839 3239 1883 terra
3278 1840 3387 1884 ter-

3259 1940 3382 1978 Clllll

1805 2012 2132 2068 exhortatur
2171 2025 2267 2065 nos
2301 2007 2511 2078 ahjecta
2542 2011 2780 2080 imagine
2814 2013 3053 2077 terreni,
3091 2012 3382 2082 imaginem

1807 2112 2027 2174 portare
2088 2103 2336 2158 cmlestis
2362 2103 2439 2168 ³⁸;
2494 2103 2545 2158 id
2580 2113 2667 2159 est
2721 2114 2780 2158 ut
2822 2105 3118 2159 secundum
3160 2107 3382 2160 verbum

1809 2194 1900 2249 Dei
1935 2197 2180 2248 viventes
2209 2209 2554 2262 renovemur,
2583 2207 2636 2250 et
2674 2195 3038 2250 reformemur
3081 2196 3383 2251 secundum

1806 2288 2122 2344 interiorem
2161 2289 2430 2345 hominem
2462 2293 2527 2346 ad
2564 2292 2854 2361 imaginem
2907 2293 3003 2347 Dei
3035 2295 3126 2362 qui
3173 2296 3387 2348 creavit

1805 2393 1929 2435 eum
1961 2379 2026 2434 ”.
2072 2380 2170 2436 Hic
2205 2397 2338 2454 ergo
2367 2384 2526 2438 homo
2559 2386 2651 2454 qui
2695 2383 2809 2454 jam
2849 2386 3180 2441 reformatur
3209 2396 3265 2440 ot
3294 2401 3382 2440 re-

1806 2483 2030 2544 paratur
2075 2475 2142 2527 ad
2174 2473 2468 2545 imaginem
2498 2476 2592 2531 Dei
2619 2519 2632 2542 ,
2665 2493 2843 2550 neque
2871 2490 3126 2534 terrenus
3152 2517 3166 2542 ,
3208 2493 3386 2550 neque

1806 2563 1859 2616 in
1899 2563 1999 2616 hoc
2050 2564 2249 2617 mundo
2280 2574 2398 2630 est,
2432 2567 2528 2621 sed
2564 2567 2618 2622 in
2653 2569 2808 2624 cretis
2852 2583 2972 2624 esse
3021 2570 3225 2624 dicitur
3253 2584 3386 2624 con—
3437 2585 3442 2590 ’

1806 2655 2047 2709 versatio
2075 2655 2195 2725 ejus
2219 2656 2263 2688 ⁵⁸
2304 2674 2316 2710 :
2354 2667 2409 2712 et
2435 2658 2556 2714 ideo
2601 2662 2905 2715 secundum
2935 2677 3060 2716 eum
3095 2661 3189 2731 qui
3219 2662 3379 2728 dixit,

1811 2761 1830 2796 ι
1868 2745 1972 2802 Vos
2002 2757 2182 2803 autem
2229 2763 2336 2804 non
2389 2753 2526 2808 estis
2569 2752 2634 2808 de
2673 2753 2774 2808 hoc
2823 2754 3029 2809 mundo
3061 2754 3126 2819 “,
3163 2773 3183 2807 ι
3235 2770 3385 2808 mors

1806 2841 1858 2892 in
1916 2853 2040 2893 eum
2075 2855 2180 2895 non
2211 2850 2389 2911 potest
2439 2847 2795 2914 pertransire.
2828 2844 2934 2912 Qui
2989 2855 3168 2901 autem
3208 2845 3386 2900 adimo

1806 2933 1858 2984 in
1892 2933 1994 2988 hoc
2026 2939 2229 2990 mundo
2259 2947 2382 3003 est,
2411 2947 2466 2992 et
2501 2949 2752 2996 terrenus
2783 2950 2886 3006 est,
2922 2956 2986 2996 ac
3023 2939 3227 2995 terreni
3262 2938 3379 3009 (41)

1804 3026 2094 3096 imaginem
2127 3037 2350 3098 portat,
2405 3033 2472 3086 de
2519 3033 2636 3103 ipso
2677 3031 2898 3099 dicitur,
2947 3034 3090 3103 quod
3119 3049 3216 3104 per
3254 3048 3380 3088 eum

1803 3125 2085 3184 peccatum
2123 3119 2175 3171 in
2216 3119 2359 3174 hunc
2388 3125 2646 3176 mundum
2674 3123 2939 3189 introivit,
2977 3136 3030 3180 et
3055 3141 3151 3196 per
3183 3139 3376 3196 pecca-

1809 3215 1918 3260 tum
1954 3223 2104 3264 mors
2126 3210 2194 3264 “.
2229 3211 2382 3278 Quod
2433 3214 2478 3266 si
2527 3225 2808 3282 peccatum
2858 3223 2914 3269 et
2957 3232 3104 3272 mors
3142 3218 3193 3271 iu
3239 3219 3384 3274 hunc

1805 3301 2064 3354 mundum
2117 3301 2230 3374 (ΔΞ)
2265 3303 2551 3370 introivit,
2581 3316 2635 3360 et
2667 3305 2718 3360 in
2769 3307 2876 3362 hoc
2912 3310 3114 3364 mundo
3152 3311 3379 3374 habitat.

1801 3401 2012 3446 certum
2050 3403 2134 3448 cst
2164 3395 2377 3451 alienos
2424 3411 2453 3448 a
2491 3409 2665 3450 morte
2715 3407 2771 3452 et
2817 3415 2848 3452 a
2878 3412 3104 3468 peccato
3135 3415 3258 3458 esse
3285 3420 3382 3460 eos

1802 3481 1892 3551 qui
1929 3497 2030 3552 per
2055 3483 2334 3539 Christum
2365 3487 2448 3541 vel
2481 3503 2600 3542 cum
2630 3487 2851 3545 Christo
2880 3493 3083 3546 mortui
3109 3505 3233 3547 sunt
3257 3495 3384 3550 huic

1804 3573 2030 3638 mundo,
2061 3585 2116 3628 et
2140 3589 2262 3628 cum
2305 3578 2421 3646 ipso
2449 3581 2780 3646 resuscitati,
2814 3598 2936 3636 cum
2965 3585 3080 3653 ipso
3108 3585 3272 3637 etiam
3297 3601 3383 3639 se-

1801 3663 1930 3719 dere
1979 3665 2032 3718 in
2075 3665 2390 3724 caelestibus
2437 3680 2750 3725 meruerunt
2787 3672 2868 3738 ",
2904 3677 3375 3730 conversationem

1803 3771 1909 3810 non
1952 3757 2066 3824 jam
2104 3758 2219 3827 (45)
2252 3760 2304 3813 in
2339 3760 2438 3814 hoc
2472 3764 2672 3816 tuundo
2699 3802 2716 3828 ,
2761 3764 2856 3819 sed
2885 3765 2937 3818 in
2970 3765 3125 3820 cmiis
3178 3768 3382 3822 haben-

1805 3861 1888 3906 tes
1922 3849 1989 3903 “.
2025 3849 2178 3906 Unde
2203 3860 2259 3907 et
2288 3854 2408 3922 pari
2440 3857 2831 3925 consequentia
2863 3859 3191 3924 ostenditur,
3231 3862 3379 3930 quod

1801 3943 1980 3999 omnis
2006 3945 2172 4000 homo
2200 3947 2378 4016 primo
2423 3966 2441 3998 ε
2488 3947 2554 4003 de
2588 3959 2733 4003 terra
2764 3959 3014 4004 terrenus
3053 3971 3069 4002 ο
3104 3960 3206 4014 est,
3240 3953 3382 4006 sicut

1803 4035 1946 4088 idem
1976 4036 2272 4104 Apostolus
2304 4036 2430 4092 alibi
2463 4038 2508 4070 ⁸³
2545 4037 2719 4104 dicit;
2774 4047 2896 4093 cuin
2946 4038 3236 4108 imaginem
3271 4049 3383 4094 ter-

1804 4125 1920 4179 reni
1969 4135 2190 4195 portat,
2237 4135 2291 4181 et
2322 4129 2621 4182 secundum
2669 4128 2959 4198 imaginem
3011 4130 3216 4183 terreni
3271 4146 3381 4183 am-

1802 4214 1953 4268 bulat
2003 4211 2139 4286 (14),
2196 4231 2417 4271 carnem
2456 4219 2696 4287 cogitat,
2752 4230 2809 4273 et
2859 4229 2982 4288 quae
3027 4220 3209 4273 carnis
3251 4229 3382 4274 sunt

1803 4307 1975 4374 sapit,
2031 4314 2086 4360 et
2147 4305 2237 4360 vix
2293 4307 2588 4377 aliquando
2640 4318 2725 4363 est
2788 4319 2847 4364 ut
2897 4317 3254 4364 convertatur
3309 4311 3379 4362 ad

1806 4396 2087 4452 Dominum
2121 4437 2136 4463 ,
2187 4409 2242 4454 et
2301 4400 2498 4467 spiritu
2560 4399 2653 4453 Dei
2720 4411 2952 4466 agatur,
3007 4406 3175 4468 atque
3234 4398 3380 4455 ell'e-

1803 4485 1926 4532 ctus
1980 4478 2233 4548 spiritalis
2290 4480 2380 4533 iiat
2423 4500 2442 4530 ι
2499 4479 2825 4536 novissimus
2878 4481 3050 4536 Adam
3109 4482 3165 4535 in
3221 4481 3381 4554 547

128 4581 462 4650 perhibetur,
491 4585 659 4638 multo
696 4585 867 4655 magis
885 4600 1072 4640 omnes
1107 4587 1356 4642 homines
1382 4587 1473 4656 qui
1505 4587 1558 4641 in
1596 4587 1698 4641 hoc

1809 4569 2063 4639 Spiritum
2113 4571 2476 4626 viviﬁcantem
2530 4571 2576 4603 “
2629 4573 2790 4643 (45).
2849 4591 2867 4624 ι
2927 4571 3163 4642 Require
3217 4587 3381 4641 sane,

127 4673 318 4728 mundo
371 4686 698 4736 nascuntur.
741 4685 797 4730 et
848 4676 957 4729 nati
1004 4688 1130 4731 sunt
1161 4717 1178 4741 ,
1209 4677 1260 4730 in
1309 4677 1510 4732 lumbis
1539 4685 1699 4732 erant

1805 4660 2059 4731 quoniam
2090 4675 2189 4730 per
2218 4677 2388 4716 uniim
2420 4663 2694 4718 hominem
2727 4664 2779 4717 in
2815 4663 2962 4718 hunc
2997 4665 3257 4720 mundum
3291 4665 3376 4720 di-

194 4833 416 4890 "Bom.
440 4851 492 4896 ν,
521 4836 606 4890 12.
685 4837 732 4868 ⁸⁸
762 4835 776 4890 Ι
801 4836 939 4890 Tim.
970 4851 1031 4898 η,
1057 4837 1141 4890 11.
1221 4837 1265 4868 ’⁷
1297 4834 1433 4890 Gen.
1459 4797 1548 4900 in,
1578 4837 1628 4889 1.
1688 4837 1699 4867 ¹

1809 4831 2120 4895 en.tt,t7.
2178 4829 2224 4861 ι’
2253 4829 2383 4900 ibid.
2412 4829 2466 4900 t,
2491 4829 2544 4884 5.
2609 4827 3078 4900 Numquis.
3143 4824 3380 4900 “Joan.

135 4906 357 4965 vnn“.
432 4907 478 4937 "
511 4906 666 4960 iiutn.
691 4923 742 4968 v.
776 4906 860 4959 12.

939 4907 1028 4960 ³³1
1066 4907 1191 4961 Cor.
1219 4923 1297 4962 xt.
1330 4906 1383 4964 8.
1415 4906 1499 4958 12.
1565 4905 1611 4937 "
1640 4903 1808 4958 Hebr.
1833 4918 1932 4962 vn.
1957 4902 2012 4964 1,
2045 4901 2220 4966 9,10.

2310 4899 2354 4930 ³⁵
2387 4899 2554 4954 lCor.
2586 4915 2673 4965 xv,
2701 4900 2792 4955 ἓξ.
2887 4899 2932 4930 ³⁸
2967 4899 2982 4952 l
3019 4897 3166 4953 Tim.
3197 4911 3258 4962 lt,
3291 4898 3378 4952 14.

207 4973 356 5030 ltutn.
388 4992 441 5040 ν,
471 4976 557 5030 12.
626 4976 670 5009 ³⁸
701 4967 858 5030 lCor.
885 4991 971 5038 xv,
994 4975 1084 5042 £7,
1109 4977 1198 5030 49.
1267 4976 1310 5007 ⁸⁹
1339 4974 1548 5030 Coioss.
1575 4990 1658 5038 ttt,
1687 4977 1699 5028 i

1839 4972 1884 5004 ⁵ο
1906 4972 2107 5038 Philip.
2139 4967 2336 5042 ιιιεευ.
2411 4968 2451 5002 δι
2479 4968 2636 5025 Joan.
2668 4985 2760 5036 xv,
2795 4971 2880 5026 19.
2954 4970 2999 5003 ⁸³
3028 4968 3187 5023 Rom.
3213 4983 3262 5031 γ,
3292 4969 3378 5022 lat.

137 5039 181 5070 “
210 5043 399 5113 Ephes.
430 5039 494 5109 tt,
529 5047 587 5111 5,
614 5044 667 5101 ϐ.
733 5045 778 5078 ⁸⁸
815 5044 1007 5116 Philip.
1042 5039 1121 5112 ut,
1147 5047 1237 5102 20.
1310 5045 1355 5077 ⁸⁵
1387 5043 1402 5098 Ι
1433 5044 1558 5101 Cor.
1589 5059 1699 5111 xv,.

1814 5042 1904 5098 49.
1967 5041 2012 5072 “
2039 5042 2174 5096 ibid.
2196 5039 2289 5094 45.

206 5201 315 5277 (57)
344 5203 574 5277 Ita_mss.
605 5206 775 5260 nostri
814 5216 870 5260 et
897 5206 1172 5269 Rabanus,
1204 5205 1307 5260 nisi
1344 5207 1486 5277 quod
1521 5207 1698 5276 primo

140 5270 367 5343 habeant
395 5275 534 5330 alius
562 5294 580 5328 ι
617 5277 775 5339 dixit,
803 5295 823 5328 ›
854 5279 992 5330 alius
1027 5295 1045 5326 ι
1082 5279 1331 5343 dixerat;
1361 5270 1388 5329 ἱ
1431 5270 1692 5341 secundo,

141 5339 276 5412 alius
315 5345 506 5398 iterum
547 5365 566 5398 ι
617 5347 792 5412 dixit,
832 5365 852 5397 ι
901 5348 1040 5401 alius
1079 5363 1098 5397 ι
1135 5339 1386 5402 diceret:
1429 5366 1447 5399 ι
1483 5348 1579 5403 sed
1618 5339 1701 5403 re-

143 5408 281 5464 ctius
307 5429 446 5486 unus
474 5417 640 5470 codex
672 5408 874 5486 itegius
905 5433 1058 5470 num.
1109 5414 1244 5470 1659
1291 5417 1454 5472 habet
1483 5420 1696 5473 utrobi-

143 5493 244 5545 Que
269 5521 284 5544 ,
306 5499 335 5554 _r
381 5485 595 5540 dixerit.
629 5505 649 5538 ι
682 5485 822 5540 Editi
872 5501 1036 5551 vero,
1073 5503 1091 5537 ‹
1125 5495 1180 5542 et
1211 5487 1410 5540 iterum
1446 5489 1698 5554 peccavit

144 5562 262 5625 cum
287 5550 456 5625 dixit:
489 5556 602 5610 Scit
634 5556 776 5610 enim
829 5556 968 5611 Deus
995 5550 1120 5625 quia
1168 5550 1492 5625 quacunque
1544 5572 1696 5610 man-

143 5618 462 5696 ducaveritis
504 5641 570 5680 ex
600 5641 667 5681 eo
691 5665 706 5692 ,
749 5618 1088 5696 aperientur,
1125 5643 1144 5677 ο
1184 5618 1315 5691 etc.,
1349 5618 1570 5680 oririssis
1597 5643 1698 5681 ca:-

148 5690 293 5740 ieris.

217 5756 327 5828 (38)
350 5760 650 5828 Apostolus.
685 5763 850 5820 Deest
879 5765 932 5820 in
957 5765 1140 5821 editis.

213 5827 321 5901 (59)
355 5828 648 5909 Tanquam.
675 5835 1026 5894 Dcsideratur
1054 5835 1108 5892 iu
1145 5837 1302 5896 libris
1330 5844 1488 5893 antea
1521 5834 1704 5894 editis.

1880 5203 1992 5275 (40)
2019 5202 2190 5275 Alias,
2218 5220 2236 5252 ι
2275 5202 2418 5275 idem
2452 5203 2760 5275 Apostolus.
2795 5220 2814 5254 ι

1878 5274 1992 5344 (41)
2022 5274 2190 5338 Alias,
2224 5291 2244 5324 σ
2278 5274 2330 5327 iu
2359 5274 2561 5327 rnundo
2587 5283 2672 5328 est
2694 5311 2711 5338 ,
2747 5282 3002 5329 terrenus
3029 5280 3137 5332 est.
3175 5287 3241 5328 ac
3270 5281 3380 5326 ter-

1806 5347 1942 5405 reni,
1984 5363 2004 5395 ι
2036 5354 2144 5397 etc.

1834 5363 2004 5485 e.622),
2166 5427 2330 5477 unus,
2371 5430 2389 5485 ᾳ
2422 5411 2576 5479 Quod
2602 5412 2648 5468 si
2685 5422 2966 5480 peccatum
2999 5429 3166 5477 mors,
3194 5423 3249 5467 et
3284 5428 3383 5483 per

1805 5483 2088 5556 peccatum
2118 5498 2264 5556 mo_rs
2291 5487 2342 5535 in
2374 5483 2834 5556 huncinundum,
2871 5503 2892 5536 ι
2931 5493 3043 5541 etc.

1877 5553 1991 5618 (15)
2020 5552 2165 5604 Jam.
2193 5551 2354 5606 Deest
2392 5551 2442 5604 in
2476 5552 2656 5606 editis.

1879 5625 1994 5692 (44)
2017 5619 2192 5685 Alias,
2228 5639 2246 5672 ι
2283 5635 2407 5675 cum
2440 5621 2491 5674 in
2525 5621 2762 5692 imagine
2795 5625 2996 5680 terreni
3033 5626 3300 5691 ambulat,
3329 5633 3386 5679 et

1812 5693 2115 5763 secundum
2139 5692 2430 5763 imaginem
2465 5695 2668 5763 terreni
2697 5693 2962 5748 ambulat.
3007 5713 3026 5748 ι

1886 5764 1998 5836 (ia)
2026 5761 2190 5830 Editi,
2221 5761 2332 5819 (in
2353 5763 2566 5833 Spiritu
2596 5761 2928 5822 viviﬁcante.
2971 5784 3000 5818 ι
