3986 6206
524 431 655 487 Nili

1997 428 2319 486 ORIGENIS

3011 340 3068 347 μ’..
3099 340 3194 350 ειν.η,..

3639 429 3788 486 1019.

523 547 604 600 rit
654 547 903 602 introisse
953 558 1260 617 peccatum,
1321 559 1376 605 et
1427 558 1634 606 certum
1685 556 1768 604 est
1822 550 1947 620 quia
1996 549 2084 604 hic
2114 553 2160 608 Α
2188 547 2425 610 invocat,
2449 543 2543 600 sed
2575 542 2882 600 dissimulat
2901 550 2958 598 et
2994 545 3279 600 moratur?
3298 543 3480 600 Etiam
3510 548 3556 600 si
3586 547 3784 603 Enoch

528 655 548 686 ι
580 639 835 692 mundum
865 658 884 691 ι
921 649 1195 697 terrenum
1230 644 1374 698 hunc
1415 641 1649 713 appellat
1690 642 1866 697 locum
1896 641 1949 696 iu
1985 655 2093 710 quo

526 726 772 782 homines
828 730 1096 796 habitant,
1145 733 1188 787 si
1245 734 1297 787 itt
1342 732 1488 787 nullo
1531 732 1638 788 aiio
1675 731 1796 788 loco
1845 731 2094 786 introivit

521 828 825 885 peccatum.
858 837 1032 893 neque
1061 815 1112 878 in
1141 825 1249 880 illis
1285 825 1417 880 locis
1444 825 1739 892 invenitur,
1764 824 1852 878 ttbi
1879 842 1899 874 ι
1925 823 2090 892 spiri-

525 909 648 962 talia
699 914 953 980 nequitiae
998 915 1052 970 in
1087 917 1400 972 co'lestibos
1429 915 1474 948 "
1507 935 1527 970 ι
1563 917 1935 972 nominantur.
1984 915 2092 970 Sed

521 1010 574 1053 et
602 999 732 1056 illud
759 1005 899 1073 apud
935 1006 1275 1075 temetipsum
1321 1016 1615 1077 pertracta,
1663 1007 1808 1061 unde
1852 1006 1906 1060 iu
1949 1006 2094 1060 hunc

513 1093 781 1148 .mundum
829 1095 1072 1150 introivit
1118 1108 1420 1164 peceatum,
1469 1107 1560 1151 aut
1615 1097 1705 1152 ubi
1752 1105 1872 1151 erat
1911 1094 2092 1164 prius-

519 1199 682 1252 quam
713 1190 817 1242 huc
855 1188 1123 1254 introiret,
1159 1203 1252 1244 aut
1286 1189 1331 1243 si
1359 1190 1580 1244 omnino
1613 1198 1758 1251 erat,
1800 1185 1887 1242 vel
1915 1188 1959 1241 si
1989 1185 2092 1241 fuit

519 1285 647 1328 ante
683 1275 828 1329 illum
875 1277 944 1331 ad
993 1293 1152 1347 quem
1185 1279 1430 1333 dicitur:
1472 1295 1490 1329 ¢
1525 1276 1818 1346 Usquequ
1861 1278 2092 1332 invenue

520 1372 647 1417 sum
690 1363 1005 1433 iniquitates
1033 1367 1085 1421 in
1129 1378 1199 1434 te,
1234 1377 1288 1421 et
1328 1379 1546 1438 propter
1577 1369 1678 1425 hoc
1709 1365 1913 1436 projeci
1959 1366 2088 1420 tein

524 1462 722 1505 terram
754 1453 821 1506 ⁸⁸.
874 1473 892 1505 ι
944 1453 1110 1511 Nobis
1153 1468 1335 1512 autem
1385 1459 1452 1512 de
1498 1458 1581 1513 his
1625 1473 1731 1512 non
1776 1467 1864 1512 est
1913 1465 2088 1511 totum

519 1543 672 1612 plura
701 1545 989 1613 disserere,
1017 1565 1138 1603 cum
1172 1549 1452 1604 videamus
1501 1549 1816 1618 Apostolum
1853 1549 1940 1603 vix
1981 1548 2090 1602 sin-

519 1635 658 1702 gulis
720 1637 834 1690 haec
886 1640 1270 1706 perstrinxisse
1325 1641 1672 1696 sermonibus
1727 1638 1860 1711 (46).
1916 1657 1936 1690 ι
1985 1638 2090 1693 Per

519 1739 684 1779 unum
724 1745 742 1778 ι
771 1741 900 1795 ergo
928 1746 947 1780 ι
988 1729 1258 1784 hominem
1288 1741 1565 1801 peccatum
1596 1731 1840 1785 introivit
1868 1731 1921 1784 in
1946 1730 2089 1785 hunc

520 1817 777 1870 nnmdum
809 1818 876 1873 δ’.
909 1836 928 1869 ›
961 1817 1189 1874 Mundus
1234 1830 1438 1884 autem,
1489 1829 1546 1874 ut
1590 1821 1849 1884 diximus,
1887 1818 2087 1873 intelli-

2196 637 2344 692 dicas
2371 652 2386 689 :
2419 651 2526 691 non
2566 635 2826 691 scribitur
2855 634 3143 704 placuisse,
3177 651 3464 706 usquequo
3489 651 3786 708 generaret

2198 725 2562 782 Dlathusalam
2613 725 2682 782 ⁸⁸.
2731 725 3088 780 Mathusalam
3147 735 3330 782 autem
3383 728 3776 796 interpretatur

2194 819 2406 871 emissio
2472 816 2679 873 mortis.
2755 816 2833 871 Ex
2891 831 3000 886 quo
3065 817 3369 873 ostenditur
3433 820 3558 888 quia
3627 837 3782 876 inor:

2196 911 2296 964 ista
2325 926 2445 980 quae
2492 911 2544 964 in
2575 925 2764 965 omnes
2791 897 3062 965 homines
3121 912 3464 980 pertransiit,
3501 913 3667 966 etiam
3721 914 3780 967 in

2196 997 2371 1066 ipsum
2402 999 2685 1054 transierit
2717 1017 2730 1053 :
2767 999 2860 1054 scd
2894 999 2984 1053 vix
3014 999 3304 1068 aliquando
3335 1002 3510 1056 sensit
3530 1017 3654 1057 esse
3685 1003 3772 1057 ina

2196 1097 2276 1142 tra
2307 1105 2366 1144 se
2395 1088 2784 1161 mortem‘(50),
2814 1100 2869 1143 et
2893 1105 3190 1146 conversus
3214 1091 3281 1146 ad
3315 1092 3608 1146 Dominum
3636 1097 3778 1152 emi-

2192 1179 2264 1234 sit
2291 1195 2410 1234 eam
2436 1195 2466 1234 a
2511 1196 2591 1248 se,
2626 1193 2683 1236 et
2723 1182 2924 1251 abiecit
2955 1197 3052 1251 per
3086 1183 3466 1251 paenitentiam
3501 1203 3517 1238 :
3549 1194 3609 1238 et
3651 1187 3776 1240 ideo

2194 1266 2547 1324 Mathusalam
2583 1271 2783 1325 dicitur
2810 1272 3084 1341 genuisse,
3139 1273 3280 1340 quod
3334 1289 3365 1325 a
3421 1287 3482 1327 se
3533 1285 3770 1328 mortem

2191 1373 2311 1426 qua:
2331 1375 2455 1414 eum
2486 1361 2776 1416 obsederat
2799 1361 3105 1431 abjecisset.
3136 1361 3304 1416 Recte
3325 1379 3462 1434 ergo
3487 1369 3632 1434 quod
3656 1367 3774 1435 jam

2194 1451 2351 1504 morti
2385 1465 2492 1505 non
2522 1461 2669 1507 esset
2703 1453 2990 1517 obnoxius,
3026 1455 3120 1507 sed
3155 1453 3445 1519 ahjeeissel
3492 1472 3616 1509 eam
3646 1473 3675 1509 a
3711 1473 3778 1511 se

2188 1550 2243 1592 et
2268 1537 2584 1610 eﬂugasset,
2613 1541 2809 1595 dicitur
2845 1542 2990 1610 quod
3021 1541 3364 1596 transtulerit
3418 1543 3572 1598 illum
3603 1546 3774 1610 Deus.

2191 1629 2266 1682 uti
2300 1645 2366 1684 ne
2397 1629 2602 1684 videret
2631 1639 2860 1684 mortem
2885 1631 2954 1685 ".
2987 1629 3094 1686 Sed
3122 1643 3178 1686 et
3210 1633 3280 1688 de
3307 1633 3420 1689 Noe
3441 1637 3488 1688 si
3516 1639 3778 1705 requiras

2189 1722 2469 1786 attentius,
2539 1723 2780 1777 invenies
2831 1722 2974 1790 quod
3028 1723 3474 1792 quingentesimo
3537 1731 3767 1782 dentom

2189 1829 2335 1868 anno
2359 1814 2472 1884 (51)
2502 1814 2762 1870 scribitur
2786 1815 2852 1870 de
2883 1829 2970 1878 eo,
3008 1815 3134 1884 quia
3169 1833 3188 1866 ι
3223 1815 3337 1872 Noe
3381 1818 3593 1873 invenit
3636 1837 3768 1890 gra-

517 1911 723 1974 gendus
752 1919 834 1963 est
864 1908 976 1981 (47)
1010 1911 1092 1964 vel
1116 1911 1266 1966 locus
1293 1911 1347 1966 in
1374 1926 1486 1981 quo
1526 1909 1778 1966 habitant
1815 1909 2082 1977 homines,
2114 1894 2158 1950 Β
2189 1904 2318 1958 tiam
2370 1903 2422 1958 in
2465 1913 2760 1974 conspectu
2812 1902 3026 1958 Domini
3073 1904 3195 1968 Dei,
3227 1926 3247 1958 ι
3281 1915 3341 1961 et
3369 1909 3498 1976 quia
3527 1926 3548 1960 ι
3581 1909 3772 1979 justus

519 1997 600 2050 vel
633 2007 845 2052 terrena
875 2008 930 2054 et
970 2001 1269 2070 corporalis
1309 2001 1444 2067 vita,
1494 2003 1546 2056 in
1590 2016 1696 2071 qua
1737 2015 1885 2056 mors
1921 2001 2086 2054 habet

517 2086 727 2152 locum;
774 2089 862 2143 cui
913 2092 1135 2158 mundo,
1183 2092 1287 2146 hoc
1333 2103 1420 2148 est
1465 2102 1696 2148 terrena:
1725 2093 1869 2157 vita,
1901 2093 2086 2150 cruci-

518 2178 653 2230 lixos
677 2192 736 2231 se
767 2177 950 2232 dicunt
989 2179 1160 2234 sancti
1189 2180 1256 2244 ⁵⁸,
1288 2190 1344 2236 et
1391 2190 1652 2236 mortuos.
1688 2199 1708 2234 ι
1741 2181 1811 2236 Ει
1841 2195 1938 2248 per
1964 2197 2087 2252 pee-

514 2276 720 2332 ratuvn,
752 2286 772 2319 ι
803 2268 1001 2338 inquit,
1040 2286 1059 2321 ι
1093 2285 1260 2333 mors,
1293 2291 1311 2323 ι
1346 2271 1434 2326 illa
1482 2272 1600 2327 sine
1636 2271 1804 2327 dubio
1835 2287 1982 2327 mors
2017 2274 2085 2327 de

512 2372 619 2426 qua
670 2367 725 2411 et
776 2360 1038 2427 propheta
1084 2361 1236 2427 ἀει-ει,
1281 2363 1409 2431 quia
1461 2380 1480 2413 ι
1521 2363 1702 2417 anima
1737 2375 1858 2431 qua:
1895 2371 2084 2431 peccat

515 2449 628 2516 ipsa
670 2451 934 2506 morietur
962 2453 1007 2484 ⁵⁸
1041 2470 1055 2508 :
1087 2472 1106 2506 ι
1133 2455 1294 2524 cujus
1334 2455 1523 2510 mortis
1576 2458 1718 2511 hanc
1745 2455 2079 2525 corporalem

514 2547 745 2591 mortem
795 2538 1043 2594 umbram
1081 2543 1276 2597 merito
1315 2542 1436 2612 quis
1481 2544 1701 2602 dixerit.
1749 2544 2082 2615 Quocunqne

513 2627 661 2680 enim
700 2626 789 2681 illa
847 2629 1147 2696 incesserit,
1198 2633 1337 2686 hanc
1393 2646 1620 2688 necesse
1666 2643 1752 2688 est
1801 2635 2081 2704 subsequi,

517 2717 660 2772 velut
693 2719 943 2774 umbram
974 2736 1192 2792 corpus.
1248 2724 1401 2791 Quod
1429 2724 1475 2780 si
1525 2723 1748 2795 obiiciat
1787 2727 1910 2795 quis
1955 2727 2081 2795 quia

515 2809 766 2866 Salvator
791 2823 1072 2882 peccatum
1109 2831 1212 2871 non
1265 2818 1416 2883 fecit,
1461 2831 1565 2872 nec
1599 2832 1745 2873 mors
1771 2818 1823 2873 in
1858 2833 1925 2875 eo
1981 2817 2082 2873 fuit

512 2903 706 2960 animae
735 2919 830 2973 per
859 2920 1140 2976 pecca1um
1175 2908 1243 2974 υ,
1274 2916 1330 2962 et
1362 2916 1538 2962 tamen
1570 2915 1798 2963 mortem
1824 2909 2082 2963 sustinuit

512 2995 871 3064 corporalem,
906 2998 1357 3066 respondebimus
1382 2997 1431 3052 ei
1465 2999 1597 3068 quia
1638 2999 1892 3055 Salvator
1938 3001 2082 3055 sicut

513 3097 634 3137 cum
671 3084 786 3156 ipse
823 3095 1102 3159 peccatum
1133 3102 1236 3142 non
1270 3089 1482 3154 fecerit,
1525 3104 1622 3159 pro
1661 3100 1848 3145 nostra
1899 3097 2078 3146 tamen

512 3175 686 3234 salute
712 3192 808 3247 per
853 3179 1274 3246 assumptionem
1305 3181 1489 3234 carnis
1518 3179 1633 3248 ipse
1668 3180 1869 3235 dicitur
1900 3181 2079 3236 factus

508 3281 630 3322 esse
666 3276 943 3336 peccatum
967 3269 1014 3300 ³³
1041 3286 1055 3322 :
1087 3269 1157 3326 ita
1210 3279 1264 3324 et
1317 3285 1438 3325 cum
1491 3280 1718 3326 mortem
1751 3271 1908 3326 istam
1944 3273 2074 3328 nulli

509 3358 752 3425 deberet,
784 3375 883 3414 nec
923 3359 971 3415 ei
1017 3371 1162 3416 esset
1208 3362 1498 3427 obnoxius,
1555 3377 1653 3431 pro
1695 3361 1866 3417 salute
1897 3372 2075 3419 tamen

509 3460 692 3509 nostra
724 3449 866 3505 hanc
889 3451 1030 3508 velut
1061 3452 1306 3508 umbram
1338 3453 1479 3508 illius
1503 3463 1770 3523 suscepta:
1795 3453 2077 3522 dispensa~

510 3543 692 3606 tionis,
724 3559 888 3614 quam
942 3559 1104 3612 supra
1155 3544 1410 3608 diximus,
1442 3555 1655 3616 sponte,
1695 3561 1802 3601 non
1838 3548 2078 3602 necessi-

508 3643 618 3693 tate
647 3635 906 3704 suscepit,
945 3636 1085 3692 sicut
1125 3636 1237 3708 ipse
1266 3636 1443 3690 dixit:
1480 3653 1499 3687 ι
1546 3636 1874 3691 P0testatem
1900 3637 2074 3693 habeo

507 3730 734 3794 ponendi
761 3741 992 3780 animam
1021 3742 1216 3789 meam.
1243 3736 1297 3781 et
1322 3735 1640 3796 potestatem
1675 3727 1848 3786 habeo
1879 3729 2073 3783 iterum

504 3817 749 3870 smnendi
790 3833 912 3872 eam
956 3816 1023 3872 ⁸⁸.
1080 3837 1099 3870 ι
1155 3819 1260 3874 Sed
1314 3819 1591 3876 videamus
1643 3823 1916 3894 quomodo
1961 3841 1981 3874 ι
2018 3823 2070 3877 in

501 3921 694 3960 onmes
727 3907 974 3963 homines
1009 3910 1326 3976 pertransiit
1368 3927 1534 3979 mors,
1576 3912 1630 3966 iu
1659 3927 1767 3982 quo
1796 3927 2009 3978 omnes,
2048 3931 2066 3964 ι

505 3996 698 4070 inquit,
731 4012 750 4046 ι
781 4009 1160 4064 peccaverunt.
1194 4020 1214 4053 ι
1252 4003 1512 4060 Absoluta
1540 4005 1807 4059 sententia
1833 4020 2072 4074 pronun-

505 4086 661 4144 tiavit
708 4086 999 4155 Apostolus
1037 4090 1090 4144 in
1137 4107 1327 4148 omnes
1374 4094 1626 4152 homines
1672 4105 1906 4153 mortem
1949 4112 2072 4166 per-

508 4176 763 4236 transisse
787 4179 1021 4247 peccati,
1054 4180 1105 4234 in
1133 4195 1198 4237 eo
1227 4182 1278 4236 in
1310 4199 1417 4252 quo
1443 4201 1636 4242 omnes
1681 4201 2068 4258 peccaverunt,

501 4269 643 4322 sicut
689 4275 745 4323 et
787 4268 934 4325 alibi.
969 4289 988 4322 ι
1017 4271 1218 4328 Omnes
1247 4275 1410 4338 enim,
1450 4295 1470 4329 ι
1513 4279 1706 4345 inquit,
1757 4301 1776 4331 ι
1808 4296 2067 4350 peccave-

503 4368 648 4425 runt,
678 4370 734 4414 et
756 4371 915 4432 egent
944 4362 1114 4434 gloria
1151 4364 1262 4436 (48)
1296 4365 1387 4422 Dei
1415 4368 1485 4426 ".
1519 4387 1537 4426 ι
1576 4369 1640 4424 Ει
1673 4371 1794 4427 ideo
1821 4373 1986 4428 etiam
2019 4376 2067 4429 si

499 4450 632 4506 Abel
681 4451 828 4506 illum
871 4453 1076 4527 justum
1127 4457 1348 4523 dixeris,
1399 4475 1504 4515 non
1561 4470 1744 4530 potest
1785 4465 2065 4520 excusari.

2183 2005 2304 2051 erat
2327 1995 2379 2048 in
2414 1995 2764 2063 generatione
2788 2009 2909 2059 sua,
2939 2013 2960 2047 ι
2988 2004 3046 2049 et
3073 1996 3200 2065 quia
3227 2013 3248 2047 ι
3278 1997 3482 2066 placuit
3503 2000 3616 2054 Deo
3634 2001 3716 2064 ⁸ος
3741 2020 3765 2052 ι

2183 2086 2326 2156 quod
2359 2086 2550 2154 utique
2578 2085 2624 2140 si
2663 2085 2814 2154 prius
2862 2084 3180 2152 meruisset,
3210 2101 3486 2156 nunquam
3527 2090 3608 2153 id,
3639 2093 3769 2159 opi-

2185 2191 2306 2242 nor,
2336 2176 2620 2245 Scriptura
2647 2174 2832 2231 divina
2862 2175 3123 2232 siluisset.
3180 2177 3289 2233 Sed
3323 2189 3377 2233 et
3401 2181 3448 2235 si
3469 2182 3600 2248 quis
3631 2184 3772 2238 velit

2183 2267 2326 2334 quod
2357 2266 2493 2320 bibit
2537 2267 2745 2330 vinum,
2785 2275 2842 2321 et
2880 2266 3179 2322 inebriatus
3221 2278 3309 2323 est
3345 2285 3408 2324 ac
3456 2273 3698 2326 nudatus
3715 2275 3763 2306 “

2187 2368 2457 2424 reputare,
2489 2358 2727 2413 inveniet
2752 2374 2819 2414 ex
2854 2359 2938 2414 his
2967 2361 3224 2416 omnibus
3255 2376 3361 2416 non
3392 2363 3672 2418 immerito
3693 2368 3766 2418 ah

2185 2447 2441 2516 Apostolo
2470 2451 2599 2516 dici,
2629 2470 2648 2502 ι
2682 2452 2736 2505 In
2760 2466 2870 2521 quo
2893 2467 3084 2507 omnes
3106 2465 3494 2522 peccaverunt,
3528 2473 3550 2508 ο
3570 2457 3768 2510 etiam-

2181 2537 2226 2590 si
2261 2539 2535 2608 evigilavit
2571 2539 2682 2594 Noe
2712 2556 2742 2593 a
2771 2541 2898 2595 vino
2935 2556 3057 2597 suo.
3085 2541 3228 2607 Quid
3273 2552 3460 2597 autem
3493 2544 3675 2598 dicam
3706 2555 3767 2598 et

2181 2629 2247 2682 de
2279 2630 2548 2683 Abraham
2575 2631 2660 2685 cui
2688 2630 2924 2685 dicitur:
2965 2650 2984 2683 ι
3020 2631 3115 2685 Exi
3146 2633 3213 2688 de
3247 2642 3389 2688 terra
3435 2643 3554 2696 tua,
3581 2645 3639 2688 et
3692 2637 3768 2690 do

2182 2721 2505 2788 cognatione
2558 2730 2674 2787 tua,
2717 2730 2772 2778 et
2820 2725 2886 2778 de
2913 2723 3073 2777 domo
3103 2724 3278 2792 patris
3311 2724 3388 2778 tui
3422 2724 3508 2778 ⁸⁸2
3543 2743 3564 2778 a
3600 2725 3764 2792 Quod

2183 2809 2369 2877 utique
2395 2825 2498 2863 non
2523 2811 2815 2878 diceretur,
2845 2812 2891 2866 si
2921 2813 2975 2866 in
3011 2813 3176 2868 domo
3199 2815 3369 2882 patris
3389 2813 3499 2869 Deo
3532 2815 3762 2884 placere

2183 2899 2464 2967 patuisset.
2508 2899 2612 2955 Sed
2667 2917 2772 2956 non
2803 2916 2938 2971 opus
2962 2912 3046 2957 est
3075 2917 3196 2956 cum
3251 2903 3455 2973 ingenti
3507 2906 3764 2972 periculo

2181 2989 2235 3044 in
2264 2991 2346 3045 his
2375 2992 2615 3061 singulos
2643 3009 2888 3063 quosque
2910 3007 3233 3049 enumerare
3258 3005 3598 3060 sanctorum,
3627 3013 3764 3052 cum

2180 3078 2407 3134 suﬂieiat
2434 3092 2490 3136 et
2519 3083 2758 3148 Apostoli
2805 3084 3072 3138 sententia
3107 3099 3226 3154 qua
3279 3094 3506 3141 utortem
3535 3089 3674 3142 dicit
3703 3090 3763 3143 in

2181 3183 2370 3225 onmes
2415 3173 2658 3227 homines
2701 3176 3080 3243 pertransisse,
3128 3184 3185 3229 et
3233 3175 3379 3232 illius
3427 3177 3517 3246 qui
3553 3177 3760 3232 dixit-z

2183 3281 2202 3314 ι
2245 3261 2412 3318 Nemo
2458 3266 2686 3321 mundus
2729 3282 2759 3319 a
2789 3267 2966 3333 sorde,
2997 3268 3205 3322 etiamsi
3263 3269 3421 3323 unius
3449 3270 3554 3324 diei
3587 3271 3764 3324 fuerit

2177 3354 2283 3408 vita
2315 3353 2429 3424 ejus
2456 3356 2523 3412 ⁸³.
2558 3375 2577 3407 ι
2616 3357 2723 3412 Sed
2775 3357 2877 3412 ista
2909 3373 3056 3412 mors
3081 3359 3288 3427 peccati
3319 3374 3440 3428 qua:
3470 3361 3524 3414 in
3556 3376 3760 3414 omnes

2179 3446 2508 3512 pertransiit,
2565 3463 2688 3501 cum
2734 3449 2974 3503 venisset
3014 3451 3080 3502 ad
3116 3447 3325 3517 Jesum,
3369 3462 3423 3505 et
3477 3461 3756 3506 tentasset

2176 3553 2298 3591 eum
2336 3539 2618 3606 perforare
2666 3540 2858 3595 aculeo
2899 3539 3034 3608 suo(
3069 3540 3331 3595 «aculeus
3373 3543 3514 3597 enim
3553 3549 3756 3600 mortis

2177 3638 2454 3698 peccatum
2488 3640 2575 3684 est
2597 3629 2643 3661 “
2673 3645 2692 3676 ι
2723 3627 2742 3696 )
2782 3630 2997 3700 repulsa
3045 3641 3129 3687 est
3181 3641 3238 3686 et
3288 3632 3571 3687 confracta
3606 3635 3752 3706 (52).

2181 3739 2199 3772 ι
2241 3721 2358 3776 Vita
2398 3741 2416 3773 ι
2451 3723 2591 3776 enim
2639 3738 2657 3772 ι
2694 3731 2810 3775 erat
2838 3722 2905 3786 ⁵⁵,
2939 3742 2956 3775 ι
2995 3731 3050 3777 et
3096 3739 3240 3778 mors
3284 3728 3592 3779 necessario
3641 3744 3754 3779 ex-

2178 3817 2574 3870 terminabatur
2601 3832 2630 3869 a
2662 3816 2811 3880 vita;
2844 3826 2899 3870 et
2928 3826 3053 3871 tunc
3086 3817 3152 3872 ad
3178 3833 3296 3872 eam
3327 3819 3564 3872 dicitur;
3595 3839 3614 3870 ι
3643 3818 3752 3875 Ubi

2171 3916 2280 3973 est,
2310 3920 2481 3974 mors,
2515 3907 2734 3963 aculeus
2784 3908 2944 3962 tuus?
3009 3910 3098 3963 ubi
3161 3919 3263 3975 est,
3303 3924 3472 3974 mors,
3513 3911 3749 3964 victoria

2176 4005 2264 4050 tua
2293 3997 2377 4051 “?
2416 4017 2436 4050 ι
2467 4000 2676 4054 idcirco
2712 4001 2856 4053 enim
2883 4001 3008 4070 quia
3040 4015 3230 4055 omnes
3259 4002 3485 4066 vicerat,
3539 4003 3633 4055 hic
3659 4003 3748 4054 di-

2171 4086 2314 4140 citur
2338 4087 2402 4141 ad
2427 4105 2546 4142 eam
2577 4109 2590 4144 :
2626 4105 2650 4143 ι
2689 4089 2786 4145 Ubi
2817 4101 2921 4156 est,
2960 4107 3130 4156 mors,
3162 4092 3386 4146 victoria
3417 4093 3544 4145 tua?
3582 4113 3601 4144 ι
3637 4095 3750 4148 Sed

2171 4187 2226 4232 et
2264 4182 2406 4248 quod
2439 4190 2720 4251 peccatum
2759 4183 2982 4253 quidem
3019 4199 3124 4238 non
3155 4184 3292 4238 dixit
3330 4187 3382 4238 in
3419 4201 3612 4238 omnes
3639 4189 3746 4239 ho-

2174 4272 2367 4338 mines,
2389 4275 2484 4329 sed
2510 4292 2529 4326 t
2565 4276 2619 4330 in
2656 4278 2913 4331 mundum
2946 4297 2964 4328 ι
2999 4277 3255 4332 introisse
3285 4294 3300 4330 :
3333 4286 3566 4332 mortem
3613 4294 3750 4332 vero

2171 4379 2278 4420 non
2306 4365 2359 4418 in
2389 4366 2671 4432 tnuudum,
2701 4368 2796 4422 sed
2831 4387 2850 4419 ι
2889 4367 2940 4422 in
2968 4383 3159 4424 omnes
3193 4368 3464 4432 homines,
3500 4387 3521 4421 ι
3555 4380 3747 4424 etnon

2171 4454 2447 4521 introisse,
2483 4457 2577 4511 sed
2616 4459 3022 4528 pertransisse:
3056 4474 3160 4512 non
3205 4469 3335 4528 puto
3361 4459 3502 4527 quod
3538 4457 3746 4512 frustra

504 4559 525 4595 ε
573 4541 777 4602 omnes
825 4545 974 4602 enim
1028 4559 1412 4615 peccaverum,
1474 4571 1492 4604 ,
1537 4551 1646 4606 ουτ
1697 4553 1842 4608 enim
1884 4573 1904 4606 ε
1946 4568 2069 4626 post
2101 4562 2143 4616 ι)
2175 4545 2275 4598 hac
2321 4547 2636 4602 diversitate
2687 4563 2816 4602 usus
2863 4549 2936 4603 sit
2989 4547 3212 4604 Paulus.
3273 4548 3524 4603 Arbitror
3597 4553 3749 4618 quod

500 4634 615 4688 dies
645 4653 664 4686 ι
696 4636 912 4699 obtulit.
948 4647 1003 4694 et
1035 4647 1155 4708 post
1184 4638 1315 4695 Cain
1351 4642 1463 4712 (49)
1490 4643 1685 4698 obtulit
1729 4644 1966 4701 hostiam
1995 4662 2064 4704 ex

501 4726 873 4796 primogenitis
897 4728 963 4793 ⁸⁸,
987 4739 1042 4783 et
1066 4746 1168 4785 non
1209 4741 1334 4787 ante
1375 4733 1573 4802 ipsum,
1609 4743 1666 4788 et
1701 4750 1811 4791 non
1844 4737 2065 4790 statim?

502 4817 674 4876 Etiam
720 4819 764 4873 si
811 4818 961 4878 Eoos
987 4820 1163 4889 dicas,
1198 4824 1288 4892 qui
1323 4841 1343 4876 ι
1380 4827 1624 4894 speravit
1656 4827 1911 4884 invocare
1963 4846 2061 4884 no-

501 4922 622 4962 men
674 4907 885 4963 Domini
909 4909 976 4964 ⁸⁷.
1017 4929 1036 4963 ι
1072 4911 1179 4966 Cur
1215 4917 1475 4982 speravit,
1525 4923 1580 4969 et
1607 4931 1706 4970 cur
1739 4931 1846 4971 non
1877 4917 2058 4970 statim

567 5041 610 5072 "
642 5041 944 5117 Ephesum,
976 5041 1066 5101 12.
1140 5044 1406 5117 f'AEzecb.
1442 5061 1634 5108 xxvnt,
1665 5045 1752 5117 17.
1827 5046 1873 5117 5’
1905 5046 2059 5102 Rom.

2185 5049 2262 5102 I2.
2339 5052 2387 5082 '°
2431 5051 2606 5108 Galat.
2635 5068 2710 5117 Vl,
2766 5053 2847 5106 ιι.
2923 5054 2967 5084 ⁸¹
3019 5052 3215 5108 Ezeclt.
3246 5067 3395 5114 xvnl,
3427 5053 3482 5106 ι.

1308 5115 1354 5147 ⁵⁵
1373 5115 1530 5170 Joan.
1567 5132 1622 5179 ι,
1661 5115 1746 5169 18.
1823 5116 1869 5147 ⁸⁸
1902 5117 2057 5170 llont.

1308 5231 1337 5256 ‘_
1382 5184 1430 5256 f9
1457 5183 1594 5240 Gen.
1622 5199 1703 5256 vt.
1725 5184 1779 5251 8,
1810 5185 1863 5241 9.
1941 5188 1982 5218 “
2009 5186 2077 5241 Ge

2204 5120 2296 5179 23.
2371 5123 2418 5153 “
2441 5123 2574 5176 Gen.
2607 5137 2676 5183 tv,
2697 5115 2768 5188 ’5,
2793 5122 2848 5175 4.
2923 5122 2966 5153 "
2995 5124 3122 5176 ibid.
3149 5123 3238 5177 26.
3315 5124 3360 5154 ⁸⁸
3387 5121 3524 5177 Gen.
3557 5139 3609 5185 ν,
3645 5123 3742 5176 23.

2185 5205 2252 5256 Ix,
2277 5191 2366 5246 21.
2444 5193 2487 5222 ⁸³
2511 5191 2648 5247 Gen.
2679 5207 2776 5256 xu,
2811 5193 2862 5247 l.
2933 5193 2978 5224 ⁸³
3003 5191 3105 5247 Job
3131 5207 3244 5256 xiv,
3269 5193 3322 5256 4,
3356 5192 3407 5246 5.
3485 5193 3532 5224 “
3559 5191 3575 5245 l
3609 5193 3737 5246 Cor.

494 5126 614 5176 ιιιι,
642 5111 697 5166 9.
769 5112 816 5143 ⁸⁸
841 5111 879 5166 ll
905 5112 1032 5167 Cor.
1057 5129 1112 5178 v,
1137 5115 1228 5170 21.

495 5184 539 5213 ⁸⁸
598 5180 726 5236 ibid.
789 5181 896 5246 24;
954 5181 1116 5242 Hebr.
1151 5184 1309 5248 x1,5.

495 5267 586 5316 xv,
624 5250 714 5306 56.
790 5251 836 5284 “
878 5251 1033 5312 loan.
1056 5267 1094 5318 ι,
1120 5254 1175 5308 4.
1250 5253 1340 5315 "l
1371 5253 1496 5310 Cor.
1523 5269 1613 5320 xv,
1637 5254 1729 5310 55.

563 5369 675 5440 (46)
709 5369 800 5426 Sic
851 5372 1087 5440 potiores
1130 5387 1259 5428 mss.
1307 5371 1562 5434 [tabanus
1603 5386 1754 5439 vero,
1793 5392 1813 5428 ι
1847 5374 1936 5432 vix
1988 5377 2056 5432 de

493 5438 718 5508 singulis
751 5438 866 5494 haec
903 5443 1292 5522 perstrinxisse
1331 5443 1696 5522 sermonibus.
1742 5438 1770 5496 ⁷»
1816 5445 1956 5502 Editi
1999 5457 2056 5522 et

497 5523 597 5580 ius.
625 5523 784 5580 unus,
820 5529 840 5560 ί
878 5512 964 5564 vix
993 5512 1224 5580 singulis
1253 5513 1368 5574 haec
1393 5513 1752 5579 pertransisse
1793 5517 2054 5570 sermoni-

496 5575 614 5653 bus.
651 5576 756 5655 Per
782 5594 958 5655 unuur
983 5575 1276 5642 hominem.
1317 5599 1336 5633 ι
1362 5575 1494 5646 etc..
1538 5582 1743 5655 omisso
1777 5602 1798 5636 ι
1845 5599 1996 5655 ergo,
2030 5602 2049 5636 ι

494 5644 585 5725 qni
619 5659 718 5698 nec
746 5646 797 5698 in
827 5647 1100 5720 plerisque
1129 5666 1228 5705 ms.
1279 5665 1378 5705 nec
1409 5644 1549 5721 apud
1586 5652 1867 5708 llabanum
1898 5644 2054 5725 r'epe-

498 5722 653 5769 l‘lilll’.

566 5778 680 5848 (47)
763 5776 878 5834 Est.
936 5783 996 5837 in
1059 5785 1223 5839 editis
1246 5787 1536 5841 omittitur.

566 5851 679 5915 148)
710 5849 853 5910 Editi
881 5860 935 5906 (τι
961 5869 1088 5909 mss.
1125 5854 1386 5925 plerique,
1418 5875 1433 5908 ι
1473 5858 1666 5926 gratia,
1704 5877 1720 5910 ι
1754 5860 1911 5916 male.

2179 4653 2197 4686 ι
2233 4640 2488 4691 inundant
2521 4659 2538 4690 ι
2580 4639 2667 4692 hic
2719 4651 2961 4693 terrenos
2999 4654 3270 4708 quosque,
3305 4649 3360 4694 et
3411 4641 3463 4694 in
3524 4649 3744 4693 terrena

2171 4729 2584 4782 conversatione
2629 4739 3006 4800 permanentes
3054 4731 3329 4800 designet;
3375 4747 3392 4780 ι
3424 4731 3680 4783 homines
3719 4751 3740 4781 ο

2173 4833 2299 4873 vero
2331 4836 2424 4876 eos
2451 4822 2600 4876 dicat
2640 4824 2732 4893 qui
2780 4823 2896 4890 jam
2931 4838 2992 4878 se
3049 4824 3312 4893 incipiant
3337 4839 3656 4892 agnoscere,
3689 4834 3748 4876 et

2169 4914 2308 4967 scire
2335 4917 2478 4984 quod
2499 4918 2566 4970 ad
2595 4917 2883 4995 imaginem
2915 4915 3007 4970 Dei
3033 4916 3159 4970 facti
3188 4924 3335 4970 sunt.
3366 4915 3421 4969 lu
3458 4913 3582 4969 illos
3610 4930 3747 4983 ergo

3563 5053 3612 5084 "
3637 5054 3739 5107 lsa.

2444 5193 2487 5222 “
2511 5191 2648 5247 Gen.
2679 5207 2776 5258 xu,
2811 5193 2862 5247 1.
2933 5193 2978 5224 ⁸³
3003 5191 3105 5247 Job
3131 5207 3244 5260 xlv,
3269 5193 3322 5258 4,
3356 5192 3407 5246 5.
3485 5193 3532 5224 “
3559 5191 3575 5245 l
3609 5193 3737 5246 Cor.

2235 5374 2348 5455 (ἐξ)
2378 5376 2545 5455 Εάἰιί,
2581 5394 2602 5429 ‹
2638 5387 2691 5432 et
2723 5376 2875 5455 prius
2901 5374 3110 5455 gain...»
3337 5444 3351 5455 _
3557 5443 3570 5455 .

2234 5444 2348 5517 (δυ)
2373 5447 2474 5502 Ms.
2500 5463 2662 5510 unus,
2704 5444 2737 5498 ι’
2759 5447 2850 5500 sed
2895 5447 2979 5498 vix
3015 5445 3197 5516 aliquo
3229 5444 3387 5499 modo
3419 5444 3599 5517 sensit
3648 5446 3734 5497 in-

2162 5514 2612 5573 trare'mortem.
2654 5534 2674 5568 ι
2701 5517 2893 5572 Czeteri
2926 5531 3058 5571 vero
3107 5514 3245 5570 inss.
3285 5527 3342 5570 et
3381 5514 3511 5569 editi
3564 5525 3626 5567 ut
3683 5518 3735 5566 in

2163 5598 2353 5641 [IOSU'O
2386 5597 2562 5640 textu.

2234 5656 2345 5726 (51)
2363 5655 2462 5710 Ms.
2487 5672 2647 5721 unus,
2667 5673 2687 5708 ι
2710 5655 3140 5726 quingentesimo
3161 5653 3555 5716 decimoanno,
3577 5670 3598 5704 ι
3626 5663 3730 5726 etc.

2230 5724 2344 5795 (5‘2)
2379 5726 2450 5778 Ita
2490 5742 2622 5780 mss.
2686 5724 3039 5786 Editi'vero,
3093 5738 3397 5792 perperam.
3428 5740 3450 5772 ι
3503 5724 3732 5777 aculeus

2162 5807 2275 5858 tum
2300 5796 2486 5853 niurtis
2516 5796 2762 5872 repulsus
2791 5806 2873 5852 cst
2898 5805 2950 5849 et
2982 5796 3311 5849 confractus.
3349 5810 3365 5842 ο
