3986 6206
226 417 372 476 1013

1189 417 1545 477 COMMENT.
1588 420 1656 476 IN
1696 421 1913 478 EPIST.
1950 423 2042 478 AD
2078 419 2248 480 “OM.
2293 420 2422 478 LIB.
2462 419 2526 476 V.

3371 423 3432 480 Ῑί)
3445 425 3504 478 14

224 535 320 603 qui
348 532 588 588 mundus
620 530 982 602 appellantur,
1017 532 1067 588 id
1093 531 1384 606 548681,
1410 548 1650 593 terrenos
1675 538 1808 606 (53),
1845 547 1888 602 Α
1926 541 2050 594 terit
2077 551 2292 596 sensus.
2332 537 2438 592 Sed
2473 544 2528 592 et
2552 534 2680 591 illud
2714 534 2987 606 szepejam
3024 536 3286 605 diximus,
3319 539 3371 594 in
3403 541 3504 596 hac

223 628 466 682 intrasse
514 626 646 682 dicit
674 635 980 695 peccatum,
1027 636 1081 681 et
1133 643 1402 698 nusquam
1457 629 1573 699 ejus
1610 633 1810 688 exitum

221 720 407 789 ponit.
433 717 487 773 In
520 734 616 774 eos
641 733 770 775 vero
799 735 936 790 quos
960 718 1072 788 jam
1118 721 1367 777 homines
1397 725 1509 778 vult
1558 725 1810 794 intelligi,

221 812 359 866 dicit
388 813 753 881 pertransisse
789 822 1093 883 peccatum,
1135 815 1190 868 id
1223 825 1306 869 est
1355 814 1521 871 fuisse
1565 818 1810 887 quidem,

221 905 320 960 sed
361 920 458 974 per
503 905 880 974 paenitentiam
933 907 1314 961 conversionis
1366 908 1481 978 (54)
1528 912 1808 978 depulsum

220 1010 369 1058 esse,
397 1005 454 1049 et
483 995 869 1065 pertransisse,
903 1009 1005 1061 nec
1037 996 1178 1052 ultra
1206 997 1257 1052 in
1284 998 1362 1054 eis
1393 1001 1632 1055 stetisse.
1658 999 1813 1056 Unzle

225 1095 476 1156 apparet,
523 1087 574 1140 in
606 1085 833 1141 Litteris
868 1087 1018 1142 Pauli
1075 1103 1142 1144 ne
1176 1105 1338 1143 unam
1385 1090 1602 1159 quidem
1644 1092 1808 1164 sylla-

223 1176 352 1230 bam
387 1191 612 1230 vacuam
661 1178 854 1233 sentiri
909 1177 1114 1234 debere
1165 1182 1460 1250 mysteriis.
1519 1181 1810 1240 Videamus

221 1283 371 1323 nunc
397 1271 669 1338 quomodo
697 1270 899 1324 dictum
935 1282 1018 1326 est
1047 1288 1059 1324 :
1101 1291 1118 1323 1
1156 1271 1340 1342 Usque
1363 1276 1429 1329 ad
1461 1275 1631 1344 legem
1662 1276 1807 1330 enim

216 1368 508 1428 peccatum
543 1361 595 1415 in
626 1363 727 1416 hoc
764 1363 992 1428 mundo;
1026 1374 1312 1432 peccatum
1343 1376 1525 1420 autem
1559 1383 1664 1421 non
1704 1368 1806 1422 iut-

217 1460 464 1518 pntatur,
495 1451 723 1506 cumlex
755 1463 988 1506 nonest.
1029 1472 1047 1504 1
1090 1452 1203 1508 1106
1249 1456 1299 1509 111
1349 1456 1466 1512 loco
1510 1459 1806 1512 secundum

216 1557 342 1595 eam
374 1542 786 1598 similitudinem
821 1560 986 1614 quam
1038 1561 1201 1615 supra
1250 1549 1620 1618 exposuimus,
1661 1550 1809 1604 vide-

217 1645 309 1688 tur
341 1634 475 1688 mihi
524 1633 726 1689 Paulus
769 1651 862 1704 per
895 1637 1060 1690 alium
1121 1638 1326 1691 aditum
1379 1639 1695 1708 ingressus,
1755 1651 1808 1695 et

217 1739 316 1793 per
343 1725 510 1778 alium
557 1739 828 1795 egressus.
886 1727 1017 1795 Quis
1075 1729 1222 1782 enim
1253 1743 1378 1784 eum
1429 1741 1608 1801 potest
1652 1733 1804 1803 sequi

214 1831 315 1884 per
354 1816 518 1870 istum
551 1817 757 1871 aditum
804 1833 912 1887 quo
944 1819 1192 1888 pluribus
1225 1820 1442 1875 videtur
1497 1823 1803 1890 ingressus,

1919 633 2158 703 Epistola
2191 630 2421 687 Paulum
2447 629 2516 684 de
2545 627 2726 685 multis
2767 630 2988 700 quidem
3035 630 3270 701 legibus,
3307 633 3400 688 sed
3438 638 3504 689 de

1917 723 2149 778 naturali
2180 724 2294 792 lege
2327 719 2673 790 frequentius
2719 720 3015 790 disputare,
3048 722 3192 790 quod
3234 722 3368 778 et'in
3402 724 3504 778 hoc

1917 816 2035 869 loco
2065 816 2336 886 praecipue
2367 812 2813 880 deprehenditur.
2845 812 3027 882 Usque
3055 814 3118 866 ad
3145 813 3316 884 legem
3355 815 3500 868 enim

1917 905 2219 960 naturalem
2245 915 2530 975 peccatum
2567 912 2843 958 mortuum
2874 913 2956 959 cst
2986 905 3120 977 (58).
3165 905 3306 974 Ergo
3346 915 3503 960 certo

1912 997 2090 1052 aetatis
2128 1007 2369 1066 tempore
2401 996 2488 1051 11111
2545 995 2771 1049 rationis
2812 1009 2984 1065 capax
3013 1011 3132 1051 esse
3165 998 3288 1068 quis
3317 1013 3502 1068 61666-

1915 1088 2005 1154 rit,
2029 1097 2085 1142 et
2112 1087 2243 1154 justi
2271 1089 2592 1159 injustique,
2623 1085 2764 1155 aequi
2795 1095 2851 1140 et
2875 1085 3043 1156 iniqui
3081 1087 3284 1144 habere
3307 1088 3502 1142 discri-

1916 1193 2059 1244 men,
2094 1189 2221 1234 tunc
2279 1189 2585 1250 peccatum,
2625 1179 2770 1248 quod
2820 1179 2971 1249 prius
3027 1179 3165 1234 intra
3223 1179 3497 1235 hominem

1912 1271 2061 1326 velut
2096 1283 2368 1326 mortuum
2402 1272 2733 1334 habebatur,
2769 1271 3099 1327 reviviscere
3133 1272 3353 1340 dicitur,
3395 1288 3498 1342 pro

1912 1377 1976 1417 eo
2012 1364 2157 1432 quod
2191 1374 2273 1419 est
2298 1363 2408 1432 jam
2451 1364 2790 1419 intrinsecus
2815 1363 2902 1418 lex
2934 1377 3057 1432 qua:
3083 1373 3248 1428 vetet,
3272 1376 3326 1418 et
3354 1367 3496 1420 ratio

1911 1471 2030 1524 quae
2063 1457 2316 1512 ostendat
2342 1472 2447 1512 non
2475 1472 2596 1512 esse
2621 1453 2932 1512 faciendum
2962 1456 3095 1527 (59).
3129 1455 3235 1512 Sed
3261 1467 3318 1510 ut
3339 1473 3498 1527 aper—

1911 1549 2019 1604 tius
2073 1549 2409 1620 intelligatur
2453 1550 2595 1618 quod
2638 1549 2911 1611 dicimus,
2967 1547 3210 1602 evidenti
3274 1559 3493 1603 utamur

1909 1641 2180 1712 exetnplo.
2213 1642 2485 1710 Scriptum
2515 1651 2598 1695 est
2627 1656 2640 1692 :
2681 1659 2699 1693 1
2733 1638 2836 1706 Qui
2888 1639 3214 1704 percusserit
3259 1648 3490 1708 patrem,

1909 1733 1992 1787 vel
2023 1742 2276 1796 matrem,
2312 1741 2488 1787 morte
2517 1733 2787 1787 moriatur
2813 1731 2897 1797 '°;
2937 1747 2959 1782 1
2991 1737 3086 1784 et:
3126 1749 3144 1781 1
3179 1730 3282 1796 Qui
3321 1731 3490 1787 male-

1909 1825 2106 1880 dixerit
2135 1824 2298 1892 patri,
2325 1832 2417 1878 aut
2455 1824 2642 1888 matri,
2675 1832 2853 1878 morte
2889 1819 3161 1877 moriatur
3191 1822 3260 1876 ".
3299 1841 3319 1876 1
3351 1822 3492 1878 Puer

216 1917 272 1958 ut
297 1907 372 1962 de
410 1907 528 1979 lege
571 1907 742 1980 Moysi
791 1911 981 1966 dicere
1033 1912 1369 1980 intelligatur
1409 1915 1532 1983 quia
1569 1934 1586 1966 1
1631 1931 1802 1988 usque
1835 1903 1875 1962 Β
1903 1932 2032 1988 ergo
2062 1917 2317 1986 parvulus
2353 1925 2592 1986 quatuor
2624 1916 2739 1972 fere
2781 1925 2876 1971 aut
2927 1918 3174 1987 quinque
3215 1930 3485 1970 annorum

213 1999 283 2050 ad
312 1998 488 2068 legem
518 2011 799 2068 peccatum
827 2003 878 2056 in
911 2003 1011 2058 hoc
1040 2005 1243 2057 mundo
1271 2021 1284 2058 :
1315 2016 1596 2074 peccatum
1617 2019 1797 2062 autem

214 2103 324 2144 non
351 2091 678 2161 imputatur,
707 2108 830 2148 cum
871 2093 955 2149 lex
1002 2110 1106 2150 non
1135 2095 1260 2151 est?
1298 2116 1316 2149 1
1347 2096 1502 2166 quasi
1543 2108 1674 2155 ante
1719 2100 1798 2154 le-

211 2195 334 2250 gem
363 2192 644 2250 peccatum
678 2199 781 2241 non
810 2185 996 2251 luerit,
1025 2196 1080 2241 et
1114 2203 1273 2243 nemo
1317 2191 1647 2257 peccaverit,
1695 2205 1798 2246 nec

211 2281 525 2342 reputatum
565 2275 851 2332 1116111111ιί
891 2289 1170 2348 peccatqu
1215 2280 1327 2352 (55)
1377 2293 1668 2353 antequam
1708 2286 1796 2340 lex

207 2361 383 2434 Moysi
429 2367 669 2431 daretur,
705 2383 828 2423 cum
882 2369 1124 2440 legamus
1159 2381 1213 2427 et
1259 2372 1429 2440 Cain,
1466 2385 1518 2430 et
1555 2375 1792 2432 Lamech

206 2466 524 2524 reputatum
555 2473 676 2514 esse
707 2471 1008 2529 peccatum,
1037 2472 1093 2516 et
1129 2465 1218 2535 (ne
1253 2479 1350 2534 per
1399 2467 1644 2538 singulos
1689 2469 1794 2522 im-

203 2548 510 2620 moremur)
558 2550 610 2604 in
663 2561 870 2606 tantum
936 2570 1033 2624 pro
1091 2559 1328 2622 peccatis
1380 2557 1654 2612 hominum
1685 2577 1795 2615 ~cx-

204 2641 532 2694 acerbatum
561 2656 682 2696 esse
711 2645 898 2707 Deum,
932 2654 994 2698 ut
1024 2645 1281 2701 diluvium
1309 2650 1510 2704 mundo
1544 2651 1792 2706 introdu-

201 2741 381 2797 ceret,
428 2743 482 2787 et
527 2734 772 2789 diceret:
826 2755 844 2787 1
882 2735 1083 2792 Deleho
1137 2753 1353 2794 onmem
1399 2757 1618 2798 carnem
1674 2757 1794 2811 qua:

199 2840 372 2893 super
405 2834 608 2880 terram
641 2838 728 2883 est
750 2827 829 2895 "’;
869 2846 888 2880 1
923 2840 978 2883 61
1005 2845 1222 2884 rursum
1253 2832 1568 2890 Sodomitas
1601 2835 1791 2904 igneus

198 2918 384 2972 imber
407 2927 464 2972 et
492 2919 784 2989 sulphurea
816 2919 1030 2974 ﬂamma
1061 2923 1360 2978 vastaverit
1387 2925 1454 2978 ⁸⁸.
1508 2924 1792 2992 Quomodo

197 3025 337 3078 ergo
378 3011 434 3065 in
477 3013 582 3076 his,
613 3014 694 3067 vel
735 3013 788 3068 in
840 3015 1210 3084 hujuscemodi
1247 3019 1358 3089 (56)
1403 3021 1642 3090 peccatis
1684 3023 1788 3078 dici

197 3113 383 3169 potest
418 3118 523 3158 non
560 3103 729 3160 fuisse
760 3120 1063 3176 peccatum,
1100 3112 1184 3165 vel
1212 3111 1264 3164 in
1303 3112 1560 3168 viudictis
1591 3114 1792 3172 talibus

197 3197 494 3265 negabitur
549 3209 856 3267 reputatum
905 3214 1027 3256 esse
1071 3205 1390 3270 peccatum?
1453 3203 1520 3259 Et
1551 3205 1670 3260 ideo
1696 3220 1788 3262 oc-
1815 3239 1857 3296 α

195 3287 438 3342 cultiore
460 3287 608 3342 aditu
634 3289 908 3360 digressus
939 3292 1093 3346 nobis
1132 3294 1488 3361 requirendus
1517 3307 1602 3352 est
1628 3297 1784 3354 Pauli

193 3381 250 3434 in
285 3396 354 3436 eo
392 3383 537 3450 quod
565 3381 716 3448 dicit,
762 3400 781 3434 1
823 3382 1004 3452 Usque
1029 3385 1094 3438 ad
1126 3385 1296 3456 legem
1328 3389 1470 3443 enim
1498 3402 1782 3460 peccatum

197 3474 254 3529 in
307 3475 414 3530 hoc
446 3478 694 3533 mundo:
737 3489 1016 3548 peccatum
1073 3489 1252 3535 autem
1309 3497 1414 3538 non
1463 3483 1781 3552 imputatur,

195 3585 326 3622 cum
350 3568 435 3623 lex
464 3585 567 3624 non
597 3580 698 3626 est.
738 3591 757 3624 1
786 3570 1095 3628 Invenimus
1125 3587 1247 3628 eum
1283 3585 1338 3629 et
1366 3577 1417 3630 in
1455 3575 1566 3648 (57)
1600 3589 1782 3647 poste-

199 3659 444 3715 rioribus
471 3659 631 3728 hujus
667 3661 921 3731 Epistolas
950 3664 1218 3718 dicentem
1256 3667 1360 3720 hoc
1389 3670 1581 3722 modo:
1607 3686 1625 3719 1
1653 3669 1784 3724 Siue

197 3751 323 3820 lege
345 3752 492 3807 enim
530 3764 810 3822 peccatum
840 3766 1111 3809 mortuum
1147 3768 1266 3811 erat
1294 3773 1307 3810 :
1339 3773 1438 3828 ego
1476 3770 1656 3813 autem
1697 3761 1779 3815 vi-

199 3845 400 3898 vebam
425 3848 544 3900 sine
571 3845 688 3916 lege
725 3845 1018 3916 aliquando
1053 3848 1120 3904 ".
1163 3867 1180 3900 1
1219 3848 1272 3902 111
1320 3866 1428 3920 quo
1465 3867 1602 3908 unus
1648 3855 1782 3909 mihi

199 3945 368 4005 atque
393 3935 534 3991 idem
562 3951 755 3993 sensus
786 3938 1002 3993 videtur
1033 3941 1316 4012 utriusque
1335 3943 1583 4011 capituli.
1625 3945 1780 4010 Quod

198 4028 347 4081 6111111
379 4027 469 4084 1116
493 4029 680 4084 deerat
711 4030 764 4083 in
787 4045 1058 4096 sermone,
1088 4029 1159 4085 ibi
1187 4032 1522 4102 adimplevit.
1544 4047 1563 4081 ι
1597 4033 1782 4106 Usque

201 4117 272 4172 ad
321 4117 491 4187 legem
540 4119 683 4173 enim
735 4127 1013 4188 peccatum
1055 4119 1107 4172 in
1147 4119 1250 4174 hoc
1301 4122 1522 4186 mundo,
1570 4141 1588 4175 1
1629 4125 1783 4178 deest

206 4229 228 4261 1
276 4219 571 4276 mortuum,
620 4228 639 4261 1
683 4209 825 4277 quod
891 4209 964 4264 ibi
1009 4210 1314 4267 evidentius
1366 4214 1657 4283 expressit.
1722 4213 1779 4270 Si

199 4315 335 4370 ergo
369 4299 530 4354 etiam
563 4300 648 4354 hic
672 4300 968 4370 jungamus
1001 4300 1166 4355 istum
1193 4317 1524 4367 sermonem,
1548 4313 1604 4358 et
1631 4303 1780 4359 dica-

199 4407 362 4446 mus:
396 4409 416 4445 1
457 4391 640 4462 Usque
663 4391 726 4446 ad
758 4392 931 4463 legem
960 4392 1102 4448 enim
1133 4404 1414 4464 peccatum
1448 4406 1567 4451 erat
1593 4397 1644 4452 in
1677 4399 1781 4454 hoc

199 4483 409 4536 mundo
442 4502 461 4534 1
499 4492 767 4540 mortuum
795 4500 808 4537 :
845 4502 862 4536 1
890 4494 1170 4554 peccatum
1203 4495 1381 4542 autem
1405 4503 1513 4543 non
1544 4490 1780 4559 imputa-

1902 2009 1969 2072 si,
2031 2019 2090 2062 ut
2123 2008 2240 2062 ﬁeri
2285 2007 2444 2074 solet,
2493 2009 2800 2077 indignatus
2860 2010 3014 2079 virga
3069 2006 3345 2077 percutiat
3374 2008 3486 2079 (60)

1901 2109 2110 2169 patrem
2133 2109 2228 2154 aut
2256 2109 2508 2166 matrem,
2539 2109 2805 2168 quantum
2859 2100 2926 2152 ad
2958 2106 3292 2168 praereptum
3337 2113 3480 2152 man-

1900 2191 2010 2247 dati
2045 2200 2255 2262 spectat
2287 2199 2518 2246 mortem
2551 2192 2706 2245 tlehel
2735 2190 2870 2261 (61).
2909 2189 3015 2244 Sed
3042 2191 3166 2259 quia
3197 2191 3282 2244 lex
3313 2189 3364 2241 111
3396 2188 3487 2242 1110

1899 2283 2140 2336 nondum
2166 2291 2250 2336 est
2285 2279 2572 2342 naturalis,
2609 2293 2728 2349 quae
2760 2293 2885 2333 eum
2917 2279 3112 2334 doceat
3151 2295 3255 2334 non
3283 2279 3485 2335 debere

1900 2371 2152 2441 iujuriam
2205 2372 2389 2425 facere
2443 2369 2584 2440 patri
2630 2380 2721 2428 aut
2775 2370 2959 2437 matri,
2989 2384 3088 2424 nec
3131 2372 3234 2425 scit
3278 2370 3330 2424 in
3378 2370 3482 2424 hoc

1897 2465 2103 2518 crimen
2137 2463 2433 2533 impietatis
2463 2463 2676 2518 admitti
2706 2464 2818 2537 (62)
2856 2480 2870 2517 :
2902 2474 2986 2520 est
3015 2464 3234 2534 quidem
3267 2463 3481 2534 species

1897 2556 2107 2626 peccati
2157 2556 2300 2626 quod
2351 2553 2510 2623 facit;
2561 2556 2686 2624 quia
2719 2557 2959 2626 percutit
2988 2566 3198 2625 patrem
3250 2555 3330 2609 vel
3364 2571 3478 2608 ma-

1899 2660 2059 2712 trem,
2098 2657 2190 2700 aut
2237 2646 2513 2702 maledicit
2555 2646 2700 2718 (6'5);
2751 2649 2844 2702 sed
2881 2657 3154 2703 mortuum
3209 2654 3293 2701 est
3332 2647 3383 2700 iu
3412 2662 3478 2702 eo

1895 2748 2202 2808 peccatum,
2231 2741 2357 2808 quia
2387 2755 2486 2810 per
2511 2740 2816 2796 absentiam
2853 2739 3118 2794 naturalis
3146 2738 3305 2808 legis,
3354 2753 3478 2808 qua:

1894 2831 1948 2885 in
1980 2847 2046 2887 eo
2075 2833 2313 2888 nondum
2354 2842 2464 2897 est,
2494 2841 2776 2901 peccatum
2807 2833 2857 2887 ei
2905 2847 3011 2886 non
3044 2841 3224 2901 potest
3253 2845 3474 2902 reputa-

1897 2925 1962 2979 ri.
1995 2923 2244 2979 Nondum
2283 2932 2368 2980 est
2408 2926 2552 2980 enim
2595 2926 2737 2979 intra
2781 2941 2906 2979 eum
2961 2925 3101 2979 ratio
3147 2932 3323 2988 tanta,
3354 2941 3476 2994 qua:

1893 3033 2016 3072 eum
2065 3017 2259 3072 doceat
2295 3018 2397 3072 hoc
2431 3018 2576 3085 quod
2612 3016 2764 3084 facit,
2811 3016 2926 3071 lieri
2973 3033 3080 3071 non
3129 3016 3373 3071 dehere:
3419 3027 3475 3072 et

1894 3105 2014 3160 ideo
2041 3107 2207 3161 etiam
2235 3122 2262 3159 a
2300 3107 2618 3174 parentibus
2665 3121 2772 3161 non
2817 3107 2992 3162 solum
3048 3122 3156 3162 non
3189 3117 3475 3178 reputatur

1891 3200 1962 3254 ad
1995 3200 2232 3270 culpam,
2260 3199 2356 3254 sed
2397 3200 2463 3253 ad
2496 3199 2726 3271 gratiam
2757 3198 3267 3270 iucunditatemque
3294 3200 3474 3255 susci-

1891 3292 2056 3362 pitur.
2093 3292 2158 3346 Et
2197 3292 2299 3347 hoc
2329 3292 2488 3347 modo
2516 3301 2941 3362 consequenter,
2974 3301 3036 3347 ut
3075 3306 3178 3364 ego
3206 3293 3474 3361 arbitror,

1894 3382 2116 3452 intelligi
2167 3392 2345 3451 potest
2385 3385 2533 3452 quod
2573 3383 2868 3452 Apostolus
2902 3384 3079 3438 dicit:
3119 3401 3136 3435 1
3179 3381 3361 3452 Usque
3403 3383 3474 3436 ad

1893 3476 2062 3545 legem
2097 3477 2241 3530 enim
2296 3485 2574 3546 peccatum
2618 3475 2670 3529 in
2717 3476 2820 3531 hoc
2864 3474 3087 3538 mundo.
3131 3493 3150 3527 1
3183 3484 3240 3530 111
3267 3477 3474 3531 subau-

1891 3568 2094 3632 diatur,
2141 3577 2436 3622 mortuum.
2477 3585 2496 3618 1
2531 3565 2818 3621 Peccatum
2847 3575 3027 3620 autem
3069 3581 3176 3620 non
3237 3568 3476 3636 imputa-

1895 3667 2002 3723 tur,
2041 3673 2167 3712 cum
2216 3660 2300 3713 lex
2335 3674 2442 3712 non
2486 3668 2590 3712 est.
2627 3676 2646 3710 1
2671 3656 2935 3711 Convenit
2977 3656 3122 3711 enim
3170 3657 3472 3712 secundum

1893 3748 2032 3804 hanc
2087 3749 2489 3818 expositionem
2530 3748 2694 3802 etiam
2739 3746 2868 3802 illud
2911 3746 3138 3812 intelligi
3190 3745 3468 3819 (64)(111011

1889 3839 2022 3894 dicit
2061 3839 2401 3909 Apostolus;:
2451 3859 2468 3892 1
2501 3839 2614 3910 Ego
2653 3849 2833 3894 autem
2883 3839 3132 3893 vivebam
3181 3841 3301 3896 sine
3353 3841 3472 3910 lege

1890 3933 2182 4002 aliquando
2213 3935 2280 3988 ⁷³.
2321 3953 2341 3988 1
2399 3933 2534 3987 Nam
2595 3931 2867 4002 quomodo
2923 3929 3124 3986 Paulus
3177 3932 3297 3988 sine
3349 3931 3470 4004 lege

1889 4021 2060 4092 Moysi
2085 4023 2362 4076 invenitur
2399 4020 2692 4090 aliquando
2730 4019 2957 4087 vixisse,
2999 4036 3124 4078 cum
3164 4023 3278 4092 ipse
3312 4025 3380 4079 de
3411 4038 3472 4078 se

1889 4115 2037 4169 dicat
2063 4113 2270 4185 "quia
2325 4112 2586 4168 Hebraeus
2635 4127 2702 4168 ex
2748 4111 2994 4169 Hebraeis
3041 4115 3133 4179 sit,
3187 4123 3242 4168 et
3271 4124 3470 4171 octava

1888 4207 1978 4262 die
2027 4205 2390 4261 circumcisus
2443 4203 2628 4259 statim
2653 4219 2683 4257 a
2713 4203 3000 4258 nativitate
3035 4205 3087 4259 in
3123 4204 3290 4275 Moysi
3333 4207 3469 4276 legis

1887 4299 2232 4356 observantia
2284 4297 2480 4352 fuerit?
2550 4295 2656 4351 Sed
2713 4305 2930 4351 constat
2974 4310 3095 4349 eum
3151 4297 3466 4364 aliquando,

1888 4395 1992 4449 hoc
2021 4401 2103 4447 est
2140 4393 2191 4446 in
2223 4391 2415 4461 puerili
2463 4399 2639 4457 :etate,
2699 4397 2988 4456 antequam
3034 4387 3263 4442 rationis
3295 4403 3467 4456 capax

1890 4487 2065 4550 lieret,
2093 4485 2209 4538 sine
2240 4482 2473 4536 naturali
2498 4481 2615 4551 lege
2640 4480 2862 4534 vixisse.
2889 4477 3138 4533 Nerulum
3165 4480 3310 4534 enim
3335 4481 3384 4535 ei
3413 4481 3466 4534 in

198 4583 316 4638 tur,
347 4590 470 4628 cum
505 4575 587 4628 lex
619 4590 722 4630 nou
752 4586 856 4640 est,
899 4594 918 4627 1
949 4575 1070 4630 vide
1094 4577 1220 4646 quia
1253 4575 1467 4646 integre
1501 4588 1649 4636 stare
1681 4597 1779 4652 po-
1809 4598 1855 4654 ι)
1888 4576 1973 4630 illa
1993 4585 2152 4630 aetate
2175 4575 2354 4630 inerat
2374 4573 2510 4641 justi
2542 4571 2840 4640 injustique
2875 4569 3174 4635 distinctio,
3205 4584 3308 4626 nec
3329 4571 3465 4626 recti

269 4687 314 4716 ⁸⁷
338 4685 476 4740 Gen.
506 4703 580 4750 vt,
613 4687 666 4741 7.
743 4688 788 4720 ⁸⁸
814 4687 953 4744 Gen.
987 4704 1102 4755 11111,
1135 4689 1232 4744 24.

191 4755 241 4788 ’³
275 4757 475 4827 Philip.
513 4773 592 4823 111,
616 4757 668 4812 5.

205 4941 210 4946 λ
269 4875 390 4942 (551
419 4876 589 4941 Alias,
622 4895 641 4928 1
687 4880 910 4934 terreni.
946 4897 966 4930 1

269 4946 388 5014 (54)
414 4948 581 5010 Alias,
620 4970 638 5003 1
672 4949 1130 5012 conversationis,
1169 4966 1188 5000 1
1227 4946 1386 5002 male.

269 5017 582 5091 (55)_E_diti.
629 5041 648 5073 1
683 5034 785 5076 1166
833 5029 1140 5089 reputatum
1192 5018 1288 5091 [111.
1313 5059 1330 5087 ,
1364 5035 1384 5070 1
1423 5031 1526 5072 1166
1584 5032 1777 5088 pecca-

197 5089 412 5163 1111111]
439 5089 609 5163 fuerit
641 5091 714 5163 illi
752 5100 1058 5163 peccatum.
1092 5107 1111 5141 1

271 5157 596 5232 (ὕδίᾼὶὶεε,
627 5181 644 5214 1
677 5157 960 5227 Quomodo
984 5174 1114 5231 ergo
1141 5159 1224 5216 vel
1244 5159 1298 5215 in
1319 5157 1720 5232 hujuscemodi,
1751 5178 1771 5212 1

191 5241 332 5294 616.,
365 5231 574 5300 alisque
601 5251 618 5283 1
650 5232 729 5286 vel
761 5233 812 5286 iu
841 5232 946 5288 his.
983 5248 1003 5283 1

268 5301 387 5369 (57)
424 5301 587 5366 Editi,
625 5321 643 5355 1
679 5303 1024 5357 Inveniemus
1051 5315 1175 5355 eum
1210 5301 1288 5369 in,
1330 5320 1349 5352 1
1379 5309 1493 5356 616.

272 5369 387 5441 (58)
419 5369 513 5424 Sic
544 5382 688 5427 recte
733 5388 836 5425 ms.
869 5386 1008 5438 unus
1039 5370 1241 5441 Regius
1282 5387 1432 5427 num.
1478 5370 1637 5428 1659.
1663 5370 1779 5426 Cm-

197 5443 300 5496 teri
335 5455 467 5497 vero
490 5457 620 5497 mss.
650 5452 706 5498 et
735 5442 888 5509 editi,
915 5457 1222 5511 perperam,
1253 5459 1271 5492 1
1315 5457 1485 5510 usque
1511 5445 1576 5496 ad
1600 5442 1776 5511 legem

195 5512 344 5582 enim
375 5513 700 5582 naturalem,
727 5527 845 5582 qua:
876 5523 1027 5566 certo
1077 5513 1253 5582 aetatis
1288 5523 1554 5581 tempore,
1615 5532 1631 5562 1
1669 5523 1777 5566 etc.

271 5581 385 5654 (59)
410 5581 503 5637 Sic
535 5599 725 5638 omnes
747 5580 882 5636 mss.
915 5583 1107 5654 nostri.
1139 5580 1280 5635 Editi
1312 5580 1462 5645 vero,
1506 5599 1524 5654 1
1565 5597 1663 5650 pro
1708 5596 1773 5632 co

195 5652 340 5718 1111011
367 5652 454 5708 est
476 5668 599 5708 cum
622 5654 953 5709 intrinsecus
976 5652 1062 5708 lex
1086 5665 1206 5722 quae
1229 5660 1396 5718 vetat,
1427 5653 1566 5707 ratio
1586 5661 1774 5707 osten-

195 5725 286 5777 dat
319 5737 426 5777 non
459 5738 582 5778 esse
610 5722 872 5778 facienda.

273 5785 488 5861 (60)___St'
527 5791 618 5857 (111
666 5789 784 5858 ﬁeri
835 5791 1000 5861 solet)
1040 5792 1345 5861 indignatus
1397 5791 1543 5861 virga
1590 5808 1776 5861 percu-

203 5860 324 5917 11111.
379 5857 472 5916 Sic
521 5870 671 5918 recte
727 5875 832 5919 ms.
887 5857 1064 5933 unus;
1123 5857 1302 5920 deteri
1361 5857 1522 5929 γει-0⁷,
1570 5857 1599 5915 1⁷
1648 5863 1792 5921 sicut

1337 4691 1382 4722 θ’
1421 4692 1576 4752 Rom.
1608 4711 1702 4763 vn,
1735 4695 1790 4762 8,
1822 4695 1877 4752 9.
1949 4695 1995 4726 ⁷ο
2020 4693 2187 4748 Exod.
2230 4689 2460 4755 xxn,15.

2567 4689 2610 4720 ⁷³
2643 4687 2770 4743 ibid.
2817 4685 2904 4742 17.
3013 4687 3058 4717 τ’
3079 4685 3239 4743 Rom.
3273 4701 3370 4748 vti.
3409 4687 3462 4744 9.

1881 4873 1998 4954 11611
2032 4874 2172 4954 solet
2201 4869 2510 4938 indignatus
2539 4867 2691 4938 virga
2715 4873 3007 4941 percutiat.
3046 4891 3068 4928 1
3102 4874 3248 4932 Editi
3301 4877 3467 4935 omit-

2209 4958 2318 4993 11.»

1883 4952 2002 4997 111111
2029 4960 2049 4993 1
2088 4952 2258 5010 virga.
2299 4958 2318 4989 1

1951 5013 2064 5085 (6|)
2093 5012 2168 5067 Ita
2201 5024 2392 5066 omnes
2439 5025 2570 5065 mss.
2618 5015 2813 5073 nostri.
2868 5013 3011 5071 Editi
3060 5031 3226 5082 vero,
3261 5035 3284 5068 1
3319 5018 3463 5074 mori

1881 5085 2068 5227 (mag)
2101 5101 2175 5227 ita
2207 5153 2357 5207 recte
2382 5117 2654 5227 ms_.‘_unu_s
2683 5153 2885 5225 Regius
2933 5171 3084 5212 num.
3116 5157 3276 5213 1659.
3306 5159 3463 5212 Alter

1880 5221 2011 5280 vero
2037 5221 2236 5294 Regius
2269 5237 2420 5276 num.
2451 5221 2583 5276 1641
2617 5221 2804 5288 habet,
2840 5247 2858 5278 1
2896 5242 3004 5281 11011
3031 5239 3115 5282 est
3140 5228 3192 5281 in
3221 5229 3326 5282 hoc
3349 5231 3464 5282 611⁹

1881 5311 2004 5349 111611
2039 5293 2339 5368 impietatis
2362 5293 2620 5368 :_etnin_et
2649 5296 2777 5364 quia
2807 5305 2863 5350 et
2902 5308 2985 5351 est
3005 5299 3221 5367 quidem
3252 5299 3464 5368 species

1881 5361 2165 5436 peccati.)
2205 5373 2311 5436 etc.
2369 5361 2564 5436 Caneri
2599 5361 2727 5419 vero
2778 5381 2908 5422 mss.
2961 5361 3038 5422 et'
3066 5368 3198 5422 editi
3237 5361 3461 5436 habent,

1888 5433 1905 5486 1
1945 5436 2025 5488 vel
2052 5435 2190 5489 sciat
2216 5435 2268 5507 in
2300 5433 2404 5487 hoc
2443 5435 2648 5507 crimen
2680 5437 2977 5507 impietatis
3009 5439 3222 5494 admitti
3259 5433 3465 5496 :etest

1881 5507 2100 5576 quidem
2125 5505 2336 5570 species
2356 5504 2584 5576 peccati,
2623 5523 2642 5556 1
2679 5504 2783 5560 616.

1953 5576 2065 5643 (11⁸5)
2098 5576 2188 5629 Sic
2218 5589 2319 5628 ms.
2355 5588 2493 5627 unus
2512 5574 2710 5644 Regius
2737 5593 2889 5632 num.
2918 5579 3078 5635 1641.
3106 5581 3299 5637 Caeteri
3330 5598 3461 5638 vero

1880 5661 2016 5770 anes.
2063 5655 2120 5700 et
2167 5645 2320 5709 editi,
2359 5662 2378 5697 1
2419 5655 2648 5700 matrem
2693 5649 2839 5704 enim
2879 5654 3134 5722 percutit,
3170 5654 3254 5708 vel
3288 5655 3459 5711 male-

1891 5725 2030 5771 1611.
2075 5734 2095 5770 1

1959 5755 2371 5862 (³111),]1116111υ1.
2412 5789 2573 5848 Deest
2613 5793 2668 5846 in
2709 5790 2887 5847 editis.
