3986 6206
309 253 444 308 liii?

1259 249 1617 336 COMMI§§L
1657 249 1722 305 IN
1762 247 1980 304 El‘lST.
2025 248 2116 304 AD
2155 248 2320 305 liOM.
2362 250 2489 308 LIB.
2524 249 2584 305 V.

3422 253 3555 308 {0'8

305 371 530 437 taverit,
577 377 628 425 et
678 371 917 426 maxima
951 387 1014 427 ex
1051 385 1209 442 parte
1241 368 1587 442 potuetﬁ'fet
1621 377 1692 428 ita
1736 374 1887 426 iudc-
1917 373 1962 429 Α
1994 373 2152 424 batur
2178 389 2273 440 per
2299 389 2544 435 carnem,
2579 371 2718 424 Deus
2754 371 2944 426 Filium
2971 385 3129 426 suum
3161 370 3380 425 mittens
3408 371 3459 422 in
3489 373 3560 422 si-

307 466 483 516 bitum
531 462 632 517 sibi
680 464 1041 519 vindicaverit
1074 480 1318 536 regnum.
1374 465 1485 521 lloc
1514 482 1644 537 ergo
1681 483 1776 537 per
1809 479 1886 538 ty-

311 553 599 608 rannidem
639 566 928 625 regnante,
962 557 1198 611 mittitur
1229 559 1336 612 dux
1369 558 1572 613 electus
1601 579 1628 612 a
1663 573 1786 628 rege
1812 560 1885 613 le-

307 645 503 713 gitimo
526 645 759 716 Moyses,
784 649 874 718 qui
908 657 1202 718 oecupatos
1243 649 1312 702 ab
1343 665 1410 704 eo
1444 650 1672 719 populos
1716 652 1780 702 ad
1811 651 1888 705 ci-

309 735 438 790 vilis
469 737 679 806 imperii
701 737 823 808 jura
860 751 1161 804 revocaret,
1193 750 1247 792 et
1267 741 1379 794 veri
1411 742 1551 810 regis
1581 741 1654 794 uti
1681 741 1889 810 legibus

309 827 592 886 edoceret.
639 827 732 885 Ille
765 839 890 884 tunc
929 839 1216 900 tyrannus,
1251 832 1301 886 id
1333 841 1416 887 est
1461 849 1605 886 tnors
1653 832 1885 902 peccati,

310 921 403 988 qui
440 936 540 988 per
578 923 1080 990 praevaricationem
1111 924 1271 992 primi
1297 927 1539 980 custodis
1574 925 1884 993 irrepserat,

310 1012 581 1080 regnabat
631 1027 797 1081 super
847 1027 1038 1068 omnes
1067 1013 1187 1068 illos
1208 1016 1298 1083 qui
1334 1015 1400 1068 ad
1432 1031 1554 1069 eum
1604 1014 1790 1075 simili,
1832 1023 1887 1068 ut

315 1105 407 1159 ille
441 1105 667 1174 primus,
701 1105 1154 1174 pra2varicatione
1180 1105 1611 1161 declinaverunt.
1645 1105 1750 1160 Sed
1787 1107 1888 1158 iste

312 1193 544 1264 legitimi
579 1195 844 1266 principis
875 1196 979 1248 dux
1016 1196 1128 1263 agit
1164 1197 1346 1249 omnia
1383 1205 1647 1264 quatenus
1675 1196 1887 1264 aliquos

315 1298 381 1338 ex
411 1284 619 1351 peccati
646 1294 700 1337 et
729 1285 919 1339 mortis
952 1299 1118 1354 regno
1139 1287 1360 1353 diripiat
1387 1303 1400 1350 ;
1437 1297 1492 1339 ct
1521 1287 1753 1339 obtinuit
1779 1297 1890 1339 tau-

312 1375 436 1427 detn
475 1385 532 1428 ιιι
564 1391 729 1428 unam
763 1385 1000 1442 gentem,
1034 1386 1083 1431 et
1111 1376 1154 1429 si
1185 1377 1305 1444 quis
1331 1391 1389 1430 se
1435 1376 1560 1430 huic
1606 1377 1769 1432 voluit
1801 1392 1888 1428 so-

315 1466 486 1528 ciare,
515 1476 857 1520 converteret
882 1483 895 1518 :
919 1481 1053 1525 etcx
1079 1475 1348 1536 praecepto
1378 1468 1518 1536 regis
1539 1467 1746 1537 primus
1773 1466 1886 1536 (75)

313 1555 588 1611 sacriﬁcia
620 1556 873 1621 instituit,
901 1558 1100 1625 quibus
1131 1567 1282 1611 certa
1311 1557 1656 1610 solemnitate
1687 1557 1887 1612 oblatis

311 1651 457 1703 s’cut
489 1651 724 1713 deceret,
758 1649 1124 1702 remitteretur
1154 1651 1235 1704 eis
1257 1662 1536 1718 peccatum
1565 1649 1696 1720 (76).
1728 1651 1789 1702 Ει
1815 1651 1884 1702 ita

1991 461 2348 516 tnilitudiucm
2400 463 2582 518 carnis
2625 464 2858 530 peccati,
2900 463 2966 516 de
3011 471 3235 530 peccato
3280 462 3561 514 damnavit

1991 565 2268 622 peccatum
2309 555 2358 608 in
2389 571 2559 609 carne
2583 556 2651 618 ⁸⁷,
2681 575 2697 606 ι
2735 566 2789 608 et
2821 556 3081 608 mundum
3116 555 3331 622 quidem
3364 568 3558 607 recon-

1989 646 2197 702 ciliavit
2231 647 2338 702 Deo
2363 649 2442 702 ⁸⁸;
2472 650 2621 702 exuit
2653 658 2834 702 autem
2869 647 3202 715 principatus
3236 654 3288 697 et
3317 654 3559 711 potesta-

1990 749 2072 791 tes
2115 741 2334 807 tyranni
2362 739 2702 807 triumphans
2735 753 2824 794 eas
2860 738 2911 790 iu
2946 737 3236 806 semetipso
3260 735 3328 788 ⁸³.
3359 734 3556 790 Verum

1991 829 2045 881 in
2088 829 2203 883 haec
2254 845 2348 900 per
2379 843 2663 884 excessum
2696 827 2987 898 quemdam
3023 825 3258 896 prolapsi
3290 824 3556 893 videmur,

1989 921 2082 976 sed
2130 921 2197 976 ad
2231 923 2561 992 propositum
2597 922 2902 975 redeamus.
2952 917 3118 988 Igitur
3153 931 3299 969 mors
3346 916 3553 986 peccati

1990 1013 2240 1084 regnavit
2274 1013 2343 1068 ab
2379 1013 2548 1066 Adam
2582 1027 2760 1080 usque
2791 1011 2858 1064 ad
2899 1009 3142 1080 Moysen,
3179 1007 3228 1060 id
3261 1017 3344 1061 est
3386 1023 3555 1077 usque

1987 1105 2054 1158 ad
2091 1105 2384 1158 adventum
2407 1104 2634 1157 Christi.
2663 1101 2874 1174 Moyses
2914 1102 3055 1154 enim
3110 1099 3198 1153 lex
3235 1097 3555 1168 appellatur,

1986 1205 2039 1249 et
2066 1195 2173 1261 lex,
2209 1197 2350 1249 sicut
2381 1197 2648 1264 scriptum
2678 1206 2786 1258 est,
2826 1208 3000 1262 usque
3048 1193 3114 1245 ad
3134 1190 3357 1246 Joannis
3387 1192 3562 1260 bapti-

1989 1301 2164 1340 sutum
2192 1286 2384 1340 habuit
2410 1285 2585 1339 locum
2611 1285 2678 1352 '°,
2717 1301 2784 1340 ex
2815 1299 2921 1353 quo
2943 1284 3108 1352 ca'pit
3151 1280 3307 1336 Jesus
3333 1296 3555 1350 regnum

1990 1378 2081 1432 Dei
2113 1377 2424 1446 praedicare.
2457 1378 2612 1444 Quod
2643 1387 2824 1430 autem
2852 1375 3067 1444 etcepit
3108 1361 3283 1426 certos
3317 1387 3560 1440 quosque

1989 1471 2040 1523 in
2077 1469 2278 1538 quibus
2305 1483 2453 1522 mors
2481 1470 2812 1536 regnaverit,
2844 1483 2966 1520 cum
3008 1465 3140 1518 dicit
3173 1481 3187 1518 :
3228 1483 3245 1513 ι
3294 1463 3561 1530 ltegttavit

1988 1575 2135 1612 mors
2165 1558 2216 1610 itt
2255 1572 2350 1612 eos
2374 1558 2464 1626 qui
2504 1565 2874 1626 peccaverunt
2910 1553 3023 1624 (82)
3061 1556 3111 1608 in
3151 1553 3558 1607 similitudinem

1988 1648 2447 1718 prasvaricationis
2471 1649 2619 1712 Adae,
2651 1665 2670 1700 ι
2703 1662 2806 1700 ιιοιι
2835 1646 2962 1699 mihi
2987 1647 3204 1700 videtur
3228 1644 3330 1696 dici
3355 1644 3561 1711 absque

313 1743 529 1794 demum
559 1755 620 1794 ex
651 1751 803 1810 parte
827 1741 1006 1810 aliqua
1035 1740 1276 1796 homines
1305 1751 1590 1812 coeperunt
1614 1743 1680 1798 de
1720 1757 1886 1814 regno
1916 1731 1960 1785 Β
1991 1740 2234 1810 mysterii
2272 1739 2500 1808 alicujus
2522 1737 2722 1791 indicio
2748 1736 2882 1806 (83).
2916 1735 2992 1789 he
3024 1735 3164 1788 forte
3196 1749 3323 1802 ergo
3361 1733 3564 1786 fuerint

314 1833 526 1900 peccati
556 1835 854 1901 mortisque
885 1832 1124 1887 liberari.
1172 1833 1306 1887 Nam
1347 1843 1610 1905 tyrannus
1660 1835 1748 1886 ille
1795 1834 1884 1902 qui

319 1923 526 1978 dicitur
553 1941 719 1990 mors,
749 1927 815 1980 ab
843 1926 1015 1980 Adam
1065 1927 1154 1996 qui
1189 1926 1398 1994 primus
1435 1927 1888 1996 praevaricatione

314 2016 401 2069 sui
437 2015 744 2083 ingressum
776 2017 824 2072 ei
855 2018 1077 2071 dederat
1105 2026 1162 2071 ut
1193 2018 1245 2070 in
1275 2034 1464 2072 omnes
1491 2018 1742 2072 homines
1773 2033 1888 2087 per-

311 2113 593 2176 transiret,
623 2115 880 2182 regnabat
902 2128 1070 2180 usque
1087 2113 1153 2166 ad
1173 2111 1388 2184 Moysen
1409 2113 1569 2167 istum
1592 2112 1702 2184 (77)
1726 2127 1885 2184 quem

309 2205 552 2258 diximus
603 2207 817 2271 ducem,
867 2205 959 2274 qui
1017 2205 1216 2261 missus
1269 2221 1298 2260 a
1346 2208 1455 2261 Deo
1489 2207 1730 2262 omnium
1760 2222 1886 2278 rege

311 2313 542 2367 regnum
571 2299 686 2366 ejus
713 2300 874 2368 coepit
903 2299 1220 2366 infringere,
1252 2310 1306 2354 et
1329 2301 1429 2356 sub
1463 2300 1580 2372 lege
1607 2301 1717 2371 (78)
1749 2301 1882 2369 justi

312 2391 578 2457 principis
631 2407 913 2446 revocare.
957 2410 977 2444 ι
1029 2390 1298 2460 Regnavit
1332 2411 1350 2444 ι
1399 2407 1531 2462 ergo
1562 2411 1582 2444 ι
1635 2408 1781 2446 mors
1816 2392 1882 2446 ab

309 2479 484 2532 Adam
513 2495 680 2549 usque
709 2483 774 2534 ad
801 2480 1016 2552 Moysen
1035 2482 1102 2544 ⁸³,
1130 2500 1148 2533 ι
1173 2481 1468 2536 secundum
1497 2495 1615 2537 eam
1648 2481 1883 2550 speciem

308 2584 476 2638 quam
504 2586 666 2638 supra
701 2572 1001 2640 posuimus,
1035 2589 1140 2626 nou
1178 2588 1342 2641 super
1373 2588 1582 2635 omnes,
1626 2574 1724 2626 sed
1776 2591 1793 2622 ι
1833 2572 1884 2625 in

307 2677 405 2714 eos
455 2663 548 2730 qui
593 2673 953 2732 peccaverunt
999 2665 1050 2718 in
1097 2665 1514 2719 similitudinem
1563 2664 1887 2733 pra-varica-

311 2751 482 2806 tionis
513 2752 662 2806 Adae.
701 2771 720 2804 ι
753 2753 885 2806 Nam
923 2753 1173 2807 introivit
1202 2753 1420 2823 quidem
1455 2768 1600 2807 mors
1629 2755 1678 2807 itt
1732 2769 1887 2806 mttu-

309 2844 469 2908 dum,
497 2853 550 2896 ct
587 2845 638 2898 in
667 2860 856 2900 omnes
884 2846 1222 2914 pertransiit,
1258 2861 1362 2899 non
1404 2855 1582 2899 tamen
1619 2844 1886 2899 inmunes

313 2935 581 3006 regnavit.
616 2935 775 2990 Aliud
804 2949 887 2993 est
915 2939 1060 2992 enim
1113 2937 1468 3007 pertransire,
1503 2947 1558 2992 et
1605 2937 1750 2991 aliud
1803 2952 1886 2992 re-

310 3043 483 3097 gnare
529 3027 664 3099 (79).
720 3028 1006 3083 Peccatum
1055 3029 1200 3083 enim
1255 3031 1575 3099 pertransiit
1616 3029 1781 3083 etiam
1830 3029 1882 3082 in

303 3121 489 3188 justos
520 3119 654 3192 (80),
693 3132 746 3174 et
779 3119 880 3174 levi
910 3121 1142 3189 quadam
1165 3135 1260 3174 eos
1277 3124 1601 3190 contagione
1619 3121 1884 3190 perstrin-

310 3211 415 3264 xit.
451 3209 506 3264 ln
542 3211 1058 3280 prtevaricatorihus
1090 3226 1238 3276 vero,
1276 3213 1325 3264 id
1353 3221 1436 3265 est
1489 3212 1573 3266 his
1602 3212 1696 3282 qui
1739 3228 1798 3268 se
1839 3213 1888 3268 ei

311 3310 425 3354 tota
461 3312 644 3354 mente
672 3315 738 3354 ac
767 3301 1053 3355 devotione
1079 3299 1396 3367 subjiciunt,
1454 3317 1676 3372 regnum
1716 3312 1890 3368 tenet,

309 3402 374 3445 et
423 3391 574 3444 omni
634 3400 902 3462 potestate
952 3391 1280 3444 dominatur.
1321 3410 1338 3442 ι
1379 3390 1647 3460 Regnavit
1683 3411 1702 3443 ι
1759 3405 1890 3460 ergo

315 3502 335 3534 ι
369 3497 517 3547 mors
550 3484 618 3534 ab
653 3483 848 3546 Adam,
885 3503 902 3534 ι
941 3482 1033 3551 qui
1067 3484 1274 3553 primus
1320 3485 1610 3536 transitum
1663 3492 1890 3552 peccato

312 3578 366 3632 in
395 3577 538 3631 hunc
566 3577 822 3630 mundmn
847 3577 1250 3646 prmvaricaudo
1276 3575 1549 3646 patefecit,
1581 3593 1599 3626 ι
1625 3590 1795 3644 usqtte
1820 3574 1888 3626 ad

313 3668 596 3738 Moysen,»
634 3668 687 3723 id
721 3677 805 3722 est
863 3684 1032 3735 usque
1061 3669 1126 3722 ad
1155 3669 1346 3736 legero.
1391 3667 1498 3722 Per
1527 3666 1697 3737 legem
1736 3667 1881 3719 enim

313 3759 626 3830 puriﬁcatio
661 3770 1009 3828 peccatorqu
1035 3761 1452 3828 cmpitaperiri,
1503 3769 1558 3814 et
1611 3775 1676 3814 ex
1729 3771 1883 3830 parte

312 3851 494 3920 aliqua
531 3851 799 3922 tyrannidi
847 3852 966 3920 ejus
1013 3850 1203 3906 obsisti
1247 3868 1342 3920 per
1381 3852 1611 3918 hostias,
1650 3867 1746 3921 per
1792 3867 1887 3905 ex-

316 3943 588 4011 piationes
616 3943 816 4008 varias,
852 3959 946 4012 per
975 3944 1268 4010 sacriﬁcia,
1308 3959 1406 4013 per
1433 3954 1724 4012 przeccpta.
1780 3943 1886 4002 Sed

313 4036 575 4106 quoniam
609 4045 750 4090 tanta
782 4036 901 4106 ejus
930 4045 1052 4092 erat
1087 4037 1406 4102 dominatio,
1435 4051 1555 4105 qute
1586 4040 1732 4092 vires
1756 4037 1886 4106 legis

314 4128 934 4194 excederet,mittuutur
952 4128 1004 4182 in
1025 4129 1283 4182 auxilium
1303 4128 1437 4198 legis
1453 4129 1726 4197 propheta:
1747 4127 1882 4201 (8i).

315 4220 426 4278 Sed
463 4231 518 4275 et
552 4221 649 4291 ipsi
683 4223 1033 4292 pervidentcs
1082 4237 1244 4290 supra
1302 4221 1446 4274 vires
1496 4237 1624 4276 suas
1650 4235 1772 4276 esse
1806 4233 1886 4291 ty-

317 4315 476 4368 ranni
533 4315 850 4384 potentiam,
892 4314 1182 4367 adventum
1218 4314 1674 4383 pnesentiamque
1715 4313 1885 4384 ipsius

1988 1831 2153 1900 aliqui
2185 1844 2357 1899 usque
2389 1830 2457 1884 ad
2491 1829 2626 1884 illud
2675 1838 2906 1896 tempus,
2953 1841 3061 1896 quo
3115 1826 3216 1881 sub
3261 1826 3377 1893 lege
3416 1823 3561 1878 velut

1987 1926 2087 1978 sub
2120 1925 2413 1993 paedagogo
2445 1923 2698 1976 homines
2752 1921 3136 1984 habebantur,
3165 1920 3256 1988 qui
3313 1918 3419 1973 tale
3462 1918 3561 1971 ali-

1987 2017 2116 2088 quid
2151 2015 2363 2084 egerint
2391 2013 2553 2083 quale
2600 2015 2770 2066 Adam
2820 2013 2933 2082 (8i)
2988 2013 3041 2066 iu
3090 2012 3340 2081 paradiso
3386 2009 3580 2078 egisse.

1986 2107 2335 2169 describitur,
2375 2116 2430 2158 et
2459 2105 2754 2174 contigisse
2804 2119 2869 2158 ex
2906 2106 3051 2173 ligno
3101 2101 3308 2158 sciendi
3361 2103 3559 2156 bonum

1986 2209 2039 2252 ct
2071 2198 2298 2260 malum,
2333 2204 2389 2250 et
2415 2195 2700 2250 erubuisse.
2725 2194 3032 2248 nuditatem
3064 2207 3242 2256 suam,
3292 2200 3456 2258 atque
3488 2192 3556 2243 ab

1990 2288 2322 2342 habitatione
2369 2286 2608 2358 paradisi
2657 2285 2926 2340 decidisse
2946 2284 3011 2337 ”.
3064 2285 3169 2337 Aut
3222 2283 3392 2350 magis
3431 2282 3562 2335 sim-

1987 2380 2201 2448 pliciter
2227 2371 2604 2448 accipiendum
2642 2374 2882 2438 videtur,
2918 2383 2972 2427 et
3011 2372 3313 2426 similitudo
3350 2385 3561 2439 praeva-

1991 2472 2268 2526 ricationis
2303 2471 2431 2524 Adae
2461 2469 2665 2537 absque
2695 2468 2878 2536 aliqua
2916 2465 3260 2519 discussione
3291 2451 3561 2528 reeipien-

1987 2562 2075 2624 da,
2105 2569 2162 2612 ut
2207 2562 2308 2614 hoc
2343 2574 2596 2614 sermone
2628 2573 2818 2612 omnes
2853 2557 2944 2625 qui
2996 2572 3060 2609 ex
3108 2556 3275 2608 Adam
3310 2554 3560 2621 praevari-

1987 2661 2170 2708 catore
2206 2652 2316 2704 uati
2353 2659 2479 2705 sunt
2526 2649 2754 2704 indicari
2799 2648 3103 2710 videantur,
3157 2654 3211 2700 et
3258 2645 3460 2698 habere
3507 2644 3559 2696 iu

1987 2743 2296 2813 semetipsis
2326 2741 2735 2796 similitudinem
2784 2736 3252 2811 prtevaricatiouis
3290 2733 3404 2800 ejus
3457 2749 3561 2786 non

1987 2835 2162 2889 solum
2191 2850 2260 2888 ea
2288 2833 2516 2896 semine,
2539 2834 2632 2888 sed
2651 2848 2720 2887 ex
2740 2832 3080 2885 institutione
3099 2836 3406 2897 susceptam
3425 2823 3560 2896 (85).

1987 2927 2188 2983 Omnes
2210 2927 2354 2980 enim
2385 2927 2476 2994 qui
2519 2927 2570 2979 in
2601 2926 2701 2978 hoc
2729 2925 2928 2978 mundo
2961 2929 3288 2982 nascuntur,
3325 2931 3431 2970 non
3469 2931 3562 2970 so-

1991 3019 2098 3073 lum
2133 3018 2447 3074 nutriuntur
2493 3035 2520 3070 a
2561 3017 2902 3088 parentibus,
2930 3015 3024 3069 sed
3053 3024 3107 3067 et
3133 3013 3469 3074 imbuuntur,
3507 3017 3563 3062 ct

1993 3121 2096 3160 non
2132 3105 2304 3159 solum
2357 3112 2485 3158 sunt
2529 3103 2619 3157 lilii
2665 3113 3034 3174 peccatorum,
3081 3102 3172 3156 sed
3209 3109 3262 3153 et
3288 3097 3561 3165 discipuli.

1995 3201 2094 3257 Ubi
2124 3216 2252 3256 vero
2275 3210 2406 3255 tetas
2425 3199 2742 3262 adoleverit,
2775 3207 2830 3254 et
2861 3198 3048 3266 agendi
3075 3211 3193 3266 qua:
3214 3194 3378 3250 sentit
3400 3192 3565 3246 liber-

1995 3306 2078 3349 tas
2115 3295 2430 3357 accesserit,
2469 3293 2541 3345 ibi
2585 3291 2698 3361 jam
2727 3301 2814 3343 aut
2847 3291 3022 3360 pergit
3048 3289 3170 3356 quis
3201 3287 3252 3340 in
3293 3287 3430 3338 viam
3466 3299 3564 3351 pa-

1995 3396 2134 3438 trtnu
2170 3401 2414 3451 suorum,
2442 3385 2665 3438 sicutde
2693 3381 2964 3435 nonnullis
2985 3381 3202 3449 regibus
3219 3376 3478 3431 scribitur
3494 3377 3564 3442 θ’,

1992 3487 2084 3528 aut
2112 3486 2262 3531 certe
2294 3475 2496 3530 incedit
2535 3475 2585 3526 in
2629 3475 2768 3527 viam
2803 3471 3009 3524 Domini
3050 3470 3140 3523 Dei
3178 3471 3278 3522 sui.
3325 3469 3564 3536 Denique

1991 3571 2057 3625 de
2107 3569 2242 3623 Abel
2290 3568 2400 3622 tale
2452 3565 2657 3634 aliquid
2707 3563 2835 3621 mihi
2885 3561 3112 3615 indicari
3159 3561 3374 3613 videtur
3415 3559 3568 3612 ineo

1991 3664 2133 3732 quod
2167 3662 2429 3730 scriptum
2458 3668 2542 3712 est
2585 3675 2598 3710 :
2626 3676 2644 3709 ι
2676 3655 2878 3712 Ohtttlit
2906 3661 3081 3707 autem
3120 3660 3236 3720 post
3273 3651 3388 3703 dies
3430 3650 3566 3704 Ahcl

1959 3756 2223 3810 ~hostiam
2265 3754 2374 3807 Deo
2401 3767 2468 3806 ex
2510 3748 2885 3819 primogenitis
2907 3746 3110 3805 ovium,
3139 3753 3192 3796 et
3223 3759 3286 3796 cx
3317 3742 3568 3809 adipibus

1989 3864 2176 3902 carum
2207 3844 2275 3898 ".
2307 3864 2326 3896 ι
2362 3841 2515 3910 Quod
2541 3856 2670 3910 ergo
2697 3838 2856 3900 dixit,
2886 3854 2904 3887 ι
2939 3844 3056 3905 post
3087 3835 3224 3898 dies,
3259 3851 3275 3884 ι
3335 3833 3436 3886 hoc
3479 3846 3568 3886 os-

1991 3938 2184 4002 tendit,
2225 3935 2349 4006 quia
2406 3935 2596 4004 primis
2643 3932 2863 4002 quidem
2915 3933 3038 3982 vita:
3073 3943 3183 3982 sua:
3232 3923 3424 3978 diebus
3473 3939 3570 3990 pa-

1990 4040 2159 4086 ternae
2214 4023 2679 4098 praevaricationis
2737 4019 3172 4078 institutionibus
3239 4019 3566 4079 tenebatur;

1989 4131 2108 4192 post
2151 4119 2274 4175 illos
2332 4133 2460 4173 vero
2510 4116 2626 4172 dies
2675 4114 2763 4168 ubi
2820 4112 3065 4181 resipuit,
3115 4107 3200 4162 ubi
3244 4105 3572 4177 respexitad
3653 4143 3656 4146 .

1992 4219 2158 4270 Deum
2213 4222 2419 4268 natura:
2451 4211 2570 4281 lege
2611 4207 3006 4268 commonitus,
3065 4203 3266 4257 dicitur
3300 4211 3429 4254 tunc
3472 4199 3571 4251 ob.

1992 4308 2180 4362 tulisse
2238 4305 2471 4360 hostiam
2525 4303 2658 4357 Deo.
2721 4299 2904 4354 Potest
2942 4312 3075 4366 ergo
3130 4293 3211 4347 vel
3267 4293 3368 4346 hoc
3412 4291 3575 4344 modo

317 4406 462 4475 regis
491 4383 741 4468 esorant,
773 4405 1073 4459 clamantes
1103 4407 1168 4458 ad
1199 4405 1363 4459 Deum
1391 4406 1471 4461 3‘:
1511 4425 1529 4459 ι
1565 4383 1765 4461 Emitte
1810 4406 1889 4460 Iu-
1922 4414 1970 4470 ι)
1999 4401 2148 4454 locus
2213 4399 2316 4452 iste
2371 4393 2694 4464 simpliciter
2749 4389 2982 4459 exponi.
3050 4384 3131 4438 νει
3196 4383 3570 4444 “cunmm”.

318 4509 437 4548 cem
470 4505 643 4560 tuam,
675 4507 724 4548 et
751 4495 1034 4550 veritatem
1070 4504 1250 4558 tuam;
1281 4517 1298 4549 υ
1334 4507 1388 4551 et
1419 4498 1614 4552 iterum
1641 4498 1686 4529 ⁸⁸
1713 4516 1727 4552 :
1769 4517 1786 4550 ι
1809 4498 1892 4552 In:

319 4591 460 4646 clina
494 4592 662 4644 eteius
692 4601 828 4649 tuos.
852 4599 906 4644 et
933 4591 1232 4658 descende;
1266 4611 1282 4644 ι
1317 4603 1362 4644 cl
1403 4609 1614 4646 rursum
1637 4592 1716 4644 ἐς
1745 4613 1762 4643 ι
1790 4593 1888 4647 Ex-

321 4698 507 4752 surge,
543 4683 794 4745 Domine,
825 4681 906 4736 fer
937 4699 1092 4752 opem
1129 4682 1308 4738 nobis.
1346 4703 1364 4736 ι
1409 4684 1596 4739 Adt‘uit
1625 4701 1756 4756 ergo
1802 4685 1894 4741 Je-

319 4789 413 4830 sus
437 4773 689 4830 Christus
717 4773 890 4831 Filius
921 4774 1035 4840 Dei,
1062 4784 1116 4830 et
1145 4793 1163 4826 ι
1200 4776 1250 4828 ἰιι
1278 4789 1388 4846 quo
1420 4794 1438 4827 ι
1475 4775 1559 4830 lex
1596 4795 1614 4827 ι
1653 4779 1894 4834 inﬁrma-

391 4893 439 4926 ⁸³
467 4892 625 4947 Rom.
656 4892 816 4955 v.15.
890 4889 936 4922 ⁸⁸
971 4889 1110 4944 Psal.
1133 4906 1266 4956 XLII,
1292 4890 1345 4943 5.

1424 4889 1470 4922 ⁸⁸
1501 4893 1636 4947 Psal.
1663 4910 1849 4959 CXLIII,
1867 4897 1923 4952 5.

2002 4490 2242 4562 551ίη
2274 4504 2338 4544 ⁸ο
2393 4489 2535 4556 (ιυοα
2588 4484 2736 4547 dicit,
2796 4500 2815 4532 ι
2874 4481 2925 4534 in
2975 4475 3385 4532 similitudinem
3426 4485 3569 4562 pra:-

2004 4560 2352 4640 varicationis
2383 4582 2536 4646 Adze,
2561 4598 2578 4631 ι
2617 4581 3042 4634 sacramentum,
3090 4578 3142 4620 et
3191 4578 3355 4636 prope
3384 4560 3576 4617 ineffa-

2002 4680 2188 4735 biliter
2225 4675 2571 4732 reconditum
2608 4667 2792 4725 subtili
2839 4667 3072 4734 quadam
3101 4656 3467 4727 intelligentia:
3509 4655 3575 4706 li-

2001 4790 2100 4832 nea
2131 4771 2311 4840 colligi
2344 4789 2358 4823 ;
2395 4775 2451 4820 ut
2483 4765 2527 4819 si
2559 4763 2682 4830 quis
2713 4769 2878 4829 ponat
2907 4764 3132 4810 mortem
3160 4752 3245 4805 hic
3283 4749 3418 4818 (86),
3450 4761 3573 4816 qua:

1997 4898 2044 4928 ³⁵
2068 4892 2208 4946 Psal.
2236 4900 2360 4940 mu
2379 4921 2393 4944 ,
2421 4879 2512 4934 9.6.
2587 4877 2631 4908 ⁸⁷
2665 4876 2821 4929 Rom.
2842 4871 3038 4946 νιι-ιηὸ.
3111 4869 3157 4900 ⁸⁸
3183 4867 3229 4946 ιι
3247 4865 3372 4922 Cor.
3397 4881 3448 4927 v,
3487 4865 3568 4927 l9.

320 4965 365 4996 ευ
401 4937 829 5026 εςῖιῖέέξιὶζὶὲξ.
905 4937 1386 5027 ουὶὶἶὸζῖνὶζῐὸ.
1460 4937 1887 5030 "'61:.173175:

1993 4937 2086 5020 ὦ..
2107 4937 2436 5025 “ulli—Reg.
2465 4969 2555 5022 xv,
2586 4950 2657 5006 26
2685 4959 2804 5015 seq.
2881 4943 3080 4998 "Gen.
3109 4951 3184 5000 tv,
3204 4937 3256 4993 4.

394 5059 508 5126 (isi
538 5057 638 5110 Ms.
670 5071 826 5112 unus.
867 5073 886 5106 ι
932 5053 1152 5126 primis,
1189 5072 1208 5106 ι
1245 5053 1396 5126 editi,
1420 5073 1454 5126 _t
1485 5054 1664 5126 pt‘inti.
1703 5074 1723 5107 ι

395 5115 507 5199 (76)
549 5127 640 5182 Sic
673 5142 775 5199 ms.
795 5115 948 5199 unus
969 5123 1166 5192 Regius
1194 5139 1341 5199 num.
1370 5115 1527 5178 ιδιι.
1553 5124 1745 5199 cancri
1768 5141 1902 5199 vero

326 5194 455 5255 uias.
490 5194 565 5252 'et
618 5198 746 5252 editi
793 5196 1026 5256 habent,
1079 5211 1100 5245 ι
1141 5194 1339 5257 quibus
1377 5207 1520 5249 certa
1554 5197 1898 5252 solemnitate

323 5270 545 5330 oblatis,
571 5268 774 5322 diceret
801 5283 816 5321 :
858 5264 922 5318 Et
954 5265 1259 5320 remittetur
1293 5265 1342 5319 ei
1375 5275 1678 5334 peccatum.
1720 5282 1741 5320 ι

396 5339 509 5407 (77)
534 5337 696 5407 Editi,
725 5355 744 5388 ι
769 5334 1002 5407 justum.
1021 5351 1054 5407 Δ›

397 5403 498 5474 (78⁷
551 5405 712 5470 Editi,
753 5403 783 5457 σί
807 5414 862 5459 et
894 5404 996 5457 sub
1021 5403 1215 5472 legem.
1247 5421 1264 5454 ι

398 5409 511 5550 (79)
537 5477 637 5533 Ms.
671 5491 834 5550 unus,
860 5492 903 5550 _¢
937 5473 1083 5526 aliud
1134 5481 1216 5550 est
1254 5490 1264 5526 ι

328 5543 698 5620 pertransire:
730 5546 892 5620 aliud_
909 5543 1260 5620 pertransire,
1301 5544 1447 5597 aliud
1480 5557 1730 5620 regnare.
1765 5562 1784 5596 ι

400 5621 514 5690 (80)
547 5618 822 5690 ζιιῘιιειοε.
857 5613 1020 5690 Editi,
1057 5630 1076 5663 ι
1099 5613 1296 5690 justos,
1334 5632 1365 5690 ε-
1387 5613 1591 5690 omisso
1625 5616 1750 5690 «in.
1783 5631 1802 5662 ι

406 5621 491 5690 (80
547 5621 609 5671 In
625 5621 822 5686 justas.
857 5621 1020 5680 Editi,
1057 5630 1076 5663 ι
1099 5621 1296 5680 juStos,
1336 5632 1354 5663 ι
1387 5621 1591 5667 omisso
1625 5629 1643 5660 ι
1674 5621 1750 5668 in.
1783 5631 1802 5662 ι

406 5621 521 5760 (till
547 5687 712 5756 Editi,
746 5705 763 5740 t
808 5686 948 5759 regis
980 5684 1276 5758 prophctze.
1333 5682 1437 5740 Sed
1482 5693 1537 5738 et
1571 5682 1671 5753 ipsi
1703 5679 1895 5757 [mevi-

537 5477 637 5533 Ms.
671 5491 834 5540 unus,
883 5492 903 5526 ι
937 5470 1092 5526 aliud
1134 5481 1216 5527 est
1254 5473 1397 5528 enim
1443 5470 1700 5537 transire,
1750 5474 1895 5528 aliud

2005 5054 2443 5190 ‘ic;§;;,t\’ll:ts?(
2479 5106 2531 5160 in
2555 5119 2650 5160 eos
2678 5106 2840 5158 etiam
2869 5101 2961 5170 qui
2990 5115 3094 5154 non
3129 5106 3513 5168 peccaverunt,
3548 5111 3567 5144 ι

2004 5192 2161 5244 male.
2241 5253 2244 5254 ν
2505 5247 2518 5254 _
2622 5245 2634 5254 ,
2923 5240 3059 5254 ω.-.
3174 5236 3186 5254 ρ
3251 5232 3394 5254 ,ρης

2074 5236 2332 5330 (banks.
2353 5247 2543 5330 nostri,
2579 5263 2596 5296 ι
2622 5241 2849 5330 indiciq.
3119 5254 3144 5330 ι
3174 5236 3571 5294 iudicati0tte,a

2006 5313 2120 5391 al:
2144 5313 2533 5380 (indictione,
2568 5333 2588 5365 ι
2616 5315 2770 5391 _al_.,.t
2803 5313 3097 5368 iudicione.
3129 5325 3148 5360 ι

2076 5384 2190 5460 (84)
2231 5393 2396 5455 Editi,
2434 5405 2453 5438 ι
2487 5386 2628 5453 quod
2654 5384 2845 5460 Adam.
2878 5400 2898 5433 ι

2231 5443 2419 5524 tilias,
2469 5443 2632 5507 ιίιοιι
2681 5452 2854 5507 solum
2895 5465 2962 5504 ex
3007 5463 3228 5520 genere,
3265 5443 3575 5499 sed...susv

2003 5549 2310 5679 “iiiifsm
2338 5616 2469 5660 mss.
2499 5597 2628 5656 editi
2654 5609 2806 5662 vero,
2838 5608 2857 5643 ι
2895 5599 3125 5647 mortem
3160 5589 3320 5644 hanc.
3351 5598 3377 5639 ι
