3986 6206
395 308 539 388 uno

1869 295 2190 356 ORIGENlS

3516 294 3668 350 1020

401 435 656 491 regnasse
684 419 884 474 dicitur
912 418 979 473 ab
1011 417 1178 473 Adam
1207 431 1377 487 usque
1407 417 1473 471 ad
1493 415 1734 488 Moysen,
1779 415 1833 468 id
1887 423 1972 468 est
1999 419 2045 474 Α
2077 413 2154 464 nit
2181 407 2434 464 Christus
2476 408 2542 462 ad
2584 407 2880 462 Eeclesiam
2931 407 3032 461 sibi
3083 408 3424 462 sociandam.
3462 407 3668 463 Nescio

400 498 569 584 usQne
602 512 666 566 ad
700 512 831 581 legis
860 511 1021 564 tinem
1057 519 1113 565 et
1156 509 1482 579 principium
1513 505 1716 562 Christi
1745 547 1761 573 ,
1823 505 1968 560 illam

399 605 507 658 dici
530 603 642 674 (87)
679 603 746 656 de
787 616 894 671 qua
923 601 976 655 in
1007 603 1272 672 propheta
1305 601 1566 657 scribitur
1614 609 1871 668 tanquam
1903 612 1972 652 ex

396 710 627 764 persona
659 694 869 752 Domini
912 694 1186 749 dicentis:
1222 713 1240 745 ι
1283 695 1358 749 De
1407 709 1572 747 manu
1603 691 1801 746 inferni
1858 690 1968 745 eri-

395 785 539 852 piam
569 797 683 851 eos,
712 792 766 838 et
795 786 862 840 de
891 794 1065 839 morte
1099 784 1342 839 liberabo
1383 798 1476 839 eos
1504 783 1552 816 ’⁸
1586 797 1601 838 :
1639 801 1657 834 ι
1685 791 1778 836 aut
1827 791 1975 836 certe

397 863 548 942 quod
571 874 679 928 sint
707 875 923 944 excepti
964 876 1154 944 aliqui,
1190 884 1245 930 et
1267 875 1566 930 occultiore
1593 873 1852 946 mysterio
1881 872 1978 927 de-

398 965 732 1035 signati,qui
760 967 828 1020 ad
870 966 1286 1020 similitudinem
1337 965 1804 1035 prmvaricationis
1846 963 1976 1017 Adze

399 1071 653 1124 peccasse
671 1067 1066 1120 memorantur,
1085 1057 1138 1110 in
1157 1072 1295 1126 quos
1317 1057 1461 1110 solos
1479 1055 1788 1123 regnaverit
1807 1069 1971 1108 mors.

400 1149 455 1200 Si
495 1162 622 1200 vero
646 1187 661 1207 .
698 1156 754 1201 ut
807 1147 858 1202 in
916 1148 1195 1203 nonnullis
1250 1148 1657 1216 exemplaribus
1687 1147 1923 1200 habetur
1954 1188 1968 1210 ,

405 1253 424 1285 ι
453 1236 613 1288 etiam
641 1234 692 1288 in
721 1250 814 1291 eos
837 1237 926 1308 qui
957 1252 1060 1290 non
1087 1247 1446 1304 peccaverunt
1477 1237 1528 1290 in
1563 1235 1974 1290 similitudinem

403 1329 868 1396 praevaricationis
916 1330 1066 1398 Adm,
1107 1351 1126 1383 ι
1162 1346 1310 1385 mors
1361 1332 1484 1390 ista.
1525 1330 1576 1384 id
1629 1339 1732 1392 est,
1772 1344 1891 1396 qua:
1923 1329 1974 1382 in

402 1419 616 1474 inferno
647 1423 858 1476 animas
889 1422 1193 1487 detinebat,
1243 1437 1506 1493 regnasse
1539 1422 1776 1484 dicatur,
1816 1419 1978 1474 intel-

402 1508 621 1579 ligimus
638 1519 692 1564 et
720 1520 937 1563 sanctos
971 1526 1214 1580 quosque
1242 1512 1341 1566 sub
1377 1511 1478 1564 ista
1516 1517 1709 1570 morte,
1743 1507 1906 1559 etiam
1930 1505 1976 1559 si

403 1615 508 1655 non
561 1602 841 1671 peccandi,
876 1609 933 1654 at
987 1613 1136 1656 certe
1185 1601 1454 1657 moriendi
1493 1601 1607 1670 lege
1655 1599 1976 1655 decidisse:

332 1679 337 1685 ’
402 1694 678 1748 Chriswm
708 1707 837 1747 vero
867 1692 1068 1748 idcirco
1093 1694 1144 1747 in
1168 1693 1436 1747 infernum
1465 1691 1832 1756 descendisse,
1870 1705 1975 1743 non

401 1783 576 1838 solum
600 1794 657 1835 ut
689 1784 804 1852 ipse
844 1793 949 1836 non
989 1793 1266 1838 teneretur
1299 1800 1326 1836 a
1363 1794 1558 1846 morte,
1587 1783 1680 1837 sed
1708 1793 1767 1835 ut
1793 1790 1849 1836 et
1883 1796 1977 1834 eos
2014 1758 2054 1812 Β

403 1876 493 1942 qui
531 1875 661 1928 inibi
693 1890 796 1929 non
823 1883 931 1929 tam
961 1876 1446 1946 przevaricationis,
1488 1886 1547 1929 ut
1579 1876 1838 1937 diximus,
1870 1872 1979 1929 cri-

407 1959 570 2024 mine,
605 1976 768 2031 quam
815 1962 1084 2016 moriendi
1130 1961 1823 2029 conditionehabcbantur,
1849 1965 1977 2018 ahso

405 2052 650 2105 traheret
702 2051 814 2120 (88)
853 2069 867 2106 :
907 2053 1047 2106 sicut
1094 2052 1358 2121 scriptum
1412 2061 1496 2106 est
1529 2070 1542 2106 :
1581 2052 1707 2120 quia
1751 2069 1769 2102 ι
1812 2053 1977 2106 multa

407 2156 636 2210 corpora
670 2154 980 2197 sanctorum
1012 2143 1394 2198 dormientium
1447 2153 1808 2196 surrexerunt
1857 2158 1978 2196 cum

406 2233 516 2298 illo,
546 2243 599 2287 ct
639 2232 875 2303 ingressi
906 2244 1034 2289 sunt
1080 2234 1133 2289 in
1167 2244 1414 2290 sanctam
1455 2234 1732 2289 civitatem
1763 2235 1831 2288 ⁸⁸.
1867 2255 1884 2285 ι
1922 2236 1979 2290 In

402 2341 511 2393 quo
537 2337 592 2382 et
622 2325 904 2398 Propheta:
926 2329 1069 2383 dicta
1093 2327 1438 2397 complentur
1459 2328 1657 2398 quibus
1679 2327 1754 2382 ait
1781 2325 1889 2396 (89)
1912 2324 1979 2380 de

404 2419 664 2474 Christo:
699 2437 718 2471 ‹
755 2419 1069 2475 Ascendeus
1126 2421 1178 2474 in
1231 2419 1402 2473 altum
1438 2459 1452 2484 ,
1517 2419 1788 2488 captivam
1827 2418 1982 2473 duxit

404 2511 863 2582 captivitatem“.
905 2531 924 2564 ι
959 2512 1022 2566 Ει
1057 2513 1160 2566 hoc
1194 2513 1354 2566 modo
1388 2526 1483 2582 per
1520 2512 1978 2567 resurrectionem

405 2620 558 2658 suam
591 2604 782 2659 mortis
827 2604 1044 2674 quidem
1071 2604 1183 2674 jam
1222 2619 1383 2673 regna
1433 2604 1724 2668 destruxit,
1758 2604 1900 2658 unde
1926 2614 1981 2658 et

405 2693 779 2763 captivitatem
803 2693 1061 2748 scribitur
1085 2694 1372 2748 liberasse.
1408 2691 1588 2762 ipsum
1621 2707 1754 2746 vero
1792 2693 1979 2747 inimi-

405 2801 527 2837 cum
557 2795 612 2840 et
646 2797 964 2855 tyrannum,
992 2785 1146 2856 cujus
1195 2801 1359 2854 regna
1389 2784 1636 2840 dissolvit
1670 2783 1806 2856 (90),
1853 2784 1980 2839 audi

406 2877 675 2945 quomodo
702 2877 848 2932 dicat
876 2877 1168 2947 Apostolus
1209 2877 1595 2932 destruendum
1625 2896 1640 2931 :
1678 2893 1698 2926 ι
1731 2874 1978 2931 Novissi-

409 2985 550 3036 tnns,
590 2989 610 3022 ι
653 2971 847 3040 inquit,
891 2990 910 3023 ‹
943 2971 1194 3025 inimicus
1218 2970 1530 3026 destruetur
1548 2984 1696 3024 mors
1720 2969 1788 3024 9".
1824 2989 1843 3021 ›
1874 2969 1979 3023 lie-

407 3076 572 3130 gnum
603 3077 732 3116 vero
757 3063 866 3130 jam
894 3063 1083 3116 mortis
1109 3063 1443 3118 destructum
1483 3070 1588 3122 est,
1618 3069 1671 3116 et
1696 3062 1981 3130 captivitas

407 3167 529 3220 qua:
568 3153 669 3206 sub
693 3168 755 3207 ea
801 3154 1084 3206 tenebatur
1133 3154 1361 3208 abducta
1397 3163 1498 3206 est.
1555 3151 1659 3206 Sed
1695 3152 1819 3222 quia
1872 3155 1984 3221 ipse

410 3247 661 3300 inimicus
687 3256 741 3300 et
771 3256 1033 3316 tyrannus
1075 3247 1254 3301 adhuc
1296 3245 1348 3300 in
1374 3245 1672 3316 novissimo
1710 3255 1764 3300 et
1793 3246 1846 3300 in
1880 3248 1986 3302 (ine

410 3335 598 3390 saeculi
626 3336 987 3391 deStruendus
1013 3348 1098 3393 est
1121 3335 1258 3410 (9t),
1297 3337 1504 3392 idcirco
1535 3337 1702 3392 etiam
1730 3354 1873 3394 nunc
1909 3339 1988 3394 vi-

411 3433 602 3484 demus
620 3447 741 3487 eum
779 3449 886 3487 non
913 3442 1020 3488 tam
1050 3447 1302 3503 regnare,
1332 3448 1496 3503 quam
1528 3433 1842 3488 latrocinari
1871 3452 1886 3500 ;
1934 3444 1989 3490 et

411 3522 697 3592 depulsum
727 3538 914 3592 regno,
940 3539 1039 3594 per
1061 3524 1276 3578 deserta
1309 3535 1364 3579 et
1395 3524 1516 3578 avia
1555 3525 1986 3580 circumeuntem

411 3628 657 3682 quaarere
685 3614 790 3670 sibi
820 3615 1117 3670 inﬁdelium
1151 3630 1371 3670 manum
1403 3635 1418 3682 ;
1464 3628 1512 3670 et
1549 3617 1672 3672 ideo
1719 3616 1990 3672 clamabat

359 3745 388 3754 κ
409 3706 745 3774 Apostolus:
777 3725 796 3758 ‹
828 3706 943 3762 Νοιι
975 3723 1106 3778 ergo
1157 3721 1348 3780 regnet
1394 3719 1678 3779 peccatum
1714 3710 1768 3764 in
1801 3719 1989 3764 vestro

415 3799 628 3852 mortali
653 3814 878 3870 corpore
905 3801 970 3854 ad
999 3803 1366 3857 obediendum
1403 3802 1696 3858 desideriis
1725 3801 1841 3871 ejus
1865 3804 1930 3854 ’3.
1961 3820 1980 3853 ι

415 3885 616 3940 Verum
655 3904 754 3944 nos
809 3892 1054 3945 contenti
1110 3895 1500 3960 perstrinxisse
1534 3895 1724 3962 paucis
1769 3909 1830 3947 ea
1867 3909 1987 3963 qua:

413 3974 705 4042 Apostolus
737 3979 947 4031 obtecta
977 3979 1090 4049 (92)
1122 3995 1243 4036 esse
1272 3983 1460 4048 voluit,
1487 3984 1768 4052 sequentia
1806 3985 1990 4052 requi-

419 4080 622 4119 ramus.
655 4065 881 4121 Addidit
912 4078 1032 4137 post
1070 4070 1184 4125 haec
1212 4090 1224 4124 :
1263 4091 1281 4123 ι
1319 4073 1421 4138 Qui
1452 4083 1536 4128 est
1566 4075 1737 4129 l'ortna
1761 4073 1985 4132 futuri.»

415 4157 569 4222 Quod
597 4157 812 4226 quidem
839 4161 1154 4230 ambiguum
1189 4164 1318 4219 mihi
1345 4165 1578 4230 videtur,
1615 4177 1798 4221 utrum
1827 4182 1893 4223 ex
1925 4184 1992 4224 eo

418 4260 658 4319 tempore
681 4266 787 4319 quo
819 4252 933 4308 haec
959 4254 1236 4310 scribebat
1266 4255 1575 4325 Apostolus,
1619 4257 1786 4312 Adam
1825 4259 1991 4316 futuri

418 4339 588 4397 forma
617 4342 838 4411 dicitur,
870 4346 1013 4415 quod
1043 4355 1126 4400 est
1177 4347 1359 4401 steculi
1408 4349 1665 4413 venturi;
1702 4364 1772 4402 an
1822 4365 1852 4402 a
1907 4365 1995 4405 se-

2072 517 2202 556 sane
2235 501 2504 570 quomodo
2533 501 2856 570 qttis'pussit
2893 510 2946 555 et
2973 501 3486 569 prmvaricationctn
3515 501 3666 569 ejus,

2073 604 2128 647 et
2157 601 2460 663 peccatum,
2490 600 2544 647 et
2575 593 2677 648 hoc
2706 593 2848 663 quod
2875 607 3026 645 mors
3059 593 3351 661 peripsum
3378 593 3434 646 in
3463 607 3668 648 omnes

2075 683 2326 740 homines
2362 685 2701 754 pertransiit,
2740 684 2792 737 in
2838 669 3069 736 l‘urniam
3103 681 3304 737 Christi
3345 693 3618 750 coaptare
3645 723 3666 749 ,

2076 778 2177 833 nisi
2208 777 2348 833 forte
2375 793 2444 832 ex
2467 775 2787 840 contrariis,
2819 785 2877 828 ut
2905 774 3047 828 idem
3081 776 3376 844 Apostolus
3407 776 3460 829 in
3495 791 3668 844 supe-

2077 872 2311 927 rioribus
2339 870 2584 942 exponit,
2609 884 2729 924 eum
2761 867 2922 923 dicit:
2957 885 2974 917 ι
3011 865 3161 921 Sicut
3191 866 3336 921 enim
3362 883 3462 937 per
3493 883 3666 921 tinum

2079 964 2350 1019 hominem
2387 978 2555 1028 mors,
2589 962 2660 1015 ita
2711 969 2768 1015 et
2797 974 2894 1029 per
2917 978 3087 1015 unum
3126 962 3461 1014 resurrectio
3509 975 3670 1012 more

2079 1066 2293 1110 tuorum
2321 1056 2382 1121 ’ς
2431 1074 2448 1105 ι
2493 1065 2545 1108 et
2572 1055 2814 1108 itermn:
2871 1071 2890 1105 ι
2928 1053 3081 1107 Sicut
3133 1053 3277 1106 enim
3331 1068 3428 1121 per
3471 1053 3668 1106 inobo-

2079 1149 2338 1204 dientiam
2368 1146 2525 1201 unius
2561 1145 2800 1199 hominis
2847 1155 3164 1214 peccatores
3199 1143 3488 1198 constituti
3537 1153 3667 1198 sunt

2081 1239 2258 1305 inulti,
2289 1240 2361 1294 ita
2386 1249 2439 1294 et
2469 1254 2566 1308 per
2598 1237 2756 1293 unius
2778 1237 3143 1291 obedientiam
3163 1235 3295 1306 justi
3322 1237 3668 1290 constituen-

2082 1342 2169 1384 tur
2192 1331 2343 1386 multi
2371 1332 2412 1384 '.
2453 1350 2472 1382 ι
2507 1330 2560 1384 Si
2587 1343 2718 1384 vero
2751 1327 3116 1398 intelligamus
3141 1327 3459 1395 Apostolum
3489 1342 3521 1380 a
3551 1327 3669 1380 suis

2083 1423 2422 1492 temporibus
2453 1419 2652 1490 quibus
2722 1420 2840 1474 haec
2899 1418 3198 1480 scribebat,
3250 1417 3456 1470 dixisse
3487 1416 3665 1470 Adam

2082 1513 2247 1566 hituri
2276 1527 2399 1569 esse
2433 1511 2686 1575 formam,
2711 1508 2785 1563 ita
2813 1509 2985 1580 magis
3005 1507 3349 1577 intelligitur,
3375 1509 3523 1577 quod
3551 1509 3668 1561 sic-

2082 1615 2137 1660 ut
2210 1606 2261 1661 in
2314 1606 2414 1659 hoc
2453 1602 2650 1659 sarculo
2689 1617 2837 1657 mors
2865 1601 3112 1670 regnavit
3137 1615 3230 1669 per
3264 1617 3432 1654 unum
3464 1600 3668 1667 Adam,

2082 1707 2135 1751 et
2185 1697 2419 1752 mortale
2459 1693 2712 1749 effectum
2743 1701 2827 1746 est
2848 1708 3009 1746 unme
3032 1691 3315 1745 hominum
3351 1707 3545 1761 genus,
3591 1694 3665 1746 ita

2087 1800 2140 1844 ct
2163 1790 2218 1845 in
2252 1788 2436 1843 futuro
2481 1784 2682 1842 saeculo
2725 1785 2836 1837 vita
2869 1782 3119 1852 regnabit
3149 1796 3242 1850 per
3271 1781 3573 1844 Christum,
3614 1791 3668 1836 et

2085 1880 2492 1936 immortalitate
2552 1877 2841 1934 donabitur
2909 1889 3072 1929 omne
3144 1874 3423 1928 hominum
3469 1891 3668 1942 genus.

2085 1973 2354 2029 Similiter
2385 1983 2564 2028 autem
2597 1979 2657 2025 ut
2699 1970 2752 2022 in
2792 1967 2893 2021 hoc
2925 1963 3242 2034 ambiguum
3279 1964 3518 2018 diximus
3545 1979 3668 2018 esse

2084 2081 2388 2122 sermonem
2421 2079 2527 2134 quo
2579 2063 2674 2124 ait,
2708 2081 2726 2114 ι
2764 2059 2864 2127 Qui
2897 2065 2981 2112 est
3031 2055 3202 2112 forma
3238 2055 3403 2110 futuri
3435 2057 3476 2120 ³,
3522 2075 3540 2103 ι
3580 2057 3662 2108 in-

2086 2156 2331 2210 venimus
2356 2165 2412 2208 et
2457 2155 2522 2208 ad
2565 2153 2917 2208 Colossenses
2976 2147 3230 2217 ambigue
3256 2147 3542 2214 scriptum,
3577 2146 3672 2198 ubi

2084 2245 2218 2302 dicit
2251 2263 2264 2298 :
2315 2263 2332 2295 ι
2367 2243 2481 2298 Non
2507 2259 2640 2312 ergo
2690 2255 2788 2298 vos
2829 2238 3036 2307 iudicet
3089 2237 3376 2306 quisquam
3406 2237 3460 2289 in
3497 2234 3628 2288 cibo
3653 2273 3680 2298 ν

2086 2347 2178 2392 aut
2207 2339 2258 2392 in
2296 2347 2446 2405 potu,
2481 2346 2572 2390 aut
2603 2336 2654 2389 in
2685 2344 2840 2405 parte
2877 2332 2981 2388 diei
3009 2331 3155 2393 festi,
3191 2337 3284 2385 aut.
3315 2327 3624 2383 neomeniis
3649 2363 3670 2392 ,

2087 2429 2449 2485 autSabbatis
2474 2469 2489 2494 ,
2539 2443 2658 2498 qua:
2691 2435 2824 2482 sunt
2879 2427 3069 2480 umbra
3120 2425 3430 2479 futurorum
3457 2422 3500 2479 ⁸.
3541 2441 3560 2474 ι
3603 2423 3670 2476 Et

2087 2520 2214 2574 item
2241 2521 2368 2574 alibi
2402 2519 2540 2574 idem
2585 2519 2879 2589 Apostolus
2912 2517 3047 2573 dicit
3083 2536 3098 2571 :
3149 2534 3169 2568 ‹
3231 2514 3490 2570 Umbram
3520 2511 3666 2566 enim

2087 2611 2248 2668 habet
2277 2612 2358 2666 lex
2397 2613 2662 2667 bonorum
2689 2610 2995 2665 futurorum
3021 2610 3065 2664 '.
3106 2628 3124 2661 ι
3162 2608 3220 2662 ln
3245 2607 3446 2676 quibus
3475 2607 3668 2673 utique

2086 2704 2278 2759 similis
2316 2702 2584 2758 dubitatio
2608 2703 2718 2772 (95)
2753 2711 2862 2767 est,
2885 2711 3065 2755 utrum
3097 2701 3274 2763 cibus,
3305 2705 3362 2751 et
3391 2706 3580 2764 potus,
3611 2705 3668 2750 et

2087 2797 2202 2851 dies
2233 2795 2375 2860 festi,
2398 2806 2453 2850 et
2476 2797 2796 2859 neomenite,
2823 2803 2878 2848 et
2896 2793 3155 2854 Sabbata,
3177 2791 3250 2844 ita
3281 2791 3523 2844 habeant
3551 2805 3668 2840 utn-

2089 2889 2242 2942 bram
2267 2889 2595 2950 futurorum,
2629 2899 2686 2940 ut
2712 2887 2767 2940 in
2805 2887 3040 2941 adventu
3070 2884 3271 2939 Christi
3308 2883 3515 2937 veritas
3547 2898 3666 2934 um—

2090 2979 2197 3032 brae
2221 2978 2389 3047 ipsius
2421 2977 2713 3046 adimpleta
2761 2975 2862 3041 sit;
2904 2989 2972 3028 an
3021 2973 3074 3027 in
3126 2972 3309 3026 futuro
3341 2969 3544 3025 saeculo
3598 2967 3667 3020 sit

2089 3067 2378 3136 implenda.
2408 3067 2514 3121 Sed
2544 3077 2596 3118 et
2623 3066 2766 3134 quod
2791 3062 2923 3118 dicit
2949 3060 3262 3132 Apostolus,
3285 3067 3461 3114 totam
3490 3057 3664 3127 legem

2091 3158 2335 3212 umbram
2372 3156 2576 3211 habere
2609 3156 2916 3209 futurorum
2951 3152 3242 3213 bonorum,
3273 3159 3460 3204 utrum
3487 3148 3542 3201 in
3570 3148 3668 3200 ad-

2089 3258 2250 3304 ventu
2287 3249 2510 3315 Christi,
2541 3263 2608 3301 an
2639 3247 2692 3300 in
2730 3244 2912 3298 futuro
2936 3242 3132 3298 saeculo
3161 3241 3369 3297 umbrae
3397 3239 3556 3293 istius
3575 3254 3666 3292 ex-

2091 3340 2283 3410 plenda
2322 3340 2395 3394 sit
2429 3340 2654 3403 veritas,
2718 3339 2988 3392 incertum
3044 3343 3128 3388 est
3169 3351 3184 3400 ;
3237 3333 3365 3402 quia
3391 3339 3448 3386 et
3477 3330 3533 3384 in
3562 3329 3663 3383 alio

2091 3429 2208 3486 loco
2233 3431 2494 3487 scribitur
2529 3431 2693 3484 etiam
2723 3428 2789 3482 de
2826 3427 2911 3480 his
2939 3439 3056 3494 quat
3083 3425 3182 3479 snb
3205 3424 3321 3493 lege
3347 3432 3500 3486 sunt,
3529 3419 3666 3489 quod

2092 3522 2280 3578 formae
2316 3533 2370 3578 et
2401 3523 2607 3577 umbra:
2643 3517 3282 3576 deserviautcwlestium
3319 3516 3363 3568 ⁸.
3407 3513 3514 3579 Qui
3542 3529 3666 3583 ergo

2091 3615 2206 3668 vult
2261 3623 2506 3669 astruere
2574 3611 2806 3684 quodin
2861 3608 3095 3665 adventu
3143 3608 3349 3664 Christi
3381 3609 3483 3661 ista
3521 3621 3666 3660 com-

2093 3707 2232 3778 pleta
2265 3707 2396 3771 sint,
2429 3707 2536 3761 cibi
2559 3715 2613 3760 et
2634 3714 2794 3775 potus
2833 3703 3072 3757 rationes
3102 3701 3454 3756 conﬁrmabit
3480 3698 3664 3768 exple-

2097 3810 2178 3854 tas
2211 3798 2262 3852 in
2293 3813 2360 3853 eo
2394 3796 2486 3852 ubi
2549 3795 2744 3850 Petrus
2779 3808 2874 3864 per
2929 3792 3198 3847 visionem
3229 3791 3364 3845 vidit
3397 3792 3449 3844 in
3508 3790 3667 3846 linteo

2092 3906 2254 3946 omne
2292 3905 2463 3959 genius
2496 3888 2810 3944 animalium
2865 3888 3084 3956 deponi,
3115 3893 3169 3940 et
3197 3885 3406 3940 audivit
3437 3900 3622 3940 vocem
3649 3902 3664 3938 :

2100 4002 2119 4036 ‹
2145 3981 2300 4049 Quod
2335 3985 2475 4040 Dens
2496 3982 2800 4048 mundavit,
2831 3992 2886 4035 tu
2916 3994 3204 4035 commune
3235 3994 3304 4033 ne
3333 3979 3585 4034 dixeris'
3616 3996 3662 4033 ει

2094 4084 2239 4151 quod
2270 4081 2336 4132 ad
2363 4077 2606 4130 diversos
2647 4074 2834 4143 utique
2870 4072 3144 4126 hominum
3171 4070 3332 4142 552
3362 4087 3544 4125 mores
3569 4087 3664 4139 ,re-

2096 4173 2269 4226 fertur
2299 4188 2312 4224 :
2339 4179 2392 4223 et
2423 4166 2672 4237 poculum
2697 4165 2841 4218 dicet
2882 4178 3006 4219 esse
3059 4164 3282 4217 calicem
3317 4163 3451 4216 Novi
3481 4161 3667 4216 Tesla-

2095 4263 2261 4318 menti
2291 4279 2304 4317 :
2335 4262 2474 4316 diem
2510 4272 2729 4328 quoque
2756 4255 2954 4309 festum
2973 4255 3248 4324 probabit,
3277 4254 3370 4309 ubi
3413 4271 3433 4305 ι
3473 4253 3666 4322 pascha

2095 4363 2340 4408 nostrum
2371 4351 2683 4406 immolatus
2709 4357 2793 4402 est
2820 4346 3078 4402 Christus
3103 4344 3146 4410 ⁸,
3177 4363 3196 4396 ι
3233 4353 3288 4398 et.
3319 4343 3463 4399 diem
3481 4343 3668 4398 festum

418 4431 671 4502 metipso,
699 4435 752 4489 id
775 4444 880 4502 est,
918 4437 986 4493 ab
1016 4437 1188 4492 Adam
1211 4436 1405 4504 futuri,
1441 4448 1498 4494 ut
1544 4443 1597 4494 in
1627 4440 1848 4496 Christo
1898 4457 1983 4496 ac-

2093 4445 2432 4501 celebramus
2457 4460 2475 4494 ι
2505 4457 2610 4497 non
2640 4442 2692 4494 in
2724 4439 2988 4495 fermento
3018 4435 3213 4504 veteri,
3240 4438 3334 4491 sed
3367 4436 3424 4491 in
3466 4437 3666 4507 azymis

415 4526 652 4594 cipiatur
686 4549 698 4583 :
729 4529 872 4597 quod
901 4537 1113 4600 tempus
1149 4532 1414 4602 Apostolo
1465 4531 1582 4588 haec
1621 4532 1878 4586 scribenti
1909 4531 1993 4586 fu-

421 4627 596 4671 turum
624 4633 730 4674 non
765 4629 904 4685 erat,
931 4622 1024 4677 sed
1058 4625 1394 4691 prmteritum
1419 4625 1706 4694 :quamvis
1733 4633 1789 4679 et
1817 4625 1870 4678 in
1888 4623 1993 4680 alio

417 4709 535 4765 loco
556 4725 679 4766 cum
713 4713 780 4766 de
813 4714 980 4768 Adam
1012 4725 1068 4770 et.
1092 4717 1202 4770 Eva
1247 4717 1562 4786 loqueretur
1593 4719 1734 4772 idem
1763 4716 1994 4785 Aposto-

417 4801 521 4866 lus,
553 4802 749 4858 dixerit
776 4822 792 4859 :
824 4821 842 4854 ι
877 4805 1189 4878 Mysterinm
1223 4811 1322 4864 hoc
1349 4826 1602 4880 magnum
1625 4817 1708 4863 est
1735 4827 1748 4864 :
1781 4825 1878 4880 ego
1899 4823 1996 4862 au-

420 4905 525 4947 tem
559 4896 681 4951 dico
709 4898 761 4950 in
798 4898 1022 4954 Christo
1044 4909 1100 4954 et
1135 4901 1186 4954 in
1217 4901 1456 4956 Ecclesia
1487 4903 1572 4966 ";
1607 4922 1625 4955 ι
1667 4903 1716 4956 in
1769 4917 1878 4970 quo
1915 4902 1995 4954 vi-

418 4984 576 5038 detur
601 4985 704 5041 hoc
752 4991 927 5060 magis
984 4991 1143 5046 nobis
1175 4992 1242 5045 ad
1295 4992 1703 5062 intelligendum
1737 4993 1950 5047 dedisse
1973 5030 1992 5059 ,

419 5079 563 5144 quod
595 5078 767 5134 forma
799 5081 965 5137 futuri
1018 5083 1236 5138 dicatur
1263 5084 1439 5139 Adam
1470 5086 1522 5138 in
1553 5096 1619 5139 eo
1641 5085 1788 5154 quod
1821 5084 1993 5140 adve~

490 5218 538 5251 ”
564 5215 703 5273 Osee
735 5233 831 5272 xui
854 5257 872 5283 ,
909 5218 996 5272 14.

420 5287 467 5321 θ’
492 5287 688 5356 Ephes.
721 5304 774 5354 v,
811 5288 899 5343 '52.
980 5291 996 5321 ¹
1030 5289 1049 5343 1
1079 5289 1206 5344 Cor.
1239 5303 1327 5353 xv,
1351 5290 1442 5344 '21.
1518 5290 1538 5319 ¹
1568 5289 1723 5342 Rom.
1759 5304 1812 5350 v,
1852 5291 1940 5343 19.

422 5374 555 5422 Vill,
598 5359 652 5413 5.
728 5359 748 5390 "
791 5359 916 5415 Act.
947 5375 1021 5424 κ,
1059 5359 1144 5414 l5.
1220 5358 1243 5390 ⁸
1286 5360 1303 5412 l
1349 5359 1476 5413 Cor.
1511 5375 1564 5422 v,
1591 5359 1645 5411 7.
1719 5361 1738 5391 '
1778 5359 1908 5414 ibid.
1941 5358 1996 5412 8.

493 5452 608 5520 (87)
639 5453 778 5507 Dici.
812 5453 866 5508 In
894 5467 1050 5510 antea
1083 5454 1244 5510 editis
1265 5454 1558 5508 omittitur.

495 5524 606 5592 (88)
638 5525 996 5580 Abstraheret.
1031 5524 1123 5578 Sic
1151 5525 1360 5579 rectius
1389 5523 1669 5581 Rabanus.
1701 5523 1842 5580 Editi
1868 5538 1996 5582 vero

422 5603 480 5649 et
505 5607 634 5646 mss.
674 5593 870 5656 nostri,
911 5612 929 5643 ε
965 5594 1291 5650 absolveret.
1325 5613 1345 5647 ο

497 5661 610 5734 (89)
841 5677 861 5711 ι
897 5663 987 5734 qui
1024 5665 1120 5734 ait.
1157 5681 1176 5714 ι

495 5729 609 5803 {90)
645 5729 811 5796 Editi.
849 5747 868 5782 ‹
908 5729 1296 5792 dissolvuntur.
1337 5751 1356 5786 ι
1390 5731 1595 5793 Deinde
1650 5751 1753 5793 ms.
1803 5750 1939 5792 unus
1975 5771 1988 5796 .

1102 5217 1148 5251 ⁸⁸
1194 5217 1383 5273 Matth.
1417 5234 1567 5272 xxvii
1594 5260 1609 5282 ,
1649 5217 1721 5272 52
1751 5258 1766 5277 .
1825 5218 1916 5273 55.
1989 5218 2036 5251 ³⁸
2070 5215 2214 5271 Psal.
2250 5228 2424 5278 van,
2449 5211 2539 5282 1,9.

2017 5288 2038 5320 ³
2071 5286 2201 5342 ibid.
2254 5285 2334 5339 14.
2412 5281 2668 5338 δϐοιοςε.
2702 5296 2766 5346 ιι,
2805 5279 2890 5334 l6.
2965 5280 2987 5311 ⁸
3013 5278 3178 5332 ilebr.
3223 5294 3296 5342 x,
3338 5279 3388 5330 l.

2076 5359 2118 5391 ¹⁰
2151 5356 2382 5411 Malach.
2437 5369 2492 5409 tv
2517 5393 2534 5420 ,
2587 5352 2644 5406 2.

2097 4533 2432 4591 sinceritatis
2457 4544 2512 4588 et
2547 4531 2797 4586 veritatis
2817 4530 2861 4584 ’.
2907 4547 2926 4582 ι
2956 4527 3221 4584 Similiter
3244 4537 3301 4582 et
3330 4515 3667 4590 neoinenias,

2099 4628 2202 4683 hoc
2228 4636 2311 4681 est
2347 4639 2519 4679 novos
2565 4638 2778 4678 menses
2802 4621 2916 4676 ﬁeri
2951 4622 3200 4675 ostendet
3256 4634 3354 4688 per
3397 4619 3668 4674 Christum

2101 4719 2280 4774 Solem
2303 4716 2532 4787 justitia:
2555 4716 2622 4782 ‘°,
2653 4725 2707 4769 et
2731 4715 3005 4783 apostolos
3026 4712 3188 4782 gejus.
3218 4711 3325 4767 Sed
3359 4721 3416 4766 et
3433 4711 3666 4766 Sabbata

2100 4809 2378 4865 observari
2402 4808 2640 4874 docebit,
2669 4823 2773 4863 non
2800 4809 3068 4876 portando
3093 4819 3264 4860 onera
3301 4805 3540 4872 peccati,
3582 4803 3668 4856 sed

2099 4903 2294 4958 etando
2320 4915 2760 4971 unumquemque
2787 4898 3057 4956 stabiliter
3086 4901 3138 4976 in
3165 4899 3285 4953 loco
3313 4913 3438 4965 suo,
3455 4914 3558 4950 non
3583 4908 3667 4948 ac-

2101 4991 2420 5045 cendentem
2452 4989 2631 5057 ignem
2661 4988 2727 5053 ¹¹,
2758 4988 2826 5041 de
2858 5001 2966 5055 quo
2987 4999 3082 5054 per
3104 4985 3422 5054 prophetam
3455 4984 3662 5037 dicitur:

2106 5100 2124 5134 ι
2161 5081 2237 5137 Ite
2270 5081 2323 5136 in
2351 5081 2556 5136 lumine
2601 5079 2746 5150 ignis
2791 5078 2993 5144 vestri,
3035 5086 3092 5132 et
3132 5075 3366 5131 ﬂamma:
3393 5090 3554 5146 quam
3584 5087 3664 5127 ac-

2615 5211 2660 5243 ⁸⁷
2695 5210 2713 5264 Ι
2747 5209 2874 5264 Cor.
2907 5223 2997 5270 xv.
3021 5207 3115 5262 26.
3188 5207 3236 5239 ’⁸
3269 5207 3428 5260 Rom.
3477 5222 3548 5269 vt,
3585 5203 3661 5257 l2.

2615 5296 2668 5330 is.
2702 5296 2766 5330 ιι.
2805 5279 2890 5330 16.
2965 5280 2987 5311 ⁸
3013 5278 3178 5330 Hebr.
3223 5294 3256 5330 χ
3281 5319 3296 5330 .
3338 5279 3388 5330 l.
3465 5278 3485 5307 ‘
3512 5275 3661 5330 Hebr.

2724 5345 2765 5382 η
2799 5349 2970 5406 Exod.
3003 5365 3089 5402 xvi
3116 5390 3129 5414 ,
3155 5348 3264 5414 29;
3295 5363 3459 5414 xxxv,
3484 5345 3538 5402 5.

2108 5471 2129 5506 ι
2164 5451 2288 5508 audi
2317 5452 2536 5520 quando
2564 5449 2708 5520 dicat
2742 5446 3058 5520 Apostolus,
3093 5466 3111 5498 ι
3147 5456 3255 5503 etc.

2200 5522 2290 5592 9|)
2323 5519 2440 5576 Est.
2486 5519 2646 5592 Deest
2662 5519 2724 5592 _in
2759 5519 2940 5571 editis.

2203 5585 2290 5662 92)
2324 5592 2492 5658 Editi,
2535 5609 2555 5642 ι
2585 5587 2829 5662 objecta,
2865 5605 2883 5638 ι
2919 5585 3076 5642 male.

2176 5659 2286 5736 (V95)
2313 5663 2474 5733 Editi,
2515 5679 2533 5714 ι
2571 5659 2892 5734 disputatio.
2926 5675 2948 5710 ι
