3986 6206
242 364 377 420 1921

1213 362 1568 420 (ἶΟΜΜΕΝῖ.
1615 363 1680 420 IN
1723 362 1942 422 EPIST.
1982 369 2076 424 AD
2112 369 2282 426 ROM.
2318 367 2443 425 UB.
2482 366 2548 422 Υ.

3373 365 3396 418 1
3408 365 3516 418 022

237 475 514 533 cendistis
540 474 696 530 vobis
728 476 790 530 ¹’,
833 497 852 526 ι
891 475 1043 530 Alius
1067 491 1198 531 vero
1239 479 1330 547 qui
1384 479 1588 537 formas
1620 481 1753 536 istas
1778 491 1832 537 et
1859 485 1907 540 Δ
1933 503 2123 543 omnes
2152 504 2166 542 :
2197 495 2255 540 ut
2284 487 2425 541 sicut
2471 498 2618 539 mors
2646 497 2744 554 per
2776 497 2944 538 unum
2977 491 3305 554 regnaverat
3331 481 3384 536 in
3420 482 3516 536 dc-

241 568 495 621 nmbram
523 563 660 636 legis
681 567 748 619 ad
777 565 1016 619 lnturmn
1044 565 1304 622 saeculum
1336 569 1620 638 transfert,
1646 581 1701 625 et
1731 573 1834 627 mi-

241 659 602 713 nisteriorum
628 657 930 714 caelestium
958 659 1058 712 has
1095 672 1216 713 esse
1239 661 1388 716 ducit
1410 660 1526 735 (94)
1561 663 1832 734 imagines

241 751 297 805 in
353 750 443 805 illa
504 749 714 806 ctelesti
759 748 1060 805 Jerusalem
1107 753 1480 821 complendas,
1519 755 1587 810 de
1619 756 1745 812 cibo
1776 765 1832 812 et

238 852 372 913 potu
402 841 693 896 conabitur
729 843 1014 913 assignare
1057 847 1356 899 secundum
1389 861 1454 900 ea
1489 863 1612 916 qua;
1644 850 1830 903 Domi-

243 949 348 988 nus
380 933 516 988 dicit
542 933 626 987 "z
669 951 689 984 ι
725 932 906 988 Donec
942 933 1124 988 bibam
1153 934 1284 990 illud
1316 951 1515 992 novum
1550 941 1828 995 vobiscum

242 1023 298 1077 in
334 1039 504 1093 regno
528 1023 707 1078 Patris
737 1024 866 1078 ntei.
900 1043 920 1076 ι
953 1023 1058 1078 Sed
1083 1031 1138 1078 et
1167 1024 1308 1079 diem
1337 1026 1533 1082 festum
1562 1029 1710 1085 dicet
1739 1045 1832 1086 se-

245 1117 487 1170 cundum
538 1116 821 1186 prophetae
850 1115 1096 1174 dictum:
1150 1137 1170 1170 ι
1208 1119 1346 1187 Quid
1381 1119 1598 1178 facietis
1649 1123 1702 1178 in
1743 1125 1834 1179 die

242 1207 632 1272 solemnitatis,
661 1219 719 1263 et
750 1209 802 1263 in
836 1209 924 1264 die
966 1209 1108 1265 festo
1161 1211 1374 1266 Domini
1402 1211 1484 1266 “i
1519 1233 1538 1266 ι
1594 1213 1833 1271 Neonte-

246 1299 370 1354 nias
409 1315 563 1365 vero,
602 1300 655 1354 id
687 1309 773 1356 est
795 1315 969 1356 novos
1006 1317 1241 1370 menses,
1275 1303 1327 1358 in
1355 1303 1465 1359 illis
1487 1307 1708 1362 aeternis
1735 1305 1838 1362 an;

250 1395 338 1448 nis
376 1392 623 1462 requiret
666 1393 735 1449 de
780 1394 976 1458 quibus
1011 1395 1144 1450 dicit
1171 1395 1482 1466 Propheta:
1511 1417 1530 1450 ι
1567 1399 1839 1456 Memora-

252 1496 338 1540 tus
364 1502 487 1540 sum
541 1501 714 1541 annos
753 1499 1007 1554 aeternos,
1045 1497 1100 1542 et
1129 1487 1421 1546 meditatus
1456 1507 1575 1546 sum
1600 1493 1683 1558 ης
1716 1512 1735 1546 ι
1779 1503 1836 1550 et

251 1577 452 1632 iterum
507 1578 559 1632 iu
594 1581 810 1634 cantico
865 1579 1317 1639 Deutcronomii:
1375 1601 1395 1635 ι
1452 1583 1834 1641 lieeordamini

250 1669 366 1722 dies
416 1679 654 1725 aeternos
685 1672 770 1738 ³⁶;
805 1691 822 1724 ι
861 1681 909 1726 et
941 1671 1010 1727 de
1041 1671 1284 1728 Sabbato
1309 1674 1512 1729 dicitur
1545 1692 1559 1729 :
1597 1694 1614 1726 ι
1650 1675 1838 1730 Relin-

250 1761 440 1829 quitur
468 1777 598 1832 ergo
629 1761 995 1818 sabbatismus
1023 1764 1222 1833 populo
1244 1764 1338 1820 Dei
1365 1767 1427 1823 ".
1466 1785 1487 1819 ι
1515 1767 1577 1820 Et
1601 1777 1832 1832 astruet,

251 1854 380 1924 quia
415 1855 560 1909 sicut
589 1854 704 1910 haec
729 1855 940 1924 singula
975 1855 1204 1910 formam
1225 1854 1390 1910 futuri
1418 1858 1598 1912 sseculi
1627 1867 1832 1924 tenent,

253 1944 328 2000 ita
356 1954 540 2016 p0test
571 1946 736 2000 etiam
769 1946 941 2000 Adam
986 1949 1051 2002 de
1110 1963 1217 2016 quo
1272 1948 1497 2015 dicitur,
1531 1966 1550 2000 ι
1601 1949 1704 2015 Qui
1754 1960 1840 2005 est

251 2038 435 2092 forma
463 2038 630 2092 futuri
659 2037 700 2069 ⁸⁸
722 2078 738 2103 ,
781 2057 801 2090 ι
842 2037 1082 2094 conferri
1117 2041 1185 2094 ad
1238 2039 1408 2095 futuri
1441 2041 1624 2096 smculi
1665 2043 1838 2096 ratio-

253 2145 382 2184 nem
410 2147 426 2184 :
445 2142 500 2183 et
528 2140 815 2200 propterea
841 2145 964 2185 cum
983 2133 1325 2201 praemissum
1339 2143 1485 2188 esset
1502 2133 1569 2188 de
1592 2133 1676 2189 his
1702 2151 1722 2186 ι
1746 2135 1838 2204 qui

253 2234 621 2290 peccaverunt
641 2224 693 2278 in
712 2223 1123 2279 similitudinem
1161 2226 1624 2295 praevaricationis
1651 2227 1800 2296 Adae,
1815 2246 1834 2280 ι

254 2313 502 2369 additum
531 2324 654 2370 est:
695 2335 714 2368 ι
762 2315 863 2383 Qui
903 2326 986 2372 est
1017 2317 1193 2371 forma
1229 2315 1418 2371 futuri.
1459 2336 1480 2369 υ

324 2408 380 2462 2.
414 2428 434 2461 ι
472 2407 579 2464 Sed
608 2424 714 2464 non
737 2409 1167 2475 sicutdelictum,
1192 2409 1266 2464 ita
1283 2419 1336 2464 et
1363 2409 1586 2464 donum.
1615 2409 1673 2466 Si
1694 2409 1839 2464 enim

255 2501 422 2556 unius
452 2501 652 2556 delicto
685 2502 841 2556 multi
885 2503 1089 2558 mortui
1127 2513 1278 2568 sunt,
1309 2503 1478 2557 multo
1510 2505 1682 2574 magis
1711 2517 1839 2572 gra-

255 2593 332 2647 tia
367 2593 460 2647 Dei
491 2604 546 2646 et
567 2593 768 2648 donum
803 2592 855 2646 in
880 2593 1054 2660 gratia
1081 2593 1242 2647 unius
1269 2593 1505 2648 hominis
1529 2591 1656 2647 Jesu
1686 2592 1842 2647 Chri-

255 2685 326 2739 sti
352 2684 406 2738 in
431 2683 620 2754 plures
649 2683 962 2738 abundavit.
990 2683 1056 2738 Et
1079 2700 1186 2739 non
1223 2683 1368 2740 sicut
1391 2699 1488 2754 per
1517 2701 1682 2738 unum
1708 2699 1840 2755 pec-

253 2789 438 2829 catum
469 2775 604 2845 (95),
641 2775 713 2829 ita
747 2783 802 2830 et
819 2775 1041 2830 donum.
1073 2773 1207 2829 Nam
1231 2774 1493 2845 judicium
1526 2774 1746 2844 quidem
1773 2789 1840 2829 ex

257 2885 367 2924 nuo
398 2868 454 2922 in
489 2869 1002 2924 condemnationem
1034 2887 1047 2924 :
1084 2870 1261 2939 gratia
1317 2881 1497 2925 autem
1533 2887 1599 2924 ex
1657 2870 1842 2924 multis

254 2961 475 3017 delictis
505 2961 556 3014 in
584 2960 1034 3032 iustiﬁcationem
1071 2963 1138 3014 ¹⁹.
1173 2981 1192 3015 ι
1225 2961 1362 3017 Cum
1390 2963 1442 3016 in
1470 2964 1842 3032 superioribus

259 3058 492 3110 dixisset
525 3055 816 3122 Apostolus
849 3053 914 3108 de
947 3055 1160 3109 Adam:
1202 3072 1220 3105 ι
1263 3055 1364 3122 Qui
1416 3065 1500 3110 est
1548 3054 1724 3109 forma
1759 3053 1844 3109 fu-

1934 580 2097 644 lictis,
2146 581 2229 635 ita
2261 591 2317 635 et
2369 593 2466 650 per
2494 576 2654 632 unius
2708 577 3075 632 obedientiam
3109 576 3217 630 vita
3259 584 3518 645 regnaret

1937 686 2031 740 per
2061 671 2354 742 justitiam.
2382 669 2552 741 Igitur
2582 685 2686 724 non
2723 669 2842 724 sine
2870 667 3136 737 profunda
3153 675 3271 720 arte
3296 665 3514 720 dicendi

1936 765 2228 834 Apostolus
2260 763 2489 818 formam
2543 763 2747 818 Christi
2799 777 2923 817 esse
2955 760 3127 816 Adam
3163 759 3364 829 posuit,
3397 772 3518 826 qum

1933 857 2004 912 sit
2037 873 2134 925 per
2157 872 2330 925 genus
2375 855 2602 921 similis,
2633 869 2730 923 per
2768 853 3012 922 speciem
3059 851 3360 907 contraria.
3414 848 3522 903 i‘er

1938 955 2110 1011 genus
2142 957 2376 1012 namque
2404 942 2595 997 similis
2623 953 2708 998 est
2729 943 2902 999 forma
2933 945 2986 999 in
3013 963 3077 1003 eo
3103 949 3246 1018 quod
3279 950 3421 1005 sicut
3448 951 3516 1006 ab

1940 1043 2050 1082 uno
2073 1030 2241 1083 Adam
2273 1031 2327 1083 in
2363 1030 2548 1100 plures
2588 1031 2838 1086 homines
2877 1033 3221 1101 diﬂunditur,
3258 1036 3330 1091 ita
3366 1047 3420 1092 et
3446 1039 3517 1092 ab

1940 1135 2048 1173 uno
2073 1120 2290 1176 Christo
2310 1121 2364 1174 in
2398 1121 2582 1190 plures
2607 1122 2852 1178 homines
2877 1125 3225 1181 dilfundatur.
3260 1127 3362 1182 Per
3389 1145 3516 1199 spe-

1939 1208 2076 1262 ciem
2101 1222 2230 1262 vero
2272 1212 2571 1272 contraria,
2601 1212 2741 1278 quod
2769 1226 2834 1264 ex
2876 1213 3044 1266 Adam
3075 1215 3517 1283 praevaricatione

1938 1305 2110 1365 empta
2133 1336 2148 1359 ,
2183 1316 2199 1347 ι
2248 1307 2558 1365 peccatores
2599 1299 2878 1354 constituti
2919 1311 3048 1356 sunt
3090 1302 3277 1368 multi;
3313 1323 3328 1352 ι
3357 1303 3518 1358 Chri-

1937 1381 2006 1434 sti
2036 1397 2166 1436 vero
2201 1399 2218 1432 ι
2255 1381 2562 1440 obedientia
2588 1383 2722 1452 justi
2760 1385 3164 1439 constituentur
3204 1387 3358 1440 multi
3389 1389 3456 1442 “.
3493 1405 3513 1440 ι

1938 1468 2073 1535 Quia
2103 1485 2232 1540 ergo
2259 1479 2528 1539 quatenus
2556 1470 2726 1526 forma
2751 1472 2953 1527 Christi
2994 1473 3155 1528 fuerit
3177 1475 3367 1538 Adam,
3402 1477 3519 1530 sive

1939 1557 1994 1611 in
2024 1557 2308 1621 similibus,
2337 1558 2452 1613 sive
2489 1558 2544 1612 in
2575 1560 2889 1623 contrariis,
2923 1560 3220 1614 secundum
3252 1562 3518 1616 rationem

1938 1643 2138 1713 eloquii
2166 1643 2336 1712 ipsius
2366 1645 2712 1712 explanatum
2755 1654 2857 1708 est,
2899 1660 3047 1699 nunc
3072 1645 3234 1700 etiam
3278 1647 3406 1715 quid
3436 1647 3522 1702 in-

1941 1731 2157 1786 terioris
2185 1746 2380 1785 sensus
2401 1731 2694 1801 Apostolus
2721 1731 2923 1786 indicet
2953 1733 3006 1785 in
3040 1733 3124 1788 his
3150 1733 3286 1804 (99).
3319 1736 3404 1788 vel
3431 1751 3524 1804 po-

1870 1825 1906 1877 li
1941 1820 2048 1874 titts
2099 1829 2378 1890 contegat,
2419 1819 2718 1874 videamus.
2765 1821 2834 1873 Et
2875 1822 3122 1889 quamvis
3151 1822 3518 1890 periculosum

1938 1905 2188 1971 videatur
2214 1921 2277 1960 ea
2309 1921 2430 1976 quae
2474 1907 2741 1961 occultius
2777 1906 2832 1960 in
2879 1907 3122 1977 Apostoli
3169 1909 3389 1978 scriptis
3421 1926 3525 1980 po-

1939 1995 2043 2049 sita
2072 2005 2202 2050 sunt
2233 1997 2559 2066 patefacere,
2589 2005 2788 2061 tamen,
2827 2011 2934 2066 qua
2970 2011 3036 2051 ex
3069 2007 3222 2067 parte
3265 1999 3526 2068 possibile

1937 2093 2042 2149 est,
2085 2085 2283 2140 indicia
2313 2085 2558 2154 quasdam
2602 2100 2670 2138 ex
2711 2084 2797 2138 bis
2843 2084 3039 2139 divina:
3080 2083 3336 2138 bonitatis
3370 2083 3526 2139 colli-

1937 2186 2065 2241 gere
2101 2187 2212 2225 non
2248 2180 2380 2240 puto
2405 2170 2698 2225 absurdum
2740 2169 2932 2225 videri.
2965 2169 3253 2238 Proposuit
3285 2168 3523 2238 Aposto-

1937 2258 2022 2312 lus
2047 2258 2338 2313 ostendere
2365 2257 2494 2327 quid
2521 2258 2758 2311 humano
2780 2257 2964 2326 generi
2987 2257 3230 2311 intulerit
3261 2277 3280 2308 ι
3317 2256 3526 2326 primus

1940 2345 2132 2410 Adam,
2169 2363 2187 2395 )
2217 2343 2308 2414 qui
2338 2361 2356 2394 ι
2397 2342 2572 2397 factus
2611 2353 2694 2396 est
2738 2343 2790 2396 in
2821 2343 3056 2398 animam
3087 2344 3298 2408 vivam;
3337 2363 3356 2394 ›
3390 2341 3522 2412 quid

1939 2430 2103 2484 etiam
2136 2447 2154 2478 ι
2193 2426 2468 2482 secundus
2510 2424 2710 2489 Adam,
2753 2445 2770 2475 ι
2798 2426 2888 2495 qui
2920 2435 3003 2481 est
3036 2446 3053 2477 ι
3085 2426 3138 2480 in
3167 2425 3416 2496 spiritum
3441 2423 3523 2479 vi-

1938 2515 2251 2570 vilicantem
2279 2515 2345 2568 “.
2377 2532 2396 2564 ι
2429 2513 2504 2567 Ex
2537 2512 2696 2574 illius,
2725 2513 2918 2583 inquit,
2945 2512 3385 2584 praevaricatione
3409 2527 3527 2581 pec-

1943 2614 2121 2658 catum
2151 2601 2434 2673 apparuit,
2465 2609 2518 2655 et
2548 2616 2646 2669 per
2678 2611 2959 2670 peccaturo
2992 2617 3138 2656 mors
3169 2601 3409 2672 ingressa
3443 2608 3529 2654 est

1943 2688 1997 2746 in
2032 2707 2222 2748 omnes
2253 2691 2504 2744 homines
2531 2690 2575 2719 "
2603 2690 2768 2749 :imo,
2799 2700 2857 2742 nt
2877 2703 3154 2742 servemus
3177 2689 3326 2741 Pauli
3357 2687 3526 2740 Litte-

1943 2776 2018 2831 ris
2060 2773 2490 2829 moderationem
2549 2785 2707 2826 suam
2734 2784 2895 2841 quam
2928 2771 2982 2826 in
3012 2773 3267 2842 praesenti
3304 2772 3531 2829 locote-

1944 2867 2082 2928 nuit,
2119 2867 2172 2920 in
2221 2865 2422 2920 multos
2465 2865 2716 2920 homines
2771 2879 2920 2919 mors
2975 2865 3298 2934 pertransiit
3325 2864 3395 2920 ".
3425 2865 3532 2920 Per

1940 2957 2302 3013 obedientiam
2341 2972 2470 3012 vero
2500 2955 2704 3012 Christi
2740 2955 3092 3026 justilicatio,
3129 2967 3184 3012 et
3215 2955 3530 3027 perjustiii-

1944 3047 2214 3102 cationem
2259 3048 2371 3101 vita
2418 3045 2588 3102 multo
2615 3046 2791 3117 magis
2822 3047 2874 3099 in
2907 3046 3088 3113 plures
3123 3047 3419 3100 abundavit
3459 3047 3529 3102 “.

261 3148 367 3201 turi
397 3189 412 3214 ,
448 3165 467 3199 ι
508 3145 701 3202 videns
736 3147 938 3217 requiri
990 3161 1152 3216 posse
1195 3145 1308 3217 (96)
1341 3187 1357 3212 ,
1413 3147 1538 3216 quia
1587 3146 1632 3202 si
1667 3147 1836 3202 Adam
1867 3167 1912 3224 ε
1946 3138 2011 3193 Ει
2030 3137 2322 3193 ostendere
2355 3137 2469 3191 vult
2497 3137 2638 3208 quod
2687 3135 2858 3193 multo
2893 3137 2965 3191 sit
2992 3134 3187 3191 furtior
3214 3137 3323 3192 vita
3369 3153 3532 3208 quam

259 3239 434 3293 forma
496 3236 699 3293 Christi
741 3246 846 3305 est,
902 3252 1036 3306 ergo
1069 3246 1122 3291 et
1152 3237 1206 3290 in
1230 3251 1297 3291 eo
1333 3251 1442 3307 quo
1468 3237 1717 3306 peccavit
1746 3252 1844 3292 ne-

259 3347 420 3386 cesse
444 3343 525 3386 est
558 3341 616 3386 ut
641 3331 868 3386 formam
899 3329 1104 3384 Christi
1143 3330 1416 3396 habuerit,
1447 3341 1504 3385 et
1555 3331 1610 3385 in
1641 3344 1708 3386 eo
1738 3346 1847 3400 quo

260 3424 510 3492 regnavit
538 3439 685 3478 mors
715 3425 782 3477 ab
807 3423 978 3476 Adam
1009 3437 1180 3489 usque
1211 3422 1276 3474 ad
1300 3421 1524 3492 Moysen
1555 3441 1569 3477 :
1607 3423 1711 3479 hoc
1750 3439 1848 3476 au-

262 3527 370 3571 tem
405 3515 473 3569 de
514 3515 737 3570 Christo
777 3513 986 3568 sentire
1007 3510 1296 3565 videbatur
1322 3511 1641 3578 absurdum,
1667 3514 1844 3568 conti-

263 3625 376 3664 nuo
408 3607 686 3676 subiungit
721 3623 736 3661 :
770 3625 788 3656 ι
827 3605 935 3660 Sed
964 3619 1070 3659 non
1104 3605 1246 3660 sicut
1271 3605 1550 3669 delictum,
1574 3606 1646 3660 ita
1673 3615 1728 3661 et
1752 3606 1849 3661 do-

263 3718 439 3756 num:
483 3720 501 3752 ι
531 3711 585 3755 ct
631 3700 820 3768 incipit
848 3713 913 3752 ex
963 3697 1066 3752 hoc
1115 3711 1367 3752 sermone
1421 3697 1585 3751 veluti
1642 3707 1846 3752 semelr

277 3791 456 3860 ipsum
485 3790 780 3861 explanare
825 3787 1096 3859 quomodo
1127 3788 1354 3842 formam
1387 3787 1592 3842 Christi
1648 3788 1850 3844 dixerit

263 3899 389 3938 esse
414 3884 606 3937 Adam.
640 3901 658 3933 ι
695 3882 750 3935 Si
769 3885 938 3949 enim,
971 3902 989 3936 ι
1020 3885 1218 3954 inquit,
1249 3899 1268 3932 ι
1296 3882 1458 3935 unius
1476 3881 1673 3934 delicto
1695 3882 1846 3937 multi

265 3977 468 4032 mortui
502 3986 650 4041 sunt,
688 3994 707 4028 ι
766 3975 818 4029 ἰη
869 3975 1044 4029 Adam
1102 3974 1375 4037 videlicet,
1420 3991 1438 4024 ι
1474 3973 1643 4026 multo
1681 3975 1850 4044 magis

265 4071 446 4139 gratia
488 4069 577 4123 Dei
614 4079 668 4123 et
695 4069 896 4122 donum
934 4069 986 4122 in
1023 4069 1196 4140 gratia
1246 4069 1404 4122 tutius
1455 4069 1688 4121 hominis
1719 4065 1848 4121 .lcsn

264 4161 472 4217 Christi
493 4163 546 4214 in
575 4161 758 4231 plures
782 4161 1115 4215 abundavit:
1145 4179 1162 4212 ι
1201 4161 1382 4223 idest,
1419 4160 1463 4214 si
1504 4160 1554 4211 in
1590 4175 1699 4211 uno
1727 4176 1852 4228 pec-

265 4269 427 4309 caute
455 4254 634 4308 locum
692 4268 840 4309 mors
879 4253 1162 4307 inveniens
1217 4253 1270 4306 in
1325 4252 1510 4320 plures
1540 4253 1714 4319 potuit
1745 4249 1852 4304 dif-

267 4347 422 4402 fundi
459 4345 593 4418 (97),
631 4345 798 4400 multo
828 4346 1002 4415 magis
1037 4345 1216 4414 gratia
1252 4343 1368 4411 Dei,
1401 4358 1524 4413 qua!
1557 4343 1607 4397 in
1633 4342 1852 4399 Christo

265 4440 548 4510 copiosius
580 4448 636 4492 et
664 4437 826 4491 latius
852 4436 1150 4492 abundavit
1182 4449 1342 4504 quam
1373 4447 1522 4488 mors
1549 4431 1602 4486 in
1630 4433 1800 4489 Adam
1823 4473 1842 4499 ,

1950 3247 2118 3300 mors,
2146 3241 2201 3288 et
2225 3230 2432 3299 iustitia
2468 3246 2635 3302 quam
2670 3240 2953 3300 peccatum
2990 3249 3004 3285 :
3035 3241 3090 3285 et
3141 3246 3237 3301 per
3259 3231 3363 3287 hoc
3411 3234 3535 3287 edo-

1947 3339 2074 3380 cere
2095 3325 2220 3394 quia
2255 3323 2300 3378 si
2347 3323 2420 3378 ita
2469 3332 2751 3394 peccatum
2789 3331 2845 3377 et
2903 3337 3051 3378 mors
3082 3321 3161 3393 (l)
3196 3337 3424 3394 regnare
3474 3324 3532 3378 in

1947 3417 2197 3471 omnibus
2223 3416 2416 3486 pomit,
2458 3414 2731 3485 accipiens
2761 3428 2826 3467 ex
2869 3412 3030 3468 unius
3059 3414 3301 3469 hominis
3343 3415 3535 3470 inobe-

1949 3507 2156 3562 dientia
2193 3507 2432 3570 initium,
2453 3517 2658 3576 quanto
2689 3505 2963 3574 potentius
2991 3513 3045 3559 et
3079 3505 3298 3574 dignius
3333 3521 3429 3574 per
3452 3505 3538 3576 ju-

1949 3601 2151 3656 stitiam
2183 3600 2292 3653 vita
2333 3599 2616 3668 regnabit,
2668 3596 2882 3650 initium
2927 3596 3209 3665 accipiens
3241 3613 3335 3666 per
3367 3598 3532 3652 unius

1951 3692 2110 3764 553
2144 3692 2506 3746 obedientiam
2538 3689 2616 3760 (2)
2645 3687 2884 3752 Christi;
2914 3687 3138 3755 Christi,
3167 3689 3414 3756 inqttam,
3439 3690 3532 3757 qui

1951 3787 2016 3840 ad
2051 3785 2152 3838 hoc
2186 3799 2322 3852 opus
2362 3798 2465 3837 non
2501 3781 2831 3836 conditionis
2876 3782 3238 3847 necessitate,
3289 3782 3385 3834 sed
3418 3782 3532 3836 sola

1953 3875 2304 3928 miseratione
2337 3879 2614 3942 permotus
2665 3873 2921 3930 accessit.
2969 3891 2989 3925 ι
3031 3871 3084 3926 lu
3121 3873 3294 3926 forma
3328 3891 3348 3924 ι
3387 3873 3534 3927 enim

1959 3991 1976 4022 ι
2014 3970 2103 4024 Dei
2141 3987 2161 4020 ι
2198 3975 2351 4034 erat,
2379 3976 2432 4020 et
2461 3965 2651 4020 videns
2680 3963 2842 4021 unius
2885 3965 3123 4020 hominis
3148 3965 3350 4020 delicto
3386 3981 3531 4019 mor-

1957 4072 2060 4115 tem
2099 4073 2328 4130 reguare
2359 4074 2456 4129 per
2490 4057 2718 4128 papulas
2743 4097 2759 4124 ,
2809 4068 3077 4113 creaturae
3127 4073 3239 4112 sua:
3267 4073 3371 4112 non
3400 4058 3538 4112 obli-

1953 4150 2219 4216 viscitur,
2281 4165 2300 4200 ι
2336 4163 2440 4204 nec
2492 4149 2737 4217 rapinam
2794 4148 2940 4202 ducit
2992 4161 3112 4202 esse
3165 4163 3224 4204 se
3270 4147 3534 4218 aequalem

1959 4239 2065 4294 Deo
2093 4240 2138 4272 “
2169 4257 2184 4294 :
2227 4258 2246 4291 ι
2273 4239 2378 4294 hoc
2405 4247 2488 4294 est
2510 4279 2526 4304 ,
2578 4255 2684 4294 non
2719 4241 2822 4294 sibi
2858 4240 3037 4308 magni
3067 4239 3271 4308 aliquid
3317 4242 3540 4309 deputat

1955 4333 2098 4403 quod
2127 4333 2243 4402 ipse
2285 4331 2508 4400 quidem
2537 4331 2763 4402 aequalis
2793 4332 2903 4386 Deo
2934 4340 2989 4385 et
3031 4347 3198 4386 unum
3225 4345 3348 4386 cum
3379 4331 3540 4386 Patre

1956 4433 2060 4489 est,
2096 4439 2233 4495 opus
2282 4437 2412 4478 vero
2437 4438 2594 4478 suum
2641 4423 2956 4493 depascitur
2989 4436 3136 4477 mors
3171 4422 3329 4476 unius
3359 4421 3537 4476 homi-

268 4505 532 4600 inplores
574 4527 1012 4594 diminditur;et
1045 4527 1098 4581 in
1148 4533 1354 4580 tantum
1384 4541 1490 4580 non
1542 4534 1628 4580 est
1657 4527 1845 4579 eadem
1878 4505 1925 4563 Π
1954 4518 2038 4570 Itis
2092 4516 2336 4582 ingressa
2389 4515 2612 4570 delicw.
2683 4531 2701 4567 ι
2751 4512 3068 4568 Exinanivit
3114 4531 3134 4564 ι
3184 4512 3348 4582 igitur
3397 4531 3416 4564 ι
3452 4527 3542 4568 se-

269 4624 513 4680 conditio
547 4623 758 4689 delicti,
805 4637 926 4691 quze
955 4629 1010 4676 et
1037 4619 1186 4685 doni,
1216 4628 1276 4672 ut
1309 4634 1431 4673 cum
1453 4617 1720 4689 judicium
1751 4619 1849 4672 ha-

268 4719 448 4773 bitum
477 4717 548 4772 sit
599 4715 666 4771 de
713 4713 882 4768 Adam
911 4755 925 4780 ,
963 4728 1029 4768 ex
1086 4727 1192 4766 uno
1223 4709 1337 4779 ipso
1364 4709 1476 4781 (98)
1506 4709 1854 4778 delinquente

271 4805 660 4862 condemnatio
682 4803 736 4859 in
759 4817 948 4857 omnes
976 4800 1224 4856 homines
1260 4799 1506 4863 venerit;
1541 4800 1854 4854 econtrario

1950 4607 2124 4675 ipsum
2170 4625 2190 4659 ι
2242 4606 2310 4660 de
2357 4605 2666 4674 aequalitate
2709 4614 2763 4658 et
2810 4605 2986 4657 l'orma
3019 4602 3138 4670 Dei,
3184 4615 3239 4658 et
3276 4621 3294 4654 ι
3329 4602 3472 4658 servi
3511 4619 3534 4655 ι

1950 4694 2190 4764 suscepit
2223 4713 2242 4746 ι
2275 4694 2502 4749 formam
2535 4693 2580 4725 ³⁸
2606 4731 2622 4756 ,
2657 4711 2677 4745 ι
2729 4701 2786 4747 et
2819 4691 2878 4745 ﬁt
2909 4693 3090 4759 homo,
3127 4693 3195 4746 ad
3228 4707 3387 4760 quem
3421 4701 3540 4745 ten-

1952 4793 2174 4846 tandum
2207 4791 2432 4845 auderet
2473 4787 2696 4858 quidem
2726 4787 2918 4840 venire
2945 4786 3034 4840 ille
3061 4789 3154 4856 qui
3184 4787 3446 4855 regnabat
3475 4784 3528 4838 iu

274 4912 408 4953 vero
440 4910 538 4966 per
563 4894 846 4951 Christum
873 4909 938 4948 ex
970 4891 1160 4946 multis
1189 4888 1426 4951 delictis,
1461 4889 1658 4958 quibus
1690 4905 1856 4943 omne
1949 4884 2228 4947 omnibus,
2280 4880 2375 4935 sed
2419 4879 2624 4934 intrare
2669 4891 2776 4932 non
2822 4886 3026 4946 posset.
3087 4875 3316 4930 Mortem
3349 4885 3531 4928 tamen

271 5005 447 5060 genus
476 4988 759 5044 hominum
814 4985 1137 5051 tenebatur,
1177 4979 1499 5051 jttstiﬁcatio
1531 4979 1658 5034 data
1697 4980 1769 5036 sit
1797 4980 1852 5035 in

345 5131 388 5161 "
407 5127 533 5184 lsai.
568 5143 620 5188 ι..
648 5127 735 5181 Η.

275 5197 318 5229 ⁸⁸
344 5201 500 5254 llorn.
521 5215 576 5263 ν,
608 5197 696 5252 14.
767 5196 810 5228 ⁸⁸
833 5195 964 5250 ibid.
993 5192 1079 5256 15,
1229 5190 1274 5222 ’θ
1308 5188 1442 5244 ibid.
1501 5189 1587 5244 19.

271 5271 321 5300 ’⁸
353 5261 569 5340 Philip.
593 5285 666 5336 Il,
717 5269 773 5324 6.
874 5266 920 5297 “
952 5265 1082 5350 ibid.
1115 5261 1168 5314 7.

345 5385 457 5458 (94)
491 5385 663 5458 Alias,
693 5401 713 5458 ι
746 5382 898 5438 dicit.
930 5399 951 5433 ι

346 5449 459 5529 (95)
503 5449 866 5522 Mssaplures,
909 5471 928 5505 ι
969 5450 1036 5505 Ει
1090 5463 1195 5504 non
1231 5449 1371 5504 sicut
1403 5462 1498 5517 per
1528 5461 1693 5502 unum
1721 5461 1851 5516 pec-

277 5540 517 5590 cantem,
558 5544 576 5577 ι
606 5536 714 5580 etc.

347 5597 461 5664 (96)
490 5596 650 5662 Editi,
687 5613 706 5646 ι
735 5593 858 5664 quia
891 5591 1094 5664 requiri
1123 5598 1341 5664 posset.‘
1367 5607 1386 5640 ι

349 5659 464 5736 (97)
499 5659 660 5730 Editi',
696 5685 712 5716 ι
741 5659 1055 5736 abundabit,
1084 5661 1135 5716 id
1159 5672 1266 5724 est,
1298 5659 1344 5714 si
1369 5671 1483 5736 uno
1518 5666 1797 5736 peccante.
1826 5677 1844 5709 ι

281 5727 506 5800 Deinde,
545 5757 564 5785 ι
595 5727 714 5804 qine
743 5736 795 5786 in
821 5733 1043 5786 Christo
1101 5741 1185 5804 cst
1211 5770 1225 5794 ,
1280 5728 1562 5804 copiosius
1586 5736 1663 5804 et_
1692 5727 1850 5781 latius

284 5797 779 5878 shundabiﬁquam
803 5820 951 5860 mors
978 5804 1150 5862 Adam
1175 5802 1227 5858 in
1258 5797 1439 5870 plures
1463 5797 1852 5854 diliundatutu

816 5123 859 5156 “
890 5122 1080 5177 Matth.
1110 5117 1371 5181 xxvt,29.
1448 5116 1643 5174 “Osee
1673 5134 1749 5182 Ix,
1771 5119 1826 5172 5.

834 5195 964 5244 ibid.
993 5189 1185 5244 15.16.
1229 5190 1274 5222 '°
1308 5188 1442 5244 ibid.
1501 5189 1587 5244 19.
1687 5189 1730 5221 ⁸⁸
1766 5188 1842 5244 lC

1944 5116 2113 5172 ‘Psal.
2139 5129 2323 5173 Lxxvr,
2359 5110 2413 5165 6.
2492 5111 2536 5141 ¹⁶
2570 5109 2725 5164 Deut.
2769 5123 2946 5170 xxxii,
2971 5107 3025 5162 7.

1977 5205 2065 5244 stt.
2095 5189 2184 5242 45.
2279 5187 2322 5217 ²²
2345 5181 2502 5236 Rom.
2536 5197 2588 5244 ν,
2617 5181 2704 5234 η.
2805 5178 2852 5210 ³³
2883 5178 3019 5234 ibid.

1952 4979 2112 5034 istam
2145 4987 2489 5031 communem
2517 4970 2780 5042 suscepit,
2817 4985 2940 5024 cum
2970 4969 3118 5024 illam
3151 4966 3386 5037 peccati,
3421 4983 3542 5034 qua:

3103 5107 3146 5138 ¹⁷
3181 5104 3346 5158 Ηιιιιιδ.
3378 5120 3450 5172 Iv,
3482 5107 3534 5159 9.

2279 5187 2322 5217 ²²
2345 5181 2502 5236 Rom.
2536 5197 2588 5247 ν,
2617 5181 2704 5234 Η.
2805 5178 2852 5210 ³³
2883 5178 3019 5234 ibid.
3078 5180 3171 5240 55,
3214 5176 3260 5207 “
3287 5175 3418 5230 ibid.
3453 5177 3537 5232 l9.

2049 5429 2140 5507 99)
2167 5429 2392 5499 Editi'et
2413 5453 2548 5495 mss.
2577 5429 2817 5507 quidam,
2858 5453 2878 5486 ι
2903 5430 3225 5507 _qure_[a|.,_c
3246 5430 3362 5507 qui,
3390 5449 3408 5482 ι
3438 5429 3541 5496 aL,

1958 5533 1979 5567 ι
2016 5502 2186 5586 quid]
2220 5514 2448 5586 interior
2467 5502 2665 5586 sensus
2693 5505 2936 5576 Apostoli
2956 5502 3158 5558 indi—cet
3185 5502 3238 5556 in
3269 5504 3406 5586 his,»
3427 5515 3538 5558 etc.

2025 5584 2102 5656 (l)
2135 5581 2308 5656 A'lias,
2341 5601 2359 5633 ι
2387 5581 2546 5656 si___ita
2579 5594 2678 5656 per
2700 5585 2980 5656 peceatum
3013 5586 3182 5656 mors,
3224 5591 3244 5624 ›
3285 5583 3392 5656 etc:

2025 5585 2072 5656 (l
2135 5584 2308 5650 A'lias,
2341 5601 2359 5633 ι
2387 5584 2430 5637 si
2471 5584 2546 5634 ita
2579 5594 2678 5648 per
2700 5585 2980 5648 peccatum
3013 5586 3182 5639 mors,
3224 5591 3244 5624 ι
3285 5584 3392 5628 etc.

2025 5584 2102 5728 (2i
2142 5654 2333 5728 EditiA,
2367 5670 2386 5703 ι
2421 5651 2660 5728 Christi;
2697 5649 2988 5728 Christus,
3024 5643 3285 5728 inquatnn,
3310 5643 3394 5728 ad
3440 5643 3543 5698 hoc

1954 5712 2112 5799 opus,
2136 5733 2270 5782 ιρις.
2291 5712 2416 5780 lllss.
2457 5712 2676 5795 quidam
2705 5717 2873 5776 semel
2905 5712 3110 5773 habent
3143 5731 3164 5768 ι
3194 5712 3422 5772 Christi.
3446 5730 3468 5755 ι

2046 5375 2114 5428 98
2167 5375 2336 5439 Alias,
2365 5389 2385 5423 ι
2419 5380 2474 5426 et
2508 5383 2574 5423 ex
2609 5381 2717 5421 uno
2741 5367 2876 5434 ipso.
2915 5381 2936 5415 ι

2025 5375 2140 5517 (99)
2167 5443 2308 5517 Εᾴἰιί
2338 5451 2392 5517 et
2413 5453 2548 5495 mss.
2577 5439 2817 5517 quidam,
2850 5453 2878 5517 Δι
2902 5451 2936 5517 _q
