3986 6206
496 314 635 367 i035
1555 341 1559 346 ι
1946 309 2263 366 οιιιςεΝιε
3581 318 3686 376 1021

497 429 756 497 regnabat
789 429 842 482 in
869 425 1120 480 omnibus
1142 466 1156 486 ,
1189 440 1294 479 non
1324 422 1593 493 receperit
1621 441 1634 478 :
1667 432 1724 479 ut
1752 425 1887 480 sicut
1922 445 1939 477 ι
1983 443 2078 496 per
2107 433 2150 486 Α
2182 424 2392 480 caeteris
2417 438 2579 478 causa
2618 423 2825 479 exstitit
2853 423 3060 489 mortis,
3088 423 3343 482 Christus
3378 435 3617 485 revocavit
3636 439 3684 490 ad

499 518 773 575 hominem
803 531 973 580 mors,
1007 517 1079 570 ita
1127 524 1183 572 et
1233 531 1329 585 per
1372 514 1649 570 hominem
1689 535 1708 567 ι
1743 517 1894 572 ﬁeret
1933 538 1952 569 ι
1990 533 2074 572 re-

499 609 769 663 surrectio
803 616 1140 662 mortuorum
1169 607 1214 638 ¹⁷
1246 625 1261 660 :
1299 625 1318 658 ι
1367 616 1422 662 et
1447 607 1589 661 sicut
1635 625 1655 659 ι
1691 609 1854 663 unius
1879 608 2074 663 delicto

501 700 658 754 multi
683 701 881 753 mortui
913 708 1066 764 sunt,
1087 697 1255 752 multo
1285 698 1460 766 magis
1483 698 1654 768 gratia
1675 699 1768 754 Dei
1795 708 1849 754 et
1876 701 2073 753 donum

504 793 557 846 in
599 792 777 861 gratia
826 792 989 846 unius
1041 791 1278 846 hominis
1329 790 1456 846 Jesu
1502 793 1704 847 Christi
1753 794 1805 847 in
1831 794 2018 862 plures
2050 813 2070 844 ι

501 881 802 936 abundaret
832 883 898 936 "‘.
944 881 1057 938 Non
1093 892 1276 937 autem
1310 883 1516 952 absque
1543 883 1809 952 profunda
1855 887 2070 954 sapien~

505 973 600 1036 tia,
625 988 788 1042 quam
835 971 1031 1027 Paulus
1077 973 1222 1026 inter
1267 972 1539 1042 perfectos
1579 972 1724 1042 loqui
1755 987 1813 1026 se
1842 972 1973 1025 dicit
2007 973 2073 1037 “,

503 1062 559 1116 in
593 1063 694 1117 hoc
729 1063 850 1118 loco
875 1079 1157 1138 sermones
1188 1079 1314 1117 suos
1357 1064 1672 1119 moderatus
1706 1075 1824 1128 est,
1859 1074 1909 1119 el
1941 1080 2079 1134 quos

504 1150 630 1206 alibi
663 1170 682 1203 ι
723 1169 914 1208 omnes
950 1172 969 1204 ι
1020 1153 1273 1216 dixerat,
1309 1154 1400 1208 hic
1436 1172 1457 1205 ‹
1491 1154 1690 1210 multos
1717 1173 1737 1208 ι
1781 1155 1860 1210 vel
1909 1172 1928 1206 ι
1961 1155 2079 1223 plu-

503 1257 593 1298 res
651 1262 670 1294 ι
724 1244 1057 1313 appellavit,
1121 1244 1211 1299 ubi
1280 1247 1738 1314 comparationem
1795 1247 1973 1301 diﬂ'usi
2025 1248 2077 1302 in

502 1348 693 1388 oumes
719 1334 968 1389 homines
1001 1336 1207 1404 peccati
1239 1347 1291 1390 et
1321 1336 1514 1390 mortis
1543 1338 1610 1390 ab
1635 1337 1805 1391 Adam
1841 1338 1988 1399 facit,
2024 1344 2082 1392 et

500 1423 914 1492 instilicationis
957 1440 1022 1479 ac
1064 1425 1189 1479 vita:
1215 1441 1243 1478 a
1268 1425 1522 1490 Christo;
1572 1441 1641 1480 ne
1671 1425 1810 1480 forte
1842 1427 1885 1479 si
1917 1428 2080 1481 abso-

503 1517 614 1570 lute
637 1517 1018 1586 pronuntiaret
1049 1520 1174 1588 quia
1205 1519 1319 1587 pari
1349 1509 1561 1574 ratione
1591 1527 1751 1588 atque
1775 1521 1962 1574 eodem
1993 1537 2081 1575 or-

505 1607 633 1661 dine
661 1622 770 1676 quo
804 1609 874 1662 ab
904 1607 1076 1661 Adam
1114 1609 1166 1661 in
1196 1624 1384 1662 omnes
1420 1611 1669 1663 homines
1714 1625 1858 1664 mors
1891 1609 2078 1666 dillnsa

505 1699 714 1766 peccati
747 1706 852 1762 est,
892 1699 1059 1752 etiam
1099 1698 1420 1767 jnstillcatio
1455 1709 1510 1754 et
1541 1700 1670 1764 vita,
1706 1716 1826 1769 (litae
1853 1717 1881 1753 a
1923 1703 2080 1756 Chri-

2176 521 2341 573 vitam
2391 537 2404 574 :
2452 528 2512 572 ut
2541 532 2726 572 verum
2755 517 2824 571 sit
2853 515 2983 570 illud
3033 519 3174 585 quod
3207 535 3259 572 tn
3287 526 3688 589 consequentibus

2175 610 2364 664 scribit
2412 607 2705 678 Apostolus
2737 607 2783 638 ³³
2805 645 2821 670 ,
2857 607 2982 674 quia
3025 624 3043 656 ι
3077 607 3214 662 sicut
3244 623 3340 676 per
3367 610 3516 664 unius
3553 615 3691 669 homi-

2177 701 2259 754 nis
2289 699 2544 754 delictum
2603 700 2655 750 in
2702 697 3212 753 condemnationem
3255 701 3442 756 mortis
3469 702 3516 755 in
3543 720 3690 762 omnes

2178 791 2425 844 homines
2449 829 2464 854 ,
2501 790 2572 843 ita
2606 799 2657 843 ct
2690 803 2786 855 per
2814 789 2973 841 unius
3006 789 3236 856 gratiam
3273 789 3325 842 in
3352 805 3530 846 omnes
3559 795 3692 848 homi-

2178 896 2273 935 nes
2305 881 2358 934 in
2380 879 2829 949 justiﬁcationem
2875 880 3001 934 vitae
3031 880 3128 950 (6).
3166 897 3185 931 ι
3229 879 3402 935 llomo
3441 889 3599 937 autem
3630 896 3691 940 est

2177 975 2336 1030 etiam
2367 973 2534 1026 Adam
2568 989 2581 1026 :
2614 987 2744 1043 ergo
2774 982 2829 1026 et
2851 973 2903 1026 in
2926 974 3098 1042 ipsum
3121 971 3436 1040 justiﬁcatio
3465 975 3574 1028 vitae
3595 991 3690 1046 per-

2177 1067 2381 1120 veniet.
2421 1064 2524 1119 Sed
2562 1065 2708 1118 dices
2739 1063 2971 1118 iortasse
3002 1082 3016 1117 :
3054 1063 3110 1117 Si
3149 1079 3260 1118 uno
3299 1075 3548 1133 peccante
3585 1083 3691 1122 mors

2179 1156 2231 1209 in
2258 1171 2446 1209 omnes
2477 1155 2725 1208 homines
2749 1153 3162 1224 pertransiit,et
3189 1167 3380 1208 rursus
3409 1156 3556 1208 unius
3575 1157 3692 1226 justi-

2180 1246 2250 1300 tia
2287 1248 2341 1300 in
2374 1260 2564 1301 omnes
2587 1243 3175 1311 hominesjustilicatio
3204 1244 3332 1298 vita:
3353 1246 3595 1313 pervenit,
3628 1261 3694 1301 ne-

2179 1352 2285 1406 que
2314 1345 2373 1390 ut
2401 1350 2736 1390 moreremur
2763 1333 2965 1404 aliquid
2995 1333 3150 1388 nobis
3181 1344 3391 1402 gestum
3421 1345 3528 1402 est,
3563 1352 3695 1406 neque

2182 1439 2242 1482 ut
2285 1427 2549 1488 vivamus,
2604 1432 2697 1480 sed
2729 1434 2812 1481 est
2842 1424 3032 1480 mortis
3075 1425 3299 1493 quidem
3350 1439 3502 1480 causa
3545 1428 3692 1493 Adam,

2181 1519 2306 1573 vita:
2347 1527 2531 1571 autem
2580 1517 2850 1570 Christus.
2915 1514 3166 1568 Diximus
3211 1514 3427 1582 quidem
3465 1517 3564 1584 jam
3591 1531 3631 1570 et
3655 1519 3694 1570 in

2181 1609 2573 1678 superioribus,
2602 1609 2744 1675 quod
2773 1615 3026 1676 parentes
3050 1619 3160 1660 non
3195 1605 3370 1661 solum
3399 1619 3623 1677 generant
3648 1610 3695 1663 ﬁ-

2183 1701 2304 1764 lios,
2341 1701 2435 1753 sed
2465 1707 2520 1752 et
2553 1699 2834 1760 imbuunt;
2864 1707 2918 1750 et
2952 1696 3042 1764 qui
3076 1707 3400 1763 nascuntur,
3443 1713 3538 1753 non
3565 1700 3696 1754 solum

503 1795 590 1841 sto
613 1797 732 1853 est,
768 1787 819 1840 in
850 1801 1042 1841 omnes
1090 1789 1339 1842 homines
1373 1787 1734 1854 dilfuuditnr,
1786 1791 2081 1846 resolveret
2115 1817 2154 1870 Β
2186 1793 2278 1846 lilii
2315 1789 2663 1861 parentibus,
2716 1789 2814 1842 sed
2860 1797 2916 1843 et
2946 1789 3202 1858 discipuli
3231 1789 3398 1852 llunt,
3426 1801 3478 1842 et
3503 1803 3593 1842 non
3616 1798 3695 1842 tatu

503 1877 777 1932 auditores
821 1876 934 1948 (5),
987 1885 1040 1931 et
1081 1877 1362 1947 segniores
1396 1879 1586 1932 ﬂerent
1617 1895 1744 1947 erga
1785 1883 2079 1934 observan-

503 1969 660 2039 tiam,
692 1970 830 2025 certi
857 1970 924 2025 de
957 1971 1253 2025 securitate
1299 1969 1423 2024 vita:
1446 1985 1566 2040 quae
1597 1971 1648 2025 in
1679 1986 1868 2028 omnes
1908 1973 2085 2027 homi-

506 2076 603 2115 nes
633 2076 730 2129 per
771 2061 969 2115 Christi
1004 2061 1234 2130 gratiam
1267 2062 1590 2116 traderetur.
1657 2063 1722 2116 Et
1760 2063 1881 2118 ideo
1911 2064 2081 2132 repri-

509 2153 603 2204 mit
626 2151 702 2221 (4)
727 2164 1057 2214 sermonem,
1086 2160 1143 2204 et
1172 2164 1281 2205 non
1310 2167 1500 2206 omnes
1535 2151 1782 2209 homines
1811 2153 1972 2220 (sicut
2003 2169 2085 2208 so-

507 2245 581 2298 let
628 2245 682 2299 in
730 2245 972 2317 caeteris)
1001 2245 1174 2316 ponit,
1207 2245 1302 2300 sed
1332 2245 1552 2310 multos,
1582 2245 1672 2314 qui
1702 2245 1860 2301 unius
1889 2245 2086 2302 delicto

505 2343 821 2402 peccatores
855 2336 1136 2389 constituti
1169 2343 1299 2389 sunt
1330 2353 1342 2389 :
1377 2343 1434 2389 et
1461 2349 1676 2388 rursum
1707 2334 1758 2388 in
1788 2334 1958 2405 gratia
1993 2337 2085 2391 Dei

507 2430 706 2479 donum
754 2439 852 2495 per
900 2442 1067 2482 unum
1118 2426 1395 2482 hominem
1421 2427 1606 2483 Jesum
1635 2429 1950 2494 Christum,
1978 2444 2084 2484 non

507 2519 561 2572 in
588 2534 804 2585 omnes,
843 2521 938 2576 sed
976 2521 1030 2576 in
1062 2521 1250 2590 plures
1292 2522 1492 2576 asserit
1521 2523 1800 2576 abundare
1842 2539 1856 2576 :
1892 2537 2000 2591 quo
2032 2534 2087 2579 et

509 2609 932 2678 ncgligentiores
970 2620 1114 2664 metu
1159 2612 1457 2680 suspendat
1502 2627 1566 2667 ac
1609 2612 1874 2668 sollicitos
1902 2614 2086 2681 faciat,

507 2708 563 2751 et
593 2701 1011 2769 perlectioribus
1036 2702 1234 2756 divinae
1264 2703 1524 2758 bonitatis
1562 2713 1773 2758 secreta
1803 2719 1908 2759 non
1941 2704 2091 2760 clau-

508 2792 621 2845 dat.
660 2791 806 2846 Bene
833 2803 1014 2848 autem
1037 2794 1164 2864 quia
1201 2793 1387 2864 plures
1415 2795 1592 2864 posuit
1622 2795 1689 2849 ad
1721 2810 1862 2864 quos
1889 2798 2086 2852 donum

509 2886 697 2953 gratia!
722 2886 978 2955 pertinet,
1006 2903 1167 2957 quain
1190 2887 1303 2944 eos
1330 2891 1422 2960 qui
1465 2891 1624 2945 unius
1655 2893 1852 2947 delicto
1883 2893 2081 2947 consu-

509 2976 613 3029 tuti
647 2985 772 3031 sunt
822 2989 1162 3046 peccatores.
1229 2980 1284 3034 In
1321 2997 1429 3050 quo
1462 2982 1702 3038 arbitror
1741 2986 1959 3053 quidem
1990 2983 2090 3038 ali—

513 3065 642 3133 quid
669 3074 724 3120 et
746 3067 964 3123 latentis
995 3085 1114 3123 esse
1151 3071 1396 3140 mysterii
1431 3091 1442 3126 :
1475 3074 1598 3139 quia
1626 3082 1682 3126 et
1711 3072 1840 3126 alibi
1869 3073 1913 3105 '°
1939 3088 2088 3126 mor-

2185 1893 2378 1936 natura
2426 1889 2686 1950 urgentur
2737 1879 2788 1932 in
2837 1890 3064 1933 mortem
3117 1880 3352 1946 peccati,
3402 1881 3697 1949 quamdisci-

2184 1971 2349 2042 plina.
2390 1971 2550 2026 Verbi
2575 1984 2740 2024 causa
2771 1971 2847 2038 (7)
2873 1967 3040 2032 enim,
3072 1970 3116 2022 si
3158 1969 3284 2038 quis
3309 1984 3337 2023 a
3369 1969 3472 2025 Deo
3493 1971 3697 2023 recedens

2187 2067 2328 2120 idola
2363 2065 2536 2130 colat,
2575 2077 2753 2118 nonne
2779 2063 3039 2117 continuo
3066 2061 3239 2117 etiam
3271 2063 3405 2116 tilios
3425 2063 3464 2116 si
3498 2065 3695 2131 genuerit

2185 2157 2403 2212 docebit
2435 2156 2574 2211 idola
2601 2154 2679 2225 (8)
2713 2156 2984 2218 venerari,
3035 2166 3090 2208 et
3139 2153 3407 2209 sacriﬁcia
3434 2151 3701 2206 oﬁ‘erredze-

2186 2248 2425 2303 maniis?
2471 2247 2582 2302 [loc
2629 2247 2927 2303 secundum
2958 2246 3130 2300 Adam
3165 2245 3299 2299 facit
3319 2285 3334 2307 ,
3367 2254 3419 2298 et
3448 2245 3494 2297 in
3523 2243 3608 2297 hoc
3630 2257 3698 2296 re-

2186 2350 2314 2410 gnat
2359 2355 2506 2395 mors
2550 2340 2621 2395 ah
2649 2341 2843 2400 Adam,
2881 2339 2984 2392 hoc
3026 2345 3109 2390 est
3181 2352 3212 2390 a
3251 2335 3536 2398 nativitate,
3567 2349 3699 2403 usque

2187 2433 2254 2486 ad
2288 2431 2422 2502 legis
2472 2441 2701 2498 tempus,
2746 2445 2855 2499 quo
2898 2429 2965 2484 ad
2997 2428 3390 2483 discretionem
3417 2428 3536 2481 recti
3563 2426 3699 2496 pmi-

2186 2537 2294 2594 que
2324 2521 2506 2591 Operis
2538 2519 2764 2573 veniens
2787 2559 2802 2584 ,
2834 2533 3004 2587 capax
3034 2518 3246 2573 Christi
3289 2517 3466 2587 gratia
3490 2515 3604 2570 ellici
3629 2531 3700 2584 po-

2189 2623 2294 2670 test
2326 2633 2340 2668 :
2375 2624 2428 2669 et
2456 2613 2528 2667 ibi
2554 2611 2811 2681 relinquit
2835 2611 3007 2664 Adam
3038 2609 3130 2678 qui
3181 2623 3302 2662 eum
3329 2609 3408 2663 vel
3435 2608 3609 2678 genuit,
3636 2606 3698 2659 vel

2188 2707 2374 2762 docuit
2409 2707 2462 2760 in
2493 2714 2747 2769 mortem,
2782 2713 2837 2757 et
2873 2701 3119 2771 sequitur
3145 2699 3444 2762 Christum,
3489 2697 3569 2766 qui
3603 2710 3696 2750 eum

2187 2811 2242 2854 et
2271 2800 2458 2861 docet,
2504 2806 2557 2850 et
2587 2794 2758 2865 gignit
2791 2793 2856 2847 ad
2887 2793 3078 2846 vitam.
3115 2790 3220 2844 Vis
3251 2801 3426 2844 autem
3456 2787 3579 2844 scire
3600 2786 3696 2855 quia

2189 2905 2296 2944 non
2323 2887 2499 2942 solum
2529 2884 2831 2940 nativitatis
2852 2923 2868 2948 ,
2900 2883 2995 2936 sed
3048 2889 3105 2937 et
3135 2881 3401 2935 doctrinae
3427 2889 3526 2942 est,
3551 2877 3594 2930 ia
3619 2888 3698 2943 quo

2191 2997 2336 3036 mors
2369 2978 2615 3046 regnavit
2659 2976 2727 3030 ab
2759 2975 2968 3028 Adam?
3021 2973 3184 3027 Disce
3219 2973 3320 3027 hoc
3348 2986 3412 3026 ex
3440 2967 3698 3024 contrariis.

2191 3072 2404 3127 Etenim
2440 3070 2700 3124 Demlnus
2743 3065 2904 3120 Jesus
2949 3063 3210 3119 Christus
3237 3079 3360 3118 cum
3384 3061 3590 3116 venisset
3610 3069 3700 3124 qua

513 3167 618 3211 tem
646 3157 777 3213 dicit
809 3173 1064 3227 regnasse
1097 3163 1166 3216 ab
1197 3161 1370 3216 Adam
1404 3177 1578 3232 usque
1601 3164 1665 3216 ad
1699 3162 1943 3234 Moysen,
1981 3178 2085 3218 non
2115 3170 2157 3228 ο
2193 3176 2479 3232 perperam
2507 3167 2658 3230 gesta
2696 3157 2914 3210 fuerant
2955 3153 3291 3217 emendare,
3324 3166 3416 3220 pro
3441 3163 3498 3204 eo
3521 3146 3634 3216 quod
3655 3143 3694 3196 in

512 3249 568 3302 in
596 3264 811 3315 onmes,
839 3252 934 3306 sed
965 3251 1018 3306 iu
1047 3267 1143 3307 eos
1173 3262 1405 3319 tantum,
1441 3255 1532 3325 qui
1571 3257 1868 3310 secundum
1895 3257 2087 3312 simili-

513 3343 758 3396 tudinem
796 3344 1266 3412 praavaricationis
1306 3347 1434 3401 Adze
1463 3357 1844 3418 peccaverunt.
1882 3348 2086 3404 Tamen

510 3442 566 3486 et
616 3432 948 3501 simpliciore
981 3436 1257 3491 intellectu
1303 3448 1480 3506 potest
1527 3440 1695 3494 videri
1743 3441 1862 3495 ideo
1909 3440 2089 3510 plures

511 3525 708 3591 dictos,
741 3527 866 3594 quia
897 3528 1144 3596 quamvis
1179 3530 1269 3598 qui
1303 3545 1367 3583 ex
1398 3529 1566 3584 Adam
1612 3541 1930 3599 peccatores
1959 3532 2090 3586 lacti

515 3625 640 3669 sunt
674 3615 828 3671 multi
860 3620 1002 3683 sint,
1036 3628 1214 3674 tamen
1251 3621 1341 3690 qui
1373 3634 1469 3688 per
1511 3622 1743 3688 gratiam
1776 3621 1977 3677 Christi
2010 3621 2093 3676 vi-

515 3705 806 3761 viﬁcantur
832 3708 952 3762 ideo
979 3708 1160 3778 plures
1185 3711 1315 3764 dicti
1346 3719 1472 3765 sunt
1507 3710 1585 3780 (5)
1606 3749 1621 3774 ,
1648 3711 1776 3781 quia
1801 3713 1966 3767 etiam
2003 3712 2092 3768 ille

515 3797 630 3865 ipse
676 3815 744 3853 ex
794 3815 902 3869 quo
949 3801 1004 3856 in
1054 3812 1283 3856 caeteros
1327 3816 1474 3856 mors
1504 3801 1712 3872 peccati
1759 3803 1952 3857 diﬂnsa
1986 3810 2090 3868 est,

516 3889 736 3944 additur
787 3907 1016 3946 nurnero
1065 3907 1300 3960 eorum,
1339 3909 1404 3949 eo
1453 3894 1596 3964 quod
1647 3909 1769 3948 cum
1817 3895 2092 3961 omnibus,

517 3995 654 4047 quos
683 3981 797 4049 ipse
828 3983 1031 4036 fecerat
1061 3984 1160 4037 sub
1188 3984 1385 4040 delicto
1405 4025 1421 4052 ,
1479 3989 1644 4042 etiam
1684 3987 1797 4056 ipse
1825 3987 2089 4052 salvetur,

518 4071 661 4124 sicut
703 4071 768 4124 de
815 4073 1097 4140 Sapientia
1149 4074 1395 4129 dicitur:
1435 4093 1454 4126 ι
1490 4077 1633 4146 llaec,
1671 4098 1691 4131 ι
1729 4079 1922 4146 inquit,
1963 4095 1983 4129 ι
2025 4078 2094 4131 il-

521 4159 657 4224 lum,
687 4162 778 4230 qui
812 4163 1018 4232 primus
1049 4163 1221 4218 factus
1248 4173 1355 4229 est,
1377 4175 1588 4232 patrem
1614 4169 1823 4233 mundi,
1855 4183 1976 4222 cum
2007 4183 2096 4223 so-

520 4248 605 4304 lus
655 4262 800 4305 esset
847 4263 1092 4320 creatus,
1127 4255 1457 4318 custodivit,
1489 4265 1544 4311 et
1573 4257 1829 4312 liberavit
1871 4273 1994 4313 eum
2029 4257 2097 4313 de

520 4351 748 4409 peccato
775 4359 874 4398 suo
902 4344 966 4398 εί.
996 4363 1018 4397 ι
1051 4345 1179 4410 Quae
1203 4355 1287 4400 est
1316 4356 1498 4401 autem
1524 4348 1641 4402 haec
1669 4348 1945 4416 Sapientia
1976 4364 2097 4417 qua:

523 4433 756 4500 primum
811 4437 1083 4492 hominem
1133 4437 1386 4494 liberavit
1432 4439 1501 4495 de
1545 4448 1768 4511 peccatu
1812 4456 1944 4506 suo,
1991 4440 2094 4496 nisi

2194 3265 2421 3309 mortem
2451 3260 2736 3322 generaret
2761 3247 2849 3301 illa
2873 3260 2995 3315 quae
3023 3259 3090 3298 ex
3114 3244 3292 3298 Adam
3320 3238 3548 3298 veniebat
3566 3235 3698 3306 prima

2191 3345 2484 3406 nativitas,
2529 3339 2832 3396 introduxit
2863 3337 3156 3394 secundam
3198 3333 3549 3392 nativitatem,
3576 3343 3698 3396 quam

2192 3455 2298 3492 non
2339 3447 2444 3490 tam
2469 3433 2894 3506 generationem,
2923 3426 3085 3500 555
3106 3442 3278 3496 quam
3309 3420 3696 3495 regenerationem

2191 3526 2478 3597 appellavit
2508 3524 2582 3594 (9)
2610 3562 2627 3588 ,
2679 3537 2775 3592 per
2808 3535 2972 3590 quant
3021 3519 3138 3572 sine
3163 3517 3334 3570 dubio
3365 3513 3530 3566 vitium
3557 3507 3698 3597 prima:

2193 3595 2496 3673 nativitatis
2531 3613 2774 3670 aboleret
2803 3629 2817 3664 :
2850 3619 2906 3664 et
2929 3609 3070 3663 sicut
3102 3604 3432 3676 generationi
3479 3595 3699 3656 substituit

2195 3706 2690 3780 regenerationem.
2709 3705 2782 3756 ita
2816 3710 2871 3755 et
2892 3699 3156 3753 doctrinm
3173 3695 3288 3766 (10)
3306 3691 3554 3750 substituit
3574 3687 3696 3780 aliam

2193 3777 2519 3856 doctrinam.
2582 3795 2800 3850 Mittens
2837 3792 3038 3849 etenim
3072 3791 3142 3842 ad
3177 3789 3280 3843 hoc
3309 3801 3436 3857 opus
3463 3777 3697 3847 discipulos

2193 3907 2339 3958 suos,
2375 3906 2479 3944 non
2506 3889 2648 3944 dixit
2681 3895 2888 3942 tantum
2924 3902 2937 3938 :
2973 3882 3070 3947 ltc,
3099 3881 3378 3949 baptizale
3411 3887 3574 3928 omnes
3598 3884 3693 3937 8⁸⁸⁸³

2193 3996 2307 4053 tes;
2343 3986 2436 4039 sed
2466 3984 2542 4038 ait
2569 4002 2583 4038 :
2623 4000 2642 4033 ι
2674 3981 2750 4036 lle
2769 4021 2784 4042 .
2813 3980 3001 4034 dOCetc
3031 3991 3224 4032 omnes
3257 3981 3452 4044 gentes,
3479 3966 3698 4034 baptizan-

2196 4088 2277 4133 tes
2303 4092 2398 4130 eos
2427 4076 2479 4128 in
2513 4073 2732 4128 nomine
2763 4070 2941 4123 Patris
2963 4107 2978 4130 ,
3011 4077 3062 4121 ct
3095 4066 3219 4121 Filii
3244 4105 3260 4128 ,
3289 4072 3342 4118 et
3369 4059 3577 4130 Spiritus
3601 4065 3698 4150 sui.

2195 4169 2267 4224 cli
2299 4167 2366 4221 at.
2393 4186 2412 4218 ›
2454 4166 2647 4220 Sciens
2679 4163 2842 4231 igitur
2869 4170 3164 4229 utrumque
3190 4157 3380 4214 essein
3414 4151 3570 4217 culpa,
3596 4155 3697 4239 ttltl‘

2195 4277 2300 4332 que
2353 4258 2652 4314 remedium
2702 4230 2852 4310 dedit
2891 4253 3042 4322 (ll),
3101 4261 3157 4304 ut
3202 4245 3464 4314 generatio
3507 4230 3696 4333 intortalis

2195 4331 2614 4424 regeneratione
2669 4347 2924 4416 baptismi
2979 4353 3322 4404 mutaretur,
3373 4348 3424 4394 et
3467 4331 3697 4424 ἰηηιίεῇίίε

2197 4415 2504 4502 doctrinam
2552 4415 2798 4495 doctrina
2850 4437 3070 4508 pietatis
3121 4433 3424 4490 excluderet
3451 4423 3568 4496 (t2).
3610 4415 3694 4471 Non

521 4525 790 4593 Christus,
818 4527 908 4596 qui
937 4538 1020 4582 est
1045 4530 1135 4584 Dei
1167 4531 1342 4584 virtus
1373 4539 1429 4586 et
1455 4510 1550 4588 Dei
1583 4534 1848 4603 sapientia
1879 4532 1970 4586 "‘3
2002 4532 2094 4588 Sic
2125 4526 2168 4580 Ι)
2198 4549 2329 4604 ergo
2359 4531 2492 4587 nihil
2518 4529 2872 4600 peccantibus
2919 4525 3074 4579 nobis
3107 4539 3254 4578 mors
3287 4510 3596 4604 regnavit—ill
3622 4519 3695 4559 n0-

521 4632 652 4688 ergo
679 4619 862 4688 plures
891 4619 1143 4676 Christus
1175 4622 1382 4676 reducit
1408 4623 1474 4677 ad
1507 4624 1690 4688 vitam,
1725 4639 1888 4693 quam
1918 4624 2088 4678 Adam

521 4712 676 4765 duxit
723 4714 790 4768 ad
841 4723 1070 4769 mortem
1123 4731 1137 4768 :
1189 4716 1313 4782 quia
1362 4717 1524 4771 etiam
1577 4718 1748 4788 ipsum
1778 4717 2091 4787 Adam,qui

2201 4601 2287 4680 bis
2308 4643 2321 4680 :
2352 4624 2495 4679 sicut
2522 4637 2734 4676 rursum
2767 4635 2872 4674 non
2905 4616 3098 4671 otiosis
3147 4613 3320 4676 nobis,
3356 4619 3402 4662 et
3431 4601 3546 4660 nihil
3573 4610 3699 4696 agen-

2201 4716 2345 4770 tibus
2392 4715 2502 4767 vita
2553 4711 2804 4782 regnabit
2841 4708 2896 4762 iu
2944 4707 3120 4762 nobis.
3162 4704 3266 4760 Sed
3311 4698 3500 4754 initium
3527 4687 3693 4758 quidem

591 4853 636 4925 ’ξ’
663 4853 680 4906 Ι
711 4853 836 4925 Cor.
860 4871 951 4925 ξίν,
983 4855 1075 4909 21.
1145 4857 1190 4888 ³⁸
1218 4856 1374 4911 “om.
1401 4873 1454 4924 ν,
1488 4859 1570 4912 15.
1647 4860 1691 4891 ²⁹
1721 4859 1736 4912 l
1761 4861 1884 4915 Cor.
1917 4873 1980 4925 ιι,
2001 4855 2056 4911 6.

2202 4853 2354 4908 Rom.
2382 4867 2436 4916 v,
2470 4848 2556 4901 14.
2614 4847 2656 4878 ³⁸
2685 4843 2812 4914 Sap.
2843 4860 2898 4909 x,
2933 4847 2979 4898 l.
3057 4841 3102 4873 ”
3123 4841 3142 4895 l
3164 4841 3283 4896 Cor.
3313 4851 3348 4900 ι,
3371 4833 3455 4887 24.
3521 4823 3689 4876 "Itoni.

517 4934 572 4988 ν,
602 4923 690 4979 18.
783 4924 829 4956 ³⁵
861 4923 1052 4979 Matth.
1088 4941 1281 4992 xxvut,
1310 4927 1398 4980 19.

594 5030 668 5105 (3)
704 5033 869 5098 Editi,
909 5053 930 5088 ι
968 5037 1370 5092 resolverentur
1398 5037 1692 5094 auditores.
1732 5056 1751 5089 ι

594 5103 674 5176 μ)
713 5105 877 5176 Ειϋιί.
911 5124 930 5157 ι
967 5107 1254 5176 impritnit.
1289 5127 1308 5160 ι

598 5174 672 5240 (5)
712 5174 879 5239 Alias,
916 5193 936 5227 ‹
971 5174 1102 5232 dicti
1129 5177 1256 5230 sint.
1300 5197 1318 5229 ι

597 5244 672 5312 (6)
715 5243 804 5298 Sic
857 5254 1004 5299 recte
1049 5261 1154 5300 ms.
1213 5263 1371 5301 unus.
1436 5246 1576 5300 Editi
1625 5259 1754 5299 vero
1807 5254 1862 5297 et
1919 5242 2098 5296 caeteri

527 5328 684 5376 mss.,
723 5333 756 5394 ι.
777 5315 902 5394 quia
934 5315 1290 5394 priniusfna-L
1334 5335 1350 5368 ι
1383 5316 1669 5394 pecunius
1706 5314 1755 5394 ι]
1781 5314 2007 5394 gratiam
2035 5313 2099 5394 iu

529 5398 716 5456 omnes
743 5384 992 5456 homines
1029 5384 1420 5456 jttstilicattone
1447 5387 1602 5448 vitae;
1640 5384 1659 5456 [
1697 5387 1774 5456 al._
1805 5402 1824 5436 ι
1858 5385 1908 5437 in
1935 5384 2101 5456 justi-

532 5449 1496 5534 ticatiotteuivitapah«justiﬁca-tio
1521 5466 1606 5512 est
1631 5449 1798 5528 vita],
1839 5473 1858 5507 ι
1891 5449 2108 5508 omissis

530 5532 898 5670 eff-irin”,
931 5608 950 5640 ι
984 5606 1144 5659 quant
1173 5592 1518 5664 discipulam.
1574 5594 1712 5651 Nam
1740 5594 1888 5652 verbi
1918 5607 2104 5658 causa,

534 5671 884 5801 s"('8)ellcdula.
918 5725 1076 5782 Deest
1107 5727 1159 5783 in
1191 5739 1348 5787 antea
1378 5731 1557 5789 editis.

2279 5032 2355 5098 (9)
2399 5027 2536 5082 Editi
2564 5066 2580 5092 ,
2633 5044 2652 5077 ι
2687 5041 2847 5098 quam
2905 5024 3362 5093 regenerationem
3397 5005 3688 5098 ἣρνεῑίξῇῖξηξ

2209 5084 2350 5155 Mss:
2372 5084 2612 5167 quidam,
2637 5114 2663 5167 γι
2690 5084 2832 5163 quod
2867 5084 2992 5149 non“
3009 5103 3117 5148 tam
3146 5086 3452 5164 regenerari,
3473 5089 3606 5149 quam
3628 5084 3691 5122 re-

2210 5166 2469 5240 generari
2493 5166 2801 5240 appellavit.
2824 5183 2860 5240 _r

2281 5217 2622 5319 (fw—Edidi
2641 5253 2666 5319 μ
2704 5243 2764 5319 et
2792 5233 2939 5319 sicut
2967 5231 3358 5319 generationem
3389 5217 3556 5319 salii”
3585 5219 3690 5276 ιεε·

2211 5299 2546 5380 nei'atiouir]
2571 5299 2875 5367 substituit,
2907 5299 3060 5357 itaet
3092 5299 3521 5380 doctriuaa'iletc:

2285 5378 2397 5464 (lli
2435 5362 2604 5464 illa“
2641 5393 2661 5426 ‘
2700 5362 2990 5464 “"'l'“l‘l.“?
3021 5362 3686 5464 τθη¹⁰ίὲ⁵¹1¹ἶίςῖῗῗί¹έξλιῖιιίςει-

2287 5430 2398 5517 ii?)
2439 5430 2610 5510 Alias,
2649 5465 2670 5496 ι
2700 5453 2755 5498 et
2797 5430 3130 5509 impietatem
3165 5434 3392 5492 doctrina
3415 5430 3686 5537 pietati}!!!-

2323 5519 2490 5537 Ἀ-ὐ
2549 5533 2562 5537 -
2624 5513 2764 5537 υε--ιι-
2848 5513 3046 5537 nanus-
3091 5502 3439 5537 n-..-|..-...-dm
3522 5509 3536 5537 ι
3605 5491 3686 5535 Illic

2214 5497 2504 5596 ειιῖιῐέίθῐλ
2548 5497 2786 5596 ξ’ξξιυιε·
2848 5497 3471 5596 σείιιρε.βειιο¹’τε¹τ.ξ¹.ξιέλ
3503 5497 3682 5596 ,ίηζᾞξ

2416 5568 2450 5638 »ί
2472 5568 2796 5660 Salodianus
2845 5593 2900 5636 et
2951 5581 3204 5660 Merliltus
3227 5615 3242 5640 ν
3278 5592 3297 5660 ἰ
3332 5568 3630 5660 Νυξξξρξξεῗέ

2217 5631 3311 5718 £é5".:.s;."dééii~'a"a}{u.ég,'I'naii‘erko.
3347 5660 3369 5718 ε
3393 5637 3558 5718 “Postea
3585 5631 3682 5676 vero

2219 5711 2309 5786 alii
2338 5728 2559 5792 habent,
2601 5743 2618 5777 ι
2657 5711 2972 5795 regnavit,»
3005 5722 3116 5788 alii,
3155 5740 3173 5773 ι
3207 5711 3439 5784 rcgnabit.
3475 5723 3490 5756 ι
