3914 6352
159 227 324 282 1023

1134 227 1491 287 (ῙΟΜΜΕΝΤ.
1532 226 1597 283 IN
1637 224 1859 286 EPIST.
1893 231 1983 284 ΑΙ)
2024 230 2191 289 11031.
2235 232 2364 289 LIB.
2408 235 2469 288 V.

3318 242 3454 299 10⁵36

153 351 310 402 vitae
333 349 495 403 datur
528 364 556 402 a
586 347 839 412 Christo,
876 365 980 404 non
1012 351 1197 406 invitis
1220 393 1235 413 ,
1269 353 1363 407 sed
1396 352 1767 415 credentibus,
1800 356 1844 416 Α
1876 354 2125 421 putabit?
2183 355 2351 426 Igitur
2381 373 2444 411 ex
2478 372 2584 411 uno
2617 359 2836 426 quidem
2875 362 3042 415 Adam
3079 362 3244 431 erepit
3272 363 3324 415 in
3357 366 3457 418 hoc

153 445 223 491 et
256 438 586 508 pervenitur
632 440 699 493 ad
735 439 1121 506 perfectionem
1150 441 1272 496 vita:
1297 438 1635 509 perfectione
1662 439 1757 490 vir-

157 538 361 583 tutum
387 568 405 593 ,
455 530 599 586 sicut
625 540 683 584 et
714 530 765 584 in
798 540 1026 585 mortem
1053 531 1253 586 dudum
1298 528 1768 601 pratvaricatimiis

154 621 552 676 similitudine
577 631 630 676 et
657 624 916 676 vitiorum
953 624 1264 692 cxpletioue
1313 632 1633 692 perventum
1660 631 1763 675 est.

157 712 235 766 Et
270 712 530 781 quamvis
559 724 815 780 tanquam
854 716 1090 784 prudens
1120 716 1463 785 dispensator
1488 713 1635 769 verbi
1676 714 1765 768 Ι)ιεὶ

153 806 460 875 apostolus
506 805 709 861 Paulus
748 808 963 861 occulta
999 809 1116 863 bzec
1157 808 1208 862 iu
1242 807 1463 861 Litteris
1502 806 1615 860 suis
1647 820 1767 859 esse

156 896 419 950 voluerit
451 906 507 951 et
530 899 776 961 obtecta,
816 900 1046 954 inseruit
1076 909 1277 959 tamen.
1308 914 1406 954 nec
1438 900 1586 952 siluit
1626 901 1768 952 ineo

156 988 267 1041 ubi
306 989 440 1043 dicit
492 1007 504 1042 :
555 1009 573 1040 ι
613 988 718 1044 Sed
747 992 989 1060 regnavit
1019 1006 1166 1046 mors
1195 992 1263 1044 ab
1293 992 1464 1045 Adam
1498 1005 1668 1058 usque
1697 991 1764 1043 ad

156 1078 403 1150 Moysen
424 1081 476 1134 in
491 1097 584 1135 eos
602 1084 693 1151 qui
722 1094 1081 1152 peccaverunt
1113 1085 1165 1138 iu
1189 1083 1604 1139 similitudinem
1630 1098 1766 1151 prm-

154 1171 534 1226 varieationis
561 1173 691 1226 Adae
721 1175 787 1229 ³³.
828 1191 848 1226 ι
897 1174 1132 1229 Videsne
1158 1184 1215 1228 ιιι
1242 1190 1270 1226 a
1299 1184 1528 1243 peccato
1559 1173 1762 1227 nullum

152 1260 388 1318 Paulus
417 1267 680 1319 excuset?
736 1266 842 1320 Sed
868 1276 924 1320 et
952 1268 1163 1335 peccati
1205 1283 1374 1336 genus
1400 1268 1665 1335 designat.
1691 1268 1762 1319 si—

156 1356 544 1410 militudinem
569 1359 1033 1425 prmvarieationis
1053 1359 1181 1413 Adae
1205 1359 1258 1412 in
1284 1374 1610 1427 unoquoque
1633 1373 1767 1412 cou-

154 1450 438 1511 stituens,
476 1450 598 1503 licet
645 1451 757 1514 tibi,
806 1451 1047 1520 quando,
1098 1463 1191 1505 aut
1234 1450 1507 1520 quomodo
1534 1449 1603 1503 ab
1630 1465 1764 1505 uno-

155 1555 401 1609 quoque
436 1542 736 1597 similitudo
772 1544 871 1596 ista
908 1544 1375 1612 praevaricationis
1400 1543 1637 1598 admissa
1669 1544 1760 1607 sit,

158 1643 359 1713 tutum
411 1648 517 1687 nun
570 1633 871 1689 crediderit
919 1637 1163 1704 apertius
1214 1636 1486 1705 proloqui.
1530 1635 1637 1690 Sed
1672 1637 1761 1704 qui

1875 445 2076 499 mundo
2128 460 2356 514 regnare
2405 456 2727 514 peccatum,
2763 458 2817 503 et
2864 452 3108 518 regnavit
3142 455 3192 504 in
3241 470 3333 504 eos
3362 455 3455 519 ιιιιὶ

1871 537 2042 590 secuti
2072 546 2198 591 sunt
2230 538 2699 607 praevaricatioais
2731 542 2859 594 Adae
2910 541 3318 596 similitudinem
3352 561 3367 597 :
3402 556 3457 598 et

1874 626 1995 680 ideo
2034 645 2053 677 ι
2084 627 2348 695 judicium
2375 644 2439 682 ex
2469 644 2578 682 uno
2608 630 2658 683 in
2684 633 3195 686 condemnationem
3229 634 3311 697 u;
3354 654 3373 686 ι
3402 646 3460 689 et.

1872 732 2086 771 rursum
2123 734 2222 787 per
2253 735 2419 773 unum
2466 718 2751 773 Dominum
2789 732 3032 775 nostrum
3078 722 3261 777 .lesum
3295 725 3455 777 Chri-

1870 821 2015 865 stum
2052 812 2225 874 gratia
2276 828 2509 883 regnare
2554 814 2718 881 cmpit
2766 829 2861 883 per
2906 814 3211 880 justitiam;
3246 832 3366 885 quae
3404 828 3460 873 ιιι

1873 901 2118 972 regnabit
2150 904 2203 956 in
2232 904 2488 957 omnibus
2517 906 2610 972 qui
2639 905 2902 958 ubediunt
2933 905 3003 967 ei,
3053 916 3108 959 et
3146 908 3461 962 custodiunt

1868 992 2030 1044 verba
2062 992 2199 1060 ejus,
2226 1002 2279 1046 et
2312 1009 2407 1062 per
2436 994 2547 1047 haec
2571 1009 2636 1047 ex
2670 994 2855 1048 multis
2890 995 3104 1050 delictis
3140 997 3367 1052 veniunt
3388 1001 3453 1052 ad

1863 1082 2314 1153 justilicatiouem
2350 1086 2496 1143 vita}.

1938 1174 1992 1228 ὃ.
2038 1193 2057 1227 ι
2099 1175 2157 1229 Si
2207 1177 2353 1230 enim
2405 1177 2567 1231 unius
2617 1178 2817 1234 delicto
2867 1195 3012 1235 mors
3065 1182 3314 1248 regnavit
3358 1197 3456 1251 per

1868 1282 2060 1329 unum,
2097 1267 2267 1322 multo
2306 1268 2479 1337 magis
2507 1268 2599 1337 qui
2635 1271 3022 1325 abundantiam
3054 1274 3241 1342 gratia:
3268 1283 3319 1327 et
3353 1276 3449 1328 de-

1875 1376 2005 1414 num
2030 1360 2580 1430 justitimaccipiuut,
2614 1364 2666 1416 in
2691 1363 2798 1417 vita
2833 1366 3136 1432 regnabant
3170 1382 3265 1433 per
3287 1383 3451 1422 unum

1866 1450 2049 1506 Jesum
2071 1450 2349 1506 Christum
2374 1451 2572 1522 “(17).
2616 1471 2633 1503 ι
2661 1452 2714 1506 Si
2748 1463 2891 1507 esset
2921 1454 3063 1508 sicut
3090 1455 3343 1509 delictum
3377 1455 3453 1508 ita

1867 1552 1923 1598 ct
1952 1545 2153 1597 donum
2181 1582 2197 1605 ,
2243 1544 2471 1598 dixisset
2522 1544 2707 1613 utique
2757 1546 3089 1614 Apostolus,
3140 1546 3264 1615 quia
3310 1549 3453 1601 sicut

1868 1635 2028 1690 unius
2072 1635 2273 1690 delicto
2308 1652 2455 1691 mors
2491 1639 2739 1704 regnavit
2774 1652 2869 1706 per
2897 1654 3061 1691 unum
3090 1677 3104 1700 ,
3155 1639 3228 1692 ita
3274 1648 3328 1692 et
3354 1654 3452 1708 per

157 1704 428 1778 eruditus
460 1734 546 1778 est
571 1741 635 1778 ex
672 1725 789 1797 lege
816 1726 1053 1793 Domini,
1104 1704 1544 1796 scitiintelligere
1567 1727 1766 1782 obseu-
1800 1704 1839 1757 Β
1871 1727 2316 1797 uniusjustitiam
2345 1728 2453 1780 vita
2487 1728 2737 1797 regnabit
2770 1704 2866 1796 per
2896 1742 3063 1782 unum
3092 1728 3275 1783 Jesum
3301 1704 3452 1784 Chri-

159 1829 300 1868 rum
332 1830 641 1870 sermonem
670 1818 923 1886 dictaque
950 1819 1276 1888 sapientium
1302 1831 1354 1874 et
1377 1820 1663 1889 aenigmata
1693 1820 1759 1875 ³⁸.

162 1906 307 1962 Ideo
336 1908 568 1978 denique
594 1911 763 1964 etiam
788 1910 852 1963 de
870 1911 1046 1967 salute
1072 1926 1192 1979 quae
1216 1912 1267 1964 in
1287 1911 1503 1965 Christo
1527 1920 1606 1965 est
1624 1910 1760 1982 (15),

160 1997 448 2051 occultius
494 1998 768 2068 loquitur;
814 2010 868 2055 et
910 2015 1035 2054 cum
1067 2002 1296 2056 dixisset
1326 2019 1339 2053 :
1380 2020 1398 2051 ι
1432 2001 1585 2055 Sicut
1613 2003 1757 2056 enim

167 2091 225 2144 in
257 2089 435 2143 Adam
466 2104 653 2144 omnes
686 2090 992 2145 moriuntur
1023 2091 1067 2123 ³⁷
1088 2131 1104 2156 ,
1141 2111 1159 2143 ι
1194 2107 1299 2145 ιιοιι
1332 2092 1504 2157 dixit,
1543 2111 1563 2146 ι
1596 2093 1669 2146 ita
1707 2104 1761 2145 et

170 2184 227 2236 in
254 2182 476 2239 Christo
507 2198 697 2238 omnes
730 2204 748 2235 ι
779 2186 1148 2250 viviﬁcantur,
1183 2188 1278 2241 sed
1301 2227 1315 2251 ,
1352 2205 1371 2238 ι
1408 2187 1759 2244 viviﬁcabun-

172 2283 308 2326 tur:
336 2292 355 2324 ι
392 2284 447 2327 et
483 2289 696 2328 rursum
728 2291 850 2329 eum
877 2276 1104 2331 dixisset
1136 2292 1151 2331 :
1193 2297 1211 2327 ι
1237 2278 1393 2332 Sicut
1423 2278 1566 2332 enim
1604 2278 1763 2334 unius

176 2376 408 2435 peccato
439 2382 586 2423 mors
632 2370 877 2437 regnavit
909 2385 1006 2439 per
1036 2387 1226 2435 unum,
1262 2372 1335 2426 ita
1376 2381 1427 2426 et
1472 2385 1569 2440 per
1601 2371 1762 2427 unius

171 2457 623 2529 justillcaliouem
654 2459 727 2523 ³⁸,
769 2480 787 2511 ι
840 2477 943 2514 ιιοιι
993 2460 1167 2523 dixit,
1220 2471 1414 2530 regnat
1459 2462 1605 2529 vita,
1642 2464 1758 2527 sed,

190 2568 209 2601 ι
247 2552 499 2621 regnabit
550 2552 660 2605 vita
699 2566 795 2620 per
837 2567 998 2607 unum
1041 2551 1226 2607 Jesum
1258 2552 1554 2608 Christum.
1593 2574 1613 2605 ι
1648 2553 1763 2609 Scit

180 2645 331 2697 enim
357 2682 372 2705 ,
407 2655 464 2697 ut
496 2645 634 2706 dixi,
674 2646 936 2714 scriptum
986 2662 1107 2701 esse
1154 2646 1278 2714 quia
1316 2664 1335 2699 ι
1368 2646 1539 2701 ﬁdelis
1570 2647 1759 2716 spiritu

175 2737 323 2790 celat
378 2738 592 2802 negotia
628 2739 704 2802 ";
748 2758 764 2791 ι
804 2750 859 2794 et
907 2740 1033 2793 item
1077 2739 1205 2796 alibi
1252 2758 1266 2793 :
1309 2759 1329 2791 ι
1369 2737 1541 2805 Quam
1569 2755 1759 2808 magna

175 2827 468 2880 multitudo
492 2827 797 2883 dulcedinis
829 2838 957 2894 tum,
995 2829 1242 2895 Domine,
1274 2845 1436 2899 quam
1473 2830 1763 2886 abscondi-

171 2919 247 2973 sti
283 2920 601 2974 timentibus
651 2930 703 2972 te
731 2920 797 2973 “.
837 2934 856 2972 ι
897 2920 954 2975 Si
1001 2921 1155 2975 enim.
1199 2922 1505 2991 interroges
1539 2924 1760 2991 quando

1868 1827 2033 1871 stum.
2117 1816 2272 1872 Nune
2319 1828 2498 1871 autem
2551 1820 2683 1871 dicit
2728 1818 2855 1888 quia
2915 1837 2934 1870 ι
2979 1834 3128 1874 mors
3161 1838 3181 1871 ι
3232 1821 3448 1888 quidem

1872 1928 1890 1960 ι
1925 1909 2085 1964 unius
2126 1909 2324 1964 delicto
2373 1910 2620 1979 regnavit
2670 1925 2764 1980 per
2807 1926 2994 1965 unum.
3040 1929 3058 1962 ι
3117 1910 3215 1976 Qui
3266 1923 3447 1963 autem

1864 2001 2255 2055 abundantiam
2293 1999 2652 2070 gratia:(l8),
2703 2010 2754 2054 et
2808 2001 3005 2054 donum
3052 2001 3273 2070 iustitia:
3302 2001 3449 2054 acci-

1864 2092 2061 2161 piunt,
2106 2107 2212 2146 non
2263 2091 2441 2145 solum
2496 2090 2633 2145 ultra
2682 2108 2785 2146 nou
2836 2101 3027 2160 regnat
3074 2091 3126 2145 in
3172 2091 3252 2146 eis
3300 2106 3451 2146 mors

1867 2184 2029 2255 (quod
2056 2194 2110 2238 et
2142 2187 2317 2253 ipsmu
2347 2184 2534 2253 utique
2568 2199 2671 2237 non
2705 2198 2886 2251 parvae
2914 2195 2997 2237 est
3022 2183 3231 2255 gratize)
3267 2185 3362 2239 sed
3394 2194 3453 2239 et

1867 2277 1972 2331 alia
2019 2278 2123 2329 duo
2168 2278 2248 2331 eis
2292 2277 2646 2331 conferuntur
2680 2278 2819 2329 bona
2871 2294 2884 2329 :
2920 2291 3106 2338 unum,
3156 2277 3299 2343 quod
3348 2290 3446 2342 pro

1867 2380 2042 2424 morte
2084 2370 2194 2423 vita
2239 2369 2290 2423 in
2336 2370 2416 2425 eis
2462 2379 2651 2438 regnat
2711 2368 2967 2425 Christus
3011 2368 3172 2424 Jesus
3216 2386 3230 2422 :
3276 2369 3450 2435 aliud,

1864 2462 2009 2531 quod
2040 2462 2207 2515 etiam
2260 2462 2360 2531 ipsi
2407 2461 2708 2529 regnabant
2758 2477 2852 2529 per
2884 2476 3050 2513 ttuttnt
3075 2459 3261 2514 Jesum
3291 2461 3450 2514 Chri-

1863 2564 2030 2607 stum.
2093 2552 2227 2608 Cnm
2296 2568 2429 2623 ergo
2471 2551 2779 2608 necessaria
2832 2552 2947 2605 htce
2994 2553 3043 2605 in
3090 2565 3183 2605 eos
3227 2551 3448 2606 veniant

1865 2646 2046 2710 bona,
2101 2644 2153 2698 id
2204 2653 2323 2711 est,
2378 2654 2436 2698 ut
2489 2660 2711 2713 regnum
2780 2643 2972 2697 mortis
3036 2641 3335 2713 eﬂ'ugiant,
3391 2655 3446 2698 et

1866 2753 1963 2807 pro
2010 2746 2185 2794 inerte
2232 2748 2421 2805 regnet
2463 2737 2519 2790 in
2567 2735 2649 2790 eis
2692 2736 2836 2798 vita,
2890 2735 2998 2788 imo
3033 2743 3090 2788 ut
3120 2743 3175 2789 et
3216 2734 3317 2803 ipsi
3361 2749 3449 2788 re-

1864 2837 2033 2894 gnent
2084 2828 2135 2881 in
2188 2828 2296 2882 vita
2350 2842 2446 2897 per
2497 2843 2661 2881 unum
2719 2825 2906 2881 Jesum
2943 2823 3244 2887 Christum,
3274 2824 3446 2878 mani—

1864 2922 2057 2975 festum
2133 2930 2221 2977 est
2278 2921 2551 2989 quomodo
2610 2938 2630 2971 ι
2690 2932 2794 2973 ιιοιι
2858 2936 2880 2969 ι
2946 2917 3021 2971 sit
3082 2935 3100 2968 ι
3172 2916 3246 2969 ita
3306 2915 3443 2967 deli-

173 3013 288 3064 vita
327 3010 577 3081 regnabit
604 3028 700 3082 per
726 3011 909 3066 Jesum
939 3012 1242 3079 Christum,
1276 3022 1331 3067 et
1362 3012 1759 3082 quandojusti-
1786 3037 1828 3094 ο
1862 3024 2008 3066 ctum
2066 3014 2207 3068 sicut
2258 3024 2312 3067 et
2338 3014 2535 3068 donum
2580 3013 2625 3044 ⁸⁸
2652 3051 2667 3074 ,
2708 3029 2726 3062 ι
2765 3018 2818 3063 et
2867 3009 3140 3078 quomodo
3186 3007 3398 3063 dicatur
3429 3026 3442 3060 :

173 3102 253 3155 tia
299 3100 415 3168 ejus
468 3102 520 3155 in
564 3118 752 3156 omnes
800 3102 1047 3156 homines
1080 3103 1602 3167 injustilicatiouem
1638 3104 1760 3157 vita:

175 3192 438 3248 efﬁcietur
470 3191 583 3265 (14)
607 3234 621 3257 ,
655 3194 870 3261 quando
898 3194 949 3247 in
972 3208 1163 3247 omnes
1194 3194 1295 3248 ista
1326 3194 1604 3250 beatitudo
1635 3210 1758 3263 per—

176 3288 399 3340 veniet:
438 3285 608 3354 ipsius
636 3284 843 3338 Domiui
879 3283 1007 3339 Jesu
1043 3282 1251 3337 Christi
1294 3285 1642 3340 sermonibus
1670 3284 1754 3339 di-

176 3394 311 3442 sce,
365 3377 562 3447 quibus
614 3376 747 3431 dicit
798 3375 863 3429 ad
914 3375 1252 3443 discipulus:
1294 3393 1312 3426 ι
1348 3377 1593 3431 Audistis
1645 3376 1760 3433 hate

176 3471 406 3525 omnia?
442 3471 639 3524 Dicunt
668 3470 715 3521 ei
747 3488 761 3523 :
800 3470 1013 3531 Etiam,
1052 3468 1299 3523 Domine.
1339 3470 1427 3522 Ait
1451 3472 1531 3524 eis
1564 3487 1579 3526 :
1608 3470 1757 3526 Beati

180 3562 348 3626 estis,
394 3562 438 3614 si
489 3560 735 3615 feceritis
758 3576 821 3614 ea
849 3561 915 3615 “.
954 3580 972 3613 ι
1013 3559 1168 3615 Tunc
1210 3576 1341 3631 ergo
1374 3560 1514 3617 beati
1556 3564 1761 3620 erimus

180 3670 303 3708 eum
352 3656 576 3707 verbum
625 3653 717 3707 Dei
753 3669 858 3708 non
911 3652 1085 3706 solum
1125 3654 1319 3707 audire
1351 3664 1404 3707 et
1435 3655 1757 3725 intelligere,

184 3746 275 3801 sed
311 3757 364 3800 et
392 3746 573 3799 facere
623 3745 923 3813 poterimus
954 3745 1092 3815 (15).
1134 3744 1391 3811 Quamvis
1436 3747 1580 3801 enim
1630 3762 1760 3816 pro-

189 3839 434 3892 mittatur
463 3836 775 3890 exeundum
811 3849 933 3890 esse
962 3836 1293 3905 quandoque
1317 3836 1385 3891 de
1413 3851 1653 3903 carcere,
1683 3850 1759 3892 ta-

186 3944 302 3983 men
351 3929 670 3998 designatur
701 3942 806 3981 non
842 3926 968 3981 inde
1013 3926 1151 3981 exiri
1195 3941 1391 3996 posse,
1441 3928 1543 3981 nisi
1576 3929 1762 3982 reddat

188 4021 548 4089 tntusquisque
605 4020 768 4074 etiam
841 4019 1200 4073 novissimum
1268 4020 1630 4088 quadrantem
1689 4021 1755 4073 δ’.

187 4112 334 4179 Quod
369 4116 412 4165 si
457 4113 620 4166 etiam
659 4112 934 4180 quadrans
955 4150 970 4175 ,
1000 4109 1143 4179 quod
1176 4122 1263 4164 est
1293 4112 1503 4164 minimi
1552 4112 1758 4177 peccati

188 4218 363 4275 pinna,
416 4220 522 4259 non
568 4206 867 4259 remittitur
896 4203 1030 4273 (16),
1067 4204 1171 4259 nisi
1217 4205 1270 4257 in
1323 4218 1547 4258 carcere
1577 4212 1635 4257 et
1668 4218 1762 4272 per

187 4297 440 4368 supplicia
468 4296 673 4360 luatur,
709 4297 986 4365 quomodo
1016 4296 1142 4365 quis
1170 4308 1265 4364 spe
1293 4294 1633 4363 impunitatis
1668 4309 1760 4347 re-

1863 3105 2434 3176 555tMultomagis
2463 3108 2638 3175 gratia
2687 3102 2781 3157 Dei
2813 3111 2869 3155 et
2922 3101 3122 3155 donum
3168 3099 3221 3153 in
3265 3098 3439 3168 gratia

1869 3199 2031 3253 unius
2063 3196 2301 3251 hominis
2340 3194 2467 3250 Jesn
2507 3192 2713 3249 Christi
2743 3194 2795 3246 in
2828 3191 3015 3260 plures
3038 3191 3374 3245 abundabit:
3420 3209 3440 3241 δ

1861 3301 1916 3344 et
1941 3288 2071 3343 illttd
2114 3306 2126 3341 :
2167 3306 2187 3340 ι
2220 3288 2412 3343 Gratia
2442 3296 2624 3343 autem
2654 3303 2718 3342 ex
2756 3288 2939 3342 multis
2968 3286 3179 3341 delictis
3210 3286 3261 3340 in
3284 3286 3449 3354 justi-

1864 3382 2217 3436 licationcm:
2262 3396 2278 3427 ι
2308 3381 2401 3434 sed
2448 3391 2503 3434 et
2550 3380 2651 3433 hoc
2681 3378 2828 3447 quod
2874 3379 3008 3432 dicit
3053 3379 3106 3432 iu
3143 3380 3442 3446 pra-senti:

1866 3490 1885 3524 ι
1914 3471 2083 3527 Multo
2119 3471 2289 3539 magis
2317 3470 2409 3540 qui
2435 3471 2823 3525 abundantiam
2873 3470 3080 3540 gratim,
3133 3478 3188 3523 et
3243 3472 3444 3525 donum

1854 3566 2079 3633 justitim
2110 3567 2403 3635 accipiunt,
2438 3565 2491 3617 in
2526 3564 2631 3617 vita
2671 3565 2975 3634 regnabant
3003 3562 3117 3631 (l9)
3148 3578 3244 3627 per
3277 3579 3439 3616 unum

1860 3656 2043 3713 .lesum
2066 3656 2343 3712 Christum
2373 3674 2391 3706 ι
2420 3655 2709 3709 Dominum
2741 3664 2986 3707 nostrum
3022 3656 3091 3705 ‘°.
3125 3652 3279 3717 Quod
3312 3667 3442 3720 ergo

1863 3750 1963 3813 ait,
2001 3768 2020 3800 ι
2049 3747 2220 3803 Unius
2246 3747 2447 3801 delicto
2492 3761 2640 3800 mors
2677 3745 2925 3813 regnavit
2966 3758 3062 3812 per
3102 3759 3268 3796 unum
3307 3743 3378 3809 ",
3411 3762 3429 3794 ι

1861 3839 2100 3894 ostendit
2122 3839 2250 3907 quia
2277 3851 2373 3907 per
2404 3836 2661 3891 delictum
2694 3833 2855 3888 morti
2883 3848 3110 3901 regnum
3134 3834 3315 3900 datur,
3342 3850 3441 3889 nec

1863 3940 2039 4001 potest
2074 3929 2376 3999 reguarein
2405 3929 2607 3997 aliquo,
2633 3926 2738 3982 nisi
2767 3924 2858 3993 jus
2888 3925 3037 3994 regni
3068 3924 3183 3992 (20)
3206 3925 3444 3994 accipiat

1862 4038 1929 4077 ex
1959 4022 2179 4076 delicto.
2228 4018 2345 4074 Pet"
2369 4019 2513 4088 quod
2557 4016 2787 4071 indit-ari
2836 4017 3072 4079 videtur,
3129 4015 3271 4084 quod
3317 4031 3440 4069 cum

1864 4113 2033 4167 libera
2068 4128 2095 4164 a
2129 4112 2238 4166 Deo
2269 4119 2453 4165 creata
2487 4109 2560 4164 sit
2608 4108 2791 4163 anima
2816 4145 2832 4172 ,
2862 4108 2980 4175 ipsa
3025 4121 3084 4161 se
3120 4106 3171 4160 in
3203 4109 3441 4162 servitu~

1863 4215 1969 4259 tem
2005 4204 2215 4273 redigat
2241 4218 2338 4274 per
2374 4201 2651 4267 delictum,
2683 4211 2739 4255 et
2772 4199 2918 4255 velut
2943 4198 3307 4268 chirographa
3338 4200 3442 4254 im-

1864 4296 2215 4351 mortalitatis
2258 4311 2371 4351 suae
2396 4333 2413 4359 ,
2466 4309 2589 4363 qua:
2638 4309 2668 4346 ιι
2712 4300 2960 4345 creatore
3001 4303 3100 4343 suo
3131 4299 3441 4355 acceperat,

191 4391 455 4458 solvetur,
512 4399 606 4445 aut
648 4390 851 4445 donum
902 4389 1091 4459 gratiae
1138 4388 1397 4458 peccandi
1447 4387 1754 4444 libertatem
1786 4379 1834 4439 D
1865 4389 2026 4444 morti
2058 4390 2252 4444 tradat.
2304 4387 2542 4445 «Anima
2571 4385 2713 4440 enim
2747 4396 2868 4451 qua:
2904 4387 3119 4451 peccat,
3165 4378 3280 4447 ipsa
3327 4394 3443 4431 ιιιο-

258 4534 296 4565 ³⁸
318 4534 470 4586 llum.
501 4548 554 4596 v,
588 4531 674 4586 14.

192 4604 441 4659 “Matth.
477 4618 597 4666 xm,
636 4602 740 4667 5|;
778 4600 937 4655 Joau.
966 4615 1085 4663 xui,
1116 4598 1205 4654 17.

193 4675 275 4739 15,
304 4674 386 4727 17.
464 4673 506 4704 ⁸⁷
547 4673 677 4727 ibid.
725 4671 815 4726 16.

260 4795 365 4870 (15)
402 4796 517 4870 Est.
560 4796 721 4870 Deest
747 4792 1013 4870 in__editis.
1177 4862 1186 4870 ι
1328 4857 1373 4870 Μ
1414 4858 1425 4870 _

260 4857 366 4934 iit)
408 4867 577 4932 Alias,
613 4884 631 4917 ι
659 4862 1266 4934 justilieationem_vit:e
1292 4857 1506 4913 elliciet.
1556 4874 1575 4907 ι

262 4931 369 5009 (15)
407 4937 571 5009 alias,
617 4931 978 5009 «possimus;
1018 4951 1036 4983 ι
1076 4931 1174 5009 ιιΙιζ
1206 4949 1224 4981 ι
1260 4940 1565 5009 possumus.
1604 4944 1626 5009 ρ

263 4996 369 5079 illi}
412 5005 505 5060 Sic
549 4996 752 5079 optime
803 5020 903 5079 ms.
955 4996 1095 5056 unus
1137 4996 1539 5078 Regiusmum.
1600 4996 1756 5079 1659:

199 5070 326 5133 Editi
352 5070 517 5143 'vero,
549 5070 962 5151 (quadrantis.
993 5087 1112 5140 qua:
1147 5070 1247 5151 test
1296 5070 1517 5151 minima
1549 5070 1755 5136 peccati

201 5163 341 5219 pinna
367 5188 384 5215 ,
409 5142 699 5219 pinnan‘un
734 5145 1108 5219 remittitur.)
1142 5142 1334 5199 Caneri
1369 5152 1501 5192 mss.
1525 5174 1542 5201 ,
1574 5155 1592 5187 ι
1625 5153 1760 5206 qua-

201 5213 424 5280 drantis,
444 5217 589 5284 quod
614 5225 717 5278 est,
754 5233 773 5287 ι
812 5224 943 5273 etc.,
976 5220 1034 5287 ut
1064 5213 1114 5265 in
1142 5220 1312 5287 textu.
1378 5279 1392 5287 .
1476 5276 1509 5287 Α

263 5288 366 5359 (17)
402 5279 575 5360 Alias,
608 5284 1045 5360 «multomagis
1085 5282 1178 5360 qui
1215 5279 1598 5360 abundantiam
1629 5291 1757 5360 gra-

203 5353 281 5411 tia!
304 5353 358 5410 et
384 5356 696 5411 donationis
733 5354 956 5422 justitize
985 5353 1314 5421 accipientes
1343 5358 1540 5414 erunt,
1570 5353 1625 5402 in
1652 5353 1759 5402 vita

205 5429 490 5500 regnabant
517 5440 613 5494 per
632 5424 816 5500 desum
845 5423 1142 5478 Christum.
1181 5440 1208 5500 _i
1306 5489 1321 5500 _
1407 5488 1440 5500 γ’
1672 5485 1708 5500 Α.

268 5488 374 5569 (18)
407 5488 582 5569 Alias,
613 5515 631 5569 ι
662 5495 886 5569 Omnes
909 5503 1092 5547 autem
1142 5488 1759 5569 abundantiamgratize

206 5558 413 5623 et'dona
455 5565 678 5633 justitiae
719 5564 1026 5632 accipiunt,
1062 5573 1117 5615 ιιι
1147 5577 1251 5616 ιιοιι
1278 5559 1448 5633 solum
1477 5558 1616 5609 ultra
1654 5571 1756 5609 non

206 5649 372 5708 regnet
396 5629 559 5708 iu'eis
579 5650 725 5690 mors
749 5629 913 5708 (quod
943 5634 1204 5708 etAipsum
1228 5629 1417 5708 utique
1444 5642 1550 5708 non
1582 5640 1759 5708 parva:

202 5696 327 5763 esset
358 5706 594 5769 gratiae).
622 5725 637 5757 ι
672 5696 909 5765 eui-Al"
947 5721 964 5755 ι
989 5696 1089 5766 Qui
1121 5709 1302 5756 autem
1330 5696 1603 5753 abundant
1632 5709 1758 5758 gra-

757 4532 801 4563 ³⁶
834 4529 995 4584 Prov.
1024 4545 1063 4591 ι,
1097 4528 1145 4581 6.
1208 4528 1252 4559 ³⁷
1284 4527 1449 4583 ICor.
1475 4544 1566 4593 xv,
1591 4527 1678 4582 22.

1281 4598 1326 4631 ⁸⁸
1354 4598 1548 4654 Matth.
1587 4615 1637 4664 v,
1663 4599 1753 4656 '26.

1760 4528 1804 4561 ιε
1834 4528 1989 4581 nom.
2019 4542 2072 4594 v,
2104 4528 2190 4592 t7,
2231 4526 2317 4581 is.

2940 4515 2984 4546 ιθ
3022 4513 3165 4567 Psal.
3197 4530 3325 4572 xxx.
3346 4514 3440 4570 ΞΟ.

3202 4583 3248 4615 ⁸⁸
3276 4584 3407 4637 ibid.

2395 4524 2441 4555 ³⁹
2468 4523 2625 4577 Prov.
2663 4536 2742 4581 ιιι,
2772 4520 2858 4571 15.

1858 4584 2283 4659 unanimo.
2357 4591 2687 4647 “nam”.
2765 4590 2810 4621 ιι
2846 4584 2975 4641 ibid.
3005 4584 3090 4637 t5.

1869 4784 1942 4837 tia
1977 4792 2031 4840 et
2064 4783 2205 4837 dono
2230 4778 2460 4848 iustitiae
2489 4816 2504 4842 ,
2536 4774 2808 4848 accipiunt
2861 4782 2925 4848 ut
2967 4788 3072 4827 non
3098 4772 3272 4848 solum
3300 4771 3444 4826 ultra

1868 4870 1974 4909 non
2010 4860 2200 4923 regnet
2231 4844 2291 4904 'in
2336 4849 2416 4923 eis
2447 4863 2593 4923 ntors
2624 4846 2871 4923 (quodet
2904 4846 3078 4923 ipsum
3110 4844 3443 4923 utique_uou

1869 4938 2046 4992 parva:
2070 4912 2489 4992 vessetgratiae),
2516 4936 2543 4992 _i
2577 4912 2685 4992 etc3
2716 4915 2832 4992 Ah,
2867 4933 2885 4966 ι
2921 4912 3022 4992 Qui
3062 4912 3447 4992 autem'abun-

1867 4982 2108 5048 dantiam
2160 4982 2349 5062 gratiae
2395 4982 2457 5043 et
2497 4987 2623 5041 doni
2664 4985 3111 5062 justiﬁcatiouem
3145 4982 3439 5062 accipiunt.

1868 5079 1971 5117 non
2003 5051 2342 5117 soluui’ultra
2379 5075 2485 5114 non
2542 5051 2737 5127 regnat
2776 5056 2829 5109 in
2876 5056 2955 5109 eis
3002 5068 3149 5108 mors
3193 5051 3359 5124 (quod
3386 5066 3442 5105 et

1865 5133 2044 5202 ipsum
2074 5145 2181 5202 non
2214 5145 2391 5200 parvae
2416 5139 2562 5184 esset
2592 5127 2840 5202 gratim);
2860 5144 2879 5177 ι
2916 5135 3023 5202 etc.

1940 5203 2055 5275 (l9)
2094 5200 2186 5275 Sic
2214 5195 2379 5275 :recte
2421 5215 2523 5275 ms.
2580 5195 2773 5275 tinus.-
2800 5195 3325 5275 _C:eteri_.vero_mss.
3385 5200 3439 5244 et

1866 5261 2049 5338 editi,'
2076 5292 2093 5324 ι
2122 5271 2289 5325 Multo
2326 5271 2497 5340 magis
2542 5266 2840 5340 abundabit
2895 5262 3093 5340 gratia,
3143 5271 3212 5340 et,
3238 5261 3437 5340 donum

1862 5330 2090 5416 justitize
2136 5330 2444 5416 accipitur;
2478 5342 2550 5416 _in
2609 5339 2727 5416 vita
2784 5330 3104 5416 regnabit.)
3167 5330 3442 5416 etc.!rA-l..,

1874 5402 1895 5466 ἓ
1926 5414 2090 5468 Multo
2117 5402 2290 5482 magis
2320 5402 2419 5480 qui
2441 5408 2682 5482 abundat
2704 5406 2901 5482 gratia,
2952 5413 3005 5482 et
3044 5402 3244 5482 donum
3278 5402 3441 5482 justi-

1871 5487 1958 5539 tize
1982 5471 2247 5552 accipin":
2286 5471 2393 5536 etc.
2431 5478 2518 5535 Al.
2540 5519 2554 5543 ,
2585 5496 2608 5552 μ
2639 5471 2805 5552 Multo
2837 5475 3009 5552 magis
3033 5473 3125 5543 qui
3158 5471 3444 5526 abundau-

1873 5556 2000 5608 tiam
2023 5546 2233 5615 gratim,
2266 5561 2322 5605 et
2350 5552 2548 5603 donum
2578 5546 2802 5615 justitize
2828 5546 3052 5614 accipit,
3084 5562 3101 5595 ι
3144 5552 3251 5598 etc.

1941 5615 2055 5694 (Ξο)
2085 5623 2256 5687 Alias,
2290 5638 2309 5672 ι
2333 5619 2449 5688 ejus
2472 5632 2751 5690 regnum,»
2787 5615 2946 5673 male.

3037 5808 3150 5817 ..ο-ο-
