3986 6206
518 261 538 313 1
549 254 654 314 02⁸1

1877 313 1887 319 _
1967 233 2292 297 ORICENlS

3632 231 3760 289 i033

512 372 686 426 rictur
713 364 780 419 ⁸³.
807 385 825 418 ι
860 364 976 435 Ipsa
1014 363 1244 432 denique
1279 359 1456 414 anima
1489 358 1688 412 clamat
1725 372 1820 428 per
1852 357 2093 425 Prophe-
2120 365 2165 418 Α
2199 370 2324 409 vero
2349 351 2630 407 Christum
2675 351 2807 406 dicit
2845 349 3135 420 Apostolus
3169 363 3273 402 non
3301 347 3475 402 solum
3511 348 3582 400 ad
3613 363 3752 400 mor-

515 475 666 521 tam.
733 463 920 516 dicens
970 477 984 512 :
1037 476 1056 508 ι
1100 458 1153 510 In
1217 457 1497 524 pulverem
1563 454 1759 508 mortis
1813 451 2087 506 deduxisti

514 535 602 610 me
623 555 688 609 “.
717 573 738 607 ι
771 551 925 618 Quod
960 550 1144 618 utique
1172 550 1217 601 ei
1247 547 1348 600 nisi
1379 561 1445 602 ex
1472 545 1671 601 delicto
1694 559 1800 600 non
1828 545 2089 614 potuisset

515 645 784 700 accidere.
818 641 974 698 Unde
1000 641 1281 696 evidenter
1304 644 1536 707 apparet
1555 652 1676 692 eam
1706 650 1805 704 per
1833 635 2089 690 delictmn

514 735 879 805 chirographa
936 735 1018 788 sui
1072 733 1471 802 conscripsisse
1522 746 1646 784 cum
1701 738 1899 792 morte,
1945 735 2093 782 utet

516 827 770 880 libertate
816 825 1245 878 immortalitatis
1288 823 1516 885 amissa,
1548 821 1734 890 iugum
1767 820 2008 889 peccati,
2039 826 2094 872 et

515 931 743 986 regnum
778 915 969 970 mortis
1007 916 1308 985 exciperet.
1356 913 1558 968 Valens
1605 913 1774 978 igitur
1801 913 2094 981 Apostolus

516 1007 806 1062 ostendere
834 1015 1043 1076 quanto
1069 1006 1276 1074 majora
1305 1019 1402 1074 per
1428 1005 1707 1060 Christum
1750 1003 1930 1057 anima
1958 1002 2096 1056 reci-

517 1100 618 1168 pit,
658 1113 820 1169 quam
874 1098 1140 1152 amiserat
1187 1112 1286 1165 per
1339 1097 1534 1158 Adam,
1590 1095 1901 1166 frequentat
1963 1093 2096 1148 istos

517 1203 818 1251 sermones,
849 1197 910 1241 ut
938 1188 1085 1241 dicat
1114 1229 1128 1252 ,
1179 1205 1197 1238 ι
1228 1188 1396 1242 ΜιιΙιο
1425 1188 1594 1256 magis
1616 1223 1632 1250 ,
1664 1203 1684 1238 ι
1727 1194 1806 1249 et,
1865 1202 1884 1236 ι
1912 1182 2089 1237 abun-

515 1281 754 1334 dantiam
788 1280 980 1348 gratia:
1001 1317 1016 1341 ,
1049 1287 1104 1332 et
1138 1278 1336 1331 donum
1367 1276 1619 1346 justitizc,
1647 1295 1665 1328 ι
1715 1285 1766 1330 et
1789 1319 1803 1340 ,
1854 1292 1872 1326 ι
1904 1287 2098 1344 regna-

515 1373 652 1428 bunt
687 1371 800 1442 (21)
843 1385 940 1442 per
963 1385 1129 1424 unum
1157 1367 1351 1424 Jesum
1378 1369 1659 1424 Christmn
1683 1369 1750 1423 ⁸⁸.
1780 1387 1799 1420 ι
1827 1367 1960 1434 Qua:
1981 1381 2098 1420 om-

519 1467 610 1519 nia
649 1465 839 1534 utique
867 1461 1148 1518 declarant
1178 1460 1349 1514 multo
1384 1459 1780 1514 abundantiora
1807 1472 1930 1514 esse
1957 1459 2096 1513 dona

523 1573 680 1624 quam
713 1558 932 1610 damna.
970 1552 1078 1607 Sed
1131 1551 1416 1622 requires,
1449 1549 1541 1605 isti
1574 1564 1714 1621 quos
1743 1549 1883 1603 dicit
1909 1562 2098 1616 regna-

516 1649 670 1694 turos
711 1639 764 1692 in
796 1640 902 1697 vita
944 1654 1039 1707 per
1076 1637 1263 1692 Jesum
1307 1637 1607 1703 Christum,
1639 1651 1802 1706 super
1827 1650 1967 1706 quos
2002 1649 2092 1688 re-

513 1731 773 1802 gnabant.
799 1731 1028 1785 Videtur
1050 1730 1180 1785 mihi
1205 1732 1351 1802 quod
1377 1733 1518 1787 sicut
1545 1730 1736 1785 mortis
1770 1742 1998 1800 regnum
2040 1725 2092 1778 in

512 1837 608 1874 eos
631 1820 868 1877 ostendit
890 1820 1058 1874 fuisse
1075 1837 1214 1890 quos
1233 1823 1330 1876 sibi
1361 1821 1636 1891 peccando
1658 1820 1785 1875 fecit
1805 1816 2092 1875 obnoxios.

531 1920 605 1974 ita
649 1933 704 1974 et
743 1933 930 1974 eorum
968 1920 1058 1989 qui
1107 1921 1494 1974 abundantiam
1532 1920 1743 1990 gratim,
1805 1928 1859 1973 ct
1909 1919 2107 1973 donum

527 2010 753 2079 justitia:
795 2011 1090 2080 accipiunt,
1150 2021 1203 2064 et
1247 2025 1342 2077 per
1399 2027 1564 2064 lllllltll
1602 2010 1787 2065 Jesum
1832 2012 2108 2066 Christum

533 2102 810 2170 regnaturi
844 2102 1114 2165 dicuntur,
1150 2118 1374 2172 regnum
1408 2103 1660 2157 ostendat
1689 2103 1927 2156 futurum
1951 2117 2110 2172 super
2142 2089 2176 2126 ⁸

534 2191 658 2246 illos
683 2192 776 2262 qui
821 2193 902 2247 eis
939 2193 992 2246 in
1029 2193 1341 2248 eruditione
1387 2195 1541 2264 regni
1575 2194 1669 2248 Dei
1703 2194 1906 2248 subditi
1954 2195 2110 2258 llunt,

531 2294 606 2346 et,
643 2293 701 2336 ut
733 2285 806 2336 ita
834 2284 1034 2347 dicam,
1067 2284 1155 2353 qui
1187 2284 1494 2354 sapientiae,
1530 2293 1584 2339 et
1619 2283 1866 2352 iustitiae,
1904 2298 1968 2338 ac
1991 2285 2114 2337 vitae

532 2389 655 2445 qum
679 2376 734 2430 in
767 2375 847 2429 cis
883 2384 988 2438 est,
1021 2385 1077 2430 et
1106 2392 1203 2446 per
1237 2391 1400 2445 quam
1439 2387 1707 2446 regnant,
1737 2391 1968 2446 capaces
1997 2377 2114 2430 fue-

535 2466 645 2518 rint
667 2465 892 2519 inventi.
920 2463 1072 2519 Unde
1087 2475 1142 2518 et
1169 2481 1274 2520 non
1301 2467 1476 2521 otiose
1497 2467 1710 2521 videtur
1734 2467 1864 2520 mihi
1892 2466 2118 2536 Aposto-

535 2554 640 2618 lus,
677 2556 766 2625 qui
815 2556 868 2609 in
906 2556 1116 2610 caeteris
1177 2556 1310 2613 locis
1353 2556 1587 2621 dixerat,
1616 2559 1742 2627 quia
1791 2558 1888 2612 «in
1925 2573 2117 2612 omnes

539 2647 788 2702 homines
838 2661 986 2702 mors
1031 2648 1350 2717 pertransiit
1382 2665 1398 2715 ;
1436 2667 1454 2700 ι
1489 2658 1543 2703 et
1600 2651 1839 2705 iterum:
1879 2667 1900 2701 ι
1927 2648 2116 2704 Gratia

541 2740 632 2794 Dei
668 2739 781 2810 (22)
817 2740 869 2792 in
903 2737 1086 2806 plures
1119 2739 1418 2792 abundavit
1449 2755 1464 2805 ;
1509 2756 1528 2790 ι
1574 2749 1628 2792 et
1655 2740 1850 2793 iterum
1887 2757 1902 2793 ε
1937 2758 1957 2791 ι
1981 2739 2119 2794 Gra-

542 2835 616 2884 tia
645 2847 710 2884 ex
743 2831 929 2884 multis
961 2829 1176 2885 delictis
1214 2831 1268 2884 in
1291 2831 1744 2902 justilicationem
1767 2833 1835 2898 ",
1861 2849 1882 2882 ι
1919 2831 2022 2886 hoc
2062 2831 2116 2884 in

543 2927 662 2977 loco
718 2937 892 2992 neque
944 2937 1156 2988 onmes,
1209 2937 1385 2992 neque
1435 2923 1669 2990 multos,
1710 2937 1889 2994 neque
1935 2923 2119 2992 plures

542 3016 831 3084 posuisse;
876 3014 1054 3069 sciens
1081 3017 1147 3070 ad
1195 3029 1396 3084 paucos
1429 3015 1710 3084 pertinere
1746 3014 1907 3070 istius
1943 3014 2122 3071 beati-

541 3080 750 3160 tudinis
820 3119 1087 3160 summam
1114 3144 1128 3168 ,
1170 3080 1306 3173 tiqui
1342 3080 1732 3158 abundantiam
1792 3106 2022 3173 gratiae,
2067 3114 2124 3161 et
2150 3080 2194 3140 θ

543 3199 741 3249 donum
769 3195 995 3264 justitiie
1027 3195 1363 3264 accipientes
1386 3235 1402 3261 ,
1434 3195 1485 3248 in
1525 3195 1631 3248 vita
1675 3195 1979 3264 regnabunt
2028 3211 2125 3264 per

542 3303 713 3340 mium
761 3286 943 3342 Jesum
988 3286 1265 3343 Christum
1308 3290 1374 3344 ³².
1405 3307 1425 3342 ι
1472 3289 1644 3359 Ipsius
1699 3300 1882 3345 autem
1936 3292 2125 3346 mortis

547 3380 636 3432 hic
691 3380 1019 3435 describitur
1067 3396 1317 3451 regnum,
1356 3397 1482 3452 quae
1516 3383 1652 3436 alias
1688 3383 1735 3415 "
1772 3382 1972 3436 dicitur
2009 3381 2124 3454 (25)

546 3472 807 3526 inimicus
866 3487 990 3527 esse
1027 3472 1233 3528 Christi
1279 3474 1504 3528 ultimus
1551 3473 1636 3528 vel
1674 3473 2001 3530 novissimus
2032 3476 2126 3529 de-

544 3567 869 3620 struendus.
927 3563 1255 3621 Destruetur
1288 3577 1469 3622 autem
1501 3566 1556 3621 in
1598 3581 1686 3632 co,
1745 3577 1802 3620 ut
1825 3567 1966 3620 ultra
2017 3581 2124 3620 non

544 3666 756 3726 regnet.
801 3657 956 3724 Quod
1002 3658 1048 3712 si
1100 3673 1204 3712 non
1243 3667 1455 3728 regnat,
1505 3669 1714 3714 certum
1765 3668 1848 3714 est
1881 3659 1992 3728 jam
2029 3672 2128 3713 nec

542 3749 803 3804 delictum
862 3750 1102 3804 futurum
1152 3764 1312 3816 esse,
1367 3751 1420 3804 in
1471 3765 1582 3821 quo
1641 3751 1760 3806 solo
1818 3752 2010 3805 tuortis
2043 3760 2130 3806 est

546 3855 796 3908 regnum,
840 3851 968 3896 tunc
1024 3843 1145 3897 sine
1190 3843 1357 3897 dubio
1407 3858 1532 3897 cum
1583 3844 1650 3898 ad
1702 3858 1823 3899 eam
1866 3843 2122 3898 dicetur:

551 3929 1213 3994 «Ubicst,mors.aculeus
1241 3942 1366 3986 tuus
1395 3933 1520 3987 “2i
1577 3933 1840 4004 quoniam
1880 3935 2126 4001 quidem,

509 4041 522 4054 ί
545 4033 606 4075 ιιι
641 4023 755 4092 ipse
779 4023 1071 4090 Apostolus
1101 4025 1257 4088 dicit,
1301 4043 1322 4078 ι
1347 4029 1573 4082 aculeus
1617 4028 1810 4082 mortis
1847 4036 2126 4097 peccatum

547 4122 650 4176 est,
685 4114 861 4168 virtus
887 4126 1066 4169 autem
1095 4118 1305 4184 peccati
1342 4121 1427 4172 lex
1455 4119 1523 4173 ⁵⁸.
1553 4138 1573 4171 ι
1617 4118 1808 4175 Restat
1835 4135 1964 4190 ergo
1999 4129 2130 4176 tunc

551 4219 725 4274 neque
780 4204 951 4272 legem
1003 4207 1280 4272 futuram,
1339 4208 1385 4262 si
1437 4209 1656 4277 quidem
1692 4212 1900 4280 peccati
1958 4211 2130 4268 virtus

550 4298 666 4367 ipsa
711 4299 945 4364 dicatur,
1003 4308 1060 4355 ut
1110 4301 1318 4370 peccati
1359 4301 1563 4357 virtute
1620 4302 1870 4369 sublata,
1932 4306 2128 4362 uterito

549 4391 718 4460 possit
743 4401 796 4446 et
828 4406 1052 4462 regnmn
1079 4392 1273 4447 mortis
1300 4391 1528 4450 aboleri.
1575 4391 1680 4448 Sed
1706 4395 1818 4450 haec
1848 4396 1902 4450 in
1933 4411 2126 4452 exces-

548 4499 609 4537 su
652 4499 793 4540 nunc
825 4485 966 4540 dicta
996 4485 1108 4539 sint
1139 4502 1152 4538 :
1193 4485 1306 4540 suis
1329 4485 1476 4539 enim
1513 4483 1568 4539 in
1601 4483 1738 4541 locis
1766 4492 2126 4556 opportunius

550 4574 922 4644 requirentur.
996 4572 1170 4628 Velim
1223 4583 1403 4628 tamen
1464 4574 1774 4642 percontari
1835 4575 2124 4648 (quoniam

549 4666 767 4732 quidem
829 4675 1058 4720 mortem
1127 4681 1354 4734 regnum
1426 4679 1596 4735 usque
1645 4666 1712 4719 ad
1781 4669 2126 4737 praesentiam

547 4755 774 4821 Christi,
808 4757 901 4825 qui
954 4767 1040 4812 est
1092 4757 1224 4823 vita,
1282 4759 1520 4815 diximus
1585 4761 1860 4827 tenuisse;
1919 4763 2131 4820 venisse

2158 4456 2202 4512 D

2194 456 2298 500 tem
2331 446 2737 507 destruendam,
2767 444 2862 498 sed
2889 454 2941 496 et
2970 444 3036 496 ad
3072 443 3220 496 illum
3258 442 3458 508 ipsum,
3487 441 3584 510 qui
3609 441 3760 495 habe.

2194 539 2290 592 bat
2319 537 2513 591 mortis
2580 535 2890 606 imperium,
2925 534 2978 588 id
3025 545 3111 588 est
3149 529 3450 597 diabolum,
3488 533 3543 587 in
3599 535 3765 586 medio

2196 629 2298 683 hoc
2319 664 2334 689 ,
2361 625 2414 679 id
2440 624 2554 695 (24)
2577 637 2684 694 est,
2710 635 3005 695 antequam
3039 626 3173 680 illud
3201 625 3293 678 ﬁat
3333 624 3480 694 quod
3508 625 3762 691 scriptum

2193 729 2277 775 est
2311 737 2326 774 :
2363 737 2381 771 ι
2416 719 2621 774 Deinde
2653 718 2797 782 linis,
2845 732 2971 784 cum
3002 716 3295 772 tradiderit
3327 730 3556 785 regnum
3584 715 3696 769 Deo
3719 725 3766 766 rt

2194 811 2341 866 Patri
2371 812 2418 852 ⁸⁸
2451 829 2467 868 :
2501 829 2520 862 ι
2550 810 2721 881 )qnis
2746 818 2960 880 regnat.
3003 809 3062 863 Si
3101 808 3243 861 enim
3271 807 3524 862 dicamus
3554 806 3616 860 id
3635 814 3761 875 qnud

2194 914 2536 970 consequens
2620 901 2867 964 videtur,
2939 899 3066 971 quia
3138 899 3251 953 vita
3333 905 3530 966 regnat
3612 909 3766 950 morte

2196 991 2475 1045 destructa
2507 1006 2522 1055 ;
2579 997 2757 1058 potest
2785 990 2946 1046 nobis
3003 989 3220 1045 occurri
3253 1004 3268 1039 :
3301 987 3596 1054 Quomodo
3652 1003 3765 1053 ergo

2195 1083 2498 1154 peccatur?
2543 1081 2613 1136 Et
2645 1080 2995 1136 manifestum
3032 1090 3118 1135 est
3159 1089 3396 1134 mortem
3429 1092 3669 1147 regnare
3687 1093 3767 1146 per

2198 1185 2498 1244 peccatum.
2532 1174 2587 1228 Si
2624 1189 2756 1227 vero
2781 1173 3034 1228 dicamus
3078 1171 3132 1225 in
3183 1170 3514 1239 quibusdam
3551 1186 3766 1240 regnate

2196 1267 2490 1331 Christum,
2521 1265 2623 1320 hoc
2673 1277 2758 1319 est
2787 1267 2976 1328 vitam,
3005 1273 3062 1321 et
3088 1265 3141 1319 in
3159 1263 3487 1334 quibusdam
3515 1273 3762 1317 mortem:

2197 1373 2356 1428 quos,
2397 1369 2492 1412 aut
2515 1358 2604 1412 ubi
2635 1358 2998 1420 inveniemus,
3035 1356 3088 1410 in
3117 1357 3320 1425 quibus
3343 1356 3418 1409 ita
3454 1369 3686 1425 regnum
3707 1356 3767 1409 sit

2197 1451 2343 1513 vitae,
2377 1458 2437 1504 ut
2468 1464 2691 1516 regnum
2719 1450 2913 1502 mortis
2945 1448 2998 1502 in
3034 1449 3116 1502 eis
3167 1462 3273 1501 non
3303 1447 3511 1501 habeat
3535 1457 3770 1516 potesta-

2199 1551 2330 1607 tcm,
2393 1541 2500 1596 hoc
2544 1549 2650 1604 est,
2700 1541 2796 1610 qui
2835 1541 3052 1610 penitus
3107 1541 3315 1608 absque
3363 1548 3592 1607 peccato
3641 1537 3771 1594 siuti

2197 1629 2330 1696 Quae
2381 1632 2513 1687 mihi
2561 1633 2816 1688 videntur
2867 1634 3038 1704 magis
3087 1634 3156 1688 ad
3211 1634 3454 1688 futurum
3509 1634 3770 1704 pertinere

2128 1708 2167 1766 ’3
2202 1736 2463 1792 regnum,
2504 1731 2560 1778 et
2598 1722 2670 1776 ibi
2711 1724 2826 1778 haec
2863 1739 2983 1779 esse
3019 1723 3372 1794 complenda,
3414 1724 3506 1778 ubi
3547 1724 3663 1792 (25)
3699 1726 3770 1778 dis

2199 1811 2342 1866 citur
2371 1813 2514 1882 quod
2550 1833 2570 1863 ι
2605 1813 2676 1868 sit
2700 1815 2844 1868 Deus
2864 1815 3044 1868 omnia
3073 1815 3126 1869 in
3152 1815 3408 1870 omnibus
3429 1816 3496 1870 ".
3527 1833 3547 1866 ι
3578 1815 3773 1870 Idcirm

2215 1918 2358 1974 enim
2412 1929 2468 1974 ct
2525 1920 2579 1975 in
2622 1921 2870 1976 oratione
2935 1920 3210 1976 Dominica
3267 1920 3454 1974 dicere
3511 1918 3781 1976 docemur.

2221 2031 2240 2064 ι
2267 2013 2530 2066 Adveniat
2563 2029 2786 2084 regnum
2830 2024 2978 2066 tuum
3029 2015 3101 2078 ⁸⁸,
3131 2031 3151 2066 ι
3201 2013 3352 2081 quasi
3384 2011 3530 2079 quod
3560 2010 3782 2063 nondum

2218 2109 2495 2162 advenerit
2528 2127 2541 2162 :
2573 2119 2631 2163 et
2658 2110 2776 2177 ipse
2809 2109 3068 2164 Dominus
3095 2109 3148 2162 in
3187 2109 3349 2161 initio
3383 2107 3782 2176 pmdicationis

2219 2215 2330 2254 sua:
2356 2217 2460 2255 non
2491 2201 2626 2256 dicit
2657 2218 2672 2255 :
2701 2201 2865 2255 Venit
2898 2215 3122 2272 regnum
3151 2199 3414 2252 caelorum
3438 2213 3452 2261 ;
3475 2198 3597 2261 sed,
3642 2215 3662 2247 ι
3686 2197 3780 2264 Ap-

2219 2290 2606 2360 propinquavit
2634 2305 2860 2360 regnum
2891 2292 3156 2345 cmlornm
3198 2290 3264 2342 ".
3297 2307 3315 2340 ι
3366 2287 3622 2342 Prtesens
3670 2302 3780 2338 rem

2222 2388 2436 2450 tempus
2467 2395 2578 2434 non
2616 2390 2724 2434 tam
2762 2380 2910 2449 regni
2942 2380 3174 2434 dixerim
3214 2378 3385 2432 videri
3419 2393 3587 2446 quam
3623 2377 3735 2431 belli
3765 2395 3778 2430 :

2221 2484 2319 2538 per
2391 2471 2535 2539 quod
2609 2471 2808 2525 bellmu
2873 2472 3113 2525 futurum
3181 2485 3404 2540 regnum
3465 2479 3777 2539 quaeratur,

2222 2559 2474 2626 quamvis
2504 2563 2608 2614 hoc
2633 2561 2752 2630 ipso
2782 2561 2902 2614 belli
2937 2571 3205 2630 tempore,
3233 2561 3358 2630 quia
3383 2560 3494 2628 jam
3525 2575 3588 2612 ex
3621 2559 3777 2626 aliqua

2223 2663 2380 2720 parte
2449 2666 2672 2722 regnum
2738 2653 2930 2706 mortis
2996 2650 3352 2719 infringitur,
3410 2659 3465 2704 et
3533 2649 3776 2719 paulatim

2225 2745 2545 2808 destruitur,
2600 2745 2746 2814 quod
2792 2747 2945 2814 prius
2987 2747 3040 2798 in
3098 2759 3288 2798 omnes
3329 2743 3578 2797 homines
3624 2744 3780 2795 luerat

2227 2837 2537 2899 dilatatam,
2563 2837 2814 2892 Christus
2840 2851 3068 2907 regnare
3086 2835 3318 2899 dicatur,
3338 2835 3637 2888 secundum
3669 2833 3781 2886 illud

2224 2930 2369 2998 quod
2402 2928 2662 2997 scriptum
2697 2935 2825 2982 est:
2857 2946 2878 2978 ι
2907 2924 3136 2995 Oportet
3179 2924 3326 2979 enim
3377 2939 3502 2979 eum
3548 2937 3780 2992 regnare,

2227 3020 2399 3073 donec
2468 3025 2632 3088 ponat
2696 3032 2886 3072 omnes
2945 3016 3202 3071 inimicos
3253 3014 3372 3082 ejus
3424 3014 3528 3068 sub
3576 3014 3785 3083 pedibus

2225 3109 2343 3182 ejus
2365 3112 2444 3178 “;
2471 3128 2490 3161 ι
2523 3119 2576 3163 et
2611 3109 2736 3163 ilem
2765 3107 2892 3162 alibi
2925 3108 3057 3162 dicit
3087 3126 3100 3162 :
3137 3125 3155 3158 ι
3189 3105 3344 3160 Nunc
3368 3115 3550 3159 autem
3573 3106 3784 3158 necdum

2227 3203 2474 3257 videmus
2496 3201 2741 3268 subjecta
2770 3215 2892 3254 esse
2923 3199 2972 3251 ei
3000 3196 3113 3269 (26)
3142 3197 3324 3251 omnia
3356 3195 3423 3248 ⁸⁸.
3451 3213 3470 3246 ι
3527 3193 3678 3250 Unde
3703 3209 3783 3262 ap-

2226 3305 2380 3364 paret
2431 3295 2556 3363 quia
2615 3294 2716 3346 hoc
2750 3291 2894 3362 quod
2937 3291 3091 3352 dicit,
3160 3287 3434 3357 «Oportet
3477 3286 3623 3340 enim
3669 3300 3779 3338 eum

2228 3399 2472 3456 regnare.
2502 3403 2520 3436 ι
2560 3383 2725 3455 556
2755 3397 2852 3452 pro
2879 3397 3103 3452 regnum
3137 3395 3354 3450 parare,
3385 3377 3645 3448 posuerit.
3665 3377 3776 3429 Cen

2231 3488 2341 3532 tum
2369 3486 2452 3531 est
2481 3476 2625 3530 enim
2655 3476 2779 3543 quia
2805 3473 2958 3543 prius
2999 3470 3114 3544 (27)
3161 3470 3508 3540 pugnandum
3559 3477 3674 3528 est,
3726 3476 3778 3517 et

2227 3567 2533 3637 alligandos
2582 3577 2663 3621 est
2708 3567 2883 3626 fortis.
2945 3575 3001 3619 et
3052 3566 3131 3619 sic
3168 3579 3294 3616 vasa
3337 3562 3454 3630 ejus
3500 3559 3778 3627 diripienda

2228 3670 2354 3713 sunt
2379 3658 2446 3711 “.
2505 3657 2576 3712 Et
2625 3657 2746 3710 ideo
2791 3657 2957 3710 etiam
2994 3657 3112 3724 ipse
3140 3653 3397 3706 Salvator
3423 3651 3552 3705 dicit
3581 3669 3593 3703 :
3628 3667 3647 3700 ι
3675 3645 3777 3700 Non

2228 3751 2348 3805 veni
2383 3764 2570 3818 pacem
2598 3750 2838 3811 mittere,
2868 3747 2962 3802 sed
3005 3745 3246 3817 gladium
3282 3744 3350 3799 ⁸³.
3381 3761 3403 3795 ι
3437 3743 3636 3797 Taudiu
3665 3752 3779 3791 vero

2227 3844 2571 3912 pugnandum
2621 3852 2703 3897 cst
2749 3841 2817 3894 ab
2852 3841 2935 3894 his
2967 3840 3061 3910 qui
3110 3851 3340 3908 regnare
3373 3835 3557 3891 volunt
3597 3833 3650 3885 in
3682 3830 3775 3882 vita

2229 3951 2324 4005 per
2347 3933 2530 3990 Jcsum
2568 3934 2866 3998 Christum,
2890 3932 3071 3986 donec
3099 3948 3118 3982 ι
3146 3928 3478 3986 novissimus
3505 3924 3736 3978 inimicus
3754 3937 3771 3967 ι

2229 4029 2542 4082 destruatur
2568 4045 2586 4078 ι
2617 4040 2765 4079 mors
2799 4025 2867 4078 “.
2897 4043 2917 4077 ι
2955 4023 3062 4079 Sed
3104 4033 3161 4078 et
3201 4024 3269 4077 de
3305 4017 3630 4074 abundantia
3668 4027 3776 4080 gia-

2230 4118 2339 4182 tim,
2388 4129 2443 4174 et
2494 4120 2634 4174 dono
2679 4117 2904 4185 iustitiae
2956 4115 3239 4170 sciendum
3267 4111 3508 4180 estquia
3551 4107 3612 4160 ad
3657 4103 3771 4156 illud

2240 4226 2490 4280 regnum,
2524 4211 2666 4279 quod
2697 4210 2934 4264 diximus
2959 4199 3252 4278 prieparari
3303 4217 3399 4272 per
3436 4201 3646 4258 bellum,
3676 4208 3766 4246 non

2230 4305 2379 4357 venit
2421 4303 2616 4373 aliquis
2647 4301 2741 4371 qui
2794 4317 2952 4354 unam
2990 4300 3218 4369 gratiam
3264 4295 3442 4350 solum
3481 4295 3770 4346 consecntus

2231 4401 2334 4456 est,
2364 4393 2468 4446 hoc
2494 4400 2600 4453 est,
2634 4391 2725 4460 qui
2757 4391 2810 4445 in
2839 4403 2945 4445 uno
2965 4389 3145 4458 aliquo
3175 4401 3340 4453 Opere
3371 4380 3657 4453 placuerit;
3687 4373 3766 4426 sed

2230 4483 2561 4539 abundantia
2597 4484 2784 4553 gratiae
2806 4486 2874 4536 ab
2903 4496 2968 4536 eo
2997 4480 3314 4550 requiritur,
3343 4473 3632 4528 secundum
3662 4479 3765 4516 cum

2230 4576 2321 4646 qui
2378 4574 2556 4629 dicit:
2597 4593 2616 4627 ι
2659 4573 3040 4628 Abundantius
3089 4581 3267 4624 autem
3314 4582 3477 4637 quam
3508 4575 3673 4618 omnes
3701 4554 3764 4605 illi

2231 4667 2498 4734 laboravi,
2524 4682 2630 4720 non
2661 4678 2841 4721 autem
2872 4680 2993 4732 ego,
3026 4663 3119 4718 sed
3149 4663 3324 4731 gratia
3353 4658 3445 4712 Dei
3477 4668 3664 4710 mecum
3677 4647 3760 4695 “.i

2235 4760 2447 4816 Similia
2478 4777 2712 4831 quisque
2741 4760 2854 4830 (28)
2880 4760 3040 4814 etiam
3093 4757 3180 4812 bis
3225 4769 3365 4823 quos
3399 4753 3582 4808 imbuit
3607 4753 3764 4818 preca-

621 4889 665 4922 ⁸⁸
692 4891 887 4946 Ezech.
916 4907 1069 4955 xvm,
1091 4893 1146 4949 4.
1224 4893 1269 4925 ⁸⁹
1289 4892 1429 4948 Psal.
1463 4908 1575 4955 xxI,
1607 4892 1691 4947 16.
1767 4893 1816 4926 ⁸⁸
1844 4893 2000 4949 Rom.
2032 4911 2083 4957 ν,

2281 4896 2322 4928 ⁸⁸
2364 4895 2492 4950 ibid.
2524 4891 2728 4956 12.15,
2765 4891 2849 4945 16.
2925 4891 2972 4923 ³⁸
3005 4888 3134 4944 ibid.
3178 4887 3264 4940 l7.
3341 4885 3396 4957 "A
3421 4886 3434 4936 l
3459 4877 3759 4957 Cor.xr.2b'.

549 4961 595 4992 "
623 4962 753 5016 ibid.
782 4962 870 5014 55.
947 4963 994 4994 ⁸⁸
1023 4963 1153 5016 ibid.
1185 4963 1272 5018 56.
1349 4965 1396 4996 ⁸⁸
1432 4964 1563 5017 ibid.
1593 4963 1683 5019 24.
1761 4964 1806 4996 "
1836 4967 1966 5018 ibid.
1999 4965 2090 5018 23.

2184 4966 2230 4997 "
2261 4966 2536 5028 Matth.vt,
2568 4962 2652 5016 l0.

2742 4963 2788 4993 ⁸¹⁹
2829 4960 3019 5014 Matth.
3061 4973 3141 5019 ιιι,
3168 4959 3223 5010 2.
3305 4957 3352 4988 ⁸⁸
3386 4955 3403 5008 Ι
3434 4963 3552 5010 Lor.
3585 4967 3659 5013 xv,
3681 4949 3758 5000 25).

553 5033 590 5063 ⁸¹
623 5031 784 5085 Hebr.
817 5047 878 5092 It.
916 5033 970 5086 8.
1048 5034 1091 5064 “
1136 5032 1326 5088 Matth.
1348 5049 1448 5098 XII,
1481 5035 1571 5087 29.
1649 5033 1694 5064 "
1711 5033 1902 5088 Matth.
1939 5051 1991 5099 Χ,
2016 5035 2103 5088 54.

2214 5037 2228 5068 ⁵
2261 5037 2275 5089 Ι
2310 5037 2439 5092 Cor.
2465 5050 2553 5101 xv,
2584 5033 2671 5088 26.
2752 5031 2798 5063 ⁸⁵
2831 5033 2994 5084 lCor.
3028 5044 3116 5094 xv,
3143 5031 3230 5081 ω.

623 5148 736 5219 (21)
772 5148 864 5203 Sic
905 5162 1008 5219 tus.
1045 5163 1194 5219 unus
1248 5147 1469 5219 Regius.
1509 5145 1670 5219 Editi‘
1701 5161 1850 5212 vero,
1902 5165 1934 5219 ⁸ι
1962 5147 2125 5201 Multo

552 5215 725 5286 magis
771 5228 825 5274 et
876 5217 1209 5272 abundantia
1254 5215 1464 5284 gratiae,
1530 5225 1590 5286 et
1640 5216 1838 5270 donum
1893 5215 2126 5286 juSIitite

553 5285 828 5355 regnabit,
853 5307 871 5342 ι
909 5300 1014 5342 etc.
1050 5287 1201 5342 Alter
1239 5303 1342 5341 tns.
1387 5305 1406 5337 ι
1435 5285 1602 5340 ιιιιιΙιο
1641 5287 1812 5355 magis
1857 5300 1911 5341 et
1955 5289 2128 5340 abun-

553 5359 792 5430 dantiam
823 5359 1030 5430 gratiae,
1060 5367 1113 5412 et
1139 5358 1289 5420 doni,
1313 5355 1638 5430 e_t‘j_u‘sti_ti:c,
1675 5365 1730 5408 et
1759 5357 2076 5430 regnahunt.
2099 5375 2119 5408 ι

553 5436 658 5480 etc.
703 5425 859 5482 Alius
887 5429 1087 5492 Regius
1142 5443 1294 5482 num.
1332 5425 1470 5481 1659
1524 5426 1684 5478 habet
1717 5425 2114 5491 tanttuumodo,

560 5512 580 5546 ι
607 5500 904 5565 regnabant
933 5513 1030 5567 per
1069 5513 1234 5552 unum
1273 5495 1454 5552 Jesum
1496 5495 1796 5561 Christum,
1826 5514 1845 5546 ι
1899 5496 2119 5552 omissis

553 5567 790 5618 caeteris.

627 5631 739 5699 (22)
803 5633 992 5687 Gratia
1043 5633 1173 5697 Dei,
1239 5645 1294 5689 et
1333 5635 1529 5688 iterum
1575 5635 1734 5704 paulo
1772 5644 1922 5704 post,
1990 5647 2116 5704 gra-

557 5707 667 5772 tia,
712 5704 904 5758 desunt
931 5705 984 5757 in
1011 5705 1192 5764 editis.
1228 5715 1282 5760 et
1311 5705 1364 5758 in
1395 5706 1666 5764 plerisque
1699 5719 1827 5760 mss.

2300 5151 2415 5220 (25)
2448 5149 2649 5212 Alias,¢
2683 5147 2788 5204 hoc
2817 5146 3151 5203 describitur
3174 5158 3424 5212 regnum,
3451 5153 3564 5209 qua:
3588 5139 3632 5189 in
3658 5126 3758 5186 aliis

2225 5221 2444 5284 dicitur,
2472 5241 2490 5272 ι
2524 5232 2650 5288 etc.
2890 5287 2931 5288 γ,
2987 5284 3028 5288 __
3157 5285 3171 5288 _
3374 5283 3385 5288 Α
3514 5277 3584 5288 ,,,

2299 5271 2505 5360 i2i)'lu
2534 5271 2706 5360 inertia
2731 5288 2850 5360 hoc,
2881 5287 2955 5341 id.
2986 5284 3110 5360 Haec
3141 5285 3340 5360 desunt
3373 5283 3425 5360 in
3467 5277 3626 5332 editis.
3657 5271 3742 5325 lis.

2222 5355 2365 5413 unus
2395 5355 2507 5430 pro
2529 5377 2545 5408 ι
2572 5359 2634 5430 in_
2660 5357 2838 5430 medio
2861 5376 2880 5408 ι
2917 5359 3082 5430 habet
3118 5374 3138 5406 ι
3169 5355 3468 5409 moriendo.
3503 5372 3519 5401 ι

2296 5426 2410 5497 (25)
2466 5428 2588 5482 Ubi.
2620 5426 2675 5479 lu
2711 5429 2871 5481 editis
2894 5427 3186 5497 omittitur.

2299 5495 2414 5568 (26)
2447 5499 2534 5552 Ei.
2563 5498 2914 5568 Desideratur
2938 5496 2992 5568 in
3022 5495 3205 5568 editis.

2322 5564 2412 5641 2])
2445 5568 2626 5641 Prius.
2657 5565 2928 5641 Nusquam
2959 5567 3009 5618 in
3045 5564 3206 5619 editis
3227 5569 3519 5633 comparet.

2322 5571 2412 5641 2])
2445 5571 2626 5622 Prius.
2657 5571 2928 5635 Nusquam
2959 5571 3009 5618 in
3045 5571 3199 5619 editis

2298 5571 2410 5712 i838)
2441 5640 2612 5704 Aliae,
2646 5657 2666 5688 ι
2691 5638 2889 5692 similia
2919 5649 3156 5706 quoque.
3179 5653 3199 5687 ι
