3914 6352
243 177 388 238 1029

1201 173 1558 236 COMMENT.
1594 175 1666 234 IN
1704 177 1927 235 EPIST.
1965 181 2256 243 AD'ROM.
2289 183 2417 242 LIB.
2451 185 2517 244 ν.

3375 200 3510 261 ιοεςιι

245 309 362 362 tur,
405 312 528 353 cum
562 298 694 353 dicit
724 318 737 354 :
769 315 787 348 ι
814 297 998 353 Gratia
1049 298 1209 353 vobis
1249 308 1305 353 et
1354 315 1455 369 pax
1507 298 1830 370 multiplice-
1861 303 1904 358 Α
1936 310 2255 368 peccatores
2283 302 2568 358 constituti
2597 313 2723 360 sunt
2782 306 2960 372 nmlti,
3004 306 3078 364 ita
3110 319 3168 366 et
3203 310 3301 382 per
3347 318 3510 372 unius

244 402 334 447 tur
366 393 434 445 “.
465 411 485 443 ι
517 390 908 462 Multiplicatnr
932 405 1067 462 ergo
1101 392 1276 460 gratia
1310 403 1367 446 et
1385 391 1629 447 abundat
1651 431 1667 456 ,
1695 393 1739 446 si
1769 401 1826 447 et

243 498 434 537 sermo
467 493 656 538 noster
678 497 894 553 semper
927 483 982 538 in
1011 484 1188 553 gratia
1217 482 1333 538 sale
1362 485 1434 538 sit
1462 483 1738 548 conditus,
1772 493 1827 539 et

241 590 384 643 opus
413 584 658 630 nostrum
685 590 806 630 cum
831 578 1007 647 gratia
1031 576 1358 631 humilitatis
1378 585 1433 632 et
1459 576 1828 646 simplicitatis

241 669 361 731 l'iat,
387 677 438 721 et
469 667 656 721 omnia
682 682 804 736 qua:
835 668 1048 738 agimus
1093 668 1160 722 ad
1186 666 1413 738 gloriam
1454 667 1549 722 Dei
1577 683 1825 739 agamus.

239 759 510 814 Similiter
535 759 701 813 etiam
732 761 799 814 de
833 760 980 815 dono
1014 759 1240 831 justitiaa
1292 759 1670 829 accipiendum
1717 772 1824 817 est.

238 851 392 906 Nihil
419 854 564 908 enim
590 852 708 908 sine
729 853 940 922 iustitia
977 869 1141 925 agere
1179 854 1338 910 debet
1375 857 1465 925 qui
1491 855 1826 924 justiﬁeatur

239 960 272 997 a
306 945 566 1012 Christo,
602 947 899 1002 secundum
947 963 1072 1002 eum
1123 949 1216 1018 qui
1263 949 1396 1003 dicit
1431 967 1444 1003 :
1487 948 1683 1004 «Beati
1729 949 1823 1020 qui

237 1039 560 1094 custodiunt
589 1039 849 1108 judicium
871 1079 887 1104 ,
942 1050 998 1095 et
1040 1039 1247 1095 faciunt
1295 1041 1562 1110 justitiam
1593 1041 1644 1095 in
1675 1042 1822 1096 omni

237 1137 489 1198 tempore
516 1129 598 1194 ‘7;
628 1148 646 1180 ι
677 1141 732 1182 et
771 1131 1068 1186 secundum
1100 1132 1243 1202 quod
1277 1130 1555 1201 Sapientia
1582 1148 1828 1202 pronun-

239 1222 343 1273 tiat
378 1221 583 1286 dicens,
640 1222 768 1289 quia
798 1239 816 1273 ι
847 1231 901 1275 et
933 1222 978 1276 si
1024 1222 1298 1291 perfectus
1329 1224 1402 1276 sit
1428 1225 1554 1293 quis
1602 1225 1654 1278 in
1699 1225 1822 1280 liliis

239 1313 554 1376 hominum,
590 1312 765 1368 sinon
798 1314 940 1368 adsit
962 1314 1012 1368 ei
1033 1313 1248 1382 justitia
1281 1331 1308 1367 a
1345 1314 1482 1377 Deo,
1510 1315 1563 1368 in
1595 1315 1824 1370 nihilum

240 1405 592 1474 reputabitur
612 1405 697 1469 “;
736 1424 755 1458 ι
794 1415 848 1460 et
878 1408 978 1460 hoe
1006 1406 1168 1462 modo
1217 1406 1307 1476 qui
1341 1407 1629 1460 habuerint
1652 1406 1824 1461 abun-

239 1498 490 1553 dantiam
519 1497 708 1568 gratiae
731 1508 786 1553 et
806 1499 1002 1553 donum
1026 1499 1276 1568 justitizc,
1305 1503 1356 1554 in
1384 1501 1491 1558 vita
1524 1501 1825 1573 regnabunt

239 1601 342 1656 per
374 1602 537 1639 unum
569 1585 754 1642 .lesum
778 1588 1061 1644 Christum
1085 1589 1155 1643 ".

313 1679 368 1734 4.
423 1681 651 1751 «Itaque
697 1683 843 1738 sicut
889 1697 986 1752 per
1029 1685 1190 1738 unius
1221 1684 1478 1740 delictum
1528 1685 1581 1740 in
1635 1699 1824 1742 omnes

241 1770 493 1826 homines
525 1771 577 1824 in
603 1773 1136 1836 condemnationem,
1169 1775 1239 1828 ita
1265 1785 1317 1830 et
1349 1791 1446 1845 per
1473 1775 1632 1830 unius
1659 1775 1823 1843 justi-

246 1863 378 1914 tiam
411 1862 464 1914 in
502 1877 692 1916 omnes
720 1863 971 1918 homines
998 1865 1050 1917 in
1074 1864 1518 1934 justilicationem
1552 1868 1676 1920 vitae
1701 1865 1767 1918 ".
1794 1885 1814 1918 ι

239 1949 360 2006 Jam
390 1960 444 2005 et
470 1952 722 2022 superius
749 1952 985 2008 diximus
1036 1955 1181 2024 quod
1228 1969 1326 2025 per
1375 1955 1634 2011 delictum
1690 1956 1820 2011 Athe

240 2044 385 2098 velut
423 2045 603 2099 aditus
635 2047 858 2115 quidam
893 2045 1055 2101 datus
1079 2057 1183 2112 est,
1210 2063 1320 2117 quo
1357 2049 1409 2104 in
1433 2062 1623 2102 omnes
1647 2049 1822 2104 homi-

241 2151 339 2189 nes
372 2136 456 2188 vel
481 2149 784 2206 peccatum,
810 2139 892 2192 vel
921 2155 1072 2194 mors
1095 2141 1307 2208 peccati
1337 2181 1352 2204 ,
1381 2142 1462 2195 vel
1492 2143 1822 2197 condemna-

241 2228 320 2281 tio
369 2228 697 2296 perveniret.
765 2230 1086 2286 Econtrario
1121 2248 1251 2301 ergo
1299 2233 1550 2289 Christus
1613 2235 1818 2290 aditum

239 2317 653 2388 justiticationis
706 2322 944 2390 aperuit,
980 2337 1075 2390 per
1105 2339 1265 2392 quem
1294 2325 1396 2377 vita
1442 2326 1823 2396 ingrederetur

243 2411 313 2463 ad
351 2409 623 2477 homines,
687 2423 742 2466 et
790 2413 911 2470 ideo
946 2416 1162 2470 dicebat
1193 2415 1262 2471 de
1293 2419 1626 2487 semetipso:
1656 2416 1678 2471 ἰ
1713 2420 1821 2491 Ego

242 2516 365 2556 sum
400 2504 620 2557 ostium.
654 2503 760 2559 Per
787 2521 874 2561 me
895 2507 937 2560 si
969 2507 1092 2575 quis
1118 2508 1400 2578 ingressus
1425 2508 1610 2576 fuerit,
1647 2511 1820 2566 salva-

242 2592 398 2646 bitur
422 2594 489 2647 τί.
524 2613 542 2646 ι
578 2593 682 2648 Sed
709 2597 774 2650 de
805 2597 890 2651 his
916 2597 1029 2666 jam
1079 2598 1133 2653 in
1178 2599 1549 2668 superioribus
1581 2607 1714 2657 satis
1740 2614 1823 2659 est

239 2683 470 2738 dictum.
520 2684 650 2738 Illud
686 2696 864 2741 tamen
915 2691 1312 2745 observandum
1362 2702 1466 2756 est,
1519 2695 1663 2764 quod
1714 2711 1819 2751 non

241 2776 385 2830 dixit
418 2795 432 2830 :
474 2796 492 2828 ι
523 2777 681 2832 Sicut
724 2778 777 2833 in
813 2796 1001 2836 oumcs
1048 2783 1292 2837 homines
1327 2785 1379 2836 in
1411 2786 1821 2840 condemnatio-

243 2881 368 2920 nem
400 2884 420 2918 ›
456 2867 672 2929 mortis,
722 2869 816 2923 sed
869 2872 1264 2936 tantummodo,
1333 2891 1352 2924 ι
1381 2873 1432 2928 in
1486 2875 1816 2930 condemna-

1932 397 2300 452 obedientiam
2341 398 2472 467 justi
2509 401 2909 456 constituentur
2957 405 3110 460 multi
3153 405 3222 462 ".
3248 426 3270 457 ι
3327 409 3511 464 Potest

1933 489 2156 558 quidem
2194 489 2310 543 ﬁeri
2337 499 2398 544 ut
2437 491 2732 546 secundum
2769 508 2830 547 ea
2871 508 2989 562 quae
3041 497 3092 550 in
3137 500 3509 568 superioribus

1931 583 2368 645 observavimus,
2393 581 2627 648 Paulus,
2678 583 2868 640 volens
2910 590 3171 656 mysteria
3215 594 3506 647 secretiora

1928 683 2247 742 contegere,
2275 688 2411 742 quos
2432 674 2560 729 alibi
2592 693 2612 726 ι
2644 689 2840 730 omnes
2863 695 2882 728 ι
2929 678 3179 744 dixerat,
3208 681 3333 736 alibi
3372 685 3504 737 nmi-

1931 773 2015 816 los
2048 775 2249 833 ponat,
2283 779 2350 818 ne
2379 765 2522 819 forte
2563 766 2607 820 si
2649 766 2883 822 dixisset
2941 785 2958 820 ι
2983 783 3079 838 per
3112 772 3270 826 liliiIlS
3319 773 3504 828 inobo-

1929 855 2190 908 dieutiam
2224 865 2587 924 peccatores:
2629 855 2803 911 factos
2833 875 2958 915 esse
2991 876 3205 929 omnes,
3244 872 3298 918 et
3327 881 3506 921 neces-

1926 946 2077 1002 sario
2109 945 2508 1016 subjunxisset,
2547 968 2565 1001 ι
2601 949 2672 1004 ita
2716 963 2771 1005 et
2807 967 2906 1022 per
2948 954 3112 1008 unius
3143 955 3507 1012 obedientiam

1921 1034 2052 1103 justi
2079 1039 2493 1092 constituentur
2518 1057 2535 1090 ι
2563 1055 2774 1106 omnes,
2797 1041 3078 1097 videretur
3106 1058 3171 1099 ex
3201 1045 3508 1115 hujusmodi

1927 1128 2312 1196 promissionis
2360 1131 2664 1186 securitate
2713 1131 2988 1187 resolvere
3046 1134 3260 1190 animos
3319 1151 3508 1192 eorum

1928 1219 2122 1286 quibus
2146 1221 2364 1290 expedit
2394 1236 2517 1276 esse
2549 1222 2651 1276 sub
2677 1232 2846 1277 metu.
2875 1222 2940 1276 Et
2964 1223 3085 1280 ideo
3111 1241 3209 1280 nos
3235 1227 3410 1282 ﬁdelis
3449 1237 3506 1282 et

1928 1311 2210 1380 prudentis
2275 1313 2328 1366 in
2368 1313 2538 1368 verbo
2592 1312 2685 1368 Dei
2760 1315 3159 1382 dispensatoris
3217 1319 3506 1374 consilium

1926 1414 2231 1470 servantes,
2261 1419 2362 1474 pro
2392 1419 2458 1460 eo
2498 1405 2671 1476 magis
2721 1406 3044 1463 satisfacere
3070 1409 3327 1464 debemus
3365 1427 3506 1480 quo-

1927 1497 2091 1552 modo
2137 1513 2234 1568 per
2278 1499 2440 1554 unius
2499 1500 2933 1556 iuohedientiam
2989 1518 3096 1558 non
3154 1519 3364 1570 omnes,
3409 1506 3508 1560 sed

1929 1591 2081 1645 multi
2136 1602 2263 1647 sunt
2300 1602 2618 1661 peccatores
2659 1593 2809 1650 facti.
2864 1594 2998 1649 Nam
3051 1611 3148 1666 per
3187 1598 3348 1652 unius
3376 1599 3507 1653 ohe-

1927 1683 2186 1737 dientiam
2221 1684 2496 1752 quomodo
2535 1700 2643 1739 non
2699 1700 2912 1751 onmcs,
2961 1687 3055 1741 sed
3089 1687 3243 1742 multi
3298 1690 3505 1743 consti-

1926 1781 2171 1836 tuantur,
2221 1772 2592 1828 difﬁcultatem
2673 1791 2778 1829 non
2835 1775 3057 1830 habebit
3109 1777 3502 1846 intelligentiae.

1922 1863 2219 1916 secundum
2252 1863 2382 1916 illud
2406 1866 2550 1930 quod
2583 1865 2844 1921 Dominus
2870 1867 3002 1921 dicit
3030 1868 3082 1920 in
3113 1867 3408 1937 Evangelio
3432 1869 3500 1924 "’2

1926 1971 1946 2005 ι
1987 1953 2136 2008 Multi
2169 1955 2314 2010 enim
2348 1957 2570 2010 venient
2617 1956 2686 2011 ab
2713 1957 2937 2012 Oriente
2984 1968 3038 2012 et
3083 1956 3396 2023 Occidente,
3449 1970 3506 2014 ct

1923 2047 2386 2102 recumbentcum
2416 2046 2728 2112 Abraham,
2769 2058 2824 2102 et
2877 2048 3046 2110 Isaac.
3107 2058 3162 2102 et
3225 2047 3393 2105 Jacob
3447 2051 3504 2105 in

1923 2151 2093 2205 regno
2123 2139 2239 2202 Dei,
2271 2157 2290 2190 ι
2335 2149 2388 2194 et
2418 2153 2526 2195 non
2553 2139 2716 2204 dixit,
2744 2142 2947 2196 Omnes
2973 2141 3216 2196 venient.
3249 2141 3502 2196 Peccatu-

1922 2243 2015 2283 res
2039 2239 2218 2284 autem
2249 2230 2520 2298 quomodo
2555 2228 2712 2282 multi
2744 2237 2798 2282 et
2825 2243 2929 2281 non
2971 2243 3162 2282 omnes
3193 2229 3502 2294 vidi-antur,

1923 2337 2046 2378 eum
2082 2321 2224 2375 idem
2251 2319 2550 2389 Apostolus
2580 2319 2722 2372 dicat
2765 2319 2910 2386 quod
2963 2336 2984 2370 ι
3011 2334 3203 2374 omnes
3244 2333 3503 2388 peccave-

1925 2421 2070 2476 runt,
2099 2429 2118 2462 l
2158 2411 2416 2465 debemus
2459 2409 2772 2463 ostendere.
2831 2408 2990 2462 Aliud
3024 2417 3107 2462 est
3163 2422 3392 2476 peccare
3423 2409 3499 2472 ⁷⁸,

1923 2505 2068 2558 aliud
2133 2511 2472 2571 peccatorem
2523 2514 2666 2555 esse.
2746 2499 3008 2555 Peccator
3056 2501 3257 2555 dicitur
3303 2501 3347 2556 is
3404 2501 3500 2570 qui

1925 2594 2088 2649 multa
2134 2592 2500 2662 delinquendo
2531 2635 2545 2660 ,
2581 2593 2633 2646 in
2669 2593 3121 2647 consuetudinem
3145 2633 3160 2658 ,
3198 2600 3272 2656 et,
3324 2601 3382 2646 ut
3424 2593 3498 2646 ita

1925 2687 2145 2750 dicam,
2211 2686 2262 2740 in
2331 2685 2574 2739 studium
2621 2684 2882 2752 peccandi
2939 2682 3048 2754 jam
3107 2685 3294 2748 venit;
3355 2686 3500 2737 sicut

1923 2776 2232 2832 econtrario
2267 2776 2450 2846 justus
2495 2790 2600 2828 non
2637 2773 2840 2827 dicitur
2881 2774 2926 2827 is
2961 2774 3054 2843 qui
3089 2773 3258 2828 semel
3285 2782 3381 2825 aut
3415 2772 3499 2826 bis

1925 2870 2128 2939 aliquid
2186 2868 2417 2938 justitia:
2476 2866 2718 2932 fecerit,
2805 2866 2900 2919 sed
2965 2865 3052 2920 ille
3112 2866 3203 2935 qui
3276 2879 3501 2932 semper

243 2959 470 3022 tionem,
505 2979 523 3012 ι
579 2975 686 3029 quo
717 2961 927 3017 scilicet
984 2962 1036 3016 in
1107 2965 1361 3020 omnibus
1407 2967 1602 3035 probet
1654 2968 1820 3023 multo
1849 2996 1890 3053 ο
1920 2963 2068 3032 jtlsle
2118 2961 2342 3031 agendo.
2387 2961 2440 3014 in
2495 2974 2593 3013 usu
2652 2965 2708 3012 ει
2772 2957 3170 3053 οοηευθίυιηβηθ
3226 2957 3498 3024 insiliunt"

243 3051 609 3108 abundantius
645 3053 846 3108 donum
875 3069 997 3110 esse
1031 3072 1192 3124 quam
1219 3057 1500 3112 delictum.
1542 3060 1822 3125 Quomodo

243 3160 396 3210 sane,
431 3146 512 3200 vel
536 3161 655 3215 qua;
678 3147 1060 3200 condemnatio
1091 3148 1141 3202 in
1167 3164 1356 3202 omnes
1381 3149 1628 3206 homines
1661 3168 1821 3207 vene-

246 3237 318 3289 rit
349 3236 636 3289 videndum
662 3246 764 3290 est.
803 3236 867 3290 Et
897 3237 1144 3294 sullicere
1173 3237 1398 3294 forsitan
1431 3251 1606 3310 potest
1625 3258 1821 3299 secun-

246 3327 373 3382 dum
403 3327 703 3397 simplicem
736 3329 1156 3397 expositionem,
1187 3341 1241 3384 ut
1283 3331 1528 3388 dicamus
1559 3335 1815 3389 condem-

249 3421 524 3474 nationem
574 3434 695 3474 esse
737 3419 919 3474 delicti
976 3435 1318 3476 communem
1368 3423 1509 3478 hanc
1567 3437 1817 3492 mortem,

247 3526 367 3580 quae
398 3511 653 3566 omnibus
677 3511 846 3576 venit,
875 3520 929 3564 et
960 3513 1159 3570 veniet.
1194 3514 1359 3567 etiam
1381 3515 1422 3567 si
1443 3514 1572 3584 justi
1604 3516 1821 3570 videan-

250 3615 358 3658 tttr.
387 3602 540 3669 Quod
576 3604 620 3657 si
655 3603 796 3659 forte
820 3604 1018 3673 aliquis
1060 3605 1286 3673 oltjit‘ial.
1313 3608 1377 3659 de
1407 3608 1590 3662 Ettoclt
1619 3620 1671 3662 et
1704 3609 1817 3662 Elin

247 3696 339 3762 qui
391 3694 643 3748 translati
695 3703 824 3748 sunt
875 3709 942 3748 ne
999 3695 1246 3748 viderent
1304 3705 1533 3752 mortem
1574 3699 1665 3752 7':
1719 3699 1819 3756 hoc

251 3786 408 3839 modo
442 3786 558 3839 inec
584 3802 745 3842 causa
775 3787 1017 3842 salvatur
1049 3787 1186 3859 (29).
1225 3790 1368 3856 quod
1416 3805 1520 3844 non
1563 3793 1821 3846 continuo

251 3876 382 3930 falsa
431 3879 720 3933 videantur
770 3894 832 3933 ea
874 3896 996 3949 qua:
1023 3885 1090 3936 de
1134 3883 1390 3936 omnibus
1439 3884 1713 3946 dicuntur,
1774 3885 1818 3938 si

251 3969 428 4037 aliqua
459 3969 792 4038 dispensatio
819 3970 911 4024 Dei
938 3971 992 4025 in
1029 3987 1136 4025 uno
1167 3973 1248 4026 vel
1275 3973 1484 4027 duolms
1515 3974 1822 4029 hominibus

251 4061 392 4116 facta
423 4072 526 4116 est.
582 4061 688 4117 Sed
733 4073 789 4114 et
837 4063 966 4118 illud
997 4065 1119 4134 quis
1153 4075 1550 4134 competenter,
1587 4073 1644 4119 ut
1673 4067 1820 4120 arbi-

251 4164 385 4221 tror,
421 4156 659 4225 proferet
692 4159 744 4211 in
786 4157 926 4222 loco,
955 4159 1081 4225 quia
1122 4174 1244 4212 cum
1270 4158 1590 4226 deliquisset
1623 4160 1819 4220 Adam,

249 4245 510 4315 scriptum
539 4255 621 4302 est
651 4249 696 4280 ⁷⁸
721 4250 864 4318 quod
893 4250 1051 4318 eiecit
1099 4263 1223 4304 eum
1270 4249 1531 4304 Dominus
1583 4249 1723 4304 Dens
1757 4255 1820 4304 de

1929 3051 2090 3122 557
2124 3053 2302 3105 habet.
2346 3047 2479 3101 Nam
2515 3048 2559 3102 si
2586 3047 2710 3116 quis
2743 3047 2796 3100 in
2830 3047 3046 3101 caeteris
3088 3045 3200 3102 fere
3235 3049 3488 3102 outnilms

1924 3136 2172 3213 injustus'
2188 3139 2280 3202 sit,
2311 3139 2478 3196 semel
2499 3152 2678 3194 autem
2711 3131 2792 3194 v81
2817 3140 2902 3194 bis
2930 3139 3130 3208 aliquid
3150 3140 3283 3208 justi
3315 3145 3499 3211 operis

1921 3234 2115 3305 egerit,
2148 3233 2249 3288 iste
2299 3233 2518 3303 quidem
2565 3231 2619 3285 in
2657 3245 2724 3286 eo
2759 3245 2925 3299 opere
2971 3230 3024 3286 in
3075 3246 3184 3300 quo
3229 3231 3496 3302 justitiam

1925 3323 2276 3394 tenuit,juste
2303 3325 2482 3393 egisse
2498 3323 2735 3387 dicetur,
2768 3337 2872 3376 non
2900 3333 3081 3376 tamen
3107 3339 3169 3378 ex
3197 3324 3297 3378 hoc
3315 3323 3500 3391 justus

1921 3416 2305 3486 appellabitur.
2345 3415 2421 3470 ita
2460 3426 2516 3469 et
2559 3415 2740 3482 justus
2791 3428 3042 3483 peccasse
3093 3414 3316 3484 quidem
3354 3417 3515 3470 dice--

1925 3517 2016 3563 tur
2041 3508 2154 3580 (50)
2186 3508 2234 3563 si
2267 3507 2471 3575 aliquid
2498 3505 2837 3560 commiserit
2893 3505 3187 3573 aliquando
3218 3507 3360 3572 quod
3388 3521 3494 3559 non

1924 3603 2072 3663 licet,
2109 3615 2214 3656 non
2246 3609 2432 3655 tamen
2462 3611 2526 3652 ex
2579 3597 2680 3650 hoc
2709 3603 2964 3664 peccator
3004 3593 3380 3664 appellabitur,
3406 3595 3498 3663 qui

1924 3694 2183 3766 peccandi
2218 3707 2373 3747 usum
2423 3699 2479 3744 et
2507 3687 2956 3743 consuetudinem
2995 3700 3100 3739 non
3137 3692 3281 3739 tenet
3313 3700 3328 3738 :
3359 3687 3498 3740 sicut

1923 3794 1978 3838 et
2012 3781 2259 3836 medicus
2291 3780 2383 3834 ille
2422 3792 2528 3832 non
2559 3777 2766 3830 dicitur
2814 3775 2908 3844 qui
2963 3784 3057 3828 aut
3093 3773 3286 3829 leviter
3327 3786 3500 3845 ruptae

1925 3873 2120 3942 capitis
2148 3871 2257 3926 cuti
2284 3871 2388 3926 scit
2423 3871 2702 3940 imponere
2734 3881 3014 3929 araneam,
3060 3875 3155 3920 aut
3183 3867 3277 3936 qui
3314 3876 3496 3921 tumo.

1925 3981 2037 4019 rem
2072 3963 2315 4018 vulneris
2367 3977 2508 4032 aqua
2559 3960 2730 4016 calida
2795 3957 3008 4020 foverit,
3059 3958 3310 4028 quamvis
3332 3961 3497 4015 etiam

1926 4058 2030 4110 hoc.
2060 4054 2345 4111 medicinis
2371 4068 2492 4110 esse
2529 4053 2780 4108 videatur
2814 4070 2827 4106 :
2861 4053 2954 4107 sed
2985 4051 3076 4107 ille
3108 4051 3306 4106 dicitur
3331 4054 3500 4107 medio

1923 4163 2020 4204 cus
2061 4147 2150 4217 qui
2191 4161 2370 4211 usum,
2420 4161 2486 4201 ac
2523 4144 2800 4210 studium,
2845 4154 2898 4198 et
2951 4143 3296 4212 disciplinam
3332 4144 3498 4198 habet

1924 4242 2192 4297 medendi.
2217 4241 2293 4295 Ex
2313 4239 2515 4310 quibus
2538 4240 2792 4295 omnibus
2823 4247 2948 4306 puto
2973 4235 3302 4290 suﬂicienter
3317 4247 3500 4288 osten-

248 4341 523 4407 parmligo’
565 4350 618 4394 et
651 4343 934 4396 constituit
983 4356 1106 4396 cum
1165 4342 1216 4396 in
1269 4349 1412 4395 terra
1479 4341 1581 4397 hac
1626 4354 1816 4396 contra
1855 4332 1895 4386 D
1927 4335 1976 4388 tii
2013 4334 2155 4404 quod
2208 4334 2354 4387 aliud
2405 4332 2474 4386 sit
2510 4343 2758 4401 peccare,
2797 4329 2943 4380 aliud
2978 4335 3316 4395 peccatorem
3351 4338 3496 4378 esse.

253 4433 558 4498 paradisum
586 4433 938 4501 deliciarum;
969 4444 1022 4488 et
1048 4435 1162 4490 haec
1195 4435 1296 4489 luit
1324 4435 1502 4489 delicti
1540 4434 1658 4505 ejus
1682 4450 1815 4489 cou-

251 4522 544 4588 denmatio,
581 4539 699 4594 quae
738 4527 791 4578 in
825 4540 1015 4579 omnes
1045 4526 1296 4580 homines
1327 4529 1445 4581 sine
1475 4527 1642 4582 dubio
1691 4542 1816 4598 per-

253 4616 417 4671 venit.
442 4615 643 4671 Omnes
673 4617 818 4670 enim
870 4619 920 4670 in
960 4617 1079 4672 loco
1127 4617 1227 4671 hoc
1259 4618 1652 4674 humiliationis
1679 4629 1732 4674 et
1765 4621 1815 4674 in

251 4706 497 4762 convalle
529 4705 688 4762 ﬂetus
727 4705 905 4762 eii‘ecti
963 4716 1087 4760 sunt
1117 4723 1131 4772 ;
1167 4707 1283 4761 sive
1327 4706 1471 4775 quod
1525 4707 1576 4760 in
1625 4707 1821 4762 lumbis

251 4795 378 4849 Atla.-
403 4796 621 4851 {uertunt
648 4811 839 4852 omnes
889 4797 983 4866 qui
1021 4811 1086 4851 ex
1131 4811 1196 4852 eo
1242 4805 1562 4860 nascuntur,
1598 4805 1653 4851 et
1696 4812 1816 4852 cum

253 4887 365 4953 ipso
393 4888 602 4956 pariter
626 4889 782 4954 ejecti
809 4898 938 4942 sunt
961 4905 975 4942 :
995 4889 1110 4944 sive
1139 4887 1246 4942 alio
1273 4887 1516 4957 quolibet
1539 4887 1825 4943 inenarra-

252 4979 343 5032 bili
376 4980 534 5034 modo
553 4989 606 5035 et
635 4980 734 5034 soli
771 4981 878 5034 Deo
909 4982 1126 5051 cognito
1157 4979 1529 5049 unusquisque
1557 4980 1623 5033 de
1660 4994 1823 5049 para-

250 5071 368 5126 diso
394 5082 572 5128 trusus
605 5074 836 5135 videtur,
873 5084 928 5128 et
963 5075 1246 5145 excepisse
1288 5072 1818 5130 condemnationem.

323 5164 376 5218 5.
414 5183 433 5216 ι
461 5165 611 5221 Sicut
640 5167 782 5221 enim
810 5182 908 5238 per
935 5165 1358 5224 iuohedientiam
1387 5163 1545 5220 unius
1579 5162 1820 5218 hominis

322 5317 409 5370 “l
441 5315 588 5372 Petr.
609 5335 652 5380 ι,
677 5319 733 5374 2.
807 5319 850 5351 ⁸⁷
882 5319 1023 5374 Psal.
1056 5334 1143 5383 cv,
1173 5319 1230 5374 5.

251 5402 305 5451 ν,
351 5388 456 5453 εις
486 5387 547 5440 ιν
587 5389 719 5459 Reg.
761 5406 822 5454 ιι,
854 5389 938 5444 ll.
1011 5391 1057 5422 ⁷³
1093 5388 1442 5456 Gen.ttt,23,
1473 5387 1566 5442 9.5.

254 5473 367 5525 xlv,
401 5460 457 5527 4,
489 5459 539 5512 5.

329 5577 440 5650 (i9)
472 5578 638 5643 Alias,
682 5596 698 5629 ι
738 5579 789 5632 id
833 5577 1166 5650 quod_modo
1203 5575 1343 5650 [_a.l.,
1377 5589 1395 5622 ι
1451 5584 1504 5650 in
1535 5571 1642 5650 hoc
1671 5583 1825 5650 mun-

256 5637 346 5714 do,
375 5669 391 5702 ι
422 5637 537 5718 ἰιΙ.,
577 5668 596 5702 ι
626 5637 726 5704 hoc
760 5637 915 5703 modo
945 5645 1007 5719 ι]
1037 5637 1434 5701 excusabitur.»
1467 5637 1574 5694 Sed
1615 5639 1816 5692 rectius

1307 5317 1352 5349 ⁸⁸
1381 5317 1510 5385 Sap.
1547 5333 1624 5381 tx,
1651 5316 1706 5370 6.

1786 5316 1830 5346 ⁸ο
1875 5313 2032 5367 Dom.
2059 5326 2116 5375 ν,
2155 5310 2239 5363 l7.

1643 5387 1688 5420 "
1719 5385 1877 5440 noun.
1915 5398 1972 5448 v,
2003 5382 2088 5436 19.

1925 4423 2124 4481 Omnes
2171 4425 2314 4480 enim
2372 4431 2550 4492 potest
2596 4421 2711 4474 liet'i
2743 4427 2801 4472 ut
2854 4418 3224 4484 peccaverint,
3277 4414 3495 4468 etiamsi

1925 4520 2098 4574 sancti
2133 4516 2356 4577 fuerint,
2394 4514 2522 4583 quia
2555 4529 2574 4562 ι
2618 4523 2776 4564 nemo
2805 4507 3036 4560 mundus
3069 4520 3097 4557 a
3121 4505 3300 4566 sorde,
3331 4518 3428 4557 nec
3451 4503 3497 4557 si

1927 4611 2088 4663 unius
2117 4607 2221 4660 diei
2258 4605 2422 4658 fuerit
2455 4603 2560 4656 vita
2603 4601 2720 4669 ejus
2747 4600 2814 4653 ".
2847 4617 2864 4649 ι
2899 4595 3031 4662 Quis
3080 4595 3224 4650 enim
3274 4603 3357 4648 est
3403 4593 3497 4663 qui

1931 4715 2038 4753 non
2070 4705 2165 4750 aut
2199 4694 2252 4748 in
2284 4693 2448 4756 facto,
2477 4700 2568 4744 aut
2601 4690 2652 4744 in
2691 4687 2882 4750 verbo,
2913 4696 3008 4740 aut
3037 4684 3126 4752 qui
3153 4681 3500 4738 cautissimus

1932 4795 2082 4844 certe
2116 4793 2223 4849 est,
2254 4783 2335 4836 vel
2375 4783 2426 4834 in
2451 4780 2777 4850 cogitatione
2805 4771 3154 4846 peccaverit?
3179 4769 3244 4824 Et
3270 4770 3413 4836 ideo,
3444 4780 3502 4824 ut

1933 4880 2068 4944 dixi,
2097 4889 2352 4947 peccasse
2373 4871 2591 4944 quidem
2618 4883 2810 4924 omnes
2859 4865 3050 4922 merito
3080 4864 3345 4926 dicentur,
3378 4874 3502 4929 pec-

1935 4981 2154 5026 catores
2179 4977 2361 5020 autem
2408 4961 2534 5017 iacti
2573 4975 2677 5015 non
2712 4973 2935 5021 omnes;
2990 4957 3083 5008 sed
3115 4951 3289 5006 multi.
3324 4947 3498 5003 Simili

1932 5076 2147 5134 quoque
2171 5059 2341 5114 ferina
2364 5064 2419 5112 et
2437 5054 2568 5123 justi
2589 5053 2739 5107 multi
2761 5050 3124 5110 habebuntur,
3152 5059 3259 5099 nou
3288 5047 3498 5104 omnes,

1933 5152 2151 5210 etiamsi
2181 5163 2371 5207 omnes
2397 5146 2527 5219 justi
2575 5144 2779 5214 aliquid
2803 5143 2981 5211 operis
3011 5146 3194 5209 agant.
3226 5135 3368 5189 Bene
3399 5149 3501 5186 au-

3267 5291 3314 5326 "
3359 5289 3501 5347 Gen.

3317 5361 3362 5395 "
3400 5359 3506 5416 Job

2735 5303 2779 5333 ⁷⁸
2824 5297 2980 5353 inuti.
3030 5311 3084 5354 κ,
3120 5294 3173 5349 9.

2797 5371 2841 5400 ⁷⁸
2863 5369 3016 5422 lium.
3053 5380 3106 5431 v,
3139 5364 3220 5420 l2.

2315 5308 2361 5340 ⁷⁸
2384 5306 2517 5360 ibid.
2550 5303 2638 5358 18.

2166 5382 2214 5412 ’⁸
2247 5378 2435 5432 Matth.
2477 5390 2595 5437 vnt,
2633 5373 2720 5426 il.

1935 5579 2038 5618 ms.
2066 5577 2206 5615 unus
2243 5568 2299 5612 ut
2332 5575 2384 5613 tn
2421 5566 2606 5611 nostro
2638 5566 2806 5612 textu.

1999 5634 2108 5703 (50)
2147 5631 2312 5697 Alias,
2353 5647 2370 5681 ι
2403 5629 2621 5684 dicitur.
2656 5647 2676 5682 ι
