3986 6206
532 238 660 294 ιιδι

1967 229 2282 284 υιιιιιιςΝιε

3637 237 3658 288 1
3667 237 3776 291 032

530 367 638 408 tem
672 352 740 405 ah
771 349 1029 418 Apostnlo
1051 348 1215 403 etiam
1249 356 1554 418 temporum
1589 347 1725 402 ratio
1759 347 2086 400 custoditur.
2121 351 2164 404 A
2193 344 2369 398 stituti
2407 351 2533 397 sunt
2590 344 2766 399 multi.
2804 365 2822 398 ι
2857 342 2959 400 Ubi
2996 361 3126 402 vero
3173 364 3190 398 ι
3229 349 3598 404 obedientiam
3639 371 3658 402 ι
3693 369 3786 420 pa.

529 444 664 498 Nam
715 457 835 496 cum
870 441 1072 495 multos
1117 441 1449 494 constitutos
1505 453 1627 493 esse
1671 448 1989 509 peccatores
2029 440 2096 490 ad

528 534 858 604 praeteritum
910 531 1257 595 retulerit",
1287 531 1466 598 jnstos
1519 530 1934 586 constituendos
1980 545 2103 584 esse

531 625 732 675 inultos
758 625 824 676 ad
861 620 1098 674 futurum
1138 621 1414 676 transtulit
1463 630 1700 689 tempus,
1751 621 1930 675 sciens
1983 622 2102 676 sine

527 714 691 766 dubio
713 712 853 778 quod
882 727 1132 780 processu
1157 713 1558 783 prmdicationis
1579 714 1900 782 evangelicae
1917 713 2102 782 justo-

528 820 642 858 rum
667 805 955 858 multitudo
990 806 1160 874 major
1197 817 1562 860 accresceret.
1587 806 1740 873 Quod
1767 819 1945 862 autem
1967 807 2098 873 justi

527 896 680 950 inniti
715 895 914 950 fuerint
939 897 1101 950 etiam
1133 908 1259 950 ante
1285 898 1591 952 Salvatoris
1617 901 1912 953 adventum
1958 901 2098 954 idem

529 986 789 1041 Dominus
814 997 1046 1042 testatur
1069 988 1120 1041 in
1148 988 1478 1058 Evangeliis,
1505 1005 1630 1043 eum
1653 991 1783 1044 dicit
1802 991 1847 1022 ⁷⁸
1870 1008 1884 1044 :
1907 1011 1924 1042 ι
1949 991 2100 1046 Multi

526 1078 798 1145 prophetae
846 1088 900 1133 et
927 1079 1058 1146 justi
1091 1081 1381 1148 cupierunt
1424 1083 1607 1134 videre
1661 1097 1778 1149 qnte
1810 1083 2024 1136 videtis.
2073 1102 2092 1135 ι

527 1167 632 1220 Sed
662 1168 820 1220 aliter
847 1169 935 1223 hic
974 1171 1169 1224 inn-llos
1191 1171 1325 1225 dicit
1345 1173 1594 1226 Salvator
1620 1174 1821 1240 justas,
1846 1185 1900 1228 et
1934 1175 2098 1230 aliter

524 1259 818 1328 Apostolus
857 1261 1036 1328 posuit
1074 1261 1206 1330 (3t).
1261 1261 1392 1316 Nam
1427 1261 1678 1318 Salvator
1727 1267 2096 1332 apostolorum

526 1365 816 1404 numerum
868 1351 1193 1418 respiciens,
1229 1353 1296 1404 ad
1334 1352 1572 1420 ipsorum
1628 1355 2098 1423 comparationem

525 1439 724 1492 multos
762 1440 901 1492 dixit
939 1440 1115 1510 justos
1156 1450 1210 1493 et
1236 1441 1532 1509 prophetas
1559 1457 1573 1493 :
1606 1441 1657 1494 iit
1688 1443 1941 1508 pra-senti
1972 1458 2100 1499 vero

525 1527 642 1583 loco
668 1528 955 1598 Apostolus
981 1533 1183 1584 multos
1206 1531 1271 1584 ad
1299 1530 1536 1584 Omnium
1567 1532 1656 1599 qu'i
1692 1532 1742 1584 in
1771 1533 1872 1585 hoc
1899 1535 2102 1588 mundo

523 1620 634 1672 nati
671 1628 798 1673 sunt
818 1629 874 1676 et
903 1630 1198 1674 nascentur
1227 1623 1692 1688 comparationem
1716 1623 2097 1694 intelligendus

2211 435 2290 488 nit
2320 454 2338 486 ι
2374 436 2554 497 unius,
2591 455 2610 488 I
2652 452 2756 490 non
2781 437 2954 501 addit,
2987 438 3248 502 hominis,
3274 461 3290 491 ι
3331 457 3430 509 per
3461 455 3628 510 quem
3653 445 3783 510 justi

2207 528 2604 582 constituentur
2637 529 2794 582 multi
2832 531 2971 599 (55).
2991 549 3011 581 ι
3044 530 3142 586 Hic
3170 533 3316 585 enim
3341 549 3439 601 per
3467 551 3637 602 quem
3655 537 3783 603 justi

2209 616 2366 679 fiunt,
2425 618 2548 670 sine
2593 617 2756 670 dubio
2815 619 2929 687 ipsa
2968 619 3178 685 justitia
3224 631 3332 683 est,
3386 623 3530 676 sicut
3559 635 3616 676 et
3648 626 3782 678 idem

2206 707 2494 773 Apostolus
2522 709 2652 761 dicit
2684 709 2753 762 de
2786 710 3009 763 Christo
3044 727 3058 763 :
3097 730 3115 762 ι
3159 711 3262 778 Qui
3297 711 3479 768 factus
3506 725 3598 768 est
3633 720 3784 770 nobis

2202 795 2411 864 justitia
2442 812 2470 849 a
2507 796 2614 850 Deo
2636 797 2705 847 ⁸⁵.
2737 817 2755 848 ι
2807 799 2966 856 Dedit
3019 815 3148 870 ergo
3195 803 3368 856 Adam
3399 807 3781 872 peccatoribus

2209 885 2437 937 formam
2475 900 2571 954 per
2602 886 3059 954 iuobedientiam;
3087 890 3338 945 Christus
3367 907 3497 948 vero
3531 909 3754 950 econtra

2209 981 2288 1033 rio
2319 981 2483 1048 justis
2507 981 2734 1036 fortnam
2768 1000 2862 1053 per
2893 984 3262 1040 obedientiam
3309 993 3516 1056 posuit,
3551 995 3697 1046 sicut
3731 1009 3780 1048 et

2207 1071 2332 1124 alibi
2387 1074 2648 1142 scriptum
2681 1085 2764 1128 est
2790 1075 2883 1127 ηε
2933 1095 2952 1127 ι
2985 1077 3262 1134 Obedistis
3293 1093 3474 1136 autem
3509 1098 3586 1138 ex
3625 1087 3778 1141 corde

2207 1165 2259 1216 in
2297 1181 2414 1217 eam
2449 1166 2680 1219 fortnam
2721 1169 3009 1233 doctrinae,
3041 1170 3094 1223 in
3129 1185 3292 1239 quam
3345 1179 3534 1230 traditi
3571 1180 3720 1234 estis.
3753 1200 3771 1232 ι

2206 1254 2496 1322 Propterea
2527 1258 2670 1310 enim
2701 1265 2757 1312 et
2795 1259 2911 1328 ipse
2945 1280 2964 1311 ι
3003 1260 3263 1316 obetliens
3297 1263 3476 1320 factus
3499 1277 3593 1321 est
3619 1285 3774 1337 usque

2207 1347 2272 1400 ad
2315 1359 2539 1402 mortem
2566 1348 2635 1412 ⁸⁷,
2677 1367 2696 1400 ι
2749 1361 2806 1403 ιιι
2837 1353 2928 1419 (ιιιί
2959 1355 3286 1410 oboedientia:
3313 1357 3440 1425 ejus
3475 1373 3774 1428 sequuntur

2204 1440 2534 1508 exemplum,
2553 1440 2686 1506 justi
2713 1446 3117 1501 constituantur
3145 1448 3212 1500 ab
3240 1450 3352 1518 ipsa
3383 1449 3777 1518 jttstitia.sicttt

2207 1529 2278 1581 illi
2326 1531 2706 1589 iuobedientire
2740 1533 2970 1590 formam
3015 1550 3307 1608 sequentes
3334 1544 3629 1600 canstituti
3659 1559 3778 1602 sunt

2205 1629 2533 1683 peccatores.

523 1720 608 1766 est
631 1725 940 1766 revocasse.
968 1709 1138 1780 Igitur
1162 1729 1180 1762 ι
1220 1727 1316 1780 per
1341 1714 1500 1765 ttnius
1527 1713 1946 1767 iuobedientiam
1977 1731 2099 1783 pec-
2131 1701 2172 1754 Β
2274 1705 2330 1758 6·
2367 1724 2384 1756 ε
2437 1705 2544 1760 Le!
2607 1718 2790 1764 autem
2829 1713 2941 1782 (36)
2973 1715 3326 1782 subintravit,
3360 1727 3418 1773 ut
3473 1721 3771 1779 abundaret

524 1812 740 1854 catores
772 1801 1207 1856 constitutisunt
1222 1800 1464 1865 multi",
1486 1805 1816 1856 isecundunt
1850 1817 1968 1856 eam
1999 1807 2102 1856 oh-

525 1891 859 1944 servantiam
892 1890 1044 1944 multi
1072 1899 1392 1958 peccatores
1424 1891 1782 1961 intelligendi,
1813 1909 1975 1962 quam
2011 1912 2102 1950 su-

523 1995 621 2049 pra
661 1981 729 2033 de
786 1991 1046 2048 peccante
1088 1991 1144 2034 et
1169 1989 1456 2049 peccatore
1483 1984 1828 2051 protulimus.
1871 1985 2023 2051 Quod
2054 1989 2100 2042 si

523 2072 645 2140 quis
671 2072 824 2125 nobis
844 2071 1067 2140 objiciat
1099 2071 1230 2127 illttd
1262 2075 1404 2142 quod
1449 2073 1516 2127 de
1547 2088 1605 2127 se
1639 2075 1756 2144 ipso
1795 2076 1924 2130 dicit
1963 2078 2103 2147 Apo-

523 2161 698 2215 stolus
730 2178 744 2214 :
785 2179 806 2212 ι
855 2160 990 2227 Quia
1018 2162 1272 2218 Christus
1302 2161 1460 2217 Jesus
1493 2164 1638 2216 venit
1674 2166 1725 2217 ιιι
1755 2165 1898 2219 hunc
1945 2183 2102 2220 tutnt-

524 2255 648 2306 dum
675 2251 788 2322 (32)
821 2265 1138 2322 peccatores
1168 2255 1350 2308 salvos
1375 2255 1582 2322 facere,
1619 2272 1848 2326 quorum
1890 2259 2101 2326 primus

521 2358 619 2412 ego
640 2359 757 2398 sunt
775 2343 878 2408 “,i
901 2346 1235 2413 quasietiam
1260 2363 1320 2401 se
1347 2357 1688 2416 peccatorcm
1720 2348 1901 2404 dicere
1923 2350 2073 2406 videa
2089 2381 2102 2394 -

525 2448 631 2497 tur,
660 2435 904 2489 dicemus
946 2438 1092 2505 quod
1122 2438 1266 2492 aliud
1297 2449 1382 2493 est
1409 2453 1478 2493 ex
1513 2455 1748 2508 persona
1777 2440 2102 2507 Scriptum,

521 2529 604 2584 vel
628 2531 922 2601 prophetae.
949 2529 1030 2584 vel
1064 2531 1274 2587 Datniui
1321 2532 1555 2601 aliquem
1593 2543 1930 2602 peccator-em
1959 2533 2100 2587 desi-

520 2626 696 2690 gnari,
727 2623 870 2677 aliud
890 2623 1202 2691 estjustum
1235 2624 1410 2693 ipsum
1445 2625 1526 2678 sui
1553 2624 1670 2677 fieri
1703 2633 2098 2690 accusatorem,

517 2727 570 2767 et
603 2714 894 2768 hutniliare
924 2716 1276 2784 semetipsum
1304 2725 1362 2768 ut
1383 2714 1656 2768 exaltetur
1681 2730 1710 2768 a
1737 2715 1877 2777 Deo;
1905 2730 2099 2784 quam-

522 2806 603 2856 vis
635 2814 688 2857 et
717 2803 915 2857 Paulus
949 2805 998 2857 in
1035 2819 1100 2858 eo
1148 2806 1292 2874 quod
1342 2806 1476 2859 dicit
1509 2816 1855 2875 persecutum
1889 2822 1947 2860 se
1979 2823 2100 2860 esse

521 2894 816 2950 Ecclesiam
846 2895 963 2958 Dei,
989 2904 1043 2948 et
1070 2912 1414 2965 expugnasse
1440 2913 1583 2963 eam,
1617 2907 1671 2952 et
1697 2896 1929 2951 traxisse
1953 2899 2098 2952 viros

520 3003 584 3040 ac
611 2990 885 3049 mulieres,
914 2999 967 3042 et
993 2989 1046 3043 in
1075 2988 1289 3042 vincula
1323 2987 1649 3055 conjecisse,
1685 2990 1814 3044 licet
1839 2990 2097 3059 ignoran-

521 3079 594 3130 tia
627 3079 739 3133 h;rc
772 3078 986 3143 fecerit,
1020 3089 1078 3132 et
1114 3079 1556 3134 misericordiam
1582 3091 1904 3135 consecutus
1929 3081 1998 3132 sit
2026 3080 2093 3145 ⁸⁸,

522 3181 701 3224 tamen
731 3186 853 3226 cum
876 3170 992 3225 haec
1019 3171 1225 3225 faceret
1247 3187 1354 3226 nou
1384 3172 1661 3226 immerito
1689 3171 1937 3226 fortassis
1967 3187 2097 3240 pet--

526 3271 764 3315 catorem
793 3276 851 3314 se
883 3262 988 3315 dici
1019 3261 1273 3316 debuisse
1301 3260 1554 3316 fateatur.
1591 3261 1662 3316 Ut
1690 3273 1872 3315 autem
1908 3263 2094 3315 distin-

519 3353 720 3406 ctionis
775 3351 934 3420 hujus
970 3367 1132 3422 quam
1183 3338 1435 3407 dedimus
1489 3354 1633 3407 inter
1681 3365 2000 3422 peccantem
2041 3364 2094 3407 et

520 3451 859 3511 peccatorem
897 3457 1039 3508 esse,
1079 3444 1384 3497 evidentior
1413 3445 1586 3497 adhuc
1613 3443 1724 3515 (55)
1759 3444 1898 3497 ratio
1920 3444 2094 3498 clare-

519 3544 656 3597 scat,
699 3535 817 3589 vide
851 3533 1003 3599 Cain,
1035 3535 1128 3604 qui
1183 3550 1306 3589 cmn
1367 3533 1656 3590 manifeste
1691 3546 1949 3604 peccator
1990 3539 2084 3600 sit,

522 3626 652 3682 fecit
686 3635 867 3680 tamen
891 3625 1094 3695 aliquid
1124 3635 1331 3680 rectum
1370 3645 1382 3680 :
1416 3637 1638 3697 propter
1658 3628 1802 3696 quod
1841 3628 2095 3681 Dominus

522 3722 587 3774 ad
641 3735 764 3774 eum
814 3720 994 3774 dixit:
1033 3738 1052 3770 ι
1085 3719 1140 3774 Si
1188 3730 1334 3775 recte
1387 3719 1588 3775 offeras
1606 3720 1676 3776 ⁸³.
1712 3739 1732 3773 ι
1761 3720 1828 3774 Ει
1881 3719 2092 3774 Pharao

521 3827 642 3864 cum
668 3811 802 3864 dicit
832 3826 846 3862 :
889 3829 908 3862 ι
946 3811 1204 3864 Dominus
1226 3809 1444 3879 justus;
1492 3826 1594 3881 ego
1628 3820 1812 3865 autem
1842 3822 1898 3866 et
1922 3827 2087 3882 popu-

522 3903 604 3955 lus
639 3916 789 3954 meus
827 3901 975 3970 impii
1001 3900 1050 3932 ⁸⁸
1084 3918 1100 3955 :
1132 3919 1150 3952 ι
1176 3899 1383 3970 justum
1432 3900 1636 3970 aliquid
1668 3900 1820 3964 fecit,
1856 3904 1951 3954 sed
1985 3917 2090 3954 non

520 4008 588 4047 ex
621 3994 722 4046 hoc
747 3992 924 4060 justus
943 3993 1168 4049 dicitur.
1205 3993 1268 4046 Et
1313 3992 1480 4046 multa
1511 3992 1822 4062 hujusmodi
1858 3994 1910 4047 itt
1945 3993 2092 4046 Scri-

523 4082 698 4149 pturis
732 4081 929 4135 divinis
987 4081 1252 4143 invenies,
1286 4098 1351 4137 ex
1399 4085 1597 4153 quibus
1638 4094 1693 4139 et
1726 4083 1934 4154 justum
1967 4098 2091 4153 pec-

520 4186 676 4226 casse
709 4171 933 4238 aliquid,
984 4179 1040 4226 et
1087 4183 1434 4242 peccatorem
1483 4176 1616 4244 justi
1668 4177 1870 4246 aliquid
1917 4175 2090 4244 egisse

520 4263 895 4333 deprehendas
931 4281 945 4316 :
979 4278 1080 4318 nec
1109 4273 1288 4318 tamen
1317 4274 1409 4318 aut
1447 4265 1653 4332 justum
1701 4267 1836 4338 (54),
1865 4270 2009 4336 quod
2039 4268 2089 4318 in

520 4354 701 4424 aliquo
730 4354 1062 4424 peccaverit,
1101 4366 1448 4424 peccatorem
1481 4357 1720 4422 dictum;
1754 4367 1846 4410 aut
1892 4373 2088 4423 pecca-
2123 4387 2166 4442 ο

523 4458 720 4511 torem,
768 4449 912 4517 quod
950 4448 1154 4516 aliquid
1179 4448 1315 4518 justi
1366 4449 1566 4518 egerit,
1608 4447 1816 4515 justum
1847 4449 2091 4502 invenies

521 4539 869 4609 appellatum.
901 4540 1099 4595 Verum
1126 4555 1194 4595 ne
1233 4539 1362 4593 illud
1402 4539 1620 4609 quidem
1653 4540 1920 4596 intentum
1950 4556 2090 4608 prte-

521 4639 693 4684 tereat
721 4631 1044 4695 auditorem,
1077 4630 1222 4700 quod
1254 4629 1345 4683 ubi
1389 4648 1408 4681 ι
1450 4629 1869 4684 iuobedientiam
1900 4631 2085 4682 unius»

519 4718 674 4781 dicit,
704 4719 854 4774 addit
885 4729 938 4772 et
959 4738 978 4771 ι
1005 4719 1261 4782 hominis,
1287 4735 1384 4786 per
1419 4735 1579 4788 quem
1611 4729 1928 4790 peccatores
1963 4734 2092 4771 con-

2205 1796 2484 1850 delietmn.
2524 1799 2624 1854 Ubi
2659 1811 2839 1856 autem
2877 1805 3171 1861 abundavit
3197 1818 3506 1877 peccatum,
3554 1828 3770 1882 supera-

2202 1883 2461 1939 bundavit
2495 1892 2701 1957 gratia,
2761 1899 2818 1945 ut
2869 1894 3010 1948 sicut
3076 1899 3328 1966 regnavit
3381 1910 3670 1966 peccatum
3718 1903 3766 1955 itt

2204 1984 2452 2034 mortem,
2484 1976 2554 2030 ita
2589 1989 2642 2031 et
2666 1981 2839 2049 gratia
2876 1993 3068 2053 regnet
3097 2000 3196 2054 per
3212 1986 3480 2056 justitiam
3516 1991 3574 2044 in
3613 1991 3766 2046 vitam

2201 2073 2484 2128 aeternam,
2513 2081 2608 2135 per
2625 2067 2806 2124 Jesum
2824 2069 3096 2126 Christum
3108 2074 3727 2132 Dominutnnostrttm“.
3742 2099 3757 2128 ι

2203 2150 2259 2207 Si
2292 2156 2503 2222 quidem
2541 2168 2828 2227 antequam
2858 2161 2939 2216 lex
2974 2179 3070 2233 per
3091 2163 3308 2234 Moysen
3334 2165 3559 2221 daretur
3613 2184 3764 2224 nemo

2204 2256 2506 2312 peccasset,
2538 2249 2784 2304 volentes
2808 2268 3067 2306 accusare
3093 2254 3262 2323 legem
3296 2272 3360 2308 ex
3402 2257 3484 2311 his
3526 2259 3760 2328 Apostoli

2201 2334 2380 2387 verbis
2412 2335 2651 2390 Marcion
2685 2350 2740 2394 et
2771 2344 2950 2396 caaleri
2999 2345 3239 2397 ltwretici
3287 2349 3634 2402 occasionem
3676 2367 3762 2404 cao

2202 2439 2328 2490 pere
2358 2426 2694 2494 viderentur,
2752 2441 3012 2500 tanquam
3045 2433 3209 2504 558
3250 2437 3363 2489 haec
3412 2437 3580 2492 fuerit
3609 2455 3757 2493 causa

2199 2514 2506 2586 dataelegis,
2534 2530 2592 2574 ιιι
2613 2533 2914 2590 peccatum,
2936 2529 3074 2594 quod
3101 2540 3225 2580 ante
3256 2528 3424 2597 legem
3445 2546 3552 2583 non
3577 2531 3758 2594 fuerat,

2199 2609 2518 2663 abundaret.
2552 2610 2656 2665 Sed
2701 2615 2888 2668 nescio
2929 2617 3071 2684 quod
3116 2628 3331 2687 tempus
3368 2621 3648 2676 inveniant
3678 2639 3760 2676 ra-

2198 2714 2356 2754 cuum
2389 2703 2622 2767 peccatis
2645 2715 2770 2757 ante
2795 2705 2986 2775 legem.
3012 2709 3238 2774 Quando
3259 2713 3623 2768 interliciebat
3641 2715 3762 2772 Cain

2199 2788 2352 2854 Abel,
2383 2801 2436 2843 et
2470 2800 2667 2846 terram
2705 2793 2947 2850 fraterno
2969 2801 3229 2868 sanguine
3268 2801 3562 2870 polluebat,
3600 2809 3666 2858 ita
3711 2817 3759 2860 ut

2199 2879 2468 2936 (liceretur
2494 2884 2558 2937 ad
2583 2901 2726 2951 eum,
2750 2905 2767 2938 ι
2795 2886 3072 2944 Maledicta
3093 2900 3233 2945 terra
3263 2895 3312 2946 in
3338 2910 3502 2962 opere
3524 2908 3617 2949 tuo
3634 2897 3760 2966 (37),

2199 2985 2316 3037 qua:
2349 2973 2564 3040 aperuit
2595 2990 2654 3028 os
2677 2992 2833 3030 suum
2869 2983 3243 3049 ntsusciperet
3293 2989 3617 3048 sanguinein
3657 2987 3760 3042 fra-

2209 3061 2304 3113 tris
2337 3070 2410 3115 ιιιι
2441 3062 2509 3128 ⁸⁸,
2551 3083 2570 3116 ι
2609 3082 2713 3119 ιιοιι
2745 3069 3054 3123 abundabat
3095 3084 3371 3141 peccatum
3395 3076 3420 3128 Ἰ
3447 3078 3762 3132 Αιιιιιιάειιιηι

2205 3151 2378 3218 plane.
2423 3153 2560 3219 Quid
2586 3157 2729 3210 enim
2760 3173 2879 3212 cum
2924 3158 3034 3229 (58)
3065 3170 3119 3215 et
3153 3165 3403 3219 homines
3433 3168 3762 3222 abundarent

2206 3241 2284 3294 vel
2321 3250 2451 3297 tunc
2500 3260 2624 3299 cum
2657 3249 2871 3302 dicebat
2906 3249 3180 3308 Lamerh:
3213 3271 3232 3304 ι
3270 3253 3454 3308 Virum
3501 3261 3670 3313 occidi
3711 3261 3759 3313 in

2201 3333 2424 3389 vulnere
2452 3353 2588 3401 meo,
2626 3338 2950 3408 etjuvenetn
2983 3344 3035 3396 iit
3071 3345 3239 3398 livore
3269 3363 3387 3401 meo
3407 3349 3432 3400 ?
3455 3347 3521 3402 Et
3552 3351 3616 3401 de
3635 3350 3756 3405 Cain

2203 3426 2416 3493 quidem
2470 3429 2796 3485 vindicatum
2851 3445 2932 3488 est
2973 3437 3192 3505 septies,
3236 3439 3301 3492 de
3351 3437 3586 3496 Lamecb
3641 3458 3756 3495 vero

2203 3519 2505 3587 septuagies
2536 3523 2735 3589 septies
2757 3523 2822 3576 ὀ.
2850 3544 2868 3577 ι
2904 3524 3012 3580 Noe
3047 3542 3176 3580 vero
3211 3531 3547 3598 temporibus
3574 3533 3622 3584 in
3648 3543 3756 3585 tan-

2205 3618 2313 3661 tutn
2340 3611 2636 3666 abundavit
2665 3613 2938 3678 delictum,
2971 3627 3029 3670 ut
3062 3637 3078 3667 ι
3113 3621 3322 3678 videns,
3355 3622 3551 3688 inquit,
3588 3623 3757 3676 Domi-

2205 3716 2304 3754 nus
2330 3704 2452 3769 quia
2485 3704 2852 3773 multiplicata:
2884 3720 3010 3762 sunt
3043 3710 3259 3765 multis:
3301 3713 3582 3767 hominum
3607 3730 3755 3783 Super

2202 3798 2423 3855 terram,
2449 3802 2500 3846 et
2529 3797 2706 3852 omnis
2743 3798 2903 3853 homo
2941 3818 3036 3854 cor
3073 3819 3226 3856 suum
3271 3805 3559 3875 diligenter
3595 3823 3749 3876 appo-

2201 3880 2305 3932 sitit
2343 3880 2393 3933 in
2419 3883 2620 3938 malitia
2651 3887 2901 3943 onmibus
2925 3890 3110 3945 diebus
3143 3894 3264 3946 vita:
3284 3909 3416 3957 suae,
3451 3897 3749 3964 recogitarit

2203 3969 2457 4026 Dominus
2491 3975 2618 4043 quia
2656 3978 2859 4032 fecerat
2915 3982 3187 4036 hominem
3246 3999 3413 4052 super
3455 3998 3664 4046 terram,
3701 3995 3752 4037 et

2201 4064 2448 4129 pmnituit
2494 4065 2547 4120 in
2587 4071 2750 4125 corde
2777 4086 2896 4139 suo,
2944 4083 2999 4126 et
3045 4075 3181 4128 dixit
3213 4093 3226 4129 :
3261 4076 3462 4132 Delebo
3491 4079 3742 4131 hominem

2199 4168 2356 4218 quem
2381 4155 2482 4210 feci
2514 4173 2542 4210 a
2573 4156 2706 4214 facie
2737 4171 2916 4227 terrae,
2943 4168 3010 4219 ab
3035 4166 3254 4223 homine
3283 4185 3457 4238 usque
3490 4171 3555 4223 ad
3576 4186 3741 4241 pecus,

2198 4252 2252 4296 ct
2274 4261 2302 4295 ιι
2334 4247 2611 4316 replilibus
2635 4266 2805 4321 usque
2831 4255 2897 4307 ad
2927 4270 3051 4310 aves
3083 4256 3234 4322 cwli,
3265 4259 3518 4327 quoniam
3538 4264 3744 4328 parum

2201 4351 2285 4390 tne
2324 4341 2461 4406 quod
2489 4338 2708 4395 fecerint
2729 4359 2821 4398 eos
2844 4345 2912 4397 ⁹¹.
2948 4362 2966 4396 ι
2994 4346 3058 4399 Ει
3100 4348 3318 4411 iterum,
3351 4364 3475 4403 cum
3511 4351 3695 4403 dicitur
3723 4361 3734 4396 :

2205 4446 2222 4476 ‹
2257 4427 2519 4499 Corrupta
2551 4441 2635 4486 est
2682 4443 2824 4488 terra
2858 4436 2909 4490 in
2964 4449 3257 4508 conspectu
3293 4439 3529 4504 Domini,
3569 4450 3620 4494 et
3665 4456 3737 4490 re-

2200 4519 2338 4588 pleta
2369 4532 2451 4574 est
2484 4532 2626 4576 terra
2657 4525 3054 4594 iniquitatibus.
3085 4529 3147 4582 Et
3183 4531 3315 4584 vidit
3365 4531 3504 4586 Deus
3535 4541 3732 4588 teriam,

2193 4624 2248 4666 et
2271 4625 2386 4668 erat
2412 4629 2668 4688 corrupta
2711 4622 2887 4687 valde,
2921 4624 3046 4691 quia
3079 4637 3402 4695 corruperat
3430 4628 3599 4681 omnis
3624 4639 3736 4680 raro

2198 4709 2338 4760 viain
2369 4725 2520 4762 suam
2548 4725 2712 4780 super
2745 4722 2945 4768 terram
2969 4718 3036 4770 ".
3064 4735 3082 4768 ι
3117 4719 3248 4784 Quis
3279 4737 3409 4791 ergo
3441 4732 3522 4776 est
3550 4723 3614 4775 ita
3637 4731 3732 4773 sto-

589 4854 636 4885 "
652 4853 885 4912 Rotn.v.
907 4853 994 4908 i9.
1055 4855 1102 4886 τ’
1124 4854 1312 4910 Matth.
1335 4855 1575 4919 xttt,i7;
1616 4855 1745 4909 Luc.
1776 4855 1938 4918 x,94.
2012 4856 2058 4887 ⁸⁸
2077 4855 2234 4908 Rom.
2265 4867 2318 4914 v,
2349 4850 2434 4905 19.
2497 4849 2582 4920 ⁸¹ΫΙ
2605 4849 2744 4904 Τίιιι.
2771 4867 2810 4915 t,
2835 4850 2917 4905 i5.
2991 4853 3230 4906 "Galat.
3252 4871 3294 4919 ι,
3323 4857 3425 4920 13;
3453 4858 3570 4911 Act.
3597 4872 3660 4914 tr.
3683 4857 3730 4908 2.

518 4923 564 4953 ⁸³
589 4921 726 4978 Gen.
758 4939 830 4986 tv,
861 4925 914 4978 7.

519 5011 594 5059 ιν,
629 4997 718 5060 Η,
755 4995 839 5048 l2.

589 5113 705 5181 (3t)
744 5113 912 5177 Alias,
948 5131 966 5166 ι
1003 5112 1154 5166 dicit.
1195 5131 1214 5163 ι

589 5179 700 5254 (⁸52)
743 5183 908 5254 Editi,
939 5201 959 5235 ι
1001 5183 1191 5254 inhoc
1219 5181 1439 5243 mundo,
1479 5199 1498 5231 ι
1536 5179 1697 5236 male.

587 5251 702 5323 (3'5)
745 5253 907 5318 Editi,
938 5271 956 5304 t
995 5251 1278 5323 evidenter
1301 5253 1500 5304 adlntc.
1533 5268 1560 5323 ι

587 5318 701 5391 (54)
745 5323 837 5376 Sic
895 5337 1026 5376 mss.
1064 5320 1206 5376 Editi
1263 5336 1414 5384 vero,
1451 5336 1472 5371 ι
1513 5318 1921 5390 deprehendes;
1980 5332 2083 5374 nec

519 5401 698 5460 tamen
723 5391 953 5460 justum,
1001 5411 1020 5444 ι
1055 5401 1165 5444 etc.

587 5459 698 5530 (35)
727 5458 837 5514 Ubi
861 5477 979 5514 vero
1007 5461 1354 5530 obedientiam
1383 5459 1528 5526 ponit
1554 5459 1733 5530 unius,
1774 5475 1880 5512 non
1909 5458 2078 5519 addit.

520 5529 766 5602 Itotiiiuis,
792 5529 1215 5602 perquemjusti
1243 5529 1786 5602 constittteutttr_[al.,
1813 5530 2080 5602 constituti

517 5594 664 5660 sunt]
696 5594 865 5653 multi.
899 5594 1418 5655 ILccdeslderantur
1447 5601 1498 5652 in
1529 5594 1683 5654 libris
1707 5611 1864 5654 antea
1895 5599 2080 5654 editis.

990 4924 1034 4955 ⁸³
1070 4925 1236 4978 Exod.
1269 4943 1342 4982 Ix.
1364 4924 1454 4980 27.
1517 4925 1563 4957 ⁸⁸
1595 4927 1760 4980 ICOt‘.
1792 4942 1830 4989 l,
1854 4925 1940 4978 50.
2017 4926 2064 4956 ’⁵⁵
2099 4927 2252 4977 lium.
2283 4937 2353 4978 \‘I.
2381 4921 2470 4972 17.

915 4995 959 5026 ’⁸
985 4996 1116 5051 ibid.
1154 4995 1246 5061 23,
1275 4995 1364 5048 2i.
1423 4996 1464 5027 ⁹¹
1494 4994 1628 5049 Gen.
1661 5011 1734 5061 Vt,
1765 4995 1820 5062 ὅ,
1853 5000 1906 5052 υ.
1977 4996 2020 5025 ⁹¹
2053 4997 2181 5049 ibid.
2215 4995 2301 5054 il.
2332 4990 2416 5044 12.

2544 4919 2587 4949 ⁸⁷
2615 4920 2810 4990 Philip.
2831 4938 2890 4989 tt,
2921 4921 2976 4976 8.
3051 4923 3095 4954 ⁸⁸
3117 4925 3275 4980 Boni.
3308 4943 3360 4990 v,
3391 4919 3481 4980 2.0.
3553 4929 3727 4981 "Gen.

2265 5106 2377 5177 (36)
2411 5106 2508 5183 _Sic
2537 5121 2726 5183 omnes
2754 5110 3260 5183 mss.-_nostri._l‘2diti
3293 5129 3438 5180 vero,
3456 5128 3725 5183 perperam,

2198 5196 2216 5226 ι
2251 5187 2310 5230 ιιι
2335 5176 2424 5245 qui
2459 5177 2855 5250 iuobedientize
2885 5176 3120 5232 fortnam
3146 5176 3437 5250 sequentes
3456 5176 3722 5236 “culmum

2189 5255 2314 5299 sunt
2346 5257 2678 5313 peccatores,
2701 5248 3067 5302 obedientiam
3091 5248 3292 5305 Clit-{sti
3319 5254 3585 5306 imitantes
3606 5253 3718 5302 salvi

2187 5317 2337 5369 liaut.
2364 5314 2472 5369 Lex
2503 5324 2708 5372 autem.
2750 5335 2768 5366 ι
2804 5327 2912 5370 etc.

2221 5456 2232 5466 .
2262 5382 2372 5456 (57)
2415 5384 2439 5437 ι
2450 5403 2481 5437 n
2504 5399 2655 5452 opere
2685 5395 2795 5439 tuo.
2831 5388 2954 5442 llaec
2975 5387 3171 5442 desunt
3205 5389 3260 5442 iu
3286 5389 3464 5453 editis,
3490 5399 3541 5444 et
3567 5389 3613 5442 in
3635 5385 3723 5459 plc-

2188 5469 2372 5522 rtsque
2406 5469 2536 5509 mss.

2257 5523 2370 5593 (38)
2410 5522 2501 5577 Sir.
2527 5523 2725 5580 rectius
2758 5540 2861 5583 ms.
2887 5543 3042 5584 unus.
3072 5525 3175 5583 Alii
3209 5542 3358 5598 vero,
3395 5548 3414 5582 ι
3452 5541 3503 5586 et
3531 5528 3720 5600 quidem

2186 5609 2330 5659 cum,
2367 5613 2384 5645 ι
2419 5605 2522 5648 etc.
