3986 6206
231 380 374 437 1053

1227 375 1581 432 COMMENT.
1618 373 1686 432 ΙΝ
1711 372 1932 432 EPIST.
1970 372 2056 427 AD
2086 369 2255 426 ROM.
2289 369 2414 422 ΗΒ.
2449 368 2508 421 γ.

3369 373 3506 428 ιοει

227 492 394 555 lidus,
432 493 522 559 qui
557 490 612 546 in
645 491 734 545 his
767 491 1022 545 omnibus
1065 502 1233 562 neget
1282 492 1589 548 abundasse
1619 507 1814 563 pecca-
1849 497 1895 553 Α
1923 488 2097 544 Adam
2134 487 2399 542 accidisse
2426 486 2682 540 videntur
2722 487 2977 546 adversa,
3007 496 3059 538 et
3088 487 3259 542 multo
3293 490 3499 556 majora

229 583 388 640 tmn?
421 581 516 637 Vel
561 595 713 638 certe
744 599 866 638 cum
901 585 967 637 de
1015 583 1312 639 Sodomitis
1346 586 1548 639 dicitur
1574 601 1602 638 a
1653 585 1762 638 Deo
1797 602 1810 637 :

235 695 259 730 ι
298 675 563 731 Descendi
600 683 656 729 ut
689 675 927 730 viderem
952 675 996 729 si
1031 675 1332 729 secundum
1380 675 1679 730 clamorem
1719 674 1820 729 So-

230 763 566 818 domitarum
588 774 1042 819 consummantur
1082 763 1397 833 iniquitates
1449 781 1636 819 eorum
1664 765 1750 832 ";
1796 785 1812 815 ›

229 853 318 908 vel
352 868 477 907 cum
505 854 998 908 circumsteterunt
1058 854 1276 906 domum
1312 854 1430 915 Lut,
1471 855 1820 922 impudicitia:

227 957 348 998 smn
372 944 552 1000 scelus
582 944 745 998 etiam
781 945 833 998 in
863 944 1083 1012 angelos
1117 945 1401 1000 molientes
1429 946 1520 998 "1'
1549 949 1657 999 Aut
1692 956 1819 1000 tunc

230 1036 470 1089 fortasse
522 1051 628 1090 non
675 1037 993 1091 abundabat
1054 1049 1375 1105 peccatum,
1428 1054 1548 1093 cum
1610 1038 1820 1093 Pharao

228 1128 513 1196 alliigebat
567 1129 710 1183 lilios
743 1128 906 1184 Israel
960 1130 1013 1184 iu
1067 1131 1176 1185 luto
1229 1142 1282 1184 et
1319 1132 1504 1195 latere,
1559 1141 1613 1186 et
1656 1143 1820 1185 natos

226 1233 428 1273 eorum
457 1221 637 1274 necari
665 1220 890 1287 jubebat
939 1223 1051 1294 (39)
1088 1223 1139 1276 in
1166 1221 1450 1276 ﬂiirniue"
1479 1224 1503 1275 ?
1536 1223 1602 1277 Et
1632 1225 1820 1292 utique

237 1314 493 1366 nondum
539 1312 711 1384 Moysi
749 1313 831 1367 lex
880 1316 1308 1380 subintraverat,
1356 1330 1478 1369 cum
1520 1315 1635 1368 haec
1671 1324 1817 1368 tanta

228 1421 587 1479 peccaturum
622 1410 769 1464 labes
800 1409 1205 1463 diﬂuudehatur
1233 1411 1285 1463 in
1311 1419 1478 1462 terra.
1521 1409 1596 1462 Ex
1623 1408 1820 1476 quibus

226 1501 536 1569 colligitur,
572 1501 861 1555 haereticos
886 1517 1024 1567 quos
1052 1516 1214 1570 supra
1255 1499 1514 1562 diximus,
1543 1499 1624 1553 vel
1654 1499 1698 1553 si
1726 1498 1817 1568 qui

228 1602 362 1648 sunt
397 1592 492 1662 qui
523 1608 643 1646 cum
677 1591 780 1646 illis
805 1592 914 1664 («50)
947 1593 1061 1646 lnec
1085 1593 1149 1648 de
1181 1591 1342 1662 Moysi
1375 1592 1488 1657 lege
1511 1591 1652 1644 dicta
1697 1606 1820 1645 sus-

225 1685 470 1751 cipiant,
526 1699 594 1737 ne
644 1683 833 1737 leviter
890 1685 1106 1752 quidem
1175 1684 1530 1753 apostolicum
1580 1697 1805 1735 sensum

229 1775 481 1845 potuisse
507 1774 843 1844 contingere.
883 1773 1238 1844 Magisergo
1291 1771 1419 1825 illud
1459 1772 1510 1823 in
1541 1771 1644 1824 hoc
1695 1771 1816 1824 loco

1921 580 2160 636 ostendit
2199 595 2319 634 esse
2365 594 2485 649 qua:
2537 596 2629 648 per
2653 582 2879 648 gratiam
2917 577 3118 634 Christi
3165 581 3231 635 ad
3263 580 3501 637 medium

1922 671 2116 725 collata
2148 681 2275 725 sunt
2307 687 2318 721 :
2345 680 2398 724 et
2421 671 2471 723 in
2505 668 2754 739 pnescnti
2775 669 2892 724 loco
2915 684 3034 724 cum
3068 671 3300 726 dixisset
3327 677 3504 726 almu-

1925 765 2081 818 dasse
2131 772 2440 834 peccatum,
2479 777 2732 816 sermone
2763 762 3078 832 dignissimo
3112 779 3241 818 usus
3279 775 3363 820 est
3394 782 3502 835 quo

1925 855 2316 908 abundantiam
2355 852 2620 915 vinceret,
2673 861 2728 906 et
2760 853 3314 921 superabumlantiam
3346 871 3506 924 pone-

1925 953 2021 997 ret.
2059 943 2528 1012 Superahundavit
2571 953 2750 997 autem
2815 948 2988 1016 gratia
3048 946 3248 1002 Christi
3313 949 3366 1003 in
3397 964 3502 1015 co,

1924 1045 1981 1089 ut
2006 1053 2110 1090 non
2134 1036 2306 1090 Solum
2339 1051 2367 1089 a
2400 1036 2693 1104 przeteritis
2733 1039 2974 1104 peccatis
2999 1039 3311 1095 absolveret
3339 1042 3510 1096 homi-

1925 1141 2067 1190 nem,
2099 1141 2286 1179 verum
2312 1126 2476 1179 etiam
2507 1128 2870 1180 communiret
2902 1143 2932 1181 a
2969 1127 3190 1184 futuris.
3222 1130 3505 1201 Siquidem

1925 1219 2030 1272 duo
2055 1218 2300 1286 quaedam
2337 1232 2504 1288 regna
2552 1219 2790 1273 ostendit
2823 1220 2876 1274 in
2902 1221 3122 1275 homine
3159 1239 3173 1277 :
3204 1239 3369 1276 unum
3397 1239 3508 1296 quo

1923 1320 2203 1378 peccatum
2239 1310 2291 1362 in
2323 1320 2552 1364 mortem
2578 1311 2856 1376 regnavit;
2895 1312 3038 1366 aliud
3072 1329 3178 1382 quo
3210 1317 3378 1383 gratia
3413 1332 3510 1387 per

1917 1400 2181 1468 justitiam
2235 1411 2423 1470 regnet
2456 1402 2508 1456 in
2541 1403 2732 1458 vitam.
2765 1402 2952 1458 Gratia
2987 1421 3116 1476 ergo
3158 1419 3241 1461 est
3274 1426 3395 1479 qua:
3441 1413 3510 1464 de

1924 1507 2093 1561 regno
2145 1506 2266 1558 suo,
2322 1493 2372 1551 id
2425 1504 2529 1559 est,
2578 1494 2646 1549 de
2683 1494 2944 1548 membris
2977 1497 3180 1551 nostris
3224 1510 3507 1566 peccatum

1923 1585 2083 1654 ejecit
2113 1595 2166 1640 et
2197 1586 2424 1655 expulit,
2476 1602 2600 1641 cum
2659 1602 2766 1656 quo
2811 1590 3125 1644 necessario
3159 1593 3321 1646 etiam
3361 1611 3509 1650 mors

1922 1677 2055 1730 exiit
2088 1677 2292 1745 pariter
2323 1688 2376 1732 ct
2407 1679 2632 1748 expulsa
2668 1690 2750 1731 est
2785 1679 2918 1748 (l6),
2946 1692 3002 1734 ut
3038 1682 3107 1734 ita
3142 1685 3356 1740 demum
3415 1705 3508 1742 re-

1925 1781 2087 1834 gumu
2120 1767 2222 1820 sibi
2267 1767 2320 1820 in
2357 1769 2512 1822 nobis
2539 1769 2712 1838 gratia
2745 1785 2842 1837 per
2873 1769 3144 1834 justitiam
3179 1775 3505 1842 vindicaret,

231 1865 402 1917 debet
445 1863 693 1932 intelligi,
723 1878 870 1925 esse,
908 1873 960 1915 ut
996 1878 1138 1931 saepe
1172 1862 1278 1929 iam
1330 1862 1585 1924 diximus,
1641 1861 1814 1929 legem
1851 1872 1890 1925 Β
1921 1868 1977 1913 et
2006 1860 2095 1914 ubi
2125 1875 2272 1914 mors
2294 1862 2490 1924 fuerat,
2525 1871 2727 1916 mterna
2762 1864 2868 1916 vita
2899 1865 3248 1925 consisteret.
3283 1869 3392 1926 Iioc
3418 1887 3511 1925 au-

230 1963 448 2006 naturze
475 1967 594 2022 quze
633 1971 650 2003 ι
690 1953 887 2022 scripta
925 1971 944 2005 ι
971 1963 1053 2006 est
1091 1971 1108 2003 ι
1141 1968 1245 2006 non
1280 1953 1332 2006 iu
1360 1951 1815 2020 tabulislapideis,

226 2045 332 2100 Sed
381 2043 436 2096 in
489 2043 687 2098 tabulis
724 2043 906 2098 cordis
954 2044 1298 2110 carnalibus;
1351 2059 1455 2098 neu
1491 2053 1816 2108 atramento,

225 2132 335 2189 sed
367 2132 563 2200 spiritu
591 2133 680 2186 Dei
711 2133 813 2186 vivi
841 2133 925 2184 ’δε
959 2151 978 2184 ›
1015 2147 1132 2201 quae
1163 2133 1245 2187 lex
1282 2135 1348 2187 ab
1378 2133 1469 2186 illo
1491 2133 1583 2202 qui
1613 2134 1682 2186 ab
1715 2133 1818 2186 ini-

229 2225 318 2279 tio
371 2225 578 2278 creavit
619 2211 892 2279 hominem
949 2224 1021 2278 ita
1056 2224 1108 2277 iu
1142 2223 1431 2293 principali
1477 2224 1663 2279 cordis
1695 2222 1817 2292 ejus

227 2317 478 2386 ascripta
543 2325 644 2382 est,
695 2325 754 2370 ut
801 2328 1107 2386 opportuno
1135 2326 1398 2386 tempore,
1429 2331 1551 2370 cum
1581 2314 1690 2384 jam
1721 2331 1816 2384 ρ]-

229 2410 381 2478 ginzn
433 2409 563 2478 ipsa:
599 2408 761 2463 menti
823 2406 934 2478 (41)
994 2407 1353 2473 adoleverint,
1408 2406 1490 2460 vel
1524 2409 1721 2476 potius,
1762 2417 1819 2462 ut

227 2503 523 2570 Scriptura
553 2501 876 2562 nominavit,
903 2501 993 2555 ubi
1017 2499 1212 2554 tabulae
1233 2501 1415 2554 cordis
1436 2500 1688 2554 carnales
1713 2515 1818 2555 cm-

226 2590 425 2662 periut
454 2601 744 2661 augmento
778 2591 955 2644 aetatis
1001 2591 1202 2659 aperiri
1251 2589 1386 2662 (12),
1415 2588 1638 2643 diffundi
1681 2590 1818 2642 inci-

227 2683 356 2751 piat
388 2696 486 2748 per
511 2680 725 2736 interna
761 2681 1130 2745 conscientiae,
1165 2689 1221 2734 et
1265 2679 1478 2749 replere
1511 2679 1817 2736 rationibus

227 2788 459 2828 sensus.
491 2773 642 2827 Tunc
670 2788 800 2844 ergo
829 2773 1121 2827 adversum
1149 2781 1420 2841 prmcepta
1451 2787 1574 2842 qua:
1619 2786 1685 2826 ex
1717 2772 1820 2826 hu-

231 2865 484 2934 jusmodi
532 2864 648 2934 lege
729 2865 1050 2920 naturaliter
1105 2873 1500 2934 suggeruntur,
1567 2863 1818 2918 voluntas

228 2957 428 3010 carnis
462 2955 727 3023 exsurgit.
755 2965 809 3010 et
839 2955 942 3008 alia
1004 2956 1242 3026 suggerit
1270 2954 1535 3010 desideria
1571 2973 1586 3010 :
1623 2965 1677 3010 et
1708 2957 1812 3010 hoc

227 3057 316 3102 est
371 3047 520 3116 quod
575 3047 626 3114 ip
642 3062 689 3100 te
717 3047 1004 3118 Apostolus
1031 3065 1049 3098 ι
1090 3048 1258 3118 legem
1298 3046 1351 3100 in
1388 3047 1645 3101 membris
1674 3046 1818 3114 posi-

231 3151 350 3198 tam
392 3162 415 3195 ι
445 3141 767 3204 nominavit,
805 3158 821 3190 ι
857 3141 1205 3195 resistentem
1233 3137 1337 3208 legi
1355 3136 1551 3192 mentis
1569 3136 1612 3167 ’⁷
1635 3135 1800 3205 (15).»

1925 1959 2030 2004 tem
2067 1955 2312 2021 estquod
2344 1962 2398 2006 et
2418 1952 2547 2006 alihi
2572 1952 2714 2008 idem
2736 1955 3024 2024 Apostolus
3042 1959 3508 2035 dicituNonergo

1915 2042 2026 2112 jam
2059 2053 2249 2112 regnet
2280 2054 2560 2112 peccatum
2595 2044 2649 2098 in
2681 2057 2862 2102 vestro
2895 2051 3107 2104 mortali
3136 2067 3364 2123 corpore
3379 2058 3445 2124 °’;
3483 2080 3502 2111 ι

1919 2145 1975 2187 et
2012 2134 2152 2188 idem
2172 2134 2300 2190 alibi
2333 2135 2694 2191 :tSicutenim
2715 2138 3039 2195 exhilmistis
3063 2145 3301 2200 membra
3328 2159 3505 2203 vestra

1920 2241 2069 2280 arma
2092 2227 2398 2298 iniquitatis
2419 2240 2664 2297 peccato,
2691 2231 2764 2284 ita
2789 2249 2932 2288 uuue
2963 2237 3220 2291 exhibete
3263 2242 3503 2294 membra

1921 2312 2084 2385 559
2115 2327 2292 2372 veSIra
2317 2333 2466 2372 arma
2497 2318 2722 2388 justitizc
2744 2321 2851 2375 Deo
2874 2323 2915 2376 ί.
2957 2343 2973 2375 ι
3007 2323 3101 2377 Est
3128 2342 3256 2395 ergo
3285 2331 3506 2396 grandis

1920 2406 2417 2474 superabundautia
2448 2426 2512 2464 ex
2547 2425 2614 2464 eo
2645 2411 2788 2478 quod
2839 2413 2928 2466 ubi
2976 2429 3252 2483 peccatum
3301 2419 3403 2474 fuit
3450 2433 3506 2476 et

1921 2512 2089 2557 mors.
2121 2498 2193 2552 ibi
2225 2515 2369 2554 nunc
2392 2510 2474 2555 est
2509 2505 2705 2570 gratia,
2733 2503 3110 2573 etjustitia,et
3140 2510 3246 2562 vita
3277 2521 3502 2566 aeterna.

1923 2587 2125 2644 Etbmc
2161 2591 2342 2644 omnia
2377 2603 2502 2646 sunt
2533 2595 2748 2662 quidem
2791 2611 2952 2666 supra
3001 2612 3200 2655 caetera
3253 2603 3364 2672 (Π)
3409 2621 3507 2670 per

1921 2679 2204 2735 Dominum
2240 2693 2484 2736 nostrum
2533 2682 2719 2740 Jesum
2755 2687 3056 2745 Christum.
3103 2690 3286 2748 I'otest
3321 2707 3503 2752 autem

1923 2771 2063 2840 ﬁeri,
2101 2784 2160 2830 ut
2201 2775 2343 2830 sicut
2375 2775 2492 2830 haec
2531 2780 2714 2831 omnia
2745 2778 2888 2834 bona
2917 2783 3053 2837 dixit
3101 2786 3373 2842 exsistere
3408 2803 3506 2856 per

1921 2863 2208 2920 Dominum
2241 2876 2485 2920 nostrum
2511 2866 2694 2922 Jesum
2729 2871 3008 2927 Christum
3045 2874 3182 2945 ($8),
3215 2877 3290 2931 ita
3327 2888 3382 2932 et
3414 2880 3505 2934 illa

1921 2956 2061 3010 mala
2104 2956 2326 3026 intelligi
2363 2957 2593 3013 voluerit
2625 2959 2903 3014 exstitisse
2933 2977 3029 3031 per
3062 2963 3376 3032 diabolum,
3411 2971 3507 3023 sed

1922 3045 2136 3101 siluisse
2181 3048 2246 3101 de
2289 3049 2532 3103 auctoris
2565 3065 2750 3104 eorum
2789 3053 3029 3115 nomine,
3075 3064 3131 3108 ut
3160 3060 3505 3123 superabun-

1922 3137 2160 3191 dantiam
2209 3139 2394 3208 gratiae
2431 3140 2482 3194 in
2536 3143 2788 3198 omnibus
2823 3143 3138 3215 designaret
3186 3147 3322 3219 (49).
3369 3149 3504 3206 Nam

231 3235 392 3291 Hauc
417 3250 545 3301 ergo
573 3249 715 3287 nunc
747 3232 919 3302 legem
950 3231 1319 3286 membrorum
1359 3229 1602 3297 posuisse
1636 3228 1688 3282 in
1716 3229 1816 3282 hoc
1843 3232 1886 3290 c
1920 3228 2062 3283 sicut
2091 3228 2347 3285 Christus
2380 3248 2544 3286 unum
2599 3234 2815 3302 quidem
2871 3246 2954 3290 est
2984 3253 3081 3306 per
3111 3241 3503 3308 suhStantiam,

228 3328 360 3384 loco
404 3327 619 3379 videtur
654 3322 971 3392 Apostolus,
1005 3337 1167 3391 quam
1217 3319 1555 3375 subiutrasse
1594 3320 1724 3374 dicit
1760 3329 1819 3372 ut

227 3419 544 3475 abundaret
591 3425 895 3486 peccatum.
926 3414 1060 3469 Nam
1090 3423 1145 3468 et
1186 3412 1300 3482 ipse
1327 3427 1508 3466 sermo
1541 3428 1650 3482 quo
1689 3427 1818 3466 usus

229 3521 332 3572 est,
400 3509 714 3578 plenissime
755 3507 884 3560 mihi
918 3506 1134 3561 videtur
1167 3507 1280 3559 haec
1321 3519 1443 3574 qua:
1469 3505 1699 3560 dicimus
1731 3505 1818 3558 iu-

229 3603 449 3654 dicare.
474 3599 634 3653 Aliud
661 3613 897 3668 namque
921 3608 1006 3652 est
1036 3596 1262 3661 intrare,
1295 3596 1442 3650 aliud
1475 3590 1816 3659 subintrare;

229 3693 380 3745 sicut
413 3690 559 3744 aliud
593 3699 675 3744 est
705 3690 921 3751 ducere,
968 3697 1017 3743 et
1075 3687 1222 3742 aliud
1280 3687 1617 3749 subducere;
1673 3686 1817 3738 aliud

232 3783 489 3843 trahere,
531 3791 586 3835 et
617 3780 762 3834 aliud
814 3780 1160 3834 subtrahere.
1221 3777 1542 3833 Subiutrare
1587 3792 1820 3844 namque

233 3874 340 3929 hoc
375 3872 607 3934 iudicat,
643 3887 763 3924 cum
808 3870 914 3925 alio
953 3872 1226 3940 ingresso,
1274 3869 1376 3923 sub
1419 3870 1642 3922 obtentu
1677 3867 1820 3921 illius

228 3965 380 4020 alius
409 3963 715 4031 ingreditur
741 3962 876 4034 (Η).
904 3962 962 4016 ln
995 3976 1106 4031 quo
1149 3960 1308 4022 ratio,
1338 3975 1500 4028 quam
1533 3975 1692 4028 supra
1718 3975 1816 4012 ex-

229 4057 544 4130 posuimus,
564 4055 848 4109 evidenter
877 4051 1116 4107 ostendit
1137 4051 1280 4120 quod
1309 4052 1408 4104 sub
1431 4050 1655 4103 obtentu
1683 4048 1818 4114 legis

230 4146 528 4208 naturalis,
557 4160 721 4214 quam
745 4145 919 4212 legem
952 4143 1152 4198 mentis
1182 4141 1485 4196 nominavit
1505 4140 1814 4210 Apostolus,

229 4256 354 4310 qua:
380 4239 484 4309 legi
507 4238 600 4292 Dei
631 4238 921 4303 consentit,
950 4248 1065 4290 orta
1083 4237 1153 4290 sit
1191 4235 1277 4288 lex
1303 4233 1668 4288 membrorum
1699 4247 1819 4302 quae

232 4331 513 4387 desideria
544 4329 729 4383 carnis
763 4341 1092 4398 suggerens,
1137 4336 1192 4379 et
1231 4326 1507 4393 captivum
1543 4322 1815 4377 hominem

228 4427 444 4481 ducens
474 4423 684 4479 libidini
704 4438 766 4478 ac
789 4419 1490 4490 voluptatibusinclinatura
1521 4417 1657 4486 (45).
1687 4415 1818 4472 facit

230 4518 285 4573 in
311 4533 383 4573 eo
398 4515 675 4570 abundare
702 4522 1008 4582 peccatum.
1037 4509 1129 4564 Sic
1151 4524 1283 4576 ergo
1305 4529 1321 4556 ι
1358 4508 1443 4562 lex
1468 4506 1811 4570 subiutravit,

1926 3320 2092 3374 multa
2124 3333 2306 3376 autem
2337 3325 2626 3380 virtutibus
2655 3334 2709 3380 et
2735 3328 3140 3397 Operatiouihus
3186 3332 3507 3402 designatur

1923 3413 2073 3480 (nam
2096 3424 2152 3468 et
2186 3416 2356 3484 gratia
2402 3416 2515 3486 ipse
2563 3431 2683 3474 esse
2723 3419 3063 3487 intelligitur,
3097 3423 3236 3477 sicut
3266 3425 3503 3494 justitia,

1920 3505 2061 3559 sicut
2091 3521 2216 3574 pax,
2248 3509 2387 3562 sicut
2432 3511 2562 3573 vita,
2594 3511 2735 3565 sicut
2781 3514 3002 3571 veritas.
3037 3515 3180 3567 sicut
3219 3516 3502 3588 Verbum),

1924 3595 1994 3650 ita
2046 3595 2297 3652 fortassis
2331 3609 2388 3652 et
2418 3600 2662 3653 diabolus
2716 3601 2766 3654 in
2812 3603 3044 3656 diversis
3087 3605 3502 3672 signifiCatioui-

1923 3686 2024 3742 bus
2076 3703 2216 3757 saepe
2267 3698 2443 3758 potest
2473 3689 2692 3760 intelligi
2747 3692 2881 3760 (50).
2928 3691 3062 3749 Nam
3113 3708 3168 3752 et
3217 3713 3501 3769 peccatum

1922 3782 2066 3848 quod
2134 3795 2361 3848 regnare
2449 3781 2692 3846 dicitur,
2769 3783 2884 3853 ipse
2960 3792 3230 3853 putandus
3275 3805 3392 3857 est;
3449 3807 3506 3850 et

1925 3885 2074 3924 mors
2135 3871 2251 3938 ipse
2307 3872 2613 3926 credendus
2663 3882 2779 3936 est,
2845 3874 2912 3929 de
2971 3894 3078 3946 quo
3117 3882 3342 3954 dicitur,
3373 3889 3501 3954 quia

1927 3980 1946 4012 ι
1988 3962 2320 4017 novissimus
2376 3965 2628 4019 inimicus
2680 3966 2993 4022 destruetur
3049 3988 3194 4028 mors
3228 3975 3266 4029 ’.
3316 3996 3334 4029 ι
3395 3978 3502 4033 Sed

1921 4065 1975 4108 et
2013 4055 2244 4124 perditio
2291 4057 2406 4126 ipse
2457 4058 2776 4130 intelligitur
2803 4104 2817 4128 ,
2864 4067 3160 4120 secumlmn
3199 4069 3326 4122 illud
3357 4074 3503 4142 quod

1922 4147 2123 4200 dictum
2181 4156 2265 4202 est
2322 4163 2352 4202 a
2404 4149 2664 4219 propheta
2713 4154 3044 4210 :«Perditio
3097 4157 3270 4217 factus
3327 4178 3408 4230 es,
3451 4172 3506 4220 et

1921 4251 2028 4290 non
2073 4238 2342 4294 subsistes
2375 4241 2427 4294 in
2461 4251 2724 4298 aeternum
2781 4256 2992 4315 tempus
3022 4247 3096 4305 ⁸.»
3129 4249 3234 4304 Sed
3269 4262 3322 4306 et
3356 4260 3500 4322 quod

1921 4331 2051 4386 dicit
2075 4333 2392 4401 Apostolus,
2415 4353 2434 4386 ι
2464 4332 2578 4390 Νοη
2617 4350 2748 4408 ergo
2775 4350 2964 4410 regnet
3003 4353 3287 4410 peccatum
3325 4346 3376 4398 in
3403 4363 3503 4400 ve-

1919 4431 2035 4478 stro
2062 4423 2276 4478 mortali
2315 4439 2546 4494 corpore
2573 4429 2616 4490 ⁸,
2646 4448 2666 4479 ι
2698 4437 2826 4495 puto
2854 4430 2998 4498 quod
3055 4431 3227 4500 magis
3277 4435 3342 4488 de
3383 4436 3501 4504 ipso

1921 4513 2123 4568 dictum
2159 4514 2251 4569 sit.
2294 4515 2413 4583 Ipse
2442 4525 2526 4569 est
2547 4516 2691 4570 enim
2721 4527 2912 4571 auctor
2942 4521 3174 4587 peccati,
3201 4532 3257 4575 et
3283 4527 3496 4590 mortis,

230 4615 289 4659 ut
317 4605 631 4660 abundaret
659 4601 936 4658 delictum.
972 4598 1076 4653 Sed
1114 4599 1203 4652 ubi
1233 4597 1560 4660 abundavit,
1613 4597 1808 4665 inquit,
1849 4570 1890 4624 θ
1921 4614 1976 4659 ει
2003 4607 2348 4674 pel-ditionis;
2390 4619 2444 4662 ει
2488 4619 2886 4678 εοηεοηυεηιθτ
2932 4570 3001 4665 εἱιι
3054 4570 3286 4670 ίηγὲηιῖε
3333 4570 3497 4672 reb";

231 4707 544 4766 peccatum,
581 4692 1046 4763 superabundavit
1070 4690 1329 4762 gratia".
1372 4708 1390 4740 ι
1432 4690 1582 4743 Sicut
1624 4689 1675 4742 in
1724 4705 1814 4744 su-

229 4787 544 4856 perioribus
576 4785 878 4850 docuimus,
912 4783 1000 4837 ubi
1037 4797 1134 4852 per
1165 4781 1380 4850 singula
1411 4794 1639 4848 quaeque
1663 4794 1814 4834 com-

232 4881 574 4952 parationem
635 4878 765 4933 facit
810 4893 1000 4933 eorum
1051 4890 1172 4946 quae
1233 4889 1296 4927 ex
1347 4873 1797 4940 prazvaricatioue

322 4975 374 5008 σε
399 4973 538 5026 Cen.
571 4989 726 5034 xvm.
754 4972 846 5026 21.
922 4969 1126 5026 "Gen.
1163 4985 1274 5029 xix.
1309 4967 1364 5021 4.

323 5046 420 5099 20.
498 5046 544 5076 ’⁸
577 5045 734 5098 norit.
759 5059 833 5099 vr.
865 5043 949 5096 12.
1028 5042 1043 5072 ¹
1080 5040 1209 5094 ibid.
1237 5039 1320 5099 l3,
1354 5040 1364 5092 l

232 5062 286 5108 v,
323 5062 420 5099 zu.

304 5137 421 5208 (39)
461 5138 627 5201 Alias,
663 5155 682 5189 ι
719 5136 1007 5208 volebat.)
1037 5133 1194 5208 male,

305 5203 421 5279 (49)
465 5208 624 5272 Editi,
662 5225 681 5258 ι
719 5207 798 5262 tel
825 5206 988 5279 siqui
1017 5203 1298 5279 ctun_illis,
1333 5221 1353 5254 ι
1385 5212 1492 5256 etc.

307 5273 425 5346 (81)
465 5279 637 5342 Alias,
671 5297 691 5329 ι
735 5277 953 5338 tuentis,
993 5293 1012 5325 ι
1057 5273 1216 5328 male.

467 5341 633 5420 Editi,
666 5367 685 5400 ι
718 5355 1014 5420 augmento
1047 5341 1448 5420 tanto_aper_iri.
1484 5361 1502 5391 ι

1469 4967 1513 4998 ³⁵
1549 4966 1715 5021 Exod.
1748 4982 1788 5028 I,
1829 4967 1915 5029 M,
1949 4969 2038 5022 52.

498 5046 544 5076 ’⁸
577 5045 734 5098 norit.
759 5059 833 5106 vr,
865 5043 949 5096 12.
1028 5042 1043 5072 ¹
1080 5040 1209 5094 ibid.
1237 5039 1320 5102 l3,
1354 5037 1441 5092 19.
1517 5038 1538 5066 ²
1566 5037 1582 5089 l
1617 5037 1742 5090 Cor.
1771 5052 1856 5104 xv,
1883 5039 1973 5094 26.
2051 5041 2071 5071 ³
2097 5039 2299 5095 Jerem.
2328 5057 2404 5102 LI,
2433 5040 2524 5095 29.
2601 5042 2621 5073 δ
2653 5041 2813 5098 Rom.
2839 5061 2912 5112 vt,
2938 5047 3022 5102 12.

1925 4707 2118 4751 auctor
2150 4698 2350 4752 inventi
2398 4700 2731 4753 nominatur.
2763 4700 2876 4756 Non
2902 4717 3032 4772 ergo
3061 4715 3238 4773 potest
3295 4708 3409 4762 fieri
3443 4721 3499 4764 ut

1923 4782 2043 4837 sine
2073 4798 2199 4852 rege
2245 4785 2534 4854 aliquando
2577 4787 2650 4842 sit
2688 4789 2902 4857 anima;
2943 4793 3038 4847 sed
3071 4793 3170 4849 hoc
3214 4799 3500 4864 providen-

1907 4874 2034 4928 dum
2073 4883 2158 4930 est
2193 4885 2252 4928 ut
2299 4875 2580 4931 Christum
2621 4893 2802 4947 regem
2850 4880 3073 4950 habeat,
3103 4885 3261 4956 cujus
3307 4889 3499 4960 jugum

2133 4971 2181 5002 ⁸⁸
2215 4968 2253 5022 ll
2285 4971 2412 5024 Cor.
2443 4985 2526 5035 ιιι,
2559 4971 2611 5024 3.
2682 4973 2726 5004 ⁸⁷
2765 4973 2923 5027 Rom.
2962 4991 3056 5040 vn,
3080 4976 3171 5031 23.
3260 4981 3306 5011 ’³⁸
3340 4979 3497 5036 Rom.

1916 5133 2215 5202 luptatibus
2251 5134 2610 5200 inquinatum,
2644 5153 2662 5188 ι
2694 5135 2818 5199 al.,¢
2846 5140 3106 5192 deditum.
3157 5160 3175 5188 ο

1983 5204 2096 5275 (46)
2139 5205 2300 5267 Editi,
2341 5224 2358 5255 ι
2400 5221 2546 5259 mors
2574 5207 2778 5275 pariter
2810 5209 3028 5263 exclusa
3056 5222 3162 5264 est.
3213 5230 3230 5261 ι

1981 5274 2094 5346 (47)
2121 5278 2293 5340 Alias,
2324 5294 2342 5326 ι
2383 5287 2510 5346 sunt
2542 5274 2685 5346 quod
2714 5290 2796 5331 est
2817 5294 2982 5344 super
3009 5292 3232 5334 cwtera.
3268 5301 3288 5336 ι

1980 5345 2093 5415 148)
2133 5346 2390 5401 Nostrum
2430 5345 2613 5401 Iesum
2650 5347 2939 5401 Christum.
2973 5349 3176 5404 Desunt
3229 5356 3280 5407 in
3333 5367 3497 5413 antea

308 5412 423 5490 (ιὸ)
468 5412 631 5484 Editi,
668 5435 687 5468 ι
723 5412 868 5490 quiin
899 5417 976 5470 ait
1007 5412 1322 5490 Apostolus,
1347 5412 1520 5480 legem
1556 5414 1608 5466 iu
1640 5427 1810 5465 mem-
1907 5412 2085 5490 editis.

235 5483 354 5545 bris
380 5483 628 5555 positam,
661 5483 1004 5541 resistentem
1031 5485 1132 5552 legi
1161 5483 1376 5537 mentis.
1407 5501 1436 5555 ρ

308 5551 423 5633 (id)
458 5557 609 5633 Mss._
639 5557 954 5633 ple_rique,__¢
995 5551 1160 5633 quod;
1189 5568 1312 5633 cum
1367 5553 1506 5633 alio,-
1556 5551 1800 5620 ingressu

235 5622 488 5695 obienio,
541 5622 683 5701 alius
719 5622 1042 5701 ingreditur.
1074 5645 1092 5678 ι
1127 5623 1332 5679 Deinde
1377 5622 1509 5674 editi
1559 5633 1614 5674 et
1639 5691 1646 5701 ι
1673 5638 1801 5675 mss.

234 5701 479 5770 quidam,
511 5717 529 5750 ι
569 5700 622 5753 In
651 5714 759 5770 qua
791 5697 1025 5757 ratione,
1048 5709 1210 5766 quam
1243 5707 1402 5762 supra
1427 5697 1802 5761 exposuimus.

235 5768 515 5826 evidenter
541 5768 883 5830 ostenditur,
911 5775 1013 5820 etc.
1032 5786 1048 5817 ι

307 5841 424 5914 (ις)
462 5841 553 5898 Sic
585 5854 715 5892 mss.
747 5838 945 5892 nostri.
972 5838 1108 5891 Editi
1138 5849 1289 5899 vero,
1324 5853 1341 5885 ι
1374 5831 1598 5886 libidine
1620 5846 1680 5886 ac
1713 5847 1803 5885 vo-

568 5933 842 5994 Paxaor..
890 5929 1006 5988 (in.
1060 5928 1238 5988 XlV.

1984 5485 2099 5554 (49)
2135 5486 2304 5548 Alias,
2336 5505 2360 5560 ι
2393 5486 2445 5540 in
2477 5487 2787 5543 hominibus
2812 5489 3114 5560 assignaret
3143 5509 3156 5557 ;
3186 5511 3204 5545 ι
3237 5493 3332 5557 a|.,
3357 5513 3378 5548 t
3407 5512 3498 5554 as-

1911 5556 2209 5624 signassct;
2247 5575 2266 5607 ι
2300 5558 2394 5617 al.,
2427 5575 2446 5607 ι
2485 5562 2910 5612 commendaret.
2937 5556 2987 5609 ⁷ο
3027 5556 3232 5618 [ὶείιιιιθ
3276 5556 3409 5621 editi
3441 5577 3498 5624 et

1911 5642 2015 5680 ms.
2044 5642 2182 5680 unus
2213 5643 2226 5678 :
2263 5644 2281 5676 ι
2320 5626 2503 5681 multis
2529 5639 2712 5682 autem
2743 5630 3032 5685 virtutibus
3052 5673 3066 5695 ,
3092 5653 3112 5685 ι
3139 5647 3246 5690 etc.

1984 5695 2095 5766 (50)
2124 5696 2290 5761 Alias,
2321 5715 2338 5746 ι
2365 5712 2484 5751 esse
2511 5709 2686 5769 potest
2713 5700 2936 5770 intelligi
2956 5719 2968 5767 ;
2992 5723 3009 5753 ι
3042 5704 3112 5757 al.
3143 5704 3297 5760 deest
3323 5723 3345 5759 ι
3380 5721 3481 5759 sre-

1913 5781 2000 5835 pe,
2039 5785 2055 5817 ι
2093 5774 2166 5831 ct,
2200 5785 2219 5817 ι
2251 5781 2388 5821 esse.
2427 5786 2445 5820 ι

3105 5926 3182 5984 33
