3986 6206
563 250 706 321 ιβιδ

2040 257 2377 319 οΟΜΩΕΝιὸ

3643 273 3745 333 ωηῚῦ

559 382 730 421 suave
758 375 862 434 est,
905 378 959 423 et
1014 382 1149 424 onus
1198 369 1314 424 leve
1337 369 1358 403 '
1379 386 1393 435 ;
1418 379 1472 427 et
1502 387 1608 429 non
1644 372 1917 431 diabolum
1941 414 1956 441 ,
1988 376 2146 448 cujus
2175 378 2219 436 Δ
2248 380 2339 447 qui
2374 397 2392 429 ι
2444 389 2544 446 pro
2579 375 2757 449 impiis
2790 339 3040 435 mortutrs
3082 384 3168 433 est
3194 378 3258 445 ‘0,
3290 397 3308 432 ι
3354 378 3587 450 pteniteat
3609 384 3653 438 iu
3685 387 3748 443 bis

560 474 787 530 regnum
816 475 979 528 grave
1008 470 1110 515 est.
1143 458 1404 531 Iniquitas
1433 464 1577 519 enim
1611 475 1693 521 est
1722 482 1843 537 qua:
1878 468 2034 523 sedet
2054 484 2145 523 su-

558 569 658 621 per
688 551 942 606 talentum
980 551 1183 622 plumbi
1219 555 1259 607 “.
1293 555 1541 613 Christus
1579 567 1761 614 autem
1811 560 1901 613 ubi
1933 574 2141 626 regnat,

560 645 634 697 ibi
675 641 1298 712 superabundatttgratia
1312 657 1360 697 et
1377 645 1588 712 justitia
1632 649 1685 704 in
1714 650 1823 706 vita
1848 662 2073 711 :eterna.

633 736 685 788 7.
729 754 748 787 ι
783 735 920 804 Quid
967 751 1102 810 ergo
1129 738 1415 793 dicemus?
1445 738 1900 798 Permanebimus
1932 744 1985 798 in
2014 758 2144 812 pec-

559 836 704 890 cato,
737 838 797 883 ιιι
834 829 1013 902 gratia
1062 830 1354 887 abundet?
1384 832 1559 888 Absit.
1605 833 1707 900 Qui
1747 837 1894 890 enim
1944 837 2142 892 mortui

554 935 750 973 sumus
778 930 1030 990 peccato,
1061 923 1333 991 quomodo
1373 925 1550 979 adhuc
1577 924 1823 981 vivemus
1854 927 1906 982 in
1938 929 2037 984 eo"
2068 928 2093 982 ἲ
2120 947 2139 982 ι

559 1012 831 1079 Quoniam
873 1013 1126 1082 superius
1150 1012 1173 1044 ⁸
1203 1013 1440 1079 dixerat,
1469 1013 1598 1085 quia
1627 1035 1647 1068 ι
1702 1016 1791 1072 ιιιιί
1846 1018 2145 1073 abundavit

558 1112 870 1170 peccatum,
926 1102 1390 1174 superabundavit
1436 1104 1637 1170 gratia,
1673 1122 1693 1157 ι
1732 1114 2046 1160 nascentem
2077 1119 2140 1160 ex

556 1194 663 1249 hoc
696 1194 1057 1264 qna-stionem
1107 1208 1253 1249 nunc
1300 1194 1405 1250 sibi
1442 1195 1557 1262 ipse
1605 1196 1879 1265 proponit,
1927 1196 2057 1266 quia
2097 1197 2142 1252 si

559 1286 886 1341 abundantia
917 1284 1127 1355 peccati
1160 1284 1352 1354 gratiae
1372 1287 1933 1353 superabundantiam
1978 1288 2140 1358 parit,

555 1392 692 1447 ergo
726 1377 1061 1448 peccandum
1109 1385 1214 1441 est,
1259 1386 1322 1433 ut
1349 1377 1523 1447 gratia
1566 1377 1689 1449 plus
1721 1379 1981 1435 abundet.
2036 1378 2142 1435 Sed

556 1471 954 1525 absolutionem
987 1470 1152 1524 citam
1202 1469 1314 1541 (ﬁt)
1357 1468 1677 1540 qua-.stionis
1723 1471 1969 1527 ostendit
2019 1487 2143 1527 cum

554 1563 733 1626 dicit,
776 1579 795 1612 ι
839 1561 1044 1616 Absit:
1087 1579 1106 1613 ι
1147 1572 1201 1616 et
1255 1563 1515 1616 continuo
1572 1560 1806 1630 subjecit
1852 1563 2139 1626 rationem,

558 1664 806 1709 mortuos
836 1654 1023 1709 dicens
1064 1667 1186 1709 esse
1235 1663 1458 1724 peccato
1493 1668 1589 1710 eos
1640 1656 1696 1712 in
1743 1656 1943 1726 quibus
1973 1657 2144 1711 almu-

559 1746 769 1799 daverit
825 1745 1026 1815 gratia.
1073 1743 1293 1799 Certum
1341 1752 1428 1798 est
1465 1753 1649 1799 autem
1711 1755 1985 1800 mortuum
2015 1760 2142 1816 pec-

557 1847 680 1891 cato
732 1846 1072 1905 peecatorem
1123 1847 1245 1890 esse
1299 1849 1404 1890 non
1456 1848 1618 1905 posse
1658 1834 1793 1909 (59.).
1849 1835 1965 1890 Non
2010 1852 2142 1908 ergo

557 1943 879 1998 permanere
909 1927 1111 1999 poterit
1150 1929 1204 1982 in
1234 1935 1466 1997 peccato
1489 1928 1581 1997 qui
1613 1938 1861 1985 mortuus
1891 1939 1977 1985 est
2015 1946 2142 2000 pec-

556 2032 699 2076 calo.
743 2020 940 2074 Verum
974 2021 1088 2075 haec
1123 2030 1181 2073 ιιι
1229 2021 1473 2091 apertius
1515 2019 1842 2086 clarescant,
1891 2023 2139 2092 requira-

556 2131 677 2170 tnns
702 2114 830 2183 quid
864 2121 946 2168 est
991 2114 1177 2167 vivere
1208 2122 1457 2181 peccato.
1490 2122 1548 2167 et
1573 2114 1707 2183 quid
1729 2124 1812 2170 est
1844 2116 1980 2171 mori
2009 2130 2138 2185 pec-

553 2218 699 2264 catu.
754 2206 908 2261 Sient
956 2205 1065 2259 Deo
1124 2204 1311 2260 vivere
1340 2205 1546 2260 dicitur
1593 2204 1644 2261 is
1690 2206 1784 2276 qui
1839 2208 2139 2264 secundum

556 2297 891 2351 voluntatem
930 2294 1023 2350 Dei
1055 2293 1204 2356 vivit.
1232 2294 1305 2348 ita
1350 2302 1406 2351 et
1450 2301 1677 2361 peccato
1708 2296 1893 2351 vivere
1939 2284 2141 2354 dicitur

556 2391 602 2445 is
632 2390 722 2459 qni
754 2388 1055 2444 secundum
1097 2387 1426 2442 voluntatem
1459 2388 1666 2454 peccati
1702 2389 1853 2456 vivit,
1901 2398 1960 2444 ut
1995 2391 2137 2445 idem

555 2483 803 2553 designat
850 2480 1163 2552 Apostolus,
1194 2494 1320 2535 cum
1364 2480 1539 2535 dicit:
1574 2498 1593 2533 ι
1632 2479 1747 2537 Non
1780 2497 1913 2554 ergo
1950 2494 2138 2556 regnet

553 2587 835 2645 peccaturo
864 2575 918 2628 in
956 2582 1136 2628 vestro
1159 2572 1374 2626 mortali
1406 2586 1657 2642 corpore,
1681 2575 1748 2628 ad
1777 2576 2135 2634 obediendnm

555 2667 841 2721 desideriis
871 2663 991 2737 ejus
1020 2664 1097 2718 ’.ι
1132 2662 1190 2717 ln
1222 2677 1330 2732 quo
1355 2663 1598 2719 ostendit
1622 2667 1764 2735 quod
1798 2666 2021 2723 obedire
2044 2670 2139 2723 de-

553 2758 769 2813 sideriis
800 2755 1031 2827 ρυοιηειιί,
1066 2755 1172 2810 hoc
1204 2763 1289 2809 est
1317 2755 1499 2809 virere
1522 2766 1768 2825 peccato.
1800 2756 1951 2825 Quod
1983 2759 2025 2813 si
2056 2758 2136 2813 ιιι.

554 2865 681 2907 cere
711 2848 979 2905 desideria
1010 2848 1217 2919 peccati
1256 2857 1481 2918 peccato
1517 2850 1699 2905 vivere
1738 2860 1857 2915 est;
1909 2867 2018 2905 non
2054 2851 2136 2905 fa-

550 2958 681 2998 cere
718 2940 986 2996 desideria
1017 2940 1253 3011 peccati,
1294 2954 1397 2995 nec
1441 2941 1664 2995 obedire
1696 2941 1955 2997 voluntati
1992 2941 2136 3011 eius,

554 3038 656 3093 hoc
683 3045 764 3091 est
793 3035 929 3089 mori
962 3043 1228 3103 peccato:
1263 3037 1405 3105 quod
1451 3045 1631 3090 tamen
1672 3044 1954 3105 peccatum
1988 3036 2137 3093 velut
2158 3060 2205 3122 ο

552 3130 735 3185 sedem
771 3127 1059 3197 quamdam
1099 3133 1155 3180 et
1183 3124 1376 3181 solium
1405 3128 1554 3195 regni
1586 3128 1667 3181 sui
1709 3129 1762 3182 in
1792 3137 1980 3184 nostro
2007 3143 2135 3185 cor-

552 3238 684 3290 pore
733 3219 1054 3276 collocatum
1109 3217 1311 3274 habere
1343 3219 1476 3274 dicit
1503 3218 1816 3286 Apostolus.
1849 3221 1943 3276 Est
1980 3223 2132 3281 enim

552 3312 877 3368 familiarior
897 3311 949 3366 ei
972 3324 1103 3380 pars
1125 3311 1228 3365 ista
1257 3309 1580 3366 attbstantia:
1605 3320 1659 3366 et
1684 3312 1856 3367 amica
1886 3314 2134 3384 quaedam

550 3421 675 3459 cum
703 3403 882 3459 carnis
911 3402 1280 3472 voluptatibus
1309 3402 1545 3458 societas
1575 3403 1713 3473 (53),
1736 3418 1807 3461 ex
1838 3421 1945 3475 qua
1976 3422 2136 3463 ocea-

544 3497 736 3554 siones
762 3493 1100 3550 ineitamenti
1129 3493 1393 3549 naturalis
1421 3508 1730 3563 assumens,
1763 3513 1930 3568 parvo
1956 3499 2136 3555 diver-

548 3590 717 3645 ticulo
743 3589 797 3645 itt
826 3587 1181 3659 praecipitium
1210 3587 1402 3642 mortis
1432 3594 1641 3643 natura:
1667 3590 1914 3645 ordinem
1935 3592 2131 3662 vergit.

547 3681 660 3736 Sed
711 3689 769 3734 ttt
811 3679 955 3751 quod
994 3678 1227 3734 dicimus
1270 3678 1451 3735 adhuc
1498 3680 1739 3750 apertius
1787 3682 2131 3752 ertplanetur,

546 3774 777 3843 exempli
803 3788 1027 3829 causam
1057 3786 1342 3842 ponamus.
1363 3770 1653 3827 Naturales
1680 3778 2022 3843 appetentias
2038 3775 2129 3831 ba-

2176 1715 2218 1770 Β

2246 468 2520 534 omnibus,
2539 477 2595 524 et
2621 469 2765 525 velut
2791 471 3087 538 pessimum
3115 483 3292 538 regem
3317 483 3597 542 regnantem
3616 475 3657 528 in
3677 492 3746 532 sua

2247 574 2411 615 eat-ne
2438 560 2694 630 depellat,
2726 561 3073 632 alienumque
3113 578 3174 618 se
3198 565 3265 618 ab
3299 563 3410 630 ejus
3434 565 3675 621 desideriis
3696 568 3749 622 la-

2247 648 2352 705 .)iat
2388 665 2453 703 ac
2476 650 2781 719 praeceptis,
2821 651 2924 706 iste
2951 665 3076 705 vere
3100 651 3210 724 (54)
3244 667 3337 722 per
3372 664 3577 711 mortem
3599 657 3746 714 Christi

2246 753 2474 811 peccato
2502 753 2753 798 mortuus
2779 760 2901 801 esse
2932 746 3152 801 dicitur.
3187 745 3283 803 llic
3327 757 3497 802 autem
3533 760 3748 817 peccatum

2248 832 2422 902 ipsum
2452 832 2656 903 peccati
2700 845 2985 890 anetorem
3023 835 3263 891 arbitror
3290 837 3562 891 nominari.
3590 839 3636 892 Si
3655 856 3747 911 ergo

2249 924 2480 977 moritur
2499 926 2622 994 quis
2646 933 2894 995 peccato,
2923 936 3132 981 certum
3152 933 3237 981 est
3266 926 3388 996 quia
3427 942 3514 997 per
3536 929 3738 997 poenitea-

2250 1017 2378 1071 tiam
2425 1017 2679 1073 moritur.
2714 1016 3002 1084 Quomodo
3036 1033 3169 1088 ergo
3219 1018 3340 1088 quis
3380 1021 3673 1088 permanebit
3707 1023 3744 1075 ia

2247 1113 2471 1173 peccato
2501 1113 2559 1159 ut
2589 1107 2765 1175 gratia
2797 1108 3061 1168 abundet.
3092 1122 3217 1161 cum
3257 1107 3425 1177 gratia
3464 1123 3523 1162 ex
3548 1122 3604 1163 eo
3628 1109 3745 1165 altum

2244 1196 2358 1260 det,
2384 1195 2525 1264 quod
2556 1204 2779 1262 peccato
2803 1197 2926 1266 quis
2966 1195 3306 1251 utoriturISi
3333 1198 3467 1250 enim
3502 1212 3745 1268 permanea-

2248 1300 2393 1349 mns,
2441 1295 2499 1338 nt
2538 1286 2892 1354 proponitur,
2925 1285 2978 1340 in
3025 1284 3281 1353 p'eccato,
3324 1295 3519 1339 certum
3560 1298 3630 1341 est
3662 1289 3747 1355 quia

2247 1390 2352 1431 non
2384 1376 2671 1442 morimur,
2704 1377 2798 1431 sed
2843 1377 3076 1431 vivimus
3100 1385 3326 1447 peccato
3354 1393 3369 1430 :
3400 1378 3664 1433 viventibus
3682 1395 3749 1432 au-

2248 1479 2353 1524 tem
2395 1478 2620 1538 peccato
2652 1467 2827 1539 gratia
2859 1483 2965 1523 non
3008 1477 3192 1539 potest
3229 1467 3516 1524 abundare.
3561 1468 3751 1539 Requiri-

2247 1571 2335 1616 tur
2365 1575 2527 1623 sane,
2554 1560 2598 1616 si
2631 1560 2683 1616 itt
2715 1558 2848 1615 solis
2891 1560 3205 1615 hominibus
3251 1561 3622 1630 superaboudet
3660 1578 3751 1632 gn.

2250 1654 2343 1713 tia.
2374 1654 2426 1708 in
2452 1653 2656 1723 quibus
2676 1652 2979 1708 abundavit
3001 1648 3301 1721 aliquando
3332 1662 3589 1722 peccatum
3614 1661 3750 1718 ;etan

2245 1745 2298 1800 in
2326 1743 2474 1799 nullo
2501 1741 2910 1814 superabundet
2941 1742 3141 1813 gratia,
3178 1740 3282 1796 nisi
3328 1744 3380 1798 itt
3404 1758 3505 1814 quo
3527 1744 3753 1799 abundavit

2244 1845 2529 1906 peccatum
2554 1851 2571 1903 ;
2598 1833 2762 1906 560
2812 1848 2881 1888 an
2912 1843 2969 1889 et
3003 1834 3055 1888 itt
3099 1833 3371 1903 aliquibus
3416 1843 3575 1905 potest
3615 1848 3752 1903 super-

2242 1928 2522 1982 abundare
2551 1928 2750 1998 gratia,
2783 1927 2837 1980 in
2873 1925 3072 1996 quibus
3102 1943 3380 1998 nunquam
3412 1927 3485 1982 vel
3511 1927 3753 1981 abundave-

2243 2020 2335 2083 rit,
2386 2018 2468 2073 vel
2525 2017 2693 2073 l'uerit
2735 2030 3048 2088 peccatum.
3098 2020 3167 2074 Et
3195 2021 3240 2076 si
3277 2021 3395 2089 quis
3420 2019 3539 2073 illud
3580 2020 3752 2084 aspiciat

2240 2111 2383 2181 quod
2416 2111 2548 2166 dicit
2580 2111 2897 2181 Apostolus,
2924 2113 3053 2181 quia
3085 2130 3105 2164 ι
3125 2112 3432 2182 pacitieavit
3456 2112 3668 2168 Christus
3684 2124 3753 2178 per

2238 2203 2559 2273 sanguinem
2591 2218 2750 2258 suum
2784 2220 2887 2258 non
2918 2204 3092 2258 solum
3120 2220 3248 2274 quae
3285 2205 3337 2259 in
3372 2205 3517 2258 terris
3540 2211 3663 2267 sunt,
3685 2202 3751 2256 sed

2237 2304 2292 2351 et
2322 2309 2443 2364 qua:
2472 2293 2524 2349 in
2560 2294 2714 2350 ctelis
2738 2295 2819 2360 “;
2855 2314 2874 2349 ι
2902 2306 2957 2351 et
2986 2295 3141 2364 illud,
3161 2313 3183 2348 ι
3218 2294 3287 2354 Ut
3309 2297 3424 2352 sine
3450 2295 3548 2350 Deo
3570 2310 3651 2365 pro
3667 2312 3753 2349 om-

2240 2391 2400 2446 nibns
2424 2398 2668 2459 gustaret
2696 2400 2926 2447 mortem
2961 2390 3003 2422 “
3034 2389 3174 2462 (55),
3220 2407 3240 2442 ι
3272 2389 3473 2461 putabit
3495 2398 3544 2444 et
3565 2388 3751 2443 ibisitui-

2238 2481 2364 2537 liter
2393 2482 2628 2553 aliquant
2675 2481 3066 2537 abundantiam
3095 2479 3273 2538 fuisse
3311 2480 3531 2546 peccati,
3564 2488 3617 2534 ut
3646 2479 3751 2534 nihi-

2237 2573 2472 2629 lominus
2529 2573 2696 2629 etiam
2751 2573 2938 2643 gratia:
2984 2573 3481 2644 snperabundantia
3527 2573 3673 2627 lieret.
3707 2568 3748 2621 Si

2237 2680 2366 2725 vero
2393 2666 2462 2720 ad
2499 2665 2599 2721 hoc
2623 2665 2766 2736 quod
2796 2666 3049 2735 superior
3075 2664 3244 2721 lectio
3271 2663 3677 2722 commemoravit
3694 2672 3752 2716 at-

2238 2757 2453 2821 tendas,
2485 2757 2574 2811 ubi
2605 2768 2889 2828 peccatum
2943 2756 2997 2812 itt
3040 2758 3192 2813 hunc
3228 2758 3481 2813 tnundum
3522 2770 3604 2825 per
3627 2767 3751 2807 unum

2237 2847 2511 2905 hominem
2553 2849 2753 2904 dicitur
2804 2846 2919 2922 (56)
2977 2849 3282 2917 introisse,
3315 2856 3372 2903 et
3419 2863 3508 2919 per
3531 2856 3752 2918 peccatqu

2236 2954 2383 2995 mors
2410 2936 2545 3010 (57),
2574 2948 2631 2994 et
2654 2939 2725 2992 ita
2747 2938 2799 2993 in
2815 2953 3001 2993 omnes
3019 2940 3385 3010 pertransisse
3400 2939 3441 2971 ’³
3455 2956 3471 3004 ;
3483 2941 3610 2993 dices
3626 2951 3676 2991 ex
3688 2936 3754 2989 illo

2237 3027 2393 3085 initio
2427 3027 2646 3098 prodire
2667 3030 2833 3085 etiam
2865 3028 2967 3085 ista
3009 3044 3129 3099 qua:
3157 3030 3430 3085 habentur
3459 3029 3510 3083 in
3540 3028 3753 3091 amnibus,

2239 3128 2297 3173 ut
2326 3119 2394 3175 de
2419 3120 2503 3175 his
2523 3121 2655 3176 solis
2675 3136 2795 3191 qua;
2816 3120 2873 3178 itt
2899 3120 3055 3176 initio
3077 3124 3363 3193 proposuit
3378 3120 3655 3192 Apostolus,
3671 3128 3754 3170 tra-

2237 3223 2389 3269 ctare
2425 3214 2693 3280 vidcatur,
2720 3214 2773 3268 id
2802 3224 2910 3280 est,
2941 3230 3060 3284 quae
3087 3217 3158 3270 ad
3189 3216 3435 3272 homines
3451 3212 3754 3269 tantummodo

2236 3312 2509 3373 spectant.
2541 3301 2954 3359 Observandum
2984 3319 3123 3361 sane
3153 3316 3243 3363 est
3270 3322 3428 3376 quam
3462 3307 3632 3361 librato
3666 3317 3752 3356 ser-

2235 3409 2396 3451 mone
2430 3410 2558 3450 nsus
2590 3396 2662 3450 sit
2695 3396 2996 3466 Apostolus
3032 3407 3089 3451 ut
3120 3399 3338 3456 diceret
3370 3415 3385 3454 :
3416 3418 3435 3452 ι
3470 3395 3751 3453 Pet-manebi-

2234 3501 2353 3542 mus
2404 3486 2456 3541 in
2505 3498 2729 3557 peccato
2771 3487 2869 3542 “‘l
2907 3508 2927 3542 ι
2956 3488 3300 3549 Permanere
3358 3506 3604 3561 namque,
3629 3497 3696 3543 est
3726 3499 3747 3537 a

2232 3588 2411 3650 empto
2432 3594 2538 3634 non
2566 3581 2834 3638 desinere.
2862 3583 3015 3652 Quod
3050 3584 3245 3655 utique
3274 3586 3319 3641 si
3341 3587 3461 3656 quis
3488 3583 3750 3647 facial,cet-

2233 3683 2345 3730 tum
2363 3678 2606 3746 estquod
2625 3691 2724 3733 nec
2747 3677 2961 3733 initium
2981 3678 3361 3734 conversionis
3374 3668 3749 3748 acceperithtatl

2229 3777 2407 3823 autem
2446 3769 2717 3826 interdum
2748 3771 2966 3837 accidit,
2991 3779 3050 3826 ut
3087 3785 3200 3827 non
3240 3770 3459 3843 quidem
3493 3771 3750 3840 pennaaeat

546 3871 636 3924 bet
657 3882 785 3922 caro
807 3866 911 3920 cibi
944 3873 1001 3920 et
1048 3874 1246 3935 potus,
1277 3880 1397 3936 quae
1449 3867 1591 3921 intra
1636 3877 1819 3924 certas
1850 3882 2131 3926 mensuras
2228 3860 2351 3928 (ιυὶε
2376 3860 2428 3916 in
2468 3870 2720 3930 peccato,
2756 3862 2851 3918 sed
2893 3878 3016 3917 cum
3067 3861 3325 3928 desierit.
3371 3876 3569 3917 rursum
3609 3857 3750 3913 Pede“

544 3957 878 4013 sullicientim
899 3955 1284 4015 continentur:
1330 3972 1464 4027 quas
1496 3958 1540 4012 si
1572 3957 1695 4027 quis
1738 3960 1968 4014 excedat
2005 3975 2132 4030 per-
2231 3955 2296 4009 ad
2325 3956 2683 4022 vomitum,et
2712 3956 2808 4011 ﬁat
2838 3955 3281 4024 infelicissimus,
3304 3968 3363 4013 ut
3388 3966 3500 4029 post
3522 3951 3747 4024 depulsam

547 4048 805 4101 suasione
831 4046 1063 4122 peccati,
1087 4045 1199 4115 jam
1231 4061 1343 4101 non
1381 4048 1565 4101 cibum
1588 4058 1647 4102 et
1691 4058 1879 4117 potum
1903 4050 1996 4120 qui
2032 4067 2128 4107 na-
2228 4060 2258 4100 a
2288 4061 2348 4102 se
2380 4046 2495 4117 (58)
2522 4063 2745 4120 regnum
2782 4050 2989 4116 peccati
3019 4058 3073 4103 et
3107 4050 3327 4116 mortis,
3354 4060 3407 4103 ot
3435 4060 3633 4117 regnum
3657 4042 3748 4094 τηε

542 4151 683 4193 tura:
726 4136 943 4202 sullicit,
972 4151 1141 4203 caro,
1189 4136 1282 4191 sed
1327 4136 1600 4192 luxuriam
1647 4139 2129 4211 temulentiamqne
2222 4133 2557 4206 justitimque
2588 4146 2921 4207 susceptum,
2971 4138 3179 4192 iterum
3206 4153 3270 4194 se
3298 4134 3624 4192 dominationi
3654 4142 3745 4202 pec-

543 4231 809 4303 tleposcit.
839 4230 1012 4287 Simili
1037 4231 1203 4286 etiam
1237 4231 1398 4285 modo
1447 4232 1587 4287 inest
1617 4234 1769 4289 carni
1800 4235 2124 4291 incitamen-

2236 4231 2333 4285 cati
2367 4229 2678 4287 substernat
2700 4238 2757 4286 et
2791 4232 2999 4286 mortis.
3029 4231 3094 4287 Et
3132 4232 3240 4287 ista
3276 4241 3407 4287 sunt
3435 4246 3547 4300 qua:
3574 4224 3745 4281 iratiira-

461 4316 469 4321 ’
545 4335 657 4379 ιιιιιι
687 4321 960 4386 naturale,
983 4335 1090 4391 quo
1119 4319 1334 4375 misceri
1364 4319 1579 4375 l‘etninm
1605 4336 1770 4377 causa
1806 4327 2123 4392 reparanda:
2226 4323 2313 4391 gia
2370 4321 2491 4377 lidei
2532 4320 2768 4392 appellat
2816 4321 3112 4390 Apostolus
3157 4322 3225 4377 ⁸⁸.
3260 4320 3622 4377 Verumtamen
3658 4311 3745 4388 (59)

542 4414 905 4472 successionis
927 4420 1227 4484 exposcat;
1256 4414 1351 4468 sed
1382 4412 1427 4469 si
1456 4426 1521 4467 ex
1552 4411 1657 4468 bac
1684 4413 1973 4471 occasione
1999 4430 2123 4485 per-
2150 4420 2200 4481 ι)
2223 4413 2472 4484 quamvis
2518 4423 2834 4483 permaneat
2864 4415 2991 4484 quis
3036 4415 3090 4469 in
3143 4427 3399 4485 peccato,
3432 4412 3651 4484 quamvis
3669 4407 3745 4464 sub

540 4509 804 4564 suadente
826 4514 1050 4578 peccato
1082 4505 1386 4561 decliuetur
1415 4520 1447 4561 a
1476 4504 1614 4577 lege,
1642 4512 1700 4561 et
1720 4506 1984 4562 naturalis
2008 4506 2124 4565 libi-

541 4601 686 4656 dinis
713 4610 893 4655 motus
910 4599 974 4654 ad
1001 4598 1189 4654 illicita
1214 4599 1583 4666 concitentur,
1616 4608 1849 4669 peccato
1875 4600 2005 4656 vivit
2025 4600 2119 4672 qui

540 4693 595 4746 itt
619 4693 705 4747 bis
730 4692 955 4762 singulis
989 4708 1094 4747 non
1121 4692 1213 4746 Dei
1245 4691 1375 4763 legi,
1405 4692 1498 4748 sed
1522 4691 2117 4763 peccatipersuasioui-

538 4785 642 4839 bus
687 4793 861 4855 paret.
895 4784 953 4839 Si
995 4799 1124 4855 ergo
1173 4784 1537 4839 commonitus
1563 4786 1686 4856 quis
1712 4795 1888 4840 morte
1914 4786 2116 4842 (Ebriin

610 4877 632 4908 ⁸
660 4876 849 4931 Matth.
878 4893 953 4939 λι,
988 4877 1078 4935 50.
1156 4878 1178 4909 ⁸
1201 4876 1370 4932 Zacb.
1402 4892 1455 4940 v,
1485 4877 1536 4944 7,
1581 4878 1636 4935 8.
1714 4879 1734 4912 ⁷
1766 4877 1926 4935 Rom.
1974 4894 2049 4946 vt,
2074 4880 2212 4943 LE.

534 4947 581 4979 υ
607 4946 814 5002 unless.
864 4960 903 5009 ι,
926 4947 1018 5002 ευ.
1094 4949 1136 4980 ¹¹
1170 4946 1332 5003 llebr.
1363 4962 1425 5014 tt,
1448 4947 1502 5003 9.
1582 4950 1627 4981 “
1656 4949 1812 5006 Rom.
1842 4965 1892 5016 v,
1928 4949 2016 5005 12.
2090 4952 2129 4983 ¹⁶

2236 4965 2317 5006 rm.
2347 4965 2425 5015 vt,
2454 4949 2506 5002 1.

2134 5094 2139 5101 .
2222 5054 2308 5101 ret
2358 5053 2610 5098 mortem.
2657 5062 2677 5095 ι
2716 5042 2911 5099 Cmteri
2954 5043 3120 5109 editi,
3163 5050 3221 5098 et
3252 5060 3273 5094 ι
3321 5040 3449 5096 illud
3480 5035 3591 5090 velit
3629 5025 3738 5100 Quod

602 5042 723 5114 (5|)
756 5042 918 5114 _E_diti,
950 5062 979 5114 ίι
1012 5043 1200 5107 etiam,
1237 5062 1258 5096 ι
1288 5043 1448 5099 male.
1619 5109 1622 5112 ,

598 5112 722 5184 (εἰ)
753 5112 882 5170 Mss.
908 5113 1150 5184 plures,t
1176 5123 1451 5169 mortuum
1479 5128 1711 5184 peccare
1738 5131 1845 5173 non
1878 5130 2067 5184 posse;
2094 5136 2114 5170 ι

530 5183 634 5248 aL,
666 5183 990 5238 (mortuum
1025 5195 1364 5254 peccatoretu
1399 5183 1521 5240 esse
1558 5200 1666 5240 non
1710 5183 1892 5254 posse.
1942 5205 1963 5237 ι
2010 5187 2118 5244 Sed

538 5254 738 5307 rectius
769 5264 829 5307 ut
862 5255 915 5308 itt
949 5264 1135 5309 nostro
1163 5264 1334 5309 textu.

608 5324 721 5396 (55)
751 5321 1010 5396 Societas.
1067 5326 1236 5396 Deest,
1264 5325 1317 5396 in
1376 5323 1535 5396 libris
1564 5333 1732 5396 antea
1777 5326 1961 5382 editis.
2012 5327 2112 5382 Ms.

538 5393 685 5448 unus
709 5408 806 5464 pro
835 5412 855 5446 t
894 5395 1128 5449 societas
1175 5412 1195 5445 ι
1227 5394 1392 5450 habet
1421 5411 1443 5445 r
1489 5393 1745 5462 obligatio
1777 5437 1796 5461 ,
1842 5414 1861 5448 ι
1892 5407 1948 5453 et
1978 5397 2116 5453 alter

537 5475 635 5529 pro
656 5482 690 5531 γι
733 5465 1096 5531 voluptatibus
1126 5483 1145 5515 ι
1179 5465 1340 5519 habet
1398 5482 1417 5514 ι
1451 5464 1750 5522 voluntate.
1782 5486 1805 5519 ι

611 5530 723 5607 (ﬁt)
764 5530 918 5607 fere.
947 5535 1001 5587 Ιιι
1025 5535 1185 5590 editis
1202 5536 1497 5607 omittitur.

606 5600 724 5669 (55)
763 5600 852 5653 Sic
882 5617 1010 5657 mss.
1041 5606 1211 5659 nostri
1241 5619 1451 5660 omnes.
1483 5604 1808 5660 Salodianus
1835 5620 1986 5668 vero.
2009 5624 2029 5657 ι
2048 5616 2103 5660 et

540 5670 670 5726 illud
697 5670 842 5723 velut
867 5671 982 5725 sine
1018 5673 1129 5726 Deo
1153 5674 1271 5728 sine
1304 5674 1471 5728 dubio
1521 5690 1619 5743 pro
1640 5675 1892 5731 omnibus
1916 5688 2101 5743 gusta-

2229 4506 2420 4563 tnortis
2449 4520 2615 4577 regno
2659 4515 2713 4562 et
2742 4514 3015 4576 potestate
3052 4509 3352 4577 perduret,
3382 4522 3483 4562 non
3516 4517 3667 4559 tamen
3689 4499 3743 4552 ita

2225 4607 2490 4654 aeternum
2521 4596 2665 4654 istud
2712 4600 2905 4655 mortis
2945 4613 3085 4654 esse-
3116 4601 3365 4656 arbitror
3392 4613 3596 4668 regnum
3620 4591 3743 4667 (59').

2227 4701 2287 4747 ut
2309 4702 2395 4748 est
2428 4692 2553 4747 vita:
2579 4702 2743 4762 atque
2760 4691 3017 4757 iustitiae;
3042 4692 3281 4749 maxime
3302 4706 3427 4748 eunt
3453 4686 3743 4746 novissiqu

2227 4784 2503 4841 inimicum
2532 4794 2760 4839 mortem
2790 4783 2859 4837 ab
2878 4785 3139 4854 Apostolo
3154 4783 3269 4855 (60)
3287 4784 3498 4839 audiam
3514 4783 3745 4835 destruen-

2303 4879 2326 4911 ⁸
2360 4878 2517 4934 Rom.
2554 4893 2611 4942 ν,
2636 4877 2729 4932 20.
2822 4879 2844 4911 ⁹
2876 4876 3037 4933 Rom.
3079 4894 3152 4945 vr,
3201 4878 3291 4933 12.
3390 4878 3433 4908 ¹⁹
3473 4874 3612 4929 Rom.
3638 4868 3737 4932 νςίῑο

2587 4946 2671 5007 ιιι
2697 4947 2835 5004 Τίιιι.
2870 4964 2908 5015 ι,
2937 4950 3027 5006 19.

2217 5117 2335 5172 sine
2364 5115 2530 5185 dubio
2563 5128 2667 5183 pro,
2685 5116 2941 5171 omnibus
2959 5115 3197 5185 gustarit
3228 5125 3477 5169 mortem.
3499 5127 3517 5159 ι

2311 5184 2600 5251 56),,Alias,
2634 5202 2654 5235 ι
2687 5185 2843 5249 dicit,
2885 5202 2907 5238 ι
2932 5184 3091 5244 male.

2311 5184 2600 5306 ὅφηΑιὶςιξ,
2634 5202 2654 5235 ι
2687 5185 2843 5249 dicit,
2885 5202 2907 5238 ι
2932 5184 3001 5239 un

2309 5255 2342 5310 5
2383 5259 2401 5323 )
2435 5252 2601 5319 Edtu,
2635 5271 2656 5305 ι
2695 5264 2947 5309 mortem.
2979 5275 3001 5308 ι

2250 5324 2402 5396 .(58)
2439 5328 2581 5396 Agre.
2616 5324 2787 5396 Alias,
2820 5343 2843 5377 ι
2876 5326 2929 5379 in
2956 5340 3037 5380 se.
3071 5343 3095 5377 ι

2283 5376 2581 5518 (δέ)ιέἱῶ
2647 5376 3091 5465 Οίνίρἶιιίιιιιιῖννιιιη
3145 5392 3245 5448 lib.
3298 5408 3370 5454 ιι,
3423 5392 3594 5458 quaest.
3647 5376 3733 5445 ιι,

2283 5484 2366 5518 ιιιι.
2470 5501 2485 5517 .

2214 5482 2366 5520 1111111.
2403 5482 2485 5518 ιδ.

2305 5535 2419 5607 59‘)
2444 5535 2630 5607 Quale
2659 5533 2798 5607 lege.

2208 5675 2240 5731 ὁ
2283 5596 2411 5679 (60)
2427 5603 2597 5675 Alias,
2648 5624 2667 5660 ι
2710 5596 3064 5664 novissimam
3098 5602 3459 5660 inimicam...
3492 5596 3725 5655 destruet»

2246 5694 2350 5731 aut.
2387 5697 2407 5731 Ι

2246 5694 2350 5731 ειιιι.
2387 5697 2407 5731 Ι
