3914 6352
407 311 542 367 £057

1391 293 1755 358 COMMENT.
1792 300 1857 354 ttV
1888 301 2108 355 EPIS’I.
2143 303 2232 353 AD
2264 302 2428 353 non.
2459 304 2585 353 tht.
2637 306 2693 352 v.

3536 303 3672 357 £078

407 429 535 482 dum
568 428 634 481 ‘°.
669 426 734 481 Et
758 439 942 481 revera
973 423 1017 479 si
1041 423 1229 479 eadem
1275 422 1551 476 :eteruitas
1593 420 1786 475 mortis
1824 436 1990 492 pona-
2022 426 2062 480 Α
2103 436 2119 470 ι
2156 420 2234 473 An
2286 419 2549 487 ignoratis
2576 420 2701 487 quia
2736 418 3047 486 quicunque
3094 419 3353 485 baptizati
3384 433 3575 476 sumus
3615 425 3667 478 in

404 526 496 572 ιιηι
526 533 669 577 csse,
701 534 819 585 quae
848 517 971 569 vita:
1003 526 1107 578 est,
1136 514 1247 582 jam
1286 530 1393 567 non
1421 515 1527 568 erit
1546 529 1691 567 mors
1713 514 1834 568 vitae
1860 530 2070 569 con-rx
2093 512 2307 567 Christo
2325 510 2478 575 Jestt,
2498 512 2553 564 in
2581 521 2758 564 morte
2789 510 2959 579 ipsius
2987 511 3246 580 baptiziti
3270 514 3671 577 sumus?Con-

410 610 600 674 traria,
631 611 723 664 sed
756 609 1002 678 aequalis.
1046 608 1330 663 Eternnm
1359 622 1593 678 namque
1625 618 1825 662 aeterno
1859 623 1990 661 con-

408 703 633 755 trarium
685 717 788 754 non
839 701 969 765 erit,
1014 704 1107 755 sed
1147 701 1308 755 idem.
1356 699 1513 753 Nunc
1556 709 1735 753 autem
1776 709 1985 754 certum

404 803 495 847 est
524 803 748 847 mortem
796 794 918 848 vita:
952 808 1076 848 esse
1098 792 1426 847 contrariam
1454 809 1473 857 ;
1499 802 1712 847 certum
1745 802 1826 847 est
1859 808 1988 862 ergo

405 890 551 955 quod
583 888 626 940 si
652 888 757 941 vita
794 899 998 942 aeterna
1032 898 1116 943 est
1149 888 1288 954 (6t),
1325 902 1476 942 mors
1505 902 1627 943 esse
1672 901 1777 941 non
1818 888 1987 958 possit

405 987 609 1031 :eterna
628 993 641 1028 :
660 979 800 1030 utnlc
818 989 871 1031 ct
899 978 1266 1034 necessarium
1289 979 1464 1033 locum
1487 988 1641 1035 tenet
1658 980 1986 1035 resurrectio

408 1078 770 1122 mortuorum.
803 1067 942 1122 Cum
1007 1068 1149 1125 enim
1183 1085 1330 1125 mors
1357 1070 1577 1135 animae,
1616 1085 1738 1138 quas
1764 1080 1847 1126 est
1887 1087 1983 1128 no-

403 1158 663 1213 vissimus
686 1159 960 1226 inimicus,
986 1159 1149 1214 luerit
1178 1161 1661 1225 destructa,etiam
1695 1162 1811 1217 haec
1836 1178 1986 1217 com-

406 1250 586 1305 munis
613 1266 777 1314 tuors,
814 1266 974 1319 quam
1025 1251 1168 1305 illius
1210 1252 1359 1306 velut
1389 1256 1636 1307 umbram
1681 1269 1804 1309 esse
1840 1256 1982 1309 dixi-

404 1357 561 1404 IIIIIS,
613 1343 918 1397 necessario
956 1343 1301 1409 abolebitur;
1333 1355 1389 1400 et
1432 1356 1558 1401 tunc
1589 1358 1986 1415 consequenter

403 1434 788 1488 resnrrectioni
823 1446 1158 1489 mortuorum
1191 1436 1408 1490 dabitur
1433 1437 1606 1501 locus,
1638 1438 1726 1492 ubi
1754 1452 1982 1508 regnum

403 1527 597 1579 mortis
627 1526 830 1594 pariter
858 1542 982 1580 cum
1024 1539 1198 1584 morte
1226 1530 1559 1585 destructum
1591 1532 1716 1585 erit.
1746 1531 1851 1586 Sed
1887 1546 1985 1587 nos

402 1632 511 1671 non
549 1628 933 1686 exspectemus
973 1621 1191 1689 quando
1232 1623 1335 1675 istc
1365 1624 1696 1678 novissimus
1731 1623 1983 1678 inimicus

402 1705 737 1773 destruatur,
771 1726 790 1759 σ
826 1709 917 1778 qui
947 1710 1118 1765 semel
1163 1710 1449 1768 illuminati
1486 1732 1503 1766 ι
1536 1729 1745 1779 sumus,
1781 1726 1835 1770 et
1876 1733 1978 1784 gu-

399 1799 665 1854 stavimus
692 1819 711 1851 ι
748 1802 946 1854 donum
982 1804 1224 1868 caeleste,
1257 1818 1321 1858 ac
1349 1806 1639 1875 participes
1662 1806 1789 1861 facti
1824 1826 1847 1860 ι
1883 1820 1978 1861 su-

400 1905 521 1944 mus
554 1908 574 1941 ι
609 1891 841 1961 Spiritus
868 1896 1068 1960 sancti,
1096 1906 1151 1951 et
1180 1897 1381 1951 bonum
1414 1915 1433 1948 ι
1465 1898 1801 1967 gustavimus
1835 1915 1853 1949 ι
1886 1898 1979 1953 Dei

394 1982 624 2036 verbum
653 2022 668 2046 ,
702 1985 933 2041 virtutes
977 2002 1195 2057 quoque
1233 1988 1413 2043 saeculi
1455 1990 1670 2044 venturi
1701 1990 1743 2021 "
1771 2007 1787 2052 ;
1817 2009 1837 2043 ι
1885 1992 1981 2045 sed

392 2088 811 2142 permaneamus
834 2077 887 2131 in
926 2079 1133 2146 gratia,
1159 2096 1263 2135 nee
1286 2088 1664 2150 exspectemus
1696 2090 1755 2135 ιιι
1785 2082 1979 2137 iterum

393 2176 520 2232 post
554 2165 759 2235 lapsum
802 2183 1131 2225 renoventur
1174 2189 1194 2223 ‹
1228 2173 1297 2226 ad
1339 2173 1737 2241 paenitentiam,
1766 2188 1979 2230 rursum

392 2253 779 2323 crncitigentes
812 2274 830 2307 ι
864 2256 1020 2312 nobis
1067 2257 1201 2328 ipsis
1241 2276 1262 2310 ι
1301 2258 1495 2313 Filium
1520 2260 1642 2323 Dei,
1670 2268 1724 2313 et
1745 2262 1979 2315 ostentui

395 2341 692 2407 habentes,
728 2369 747 2397 ι
786 2345 882 2400 sed
932 2362 1160 2417 regnum
1196 2349 1423 2417 iustitia:
1460 2349 1514 2404 in
1560 2349 1715 2404 nobis
1756 2349 1849 2404 ﬁat
1890 2366 1980 2405 re-

395 2450 564 2503 gnum
593 2445 855 2491 :etcrnnm
879 2456 897 2505 ;
921 2455 1021 2494 nec
1055 2441 1249 2495 iterum
1274 2440 1648 2512 confugiamus
1670 2442 1722 2496 in
1758 2457 1978 2511 regnum

395 2526 592 2578 mortis
618 2525 751 2597 (6:1),
776 2541 847 2583 ex
878 2542 985 2597 quo
1013 2528 1232 2585 liberati
1262 2532 1331 2585 ad
1353 2546 1578 2599 regnum
1609 2531 1734 2585 vitae
1760 2540 1982 2588 aeternae

392 2616 763 2684 pervenimus,
805 2628 866 2673 ut
895 2637 915 2671 ‹
961 2620 1139 2690 gratia
1180 2635 1276 2691 per
1314 2619 1586 2691 justitiam
1636 2632 1826 2693 regnet
1865 2642 1884 2677 ι
1925 2625 1979 2680 in

392 2706 553 2761 nobis
590 2726 609 2758 ‹
654 2708 705 2761 in
734 2710 840 2762 vita
882 2719 1086 2765 teter-na
1120 2727 1218 2783 per
1246 2711 1431 2767 Jesum
1462 2712 1739 2768 Christum
1796 2714 1981 2769 Domi-

392 2811 523 2850 num
553 2807 800 2853 uostrmn
826 2800 921 2856 ⁸⁸.»
956 2800 1111 2869 Quod
1142 2818 1275 2874 ergo
1297 2805 1436 2859 dixit
1464 2820 1478 2857 :
1510 2823 1528 2857 ι
1566 2804 1763 2860 Mortui
1791 2821 1980 2863 sumus

390 2900 642 2957 peccato,
684 2908 703 2940 ι
744 2893 843 2947 hoc
889 2902 973 2946 est
1032 2895 1174 2962 quod
1215 2896 1340 2951 alibi
1394 2899 1491 2963 ait,
1519 2897 1832 2954 conformes
1874 2914 1972 2955 nos

388 2978 588 3034 Christi
622 2983 781 3035 morti
816 2981 1073 3050 effectos,
1101 2986 1194 3054 qui
1237 3005 1257 3038 ‹
1286 2988 1452 3043 semel
1479 3001 1703 3056 peccato
1731 2998 1978 3045 mortuus

2091 603 2284 671 sepulti
2308 604 2450 657 enim
2482 603 2728 657 sumusei
2753 619 2847 671 per
2866 604 3192 672 baptismum
3214 605 3265 659 iu
3288 618 3521 661 mortem
3534 608 3581 640 "
3606 623 3621 661 :
3644 625 3663 660 ο

2090 692 2291 748 docens
2315 709 2409 763 per
2448 696 2559 747 hzec
2580 694 2709 763 quia
2745 694 2791 747 si
2823 694 2944 762 quis
2977 695 3128 761 prius
3162 704 3410 750 mortuus
3431 708 3519 752 est
3544 712 3669 767 prc-

2089 795 2241 848 cato,
2297 785 2342 839 is
2400 786 2710 840 necessario
2758 786 2807 838 in
2866 784 3135 855 baptismo
3188 794 3541 861 consepultus
3585 807 3669 850 est

2087 876 2345 943 Christo;
2367 880 2410 932 si
2449 894 2577 932 vero
2609 895 2713 932 non
2738 890 2864 936 ante
2893 883 3015 952 quis
3046 884 3276 938 moritur
3293 895 3667 953 peccato,non

2088 978 2263 1035 potest
2289 970 2503 1038 sepeliri
2554 987 2675 1025 cum
2712 972 2955 1028 Christo.
3006 974 3178 1029 Nemo
3205 977 3351 1031 enim
3386 978 3543 1033 vivus
3568 978 3670 1033 ali-

2086 1060 2303 1125 quando
2326 1061 2610 1128 sepelitur.
2637 1063 2791 1129 Quod
2815 1066 2859 1121 si
2889 1079 2994 1119 non
3026 1068 3395 1136 consepelitur
3423 1069 3665 1135 Christo,

2088 1165 2190 1204 nec
2240 1150 2481 1222 legitime
2516 1155 2850 1224 baptizatur.
2904 1159 3102 1213 Verum
3140 1160 3206 1215 de
3255 1163 3464 1217 ratione
3495 1165 3668 1232 bapti-

2087 1243 2298 1307 sinatis,
2353 1261 2475 1299 cum
2538 1263 2935 1317 exponerentus
2969 1252 3322 1323 Evangelium
3370 1258 3666 1311 secundum

2085 1329 2349 1388 Joannem
2384 1374 2400 1399 ,
2433 1336 2521 1390 ubi
2580 1350 2798 1393 ventum
2851 1351 2937 1395 est
2970 1344 3038 1397 ad
3091 1361 3217 1398 eum
3262 1344 3437 1399 locmn
3475 1348 3524 1399 in
3559 1363 3668 1417 quo

2086 1424 2219 1480 dicit
2269 1426 2509 1483 Joannes
2541 1434 2608 1485 de
2657 1431 2784 1486 Jesu
2813 1431 2961 1505 (G3)
2999 1448 3015 1487 :
3051 1453 3070 1485 ι
3125 1435 3242 1505 Ipse
3286 1453 3382 1491 vos
3428 1437 3668 1503 baptiza-

2083 1514 2162 1569 hit
2187 1516 2239 1570 in
2264 1518 2473 1586 Spiritu
2499 1529 2686 1576 sancto
2709 1523 2787 1586 ’6;
2819 1542 2837 1574 ι
2870 1533 2925 1577 et
2963 1524 3086 1578 item
3124 1526 3213 1580 ubi
3249 1526 3364 1596 ipse
3416 1527 3668 1582 Salvator

2084 1608 2217 1661 dicit
2249 1626 2263 1661 :
2300 1629 2317 1662 ι
2350 1610 2465 1666 Nisi
2491 1614 2614 1683 quis
2658 1626 2876 1668 renatus
2913 1616 3075 1671 fuerit
3107 1618 3284 1672 denuo
3319 1632 3384 1674 ex
3434 1634 3573 1688 aqua
3611 1631 3669 1675 et

2083 1700 2239 1772 561
2261 1701 2491 1771 Spiritu,
2509 1719 2612 1758 non
2631 1714 2808 1774 potest
2824 1708 3049 1761 introire
3079 1709 3130 1762 in
3154 1724 3377 1778 regnum
3403 1714 3494 1767 Dei
3510 1714 3555 1744 “
3571 1714 3616 1779 ‘,
3639 1733 3659 1765 ο

2085 1812 2181 1866 pro
2232 1796 2439 1850 viribus
2474 1797 2674 1851 nostris
2705 1811 2826 1865 qua:
2866 1811 3160 1854 occurrere
3197 1811 3527 1869 potuerunt,
3555 1803 3664 1859 imo

2083 1903 2207 1957 quas
2230 1888 2451 1943 donavit
2484 1888 2746 1943 Dominus
2774 1889 3047 1954 diximus,
3087 1892 3175 1946 ubi
3209 1902 3264 1946 et
3292 1898 3560 1949 sermonis
3585 1898 3664 1965 ip-

2081 1979 2196 2033 sius
2213 1978 2324 2031 vim
2349 1993 2456 2047 quo
2487 1978 2692 2033 dicitur
2723 1978 2839 2051 (64)
2868 1997 2885 2033 :
2924 1997 2944 2031 ι
2980 1980 3097 2034 Nisi
3130 1982 3255 2049 quis
3291 1994 3512 2040 renatus
3541 1985 3658 2039 fue-

2084 2072 2161 2125 rit
2198 2071 2397 2136 denuo,
2438 2090 2457 2123 ι
2501 2070 2662 2125 altius
2690 2073 2905 2141 aperire
2937 2075 3289 2129 tentavimus.
3313 2076 3469 2142 Quod
3503 2080 3652 2132 enim

2097 2176 2199 2216 nos
2245 2160 2422 2216 Latini
2470 2161 2736 2217 habemus
2780 2181 2803 2215 ι
2836 2163 3045 2229 denuo,
3079 2182 3098 2213 ι
3134 2163 3311 2219 Graeci
3350 2165 3556 2220 ἄνωθεν
3582 2168 3664 2223 di-

2083 2261 2236 2315 cunt,
2266 2252 2359 2322 qui
2384 2267 2565 2307 sermo
2598 2262 2893 2323 utrumque
2927 2254 3223 2322 signiﬁcat,
3256 2264 3313 2310 et
3343 2273 3363 2306 ι
3408 2258 3604 2323 denuo,
3635 2278 3657 2311 ι

2081 2353 2136 2397 et
2163 2361 2185 2395 ι
2211 2344 2277 2397 de
2295 2343 2686 2413 superioribus.
2718 2344 2813 2400 iln
2843 2346 2944 2401 hoc
2968 2360 3099 2415 ergo
3132 2345 3271 2411 loco,
3298 2348 3422 2416 quia
3451 2351 3545 2418 qui
3569 2350 3664 2403 ba-

2083 2436 2321 2507 ptizatur
2360 2452 2390 2491 a
2432 2436 2591 2502 Jesu,
2616 2436 2671 2491 in
2714 2436 2920 2507 Spiritu
2966 2449 3158 2494 sancto
3188 2439 3519 2509 baptizatur,
3556 2456 3663 2495 non

2084 2527 2161 2582 ita
2187 2545 2207 2580 ι
2240 2529 2420 2585 denuo
2446 2526 2599 2599 (65)»
2646 2528 2867 2595 dicitur,
2903 2538 2961 2581 ut
2997 2528 3064 2584 de
3087 2529 3464 2598 superioribus
3499 2531 3661 2586 intel-

2083 2618 2175 2689 ligi
2198 2621 2490 2676 conveniat
2518 2639 2531 2675 :
2561 2635 2686 2675 nam
2724 2636 2749 2673 σ
2775 2621 2951 2675 denuo
2976 2638 2996 2673 ι
3028 2620 3283 2685 dicimus,
3314 2636 3437 2675 cum
3469 2623 3661 2675 eadem

2082 2726 2204 2782 qua:
2239 2720 2389 2782 gesta
2426 2723 2551 2767 sunt
2591 2721 2910 2783 repetuntur
2943 2730 2956 2764 :
3003 2711 3092 2767 hic
3118 2721 3301 2767 autem
3336 2728 3441 2767 non
3471 2714 3661 2768 eadeiu

2082 2803 2339 2857 nativitas
2392 2804 2658 2875 repetitur
2694 2805 2778 2859 vel
2834 2804 3084 2866 iteratur,
3127 2804 3243 2868 sed,
3300 2813 3514 2858 terrena
3561 2805 3666 2860 hac

2081 2898 2280 2954 omissa
2310 2897 2456 2968 (66),
2490 2898 2561 2952 de
2599 2898 2974 2966 superioribus
3002 2896 3300 2964 suscipitur
3343 2913 3483 2951 nova
3513 2897 3660 2952 uati-

2084 2990 2226 3043 vitas
2257 3006 2274 3056 ;
2308 2998 2363 3042 et
2388 2988 2510 3042 ideo
2538 2989 2740 3042 rectius
2770 2989 3079 3059 legeremus
3102 2989 3153 3041 in
3184 2987 3513 3057 Evangelia:
3550 3007 3568 3041 ι
3598 2989 3657 3045 Si

386 3079 473 3125 est
506 3069 571 3126 ¹⁹.
607 3090 624 3122 δ
658 3070 808 3138 Quod
826 3084 1006 3128 autem
1036 3075 1167 3130 dicit
1189 3076 1541 3142 «semelnex
1573 3079 1791 3150 integro
1811 3080 1979 3149 signi-
2005 3099 2047 3157 ο
2081 3080 2204 3148 quis
2239 3095 2343 3134 non
2376 3080 2540 3134 fuerit
2573 3090 2794 3134 renatus
2827 3080 2894 3135 de
2925 3081 3322 3151 superioribus,
3347 3096 3457 3136 non
3481 3091 3661 3152 putes:

393 3163 537 3217 iicat.
576 3162 651 3217 Ex
678 3163 887 3234 integro
910 3181 1142 3236 namque
1177 3166 1429 3224 Christus
1464 3178 1693 3238 peccato
1724 3181 1970 3227 mortuus

387 3265 494 3322 est,
534 3273 553 3307 ι
588 3256 681 3326 qui
720 3265 1002 3326 peccatum
1027 3274 1133 3314 non
1165 3258 1318 3327 fecit,
1354 3276 1455 3316 nec
1478 3262 1732 3319 inventus
1761 3274 1846 3319 est
1870 3264 1970 3320 do-

389 3345 472 3403 lus
505 3347 557 3401 in
591 3363 687 3403 ore
720 3348 837 3416 eius
868 3349 937 3403 ³ο.
981 3368 1000 3401 ι

457 3440 513 3495 8.
546 3458 566 3491 ι
614 3441 695 3495 An
751 3442 1016 3512 ignoratis
1050 3443 1177 3513 quia
1221 3443 1534 3514 quicunque
1580 3445 1837 3515 baptizati
1869 3460 1968 3501 su—

388 3548 513 3588 mus
541 3535 593 3587 in
626 3533 844 3588 Christo
873 3533 1025 3600 Jesu,
1066 3536 1120 3589 in
1151 3545 1328 3591 morte
1373 3536 1545 3605 ipsius
1585 3538 1845 3607 baptizati
1873 3553 1970 3593 su-

389 3642 510 3681 mus
537 3627 562 3679 ?
600 3625 912 3696 Consepulti
956 3628 1100 3683 enim
1136 3642 1328 3682 sumus
1379 3625 1454 3681 illi
1493 3643 1590 3697 per
1642 3627 1968 3697 baptismum

387 3718 443 3774 in
479 3728 741 3782 mortem;
771 3730 828 3773 ut
872 3720 1331 3789 quemadmodum
1366 3721 1609 3776 surrexit
1647 3721 1899 3776 Christus
1939 3737 1968 3776 a

385 3812 616 3866 mortuis
660 3827 758 3881 per
795 3812 1024 3883 gloriam
1067 3812 1271 3880 Patris,
1306 3812 1376 3866 ita
1419 3820 1477 3868 et
1511 3828 1609 3867 nos
1644 3815 1696 3867 in
1731 3814 1971 3869 novitate

382 3903 505 3957 vitae
527 3904 981 3959 ambulemus“.t
1006 3902 1248 3959 Observa
1278 3903 1591 3975 diligentius
1606 3904 1849 3960 ordinem
1884 3905 1968 3960 di-

383 4004 590 4049 ctorum
624 4004 679 4049 et
703 3995 1165 4065 consequentiam.
1215 3995 1511 4064 Comparat
1552 3996 1697 4051 enim
1740 4006 1969 4049 mortem

382 4098 500 4153 quae
528 4100 625 4154 per
643 4086 815 4141 Adam
835 4087 1215 4154 est,vitaequat
1243 4099 1339 4154 per
1363 4084 1638 4141 Christum
1664 4094 1779 4151 est;
1799 4095 1854 4140 et
1883 4086 1970 4141 dio

382 4177 483 4231 cit:
506 4197 524 4230 ο
545 4175 657 4231 Non
677 4179 817 4233 sicut
835 4178 1110 4243 delictum,
1127 4177 1203 4232 ita
1220 4186 1275 4232 et
1293 4177 1564 4243 donum”;
1579 4196 1598 4229 ι
1624 4187 1680 4233 et
1695 4177 1822 4232 item
1853 4183 1972 4248 post

378 4270 494 4327 hate
516 4271 649 4325 ait"
670 4270 841 4341 legem
868 4269 1227 4325 subintroisse
1253 4269 1627 4324 utabundaret
1651 4278 1965 4339 peccatum;

380 4360 689 4416 abundante
719 4377 847 4416 vero
878 4370 1102 4433 peccato
1124 4360 1599 4433 superabundasse
1620 4363 1851 4429 gratiam
1876 4381 1891 4429 ;
1915 4372 1970 4417 et

2079 3172 2307 3227 introire
2332 3170 2387 3224 in
2424 3185 2649 3240 regnum
2686 3169 2778 3223 Dei
2820 3192 2832 3225 :
2869 3189 2890 3223 ι
2922 3172 3024 3227 hoc
3051 3172 3199 3227 enim
3238 3173 3404 3229 estin
3449 3172 3658 3244 Spiritu

2073 3273 2263 3319 sancto
2288 3262 2574 3333 baptizari.
2600 3262 2697 3318 Cui
2725 3265 2945 3329 rationi,
2972 3275 3032 3321 ut
3049 3268 3114 3322 de
3138 3267 3660 3337 superioribusesse

2074 3357 2401 3426 baptismum
2436 3354 2817 3418 conﬁrmetur,
2850 3372 2959 3413 non
2989 3358 3271 3415 immerito
3302 3361 3368 3415 ad
3401 3370 3656 3416 sanctum

2075 3450 2337 3520 Spiritum
2362 3450 2663 3522 iungentur
2697 3452 2860 3508 etiam
2899 3468 2918 3502 ι
2971 3466 3124 3521 aquae
3153 3466 3274 3522 qua:
3300 3468 3465 3521 super
3487 3454 3658 3509 caelos

2072 3550 2223 3608 sunt,
2254 3551 2311 3597 et
2345 3542 2565 3597 laudant
2585 3543 2698 3613 (67)
2735 3556 2929 3596 nomen
2962 3541 3175 3595 Domini
3201 3543 3270 3596 ".
3306 3560 3326 3595 ι
3368 3543 3433 3597 Et
3463 3558 3658 3613 quam-

2072 3634 2155 3687 vis
2181 3633 2476 3688 seeundum
2502 3642 2687 3705 typum
2723 3632 2988 3688 Ecclesiis
3024 3633 3282 3687 traditum
3315 3632 3429 3705 (68)
3464 3649 3658 3689 omnes

2074 3724 2335 3794 baptizati
2363 3725 2532 3780 simus
2564 3726 2620 3779 in
2650 3725 2807 3794 aquis
2826 3723 2949 3779 istis
2974 3723 3301 3790 visibilihus,
3331 3731 3387 3779 et
3422 3725 3475 3779 in
3509 3726 3659 3778 chri-

2072 3827 2246 3871 smate
2275 3816 2505 3881 visibili,
2548 3826 2727 3871 tamen
2773 3816 2865 3885 qui
2909 3824 3159 3870 mortuus
3199 3824 3282 3869 est
3319 3826 3563 3885 peccato.
3599 3825 3655 3868 et

2072 3924 2201 3963 vere
2224 3907 2533 3977 baptizatur
2556 3908 2609 3963 in
2641 3915 2817 3962 morte
2850 3907 3077 3971 Christi,
3108 3916 3165 3960 et
3202 3907 3574 3978 consepclitur
3602 3910 3653 3962 ei

2072 4013 2169 4069 per
2196 3998 2518 4067 baptismum
2546 3998 2601 4053 in
2631 4010 2889 4063 mortem,
2914 3999 3017 4055 iste
3040 4014 3171 4053 vere
3200 4000 3253 4053 in
3286 3999 3493 4069 Spiritu
3528 4015 3655 4056 sane

2073 4100 2161 4145 cto
2193 4098 2250 4146 et
2287 4105 2429 4160 aqua
2465 4090 2531 4145 de
2563 4090 2940 4161 superioribus
2977 4091 3301 4158 baptizatur.
3340 4092 3405 4145 Et
3441 4091 3654 4145 intuere

2070 4183 2250 4237 adhuc
2297 4181 2615 4253 diligentius
2664 4182 2878 4254 mystici
2923 4181 3133 4237 ordinis
3178 4182 3649 4251 consequentiam.

2073 4272 2209 4329 Mori
2244 4275 2397 4343 prius
2441 4282 2659 4344 Oportet
2700 4284 2752 4330 te
2787 4282 3011 4343 peccato
3034 4314 3048 4339 ,
3087 4282 3146 4326 ut
3199 4273 3380 4341 possis
3428 4272 3650 4341 sepeliri

2073 4379 2194 4419 cum
2250 4365 2489 4421 Christo.
2529 4364 2744 4421 Mortuo
2784 4364 2929 4419 enim
2977 4362 3254 4432 sepultura
3290 4363 3537 4415 debetur.
3589 4360 3649 4416 Si

378 4452 433 4507 in
454 4453 541 4508 his
559 4453 889 4524 solvitquod
910 4454 1193 4510 videbatur
1213 4457 1700 4522 essecontrarium,
1724 4455 1957 4511 etdicit:
1990 4448 2038 4507 1)
2063 4458 2208 4511 enim
2252 4457 2391 4511 vivis
2430 4456 2608 4510 adhuc
2653 4463 2898 4522 peccato,
2955 4451 3277 4519 consepeliri
3338 4466 3442 4504 non
3497 4461 3651 4520 potes

383 4562 405 4598 ι
443 4544 545 4610 Qui
578 4545 723 4599 enim
764 4547 961 4601 mortui
989 4561 1177 4601 sumus
1204 4556 1446 4617 peccato,
1477 4550 1748 4617 quomodo
1801 4548 1953 4603 vive-

379 4648 500 4689 mus
524 4635 704 4690 adhuc
728 4635 780 4689 in
802 4651 869 4691 eo
900 4636 986 4690 “Y
1021 4656 1040 4689 ι
1062 4636 1219 4691 Nune
1246 4651 1383 4708 ergo
1413 4638 1599 4693 volens
1629 4640 1794 4695 rebus
1820 4639 1955 4707 ipsis

375 4727 666 4782 ostendere
716 4728 845 4798 quid
878 4738 967 4783 est
1006 4738 1283 4785 mortuum
1314 4743 1437 4785 esse
1483 4739 1745 4798 peccato,
1769 4732 1902 4787 dicit
1935 4750 1949 4787 :

483 4866 527 4898 "
553 4866 572 4921 Ι
598 4866 727 4923 Cor.
756 4884 846 4931 xv,
885 4868 975 4923 26.
1082 4870 1124 4901 ”
1157 4867 1319 4923 llebr.
1349 4883 1426 4929 vt.
1469 4868 1581 4924 ιοθ.

376 4936 537 5007 vn},
566 4938 622 4991 4.
724 4942 769 4973 ²¹
789 4939 944 4994 Rom.
979 4955 1035 5007 ν,
1060 4940 1146 4994 l5.
1245 4940 1293 4971 ³⁸
1321 4938 1455 4995 ibid.
1481 4939 1575 4995 20.

374 5005 421 5038 ²¹
452 5004 598 5063 Psal.
621 5023 843 5075 cxuttl,
886 5009 941 5063 .ι.

447 5130 558 5201 (6t)
599 5130 691 5186 Sic
716 5140 863 5185 recte
892 5145 992 5201 ms.
1027 5144 1166 5185 unus
1206 5130 1405 5201 Regius
1442 5146 1595 5187 num.
1628 5130 1786 5186 l659.
1820 5130 1939 5186 Edi-

376 5198 416 5272 ιι
439 5198 587 5265 vero,
615 5219 633 5251 ι
669 5201 795 5271 quia
824 5201 903 5272 sic
933 5199 1057 5272 vitae
1088 5198 1322 5272 πίει-ηειξῄ
1335 5215 1479 5272 mors
1506 5216 1627 5257 esse
1677 5218 1784 5256 non
1813 5215 1943 5272 pos-

374 5271 446 5323 sit
493 5268 716 5326 aeterna:
752 5290 770 5321 ι
817 5268 1015 5325 Creteri
1065 5286 1195 5325 mss.
1231 5286 1246 5322 :
1276 5270 1437 5336 alius,
1473 5290 1491 5323 ι
1546 5275 1672 5341 quia
1726 5275 1770 5327 si
1814 5268 1949 5323 'vitze

374 5349 588 5397 atteram
611 5352 693 5397 est
716 5356 862 5395 mors
883 5341 1177 5405 contraria,
1202 5355 1323 5395 esse
1350 5355 1456 5395 non
1482 5345 1651 5409 possit
1675 5354 1878 5395 :eterna
1896 5357 1909 5403 ;
1927 5359 1943 5389 ι

376 5409 535 5476 alius.
567 5430 585 5463 ι
621 5412 748 5481 quia
788 5413 829 5466 si
861 5411 984 5465 vitat
1024 5420 1242 5465 aeternae
1285 5425 1429 5481 mors
1470 5426 1591 5465 esse
1634 5428 1740 5467 non
1785 5412 1955 5479 possit

374 5482 668 5541 contraria.
700 5497 846 5536 mors
873 5496 996 5535 esse
1028 5496 1131 5535 non
1164 5480 1333 5548 possit
1363 5488 1596 5545 mterna;
1631 5501 1649 5533 ι
1683 5481 1843 5535 male.

442 5550 555 5622 (6‘2)
596 5552 761 5616 Editi,
792 5569 810 5603 ι
854 5553 956 5605 hoc
984 5551 1197 5606 interim
1226 5548 1495 5620 fugiamus
1552 5566 1778 5620 regnum
1808 5564 1952 5605 mor-

374 5619 463 5677 tis.
515 5642 534 5675 ι

443 5690 557 5762 (63)
597 5692 729 5746 Vide
767 5700 894 5746 tom.
924 5706 979 5746 vt
1007 5693 1062 5745 in
1087 5691 1368 5760 Joannem,
1424 5706 1571 5746 num.
1617 5690 1713 5759 26,
1740 5689 1828 5747 ubi
1862 5690 1951 5749 hic

372 5760 669 5822 Scriptura:
693 5762 841 5818 lorus
866 5764 1177 5825 exuonitur.

1696 4870 1738 4903 ’⁸
1762 4871 1917 4928 Rom.
1950 4889 2001 4939 ν,
2024 4873 2117 4928 2|.

1680 4940 1725 4972 "
1757 4942 1912 4999 Rom.
1947 4958 2022 5009 VI,
2070 4943 2126 4997 2.

2064 4548 2311 4613 Christo,
2349 4562 2450 4602 nec
2487 4548 2541 4601 in
2573 4560 2713 4601 novo
2739 4545 2856 4615 ejus
2894 4544 3146 4613 sepulcro
3185 4542 3475 4608 collocari,
3516 4548 3645 4612 quia

2061 4650 2221 4695 vetus
2243 4641 2407 4694 homo
2427 4649 2552 4694 tuus
2594 4638 2745 4703 vivit,
2775 4646 2831 4691 et
2857 4652 2964 4690 non
2990 4644 3167 4705 potest
3192 4635 3247 4688 in
3291 4637 3532 4690 novitate
3567 4637 3646 4688 vi-

2065 4740 2133 4787 tae
2180 4731 2479 4788 ambulare.
2513 4732 2804 4801 Propterea
2832 4744 3064 4799 namque
3093 4742 3238 4783 cura:
3264 4727 3367 4782 fuit
3418 4728 3646 4799 Spiritui

2197 4870 2240 4901 "
2267 4870 2423 4923 Rom.
2457 4866 2673 4936 Vt,2,5.
2700 4865 2786 4922 i0.
2865 4864 2913 4897 “
2945 4864 2959 4916 ι
2991 4862 3136 4936 Petr.
3167 4861 3331 4936 n.2j2.
3407 4863 3449 4894 ’ί
3480 4861 3643 4936 Rom.

2199 4940 2247 4973 ³⁸
2277 4940 2403 4996 ibid.
2445 4931 2527 4994 5(
2570 4938 2616 4969 ³⁸
2655 4936 2845 4991 Matth.
2883 4950 2970 4996 ιιι.
3000 4934 3087 4988 ll.
3164 4934 3234 4964 ’°‘
3272 4931 3431 4987 Joau.
3481 4934 3642 4994 tn,5.

2148 5128 2240 5198 δι)
2270 5127 2443 5198 Alias,
2488 5143 2507 5178 ι
2545 5125 2634 5179 ubi
2668 5122 3036 5198 etsermonis
3080 5120 3308 5198 id_qnod
3349 5120 3573 5198 dicitur.
3614 5140 3638 5177 ι

2148 5130 2240 5198 6t)
2270 5130 2443 5194 Alias,
2488 5143 2507 5178 ι
2545 5130 2634 5179 ubi
2669 5133 2723 5180 et
2767 5130 3036 5179 sermonis
3080 5130 3131 5175 id
3166 5130 3308 5190 quod
3349 5130 3566 5176 dicitur.
3614 5140 3638 5177 ι

2127 5130 2242 5269 (65)
2277 5197 2376 5253 Ms.
2407 5210 2547 5251 unus
2573 5195 2774 5269 omittit
2807 5209 2827 5243 ‹
2857 5194 3061 5249 denuo.
3093 5209 3111 5244 ι
3141 5190 3342 5247 Deinde
3366 5207 3497 5247 mss.
3524 5192 3644 5263 plu-

2062 5265 2149 5326 res
2185 5265 2383 5323 habent
2415 5280 2434 5318 ‹
2471 5265 2745 5321 convenit.
2786 5281 2805 5315 ι

2132 5308 2879 5410 is'éi"ié'irén3"i'é£'5iia'.a.
2912 5328 3039 5389 Haec
3079 5308 3277 5388 desunt
3308 5331 3361 5386 in
3393 5332 3558 5386 editis
3588 5343 3643 5387 et

2064 5411 2117 5465 in
2154 5410 2429 5479 plerisque
2456 5423 2585 5479 mss.

2131 5471 2245 5550 (67)
2279 5471 2449 5541 Alias,
2477 5496 2495 5529 ι
2524 5476 2914 5548 junguntur....
2939 5486 3061 5544 quae
3086 5473 3187 5529 sub
3223 5471 3364 5531 coelo
3395 5483 3545 5538 sunt,
3581 5482 3641 5525 ut

2059 5546 2297 5613 laudent,
2336 5569 2353 5601 ι
2391 5559 2496 5603 etc.

2130 5618 2241 5691 (68)
2283 5612 2447 5691 Editi,
2484 5637 2516 5691 «μ
2536 5614 2795 5674 Ecclesiae
2815 5612 3095 5673 traditum.
3132 5632 3152 5670 ι
3178 5614 3293 5685 AL,
3329 5633 3349 5667 ι
3381 5612 3643 5671 ecclesia.-

2059 5689 2209 5747 stieae
2225 5689 2573 5748 traditionis.
2608 5706 2627 5741 ι
