3986 6206
359 353 502 404 11159

1853 349 2176 404 UBICEMS

3487 357 3631 409 “fit!

357 473 552 521 sancto
598 464 813 520 tradere
846 480 940 534 per
987 466 1304 534 Seriptttras
1348 467 1489 536 quod
1531 477 1584 522 ct
1632 469 1938 537 sepulcrum
1973 477 2015 528 Α
2046 468 2127 521 vel
2180 467 2396 522 Patrem
2465 465 2807 528 nominaret,
2873 467 2955 520 vel
3014 465 3280 536 Spiritunt
3346 481 3626 521 sanctum.

359 569 564 611 novum
591 553 756 610 fuerit
789 557 841 609 in
871 570 979 625 quo
1016 556 1262 626 sepultus
1301 567 1383 613 est
1415 557 1595 622 .lesus,
1636 569 1686 614 et
1724 561 1940 628 quodin

363 650 600 704 sindone
629 647 826 702 munda
862 649 1149 703 obvolutus
1182 651 1251 702 sit
1281 653 1362 706 “z
1395 661 1450 704 ιιι
1481 653 1619 706 sciat
1648 652 1826 706 omnis
1849 652 1941 722 qui

363 741 688 811 consepeliri
720 739 832 793 vult
859 740 1075 795 Christo
1115 757 1211 809 per
1240 744 1585 811 baptismum,
1615 743 1750 798 nihil
1788 752 1944 797 vetu-

361 836 524 890 statis
567 837 632 888 ad
689 833 994 900 sepulcrum
1042 849 1262 898 novum,
1313 836 1444 888 nihil
1492 835 1848 889 imtnunditim
1877 834 1945 888 ad

366 927 618 981 mundam
649 925 932 979 sindonetn
961 924 1340 980 deferendum.
1378 927 1482 980 lsta
1508 937 1592 981 est
1624 943 1756 996 ergo
1788 927 1944 980 beata

365 1032 534 1076 mors.
567 1018 633 1072 de
663 1032 770 1084 qua
812 1017 942 1072 dicit
969 1017 1283 1087 Apostolus,
1307 1019 1433 1088 quia
1474 1037 1492 1070 ι
1539 1033 1760 1086 semper
1793 1033 1945 1072 mor-

363 1117 473 1162 tem
501 1106 627 1162 Jesu
672 1107 874 1162 Christi
925 1109 977 1161 itt
1019 1123 1252 1176 corpore
1306 1119 1495 1163 ttostro
1547 1127 1566 1160 t
1604 1107 1949 1165 circumieri-

359 1215 488 1255 mns
518 1201 564 1232 ”
597 1217 613 1264 ;
643 1209 698 1252 et
735 1200 970 1254 iterant:
1006 1219 1023 1252 t
1062 1199 1317 1266 Quotidie
1355 1201 1558 1254 morior
1595 1201 1661 1256 ³⁸.
1705 1220 1722 1252 t
1757 1199 1862 1253 Sed
1893 1208 1947 1253 et

361 1293 496 1350 illud
518 1309 642 1346 cum
676 1293 813 1346 dicit
843 1312 855 1346 :
899 1311 918 1344 ι
961 1292 1154 1347 Otttttia
1186 1307 1362 1345 vestra
1401 1301 1548 1355 sunt,
1578 1293 1693 1346 sive
1727 1291 1946 1352 Paulus.

356 1388 482 1442 sive
513 1385 725 1455 Apollo,
743 1385 858 1439 sive
883 1383 1116 1452 Cephas,
1145 1385 1259 1438 sive
1283 1384 1370 1437 hic
1397 1384 1650 1447 mundus,
1669 1382 1788 1437 sive
1816 1384 1944 1446 vita,

365 1481 480 1534 sive
503 1492 653 1534 mors
677 1477 744 1540 ³⁸,
781 1496 800 1530 ι
835 1485 1063 1532 mortem
1102 1477 1240 1530 hanc
1263 1490 1368 1545 qua
1409 1486 1628 1544 peccato
1665 1475 1947 1534 morimur,

363 1582 423 1627 et
459 1571 678 1626 Christo
726 1570 1129 1639 consepelimur
1183 1579 1486 1622 enumerat.
1533 1568 1731 1622 Verum
1775 1572 1952 1635 potest

367 1664 494 1731 quis
562 1664 616 1717 in
669 1663 754 1717 his
827 1660 958 1714 locis
1025 1663 1304 1729 requirere
1373 1676 1469 1713 cur
1530 1659 1824 1728 Apostolus
1882 1657 1951 1711 de

362 1755 642 1823 baptismo
689 1763 876 1808 nostro
905 1749 1020 1820 (69)
1071 1750 1300 1818 loquens
1329 1762 1381 1804 et
1421 1751 1488 1804 de
1511 1749 1662 1814 .lean,
1691 1750 1890 1803 dixerit
1930 1768 1945 1804 :

2051 581 2068 612 ι
2107 561 2338 616 Verbum
2376 579 2396 614 ι
2430 562 2576 616 enim
2612 581 2630 615 ι
2670 578 2801 617 caro
2827 562 3030 616 factum
3061 569 3144 615 est
3176 559 3242 624 ³⁸,
3285 577 3304 612 ι
3342 570 3401 613 et
3435 560 3634 613 merito

2047 653 2137 706 ubi
2179 669 2308 709 caro
2333 663 2444 720 est,
2486 655 2558 709 ibi
2578 656 2646 709 de
2672 665 2843 710 morte
2873 661 3163 708 tractatur.
3194 650 3305 706 Nec
3333 650 3630 704 convenie-
3658 645 3662 650 ’

2047 746 2138 800 bat
2166 756 2225 800 ιιι
2263 747 2470 802 diceret
2507 767 2520 803 :
2558 764 2577 798 ι
2611 747 2935 817 Quicunque
2967 743 3231 814 baptizati
3271 757 3464 797 smnus
3504 760 3525 793 ο
3576 741 3631 794 in

2047 839 2267 893 nomine
2299 837 2502 903 Patris,
2537 838 2617 892 vel
2647 839 2699 892 in
2734 839 2952 892 nomine
3001 833 3238 905 Spiritus
3278 834 3482 898 sancti,
3521 849 3543 884 ι
3579 833 3632 886 iit

2049 939 2224 984 morte
2272 930 2442 1000 ipsius
2477 931 2736 998 baptizati
2783 943 2992 984 smnus.
3034 946 3052 978 ι
3102 925 3254 980 Unde
3285 924 3633 979 observanda

2047 1033 2132 1076 est
2165 1037 2229 1075 ex
2281 1023 2384 1076 hoc
2423 1021 2544 1075 loco
2583 1022 2749 1076 etiam
2786 1021 2838 1074 itt
2880 1019 3099 1074 caeteris
3134 1017 3247 1087 (74)
3291 1017 3638 1071 consuetudo

2053 1119 2310 1186 Apostoli,
2343 1119 2485 1188 quod
2517 1134 2620 1172 non
2645 1133 2862 1188 semper
2884 1132 3009 1172 cum
3035 1115 3240 1185 aliquid
3269 1130 3334 1169 ex
3373 1115 3639 1184 Scriptu-

2053 1211 2126 1264 Iis
2151 1212 2397 1271 assu‘mit.
2431 1211 2700 1278 integrum
2739 1220 2944 1263 textum
2988 1207 3277 1262 verborum
3299 1247 3314 1273 ,
3349 1217 3410 1258 ιιι
3451 1206 3507 1259 in
3541 1221 3639 1259 suo

2051 1303 2168 1356 loco
2195 1303 2403 1372 positus
2427 1312 2532 1362 est.
2562 1302 2828 1366 assumit;
2861 1302 2959 1356 sed
2983 1315 3046 1355 ea
3083 1309 3314 1363 tantum,
3340 1313 3465 1367 quae
3493 1313 3638 1366 prs:-

2051 1396 2226 1450 sentis
2254 1410 2431 1449 causa:
2465 1395 2696 1463 requirit
2727 1393 2996 1454 assertio.
3032 1393 3174 1447 sicut
3210 1391 3340 1445 etin
3378 1390 3639 1461 praesenti

2052 1501 2302 1541 sermone
2323 1531 2336 1552 ,
2358 1485 2486 1556 quia
2510 1483 2624 1555 (75)
2665 1487 2732 1541 de
2763 1497 2937 1540 morte
2965 1483 3174 1538 Christi
3219 1484 3420 1538 docere
3445 1483 3639 1552 cupie-

2052 1579 2165 1640 hat,
2197 1576 2411 1631 sull‘ecit
2441 1577 2552 1649 (76)
2588 1577 2636 1630 ei
2677 1575 2858 1631 dicere
2891 1594 2904 1630 :
2945 1593 2966 1626 ι
3003 1574 3324 1644 Quicunque
3369 1573 3637 1642 baptisati

2053 1663 2213 1735 562
2262 1678 2453 1718 smnus
2483 1666 2534 1716 itt
2564 1663 2814 1732 Christo,
2861 1664 2913 1718 in
2956 1672 3133 1718 morte
3165 1663 3336 1733 ipsius
3367 1662 3637 1733 baptizati

2051 1769 2262 1808 sumus.
2305 1773 2324 1805 ι
2362 1754 2486 1806 Mihi
2518 1768 2647 1808 vero
2680 1769 2748 1806 ne
2788 1753 2916 1807 illml
2949 1754 3167 1824 quidem
3212 1755 3390 1809 otiose
3420 1754 3640 1824 praemi-

379 1863 399 1896 ι
419 1817 731 1913 Consepulti
755 1842 803 1894 ei
828 1817 1016 1894 sumus
1039 1841 1474 1908 perbaptismtnu
1503 1841 1554 1892 itt
1586 1847 1813 1892 mortem
1833 1839 1897 1902 ⁸¹;
1925 1858 1944 1890 ι
1984 1817 2024 1872 Β
2055 1843 2191 1898 sisse
2223 1844 2274 1897 in
2308 1843 2408 1898 hoc
2430 1842 2670 1912 capitulo
2708 1843 2922 1898 videtur
2957 1817 3248 1912 Apostolus
3275 1817 3590 1913 quod-dicit
3617 1855 3632 1896 :

365 1943 422 1986 et
457 1933 582 1985 item
613 1929 740 1984 alibi
777 1929 863 1982 "z
897 1947 915 1980 ι
951 1926 1006 1982 Si
1051 1929 1443 1982 commorimur
1469 1928 1539 1994 ei,
1595 1939 1650 1983 et
1692 1930 1949 1984 convivo--

365 2037 518 2088 mus;
560 2041 579 2074 ι
628 2030 683 2074 et
754 2021 925 2074 item:
973 2037 991 2070 t
1030 2017 1087 2074 Si
1121 2021 1518 2089 compatimur,
1567 2030 1621 2073 et
1651 2035 1950 2088 conregna-

365 2115 583 2176 bimus;
636 2131 654 2162 ι
686 2121 742 2166 et
775 2125 1044 2180 nusquam
1090 2109 1230 2164 dixit
1265 2110 1530 2165 :Christo
1574 2109 1948 2178 conbaptizati

373 2222 597 2272 smnus;
627 2220 750 2262 cum
791 2205 981 2273 utique
1015 2203 1157 2258 sicut
1188 2219 1334 2257 mors
1365 2205 1547 2268 morti,
1575 2213 1628 2257 et
1655 2205 1762 2257 vita
1795 2204 1948 2269 vitae,

363 2302 442 2354 ita
469 2307 519 2353 et
553 2297 850 2367 baptismus
869 2293 1136 2363 baptismo
1159 2292 1395 2348 conferri
1416 2293 1665 2347 debuisse
1684 2293 1948 2346 videatur.

373 2394 478 2448 Sed
505 2391 627 2446 vide
654 2389 706 2443 in
749 2386 994 2456 Apostoli
1031 2387 1226 2440 litteris
1256 2395 1458 2456 quanta
1477 2385 1685 2441 cautela
1718 2386 1789 2439 sit
1822 2401 1837 2451 ;
1875 2385 1956 2439 ait

369 2488 512 2540 enim
565 2504 578 2539 :
620 2502 639 2536 ι
686 2481 1008 2550 Quicunque
1062 2480 1319 2549 baptizati
1387 2494 1574 2534 sumus
1631 2481 1683 2533 in
1733 2479 1952 2534 Christo

367 2577 516 2633 Jesu.
554 2594 572 2628 ι
601 2573 858 2628 Nostrum
892 2585 1022 2639 ergo
1052 2571 1319 2642 baptisma
1347 2572 1400 2625 itt
1423 2569 1644 2625 Christo
1673 2568 1796 2624 Jesu
1831 2583 1953 2623 esse

361 2671 523 2727 dicit.
550 2668 666 2739 Ipse
703 2677 884 2720 autem
906 2664 1157 2719 Christus
1189 2678 1218 2717 a
1253 2661 1464 2718 Joanne
1497 2662 1804 2731 baptizatus
1836 2661 1948 2733 (70)

370 2763 624 2823 reiertttr,
659 2777 764 2816 non
788 2775 854 2814 eo
879 2759 1204 2827 baptismate
1229 2756 1371 2824 quod
1405 2755 1458 2809 itt
1486 2755 1708 2811 Christo
1730 2764 1836 2820 est,
1856 2754 1948 2808 sed

368 2874 436 2914 eo
465 2857 606 2927 quod
657 2855 711 2908 in
753 2854 872 2924 lege
913 2863 1019 2906 est.
1057 2849 1130 2902 Ita
1173 2850 1317 2905 enim
1357 2857 1410 2903 et
1433 2851 1545 2918 ipse
1571 2849 1647 2904 ait
1677 2849 1742 2902 ad
1779 2847 1950 2903 Joan-

371 2963 494 3004 nem
533 2965 548 3003 :
593 2965 612 2998 ι
649 2944 778 3000 Siue
801 2945 960 2998 ntodo
991 2957 1007 2996 :
1036 2943 1117 2996 sic
1145 2942 1290 2996 enim
1332 2942 1490 2995 decet
1521 2955 1620 2994 nos
1651 2939 1950 3008 adimplere

362 3056 584 3096 omnem
614 3039 881 3109 justitiam
917 3037 981 3089 ³⁸.
1024 3055 1042 3088 t
1079 3035 1134 3090 In
1167 3049 1277 3104 quo
1305 3034 1564 3097 ostendit,
1595 3033 1741 3103 quod
1772 3033 1952 3101 bapti-

371 3148 522 3188 smus
542 3131 770 3188 Joannis
803 3129 1041 3200 cxpletio
1067 3138 1184 3182 erat
1211 3136 1483 3192 veterum,
1525 3141 1630 3180 non
1675 3126 1948 3180 inchoatio
1978 3161 2019 3218 ο

365 3238 658 3280 novorum.
723 3222 965 3290 Denique
1009 3218 1245 3275 refertur
1294 3219 1346 3273 in
1397 3220 1622 3273 Actibus
1673 3218 1950 3288 apostolo-

370 3330 490 3370 rum
533 3314 603 3379 ³⁸,
645 3313 788 3382 quod
823 3312 1041 3382 quidam
1089 3327 1158 3367 ex
1205 3310 1487 3380 discipulis
1533 3309 1624 3379 qui
1678 3311 1950 3380 baptismo

371 3407 604 3463 Joannis
629 3406 852 3460 fuerant
874 3405 1151 3473 baptizati,
1171 3403 1537 3473 apostolorum
1561 3403 1832 3457 sententia
1862 3417 1951 3458 re-

367 3498 638 3569 ’baptizati
664 3507 791 3552 sunt
820 3496 871 3550 in
891 3493 1106 3550 nomine
1125 3493 1337 3548 Domini
1364 3491 1513 3547 Jesu.
1545 3512 1562 3543 ι
1588 3492 1906 3561 Quicunque
1926 3513 1944 3545 ι

371 3606 550 3660 (ει-εστ
576 3587 831 3659 baptizati
859 3601 1047 3641 sumus
1068 3584 1181 3653 (71)
1205 3585 1258 3638 in
1277 3585 1495 3639 Christo
1521 3585 1672 3652 Jesu,
1695 3586 1748 3640 in
1779 3596 1953 3641 morte

363 3682 544 3752 ipsius
563 3681 822 3751 baptizati
852 3693 1043 3736 sumus
1073 3677 1140 3732 “.
1179 3696 1198 3730 ι
1223 3676 1488 3746 Requiras
1515 3676 1767 3733 fortassis
1784 3680 1950 3732 etiam

375 3773 658 3842 hoc,quod
690 3787 814 3827 cum
849 3772 962 3842 ipse
983 3769 1248 3825 Dominus
1274 3768 1473 3823 dixerit
1500 3770 1567 3822 ad
1599 3769 1891 3838 discipulos
1907 3773 1950 3803 ³⁷

372 3878 432 3920 ιιι
459 3866 804 3936 baptizarent
840 3878 1030 3918 onmes
1063 3872 1251 3932 gentes
1291 3861 1344 3915 itt
1395 3863 1616 3916 nomine
1660 3863 1867 3928 l’atris,
1901 3874 1955 3917 et

363 3955 518 4019 'Filii,
565 3966 616 4010 et
665 3954 904 4024 Spiritus
947 3953 1147 4018 sancti,
1185 3967 1284 4007 cur
1331 3953 1420 4008 hic
1465 3952 1756 4022 Apostolus
1786 3956 1955 4010 solius

367 4043 576 4104 Christi
609 4046 663 4100 in
694 4047 964 4114 baptismo
983 4058 1175 4098 nomen
1205 4046 1565 4113 assumpserit
1592 4046 1703 4117 (79.)
1727 4047 1950 4100 dicens:

378 4156 400 4190 ι
436 4137 757 4204 Quicunque
787 4134 1041 4201 baptizati
1081 4148 1270 4188 sumus
1292 4135 1346 4188 in
1365 4134 1609 4199 Christo,
1638 4155 1657 4187 ι
1691 4152 1816 4191 cum
1847 4138 1955 4191 uti-

375 4237 482 4293 que
512 4238 616 4277 uon
651 4221 923 4275 habeatur
957 4221 1260 4294 legitimum
1286 4221 1575 4290 baptisnta,
1609 4225 1710 4279 nisi
1733 4225 1832 4280 sub
1865 4241 1957 4280 no-

378 4314 523 4370 mine
543 4311 850 4367 Trinitatis.
869 4310 976 4367 Sed
1002 4311 1216 4366 intuere
1239 4310 1582 4380 prudentiam
1609 4312 1787 4380 Pauli,
1815 4331 1953 4384 quo-

377 4408 524 4462 niam
546 4404 767 4474 quidem
801 4404 853 4458 itt
886 4405 1140 4474 praesenti
1169 4402 1289 4458 loco
1331 4418 1437 4458 non
1476 4413 1582 4460 tant
1617 4407 1956 4478 baptismatis

2060 1953 2078 1984 ι
2120 1935 2200 1987 An
2233 1935 2455 1990 nescitis
2485 1935 2600 2006 (77)
2623 1936 2645 1988 ?
2670 1954 2690 1988 ι
2720 1933 2826 1988 Per
2850 1936 2994 2004 quod
3027 1935 3288 1997 ostendit,
3313 1935 3444 2004 quia
3477 1943 3636 1998 tunc.

2055 2024 2157 2079 hoc
2177 2035 2260 2080 est
2304 2027 2672 2096 apostolorum
2709 2027 3072 2095 temporibus,
3099 2041 3230 2088 non,
3266 2035 3324 2080 ut
3351 2042 3498 2082 nunc
3518 2026 3637 2083 ﬁeri

2052 2117 2318 2181 videmus,
2345 2128 2499 2188 typus
2529 2118 2902 2172 tantummodo
2923 2119 3303 2189 mysteriorum
3324 2119 3408 2173 his
3425 2119 3518 2188 qui
3539 2122 3629 2173 ba-

2053 2211 2415 2278 ptizabantur,
2437 2211 2728 2266 scd'virtns
2755 2225 2941 2265 eorum
2965 2224 3027 2263 ac
3053 2211 3190 2264 ratio
3214 2211 3556 2277 tradebatur,
3577 2223 3636 2266 et

2055 2311 2308 2372 tanquam
2341 2302 2642 2357 scientibus
2663 2312 2719 2357 et
2743 2302 2948 2358 edoctis
2968 2302 3095 2372 quia
3132 2303 3222 2372 qni
3255 2302 3636 2372 baptizantur,

2052 2394 2107 2448 in
2151 2403 2323 2448 morte
2360 2392 2560 2448 Christi
2593 2394 2970 2464 baptizantur,
3011 2404 3067 2450 et
3109 2394 3557 2464 consepelinntur
3585 2395 3636 2450 ei

2054 2500 2150 2555 per
2188 2485 2511 2553 baptismum
2539 2485 2591 2539 in
2652 2495 2879 2540 mortem
2915 2503 2930 2552 ;
2983 2497 3034 2542 et
3067 2487 3195 2556 quia
3219 2488 3361 2541 sicut
3384 2486 3641 2542 Christus

2053 2576 2290 2630 surrexit
2326 2591 2354 2628 a
2391 2574 2620 2629 mortuis
2655 2591 2754 2645 per
2779 2574 3004 2645 gloriam
3042 2575 3244 2643 Patris,
3284 2577 3359 2630 ita
3396 2577 3448 2629 itt
3480 2578 3638 2631 novi-

2057 2675 2164 2721 tate
2211 2665 2322 2735 (78)
2367 2668 2492 2721 vita:
2541 2665 2824 2722 ambulare
2856 2666 3091 2722 debeant
3135 2667 3188 2722 hi
3227 2667 3318 2736 qui
3363 2669 3635 2737 baptizati

2053 2767 2179 2814 sunt
2195 2757 2261 2810 ³⁸.
2283 2757 2405 2812 Haec
2427 2757 2716 2826 Apostolus
2734 2757 2944 2810 scribit.
2975 2757 3165 2811 Adhuc
3191 2757 3440 2812 fortassis
3466 2760 3637 2813 etiam

2055 2851 2156 2902 hoc
2193 2849 2246 2902 in
2278 2847 2530 2916 praesenti
2563 2847 2800 2915 capitulo
2828 2847 3177 2914 requiratur:
3217 2847 3272 2901 Si
3309 2849 3516 2901 tnortui
3543 2864 3638 2901 sn-

2055 2958 2174 2995 tnus
2205 2949 2449 3010 peccato,
2482 2949 2535 2992 et
2565 2937 2862 3007 consepulti
2895 2954 3082 2992 sumus
3117 2937 3365 3006 Christo,
3412 2950 3469 2993 et
3506 2955 3639 2994 cou-

2054 3035 2396 3090 surreximus
2429 3049 2550 3086 cum
2587 3047 2674 3094 eo,
2725 3032 3094 3086 necessarium
3132 3032 3408 3088 videbitur
3433 3049 3638 3090 secun-

2054 3128 2181 3183 dum
2215 3127 2354 3181 hanc
2382 3125 2614 3178 formam
2641 3123 2851 3179 ostendi
2879 3123 3149 3192 quomodo
3177 3125 3340 3176 etiam
3365 3139 3492 3178 cum
3522 3125 3639 3193 ipso

2055 3229 2164 3273 tres
2191 3219 2326 3277 dies.
2358 3225 2413 3270 et
2443 3223 2554 3270 tres
2579 3224 2768 3268 noctes
2799 3215 2850 3267 itt
2877 3214 3042 3268 corde
3066 3223 3225 3268 terra:
3256 3215 3454 3285 sepulti
3492 3215 3640 3271 l'ece-

2054 3311 2226 3364 rimus
2250 3309 2387 3379 (79).
2419 3308 2485 3362 Et
2516 3307 2638 3362 vide
2664 3307 2709 3361 si
2751 3307 3026 3376 possimus
3051 3317 3162 3361 tres
3188 3307 3308 3362 dies
3330 3310 3636 3380 ronsepulti

2053 3399 2273 3455 Christo
2301 3397 2502 3463 facere,
2530 3413 2654 3453 cum
2681 3397 2895 3465 plenam
2915 3395 3201 3450 Trinitatis
3221 3397 3514 3453 scientiam
3546 3415 3637 3454 ca-

2054 3491 2233 3558 pimus
2263 3507 2275 3542 :
2303 3489 2389 3542 lux
2419 3497 2503 3542 est
2545 3487 2658 3558 (80)
2701 3489 2846 3542 enim
2892 3487 3074 3552 Pater,
3103 3498 3159 3542 et
3196 3487 3248 3540 in
3286 3487 3492 3544 lumine
3519 3488 3636 3558 ejus

2055 3582 2145 3651 qui
2207 3591 2290 3635 est
2331 3580 2498 3634 Filius
2544 3580 2724 3633 lumen
2769 3579 3014 3633 videmus
3058 3577 3322 3646 Spiritum
3353 3591 3629 3634 sanctum.

2057 3672 2309 3728 Facimus
2339 3679 2517 3724 autent
2547 3681 2603 3724 et
2632 3680 2742 3723 tres
2772 3678 2962 3724 noctes
2982 3708 2997 3733 ,
3029 3683 3152 3722 cum
3187 3669 3525 3726 destruimus
3559 3680 3638 3725 te-

2057 3764 2350 3818 nebrarum
2380 3772 2435 3817 et
2477 3761 2794 3830 ignorantiae
2819 3769 3028 3829 patrem
3056 3775 3160 3813 ttna
3187 3775 3313 3814 cum
3352 3765 3636 3818 mendacio

2055 3859 2198 3927 quod
2226 3872 2293 3912 es
2319 3871 2384 3912 eo
2413 3863 2596 3911 natum
2630 3865 2732 3921 est,
2761 3866 2816 3910 et
2859 3874 2878 3907 ι
2921 3855 3156 3910 mendax
3185 3865 3269 3912 est
3293 3857 3435 3911 sicut
3461 3865 3516 3912 et
3544 3873 3637 3928 pa-

2060 3962 2142 4007 ter
2157 3945 2552 4017 ejus,teticum
2581 3949 2821 4018 loquitur
2848 3947 3192 4003 mendacium
3214 3987 3232 4013 ,
3261 3949 3328 4003 de
3357 3950 3475 4003 suis
3512 3965 3636 4018 pro-

2059 4041 2190 4111 priis
2220 4039 2458 4110 loquitur
2487 4038 2553 4089 ⁸ο.
2594 4056 2615 4090 ο
2659 4038 2764 4092 Sed
2799 4046 2855 4092 et
2883 4036 3043 4092 tertio
3067 4037 3189 4092 loco
3216 4036 3638 4107 spiritumerro-

2058 4128 2135 4182 ris
2157 4127 2510 4191 destruimus,
2540 4126 2631 4195 qui
2667 4125 2900 4195 inspirat
2937 4127 3444 4196 pseudoprophetas
3479 4129 3635 4182 utdi-

2058 4230 2184 4274 cant
2213 4239 2226 4274 :
2269 4237 2287 4272 ι
2324 4220 2449 4274 Haec
2470 4219 2599 4273 dicit
2632 4218 2909 4280 Dominus,
2951 4233 3089 4285 quos
3114 4218 3376 4274 Dominus
3408 4236 3516 4276 non
3543 4225 3639 4276 mi~

2059 4314 2131 4368 sit
2161 4312 2228 4366 “.
2265 4331 2283 4364 ι
2328 4311 2666 4366 Destruimtts
2689 4312 2806 4364 hanc
2827 4319 2880 4364 et
2913 4307 3321 4373 conculcamus.
3354 4311 3401 4366 si
3437 4328 3632 4368 conse-

2061 4403 2191 4472 pulti
2239 4417 2425 4458 sumus
2474 4401 2728 4466 Christo,
2770 4401 2939 4456 etiam
2985 4403 3284 4456 secundum
3320 4402 3454 4457 illud
3495 4403 3635 4474 quod

377 4500 664 4560 rationem,
696 4509 857 4565 quam
899 4496 1089 4550 mortis
1118 4495 1320 4551 Christi
1366 4496 1641 4553 discutere
1674 4501 1950 4568 cupiebat,
1987 4508 2031 4562 ι)
2061 4493 2175 4562 ipse
2212 4480 2343 4547 dicit
2374 4509 2388 4546 :
2428 4508 2447 4542 ο
2491 4491 2630 4545 Ecce
2670 4489 2791 4545 dedi
2827 4490 2983 4546 vobis
3036 4499 3359 4561 potestatem
3390 4490 3635 4546 calcandi

377 4589 444 4644 ad
477 4586 634 4658 cujus
657 4585 1068 4640 similitudinem
1091 4587 1255 4640 etiam
1293 4602 1391 4641 nos
1416 4587 1674 4643 suaderet
1704 4591 1840 4643 mori
1862 4591 1957 4644 de-

379 4681 508 4734 bere
538 4685 783 4749 peccato,
832 4687 888 4730 et
930 4677 1255 4747 consepeliri
1290 4677 1530 4733 Christo.
1582 4678 1646 4732 Et
1686 4695 1792 4734 non
1836 4691 1955 4737 erat

370 4770 566 4840 utique
591 4769 925 4824 conveniens
975 4766 1111 4836 (75),
1164 4778 1221 4822 ut
1255 4768 1344 4823 ubi
1381 4771 1448 4824 de
1486 4778 1662 4823 morte
1703 4769 1946 4838 dicebat,

449 4909 497 4941 ⁸⁸
520 4907 711 4962 Matth.
748 4922 919 4969 xxv”,
957 4904 1045 4966 60,
1079 4905 1170 4960 59.

377 4979 522 5035 Τίιιι.
555 4994 592 5034 tl
615 5017 628 5036 .
669 4979 758 5036 Η,
798 4978 884 5030 Η.

1269 4907 1316 4939 "
1357 4908 1393 4961 ll
1417 4907 1544 4963 Cor.
1573 4925 1648 4965 tv.
1682 4910 1765 4965 10.
1842 4911 1887 4944 ⁸ο
1916 4913 2080 4970 lCor.
2124 4926 2211 4971 xv,
2245 4909 2335 4961 51.

988 4976 1034 5008 ³⁸
1076 4976 1269 5046 Matth.
1300 4993 1400 5041 ιιι,
1439 4979 1526 5032 15.
1604 4980 1650 5010 ³⁵
1688 4983 1804 5036 Act.
1848 4999 1960 5046 xix,
1993 4987 2045 5046 5.
2084 4983 2138 5036 5.

2063 4600 2228 4654 super
2269 4592 2548 4654 serpentes
2599 4593 2656 4636 et
2707 4584 3056 4653 scorpiones,
3115 4594 3172 4637 et
3220 4597 3384 4654 super
3419 4599 3636 4638 omnem

2063 4681 2318 4732 virtutent
2349 4677 2552 4732 inimici
2583 4676 2650 4730 “.
2691 4694 2712 4728 ο
2750 4677 2880 4742 Quae
2912 4675 3122 4744 singula
3159 4674 3232 4730 ita
3263 4685 3391 4730 sunt
3416 4687 3637 4732 contra-

2062 4773 2143 4826 ria
2173 4770 2454 4834 Trinitati,
2492 4779 2548 4824 ut
2583 4784 2688 4824 nox
2714 4770 2846 4835 diei,
2867 4779 2923 4824 et
2951 4771 3190 4824 tenebrat
3218 4769 3360 4837 luci,
3386 4779 3445 4824 et
3485 4784 3637 4824 men-

2413 4909 2456 4940 ³¹
2499 4907 2516 4960 1
2555 4905 2678 4962 Cor.
2713 4923 2796 4970 Ill,
2834 4907 2925 4962 ἓξ.
3001 4907 3046 4940 ³⁸
3069 4905 3226 4961 Rom.
3261 4921 3340 4970 vt,
3387 4907 3442 4960 ι.
3521 4908 3569 4940 ³⁸
3600 4906 3638 4961 ll

2213 4979 2257 5011 ⁸⁸
2287 4979 2447 5032 Rom.
2487 4995 2561 5042 vt,
2592 4979 2646 5031 5.
2721 4978 2764 5007 ⁵³
2795 4977 2986 5034 Matth.
3015 4993 3218 5042 xxvnt,
3251 4979 3341 5032 19.
3416 4978 3462 5010 ³⁸
3483 4977 3634 5035 Joan.

381 5067 420 5115 ι,
450 5050 537 5108 η.
613 5048 657 5081 ³⁸
683 5049 838 5102 ltum.
863 5061 939 5111 Vt,
968 5047 1022 5110 5,
1048 5046 1101 5100 4.
1177 5047 1221 5078 ⁸⁸
1247 5045 1407 5102 Joau.
1444 5063 1560 5113 \‘lll,
1587 5049 1676 5102 44.
1752 5052 1794 5082 δι
1820 5054 1951 5108 ΕΖΘ(

2056 5068 2171 5118 λιιι,
2198 5049 2250 5104 6.
2325 5050 2370 5079 ⁶²
2402 5049 2532 5105 Luc.
2571 5063 2626 5111 Χ,
2664 5049 2753 5102 19.

452 5195 564 5266 (69)
593 5193 765 5266 Alias2
807 5211 839 5266 ιΔ
856 5192 925 5247 de
973 5191 1264 5266 baptismo_
1308 5207 1461 5266 novo_
1506 5191 1624 5266 [al.,
1689 5198 1753 5247 de
1789 5197 1958 5266 bapti-

387 5267 486 5320 smi
532 5261 770 5336 nomine]
828 5261 1053 5337 loquens
1082 5261 1400 5337 etdeJesu,
1440 5261 1537 5336 [aL
1565 5264 1762 5337 deesti
1790 5275 1842 5318 et
1870 5265 1943 5337 μ),

381 5337 580 5388 dixerit
613 5351 627 5388 :
659 5334 963 5405 cotisepttlti
1011 5335 1156 5388 enint
1218 5349 1406 5389 sumus
1443 5334 1546 5405 per
1593 5334 1957 5405 baptismum;

383 5419 436 5459 et.
468 5407 664 5457 iterum
699 5403 847 5457 alibi.
885 5421 904 5454 ι
1079 5405 1084 5410 ’

455 5473 564 5544 (70)
594 5472 925 5544 Baptizatus.
949 5474 1119 5528 .Deest
1149 5473 1202 5527 in
1235 5474 1473 5528 editione
1493 5472 1850 5532 Gcnebrardi.

453 5543 569 5613 (“lli
609 5543 830 5613 Sumus.
861 5543 920 5594 In
947 5555 1100 5597 antea
1122 5545 1283 5597 editis
1309 5545 1675 5598 desideratur.

456 5611 570 5680 as)
605 5611 764 5690 Etliti.
797 5629 815 5660 ι
863 5614 1006 5687 quod
1044 5614 1157 5690 ipse
1192 5615 1452 5669 Dominus
1496 5615 1725 5668 dixit....
1763 5633 1956 5672 nomen

385 5687 700 5749 assumpsit.
733 5699 752 5729 ι
1127 5687 1130 5690 ’

459 5755 570 5823 (75)
603 5749 768 5811 ΕιΙιιὶ,
795 5767 812 5799 ι
849 5758 901 5800 et
930 5762 1033 5799 non
1069 5751 1254 5818 utique
1281 5754 1630 5809 conveniens.
1672 5777 1686 5804 ι

2135 5195 2246 5262 (7t)
2277 5193 2443 5259 Editi,
2477 5211 2495 5244 ι
2529 5191 2582 5247 in
2608 5193 2711 5247 hoc
2742 5193 2883 5258 loco,
2915 5201 2970 5247 et
2999 5193 3051 5247 in
3071 5191 3307 5248 czeteris.
3345 5211 3365 5246 ι

2136 5264 2248 5337 (75)
2283 5265 2452 5330 Alias,
2493 5281 2512 5315 ι
2552 5265 2692 5319 sicut
2720 5264 2771 5318 itt
2807 5263 3060 5334 praesenti
3102 5277 3357 5318 sermone
3381 5262 3631 5331 diximus,

2105 5339 2211 5396 uia,
2247 5353 2266 5384 ι
2299 5343 2404 5386 etc.

2064 5352 2211 5406 quia,
2247 5353 2266 5384 ι
2299 5352 2404 5386 etc.

2279 5403 2450 5484 Alias,
2489 5401 2768 5484 (stlide-il.
2803 5421 2823 5456 ι

2137 5470 2250 5538 (77)
2279 5474 2356 5524 An
2389 5470 2764 5540 nescitisiAl.,
2799 5491 2819 5525 ι
2861 5482 2952 5526 aut
2986 5473 3228 5529 nescitis.
3274 5491 3292 5524 ι

2137 5542 2411 5616 (78)Μς5.
2463 5545 2728 5616 plerique,
2774 5563 2791 5594 ι
2834 5545 2981 5616 sicut
3035 5543 3287 5598 Christus
3327 5557 3554 5614 surgens
3603 5561 3629 5602 a

2071 5612 2297 5668 mortuis
2328 5629 2422 5678 per
2446 5615 2670 5682 gloriam
2698 5612 2900 5676 Patris,
2936 5615 2986 5667 in
3022 5615 3282 5670 novitate.
3317 5634 3335 5665 ι

2141 5685 2252 5752 (79)
2288 5685 2458 5752 Alias,
2500 5703 2518 5733 ι
2555 5684 2751 5750 sepulti
2787 5685 3073 5738 fuerimus.
3118 5704 3135 5735 ι

2143 5750 2255 5810 180)
2290 5750 2404 5808 Est.
2437 5755 2590 5806 Deest
2628 5756 2678 5806 in
2713 5765 2870 5806 antea
2898 5754 3084 5807 editis.
