3986 6206
358 307 498 365 “Hii
1801 307 2126 364 ORiGENlS
3481 302 3623 358 lilii

353 420 695 492 imperfectis
729 436 856 478 vero
889 431 940 476 ct
968 423 1148 479 adhuc
1175 423 1327 478 initia
1363 425 1691 482 habentibus
1732 426 1933 480 dicitur
1962 431 2006 486 Α
2036 425 2081 477 si
2115 424 2272 477 unius
2302 422 2405 476 diei
2437 420 2602 475 fuerit
2629 418 2743 474 vita
2779 417 2898 490 ejus
2919 419 2985 474 “.
3033 437 3051 470 ι
3094 417 3308 474 Idcirco
3337 434 3470 491 ergo
3501 422 3620 490 ipsa

355 527 415 568 ut
444 517 723 571 ambulent
750 525 869 586 post
899 516 1183 570 Dominum
1215 517 1381 572 Deum
1410 533 1592 584 suum;
1621 526 1677 572 et
1706 518 1774 572 de
1809 516 1930 570 aliis
2033 516 2253 584 quidem
2309 523 2487 567 morte
2517 527 2626 581 qua
2659 510 2820 566 Jesus
2851 520 3100 572 mortuus
3140 521 3222 565 est
3267 523 3517 580 peccato,
3561 525 3624 567 ut

352 605 554 661 dicitur
581 624 595 660 :
627 626 644 658 ι
675 606 956 662 Dimittere
988 623 1083 664 eos
1111 608 1326 679 jejuuos
1353 609 1500 676 nolo,
1533 623 1602 664 ne
1631 610 1771 664 forte
1795 608 1929 663 deli-
2031 617 2320 680 peccatum
2357 607 2584 660 omnino
2617 618 2724 658 non
2754 603 2948 658 iecerit
2981 601 3114 673 (99).
3157 617 3257 658 nos
3289 618 3396 655 non
3431 618 3622 671 {uissu-

349 696 495 750 ciaut
525 697 578 750 iu
609 697 695 749 via
710 696 776 748 ".
815 716 833 748 ι
2031 715 2158 754 tuus
2189 697 2324 752 mori
2357 706 2417 750 ut
2445 695 2668 750 omnino
2699 695 3012 752 nesciamus
3037 703 3324 762 peccatum
3364 712 3379 746 :
3416 694 3619 746 simili-

417 787 472 840 9.
513 805 532 838 ι
567 787 623 842 Si
651 789 800 845 enim
835 789 1187 859 complantati
1220 793 1347 846 facti
1373 808 1559 853 sumus
1582 793 1924 850 similitudini
2028 789 2274 842 tudinem
2301 796 2482 840 mne"
2512 785 2715 843 habere
2738 798 3029 852 90⁵⁸³³³³⁸⁸
3075 783 3176 855 (ί).
3223 793 3284 837 ιιι
3330 784 3619 838 ί¹¹¹Ῑι³¹³¹θ⁸

347 877 544 932 tnortis
573 877 711 948 ejus,
745 881 909 935 etiam
952 884 1374 939 resurrectionis
1399 885 1607 940 erimus
1638 884 1769 958 (94).
1815 886 1927 942 hoc
2030 897 2177 949 eum,
2213 889 2266 935 et
2300 879 2528 949 vestigia
2581 875 2698 945 eius
2733 886 3025 945 εθιιυεηιεε
3042 876 3414 934 ²θ⁸¹ί¹¹θ²¹¹¹¹³³
3455 890 3557 929 ¹¹⁰⁵
3585 890 3616 928 ³

345 970 611 1035 scientes,
641 973 766 1040 quia
797 983 950 1027 vetus
985 975 1148 1030 homo
1197 985 1386 1031 uoster
1433 977 1592 1032 simul
1629 977 1925 1034 cruciﬁxus
2027 982 2278 1044 peccato.
2309 971 2422 1027 iioc
2449 981 2534 1025 est
2565 985 2694 1040 ergo
2721 971 2872 1038 quod
2905 969 3148 1039 recipere
3171 979 3348 1040 potest
3371 970 3614 1023 humana

344 1072 429 1114 est
461 1063 536 1125 ei,
573 1072 632 1117 ut
665 1064 982 1119 destruatur
1029 1082 1228 1137 corpus
1274 1070 1513 1138 peccati,
1549 1078 1608 1124 ιιι
1642 1070 1781 1125 ultra
1817 1087 1923 1125 non
2027 1076 2250 1128 natura.
2289 1071 2350 1116 υῑ
2404 1062 2456 1116 in
2512 1059 2933 1120 Similitmiitiem
2981 1059 3173 1114 ιιιοηὶδ
3215 1059 3337 1128 eius
3368 1059 3463 1113 ίῖειῑ
3507 1059 3615 1130 (‘2).

343 1153 651 1208 serviamus
699 1164 942 1224 peccato.
1007 1157 1110 1224 Qui
1163 1157 1277 1227 (95)
1320 1162 1464 1214 enim
1535 1172 1780 1218 mortuus
1818 1173 1922 1229 εει,
2026 1157 2154 1212 dum
2187 1157 2365 1226 ipsum
2396 1153 2666 1208 imitando
2713 1167 2823 1207 non
2869 1161 3078 1222 peccat.
3107 1149 3242 1210 Nam
3277 1154 3506 1208 omnino
3543 1169 3614 1208 ex

341 1244 670 1311 iustilieatus
708 1257 793 1302 est
821 1263 850 1302 a
881 1261 1106 1317 peccato
1135 1249 1203 1304 ⁸⁸.
1247 1271 1265 1303 ι
1305 1253 1498 1306 Omnia
1537 1253 1653 1308 haec
1678 1254 1744 1306 ad
1778 1253 1922 1308 illam
2027 1249 2242 1319 integro
2297 1247 2512 1302 nescire
2555 1255 2861 1315 peccatum,
2904 1245 3072 1300 solius
3121 1245 3321 1299 Christi
3353 1256 3460 1300 est.
3505 1248 3614 1302 Sed

341 1336 655 1405 respiciunt
689 1341 1070 1409 qumstionem,
1103 1356 1172 1396 ue
1201 1343 1451 1398 videatur
1485 1343 1668 1398 locum
1709 1346 1915 1401 dedisse

2037 1340 2130 1394 hoc
2163 1353 2271 1392 non
2305 1336 2674 1405 intelligentes
2719 1335 2940 1405 quidam
2979 1337 3386 1405 haereticorum,
3423 1340 3611 1394 conati

341 1426 614 1494 peccandi
646 1427 698 1482 in
727 1444 794 1484 eo
821 1431 965 1498 quod
995 1430 1130 1484 dixit
1166 1430 1276 1502 (96)
1304 1451 1316 1486 :
1358 1451 1376 1484 ι
1413 1431 1510 1487 Ubi
1544 1443 1725 1488 autem
1754 1435 1925 1489 abuu-
2025 1437 2156 1484 sunt
2187 1443 2254 1484 ex
2301 1428 2406 1482 hoc
2438 1425 2679 1496 Apostoli
2731 1427 2851 1479 loco
2890 1439 3143 1482 asserere
3185 1427 3329 1496 quod
3360 1427 3616 1481 Christus

340 1515 492 1569 davit
519 1528 830 1587 peccatum,
863 1521 1327 1591 superabundavit
1357 1525 1532 1592 gratia
1555 1524 1623 1579 ⁸⁸.
1659 1544 1678 1578 ι
1711 1525 1914 1580 idcirco

2035 1519 2192 1592 564
2249 1535 2356 1575 non
2413 1534 2543 1575 vere
2585 1529 2835 1574 mortuus
2888 1520 2984 1585 sit,
3036 1520 3132 1575 sed
3185 1519 3609 1574 similitudinem

343 1623 579 1684 namque
623 1625 679 1666 ει
729 1624 972 1668 morinos
1033 1630 1130 1670 nos
1171 1616 1305 1670 dicit
1380 1630 1502 1672 esse
1554 1628 1776 1686 peccato
1805 1658 1820 1683 ,
1869 1629 1924 1675 ει
2029 1614 2221 1668 mortis
2253 1611 2527 1677 habuerit,
2545 1620 2600 1666 et
2629 1611 2778 1666 visus
2802 1612 2874 1666 sit
2898 1611 3072 1682 magis
3094 1612 3255 1676 mori,
3281 1627 3447 1680 quam
3478 1625 3613 1665 vere

338 1703 651 1774 quicunque
701 1705 963 1777 baptizati
1007 1724 1196 1764 sumus
1250 1709 1304 1764 in
1355 1709 1596 1776 Christo,
1645 1709 1702 1765 in
1744 1723 1920 1768 morte
2025 1711 2275 1757 ῐηοηιιυε
2301 1701 2393 1757 Sil-
2429 1700 2637 1768 Ωυῖῦυε
2673 1704 3008 1773 respondere
3036 1702 3298 1774 quoniam
3348 1703 3614 1772 Ρθτίδείίο

339 1797 511 1865 ipsius
545 1797 958 1868 haptizatosuos
989 1803 1180 1858 dicit“o
1215 1813 1299 1858 :et
1341 1819 1486 1859 nunc
1521 1805 1913 1874 complantatos

2039 1802 2129 1859 est,
2155 1808 2269 1847 non
2309 1801 2440 1862 puto
2465 1793 2838 1848 necessarium
2873 1808 2938 1847 ex
2977 1794 3192 1850 caeteris
3223 1793 3306 1846 vel
3337 1795 3613 1863 Apostoii,

341 1903 444 1942 nos
471 1889 535 1942 ad
575 1891 769 1945 mortis
801 1892 919 1962 ejus
945 1893 1356 1950 similitudinem
1381 1895 1576 1951 scribit
1611 1896 1679 1961 “,
1717 1897 1915 1954 addens

2035 1887 2108 1942 vel
2146 1885 2572 1956 Evangeliorum
2600 1885 2784 1950 dictis,
2813 1885 2902 1939 ubi
2930 1886 3254 1956 simpliciter
3282 1903 3436 1942 mors
3461 1887 3609 1955 eius,

341 1976 486 2044 quod
537 1977 582 2032 si
632 1979 1043 2039 similitudinem
1095 1985 1288 2041 mortis
1327 1985 1472 2056 ejus,
1529 2002 1641 2057 qua
1695 1999 1921 2058 peccaro
2020 1985 2077 2032 et
2117 1992 2223 2032 non
2258 1975 2570 2032 similitudo
2611 1977 2805 2032 mortis
2834 1977 3122 2042 scribitur,
3159 1978 3613 2033 testimoniorum

338 2076 590 2122 mortuus
620 2078 727 2132 est,
751 2087 1027 2142 geramus,
1058 2075 1225 2131 etiam
1265 2080 1686 2136 resurrectionis
1718 2083 1908 2139 simili-
2019 2070 2232 2140 Ροηάυε
2261 2069 2548 2133 adbibere.
2589 2082 2711 2122 Cum
2753 2069 3019 2138 Ροδθίηδυε
3057 2070 3124 2123 ad
3152 2085 3249 2125 €05
3277 2071 3464 2125 dicere
3497 2088 3512 2125 ³
3546 2070 3610 2126 Si

339 2158 584 2215 tudinem
615 2176 839 2231 Sperare
861 2167 1178 2225 debeamus,
1216 2167 1322 2224 sed
1354 2170 1457 2228 hoc
1484 2183 1758 2240 ηηειεηυε
1797 2192 1919 2244 pos.
2020 2161 2321 2216 similitudo
2351 2160 2545 2216 mortis
2573 2159 2698 2228 iuit,
2730 2170 2787 2215 et
2823 2177 2931 2215 non
2963 2177 3092 2216 vera
3150 2167 3508 2228 resurrectio,
3549 2174 3615 2220 et

335 2255 407 2305 sit
442 2251 558 2307 ﬁeri
593 2256 828 2310 ostendit
885 2259 1094 2324 dicens,
1144 2261 1268 2330 quia
1305 2275 1471 2318 vetus
1520 2265 1688 2321 homo
1733 2280 1909 2322 uoster

2039 2269 2125 2310 tos
2164 2268 2296 2322 ergo
2325 2254 2639 2309 videbimur
2665 2268 2974 2322 resurgere,
3028 2265 3086 2310 et
3132 2269 3238 2310 non
3265 2270 3392 2311 rere
3420 2271 3613 2312 resur-

335 2347 692 2418 coucruciligi
743 2348 855 2420 (97)
905 2351 1100 2406 debeat
1155 2352 1375 2410 Christo
1415 2357 1482 2410 οι,
1534 2357 1700 2414 vetus
1733 2371 1913 2413 ωηειη
2017 2359 2209 2415 genius
2252 2361 2266 2397 :
2307 2353 2364 2399 et
2406 2344 2718 2399 videbimur
2761 2343 2896 2398 tnori
2950 2356 3198 2415 peccato,
3233 2356 3287 2400 et
3323 2361 3436 2401 non
3475 2363 3614 2402 vere

334 2434 500 2490 homo
533 2449 721 2495 noster
752 2441 1138 2513 intelligendus
1167 2456 1252 2501 est
1281 2447 1389 2501 vita
1428 2449 1580 2517 prior
1619 2465 1785 2520 quam
1818 2452 1908 2506 du-

2039 2432 2338 2488 uoriemur.
2373 2432 2438 2486 Et
2463 2447 2631 2487 omne
2659 2445 2792 2500 ergo
2817 2437 2961 2501 quod
2989 2443 3203 2499 gestum
3231 2445 3338 2500 est,
3370 2447 3426 2490 et
3457 2437 3613 2505 geri-

333 2527 516 2582 ximus
549 2530 602 2584 in
641 2533 908 2600 peccatis,
943 2534 1100 2602 cujus
1128 2535 1289 2592 linem
1319 2549 1373 2593 et
1402 2539 1684 2596 interitum
1719 2559 1907 2613 quem-

2039 2539 2132 2588 .ur,
2164 2523 2344 2578 visum
2374 2531 2456 2578 est
2481 2524 2620 2592 geri,
2651 2523 2745 2576 sed
2786 2539 2892 2577 non
2929 2533 3016 2578 est
3060 2535 3296 2593 gestum.
3343 2525 3613 2596 Superest

335 2619 460 2673 dam
493 2622 722 2680 iacimus
742 2625 830 2678 ubi
861 2627 1157 2697 recipimus
1187 2630 1239 2684 in
1275 2633 1431 2687 nobis
1465 2633 1625 2689 ildeut
1655 2612 1768 2707 (98)
1791 2653 1916 2694 cru-
2017 2614 2189 2685 ἰδίων
2221 2624 2282 2669 ui
2307 2624 2364 2671 ει
2392 2614 2540 2707 quod
2573 2612 2766 2707 “alia”
2798 2629 3010 2707 WE“;
3042 2617 3144 2671 νίδί
3167 2618 3345 2673 Simus
3372 2619 3611 2686 δθινπίν

334 2711 416 2766 eis
449 2712 675 2778 Christi,
702 2729 800 2782 per
821 2729 986 2783 quam
1012 2717 1084 2772 ita
1118 2720 1424 2776 destruitur
1449 2703 1908 2794 cot'jius'peecati,

2033 2709 2112 2764 ted
2143 2721 2251 2760 nou
2279 2719 2410 2761 vere
2436 2704 2629 2760 saivati
2654 2703 2852 2762 simus.
2889 2703 3042 2761 Unde
3065 2707 3321 2776 quoniam
3348 2709 3465 2765 base
3489 2720 3607 2765 tam

333 2813 394 2857 ut
428 2804 668 2858 membra
698 2817 908 2872 nostra,
935 2823 1056 2877 qua
1083 2814 1396 2871 serviebant
1421 2829 1668 2886 peccato,
1701 2819 1838 2875 “Im,
1863 2821 1912 2875 ei
2015 2799 2250 2855 absurda
2287 2807 2437 2866 sunt,
2468 2808 2526 2853 ut
2563 2813 2668 2854 non
2705 2798 2984 2868 indigeant
3020 2801 3458 2868 probationibus.
3497 2820 3613 2860 nos

331 2901 439 2948 που
476 2896 740 2962 serviam,
761 2903 854 2954 sed
881 2899 1015 2960 Deo.
1051 2903 1157 2960 sed
1188 2923 1330 2962 nunc
1365 2919 1677 2978 τερθιεηιθε
1706 2927 1914 2968 sermo-
2017 2893 2087 2946 ad
2117 2891 2561 2962 explanationem
2593 2906 2788 2946 eorum
2817 2906 2941 2961 quae
2972 2891 3244 2947 habentur
3271 2894 3323 2948 in
3359 2910 3608 2966 sequen-

333 2999 479 3047 nem,
511 2987 795 3042 videamus
839 2993 970 3061 quid
1022 3005 1108 3049 est
1161 2997 1520 3066 compiantari
1567 3001 1907 3058 similitudini

2033 2985 2164 3040 ibus
2217 2993 2628 3040 convertamur.
2687 2983 2860 3054 igitur
2913 2983 3274 3055 compiantari
3330 3003 3429 3042 nos
3486 2990 3607 3044 vnit

335 3079 529 3132 mortis
557 3079 784 3145 Christi,
815 3082 866 3134 iu
899 3099 1009 3153 quo
1043 3085 1188 3140 velut
1219 3088 1454 3157 plantam
1485 3091 1716 3161 alicujus
1747 3096 1911 3150 arbo-
1940 3126 1984 3186 ο
2013 3075 2209 3132 morus
2241 3075 2357 3145 eius
2409 3075 2770 3138 δίηδηίίυάίηίι
2815 3090 2922 3144 qua
2976 3085 3201 3182 ῑξθθίξδίξ)
3250 3092 3499 3136 ¹¹¹⁰Γίυ¹¹⁵
3515 3093 3614 3139 εει

330 3169 409 3222 ris
434 3171 672 3225 ostendit
712 3184 941 3230 mortem
969 3177 1197 3245 Christi,
1239 3181 1326 3234 cui
1375 3197 1476 3236 nos
1511 3185 1904 3256 eomplautatos

2026 3169 2208 3233 semel,
2233 3179 2293 3224 ιιι
2329 3169 2600 3238 possimus
2618 3177 2674 3222 et
2712 3169 3102 3223 resurrectioni
3139 3169 3258 3238 ejus
3291 3187 3416 3227 esse
3436 3189 3600 3228 eom-

331 3261 448 3314 νιιιι
482 3277 624 3329 esse,
667 3273 726 3317 ιιι
758 3279 824 3319 εχ
860 3280 1031 3323 succo
1068 3270 1269 3325 radicis
1313 3270 1432 3340 eius
1490 3274 1648 3328 radix
1695 3291 1912 3346 quoque
2015 3258 2426 3330 plantati”.Ad
2455 3261 2906 3328 utrumqueenim
2930 3263 3207 3318 subaudiri
3232 3265 3610 3320 debettoom—

329 3361 516 3406 nostra
551 3356 855 3424 suscipiens
905 3360 1170 3428 producat
1212 3377 1394 3418 ramos
1431 3361 1679 3430 iustitiae,
1711 3379 1765 3422 et
1797 3369 1903 3422 fru-

2034 3351 2266 3406 ilantati.
2296 3369 2318 3404 ι
2358 3351 2421 3405 Et
2454 3351 2574 3406 vide
2603 3367 2768 3421 quam
2803 3354 3124 3410 necessario
3171 3355 3401 3408 fortnam
3445 3356 3608 3426 plan-

329 3457 454 3501 ctus
480 3447 672 3502 afferat
708 3450 852 3504 vitai.
880 3452 1032 3518 Quod
1079 3455 1124 3507 si
1176 3455 1257 3509 vis
1287 3456 1355 3508 de
1391 3453 1692 3526 Seripturis
1738 3477 1903 3534 agno-

2040 3444 2240 3499 ationis
2291 3445 2667 3511 assutnpserit.
2722 3445 2919 3500 Omnis
2967 3446 3173 3501 etenim
3236 3446 3421 3516 planta
3475 3457 3611 3516 post

329 3553 484 3592 scere
519 3556 642 3611 qua;
679 3543 780 3596 ista
813 3543 884 3598 si;
913 3544 1094 3611 ιιιηιιιει
1125 3547 1212 3600 cui
1247 3547 1600 3616 conmlaumi
1645 3565 1767 3606 esse
1811 3554 1910 3608 de-
2014 3537 2210 3592 hiemis
2253 3544 2481 3591 mortem
2522 3539 2973 3593 resurrectionem
3009 3538 3150 3592 veris
3198 3549 3502 3607 exspectat.
3539 3541 3606 3594 Si

327 3627 578 3694 beamus,
623 3640 680 3684 et
731 3633 886 3701 cujus
919 3635 1138 3706 generis
1173 3637 1360 3702 arbor,
1391 3639 1514 3693 audi
1549 3641 1680 3709 quid
1719 3643 1782 3696 de
1811 3642 1912 3696 Sa-
2014 3641 2148 3700 “80
2178 3638 2234 3681 ει
2264 3643 2364 3682 “03
2397 3627 2452 3680 ίη
2485 3627 2684 3682 Chiis“
2713 3639 2888 3683 mone
2925 3628 3278 3698 (ῖοῐηΡΙειηιδῑί
3325 3645 3515 3685 εηηιυδ
3541 3632 3605 3684 in

323 3716 532 3784 pientis
569 3719 866 3776 scribitur:
893 3741 912 3774 t
942 3722 1143 3789 Arbor,
1165 3725 1360 3794 inquit,
1390 3730 1514 3784 vitae
1543 3740 1626 3783 est
1654 3733 1906 3788 omnibus
2016 3718 2195 3774 hieme
2233 3717 2414 3774 53w"
2445 3718 2602 3786 “ilius
2628 3729 2682 3773 θῑ
2708 3720 2996 3787 βτωεεηιίε
3023 3721 3170 3784 Vim.
3197 3721 3363 3775 eum“
3404 3722 3472 3775 ad
3505 3722 3602 3776 fu‘

326 3811 677 3876 sperantibus
707 3812 758 3866 in
794 3827 890 3879 se;
929 3823 984 3868 et
1025 3817 1115 3890 qui
1149 3819 1433 3872 conﬁdunt
1463 3821 1514 3872 iu
1542 3836 1602 3873 ea
1644 3797 1900 3890 tanquam

2029 3827 2194 3865 .urttm
2227 3825 2324 3865 ver
2357 3811 2701 3866 inveniemur
2720 3811 2934 3866 fructus
2959 3812 3180 3882 justitite
3208 3828 3275 3867 ex
3305 3814 3475 3883 ipsius
3510 3830 3603 3868 ra~

327 3898 384 3949 in
419 3897 648 3952 Domino
687 3900 753 3954 ⁸⁸.
799 3919 818 3954 ι
874 3901 1132 3960 Christus
1172 3921 1302 3976 ergo
1346 3910 1437 3963 Dei
1477 3910 1673 3976 vinus,
1715 3921 1770 3967 ει
1811 3913 1902 3968 Dei
2012 3901 2132 3955 dice
2166 3900 2506 3970 proierentes
2536 3917 2551 3967 ;
2579 3910 2632 3956 et
2663 3901 2707 3956 si
2764 3903 3117 3970 eomplautati
3156 3919 3346 3959 sumus
3381 3906 3456 3969 ei,
3495 3925 3602 3962 ne-

325 3988 596 4054 sapientia
627 3991 694 4054 ⁸⁵,
734 3991 849 4058 ipse
894 4003 978 4047 est
1016 3997 1181 4052 arbor
1222 4002 1369 4066 vitae,
1413 4003 1498 4055 cui
1545 4004 1899 4072 eomplantari

2027 4008 2162 4048 :esse
2212 4005 2298 4049 est
2350 4005 2408 4049 ut
2465 3994 2628 4048 Pater
2685 3995 2920 4065 agricola
2956 4007 3152 4066 purget
3187 4012 3284 4052 uos
3328 4007 3601 4070 tauquam

327 4077 613 4145 debemus,
645 4088 699 4133 et
725 4095 865 4134 novo
899 4084 1132 4150 quodam
1175 4097 1338 4157 atque
1375 4093 1592 4146 amabili
1633 4093 1723 4148 Dei
1767 4095 1901 4149 dono

2029 4087 2262 4143 ialmltes
2293 4087 2416 4142 vitis
2446 4102 2606 4152 verae,
2659 4097 2718 4142 ut
2768 4092 3006 4143 fructum
3053 4088 3348 4156 plurimum
3394 4093 3603 4146 alieru-

327 4186 479 4224 tnors
528 4170 671 4228 illius
718 4174 872 4229 nobis
912 4175 1076 4230 arbor
1108 4179 1232 4234 vita:
1257 4180 1511 4236 efﬁcitur.
1544 4183 1689 4240 Bene
1722 4197 1903 4242 autem
2008 4193 2146 4244 unus,
2185 4179 2325 4232 sicut
2350 4189 2404 4232 et
2437 4179 2552 4248 ipse
2586 4181 2637 4233 iu
2675 4180 2983 4250 Evangeliis
3021 4183 3154 4236 dicit
3185 4199 3199 4236 :
3253 4199 3272 4234 ι
3323 4181 3436 4253 Ego
3469 4201 3598 4239 sum

324 4264 642 4334 Apostolus,
685 4267 866 4325 sciens
894 4282 953 4325 se
981 4271 1034 4325 in
1060 4275 1315 4342 praesenti
1356 4274 1474 4329 loco
1523 4293 1630 4339 non
1661 4280 1727 4334 de
1755 4296 1898 4334 com-

2025 4271 2134 4324 ritis
2167 4287 2315 4336 vera,
2342 4287 2438 4326 vos
2467 4272 2742 4346 palmites,
2775 4285 2830 4328 et
2853 4273 3020 4330 Pater
3041 4292 3189 4331 meus
3219 4277 3462 4346 agricola
3485 4290 3599 4334 est.

325 4356 474 4409 muni
511 4357 635 4424 hac,
675 4359 772 4414 sed
803 4359 870 4416 de
907 4365 1116 4430 peccati
1170 4377 1344 4420 morte
1395 4379 1652 4435 (meum,
1684 4387 1788 4426 non
1823 4373 1904 4427 di-
2009 4361 2235 4416 Omnem
2295 4363 2572 4434 palmitem
2622 4365 2715 4434 qui
2757 4368 2810 4420 in
2847 4381 2932 4422 me
2967 4382 3072 4422 uou
3120 4374 3327 4436 tu'anet,
3374 4371 3601 4427 excidet

325 4448 444 4503 xit:
483 4468 499 4500 ι
537 4450 758 4506 Sienim
789 4456 1144 4524 complantati
1173 4473 1362 4512 smnus
1393 4478 1410 4510 ι
1442 4462 1604 4514 morti
1626 4460 1765 4528 ejus,
1785 4466 1899 4529 sed,

2034 4455 2159 4508 ilum
2193 4455 2356 4509 Pater
2389 4472 2561 4511 meus.
2604 4457 2706 4524 Qui
2742 4469 2922 4513 autem
2950 4470 3131 4514 manet
3167 4461 3218 4513 in
3254 4477 3361 4527 me,
3391 4479 3601 4533 purga-

327 4562 345 4592 ι
371 4545 715 4600 similitudini
750 4550 944 4604 mortis
973 4549 1114 4618 ejus.
1149 4571 1167 4602 ι
1205 4550 1460 4607 Christus
1501 4554 1646 4608 enim
1691 4555 1762 4609 ita
1816 4572 1901 4611 se-

2025 4549 2090 4603 )il
2131 4565 2276 4612 eum,
2317 4561 2376 4602 ttt
2422 4549 2661 4604 fructum
2709 4551 3002 4620 plttrimunt
3052 4552 3245 4608 all'erat
3287 4553 3358 4610 ⁸³.
3404 4575 3426 4608 ι
3479 4555 3599 4612 Hoc

323 4639 429 4692 tucl
464 4649 712 4695 mortuus
744 4652 826 4700 est
859 4653 1109 4712 peccato,
1145 4654 1204 4699 ut
1231 4655 1513 4714 peccaturo
1542 4647 1764 4702 omnino
1791 4665 1900 4706 non
2009 4655 2142 4710 el'go
2171 4641 2330 4696 modo
2365 4642 2722 4712 complutltali
2761 4659 2952 4704 sumus
2999 4645 3344 4700 similitudini
3397 4652 3604 4705 mortis

321 4730 534 4793 iecerit,
588 4749 688 4796 nec
761 4735 917 4796 dolus
972 4737 1228 4800 iuventus
1288 4739 1362 4793 sit
1419 4739 1470 4802 in
1528 4755 1624 4794 ore
1668 4741 1785 4810 ejus
1831 4741 1898 4796 εδ,
2007 4734 2148 4803 ejus,
2209 4744 2266 4790 ut
2303 4743 2357 4789 et
2415 4736 2834 4798 resurrectionis
2879 4736 2997 4806 ejus
3044 4737 3386 4798 similitudini
3438 4755 3600 4795 com-

323 4821 484 4887 Quod
513 4823 565 4876 itt
603 4826 710 4878 alio
753 4827 976 4882 homine
1028 4844 1092 4882 ex
1147 4829 1359 4900 integro
1410 4830 1642 4885 inveniri
1676 4833 1900 4889 omnino
2005 4827 2235 4896 plantati
2291 4830 2488 4883 simus.
2519 4823 2659 4896 Quid
2688 4829 2957 4885 sitautem
3003 4831 3348 4887 similitudini
3399 4849 3600 4890 resur-

317 4929 424 4968 uou
459 4917 678 4983 poterit.
715 4937 732 4969 ι
767 4917 934 4973 Nemo
959 4922 1136 4982 penim
1161 4939 1180 4972 ι
1211 4923 1443 4982 mundus
1471 4934 1764 4991 apcecato.
1799 4939 1901 4978 nec
2007 4921 2265 4974 rectionis
2299 4919 2418 4988 ejus
2440 4935 2563 4975 esse
2593 4921 3027 4990 complantatum
3079 4921 3319 4979 Joannes
3363 4937 3600 4996 aposto-

457 5007 648 5064 Matth.
685 5027 775 5078 xv,
799 5012 890 5066 52.
928 5081 941 5084 _
998 5013 1044 5046 ⁵⁸
1092 5013 1247 5075 limit.
1283 5030 1358 5084 vt,
1619 5016 1663 5046 υ
1697 5016 1854 5072 lium.
1889 5034 1942 5082 ν,

2021 5019 2067 5070 li.
2182 5014 2225 5045 ίο
2252 5013 2509 5084 Βοιιιενι,
2534 5012 2592 5084 2,
2617 5014 2671 5067 5.
2784 5014 2826 5045 ⁶¹
2855 5013 3012 5072 Rom.
3044 5031 3118 5080 γι,
3138 5015 3194 5070 5.
3306 5016 3352 5047 ⁶³
3379 5017 3514 5074 ibid.
3536 5019 3595 5075 6.

315 5078 361 5200 :3
385 5078 545 5200 grav.
577 5097 658 5147 tu,
696 5084 777 5138 l8.
853 5084 900 5114 “
925 5081 945 5135 ι
974 5084 1100 5144 Cor.
1125 5085 1279 5151 “Si.
1345 5078 1353 5084 ⁷
1386 5085 1431 5115 ⁸⁸
1457 5085 1473 5148 ι
1499 5083 1645 5144 Petr.
1669 5103 1728 5149 ιι,
1763 5087 1854 5146 2:2.

2035 5085 2136 5140 Job
2187 5099 2297 5150 XIV,
2325 5085 2379 5147 4,
2403 5083 2458 5138 5.
2495 5078 2506 5080 “
2571 5083 2618 5117 ⁸⁷
2647 5084 2804 5140 Rom.
2839 5099 2911 5148 vi,
2949 5084 3002 5150 5,
3034 5078 3118 5140 i0.
3235 5086 3280 5117 ⁶⁸
3303 5085 3464 5144 Joan.
3497 5104 3594 5154 xv,

537 5243 707 5330 (\‘lias,
743 5262 766 5325 μ
801 5245 964 5300 simul
994 5256 1048 5300 et
1079 5248 1495 5330 resurrectionis
1527 5249 1754 5304 erimus.
1798 5267 1816 5299 ι
2006 5319 2020 5330 .
2073 5248 2184 5330 (99)
2212 5247 2278 5329 Ut
2305 5257 2578 5330 peceatum
2602 5249 2817 5328 omnino
2851 5265 2954 5304 non
2979 5249 3184 5319 fecen’t.
3227 5248 3354 5310 litae
3387 5252 3590 5306 desunt

385 5312 638 5388 (θὸ),οαὶ
668 5315 808 5388 enim
842 5326 1082 5388 mortuus
1112 5329 1211 5381 est,
1236 5317 1568 5388 justi/icatus
1605 5329 1680 5372 est
1713 5337 1744 5370 o
1773 5335 1895 5387 pec-
2006 5319 2060 5374 in
2081 5312 2368 5388 'etlitis,'et
2397 5319 2450 5372 iu
2479 5319 2753 5388 plerisque
2778 5336 2909 5373 mss.

312 5381 610 5462 cuto..lltrc
635 5385 800 5462 verba
841 5385 1039 5462 desunt
1069 5387 1119 5462 in
1139 5381 1399 5462 omnibus
1441 5404 1574 5444 mss.
1611 5381 1895 5445 codicibus
2072 5390 2148 5461 (i)
2183 5387 2248 5443 Ut
2275 5381 2502 5462 cumino
2537 5381 3142 5462 nesciamuspeccatum,
3180 5389 3590 5462 similitudinem

313 5455 665 5526 I|0§_il_‘_i8,__s_t_td_
691 5463 908 5526 exstant
937 5457 988 5510 in
1019 5457 1206 5514 editis.
2001 5455 2174 5514 tamen
2205 5460 2396 5512 habere
2424 5473 2728 5526 possumus.
2763 5455 2891 5516 Haec
2914 5461 3298 5516 desiderantur
3339 5461 3393 5520 iu
3429 5463 3592 5516 hbris

383 5520 496 5586 (96)
527 5520 690 5586 Editi,
717 5541 736 5574 ι
767 5523 1030 5580 diximus.
1057 5545 1077 5577 ι
2000 5540 2157 5584 antea
2192 5530 2374 5583 editis.

382 5589 660 5713 (ἓῆξηῗιδιε.
692 5592 897 5660 plures,
919 5613 939 5645 ι
970 5596 1253 5666 crucifigi;
1289 5618 1306 5651 ι
1340 5600 1492 5672 editi,
1522 5619 1539 5655 t
1572 5601 1732 5660 simul
1767 5617 1895 5658 con-

382 5701 386 5712 .
500 5698 530 5726 ο
559 5697 572 5711 .

2036 5599 2324 5726 ~(2)hEdi[=i
2348 5599 2623 5724 lplerique,
2662 5619 2680 5656 t
2708 5610 2768 5657 ιιι
2815 5599 2884 5657 ad
2928 5601 3341 5658 similitudinem
3389 5602 3589 5658 mortis

2015 5687 2117 5726 nus
2181 5687 2243 5726 oc
2314 5687 2340 5724 ιι
2373 5709 2384 5725 .
2417 5690 2435 5723 ι

311 5673 664 5743 ειιιξιιιειςπη
785 5729 811 5743 ﬂ
1146 5734 1160 5743 _
2001 5676 2117 5743 ejus
2143 5673 2243 5727 hoc
2273 5673 2384 5725 tiat.
2417 5690 2435 5723 ι

382 5728 497 5791 (98)
524 5727 688 5790 Editi,
733 5746 751 5780 t
781 5729 968 5793 linem.
1000 5750 1020 5786 ι
1055 5734 1214 5794 male.
