3986 6206
354 143 498 201 1045

1342 144 1696 203 (ΖΟΜΜΕΝΤ.
1734 147 1798 200 IN
1829 148 2045 204 EPIST.
2077 152 2164 203 Al)
2197 150 2358 205 ROM.
2403 151 2526 205 LIB.
2573 149 2633 205 V.

3473 160 3610 212 ltttti

361 260 449 313 lus
477 261 633 313 docet
662 277 675 312 :
707 276 724 308 ι
758 258 934 314 Filioli
968 259 1069 329 (5),
1107 262 1344 316 nondum
1376 265 1582 321 scimus
1608 269 1736 336 quid
1772 267 1934 323 l'uturi
1967 281 2012 334 Α
2043 273 2182 326 milli
2225 282 2423 341 potest,
2466 273 2535 326 de
2564 281 2794 339 utroque
2823 272 2950 340 quid
2977 272 3135 326 nobis
3165 275 3413 328 videatur
3434 294 3606 346 expo-

358 367 570 406 sumus.
607 351 664 404 Si
701 363 882 406 autem
912 355 1178 409 revelatus
1213 357 1370 410 nobis
1414 359 1598 427 fuerit,
1626 361 1830 417 similes
1861 362 1934 415 illi

357 447 566 499 erimus
587 447 653 498 “.
694 461 714 496 ι
750 445 815 499 Ει
850 447 1046 500 iterum
1080 448 1192 516 ipse
1226 449 1474 506 Salvator
1498 453 1695 508 dicit'°
1730 473 1746 510 :
1779 473 1800 506 ‹
1832 455 1929 512 Pa-

360 549 468 603 ter,
501 538 623 592 volo
660 547 717 590 ιιι
748 539 838 592 ubi
866 552 969 607 ego
1005 553 1148 606 Stlttt,
1171 549 1226 595 et
1258 543 1342 595 isti
1377 545 1486 598 sint
1515 549 1818 617 mecum“)
1854 564 1869 608 ;
1912 567 1932 602 ι

356 641 417 685 et
443 632 640 684 iterum
671 646 685 684 :
717 647 736 681 ι
771 630 925 685 Sicut
958 646 1060 699 ego
1090 631 1144 686 in
1181 643 1251 701 te,
1277 645 1331 690 et
1358 647 1409 690 tu
1447 638 1500 691 in
1539 653 1646 702 me,
1681 651 1737 694 ιιι
1765 652 1819 696 et
1847 643 1933 696 isti

359 724 414 775 in
451 723 610 778 nobis
637 738 802 775 untnn
833 722 1034 777 sint".
1067 742 1086 776 ι
1122 724 1275 790 Quod
1319 728 1509 796 utique
1538 730 1604 784 de
1649 731 1756 784 illis
1781 732 1932 800 dicit,

355 817 453 881 qui
499 818 550 868 in
589 817 842 884 prmsenti
890 817 999 870 vita
1048 819 1401 888 complantati
1446 822 1935 880 luerintsimilitu-

354 904 476 960 diui
507 907 699 960 mortis
725 904 864 973 ejus.
905 907 1042 960 Puto
1074 917 1254 962 autem
1287 913 1430 979 quod
1458 924 1612 979 grate
1640 917 1744 970 hoc
1785 930 1839 971 et
1869 917 1937 972 de

357 999 452 1052 illo
483 999 698 1053 latrone
727 999 833 1054 dici
865 1002 1062 1068 possit,
1095 1003 1183 1067 qui
1219 1002 1381 1056 simul
1413 1003 1464 1058 in
1493 1021 1658 1064 cruce
1683 1012 1938 1080 pependit

353 1107 482 1144 cum
525 1088 653 1145 Jesn
694 1106 711 1154 ;
761 1101 810 1144 et
865 1107 963 1159 per
1012 1090 1408 1148 confessionem
1451 1111 1603 1151 suam
1638 1115 1745 1170 qua
1776 1103 1932 1169 dixit,

356 1199 382 1234 ι
425 1180 699 1235 Metuento
731 1182 858 1245 tnei,
904 1180 1153 1248 Domine,
1186 1198 1308 1238 cum
1337 1189 1554 1243 veneris
1602 1189 1656 1243 in
1708 1206 1933 1260 regnum

354 1285 512 1329 tuum
543 1275 614 1339 ⁷³,
651 1293 668 1325 ι
703 1283 756 1326 et
782 1273 946 1326 alium
981 1273 1442 1342 blasphetuantem
1471 1282 1758 1350 corripuit,
1786 1299 1938 1337 com-

348 1366 595 1438 plantari
630 1381 729 1434 per
766 1365 880 1419 haec
916 1367 1070 1420 visus
1091 1368 1164 1422 sit
1191 1369 1531 1426 similitudini
1563 1374 1754 1428 mortis
1783 1375 1931 1446 ejus:

349 1457 452 1511 sed
481 1467 537 1509 et
564 1457 954 1511 resurrectioni
985 1454 1104 1524 ejus
1139 1459 1540 1529 complantatus
1591 1463 1663 1518 sit
1698 1478 1794 1532 per
1834 1467 1935 1520 hoc

331 1549 502 1617 quod
559 1549 608 1601 ei
663 1547 914 1602 dicitur:
961 1565 980 1598 ι
1027 1547 1195 1602 llodie
1241 1566 1452 1605 mecum
1505 1554 1615 1608 eris
1660 1555 1713 1608 in
1775 1571 1935 1627 para-

2041 380 2251 420 uemus.
2296 365 2504 419 Etenim
2535 382 2577 420 st
2612 364 2886 434 proprium
2923 379 3123 434 corpus
3165 381 3434 434 ponamus
3485 384 3606 424 esse

2047 455 2272 531 )eecati,
2314 455 2585 511 videbitur
2612 457 2752 525 quod
2782 455 2924 509 sicut
2955 456 3020 510 de
3060 457 3144 512 his
3175 457 3268 527 qui
3319 459 3372 514 in
3408 475 3607 514 novum

2041 545 2314 600 hominem
2349 549 2584 617 reparati
2613 557 2741 603 sunt
2771 547 2976 602 dictum
3008 557 3115 613 est,
3139 549 3264 616 quia
3306 567 3325 600 ι
3349 565 3446 607 vos
3475 552 3607 606 estis

2039 650 2237 705 corpus
2270 636 2496 701 Christi,
2524 649 2581 692 et
2612 642 2852 695 membra
2878 655 2943 696 ex
2970 650 3122 710 parte
3143 640 3190 672 "
3239 641 3346 710 (8),
3390 659 3409 693 ι
3449 642 3521 695 ita
3554 651 3610 697 et

2039 727 2104 781 de
2135 727 2218 781 his
2241 729 2332 796 qui
2369 739 2605 784 veterem
2631 731 2903 786 hominem
2930 731 3165 785 nondum
3189 732 3608 798 eruciﬁxeruut,

2038 821 2146 873 dici
2184 835 2343 887 posse
2382 823 2526 889 quod
2556 821 2666 876 sint
2690 838 2892 891 corpus
2910 824 3118 891 peccati
3150 833 3202 877 et
3227 824 3492 888 membra,
3522 839 3612 877 cn-

2034 912 2123 982 jns
2163 914 2407 982 corporis
2451 913 2526 983 (9)
2558 927 2720 983 caput
2770 917 2842 970 sit
2887 917 3154 980 diabolus,
3189 916 3330 970 sicut
3359 916 3614 971 Christus

2039 1012 2196 1070 caput
2238 1013 2322 1058 est
2361 1005 2608 1072 corporis
2651 1005 2906 1060 Ecclesia:
2962 1022 3066 1059 non
3121 1005 3373 1059 habentis
3423 1020 3610 1058 macu-

2039 1093 2144 1148 lam
2167 1104 2262 1148 aut
2286 1109 2471 1164 rugam
2499 1096 2564 1149 ".
2589 1096 2821 1152 Possunt
2846 1107 3023 1151 autem
3051 1097 3292 1150 metnbra
3319 1111 3382 1150 ex
3415 1098 3614 1165 quibus

2039 1199 2236 1253 corpus
2272 1186 2413 1239 istud
2459 1188 2666 1254 peccati
2723 1197 2960 1248 constat.
3015 1188 3106 1242 illa
3165 1189 3332 1243 videri
3369 1205 3488 1258 qua:
3518 1204 3614 1242 sn—

2041 1276 2224 1343 perins
2272 1274 2430 1347 565
2481 1281 2820 1331 euumeravit
2861 1277 2972 1348 (l0)
3035 1278 3324 1346 Apostolus
3372 1280 3611 1332 membra

2037 1379 2156 1418 esse
2205 1380 2366 1433 super
2415 1377 2650 1431 terram,
2684 1367 2734 1420 id
2763 1378 2844 1421 est
2873 1368 3306 1434 fornicationem,
3369 1370 3606 1424 itmnun-

2040 1454 2228 1508 ditiam
2251 1497 2266 1517 ,
2319 1457 2711 1526 impudicitiam
2740 1498 2756 1523 ,
2808 1459 3094 1512 avaritiam
3119 1498 3135 1523 ,
3183 1462 3559 1514 contentiones
3586 1499 3602 1521 .

2041 1548 2197 1613 iram,
2259 1548 2430 1611 dolos,
2478 1551 2646 1613 rixas,
2702 1550 3094 1612 dissensiones,
3153 1551 3413 1617 haereses,
3472 1553 3612 1605 iuvi-

349 1643 478 1696 diso
500 1642 568 1695 ⁷³.
602 1658 622 1691 ι
657 1641 825 1710 Digna
856 1656 1092 1709 namque
1140 1650 1262 1695 erat
1289 1643 1472 1712 planta
1505 1617 1931 1717 paradisi;un
1967 1617 2010 1672 Β
2037 1641 2209 1705 diam,
2243 1642 2664 1695 comessationes
2686 1642 2756 1706 ⁸⁸,
2802 1653 2857 1696 et
2895 1643 2980 1696 his
3027 1643 3224 1696 similia
3261 1660 3364 1699 :ex
3407 1647 3605 1714 quibus

331 1734 542 1788 'arbori
575 1733 705 1786 vita:
737 1733 944 1787 sociata
970 1741 1072 1786 est.
1111 1731 1404 1802 Propterea
1438 1751 1567 1804 ergo
1599 1741 1743 1806 quod
1779 1739 1931 1794 dixe-

349 1837 440 1880 rat
469 1826 764 1893 Apostolus
788 1827 1146 1896 complantari
1187 1826 1532 1882 similitudini
1564 1829 1755 1885 mortis
1781 1830 1933 1886 Chri-

349 1917 452 1982 sti,
482 1916 588 1968 alia
621 1929 811 1974 rursus
834 1915 1005 1984 ﬁgura
1034 1915 1415 1986 repetit(5),et
1437 1917 1566 1972 dicit
1594 1938 1607 1973 :
1640 1937 1658 1971 ι
1683 1921 1816 1986 Quia
1841 1933 1932 1974 ve-

352 2018 448 2062 tus
477 2009 643 2062 homo
667 2016 850 2060 noster
870 2005 1033 2059 simul
1060 2006 1352 2062 cruciﬁxus
1380 2017 1464 2062 est
1492 2010 1564 2072 ei,
1597 2020 1654 2064 ut
1687 2013 1930 2067 destrua-

350 2107 449 2154 tur
501 2113 700 2166 rorpus
747 2096 954 2167 peccati
985 2094 1052 2150 “.
1087 2113 1106 2147 ι
1138 2095 1195 2150 In
1227 2099 1436 2164 multis,
1461 2111 1517 2154 et
1547 2116 1689 2170 smpe
1709 2102 1822 2172 jam
1851 2104 1932 2158 di-

350 2193 560 2252 ximus.
602 2192 728 2260 quid
762 2201 846 2244 est
874 2189 1220 2259 concruciﬁgi
1257 2191 1480 2246 Christo
1516 2209 1530 2258 ;
1577 2205 1632 2248 et
1667 2195 1733 2248 de
1761 2197 1929 2251 veteri

349 2284 579 2338 homine
609 2297 754 2352 saepe
786 2283 1139 2336 tractavimus
1185 2298 1200 2348 ;
1253 2284 1396 2337 unde
1435 2283 1673 2340 breviter
1713 2289 1763 2340 in
1796 2303 1933 2356 pra:-

349 2376 498 2429 seuti
530 2374 650 2428 loco
680 2383 924 2427 veterem
975 2373 1254 2428 hominem
1302 2374 1555 2439 dicimus,
1606 2377 1696 2444 qui
1739 2391 1936 2434 secun-

329 2469 484 2520 dum
519 2467 692 2520 Adam
748 2466 881 2518 vixit
934 2465 1372 2534 praevaricationi
1426 2467 1694 2527 obnoxius
1722 2479 1777 2523 et
1805 2484 1931 2538 pee-

352 2567 506 2624 cato,
539 2569 591 2614 et
631 2559 716 2612 cui
758 2557 1040 2613 dominata
1098 2567 1180 2612 est
1233 2572 1384 2612 mors
1437 2559 1664 2627 peccati,
1713 2560 1779 2615 de
1828 2577 1936 2630 quo

359 2651 733 2718 chirographa
766 2649 974 2720 peccati
1006 2649 1182 2704 tenuit
1213 2649 1302 2704 ille
1330 2650 1421 2719 qui
1469 2650 1704 2705 habebat
1745 2652 1936 2707 mortis

359 2747 648 2814 imperium
680 2762 693 2799 :
725 2759 846 2814 quas
869 2745 994 2814 quia
1026 2745 1278 2800 Christus
1317 2745 1583 2813 sanguine
1621 2759 1719 2798 suo
1751 2745 1937 2801 delens

355 2838 515 2893 cruci
565 2853 676 2892 stne
707 2837 874 2892 aﬁixit
901 2839 968 2903 ⁷³,
1009 2841 1173 2894 etiam
1225 2853 1323 2890 nos
1356 2839 1648 2890 secundum
1696 2846 1935 2892 veterem

361 2929 644 2983 hominem
681 2928 769 2997 qui
803 2938 1030 2996 peccato
1052 2927 1329 2981 obnoxius
1369 2927 1493 2991 luit,
1535 2927 1780 2981 cruciﬁxi
1816 2943 1937 2982 esse

362 3025 650 3090 debemus,
708 3042 726 3074 ι
765 3032 827 3077 ιιι
871 3022 1193 3078 destruatur
1241 3037 1439 3092 corpus
1488 3023 1718 3091 peccati,
1769 3033 1824 3077 et
1858 3023 1940 3077 ul-

367 3126 449 3174 tra
478 3117 558 3186 (6)
599 3134 703 3171 non
742 3117 1046 3171 serviamus
1078 3124 1300 3185 peccato
1334 3115 1402 3168 ".
1449 3132 1470 3167 ι
1524 3114 1939 3169 Observandum

366 3221 552 3266 autem
590 3221 720 3278 puto
750 3209 893 3278 quod
925 3206 1214 3275 Apostolus
1245 3205 1335 3259 ubi
1380 3205 1514 3259 dicit
1551 3205 1939 3259 destruendum

366 3322 487 3359 csse
523 3323 539 3354 ι
569 3317 785 3370 corpus,
823 3319 842 3353 ι
880 3302 1030 3370 ponit
1071 3317 1089 3349 ι
1121 3300 1369 3368 peccati:
1414 3316 1434 3349 ι
1489 3297 1575 3351 ιιιιί
1611 3308 1792 3352 autem
1833 3313 1939 3352 non

366 3397 501 3448 dicit
539 3393 956 3456 destruendum,
981 3406 1087 3444 non
1126 3408 1144 3442 t
1173 3403 1370 3459 corpus
1399 3388 1631 3458 peccati,
1670 3406 1690 3439 ι
1725 3389 1819 3442 sed
1844 3403 1942 3443 nos

369 3489 516 3555 ipsos
555 3487 684 3539 dicit
717 3499 840 3538 esse
875 3483 968 3552 qui
1003 3497 1108 3534 non
1144 3481 1449 3534 serviamus
1480 3485 1728 3545 peccato,
1763 3485 1821 3528 ut
1855 3490 1942 3530 os-

368 3581 553 3634 tendat
586 3579 710 3647 quia
761 3579 805 3632 si
859 3577 1195 3630 destructum
1255 3569 1423 3624 fuerit
1471 3583 1668 3638 corpus
1708 3567 1942 3635 peccati,

359 3673 475 3742 jam
511 3687 607 3725 nos
642 3687 746 3724 non
775 3670 1080 3722 serviamus
1107 3673 1356 3734 peceato,
1395 3661 1482 3715 cui
1521 3659 1730 3714 scilicet
1773 3657 1944 3712 servi-

366 3766 548 3820 vimus
597 3765 766 3818 donec
820 3762 872 3815 in
923 3759 1080 3814 nobis
1119 3771 1225 3812 non
1275 3763 1395 3809 erat
1441 3752 1798 3816 destructum,
1843 3763 1944 3804 nec

365 3865 528 3911 erant
555 3854 885 3908 mortilicata
928 3851 1171 3904 membra
1229 3857 1419 3902 nostra
1462 3859 1582 3913 qua'
1624 3850 1750 3896 sunt
1783 3855 1944 3910 super

365 3957 573 4002 terram
618 3946 684 3997 ⁷⁷.
729 3944 833 4000 Sed
875 3942 1186 4012 diligentius
1237 3940 1413 3993 adhuc
1458 3935 1813 4005 repetendum
1860 3942 1945 3988 est

365 4040 640 4108 quomodo
665 4036 864 4092 dixerit
897 4054 914 4085 ι
951 4048 1147 4104 corpus
1173 4030 1404 4101 peccati.
1443 4047 1461 4081 ι
1498 4024 1559 4080 in
1599 4040 1712 4094 quo
1747 4023 1943 4094 duplex

365 4131 486 4186 dari
527 4131 738 4184 videtur
783 4127 1117 4190 intellectus,
1161 4123 1246 4178 vel
1284 4123 1415 4191 quia
1448 4129 1699 4175 nostrum
1744 4129 1944 4187 corpus

365 4219 580 4290 peccati
611 4233 732 4272 esse
766 4215 963 4270 dixerit
1002 4228 1199 4284 corpus
1229 4211 1308 4282 (7)
1348 4229 1363 4277 ;
1414 4209 1497 4263 vel
1548 4207 1674 4278 quia
1726 4207 1941 4277 peccati

2039 1732 2295 1786 omnibus
2339 1732 2598 1785 membris
2654 1733 2812 1800 digne
2863 1732 3078 1786 dicatur
3109 1750 3309 1804 corpus
3358 1745 3613 1790 constare

2039 1824 2274 1892 peccati,
2308 1833 2364 1878 et
2413 1824 2513 1876 hoc
2545 1838 2742 1891 corpus
2771 1835 2926 1877 vetns
2974 1823 3136 1879 homo
3173 1826 3282 1896 (ll)
3326 1828 3612 1895 appellari.

2041 1915 2192 1982 Quod
2226 1915 2270 1968 si
2300 1915 2420 1984 quis
2463 1929 2558 1984 per
2600 1929 2818 1968 crucem
2845 1915 3048 1971 Christi
3089 1918 3333 1970 destruat
3369 1919 3522 1985 (ίὲ),
3557 1928 3613 1972 et

2041 2008 2094 2062 in
2127 2021 2324 2061 novum
2351 2006 2624 2060 hominem
2653 2006 2744 2075 qui
2767 2009 3063 2060 secuudutn
3097 2009 3260 2062 Deum
3289 2018 3511 2063 creatus
3531 2017 3617 2064 est

2040 2110 2406 2155 commutetnr
2431 2099 2501 2164 °',
2529 2097 2668 2151 ultra
2732 2113 2836 2152 non
2872 2099 3084 2153 dicetur
3116 2100 3325 2154 servire
3362 2108 3612 2169 peccato,

2040 2192 2124 2245 cui
2151 2193 2272 2245 sine
2303 2190 2470 2245 dubio
2503 2191 2674 2244 servit
2711 2190 2882 2244 donec
2917 2190 3076 2244 alicui
3129 2192 3326 2244 borum
3365 2191 3618 2259 subjacet

2040 2296 2160 2351 quae
2205 2295 2370 2350 supra
2419 2281 2776 2351 exposuimus
2823 2282 3067 2336 membra
3125 2295 3246 2334 esse
3279 2279 3518 2349 peccati.
3554 2279 3614 2333 Si

2040 2387 2171 2427 vero
2209 2371 2378 2441 magis
2428 2371 2529 2426 hoc
2567 2385 2767 2441 corpus
2815 2380 3061 2426 nostrum
3094 2371 3298 2426 dixisse
3334 2371 3612 2440 intelliga-

2044 2473 2132 2517 tur
2157 2462 2446 2531 Apostolus
2477 2477 2673 2530 corpus
2701 2463 2935 2531 peccati,
2969 2464 3262 2517 secundum
3296 2463 3444 2516 illam
3486 2477 3612 2532 pro-

2043 2557 2186 2609 l'ecto
2235 2554 2538 2621 accipietur
2587 2552 3038 2622 intelligentiam,
3070 2569 3173 2623 qua
3227 2565 3283 2608 et
3328 2554 3495 2608 David
3548 2556 3616 2608 de

2042 2647 2335 2715 semetipso
2375 2645 2528 2708 dicit,
2565 2646 2690 2714 quia
2742 2661 2760 2694 ι
2793 2644 2852 2697 in
2899 2645 3277 2714 iniquitatibus
3318 2653 3618 2713 conceptus

2043 2755 2186 2802 sum,
2220 2749 2273 2791 et
2305 2739 2354 2791 in
2385 2738 2622 2807 peccatis
2651 2738 2897 2805 concepit
2922 2752 3008 2792 me
3035 2746 3342 2790 matertuea
3363 2736 3430 2789 θ’.
3459 2755 3475 2787 ι
3505 2733 3616 2791 Sed

2042 2843 2098 2886 et
2133 2833 2243 2900 ipse
2271 2829 2558 2898 Apostolus
2588 2830 2642 2882 in
2675 2831 2799 2884 aliis
2821 2831 2949 2884 dicit
2983 2848 2997 2884 :
3029 2847 3048 2881 ι
3076 2829 3209 2895 Quis
3247 2844 3333 2882 me
3364 2828 3620 2883 liberabit

2045 2923 2110 2976 de
2160 2937 2389 2990 corpore
2437 2923 2630 2976 mortis
2685 2922 2845 2992 hujus
2867 2924 2948 2977 ιιι
2983 2941 3000 2976 ι
3037 2931 3092 2977 et
3141 2922 3335 2974 iterum
3375 2935 3617 2990 «corpus

2047 3013 2372 3068 humilitatis
2395 3031 2414 3066 ι
2451 3013 2694 3067 nominat
2729 3027 2929 3084 corpus
2964 3011 3292 3068 nastrum“.
3325 3011 3429 3065 Sed
3466 3021 3520 3065 et
3552 3013 3619 3064 de

2047 3103 2331 3158 Salvatore
2353 3105 2584 3172 quodam
2620 3106 2740 3160 loco
2773 3106 2920 3169 dicit,
2951 3105 3077 3173 quia
3107 3104 3318 3157 venerit
3342 3119 3361 3153 ι
3388 3103 3442 3155 in
3465 3102 3619 3156 sinti-

2047 3195 2328 3248 litudinem
2357 3199 2537 3250 carnis
2563 3196 2791 3266 peccati,
2820 3213 2839 3248 ι
2883 3204 2939 3248 ιιι
2979 3215 2997 3246 ι
3027 3196 3092 3250 de
3139 3205 3364 3266 peccato
3392 3213 3410 3246 ι
3461 3196 3617 3249 dam-

2046 3296 2198 3338 nat-et
2233 3305 2251 3336 ι
2276 3299 2556 3355 peccatum
2582 3289 2818 3344 iucarne
2842 3289 2908 3342 ⁸⁸.
2938 3307 2957 3341 ι
2995 3289 3050 3342 lu
3075 3302 3184 3356 quo
3214 3286 3451 3341 ostendit
3474 3286 3620 3354 quod

2046 3389 2229 3432 nostra
2266 3379 2483 3445 quidem
2520 3395 2652 3433 caro
2679 3381 2882 3450 peccati
2919 3381 2988 3435 sit
3017 3396 3168 3443 caro,
3203 3378 3402 3434 Christi
3437 3387 3620 3432 autem

2046 3484 2180 3524 caro
2213 3470 2406 3524 similis
2429 3473 2501 3524 sit
2530 3472 2680 3524 carni
2714 3474 2944 3539 peccati.
2983 3473 3098 3525 Non
3126 3470 3275 3525 enim
3303 3485 3372 3525 ex
3411 3472 3622 3525 semine

2043 3565 2147 3618 viri
2182 3572 2446 3633 concepta
2484 3574 2592 3628 est,
2632 3567 2725 3619 sed
2748 3565 2988 3633 Spit-itus
3017 3574 3240 3618 sanctus
3265 3564 3416 3616 venit
3453 3578 3621 3631 super

2046 3655 2294 3720 Mariam,
2319 3667 2372 3710 et
2395 3657 2566 3710 virtus
2598 3655 2860 3710 Altissimi
2895 3655 3242 3708 obumbravit
3276 3655 3348 3718 ei,
3382 3662 3438 3706 nt
3474 3656 3620 3722 quod

2045 3747 2379 3802 nascebatur
2416 3761 2482 3799 ex
2516 3761 2605 3812 ea,
2647 3745 2818 3800 Filius
2854 3755 3142 3799 vocaretur
3195 3743 3406 3800 Excelsi
3429 3743 3495 3800 ⁸⁸.
3525 3745 3619 3799 Sic

2045 3854 2175 3908 ergo
2221 3837 2424 3893 Paulus
2473 3853 2571 3908 per
2611 3837 2939 3892 incii'abilem
2999 3838 3091 3893 Dei
3128 3839 3474 3908 sapientiam,
3499 3853 3622 3908 qua:

2045 3933 2172 3986 data
2222 3939 2306 3986 est
2333 3931 2406 3997 ei,
2434 3947 2688 3985 arcanum
2731 3931 2915 3986 nescio
2947 3931 3074 4001 quid
3101 3932 3314 3986 intuens
3345 3940 3402 3986 et
3432 3947 3626 3986 recou-

2047 4025 2241 4092 ditum,
2265 4040 2461 4095 corpus
2495 4033 2738 4080 nostrum
2764 4039 2992 4094 «corpus
3014 4026 3272 4094 peccati,»
3300 4035 3354 4080 et
3379 4041 3398 4078 ι
3427 4040 3624 4095 corpus

2049 4115 2258 4182 mortis,
2291 4133 2309 4168 ι
2349 4126 2403 4172 et
2441 4135 2459 4168 ι
2484 4131 2684 4186 corpus
2730 4116 3054 4171 humilitatis
3083 4136 3101 4170 ι
3139 4117 3396 4188 appellat.
3432 4115 3540 4171 Sed
3571 4128 3625 4171 et

2051 4205 2216 4260 David
2245 4208 2310 4261 de
2344 4209 2534 4262 eodem
2563 4209 2770 4278 Spiritu
2806 4219 3138 4263 secretorum
3159 4210 3460 4264 cmlestium
3490 4225 3624 4278 gua-

370 4313 542 4381 ipsius
590 4311 738 4364 dicat
780 4323 900 4363 esse
957 4306 1239 4376 proprium
1281 4301 1496 4371 aliquod
1541 4313 1766 4368 corpus,
1797 4299 1940 4366 quod
1977 4301 2020 4355 D
2053 4313 2143 4351 rus
2177 4299 2394 4353 dicebat
2433 4299 2500 4353 de
2540 4315 2810 4370 corpore:
2844 4318 2861 4350 ι
2888 4300 2952 4354 Et
2997 4303 3049 4353 in
3100 4301 3378 4370 pulverem
3432 4301 3625 4353 mortis

370 4401 766 4454 destruendum
802 4400 872 4452 sit
918 4398 1000 4452 his
1047 4397 1139 4466 qui
1191 4409 1298 4448 non
1331 4392 1528 4446 debent
1557 4390 1694 4443 ultra
1740 4391 1944 4443 servire

371 4500 617 4560 peccato.
655 4490 792 4558 Quia
828 4505 958 4558 ergo
991 4498 1220 4557 uterque
1253 4498 1446 4538 sensus
1478 4481 1528 4535 in
1563 4481 1664 4534 hoc
1701 4480 1818 4534 loco
1847 4481 1943 4533 ad-

327 4679 332 4684 .
484 4630 526 4660 "
557 4628 572 4681 l
605 4627 759 4681 Joan.
790 4642 871 4689 ιιι,
898 4625 954 4678 2.
1067 4623 1111 4653 ⁷ο
1142 4619 1299 4675 Joan.
1332 4634 1460 4681 xvtt,
1484 4617 1574 4670 ‘24.

369 4699 416 4730 ⁷⁸
447 4699 653 4752 Coloss.
692 4713 751 4755 ιι,
785 4685 875 4752 M.
950 4694 995 4724 ⁷⁸
1023 4694 1175 4746 (tutu.
1213 4690 1370 4756 ",6.
1443 4689 1488 4720 ⁷⁷
1525 4686 1730 4756 Coloss.
1776 4700 1870 4756 ut,
1892 4685 1944 4738 5.

371 4769 584 4823 Coloss.
617 4783 697 4829 ιιι,
740 4767 794 4820 5.
895 4767 937 4798 ⁸⁷
976 4765 1173 4831 Ephcs.
1215 4760 1464 4831 ωλι».--
1492 4755 1718 4831 f’l’sal.
1759 4771 1809 4818 1.,
1842 4755 1896 4831 7_.

371 4840 420 4870 ⁸⁸
445 4839 578 4894 Luc.
607 4854 649 4900 ι,
687 4825 796 4892 35.
858 4837 900 4867 ⁸⁷
938 4825 1079 4889 l’sal.
1113 4847 1229 4896 xxr,
1264 4831 1345 4885 ιιι.
1421 4826 1466 4858 ⁸⁸
1489 4825 1634 4881 Psal.
1667 4840 1821 4888 thn,
1854 4825 1944 4880 25.

451 4958 528 5025 (5)
557 4958 726 5020 Alias,
767 4973 786 5006 ι
816 4954 954 5021 Quid
987 4960 1070 5006 est
1105 4959 1284 5004 autem
1326 4941 1672 5025 similitudini
1709 4955 1952 5025 resurrco

373 5013 573 5083 ctiotiis
603 5013 725 5095 ejus
745 5013 868 5080 esse
899 5025 1297 5091 complantatos
1327 5018 1349 5068 ’ἐ
1402 5013 1642 5069 Joannes
1675 5014 1951 5081 apostolus

377 5099 550 5152 dicit:
589 5096 790 5160 Filioli,
820 5114 838 5146 ι
874 5107 1002 5165 clc._
1039 5161 1050 5165 _
1125 5159 1171 5165 __
1550 5152 1560 5164 .
1589 5153 1599 5165 _

448 5167 526 5236 (4)
552 5168 643 5220 Sic
678 5153 806 5220 mss.
839 5176 891 5220 et
921 5161 1075 5218 editi.
1125 5159 1225 5236 Ms,
1253 5168 1435 5212 tamen
1472 5153 1714 5223 quidam,
1765 5169 1783 5203 ι
1838 5153 1948 5210 illic

377 5230 462 5292 sit
488 5230 541 5290 et
571 5237 815 5290 minister
852 5249 1023 5297 mens,
1058 5251 1076 5284 ι
1113 5230 1276 5306 male.
1353 5298 1364 5306 _
1742 5300 1753 5306 _

451 5306 526 5375 (ὅ)
559 5307 632 5361 Ita
668 5314 811 5360 recte
842 5319 970 5358 mss.
998 5294 1366 5375 nutus.C:cteri
1391 5309 1518 5352 vero
1550 5308 1682 5349 mss.
1707 5300 1756 5346 et
1788 5294 1940 5361 editi,

386 5394 406 5430 ι
439 5372 598 5428 aliam
636 5391 825 5429 rursus
860 5375 1086 5443 ﬁguram
1128 5372 1344 5443 repetit.
1371 5386 1389 5417 ι

454 5446 529 5514 (6)
554 5448 724 5509 Alias,
765 5463 782 5494 ι
811 5442 974 5499 etiam
1009 5458 1107 5497 nos
1139 5442 1231 5514 qui
1268 5448 1493 5508 peccato
1516 5444 1818 5514 secundum
1855 5452 1948 5514 ve-

387 5511 555 5570 terem
583 5518 851 5568 hominem
882 5514 1099 5569 olntoxii
1130 5513 1347 5576 fuimus,
1378 5513 1621 5566 cruciﬁxi
1651 5530 1770 5569 esse
1790 5511 1949 5567 debe-

390 5603 598 5644 mus...
636 5595 692 5638 ut
723 5585 881 5639 ultra.
920 5603 940 5636 ι

1682 4616 1724 4646 τί
1753 4614 1882 4667 ibid.
1910 4617 1999 4669 2|.

2022 4687 2065 4716 '“'
2090 4685 2108 4738 Ι
2138 4688 2265 4741 Cor.
2297 4703 2394 4752 xu,
2431 4689 2520 4742 27.

1997 4756 2043 4787 ⁸³
2081 4756 2238 4812 liom.
2278 4771 2369 4825 vn,
2397 4758 2488 4814 24.

2053 4389 2321 4443 deduxisti
2352 4389 2524 4456 me";
2557 4408 2575 4441 ι
2611 4400 2666 4444 et
2695 4391 2886 4443 iterum
2915 4404 2929 4441 :
2956 4407 2973 4440 ι
3003 4389 3291 4443 lluntiliata
3321 4399 3402 4443 est
3426 4388 3479 4442 in
3508 4390 3628 4458 pul-

2054 4496 2180 4535 vere
2234 4484 2416 4535 anitua
2463 4481 2733 4536 nostra“.
2765 4501 2784 4534 ι
2831 4481 3097 4538 Jeremias
3153 4495 3369 4550 quoque
3430 4481 3626 4535 similis

2773 4619 2818 4650 ⁷³
2855 4619 2984 4672 ibid.
3014 4617 3100 4671 45.

2627 4689 2672 4720 ⁷⁸
2706 4688 2902 4756 Epltcs.
2940 4703 2990 4754 v,
3017 4687 3106 4740 27.

2595 4758 2640 4789 ³⁵
2669 4758 2862 4828 Philip.
2894 4773 2978 4823 ιιι,
3003 4759 3056 4810 2.

3210 4617 3253 4647 ⁷⁸
3284 4615 3440 4671 ﬂent.
3471 4633 3544 4676 vt,
3569 4619 3624 4672 (ἱ.

3209 4687 3252 4717 ⁸⁸
3283 4687 3437 4742 lium.
3468 4703 3502 4747 I,
3520 4687 3624 4752 29;

3160 4757 3205 4789 ⁸⁸
3235 4760 3390 4812 lium.
3426 4773 3542 4823 vnt,
3570 4759 3626 4811 5.

2105 4617 2149 4646 ⁷¹
2177 4616 2308 4672 Luc.
2379 4634 2537 4684 xxttt,
2575 4617 2666 4671 49..

2136 4947 2213 5020 (7)
2249 4947 2424 5020 Alias,
2463 4967 2481 5000 ι
2506 4949 2588 5003 vel
2617 4949 2743 5020 quia
2773 4959 3249 5020 nostrumcorpus
3285 4946 3489 5015 peccati
3545 4946 3628 5016 ip-

2059 5018 2175 5074 sius
2194 5018 2348 5073 dicat
2382 5033 2522 5084 esse,
2561 5019 2640 5072 vel
2681 5021 2959 5088 proprium
2989 5018 3209 5085 aliquod
3242 5033 3460 5085 corpus.
3495 5035 3513 5067 ι

2131 5089 2207 5160 (8)
2240 5089 2403 5154 Editi,
2440 5109 2458 5142 ι
2489 5104 2586 5145 vos
2618 5091 2751 5146 estis
2783 5091 3025 5145 membra
3061 5088 3287 5152 Christi,
3333 5097 3387 5141 et
3432 5101 3632 5156 corpus

2057 5173 2122 5213 ex
2165 5170 2335 5227 parte.
2367 5178 2386 5211 ι

2129 5229 2206 5300 (9)
2249 5229 2518 5300 Corporis.
2549 5230 2708 5286 Deest
2732 5229 2783 5283 iu
2810 5228 2963 5284 libris
2994 5237 3154 5284 antea
3190 5228 3376 5284 editis.

2123 5299 2232 5371 (ιο)
2262 5299 2430 5371 Alias,
2464 5319 2482 5350 ι
2510 5302 2843 5355 memoravit.
2870 5316 2888 5350 ι

2125 5369 2239 5440 (tl)
2274 5370 2437 5435 Editi,
2474 5389 2492 5420 ι
2515 5380 2568 5424 et
2597 5372 2697 5424 hoc
2722 5383 2922 5437 corpus
2949 5370 3156 5439 peccati
3195 5378 3350 5423 vetus
3396 5369 3579 5435 homo,
3605 5385 3630 5419 ι

2056 5453 2209 5506 ctc.;
2244 5442 2338 5503 al.,
2375 5460 2393 5490 ι
2417 5453 2470 5495 ct
2512 5443 2614 5494 hoc
2645 5455 2840 5509 corpus
2870 5440 3067 5495 veteris
3098 5440 3356 5505 hominis,
3378 5456 3396 5490 ι
3434 5450 3542 5498 ctc.

2132 5513 2241 5582 (I2)
2278 5511 2438 5576 Editi,
2478 5530 2495 5562 ι
2522 5511 2852 5564 destruatur.
2887 5528 2905 5562 ι
