3986 6206
439 191 578 246 1017

1890 183 2046 240 ORIC
2058 183 2209 240 Ele

3557 176 3698 230 1918

441 306 684 374 mystcrii
716 320 812 374 per
850 306 943 360 Dei
1001 306 1263 373 Spiritum
1315 305 1588 371 conscius,
1619 305 1672 360 in
1726 305 2015 362 Lamenta-
2045 310 2087 364 Α
2119 304 2281 374 pleta.
2313 302 2597 357 Geueralis
2641 309 2825 355 autem
2870 299 2960 353 illa
3007 297 3191 352 carnis
3215 295 3551 350 resurrectio
3579 310 3700 361 qua

441 398 680 450 tionibus
709 397 825 450 suis
853 396 1010 462 dicit,
1037 397 1164 464 quia
1214 397 1380 450 vincti
1417 396 1531 467 (15)
1563 405 1724 452 terra:
1759 396 1869 450 sint
1897 411 2016 449 om-

439 503 539 542 nes
589 489 855 552 homines,
888 491 1134 557 corporis
1172 487 1383 542 scilicet
1424 503 1610 555 causa,
1641 498 1698 543 et
1741 489 1818 542 ait
1847 507 1860 541 :
1895 509 1913 540 ι
1944 487 2015 543 L‘t

440 581 686 635 humiliet
713 582 813 635 sub
830 579 1057 648 pedibus
1083 579 1201 649 ejus
1225 595 1413 635 omnes
1441 581 1650 637 vinctos
1682 592 1863 645 terrae,
1887 583 2012 651 quia

440 669 1139 740 declinaveruntjudicium
1170 673 1272 727 viri
1303 673 1355 725 in
1387 681 1684 741 conspectu
1720 673 2011 738 Altissimi,

444 770 502 813 et
527 763 1028 816 condemnaverunt
1055 764 1324 818 hominem
1352 765 1400 818 in
1428 763 1796 832 judicaudo”.
1831 784 1852 816 ι
1880 763 2014 818 Cor-

441 869 540 921 pus
600 869 733 920 ergo
779 856 984 924 peccati
1041 866 1127 910 est
1172 870 1375 923 corpus
1418 865 1704 922 nostrum;
1739 856 1864 925 quia
1918 871 2016 910 nec

437 941 612 994 Adam
646 942 908 996 scribitur
950 945 1272 1014 cognovisse
1306 943 1471 997 Evam
1509 959 1732 998 uxorem
1782 960 1932 998 suam
1961 953 2017 1022 et

442 1034 694 1100 genuisse
739 1035 966 1101 Cain",
1009 1037 1110 1090 nisi
1163 1046 1283 1107 post
1340 1048 1647 1107 peccalmu.
1689 1036 1930 1105 Denique
1961 1044 2016 1089 et

441 1129 493 1179 in
527 1125 704 1194 lege"
741 1141 839 1195 pro
867 1128 1093 1196 parvulo
1129 1129 1218 1196 qui
1262 1139 1421 1182 natus
1470 1129 1630 1183 fuerit
1654 1127 1767 1198 (ιι)
1793 1127 2016 1196 jubetur

439 1217 624 1270 οπωτί
660 1215 860 1282 hostia,
909 1232 1007 1285 par
1047 1227 1338 1283 turturmn,
1369 1230 1462 1273 aut
1494 1219 1603 1274 duo
1632 1219 1760 1288 pulli
1803 1219 2014 1274 colum-

441 1308 554 1361 hirti
589 1325 602 1360 :
630 1323 695 1362 ex
731 1309 926 1377 quibus
954 1323 1093 1362 unus
1123 1323 1220 1376 pro
1255 1319 1496 1378 peccato,
1521 1319 1575 1362 et
1609 1309 1749 1363 alius
1785 1308 1836 1362 itt
1866 1308 2019 1363 holo-

439 1407 796 1453 caustomate.
845 1398 948 1454 Pro
999 1414 1108 1468 quo
1157 1411 1385 1469 peccato
1435 1400 1661 1455 oﬁ‘ertur
1699 1402 1788 1455 hic
1841 1400 2017 1470 pullus

439 1491 625 1544 unus?
657 1489 907 1560 Nunquid
941 1507 1109 1560 nuper
1141 1492 1321 1546 editus
1356 1491 1612 1561 parvulus
1645 1505 1875 1562 peccare
1901 1489 2014 1557 jam

438 1582 662 1651 potuit?
693 1583 756 1636 Et
790 1593 967 1637 tamen
1007 1583 1174 1637 habet
1216 1594 1498 1652 peccatum
1540 1599 1638 1652 pro
1683 1600 1790 1654 quo
1831 1584 2012 1638 hostia

438 1673 659 1741 jnbetur
678 1671 864 1727 oll'erri
894 1689 922 1725 a
954 1687 1061 1740 quo
1090 1676 1326 1726 mundus
1349 1682 1574 1742 negatur
1601 1677 1727 1742 quis
1751 1688 1892 1736 esse.
1917 1688 2018 1728 nec

440 1765 485 1817 si
516 1765 674 1819 unius
723 1765 827 1818 dici
876 1764 1041 1819 fuerit
1077 1765 1189 1817 vita
1219 1761 1336 1830 ejus
1353 1765 1421 1816 θ’.
1453 1763 1529 1817 De
1563 1764 1666 1817 hoc
1693 1778 1823 1833 ergo
1855 1765 2018 1818 etiam

439 1857 612 1909 David
664 1855 866 1911 dixisse
897 1856 1204 1911 credendus
1239 1863 1325 1909 est
1371 1854 1499 1907 illud
1534 1855 1677 1922 quod
1712 1869 1876 1923 supra
1907 1868 2020 1909 me-

442 1946 796 2011 moravimus,
840 1947 964 2013 quia
1004 1964 1022 1996 ι
1057 1945 1108 1998 in
1143 1943 1387 2012 peccatis
1439 1945 1693 2012 concepit
1724 1958 1808 1998 me
1845 1955 2021 1998 mater

443 2037 688 2092 mea”.)
729 2035 1038 2092 Secundum
1091 2036 1376 2090 historiam
1406 2034 1549 2089 enim
1587 2035 1788 2088 imllum
1829 2036 2019 2090 matris

441 2129 557 2198 ejus
593 2129 901 2182 declaratur
935 2137 1240 2198 peccatuut.
1280 2126 1386 2181 Pro
1437 2127 1540 2182 hoc
1575 2135 1631 2180 et
1676 2126 1915 2180 Ecclesia
1949 2125 2018 2180 ab

441 2219 703 2287 apostolis
738 2219 1087 2272 traditionem
1120 2217 1387 2286 suscepit,
1421 2217 1587 2272 etiam
1622 2217 1863 2286 parvulis
1921 2219 2017 2271 ba-

440 2312 698 2379 ptismum
727 2311 876 2364 dare.
907 2308 1167 2364 Sciebant
1200 2309 1346 2364 enim
1386 2309 1460 2364 illi
1497 2309 1694 2380 quibus
1733 2311 2018 2380 mysterio-

445 2419 563 2456 rum
592 2411 809 2457 secreta
835 2399 1126 2456 commissa
1151 2409 1278 2455 sunt
1309 2399 1639 2467 divinorum,
1665 2401 1807 2470 quod
1835 2411 2019 2455 essent

440 2496 496 2547 in
517 2493 768 2548 erunibus
800 2492 1048 2562 genuina:
1069 2491 1259 2546 sordes
1290 2493 1524 2561 peccati,
1548 2507 1668 2562 qua:
1701 2507 1797 2561 per
1821 2507 2014 2562 aquam

437 2596 493 2638 et
541 2584 805 2654 Spiritum
855 2583 1000 2637 ablui
1053 2583 1364 2650 deberent;
1396 2593 1621 2652 propter
1669 2598 1808 2652 quas
1845 2587 2014 2639 etiam

438 2691 640 2745 corpus
690 2677 866 2746 ipsum
915 2689 1112 2744 corpus
1157 2672 1366 2742 peccati
1427 2673 1760 2738 nominatur,
1797 2688 1900 2729 non
1935 2674 2017 2745 (ιιι

439 2779 634 2838 putant
672 2769 841 2837 aliqui
871 2783 1060 2823 eorum
1107 2766 1201 2836 qui
1230 2763 1540 2819 animarum
1586 2766 2018 2836 transmigratio-

440 2875 564 2914 nem
588 2861 641 2913 in
670 2862 814 2914 varia
837 2875 1065 2930 corpora
1096 2861 1445 2921 introducunt
1469 2862 1588 2936 [l5]
1613 2868 1632 2934 )
1660 2880 1757 2934 pro
1787 2865 1871 2919 his
1895 2879 2016 2935 quae

2116 396 2182 449 ad
2215 410 2407 449 omnes
2438 393 2696 465 pertinet,
2735 392 2917 445 adhuc
2954 389 3135 443 futura
3171 398 3255 442 est
3279 405 3292 439 :
3319 386 3450 454 quia
3499 386 3618 438 haec
3647 387 3698 436 in

2119 488 2315 556 primo,
2346 488 2432 540 illa
2470 490 2524 541 in
2558 485 2797 541 secundo
2837 481 3046 536 Domini
3070 477 3433 550 complebitnr
3455 475 3572 547 (l8)
3605 474 3698 528 ad-

2119 590 2300 634 \‘Clllll.

2190 671 2275 724 l0.
2308 687 2328 722 ι
2353 669 2409 723 Si
2459 679 2639 721 autem
2674 665 2871 721 mortui
2919 679 3107 719 sumus
3135 676 3260 718 cum
3293 661 3542 725 Christo,
3575 673 3696 714 cre-

2117 762 2296 815 dimus
2334 761 2460 830 quia
2508 769 2564 814 et
2608 759 2962 813 convivemus
2993 757 3044 811 ei
3079 755 3214 826 (19),
3266 755 3510 808 scientes
3565 751 3693 820 quia

2117 855 2364 909 Christus
2400 869 2628 924 surgens
2651 869 2679 906 a
2715 857 2947 908 mortuis
2969 851 3081 919 jam
3111 866 3217 903 non
3257 849 3514 906 moritur.
3550 858 3694 898 mors

2117 949 2164 1002 ci
2197 946 2310 1014 jam
2342 945 2483 1000 ultra
2531 961 2636 1000 non
2670 944 3062 998 dominabitur.
3090 940 3244 1008 Quod
3271 940 3420 993 enim
3447 947 3694 990 mortuus

2117 1048 2201 1092 est
2227 1046 2469 1106 peccato,
2505 1045 2752 1090 mortuus
2782 1046 2867 1089 est
2899 1033 3067 1089 semel
3099 1055 3110 1088 :
3144 1032 3286 1102 quod
3315 1041 3500 1086 autem
3539 1030 3692 1091 vivit,

2117 1129 2247 1181 vivit
2285 1127 2394 1182 Deo
2413 1129 2480 1180 ".
2513 1146 2531 1178 ι
2575 1127 2631 1180 lu
2671 1127 2928 1181 omnibus
2959 1141 3080 1195 qua:
3107 1140 3266 1192 supra
3298 1123 3437 1176 dixit
3465 1121 3693 1192 Aposto-

2119 1221 2221 1286 lus,
2251 1222 2355 1276 hoc
2376 1219 2659 1276 ostendere
2683 1218 2867 1280 voluit,
2905 1219 3032 1287 quia
3065 1217 3110 1270 si
3139 1215 3393 1270 Christus
3431 1222 3686 1267 mortuus

2123 1325 2209 1368 est
2238 1314 2386 1382 prior
2416 1319 2658 1381 peccato,
2680 1320 2734 1364 et
2757 1324 2856 1363 nos
2883 1308 3081 1362 mortui
3109 1321 3296 1360 sumus
3321 1313 3552 1372 peccato
3577 1317 3694 1356 cum

2117 1407 2252 1474 ipso.
2290 1405 2355 1459 Et
2390 1418 2512 1459 cum
2560 1401 2689 1456 dicit
2720 1419 2734 1455 :
2769 1399 2931 1470 566
2963 1420 2981 1450 ι
3007 1399 3060 1452 ln
3089 1407 3265 1452 morte
3289 1397 3470 1467 ipsius
3515 1395 3694 1463 bapti-

2120 1500 2223 1552 ιιιιί
2256 1512 2476 1562 sumus;
2509 1515 2527 1546 ι
2565 1504 2640 1559 et,
2677 1512 2695 1545 ι
2718 1491 3079 1560 Complantati
3121 1503 3308 1545 sumus
3349 1486 3696 1541 similitudini

2121 1588 2311 1644 mortis
2347 1586 2463 1655 ejus
2487 1587 2557 1652 ’9,
2586 1604 2605 1638 ι
2641 1598 2738 1653 per
2773 1585 2887 1638 haec
2917 1582 3099 1636 omnia
3123 1582 3364 1636 ostendit
3389 1579 3521 1649 quia
3556 1593 3700 1630 mor-

2125 1681 2200 1735 tui
2239 1695 2426 1734 sumus
2453 1693 2575 1733 cum
2616 1678 2834 1732 Christo
2877 1685 3121 1745 peccato,
3154 1690 3219 1729 ex
3262 1688 3332 1729 eo
3364 1673 3512 1744 quod
3539 1672 3700 1727 Chri-

2122 1783 2241 1828 stus
2283 1771 2498 1841 qnidem
2541 1783 2638 1839 pro
2681 1767 2923 1838 peccatis
2963 1765 3166 1821 nostris
3217 1774 3469 1818 mortuus
3494 1771 3581 1817 est
3609 1777 3700 1814 se-

2123 1863 2358 1919 cundum
2391 1862 2738 1930 Scripturas;
2769 1867 2824 1913 et
2853 1857 3144 1927 unicuique
3175 1854 3519 1910 credentium
3550 1867 3701 1906 mor-

2123 1967 2230 2011 tem
2266 1955 2470 2026 peccati
2526 1952 2697 2020 ipsius
2745 1958 2999 2016 tanquam
3043 1963 3240 2001 munus
3269 1946 3547 2017 quoddam
3578 1943 3701 1998 ﬁdei

2121 2063 2184 2101 cx
2219 2061 2312 2101 sua
2343 2053 2516 2098 mortc
2549 2039 2798 2104 donavit,
2828 2037 2914 2093 his
2943 2037 3155 2092 scilicet
3190 2037 3280 2106 qui
3331 2051 3455 2088 cum
3491 2035 3614 2104 ipso
3643 2049 3703 2087 se

2124 2149 2368 2194 mortuas
2393 2145 2448 2192 et
2470 2134 2764 2189 crucilixos
2796 2142 2850 2186 et
2879 2128 3230 2199 consepultos
3259 2127 3308 2182 ei
3345 2127 3612 2192 credunt,
3647 2135 3703 2178 et

2122 2248 2218 2302 per
2247 2232 2383 2293 haec,
2419 2234 2695 2298 peccatum
2729 2225 2780 2278 in
2819 2224 2902 2278 eis
2941 2233 3199 2290 tanquam
3231 2221 3283 2273 in
3321 2219 3562 2276 mortuis
3590 2233 3700 2271 non

2119 2332 2293 2395 potest
2343 2321 2578 2390 operari,
2621 2327 2784 2387 atque
2813 2316 2885 2370 ita
2922 2315 3176 2368 dicuntur
3207 2311 3319 2381 (‘20)
3349 2308 3551 2365 mortui
3579 2321 3704 2362 esse

2120 2425 2362 2487 peccato.
2405 2411 2612 2465 Idcirco
2635 2423 2766 2478 ergo
2799 2406 3050 2477 praesenti
3098 2417 3352 2460 sermone
3399 2397 3704 2470 Apostolus

2119 2506 2523 2562 conclusionem
2573 2502 2704 2568 facit
2753 2499 2996 2554 omnium
3052 2512 3174 2568 quae
3221 2496 3275 2550 in
3323 2493 3704 2564 superioribus

2118 2606 2448 2658 astruxcrat,
2527 2602 2582 2648 ct
2617 2593 2786 2647 dicit:
2823 2611 2841 2644 ι
2881 2591 2937 2646 Si
2995 2599 3177 2644 autem
3231 2587 3430 2642 mortui
3500 2600 3694 2640 sumus

2118 2704 2241 2744 cum
2270 2686 2512 2751 Christo,
2545 2703 2563 2737 ι
2591 2699 2685 2755 per
2709 2684 2822 2738 haec
2853 2682 3064 2738 scilicet
3090 2695 3210 2750 qua:
3232 2678 3487 2746 superius
3515 2687 3701 2732 osten-

2118 2780 2320 2843 dimus,
2363 2795 2381 2826 σ
2407 2778 2680 2832 credimus
2717 2775 2843 2844 quia
2899 2782 2956 2828 et
2987 2773 3345 2847 convivemus
3376 2767 3427 2824 ei
3448 2770 3491 2824 ⁸.
3515 2787 3536 2821 ι
3579 2768 3704 2823 Non

2117 2869 2738 2930 dixitzetcouviximus,
2790 2866 2929 2919 sicut
2955 2864 3112 2925 dixit.
3143 2880 3162 2913 ι
3192 2861 3390 2915 mortui
3424 2875 3647 2922 sumus;
3674 2877 3696 2910 ι

440 2952 494 3004 in
527 2950 640 3004 alio
655 2965 886 3020 corpore
917 2953 1088 3021 posita
1119 2955 1302 3009 anima
1328 2954 1645 3022 deliquerit,
1675 2955 1768 3009 sed
1788 2969 1886 3025 pro
1911 2956 2015 3010 hoc

2124 2965 2238 3030 sed,
2272 2983 2291 3016 ι
2313 2963 2688 3024 convivemus,
2716 2977 2734 3009 ι
2766 2968 2825 3010 ιιι
2845 2954 3094 3011 ostendat
3119 2953 3245 3023 quia
3294 2967 3445 3006 mors
3486 2951 3541 3006 in
3564 2966 3702 3019 pra-

442 3044 561 3109 ipso
606 3042 748 3110 quod
807 3045 860 3097 in
899 3059 1132 3112 corpore
1180 3047 1386 3115 peccati
1437 3056 1492 3102 et
1533 3061 1763 3117 corpore
1822 3049 2017 3103 mortis

442 3143 607 3202 atque
640 3134 961 3190 humilitatis
990 3135 1178 3191 eﬂecta
1210 3139 1384 3201 sit;ct
1417 3140 1558 3192 sicut
1585 3138 1678 3192 ille
1701 3138 1858 3200 dixit.
1890 3139 2016 3207 quia

447 3242 464 3272 ι
493 3223 790 3278 humiliasti
821 3225 872 3278 in
908 3225 1132 3294 pulvere
1180 3227 1415 3280 animam
1474 3237 1717 3282 nostram
1743 3229 1809 3281 ".
1841 3250 1858 3280 ι
1895 3229 2018 3284 ΙΙ;ι·ο

445 3314 658 3368 interim
707 3316 771 3368 ad
821 3329 1066 3384 praesens
1109 3318 1176 3371 de
1205 3329 1440 3386 corpore
1474 3320 1684 3387 peccati
1723 3321 1876 3374 nobis
1922 3337 2018 3375 oc-

444 3420 669 3461 currere
701 3417 1019 3476 potuerunt.
1056 3407 1189 3474 Qum
1238 3419 1421 3463 autem
1462 3425 1494 3463 e
1541 3409 1750 3466 duabus
1799 3415 2018 3481 exposi-

448 3499 522 3550 tiu
551 3497 664 3568 (16)
692 3499 877 3554 sensui
906 3501 1198 3554 conveniat
1233 3502 1552 3570 apostolico,
1582 3513 1679 3558 aut
1712 3505 1757 3559 si
1801 3515 2015 3573 neutra,

447 3591 638 3658 probet
673 3594 766 3660 qui
796 3592 944 3662 legit.
979 3591 1132 3658 Quod
1163 3602 1342 3649 autem
1378 3597 1430 3650 in
1457 3596 1578 3650 aliis
1611 3597 1750 3652 dicit
1783 3596 2020 3666 Aposto-

444 3680 529 3736 lus
548 3681 596 3713 "
635 3683 1043 3738 consurrexisse
1075 3683 1185 3752 jam
1241 3699 1338 3739 nos
1358 3683 1606 3750 Christo,
1636 3696 1690 3741 et
1727 3688 1889 3743 simul
1929 3703 2019 3743 co-

441 3774 730 3838 excitatos,
783 3775 1056 3846 simulque
1103 3776 1295 3832 sedere
1360 3778 1413 3832 in
1466 3779 1802 3845 coelestibus,
1839 3791 1891 3836 et
1931 3782 2019 3836 hic

442 3866 614 3920 dicit:
653 3866 749 3921 «Si
806 3868 950 3922 enim
1001 3869 1350 3938 complantati
1401 3885 1590 3924 sumus
1672 3871 2016 3927 similitudini

445 3961 639 4014 mortis
672 3961 812 4028 ejus,
861 3960 1025 4014 etiam
1064 3961 1482 4015 resurrectionis
1531 3963 1816 4029 erimus",
1847 3983 1865 4016 ο
1917 3965 2019 4020 hoc

443 4062 552 4115 est,
585 4051 728 4118 quod
757 4049 881 4104 alibi
912 4051 1025 4117 jam
1057 4050 1260 4106 factum
1294 4053 1450 4120 dixit,
1486 4054 1574 4110 hic
1603 4071 1748 4110 nunc
1777 4055 2016 4112 futurum

443 4151 496 4192 et
531 4139 856 4208 sperandum
882 4141 1036 4204 dicit,
1070 4141 1158 4195 illa
1190 4151 1276 4196 est
1305 4159 1490 4210 causa,
1519 4147 1665 4214 quod
1703 4147 1899 4217 duplex
1933 4148 2018 4204 lu-

445 4231 706 4300 tel'ligitur
745 4234 1108 4288 resurrectio;
1142 4249 1246 4288 una
1281 4250 1383 4304 qua
1437 4247 1622 4290 mente
1653 4249 1709 4293 et
1743 4241 2019 4308 proposito

2119 3059 2261 3116 senti
2291 3064 2566 3126 operatur,
2599 3052 2708 3106 vita
2740 3061 2921 3105 autem
2977 3049 3033 3103 in
3084 3047 3290 3109 futuro,
3323 3056 3456 3099 tunc
3485 3043 3702 3100 scilicet

2125 3171 2143 3202 ι
2165 3165 2285 3205 cum
2324 3147 2572 3202 Christus
2594 3144 2972 3198 manifestatus
3000 3139 3184 3204 fuerit,
3214 3137 3305 3207 qui
3332 3146 3420 3193 est
3443 3137 3555 3190 vita
3593 3149 3698 3188 no-

2119 3253 2230 3295 stra
2293 3236 2611 3293 abscondita
2669 3234 2723 3287 iu
2777 3233 2949 3287 Deo’.
2975 3250 2993 3282 ι
3032 3229 3185 3284 Nunc
3219 3248 3238 3281 ι
3265 3241 3419 3296 ergo,
3440 3245 3460 3280 ι
3492 3237 3548 3279 ut
3582 3227 3702 3294 ipse

2124 3331 2319 3386 Paulus
2346 3331 2525 3393 docet,
2562 3347 2580 3378 ι
2605 3340 2754 3380 mors
2806 3324 2857 3378 in
2895 3323 3051 3376 nobis
3078 3330 3339 3390 operatur
3361 3320 3408 3373 ³.
3439 3338 3457 3370 ι
3497 3318 3608 3371 Sed
3642 3327 3700 3371 et

2123 3427 2236 3494 ἰιμιι
2272 3439 2416 3476 mors
2437 3435 2558 3491 qttze
2587 3427 2848 3487 operatur
2880 3416 2930 3469 in
2967 3415 3144 3477 nobis,
3179 3413 3392 3465 videtur
3424 3410 3557 3464 mihi
3599 3409 3701 3461 ali-

2121 3531 2256 3586 quas
2300 3514 2502 3567 habere
2548 3508 2902 3564 dill‘ercntias.
2960 3504 3114 3559 Sicut
3163 3503 3310 3557 enim
3365 3503 3421 3556 in
3474 3501 3701 3556 Christo

2120 3609 2268 3663 aliud
2311 3605 2410 3660 fuit
2443 3614 2654 3672 tempus
2686 3600 2900 3664 mortis,
2938 3597 3008 3652 de
3039 3612 3146 3666 qua
3173 3595 3378 3650 dicitur
3405 3611 3420 3646 :
3453 3612 3474 3644 ι
3505 3592 3573 3647 Et
3599 3608 3701 3647 ex-

2119 3703 2358 3757 clamans
2386 3710 2517 3752 voce
2545 3707 2741 3763 magna
2771 3688 3127 3760 exspiravit‘,
3159 3706 3179 3740 ι
3217 3696 3274 3741 et
3300 3686 3448 3740 aliud
3467 3697 3553 3740 est
3575 3701 3698 3740 cunt

2123 3797 2174 3850 in
2207 3791 2459 3860 sepulcro
2489 3787 2698 3856 positus
2726 3785 2915 3840 clauso
2948 3782 3093 3836 ostio
3127 3779 3365 3848 jacnit',
3397 3777 3543 3831 aliud
3570 3791 3700 3831 vero

2121 3899 2242 3939 cum
2296 3879 2596 3950 requisitus
2646 3877 2698 3929 in
2746 3882 3099 3928 monumento
3145 3886 3250 3924 non
3295 3878 3383 3924 est
3418 3869 3698 3930 inventus,

2121 3975 2245 4045 quia
2267 3973 2380 4041 jam
2409 3975 2804 4031 resurrexerat,
2837 3964 2993 4033 cujus
3025 3960 3445 4016 resurrectionis
3482 3959 3700 4013 initium

2121 4063 2336 4121 visibile
2361 4060 2493 4116 nulli
2523 4059 2804 4114 hominum
2837 4054 2972 4118 fuit;
3011 4053 3082 4108 ita
3112 4053 3275 4107 etiam
3315 4051 3370 4106 in
3412 4050 3572 4104 nobis
3605 4047 3700 4119 qui

2120 4158 2395 4212 credimus
2418 4154 2466 4208 ei
2497 4152 2633 4222 (21),
2671 4148 2867 4219 triplex
2915 4147 3017 4200 ista
3061 4145 3200 4198 ratio
3224 4143 3418 4198 mortis
3451 4141 3706 4197 habenda

2122 4261 2224 4306 est.
2257 4249 2320 4304 Et
2349 4249 2525 4318 primo
2552 4243 2769 4314 quidem
2801 4238 3145 4294 confessione
3191 4236 3340 4291 vocis
3362 4233 3708 4290 ostendenda

446 4341 509 4377 ac
543 4323 652 4380 llde
690 4339 813 4380 cum
845 4323 1064 4379 Christo
1108 4341 1136 4379 a
1189 4327 1418 4381 terrenis
1452 4330 1785 4398 resurgimus
1820 4340 1877 4386 ut
1903 4348 2010 4389 ete-
2053 4323 2097 4378 Ι)
2129 4344 2181 4398 in
2212 4341 2369 4396 nobis
2395 4347 2479 4393 est
2507 4352 2654 4391 mors
2676 4332 2900 4396 Christi,
2930 4345 3054 4385 cum
3088 4348 3106 4380 ι
3129 4327 3293 4382 corde
3330 4327 3554 4396 quidem
3581 4341 3711 4383 cre-

446 4419 597 4474 lcstia
647 4421 948 4490 cogitemus
987 4432 1043 4476 et
1090 4420 1269 4476 fultura
1316 4423 1694 4493 requiramus;
1745 4426 1849 4480 alia
1899 4445 2018 4497 qua:

445 4512 713 4582 generalis
761 4514 1004 4568 omnium
1047 4513 1152 4568 crit
1193 4514 1247 4566 itt
1280 4530 1446 4570 carne
1493 4517 1842 4573 resurrectio.
1879 4519 2018 4590 Ergo

447 4619 566 4672 qua:
604 4606 901 4658 secundum
953 4615 1186 4658 mentem
1238 4614 1323 4659 est
1374 4620 1441 4660 ex
1499 4605 1604 4659 (ide
1665 4612 2016 4676 resurrectio,

445 4696 552 4763 jam
579 4694 692 4766 (l7)
728 4695 780 4750 in
817 4696 900 4751 his
928 4696 1017 4765 qui
1059 4714 1076 4747 ι
1101 4711 1162 4750 ea
1191 4711 1312 4764 qua:
1341 4711 1552 4752 sursum
1581 4706 1705 4751 sunt
1732 4716 1749 4749 ι
1781 4700 2016 4769 sapiunt,

447 4806 468 4839 ι
499 4787 588 4842 ubi
620 4787 872 4842 Christus
923 4797 1006 4841 est
1046 4789 1098 4841 in
1134 4789 1355 4841 dextera
1405 4787 1495 4841 Dei
1521 4789 1587 4855 ⁸⁷,
1621 4807 1640 4841 ι
1669 4791 1887 4846 videtur
1926 4795 2020 4848 im-

551 4881 598 4914 ”
621 4881 823 4935 Tliren.
845 4897 927 4945 ut,
957 4881 1049 4946 54,
1080 4883 1168 4936 56.
1269 4882 1316 4914 ⁹⁰
1343 4881 1480 4936 Gen.
1512 4899 1583 4949 tv,
1626 4885 1677 4939 1.

447 4966 602 5015 sunt,
635 4951 726 5004 95.
832 4952 879 4986 ⁸⁸
909 4953 1103 5019 Ephes.
1135 4968 1193 5015 ιι,
1222 4951 1273 5005 6.
1384 4952 1429 4983 ⁸⁸
1459 4951 1616 5008 nam.
1645 4971 1720 5019 vt,
1757 4957 1810 5010 5.

448 5022 464 5055 ³
493 5022 624 5075 ἰΙιίιΙ.
672 5020 724 5073 8.
821 5023 841 5052 ³
867 5023 1072 5076 Culoss.
1106 5021 1256 5079 tlt.3.
1286 5023 1340 5077 ὅ.
1450 5023 1471 5055 ³
1505 5023 1544 5076 ΙΙ
1573 5024 1696 5079 Cor.
1733 5043 1808 5079 tv.
1841 5029 1904 5079 12

448 5029 464 5055 ¹
493 5029 624 5075 ibid.
672 5029 724 5073 δ.
821 5029 841 5052 ³
867 5029 1072 5076 Coloss.
1106 5029 1256 5086 nt,3,
1286 5029 1340 5077 4.
1450 5029 1471 5055 ³
1505 5029 1544 5076 ll
1573 5029 1696 5080 Cor.
1733 5043 1808 5093 tv,
1841 5029 1928 5084 19..

445 5083 694 5146 ’Coloss.
727 5107 808 5156 ιιι,
845 5091 898 5145 5.
973 5093 995 5123 ⁸
1030 5091 1069 5144 ll
1103 5094 1226 5146 Cor.
1258 5108 1330 5156 ιν,
1372 5091 1450 5146 l0.

524 5186 639 5254 (15)
666 5187 830 5250 Editi,
877 5207 895 5239 ι
923 5187 1115 5256 juncti,
1147 5207 1166 5240 ι
1201 5187 1361 5242 male.

521 5258 827 5325 (l4)A|ias,
857 5274 1166 5327 perperam.
1201 5277 1219 5308 ι
1253 5274 1349 5326 pro
1379 5257 1467 5311 illo
1490 5258 1582 5327 qui
1608 5265 1768 5310 natus
1799 5257 2013 5311 fuerit.»

518 5328 633 5395 (15)
667 5327 794 5383 Mss.
826 5330 1018 5395 nOstri,
1063 5347 1081 5379 ι
1105 5329 1196 5397 qui
1231 5328 1730 5383 mcteusomatositn
1759 5328 2012 5382 introdu—

447 5407 595 5453 cum.
629 5417 646 5448 ι

521 5467 632 5539 llﬁ)
650 5469 812 5535 Alias,
845 5488 862 5518 ι
885 5470 1012 5534 Quae
1037 5477 1216 5521 autem
1239 5483 1269 5521 e
1293 5466 1500 5521 duahus
1526 5468 2008 5539 expositionibus.»

519 5537 631 5602 (l7!
671 5556 814 5592 mm.
855 5540 1009 5592 Deest
1041 5539 1093 5591 iu
1135 5540 1501 5591 auleacditis.

521 5606 630 5659 tlill
671 5605 794 5659 Mss.
829 5610 1047 5676 aliquot.
1088 5625 1102 5656 ι
1132 5608 1448 5677 completur.
1483 5628 1501 5660 ι

1783 4889 1826 4922 ³³
1853 4885 2029 4947 Levit.
2060 4907 2160 4953 χιι,
2190 4890 2242 4944 8.

1911 4960 1953 4990 ⁸⁷
1987 4962 2192 5015 Cnloss.
2228 4974 2308 5021 ιιι,
2342 4959 2392 5019 1,
2415 4955 2470 5008 2.
2558 4956 2578 4986 ⁹

1915 5069 1928 5084 .
2022 5031 2044 5062 ⁸
2070 5031 2258 5084 Matth.
2293 5043 2462 5093 χχιιι,
2497 5024 2584 5079 50.

2127 4434 2273 4487 ditur
2298 4431 2364 4485 ad
2388 4427 2676 4496 justitiam,
2701 4439 2796 4478 ore
2824 4431 3003 4476 autem
3033 4418 3306 4474 confessio
3356 4419 3415 4471 lit
3452 4416 3524 4470 ad
3553 4415 3707 4470 salu-

2129 4537 2234 4581 tem
2258 4526 2298 4578 ⁸.
2327 4543 2344 4576 ι
2380 4519 2634 4577 Secundo
2664 4532 2817 4582 vero,
2862 4517 2916 4569 in
2966 4512 3389 4569 mortiﬁcatione
3427 4508 3710 4564 membro-

2129 4631 2246 4671 rum
2271 4629 2391 4684 quze
2418 4620 2545 4666 sunt
2573 4623 2736 4677 super
2764 4617 2965 4660 terrain
2988 4606 3031 4667 ⁷,
3063 4619 3186 4658 cum
3225 4615 3442 4669 semper
3467 4599 3708 4652 mortili-

2125 4707 2396 4762 Caliout‘ttt
2430 4700 2630 4757 Christi
2664 4699 2716 4750 iu
2761 4711 2988 4766 corpore
3039 4705 3231 4748 nostro
3277 4705 3422 4745 nunc
3447 4688 3564 4759 (22)
3592 4689 3708 4743 cir-

2125 4795 2478 4852 cumfcriutus
2498 4792 2519 4823 ⁸
2544 4809 2558 4857 ;
2585 4801 2640 4845 et
2671 4791 2772 4843 hoc
2795 4799 2877 4842 est
2905 4786 3047 4856 quod
3074 4785 3224 4847 dicit,
3260 4783 3386 4849 quia
3421 4799 3441 4833 ι
3468 4795 3616 4834 mors
3651 4781 3705 4834 iu

2349 4888 2394 4920 "
2433 4885 2534 4940 Job
2582 4899 2690 4942 xxv,
2728 4881 2784 4942 4,
2812 4880 2863 4934 5.
2969 4878 3016 4908 ’³
3045 4876 3184 4931 Psal.
3217 4891 3270 4933 ι..
3304 4875 3362 4927 7.
3475 4873 3524 4905 ⁸⁵
3555 4870 3704 4942 Psal.

2558 4922 2788 5006 οἷίΐοῶἶ
2812 4922 2888 5013 ii.
2939 4922 3202 5003 δοιὸῗῖυ
3218 4922 3413 5013 "itaita.
3458 4958 3528 4998 γι.
3555 4922 3702 5013 es:

2684 5023 2705 5054 '
2731 5010 3050 5086 Luc.xxm,
3075 5015 3166 5072 46.
3277 5014 3298 5044 ⁶
3329 5011 3488 5067 Rom.
3524 5028 3584 5076 ι,
3613 5010 3702 5066 ιο.

2203 5188 2315 5256 (l9)
2353 5187 2694 5241 Conrivemus
2727 5182 2795 5256 ei.
2834 5180 2926 5236 Sic
2946 5195 3092 5256 ‘mss.
3132 5179 3274 5256 Editi
3321 5191 3472 5256 vero,
3503 5171 3702 5229 ssitqu

2130 5247 2374 5313 vivent-us
2395 5274 2518 5311 cum
2563 5270 2627 5309 eo
2648 5271 2664 5321 ;
2689 5274 2706 5305 ι
2741 5254 2838 5317 al.,
2872 5269 2890 5302 ι
2914 5249 3072 5306 simul
3105 5251 3276 5303 etiam
3312 5247 3552 5302 vivemus
3577 5257 3704 5298 cum

2127 5331 2368 5385 Christo.
2402 5346 2418 5380 ι

2201 5397 2315 5468 (9.0)
2344 5396 2505 5468 Editi,
2532 5412 2552 5446 ι
2583 5393 2892 5468 dicentur.)

2199 5461 2310 5534 (21)
2350 5467 2434 5520 Ei.
2466 5466 2626 5519 Deest
2664 5465 2714 5516 itt
2747 5461 2926 5534 editis.

2203 5532 2314 5608 (ἐξ)
2352 5539 2477 5592 Mss.
2514 5535 2694 5605 plures
2723 5532 2978 5587 omittunt
3019 5542 3264 5584 tnuuc.t
