3914 6352
40 303 66 358 ι
79 305 211 360 055

1125 315 1475 372 COMMENT.
1516 312 1588 369 lN
1621 311 1839 370 EPIST.
1882 315 1973 369 AD
2013 315 2176 372 ROM.
2217 317 2346 371 LIB.
2389 316 2451 372 V.
3283 316 3417 369 1031

42 434 266 491 potest
318 423 470 480 ﬁeri
526 437 601 482 ut
661 429 712 484 in
757 443 1081 500 quocunque
1103 439 1248 486 statu
1277 431 1441 488 fuerit
1465 433 1665 497 anima,
1695 442 1749 488 et
1778 438 1822 494 Α
1852 435 1976 505 quia
2003 451 2177 506 neque
2211 436 2342 502 vita,
2381 449 2558 504 neque
2587 447 2752 498 mors,
2787 445 2961 502 neque
2983 429 3295 500 prmseutia,
3321 447 3418 485 ne-

46 513 114 568 in
144 530 564 588 quacunque
601 520 944 589 perfectione
964 521 1257 588 virtutum,
1289 525 1546 593 quoniam
1578 525 1748 578 virtus

47 607 402 664 mutabilis
438 620 571 677 est,
617 611 826 680 lapsum
859 613 1036 680 possit
1084 613 1390 680 Incurrere,
1439 625 1499 670 ut
1537 617 1684 671 sicut
1715 630 1746 669 a

48 699 231 752 vitiis
292 701 376 754 ad
433 703 752 768 virtutem,
786 704 862 758 ita
901 713 956 760 et
979 720 1008 759 a
1031 705 1325 761 virtutibus
1353 706 1649 763 inclinetur
1678 711 1746 761 ad

55 788 249 844 vitia.
291 790 488 856 Quod
533 795 590 850 si
634 807 742 860 est,
774 811 1120 866 consequens
1163 798 1439 854 videbitur
1469 801 1749 869 requirere

51 881 390 936 medicum
427 886 544 940 ubi
589 885 821 958 languor
843 896 947 954 est,
978 889 1128 958 quia,
1157 891 1458 945 secundum
1497 890 1746 946 Salvato-

57 971 146 1026 ris
181 972 403 1044 ipsius
442 990 697 1044 vocem,
729 992 900 1049 «opus
927 989 1009 1034 est
1031 980 1240 1036 medico
1265 981 1351 1035 his
1377 981 1624 1050 quimale
1654 983 1749 1035 ha-

63 1064 398 1121 αικξιιιυ.»
459 1065 620 1124 Haec
678 1085 809 1140 ergo
841 1079 906 1126 et
965 1072 1051 1127 his
1105 1071 1307 1126 similia
1357 1083 1744 1142 pl'OpOllClllOS,

58 1155 322 1209 easdem
355 1157 568 1212 etiam
625 1160 678 1214 in
727 1160 928 1216 futuris
975 1162 1196 1218 sarculis
1233 1162 1670 1231 dispensationes
1716 1182 1745 1218 a

61 1243 330 1299 Christo
398 1251 772 1316 repetendas
817 1265 938 1305 esse
983 1251 1343 1306 arbitrantur.
1377 1252 1484 1307 Sed
1518 1254 1583 1306 ad
1633 1254 1748 1308 bzec

66 1346 186 1386 nos
235 1334 538 1391 breviter
577 1348 746 1414 prout
787 1355 1074 1409 possumus
1112 1343 1594 1412 respondebimus.
1631 1342 1745 1396 Ma-

71 1440 232 1480 nere
272 1428 542 1495 quidem
577 1440 786 1484 natura:
819 1415 1130 1487 rationabili
1160 1447 1375 1502 semper
1399 1433 1628 1488 liberum
1655 1449 1746 1487 ar-

73 1515 350 1572 bitrium
391 1535 522 1574 non
565 1536 864 1590 negamus;
901 1523 998 1578 sed
1038 1533 1242 1578 tantam
1275 1540 1396 1580 esse
1432 1525 1538 1579 vim
1571 1526 1750 1580 crucis

77 1605 353 1675 Christi,
391 1619 461 1664 et
495 1611 706 1666 tnortis
744 1613 928 1682 huius,
961 1628 1127 1683 quam
1175 1615 1228 1670 in
1270 1615 1590 1670 smculorum
1643 1616 1749 1671 line

82 1701 408 1769 suscepit,
436 1702 785 1766 asserimus,
805 1718 926 1772 quas
951 1705 1019 1758 ad
1043 1705 1332 1759 sanitatem
1361 1717 1416 1760 et
1449 1709 1744 1762 remedium

89 1806 217 1844 non
253 1794 469 1845 solum
506 1792 800 1860 praesentis
833 1801 888 1847 et
930 1792 1124 1859 futuri,
1171 1795 1264 1849 sed
1303 1796 1468 1850 etiam
1502 1797 1746 1867 pneteri—
1780 1767 1824 1825 Β

92 1892 310 1935 torum
347 1883 729 1948 saeculorum,
764 1893 819 1938 et
851 1899 957 1938 non
1003 1885 1178 1939 solum
1221 1885 1461 1940 humano
1496 1887 1618 1941 huic
1648 1902 1748 1941 no-

95 1985 239 2030 stro
274 1977 526 2044 ordini,
561 1979 655 2034 sed
693 1978 858 2033 etiam
881 1977 1198 2037 ctelestibus
1224 1978 1520 2038 virtutibus
1538 1981 1749 2038 ordini.-

99 2073 357 2136 husque
425 2068 692 2124 Sttﬂiciat.
755 2066 1067 2126 Secundum
1122 2071 1454 2130 sententiam
1514 2087 1752 2144 namque

101 2159 308 2230 ipsius
349 2158 526 2214 Pauli
562 2159 792 2228 apostoli
826 2158 1075 2218 Christus
1103 2160 1411 2230 pacilieavit
1450 2179 1468 2212 ι
1502 2175 1599 2230 per
1629 2177 1753 2216 sau-

108 2249 370 2318 guinem
397 2249 599 2305 crucis
621 2263 732 2304 ante
754 2267 772 2299 ι
803 2263 908 2306 non
935 2248 1111 2305 solum
1141 2267 1160 2302 ι
1185 2263 1303 2322 qua:
1330 2249 1384 2307 in
1401 2259 1542 2304 terra
1565 2261 1747 2314 sunt,»

107 2340 223 2400 sed
268 2349 334 2398 et
375 2358 400 2392 ι
435 2341 642 2409 quaain
687 2340 845 2400 caelis
869 2340 936 2394 ³³.
962 2360 983 2394 ι
1024 2339 1164 2406 Quid
1203 2348 1383 2400 autem
1423 2341 1492 2398 sit
1522 2343 1667 2416 quod
1698 2343 1753 2397 in

118 2429 359 2490 futuris
419 2431 644 2490 sacculis
695 2440 876 2488 teneat
926 2431 1138 2489 arbitrii
1175 2431 1508 2500 libertatem,
1535 2448 1601 2492 ne
1639 2434 1754 2506 (51)

119 2538 383 2582 rursum
427 2531 656 2580 corruat
714 2521 768 2580 in
817 2533 1128 2594 peccatum.
1173 2521 1322 2582 brevi
1364 2537 1464 2578 nos
1500 2538 1758 2581 sermone

121 2611 470 2682 Apostolus
521 2613 698 2676 docet,
729 2613 958 2672 dicens:
997 2597 1017 2664 ἀ
1049 2611 1304 2672 Charitas
1355 2629 1632 2682 nunquam
1665 2629 1759 2674 ca-

125 2705 219 2762 dit
249 2703 329 2767 ³⁶ρ
365 2723 386 2764 ρ
425 2703 642 2763 Idcirco
686 2703 833 2765 enim
860 2716 917 2762 et
950 2703 1056 2764 ﬁde
1089 2712 1144 2762 et
1181 2719 1276 2780 spe
1319 2703 1492 2774 major
1520 2706 1761 2766 charitas

115 2795 368 2852 .dicitur
407 2795 482 2860 ",
502 2795 628 2863 quia
649 2794 766 2854 sola
796 2797 900 2852 erit
928 2809 1026 2864 per
1046 2810 1204 2864 quam
1231 2795 1467 2866 delinqui
1497 2797 1758 2856 ultranon

133 2887 386 2956 poterit.
429 2887 494 2942 Si
536 2886 680 2945 enim
727 2887 780 2944 in
821 2887 873 2946 id
907 2887 1090 2948 anima
1121 2887 1471 2956 perfectionis
1503 2891 1762 2946 ascende-

145 2979 246 3041 rit,
281 2987 348 3032 ut
381 2993 456 3034 ex
496 2987 611 3034 toto
647 2977 815 3038 corde
853 2992 974 3041 suo,
1009 2985 1064 3038 et
1087 2993 1153 3037 ex
1197 2987 1308 3034 tota
1339 2978 1519 3033 anima
1557 2994 1677 3046 sua,
1709 2987 1763 3038 et

1849 543 1957 599 que
1979 528 2181 593 futura,
2208 542 2382 597 neque
2402 526 2607 593 angeli,
2625 539 2800 595 neque
2825 526 3075 587 virtutes,
3093 536 3269 591 neque
3293 521 3418 578 alti-

1852 617 2002 680 tudo,
2035 625 2208 686 neque
2229 615 2579 685 profundum,
2610 629 2785 682 neque
2807 623 3060 668 creatura
3085 611 3192 668 alia
3217 612 3421 680 poterit

1851 721 1949 761 nos
1997 703 2256 774 separare
2300 720 2332 760 a
2359 703 2650 759 charitate
2679 703 2797 767 Dei,
2829 719 2951 771 qtue
2981 712 3065 759 est
3109 704 3163 760 in
3196 701 3421 760 Christo

1855 799 1971 854 lesn
2025 799 2256 852 Domino
2295 807 2484 854 nostro
2507 797 2575 853 "'.
2600 816 2618 850 ι
2663 797 2740 852 Ex
2772 796 2969 866 quibus
3017 795 3272 852 omnibus
3301 796 3420 852 evi-

1849 890 2044 944 denter
2089 887 2418 952 osteuditur,
2473 886 2598 956 quia
2655 886 2702 940 si
2749 885 2865 939 haec
2899 885 3082 940 omnia
3121 899 3246 953 qua:
3289 901 3421 938 enu-

1849 979 2081 1032 meravit
2133 977 2448 1047 Apostolus,
2497 990 2756 1043 separare
2815 989 2914 1030 nos
2968 991 3074 1028 non
3127 983 3354 1042 [Missum
3391 989 3421 1027 a

1859 1072 2130 1126 charitate
2191 1071 2310 1134 Dei,
2347 1085 2473 1124 cum
2513 1069 2568 1124 iu
2628 1068 2758 1122 illud
2814 1068 2936 1136 quis
2989 1066 3204 1122 culmen
3244 1065 3424 1134 perfe-

1855 1163 2056 1218 ctionis
2135 1162 2490 1226 ascenderit,
2549 1160 2716 1216 multo
2785 1159 3217 1228 magislibertas
3276 1157 3426 1212 arbi-

1851 1255 1940 1308 trii
2005 1269 2104 1309 nos
2157 1254 2225 1308 ah
2281 1251 2398 1322 ejus
2460 1253 2732 1306 charitate
2783 1266 3042 1321 separare
3086 1265 3192 1305 non
3255 1247 3422 1319 569

1851 1345 2068 1416 poterit.
2125 1344 2386 1412 Quamvis
2437 1345 2581 1400 enim
2633 1344 2704 1398 sit
2752 1341 2911 1397 etiam
2971 1338 3073 1394 ista
3125 1337 3259 1407 (bl')
3318 1337 3427 1388 vir-

1851 1443 1976 1499 tus,
2010 1442 2066 1487 et
2091 1440 2308 1486 maneat
2347 1430 2400 1484 in
2450 1439 2674 1495 natura,
2727 1437 2904 1482 tamen
2943 1435 3090 1480 tanta
3141 1425 3426 1478 t-haritatis

1853 1524 1932 1577 vis
1961 1532 2078 1588 est,
2115 1531 2172 1577 ut
2207 1523 2273 1575 ad
2315 1535 2375 1575 se
2403 1520 2587 1574 omnia
2637 1519 2847 1585 trahat,
2876 1531 3170 1585 omnesque
3209 1517 3310 1571 sibi
3340 1530 3428 1570 so-

1846 1617 1956 1672 ciet
1985 1615 2329 1684 vindicetque
2355 1613 2618 1678 virtutes,
2672 1609 2908 1664 maxime
2962 1624 3082 1663 cum
3141 1609 3428 1664 charitatis

1852 1724 2044 1765 causas
2074 1707 2226 1778 prior
2263 1705 2421 1760 nobis
2457 1705 2665 1760 dederit
2694 1703 2858 1768 Deus,
2906 1719 2925 1752 ι
2963 1700 3053 1771 qui
3087 1700 3242 1754 unico
3287 1699 3430 1754 Filio

1851 1818 1950 1858 suo
1981 1816 2088 1856 non
2116 1799 2375 1870 pepercit,
2403 1797 2497 1851 sed
2526 1811 2622 1867 pro
2646 1795 2800 1849 nobis
2827 1791 3082 1848 omnibus
3111 1793 3332 1846 tradidit
3363 1791 3427 1844 il-

1848 1895 2114 1958 1ιιιιι»,ει‹
2135 1889 2366 1946 cumillo
2385 1888 2539 1943 nobis
2560 1887 2741 1943 omnia
2757 1888 2978 1943 donavit
3006 1883 3071 1938 “.
3107 1903 3126 1936 ›
3167 1883 3317 1938 Unde
3343 1882 3426 1935 vel

1849 1987 1938 2045 ille
1969 1986 2058 2057 qui
2091 1985 2309 2042 Lucifer
2334 1981 2454 2045 fuit,
2481 1989 2536 2034 et
2563 1981 2614 2034 in
2644 1979 2784 2035 caelo
2813 1979 3088 2033 oriebatur
3111 1975 3222 2047 (55)
3248 1975 3316 2038 ⁸⁵,
3344 1973 3426 2028 vel

1851 2081 1942 2138 ille
1965 2079 2055 2154 qui
2092 2074 2467 2132 immaculatus
2489 2081 2608 2127 erat
2640 2087 2668 2126 a
2699 2072 2978 2126 nativitate
3001 2084 3096 2124 sua
3125 2067 3192 2132 ιθ,
3225 2075 3278 2121 et
3303 2079 3427 2120 cum

1852 2170 2134 2231 cherubim
2176 2166 2385 2235 positus
2415 2164 2524 2218 labi
2556 2162 2732 2232 potuit
2771 2169 3062 2228 antequam
3104 2173 3232 2226 erga
3271 2158 3433 2210 bene-

1855 2258 1976 2312 licia
2009 2255 2137 2310 Filii
2166 2255 2259 2309 Dei
2292 2254 2576 2310 charitatis
2624 2251 2856 2306 vinculis
2911 2248 3300 2316 stringeretur,
3333 2261 3432 2314 po-

1855 2359 1972 2408 stea
2003 2365 2130 2404 vero
2159 2364 2321 2420 quam
2353 2347 2594 2403 charitas
2644 2345 2736 2399 Dei
2793 2341 3016 2398 diffundi
3073 2341 3126 2393 in
3176 2339 3432 2393 cordibus

1855 2433 2096 2510 omnium
2123 2444 2352 2514 coeperit
2399 2458 2496 2512 per
2541 2441 2800 2510 Spiritum
2843 2446 3089 2492 sanctum
3113 2435 3181 2500 ⁸⁷,
3220 2443 3430 2489 certum

1857 2543 1960 2600 erit
1983 2538 2110 2596 illud
2133 2534 2278 2606 quod
2309 2531 2684 2604 pronuntiavit
2723 2527 3047 2597 Apostolus,
3081 2523 3206 2592 quia
3241 2541 3260 2574 ι
3304 2523 3434 2576 cha-

1861 2634 1995 2694 ritas
2069 2641 2342 2700 nunquam
2401 2623 2559 2678 cadet
2589 2622 2655 2675 “'.
2710 2640 2728 2673 ι
2773 2620 2899 2674 llaec
2942 2626 3102 2688 prout
3157 2614 3434 2683 potuimus

1859 2724 1927 2782 ad
1955 2737 2018 2779 ea
2053 2735 2174 2790 quae
2199 2719 2302 2772 hoc
2329 2716 2446 2770 loco
2478 2721 2747 2769 commota
2780 2709 2892 2780 (56)
2929 2715 3053 2762 sunt
3081 2705 3337 2765 diximus,
3377 2709 3436 2755 ut

1861 2815 2206 2878 manifestius
2261 2812 2592 2868 claresceret
2636 2806 2904 2878 quomodo
2951 2801 3120 2858 semel
3185 2798 3434 2854 Christus

1862 2919 2105 2970 mortuus
2131 2916 2214 2962 est
2244 2913 2486 2980 peccato,
2521 2895 2876 2967 et'ultrajam
2919 2911 3024 2950 non
3071 2892 3332 2955 moritur;
3378 2896 3436 2943 et

1864 3001 1992 3072 quia
2042 2999 2184 3074 quod
2219 2995 2391 3058 vivit,
2420 2991 2556 3046 vivit
2586 2992 2716 3047 Deo.
2757 2989 2950 3043 Vivere
2997 2997 3176 3039 autem
3226 2983 3333 3035 Deo
3356 2981 3431 3034 ita

139 3083 218 3126 ex
263 3070 406 3126 tutis
455 3068 670 3132 viribus
722 3067 838 3126 suis
893 3068 1084 3142 diligat
1116 3067 1310 3138 Deum,
1354 3080 1410 3129 et
1446 3073 1754 3146 proximum

1865 3067 2276 3161 intelligendum
2307 3095 2426 3156 est,
2467 3083 2622 3158 quasi
2678 3081 2894 3154 expleto
2934 3093 3001 3132 eo
3034 3076 3148 3146 (57)
3188 3071 3330 3142 quod
3379 3073 3434 3124 in

129 3173 324 3217 suum
355 3167 627 3228 tauquam
659 3158 898 3226 seipsam
929 3158 1001 3224 ³⁸.
1029 3159 1118 3219 ubi
1162 3160 1270 3220 erit
1309 3162 1518 3230 peccati
1569 3162 1756 3220 locus?

154 3253 384 3313 idcirco
418 3254 660 3322 denique
692 3262 753 3312 et
785 3253 839 3312 in
869 3253 990 3326 lege
1012 3253 1115 3310 hoc
1139 3255 1337 3316 dicitur
1366 3254 1600 3324 primqu
1635 3273 1757 3313 esse

155 3348 524 3412 matula-tum,
553 3355 610 3404 et
655 3345 710 3404 in
771 3344 1079 3419 Evangeliis
1131 3361 1295 3416 supra
1326 3358 1520 3407 caetera
1571 3350 1754 3409 outuia

161 3438 231 3492 de
259 3437 540 3494 charitate
569 3435 890 3504 mandatur;
923 3445 977 3490 et
1004 3435 1164 3496 Petro
1192 3454 1312 3496 cum
1337 3454 1548 3496 stunma
1577 3455 1756 3496 rerum

163 3526 236 3582 de
267 3527 573 3596 pascendis
597 3526 791 3582 ovibus
816 3527 1141 3595 traderetur,
1168 3538 1224 3588 et
1265 3531 1617 3604 superipsnm
1647 3531 1760 3588 vcl-

170 3627 240 3676 ut
292 3635 464 3686 super
493 3628 696 3676 terram
736 3618 1058 3678 fundaretur
1094 3619 1358 3688 Ecclesia,
1393 3622 1593 3680 nullius
1622 3621 1757 3678 alte-

171 3709 297 3770 rius
347 3710 418 3768 ab
463 3724 528 3764 eo
567 3709 788 3768 virtutis
836 3707 1135 3778 confessio,
1181 3710 1283 3768 nisi
1333 3711 1757 3788 charitatis(52)

175 3806 424 3875 exigitur
446 3805 528 3869 ³’;
562 3816 618 3864 et
642 3803 880 3866 Joannes
904 3820 1026 3866 cum
1053 3806 1218 3866 multa
1247 3808 1314 3866 de
1337 3809 1626 3884 charilate,
1647 3821 1758 3870 tum

178 3897 354 3954 etiam
389 3896 492 3954 hoc
523 3895 675 3962 dicit,
701 3896 826 3966 quia
869 3913 888 3946 ι
928 3898 1017 3968 qui
1065 3907 1249 3966 manet
1287 3900 1340 3958 in
1385 3889 1759 3972 cbaritatefin

186 3983 301 4038 Deo
353 3984 617 4042 manet“.
641 4003 660 4038 ι
714 3983 780 4038 Et
819 3984 940 4038 ideo
981 3987 1176 4044 merito
1206 3988 1446 4048 charitas
1492 4007 1615 4062 quze
1644 3994 1762 4054 sola

185 4077 432 4134 omnium
467 4077 638 4145 major
657 4086 765 4148 est,
805 4091 1022 4138 cuiatem
1054 4091 1364 4140 creaturam
1407 4086 1708 4144 continebit
1733 4102 1763 4142 a

189 4168 365 4237 lapsu,
399 4169 552 4224 Tunc
599 4170 705 4228 erit
744 4169 886 4231 Deus
942 4168 1054 4244 (53)
1086 4174 1264 4230 omnia
1315 4173 1368 4230 iu
1421 4177 1763 4232 omnibus“.

186 4261 268 4316 Ad
302 4264 443 4319 hunc
494 4277 728 4332 namque
777 4261 1132 4330 perfectionis
1176 4266 1406 4335 gradum
1439 4249 1766 4328 aScendcrat

193 4356 466 4421 apostolus
497 4354 718 4420 Paulus,
752 4364 806 4412 et
851 4355 902 4412 iu
936 4354 1038 4410 hoc
1087 4365 1239 4420 stans
1273 4358 1617 4416 confidenter
1651 4361 1764 4435 (54)

1857 3187 2030 3242 fortun
2057 3181 2150 3240 Dei
2174 3180 2380 3250 positus
2401 3174 2699 3232 exiuanlvit
2723 3173 3096 3241 semetipsum,
3123 3176 3178 3222 et
3201 3165 3432 3218 lormam

1858 3275 2000 3334 servi
2035 3271 2270 3345 accepit,
2307 3279 2360 3323 et
2387 3269 2561 3322 factus
2589 3273 2672 3320 est
2701 3261 2958 3319 obediens
2991 3273 3162 3326 usque
3185 3255 3252 3309 ad
3282 3269 3434 3308 mor-

1860 3375 1967 3426 tetn
2001 3348 2076 3426 δέ,
2129 3375 2344 3416 rursum
2392 3363 2708 3430 permaneat
2754 3355 2807 3408 in
2865 3351 3038 3405 l'orma’
3095 3348 3229 3410 Dei,
3275 3355 3436 3413 atque

1859 3451 2083 3528 aequalis
2135 3449 2304 3504 Patri.
2357 3447 2509 3505 Unde
2540 3454 2595 3499 et
2639 3443 2834 3498 merito
2877 3441 2929 3495 in
2978 3435 3436 3504 consequentibus

1860 3546 2012 3618 ponit
2061 3543 2172 3614 (58)
2218 3561 2234 3600 :
2291 3559 2310 3593 t
2341 3540 2416 3593 Ita
2448 3547 2503 3594 et
2543 3551 2639 3590 vos
2689 3532 3002 3588 existimate
3054 3544 3150 3581 vos
3194 3537 3436 3579 mortuos

1847 3615 2077 3716 quidem
2106 3649 2226 3690 esse
2256 3639 2500 3703 peccato,
2526 3627 2768 3680 viventes
2795 3632 2974 3675 autem
3006 3621 3115 3672 Deo
3143 3617 3196 3670 in
3217 3615 3436 3716 Christo

1861 3703 1987 3786 iesu
2035 3725 2260 3782 Domino
2286 3731 2472 3775 nostro
2497 3716 2648 3780 ‘°°“;
2687 3733 2706 3766 ι
2750 3727 2858 3782 quo
2903 3709 3110 3763 scilicet
3134 3703 3438 3759 imitatione

1861 3817 2064 3880 Christi
2096 3822 2319 3889 peccato
2355 3809 2653 3864 moriamur
2704 3802 2864 3857 alicui
2911 3801 2978 3854 ab
3026 3813 3092 3852 eo
3137 3795 3439 3859 ell‘ecti,ct

1865 3913 1975 3972 Deo
2002 3887 2246 3964 vivamus
2272 3903 2560 3974 iungentes
2603 3913 2702 3952 nos
2731 3894 2813 3956 ci,
2870 3901 2919 3947 et
2971 3906 3110 3944 unus
3140 3904 3262 3944 cum
3316 3887 3440 3956 ipso

1864 4003 2094 4078 spiritus
2116 3999 2242 4054 facti
2271 3996 2406 4063 (59).
2437 3991 2550 4048 Non
2575 3991 2694 4045 sine
2722 4000 2884 4042 causa
2907 3994 3088 4038 autem
3116 3981 3220 4036 hoc
3255 3979 3391 4032 dixit
3422 3995 3436 4032 ;

1872 4071 2246 4152 t'Exislimate
2279 4103 2370 4143 vos
2421 4094 2663 4140 mortuos
2724 4095 2847 4137 esse
2902 4087 3163 4149 peccato;
3221 4092 3241 4124 ι
3297 4071 3440 4140 quod

1868 4191 2064 4252 melius
2094 4186 2308 4256 quidem
2351 4183 2401 4238 in
2447 4179 2636 4236 Cra-co
2679 4173 2912 4230 habetur
2952 4186 2966 4223 :
3017 4187 3036 4220 ι
3068 4167 3320 4237 Cogitate
3347 4179 3442 4217 vos

1869 4291 2115 4342 mortuos
2173 4291 2292 4332 esse
2327 4282 2569 4348 peccato.
2612 4288 2629 4320 ι
2661 4267 2774 4321 Res
2832 4266 2974 4320 enim
3011 4261 3078 4314 de
3104 4274 3210 4326 qua
3261 4271 3443 4310 sermo

1871 4385 1977 4442 est,
2014 4373 2066 4428 in
2096 4345 2421 4447 cogitatione
2450 4362 2639 4430 magis,
2674 4369 2728 4412 et
2758 4357 2972 4410 ratione
3001 4349 3274 4410 subsistit,
3311 4345 3440 4447 quia

198 4444 448 4504 diccbat:
489 4464 507 4494 ι
542 4443 672 4511 Quis
697 4445 840 4502 cuitu
875 4460 972 4500 nos
999 4449 1274 4516 separabit
1301 4465 1330 4504 a
1365 4451 1634 4509 charitate
1673 4457 1764 4510 Dei

1877 4435 2192 4536 huiusmodi
2224 4475 2370 4515 mors
2403 4472 2506 4511 non
2542 4455 2594 4506 in
2621 4451 2839 4514 el‘l‘ectu,
2881 4446 2976 4500 sed
3007 4444 3061 4496 iu
3109 4437 3445 4536 cogitatione

201 4547 315 4600 quae
337 4548 419 4590 est
449 4538 503 4589 in
537 4537 755 4594 Christo
791 4535 950 4596 Jesu?
1000 4537 1346 4602 Tribulatio?
1380 4558 1447 4597 an
1478 4546 1768 4614 angustia?

205 4639 270 4677 an
308 4627 648 4693 persecutio?
681 4645 746 4680 an
781 4628 999 4687 iantes?
1045 4646 1115 4686 an
1168 4632 1428 4688 nuditas?
1454 4650 1522 4694 an
1555 4638 1768 4706 pericu-

204 4712 352 4776 lum?
382 4734 447 4777 an
474 4719 682 4788 gladius
705 4719 784 4772 “‘2
807 4738 826 4776 r
857 4721 1132 4781 etitcrum
1163 4739 1177 4778 :
1215 4739 1234 4776 ι
1265 4721 1458 4784 Certus
1480 4741 1599 4784 sum
1623 4731 1766 4788 enim

1876 4527 2118 4614 habenda
2142 4563 2242 4608 est.
2282 4549 2383 4616 Qui
2417 4546 2560 4601 enim
2600 4540 2802 4609 cogitat
2847 4536 2933 4591 vel
2977 4533 3256 4588 existimat
3301 4527 3444 4616 apud

1878 4645 2226 4714 semetipsum
2259 4615 2531 4694 mortuum
2583 4647 2641 4685 se
2683 4644 2835 4694 esse,
2891 4641 2995 4680 non
3030 4630 3237 4692 peccat.
3281 4615 3442 4672 Verbi

1874 4738 2046 4815 gratia
2126 4735 2170 4790 si
2202 4746 2287 4788 me
2331 4724 2771 4795 concupiscentia
2825 4717 3069 4775 mulieris
3127 4713 3346 4774 trahat;
3395 4708 3441 4762 si

273 4853 1845 4933 ’σριειιηι-φριυεε-ινεο.,,εειοοπ.ε.
1921 4866 2240 4927 "sum.
2318 4855 2960 4933 ⁸⁸Μ³ῑι1ξοιιιιν⁵7ᾔὲλ
3025 4849 3441 4933 .'.’..5'.“."!3:.‘!.'v

205 4922 303 4993 l8:
337 4923 494 4981 Joan.
522 4942 636 4987 ut.
667 4925 848 4981 15-17.
895 4926 972 4976 ,⁸ο
995 4925 1180 4983 lJoan.
1204 4944 1276 4993 tv,
1300 4930 1387 4986 16.

203 4992 405 5062 “ibid.
478 4996 568 5052 3‘2.
644 4994 689 5027 ’⁵⁵
746 4996 1128 5062 lsai.x1v,12.

203 5061 317 5100 ⁹⁶·⁵³
341 5065 499 5120 llom.
530 5081 604 5129 vr,
637 5067 722 5121 11.

275 5175 390 5246 (51)
432 5176 741 5246 Legendum
776 5180 993 5234 videtur
1022 5194 1196 5246 «nec;
1223 5200 1242 5234 ι
1297 5191 1532 5238 attamen
1584 5197 1774 5242 omnes

210 5261 335 5305 mss.
370 5249 544 5301 nostri
569 5258 621 5302 et
644 5249 772 5304 editi
807 5251 1030 5316 habent,
1066 5267 1191 5306 tne.
1215 5269 1234 5302 ι

275 5316 390 5386 (52)
433 5317 594 5382 Editi,
623 5335 641 5368 σ
669 5319 930 5373 Charitas.
959 5340 978 5370 ι

278 5385 390 5458 (55)
431 5387 594 5453 Editi,
633 5405 650 5440 t
683 5389 914 5442 maxima
942 5398 1092 5446 est...
1121 5398 1249 5444 tunc
1276 5405 1397 5443 cum
1430 5392 1534 5446 erit
1567 5395 1727 5456 Deus,
1751 5413 1769 5446 ι

211 5457 310 5511 etc.
345 5457 446 5510 Ms.
486 5473 647 5520 unus,
690 5474 710 5508 ι
743 5469 914 5511 mater
943 5469 1094 5513 est...
1128 5475 1250 5512 cum
1283 5461 1387 5514 erit
1420 5462 1581 5527 Deus,
1613 5484 1630 5514 ›
1664 5476 1773 5518 etc.

281 5528 392 5598 (54)
417 5527 584 5598 Editi,
620 5549 640 5577 ‹
666 5530 996 5584 ascendebat
1020 5529 1329 5598 Apostolus,
1351 5533 1472 5583 etin
1503 5533 1604 5586 hoc
1629 5546 1777 5586 stans

215 5596 508 5718 ῇςηιίῗόοιιε,
539 5596 666 5667 [uts.
697 5614 859 5664 unus,
887 5617 904 5650 ι
931 5612 984 5654 et
1011 5596 1193 5654 in'ltuc
1220 5612 1375 5655 stans
1396 5611 1450 5654 et
1468 5601 1774 5672 conlidens]

253 5682 326 5718 n-e
349 5679 440 5718 rat.
469 5687 486 5718 ι
893 5675 898 5680 “

253 5675 440 5719 trehal.
469 5687 486 5718 ι
893 5675 898 5680 ’

285 5737 418 5800 (δι’)
456 5737 587 5792 Ista.
627 5738 968 5796 Dcsidcratur
1000 5743 1050 5798 iu
1081 5742 1229 5796 libris
1257 5751 1408 5795 antea
1451 5741 1628 5792 editis.

1467 4933 1510 4965 ¹⁴¹
1532 4933 1701 4999 ICor.
1729 4957 1847 5004 xm,
1875 4941 1972 5004 i5:
2001 4939 2016 4992 l
2043 4938 2167 4996 Cor.
2193 4950 2281 5000 xv,
2307 4933 2399 5004 28.

1223 5001 1269 5030 “
1289 4998 1490 5057 Ezecb.
1538 4998 1730 5076 xxvut,
1785 4998 1886 5066 Hi.
1925 4998 1992 5042 "'7
2045 5008 2200 5062 Rom.
2230 4998 2282 5068 v,
2306 5003 2361 5058 5.
2434 5002 2518 5056 "I
2546 5003 2674 5058 Cor.
2706 5015 2828 5067 xm,
2855 5000 2909 5054 8ο

3023 4923 3067 4955 ’⁵³
3091 4922 3220 4978 illiti.
3243 4920 3333 4980 58,
3352 4917 3440 4969 59.

2476 4931 2520 4962 ’⁸²
2543 4931 2697 4984 llum.
2721 4945 2838 4992 vttt,
2856 4927 2945 4982 55.
3023 4927 3067 4955 ⁵³
3091 4927 3220 4978 ibid.
3243 4927 3333 4980 58,
3352 4927 3415 4969 511

2476 5002 2518 5056 "|
2546 5003 2674 5058 Cor.
2706 5015 2828 5060 xm,
2855 5000 2909 5054 8.
3011 4995 3056 5027 ’δ’
3085 4991 3280 5060 Philip.
3301 5003 3364 5049 tt,
3384 4985 3415 5038 ’1

1955 5183 2069 5253 (55)
2100 5180 2261 5247 Editi,
2297 5197 2319 5232 ί
2350 5179 2697 5251 operabatur.
2746 5194 2765 5229 ο
2806 5174 3013 5229 Deinde
3058 5191 3077 5224 ι
3122 5170 3446 5230 immacula-

1882 5264 1972 5308 tus
1998 5254 2120 5307 fuit.
2169 5272 2186 5305 ο

1953 5323 2062 5395 (56)
2106 5321 2274 5395 Editi,
2305 5338 2325 5372 ι
2372 5325 2790 5395 commemorata
2814 5321 2959 5395 sunt.
3003 5331 3020 5364 ι

1951 5379 2065 5463 (57)
2109 5379 2276 5463 Quasi
2309 5390 2514 5460 expleto
2557 5404 2638 5440 eo.
2695 5385 2819 5440 Haec
2861 5385 3055 5438 desunt
3101 5379 3156 5434 in
3205 5379 3448 5437 editione

1877 5461 2232 5519 Genelirardi.

1952 5533 2066 5602 (58)
2107 5531 2270 5602 liditi,
2301 5549 2319 5580 ‹
2362 5529 2414 5582 in
2442 5526 2795 5602 consequenti
2827 5527 2939 5602 haec
2967 5522 3141 5594 ponit.
3171 5541 3191 5575 ι

1949 5595 2061 5670 (59)
2104 5600 2473 5670 Merliuuset
2523 5596 2906 5653 Geuebrardus
2931 5636 2944 5660 ,
2986 5615 3003 5646 ι
3041 5602 3097 5648 ut
3123 5595 3284 5651 unius
3316 5607 3439 5652 Cum

1884 5668 1999 5741 ipsi)
2023 5671 2246 5743 spiritus
2274 5668 2420 5725 facti.
2463 5687 2482 5719 ι
