3986 6206
552 280 695 338 1053,

548 501 672 540 nam
705 485 755 539 in
792 487 958 541 corde
990 503 1108 540 meo
1137 491 1280 556 quod
1307 500 1553 546 mortuus
1585 492 1692 547 sim
1727 508 1848 547 cum
1877 494 2118 560 Christo,

548 587 604 632 et
634 579 700 630 de
741 586 912 631 morte
961 581 1232 647 cogitem,
1279 583 1643 652 exstinguitur
1681 584 1940 638 continuo
1984 601 2120 639 con-

549 669 881 738 cupiscentia
909 679 962 724 et
991 669 1259 740 eﬁ‘ugatnr
1287 683 1592 742 peccatmn.
1623 675 1732 728 Ant
1784 676 1827 730 si
1875 677 2000 730 odio
2039 674 2123 728 vel

547 760 625 814 ira
655 757 1020 814 inﬂammatus
1045 763 1112 816 ad
1144 778 1329 816 necem
1366 765 1616 819 conciter
1659 767 1862 820 inimici
1893 767 2035 827 mei;
2077 766 2124 821 si

545 861 632 900 me
671 849 977 904 existimem
1017 863 1288 906 mortuum
1319 869 1440 908 esse
1483 869 1605 910 cum
1637 855 1887 916 Christo.
1939 866 1993 911 et
2030 871 2124 910 cn-

543 939 832 1007 gitationes
867 944 1054 996 mortis
1097 960 1289 1013 ponam
1324 945 1376 999 in
1409 945 1593 1000 animo
1636 963 1790 1010 meo,
1819 946 2124 1016 exstingui-

545 1038 633 1081 tur
655 1029 770 1084 sine
794 1031 960 1086 dubio
991 1033 1162 1097 furor,
1192 1045 1369 1090 cessat
1407 1036 1616 1100 odium,
1641 1039 1983 1106 conquiescit
2011 1037 2117 1101 ira,

543 1131 767 1187 peccato
795 1137 899 1175 ιιοιι
933 1123 1096 1177 datur
1127 1126 1298 1192 locus,
1333 1137 1389 1180 et
1421 1127 1524 1182 hoc
1558 1129 1714 1182 modo
1747 1138 1968 1196 peccato
1995 1127 2117 1197 quis

542 1210 678 1263 mori
709 1210 1001 1279 invenitur,
1029 1224 1082 1270 et
1109 1215 1290 1270 vivere
1321 1217 1448 1273 Deo.
1494 1217 1599 1272 Sed
1625 1227 1682 1273 et
1713 1219 1814 1274 hoc
1842 1219 1984 1288 quod
2014 1218 2116 1272 τιατ-

2010 285 2330 344 ORIGENIS

547 394 792 464 argenti,
823 395 866 448 si
894 397 1045 460 auri,
1081 396 1124 450 si
1153 397 1336 466 praedii
1365 398 1634 467 cupiditas
1683 399 1894 469 pulset,
1929 410 1986 455 et
2025 416 2121 469 pn-
2149 413 2195 464 Λ
2226 403 2392 466 didit,
2457 422 2475 455 ι
2535 403 2784 462 Viventes

3678 303 3802 361 i956

2861 407 2970 462 Deo
3017 408 3072 462 in
3148 407 3367 465 Christo
3411 409 3565 476 Jestt,
3615 432 3637 466 ο
3691 430 3786 469 non

2223 496 2355 548 mihi
2388 497 2620 552 otiosum
2650 498 2884 553 videtur.
2927 498 3116 554 Simile
3138 501 3282 554 enim
3314 515 3444 570 puto
3469 518 3620 568 esse,
3647 507 3792 574 quasi

2219 587 2451 640 dixisset
2482 602 2498 642 :
2539 586 2793 643 Viventes
2822 589 2934 644 1)εο
2965 589 3018 644 in
3047 591 3336 660 sapientia,
3365 595 3417 644 in
3451 609 3616 662 pace,
3647 597 3700 648 iu
3717 597 3793 665 ju-

2221 678 2394 741 stitia,
2426 678 2478 731 in
2519 680 2992 746 sanctiﬁcatione,
3023 697 3144 751 qua:
3179 686 3361 737 omnia
3405 685 3664 742 Christus
3699 699 3790 742 est.

2225 767 2281 822 In
2313 768 2398 823 his
2430 785 2560 839 ergo
2595 771 2778 826 vivere
2811 771 2945 834 Deo,
2984 771 3088 826 hoc
3111 781 3198 826 est
3225 773 3278 827 in
3303 773 3529 829 Christo
3555 774 3688 830 Iesu
3719 778 3786 830 vi-

2222 874 2349 914 vere
2405 861 2534 916 Deo.
2585 861 2739 928 Quod
2803 863 2850 916 si
2900 863 3018 918 sine
3058 863 3309 932 justitia,
3338 867 3459 920 sine
3486 881 3656 936 pace,
3686 867 3786 922 sine

2222 951 2656 1008 sanctiﬁcatione
2703 954 3023 1023 exterisque
3088 955 3380 1010 virtutibus
3437 971 3602 1011 uerno
3672 957 3786 1012 vivit

2221 1043 2366 1108 Deo,
2402 1054 2612 1098 certum
2659 1054 2744 1100 est
2783 1047 2926 1114 quod
2981 1059 3138 1102 nemo
3195 1043 3341 1100 vivat
3391 1045 3541 1112 Deo,
3587 1047 3692 1102 nisi
3738 1049 3781 1104 ia

2214 1134 2432 1190 Christo
2454 1134 2602 1190 Jesu.
2631 1136 2796 1190 Amen
2828 1134 2966 1220 (60).

551 1392 3752 1429 ————_——____._____._______________.____.______

1688 1609 2042 1696 LIBER
2118 1553 2622 1696 SEXTUS.

615 1997 664 2052 i.
704 2021 722 2052 ι
778 1999 894 2054 Non
944 2015 1072 2070 ergo
1129 2011 1317 2071 regnet
1353 2009 1638 2069 peccatum
1681 1999 1732 2052 in
1763 2008 1945 2054 vestro
1978 2012 2122 2053 mor-
2152 2006 2196 2061 Β
2226 1997 2336 2065 bet,
2368 1999 2722 2067 concupiscat
2753 1998 2867 2069 (65)
2900 2017 2919 2050 ι
2956 2013 3092 2054 caro
3135 2001 3397 2056 adversus
3425 2004 3720 2072 spiritum,
3745 2015 3793 2060 et

534 2093 626 2145 tali
657 2109 916 2163 corpore,
965 2094 1030 2147 ad
1063 2093 1424 2148 obediendum
1473 2093 1759 2147 desideriis
1805 2091 1919 2158 ejus
1971 2090 2111 2162 (6f),

533 2197 711 2251 neque
755 2185 1058 2238 exhibeatis
1094 2184 1337 2238 membra
1373 2193 1548 2237 vestra
1593 2199 1747 2236 arma
1805 2182 2112 2250 iniquitatis

529 2285 756 2342 peccato
783 2293 796 2328 :
828 2277 920 2330 sed
948 2275 1200 2331 exhibete
1231 2291 1327 2331 vos
1377 2275 1486 2330 Deo
1506 2314 1522 2340 ,
1555 2286 1814 2341 tanquam
1862 2290 1927 2328 ex
1961 2290 2109 2328 mor-

531 2365 641 2420 tuis
667 2365 915 2420 viventes
949 2381 964 2420 :
995 2375 1048 2421 et
1071 2367 1314 2422 membra
1339 2375 1521 2421 vestra
1549 2379 1701 2420 arma
1723 2364 1951 2435 ⁸ῑινςιῑιὶειι
1974 2365 2102 2420 Deo.

526 2455 816 2511 Peccatum
848 2457 992 2512 enim
1025 2457 1179 2514 vobis
1210 2473 1318 2512 non
1358 2457 1730 2514 dominabitur
1765 2474 1778 2510 :
1814 2472 1920 2511 non
1957 2458 2101 2511 enim

526 2549 628 2602 sub
661 2548 778 2618 lege
807 2551 961 2614 estis,
993 2548 1085 2604 sed
1126 2550 1227 2604 sub
1260 2553 1434 2620 gratia
1468 2551 1536 2605 ⁸³.
1578 2569 1596 2603 ι
1639 2551 1695 2604 in
1733 2551 2109 2620 superioribus

523 2639 604 2693 ait
660 2655 675 2692 :
732 2657 752 2691 ι
791 2639 946 2694 Sicut
1000 2644 1252 2712 regnavit
1293 2652 1577 2714 peccatum
1641 2645 1693 2696 in
1739 2651 1913 2698 morte
1961 2643 2028 2696 “.
2077 2661 2098 2696 ι

524 2728 682 2785 Nunc
706 2741 888 2784 autem
930 2747 1039 2786 non
1069 2733 1209 2787 dixit
1235 2749 1250 2785 :
1287 2733 1403 2789 Non
1430 2749 1562 2805 ergo
1593 2743 1784 2804 regnet
1817 2742 2100 2804 peccatum

523 2822 577 2874 in
611 2831 819 2886 morte;
861 2822 955 2877 sed
982 2824 1059 2877 ait
1089 2840 1102 2876 :
1137 2841 1157 2875 ι
1191 2823 1308 2879 Non
1344 2840 1473 2896 ergo
1513 2835 1702 2896 regnet
1727 2835 2009 2896 peccatum
2046 2827 2098 2880 in

523 2921 705 2966 vestro
737 2912 950 2967 mortali
995 2930 1258 2985 corpore,
1299 2917 1364 2969 ad
1399 2917 1762 2972 obediendum
1813 2917 2096 2972 desideriis

518 3004 674 3070 ejus;
717 3024 736 3056 ι
772 3006 972 3060 docens
995 3022 1095 3076 per
1122 3007 1222 3062 hoc
1252 3011 1433 3062 sedem
1467 3008 1754 3076 quamdam
1787 3017 1842 3062 et
1870 3023 2092 3076 regnum

522 3107 798 3164 peccatum
829 3098 1027 3153 habere
1043 3099 1155 3169 (62)
1181 3099 1343 3170 57o
1359 3099 1412 3153 in
1435 3114 1682 3167 corpore.
1704 3098 1816 3154 Hoc
1837 3107 1921 3154 est
1949 3100 2091 3168 quod

2221 2089 2448 2158 spiritus
2487 2090 2746 2145 adversus
2768 2106 3012 2156 carnem,
3035 2103 3092 2146 et
3114 2093 3228 2146 haec
3250 2094 3350 2148 sibi
3382 2093 3624 2150 invicem
3659 2115 3678 2147 ι
3705 2097 3792 2151 ad-

2217 2191 2506 2235 versentur
2532 2182 2600 2236 ".
2630 2181 2772 2237 illud
2828 2192 3012 2238 tamen
3039 2185 3295 2250 adverte,
3335 2187 3480 2254 quod
3505 2191 3792 2243 ostendens

2216 2269 2268 2324 in
2300 2282 2484 2326 nostra
2515 2281 2778 2341 potestate
2803 2274 3037 2342 positum
3071 2283 3260 2328 utnon
3295 2287 3486 2346 regnet
3520 2279 3576 2331 in
3613 2291 3790 2334 nostra

2215 2361 2428 2414 mortali
2485 2377 2717 2430 corpore
2774 2370 3058 2431 peccatum
3109 2359 3260 2430 (66),
3311 2353 3650 2432 praeceptum
3705 2365 3787 2419 dat

2211 2451 2523 2521 Apostolus,
2568 2453 2756 2508 dicens
2797 2475 2808 2508 ε
2849 2471 2867 2504 ι
2905 2451 3022 2506 Non
3041 2467 3171 2522 ergo
3198 2463 3388 2523 regnet
3421 2468 3707 2524 peccatum
3735 2457 3784 2509 in

2212 2552 2394 2596 vestro
2427 2527 2645 2597 mortali
2683 2559 2946 2614 corpore,
2991 2545 3058 2599 ad
3105 2545 3472 2600 obediendum
3508 2547 3784 2602 desideriis

2207 2632 2328 2702 ejus
2355 2634 2423 2688 “.
2473 2653 2492 2687 ι
2529 2633 2640 2690 Nisi
2673 2637 2820 2690 enim
2871 2645 3016 2692 esset
3065 2637 3117 2691 in
3166 2648 3350 2692 nostra
3407 2647 3684 2709 potestate
3729 2650 3784 2694 ut

2204 2740 2315 2778 non
2349 2735 2609 2793 regnaret
2639 2727 2692 2781 in
2721 2727 2878 2783 nobis
2903 2737 3203 2798 peccatum,
3237 2741 3574 2800 praceptum
3608 2733 3782 2802 utique

2197 2829 2304 2870 non
2349 2816 2608 2872 dedisset.
2659 2817 2938 2885 Quomodo
2981 2834 3111 2892 ergo
3145 2820 3402 2891 possibile
3431 2833 3521 2877 est
3561 2833 3620 2877 ut
3664 2839 3780 2893 pee-

2204 2917 2382 2962 catum
2413 2908 2464 2962 in
2495 2925 2661 2965 carne
2690 2919 2876 2966 nostra
2929 2927 3033 2966 non
3065 2913 3287 2982 regnet?
3315 2912 3377 2970 Si
3409 2913 3683 2971 faciamus
3707 2916 3766 2971 il-

2207 2995 2296 3050 lnd
2319 2999 2461 3066 quod
2486 2999 2627 3053 idem
2644 2999 2933 3068 Apostolus
2955 3001 3116 3057 dicit:
3147 3019 3166 3054 ι
3192 3001 3516 3059 Mortiﬁcate
3535 3006 3774 3061 membra

2208 3098 2392 3142 vestra
2423 3104 2542 3154 qme
2568 3100 2695 3146 sunt
2722 3105 2887 3161 supra
2923 3101 3124 3146 terram
3155 3091 3222 3160 “,
3264 3109 3285 3145 ι
3337 3104 3394 3149 et
3424 3095 3471 3150 si
3519 3113 3540 3147 ε
3575 3109 3780 3166 semper

521 3193 574 3238 et
596 3185 722 3240 alibi
749 3187 988 3242 dixit":
1015 3189 1342 3244 «Prudentia
1367 3190 1548 3244 carnis
1571 3189 1786 3244 inimica
1805 3198 1886 3242 est
1905 3189 2092 3253 θεων
2129 3172 2174 3230 C
2208 3190 2436 3234 mortem
2481 3180 2684 3236 Chriin
2740 3181 2794 3236 in
2852 3196 3084 3252 corpore
3119 3197 3308 3240 nostro
3344 3203 3366 3237 ι
3425 3187 3780 3244 circumfera-

518 3283 576 3328 et
615 3274 811 3329 iterum
844 3295 858 3330 :
896 3295 914 3328 ι
953 3277 1250 3332 Prudentia
1302 3279 1482 3334 carnis
1533 3295 1680 3334 mors
1723 3280 1895 3335 est“.
1936 3299 1954 3333 ι
1990 3280 2095 3335 Sed

517 3375 573 3420 et
601 3369 784 3423 omnia
821 3380 1042 3440 peccata
1071 3371 1358 3440 Apostolus
1386 3387 1551 3442 opera
1583 3372 1765 3428 carnis
1803 3388 1924 3428 esse
1965 3388 2090 3443 pro.-

517 3458 731 3513 nuntiat
759 3460 826 3526 ⁵⁷,
853 3476 974 3530 quae
1003 3462 1134 3517 dicit
1158 3477 1282 3519 esse
1317 3462 1766 3532 fornicationem,
1803 3464 2091 3518 immundi-

516 3550 672 3616 tiam,
703 3553 1008 3621 passionem
1032 3592 1048 3619 ,
1075 3555 1568 3625 concupiscentiam
1607 3555 1829 3620 malam,
1858 3555 2092 3624 impudi-

515 3639 701 3694 citiam
725 3681 740 3708 ,
781 3641 1146 3700 idololatriam
1167 3685 1181 3710 ,
1215 3644 1501 3712 maleﬁcia,
1539 3645 1876 3711 inimicitias,
1907 3655 2088 3699 certa-

515 3731 694 3796 mina,
724 3733 937 3798 zelum,
973 3735 1232 3802 furorem,
1261 3737 1664 3802 contentiones,
1695 3737 2083 3802 dissensiones,

511 3823 770 3892 lnereses,
801 3826 1083 3892 invidiam,
1108 3811 1426 3895 ebrietates,
1455 3829 1904 3892 comeSsationes,
1925 3838 1978 3883 et
2003 3829 2088 3884 his

509 3911 732 3969 similia.
777 3916 886 3972 Sed
915 3917 961 3972 si
1008 3920 1258 3988 requiras
1301 3922 1572 3990 quomodo
1619 3920 1786 3975 etiam
1847 3921 2086 3974 haereses

510 4005 657 4059 inter
701 4008 885 4062 carnis
930 4023 1094 4078 opera
1147 4023 1533 4079 numerentur,
1584 4012 1832 4068 invenies
1875 4026 1970 4067 eas
2017 4011 2087 4066 de

511 4113 672 4153 sensu
705 4099 890 4157 carnis
942 4106 1258 4172 procedere.
1297 4108 1390 4163 Sic
1436 4109 1580 4163 enim
1618 4107 1751 4162 dicit
1793 4106 2086 4175 Apostolus

504 4188 573 4243 de
599 4192 831 4260 quodam
863 4209 877 4246 :
909 4212 928 4245 ι
970 4195 1215 4259 Frustra,
1241 4198 1440 4267 inquit,
1468 4199 1686 4254 inﬁatus
1707 4216 1736 4253 a
1763 4214 1924 4255 sensu
1967 4197 2082 4268 (65)

501 4281 685 4336 carnis
721 4297 867 4351 suae,
913 4295 968 4340 et
1000 4303 1111 4342 non
1143 4296 1330 4342 tenens
1363 4290 1611 4360 caput”.
1663 4308 1681 4342 ι
1730 4288 1856 4345 llaec
1896 4299 2079 4344 autem

503 4371 743 4429 diximus
779 4383 836 4426 ut
870 4375 1216 4432 manifestior
1257 4379 1410 4433 ﬁeret
1443 4378 1769 4445 intellectus,
1807 4380 2081 4448 quomodo

497 4473 784 4532 peccatum
814 4476 1000 4536 regnet
1039 4469 1094 4523 in
1147 4485 1396 4541 corpore.
1458 4469 1650 4524 Omnia
1700 4485 1940 4539 namque
1987 4469 2074 4524 illa

2207 3286 2330 3324 mus
2361 3271 2428 3325 °’.
2461 3273 2682 3326 Certum
2715 3287 2950 3344 namque
2977 3282 3082 3340 est.
3118 3275 3243 3345 quia
3277 3274 3373 3330 ubi
3401 3292 3554 3333 mors
3583 3277 3776 3334 Christi

2206 3361 2613 3430 circumfertur,
2666 3379 2772 3420 non
2824 3374 3000 3433 potest
3045 3381 3280 3437 regnare
3330 3379 3643 3438 peccatum.
3689 3368 3778 3424 Est

2203 3453 2348 3507 enim
2386 3463 2534 3508 tanta
2585 3455 2669 3510 vis
2713 3457 2895 3510 crucis
2934 3457 3180 3522 Christi,
3232 3467 3292 3512 ut
3336 3459 3381 3514 si
3435 3470 3569 3516 ante
3601 3461 3776 3516 oculos

2202 3555 2457 3612 ponatur,
2491 3555 2547 3601 et
2578 3547 2632 3600 in
2658 3557 2839 3602 mente
2875 3547 3110 3603 ﬁdeliter
3135 3549 3474 3618 retineatur,
3506 3552 3583 3607 ita
3631 3563 3691 3607 ut
3723 3553 3774 3608 in

2201 3637 2373 3705 ipsam
2403 3648 2629 3692 mortem
2661 3638 2860 3696 Christi
2890 3641 3130 3695 intentus
3169 3641 3370 3697 oculus
3398 3649 3606 3700 mentis
3636 3646 3775 3715 θερί·

2198 3728 2328 3794 ciat,
2360 3728 2503 3784 nulla
2534 3730 3010 3800 concupiscentia,
3046 3730 3194 3785 nulla
3238 3731 3441 3800 libido,
3476 3736 3658 3791 nullus
3697 3735 3776 3789 fa-

2199 3835 2313 3886 ror,
2344 3821 2493 3874 nulla
2524 3836 2788 3890 superare
2811 3825 2984 3892 possit
3021 3824 3261 3891 invidia;
3295 3826 3391 3881 sed
3419 3827 3682 3882 continuo
3709 3830 3774 3882 ad

2194 3913 2312 3982 ejus
2343 3913 2695 3982 praesentiam
2729 3924 2874 3972 totus
2901 3915 2989 3971 ille
3011 3931 3176 3986 quem
3208 3932 3374 3986 supra
3423 3921 3772 3974 enumeravi-

2196 4019 2320 4058 mus
2371 4006 2581 4074 peccati
2633 4015 2688 4062 et
2735 4006 2918 4062 carnis
2968 4008 3189 4078 fugatur
3233 4010 3516 4066 exercitus
3550 4026 3566 4063 :
3600 4011 3769 4083 ipsum

2192 4110 2324 4152 vero
2356 4109 2634 4165 peccatum
2667 4115 2768 4156 nec
2811 4099 3076 4166 subsistit,
3106 4103 3302 4173 quippe
3332 4118 3460 4160 cum
3504 4121 3611 4161 nec
3653 4107 3774 4160 sub—

2193 4187 2396 4242 stantia
2422 4189 2541 4258 ejus
2578 4205 2806 4260 usquam
2844 4191 2915 4248 sit
2945 4193 3050 4249 nisi
3081 4195 3135 4250 in
3161 4211 3325 4266 opere
3366 4206 3423 4252 et
3463 4199 3654 4270 gestis.
3686 4199 3774 4253 Est

2189 4296 2318 4350 ergo
2354 4281 2408 4335 in
2450 4282 2609 4338 nobis
2637 4293 2692 4337 et
2735 4284 3182 4354 concupiscentia
3239 4288 3491 4356 peccati,
3527 4305 3655 4358 quae
3691 4305 3771 4344 re-

2199 4387 2363 4440 gnum
2400 4373 2560 4427 habet
2592 4374 2645 4428 in
2681 4389 2850 4430 carne
2885 4393 2901 4441 ;
2936 4385 3104 4431 estet
3143 4379 3590 4449 concupiscentia
3623 4379 3774 4450 spiri-

2188 4471 2294 4528 tus,
2323 4478 2441 4531 qua:
2470 4478 2692 4534 regnum
2725 4463 2887 4520 habet
2917 4466 2971 4520 in
2998 4476 3202 4532 mente,
3221 4470 3524 4524 secundum
3555 4470 3610 4525 id
3634 4470 3772 4540 quod

497 4570 618 4624 qua:
645 4559 898 4626 superius
923 4575 1085 4629 opera
1114 4564 1293 4618 carnis
1319 4577 1438 4619 esse
1474 4563 1934 4627 enumeravimus,
1961 4562 2075 4616 vel-

2203 4567 2340 4622 upra
2380 4531 2638 4619 dixinius,
2684 4555 2813 4624 quia
2873 4574 2893 4608 ι
2950 4571 3083 4612 caro
3125 4561 3462 4628 concupiscit
3519 4564 3772 4620 adversus

495 4657 556 4701 ut
605 4651 881 4707 exercitus
905 4653 1126 4723 quidam
1157 4664 1400 4710 armatus
1422 4666 1506 4711 est
1534 4652 1652 4726 (64)
1680 4653 1780 4710 sub
1811 4655 1915 4708 hoc
1949 4668 2076 4723 rege

496 4739 704 4806 peccati
736 4741 996 4808 militans,
1024 4753 1080 4798 et
1113 4743 1214 4814 legi
1261 4744 1380 4812 ejus
1413 4762 1610 4816 parens
1633 4786 1650 4812 ,
1673 4761 1793 4815 qua:
1821 4745 1875 4799 in
1905 4759 2076 4800 mem-

499 4829 615 4885 bris
640 4831 824 4888 carnis
850 4833 1113 4904 inscripta
1151 4847 1256 4892 est.
1281 4838 1503 4892 Certum
1541 4849 1627 4894 est
1662 4839 1830 4903 enim,
1857 4840 1982 4908 quia
2009 4852 2076 4892 ex

493 4935 561 4974 co
594 4921 741 4990 quod
777 4922 1063 4980 desideriis
1107 4931 1319 4997 peccati
1366 4945 1498 4986 caro
1539 4929 1903 4986 obedientiam
1933 4943 2074 4997 prae-

590 5059 636 5093 "
657 5059 813 5115 Rom.
851 5077 925 5126 vl,
954 5063 1134 5121 ιε-ιι.
1242 5067 1289 5100 ⁸⁵
1319 5067 1474 5122 Rom.
1501 5083 1552 5130 v,
1599 5066 1688 5122 2i.

1801 5065 1846 5097 ³⁵
1877 5063 2035 5118 Rern.
2065 5076 2182 5126 VIII,
2230 5061 2281 5114 7.

2177 4646 2448 4716 spiritum,
2476 4646 2705 4716 spiritus
2731 4657 2910 4704 autem
2940 4651 3202 4707 adversus
3223 4669 3446 4710 carnem
3477 4656 3547 4714 ".
3582 4677 3603 4711 ι
3638 4658 3771 4714 Cum

2188 4753 2319 4807 ergo
2345 4739 2783 4810 concupiscimus
2815 4743 2960 4809 quod
2995 4759 3102 4799 non
3137 4743 3306 4811 licet,
3343 4748 3433 4804 vel
3466 4751 3616 4815 quod
3660 4767 3766 4806 non

2189 4831 2366 4896 decet,
2401 4829 2482 4884 vel
2513 4832 2656 4901 quod
2691 4849 2798 4888 non
2829 4835 3071 4905 expedit,
3105 4838 3556 4908 concupiscentia
3591 4845 3771 4900 carnis

2185 4934 2292 4980 est.
2333 4923 2469 4978 Cum
2515 4938 2646 4979 vero
2681 4928 3019 4997 concupiscit
3047 4940 3103 4984 et
3143 4929 3330 4986 deﬁcit
3367 4933 3556 4990 anima
3591 4945 3768 4990 nostra

2395 5063 2692 5140 "Epid-ﬁo
2765 5065 2811 5098 ⁸⁷
2837 5065 3014 5140 Gela".
3035 5070 3218 5140 n19.
3249 5086 3369 5140 sed.
3483 5075 3765 5135 "Colon.

495 5131 664 5197 ",18,
698 5131 786 5188 19.
861 5133 907 5165 ⁵³
938 5133 1118 5191 Galat.
1140 5150 1193 5201 v,
1221 5139 1304 5192 l7.
1381 5139 1427 5170 το
1453 5137 1611 5192 Rom.
1637 5152 1711 5202 vr,
1753 5135 1837 5190 12.
1913 5134 1956 5165 ⁶¹
1985 5132 2094 5188 Οοὶι

2233 5133 2387 5198 ιιι,5.
2463 5133 2508 5167 ⁸³
2538 5132 2948 5202 llCor.1v,10.
3025 5131 3445 5209 “Calat.v,'i7.

553 5271 665 5340 (60)
705 5271 856 5328 Iesu.
892 5275 1078 5332 Amen.
1111 5277 1235 5333 llaec
1265 5279 1462 5334 desunt
1486 5280 1537 5333 in
1571 5279 1726 5333 libris
1765 5287 1922 5332 antea
1953 5277 2062 5332 edi-

483 5340 760 5416 lis._;lj'ss_.
783 5355 962 5398 tamen
989 5347 1236 5416 plerique
1262 5352 1523 5404 omittunt
1559 5367 1578 5401 ι
1621 5353 1791 5404 Amen
1855 5369 1874 5401 ι

552 5410 667 5482 (61)
705 5414 799 5466 Sic
833 5429 963 5472 mss.
990 5410 1333 5483 Editi‘vero,
1367 5437 1386 5472 ι
1433 5430 1493 5474 ut
1533 5421 1805 5476 obediatis
1854 5433 2058 5475 cuneus

482 5480 765 5548 piscentiis
799 5487 938 5551 ejus.
975 5505 996 5538 ι

555 5551 877 5636 (Hei-bum,
916 5573 935 5606 ι
976 5570 1071 5623 per
1101 5559 1214 5611 haec
1259 5559 1442 5615 sedem
1492 5560 1784 5630 quamdam
1836 5573 2060 5636 regnum

483 5621 694 5688 peccati
716 5621 947 5688 habere,
976 5621 1000 5673 “ι
1043 5638 1153 5679 etc.

559 5685 675 5756 (65)
710 5687 877 5758 Editi,
907 5685 1160 5748 (frustra
1194 5699 1335 5766 quod
1362 5699 1576 5758 amatus
1597 5701 1663 5759 de
1691 5719 1874 5758 sensu.
1909 5721 1926 5755 ι

2385 5277 2584 5400 Ιῇὲίιέε,
2643 5298 2661 5332 ι
2715 5280 3006 5338 damnatus
3050 5297 3164 5353 est;
3221 5306 3240 5340 ι
3293 5288 3368 5342 ai.
3423 5306 3446 5340 ι
3501 5289 3763 5345 clamatus

2165 5361 2353 5484 abitis;
2600 5439 2619 5471 ι
2665 5423 3028 5494 concupiscit,
3061 5441 3081 5476 ι
3115 5434 3170 5480 et
3198 5425 3360 5496 paulo
3389 5440 3554 5498 post,
3605 5449 3626 5483 ι
3659 5432 3752 5486 ad-

2169 5496 2728 5640 ῗίξξῗιξηῖἶῗομῖειιοηφ
2764 5561 3130 5640 ϐριιριιι-τιηιί-
3149 5582 3250 5639 pro
3295 5585 3314 5622 ι
3348 5581 3638 5640 peccaturi:
3667 5609 3684 5638 ,
3727 5589 3746 5624 ι

2169 5625 2368 5699 legitur
2403 5648 2422 5682 ι
2461 5630 2526 5683 ad
2557 5632 2944 5690 obedientium.
2985 5655 3003 5688 I
