3914 6352
167 393 330 446 ³061

1153 388 1509 444 COMMENT.
1547 386 1612 442 IN
1645 384 1862 442 liPiST.
1904 385 1995 441 AD
2031 387 2174 440 DUM
2235 387 2365 441 LIB.
2408 387 2500 440 Vl.

3330 391 3349 444 Ι
3361 394 3468 447 0ῦῖ

167 508 264 562 ειο
295 508 363 562 ⁵⁷.
399 525 420 559 ι
455 505 590 560 Tum
625 503 823 561 deinde
866 516 923 562 et
961 507 1088 561 illud
1117 499 1379 572 ostendit,
1421 499 1564 578 quod
1595 515 1785 561 omnes
1817 511 1856 567 Λ
1892 521 2036 558 mam
2085 515 2250 574 atque
2283 506 2536 558 tunbratu
2585 505 2851 558 virtutum
2907 513 3095 560 tenere
3146 507 3419 573 possimus
3448 527 3465 573 ;

167 599 445 655 homines
464 601 636 668 primo
661 600 906 655 serviant
930 612 1175 668 peccato.
1211 603 1304 655 Sic
1331 603 1475 656 enim
1510 601 1772 670 Scriptum

163 702 313 745 est:
344 692 516 758 Quia:
573 707 677 745 non
716 702 801 746 est
832 691 1014 761 justus
1048 707 1212 763 super
1255 703 1451 746 terram
1481 694 1573 761 qui
1609 692 1775 747 faciat

169 780 420 844 bonum,
441 790 496 836 et
538 796 642 835 non
673 793 861 851 peccet
888 782 956 837 ⁸⁸.
999 801 1017 832 ι
1065 783 1246 837 Primo
1279 785 1422 837 enim
1451 798 1675 837 necesse
1692 791 1774 836 est

167 869 244 923 in
286 871 434 923 omni
477 871 694 926 homine
721 872 850 925 illud
883 872 1145 942 compleri
1167 875 1310 943 quod
1342 875 1603 942 scriptum
1638 883 1722 928 est
1757 892 1769 926 :

173 975 200 1008 ι
259 960 369 1013 Sed
403 961 492 1014 ubi
529 961 673 1016 venit
708 962 1046 1027 mandatum,
1080 973 1366 1032 peccatum
1417 964 1615 1018 revixit
1641 964 1710 1017 ⁸³.
1748 983 1768 1016 ι

169 1048 309 1104 Hoc
350 1064 478 1106 vero
513 1052 654 1120 quod
683 1053 937 1120 sequitur
965 1053 1032 1105 ad
1072 1068 1274 1121 paucos
1301 1054 1501 1107 dicitur
1525 1091 1541 1117 ,
1598 1061 1656 1108 et
1681 1069 1776 1109 eos

168 1144 283 1211 qui
314 1143 430 1212 jam
462 1146 841 1208 emendantur,
868 1144 1077 1199 scilicet
1104 1145 1246 1214 quod
1279 1145 1413 1198 dicit
1445 1163 1458 1199 :
1497 1163 1516 1195 r
1554 1144 1774 1200 Gratias

169 1246 376 1289 autem
415 1235 548 1301 Deo,
581 1237 706 1306 quia
743 1236 923 1292 fuistis
946 1238 1088 1292 servi
1117 1238 1347 1305 peccati,
1384 1238 1648 1292 ohe-.listis
1675 1253 1773 1291 au-

173 1339 302 1380 tem
344 1344 409 1381 ex
452 1331 615 1383 corde
653 1329 704 1382 iu
756 1343 874 1383 eam
915 1329 1144 1384 fortnam
1180 1330 1468 1394 doctrinae,
1509 1331 1561 1384 itt
1601 1345 1768 1401 quam

177 1418 674 1472 traditiestis’°'".
715 1437 732 1468 ι
762 1419 1054 1488 Serviergo
1088 1419 1288 1474 luimus
1317 1436 1507 1474 omnes
1529 1423 1770 1489 peccati;

175 1508 288 1562 sed
328 1509 416 1562 ubi
458 1510 658 1562 tradita
693 1519 773 1563 est
803 1509 962 1563 nobis
1021 1510 1200 1563 forma
1241 1511 1525 1574 doctrime,
1564 1521 1616 1566 et
1650 1511 1774 1566 huic

179 1613 305 1651 non
332 1608 632 1667 utcunque,
672 1614 848 1668 neque
877 1599 1010 1653 solis
1044 1600 1245 1664 verbis,
1276 1602 1369 1654 sed
1402 1617 1466 1654 ex
1499 1601 1768 1664 corde,ex

175 1691 402 1753 animo,
433 1705 500 1745 ex
531 1701 640 1746 tota
677 1692 967 1748 devotione
989 1692 1250 1764 elegimus
1273 1693 1496 1747 obedire
1524 1733 1538 1754 ,
1569 1693 1771 1747 libera-

179 1797 319 1833 mur
341 1797 370 1833 a
407 1782 678 1836 servitute
709 1783 942 1851 peccati,
971 1785 1316 1839 et-etiicimur
1351 1784 1490 1838 servi
1521 1783 1768 1853 justitim.

1884 597 2028 663 ipsas
2064 610 2196 646 vero
2247 595 2499 657 virtutes,
2544 603 2671 646 tunc
2719 610 2846 645 cum
2897 593 3147 646 venerint
3199 593 3288 646 illa
3345 609 3468 661 qua:

1882 686 2127 742 perfecta
2162 692 2308 738 sunt.
2351 684 2415 737 Et
2451 685 2574 736 ideo
2615 683 2792 748 justus
2826 701 2968 738 nunc
3005 685 3116 754 (99)
3155 685 3353 754 magis,
3408 693 3467 737 ut

1883 775 2013 827 mihi
2056 775 2268 827 videtur
2297 814 2312 837 ,
2345 775 2397 826 in
2453 775 2640 825 utnbra
2698 774 2960 826 virtutum
2993 814 3010 836 ,
3043 790 3207 842 quam
3252 777 3302 828 in
3336 776 3470 844 ipsis

1881 867 2178 919 virtutibus
2209 866 2344 918 vivit
2375 865 2474 935 (1).
2517 865 2584 917 Et
2633 867 2702 918 ob
2743 866 2844 918 hoc
2899 865 3150 920 fortassis
3197 866 3466 922 Jeremias

1883 957 1933 1010 in
1969 957 2490 1012 Lamentationibus
2518 958 2650 1009 dicit
2689 975 2702 1010 :
2747 973 2764 1006 ι
2809 956 3046 1025 Spiritus
3074 958 3257 1010 vultus
3289 961 3462 1012 nostri

1882 1055 2136 1109 Christus
2169 1055 2454 1117 Dominus,
2485 1054 2568 1105 cui
2603 1053 2839 1106 diximus
2876 1069 2891 1106 :
2921 1051 2976 1103 lu
3010 1053 3198 1105 umbra
3229 1053 3349 1120 ejus
3378 1053 3462 1106 vi-

1883 1162 2072 1201 vemus
2103 1147 2153 1198 in
2199 1147 2453 1215 gentibus
2477 1146 2550 1195 ’⁸.
2596 1163 2614 1195 ι
2652 1143 2804 1209 Quod
2834 1143 2876 1195 si
2908 1141 3161 1196 Christus
3193 1152 3278 1194 est
3302 1143 3466 1208 justi-

1883 1238 1976 1303 tia,
2003 1246 2054 1290 et
2079 1236 2366 1304 sapientia,
2399 1247 2452 1289 et
2481 1237 2702 1298 veritas,
2735 1242 2790 1285 et
2828 1232 3084 1292 dicimus,
3119 1250 3136 1281 ι
3185 1233 3237 1285 in
3269 1235 3462 1286 umbra

1881 1327 1998 1396 ejus
2023 1329 2266 1382 vivemus
2295 1329 2347 1381 in
2378 1326 2628 1397 gentibus
2661 1343 2673 1378 :
2717 1343 2734 1375 ι
2762 1339 2890 1394 ergo
2919 1325 2970 1376 in
2999 1323 3186 1376 umbra
3213 1325 3460 1391 justitiam

1880 1430 1936 1474 et
1964 1420 2016 1474 in
2047 1419 2238 1473 umbra
2270 1418 2575 1487 sapientim,
2621 1426 2674 1470 et
2706 1418 2758 1470 in
2807 1417 2996 1470 umbra
3037 1417 3287 1469 veritatis
3321 1417 3462 1469 vivi-

1884 1527 2037 1576 mus,
2071 1513 2240 1565 etiam
2291 1511 2340 1565 si
2377 1508 2535 1576 justi,
2569 1519 2622 1560 et
2655 1507 2932 1576 sapientes
2969 1505 3070 1577 (“2).
3122 1519 3177 1560 et
3213 1507 3466 1562 veritatis

1882 1612 2158 1656 amatores
2192 1616 2314 1655 esse
2347 1601 2646 1653 videamur.
2699 1597 2995 1667 Propterea
3044 1613 3175 1668 ergo
3208 1599 3408 1651 dicitur
3441 1613 3458 1650 :

1888 1712 1910 1744 ι
1961 1693 2017 1746 Si
2070 1692 2193 1760 quis
2233 1706 2293 1744 se
2337 1698 2493 1758 ptttat
2541 1689 2888 1756 cognovisse,
2925 1688 3165 1740 nondum
3207 1687 3461 1756 cognovit

1881 1783 2332 1851 quemadmodum
2377 1789 2628 1848 oporteat
2653 1781 2796 1833 seire
2828 1779 2894 1833 ".
2939 1801 2959 1830 ν
3000 1777 3272 1833 Fortassis
3300 1795 3447 1832 enun

179 1871 354 1928 Unde
385 1888 576 1928 vereor
601 1891 665 1929 ne
693 1875 828 1930 forte
849 1877 1028 1945 plures
1045 1878 1316 1946 simusqui
1345 1877 1624 1931 videamur
1646 1893 1774 1932 sus.
1809 1867 1848 1921 Β
1878 1877 2041 1930 etiam
2092 1877 2270 1945 ipsum
2311 1873 2545 1927 Verbum
2604 1873 2695 1926 Dei
2723 1913 2737 1937 ,
2791 1873 3095 1925 secundum
3150 1872 3252 1924 hoc
3309 1868 3456 1938 quod

179 1963 407 2031 cepisse
464 1962 690 2017 formam
731 1965 994 2020 doctrina:
1016 1967 1262 2036 justitiae,
1313 1976 1370 2022 et
1405 1967 1588 2022 verbis
1621 1968 1761 2035 qui-

180 2054 315 2106 dem
343 2053 427 2106 vel
459 2053 793 2123 professione
805 2055 1034 2124 iustitia:
1049 2057 1331 2112 videamur
1346 2059 1591 2123 obedire,
1606 2060 1774 2116 corde

182 2160 324 2200 vero
350 2148 668 2202 obediamus
695 2158 945 2218 peccato,
997 2151 1180 2205 carnis
1205 2153 1388 2206 adhuc
1417 2152 1468 2206 in
1507 2154 1663 2207 nobis
1697 2155 1776 2207 vi-

186 2236 284 2289 tiis
313 2237 733 2292 dominantibus.
759 2238 822 2292 Et
852 2239 978 2294 ideo
993 2249 1117 2293 ante
1139 2242 1321 2294 omnia
1353 2243 1658 2312 indigemus
1685 2243 1776 2299 illa

188 2327 264 2382 de
295 2343 400 2397 qua
431 2330 686 2398 superius
715 2331 900 2384 docuit
923 2332 1348 2388 mortiﬁcatioue
1375 2336 1772 2391 membrorum.

187 2421 352 2487 Quod
384 2431 562 2475 autem
597 2422 736 2477 dixit
766 2442 779 2476 :
841 2443 859 2474 ι
892 2424 1148 2480 Formam
1198 2425 1309 2496 (96)
1357 2427 1620 2484 doctrina:
1653 2469 1668 2491 .
1723 2430 1775 2483 iu

190 2529 362 2580 quam
401 2512 583 2567 traditi
613 2514 747 2568 estis
771 2554 794 2578 ,
821 2534 840 2567 ι
878 2517 1258 2584 requirendum
1319 2529 1447 2588 puto
1503 2525 1777 2588 quomodo

191 2603 585 2673 uuttsqnisque
612 2605 880 2660 tradatttr.
909 2605 1215 2662 invenimus
1239 2624 1474 2678 namque
1501 2612 1645 2678 quod
1679 2629 1778 2666 eos

189 2695 288 2764 qui
322 2711 342 2744 ι
379 2709 483 2746 non
517 2711 538 2746 ι
591 2694 818 2762 probant
858 2711 877 2746 ι
917 2696 1084 2751 Deum
1116 2698 1318 2753 habere
1349 2700 1404 2752 in
1436 2700 1708 2764 notitiam,
1751 2719 1770 2752 ι

195 2789 382 2840 tradat
421 2803 441 2836 ι
486 2787 625 2840 Deus
665 2787 959 2841 secundum
992 2789 1260 2843 desideria
1285 2791 1466 2845 cordis
1497 2805 1692 2844 eorum
1724 2792 1776 2846 in

194 2876 628 2942 immumiitiam,
669 2886 729 2931 nt
773 2878 1116 2934 contumeliis
1151 2879 1389 2935 adiciant
1417 2896 1650 2951 corpora
1679 2898 1774 2936 sua

195 2968 252 3021 in
292 2967 595 3036 semetipsis
625 2984 638 3020 :
678 2986 695 3017 ι
723 2976 780 3020 et
812 2968 948 3022 alios
970 2968 1063 3038 qui
1100 2987 1119 3020 ‹
1155 2979 1632 3025 commutaverunt
1661 2973 1779 3043 glo-

193 3061 340 3116 liam
386 3059 815 3127 incorruptibilis
857 3059 950 3114 Dei
979 3100 992 3122 .
1027 3080 1048 3114 ι
1107 3061 1291 3114 tradat
1324 3079 1345 3114 ς
1397 3063 1450 3116 in
1495 3066 1778 3132 passiones

199 3153 512 3221 ignominiae
539 3154 606 3217 θ’,
639 3171 657 3203 ι
697 3153 766 3206 de
820 3154 1017 3221 quibus
1062 3153 1114 3207 in
1171 3153 1304 3208 locis
1343 3157 1460 3208 suis
1486 3167 1646 3223 prout
1679 3173 1776 3226 po-

195 3246 402 3299 tuimus
431 3244 688 3298 diximus.
725 3244 790 3297 Et
822 3243 922 3296 hos
950 3259 1080 3313 ergo
1119 3246 1210 3314 qui
1251 3249 1578 3315 semetipsos
1617 3249 1774 3302 eahi-

197 3345 326 3388 beut
363 3350 552 3388 servos
579 3334 802 3402 justitia:
833 3349 926 3402 per
957 3335 1322 3390 obedientiam
1343 3337 1476 3407 (97),
1505 3338 1644 3392 Dous
1675 3350 1778 3392 ινξι-

197 3425 338 3478 didit
368 3435 424 3477 ttt
455 3425 814 3478 instituantur
852 3433 907 3476 et
966 3425 1278 3479 imbuuntur
1322 3430 1624 3482 secundum
1663 3429 1776 3484 for-

199 3532 344 3569 mam
372 3516 632 3570 doctrina:
659 3515 902 3584 jusdtiw.
930 3514 1107 3570 Movet
1132 3527 1314 3572 autem
1345 3534 1428 3572 me
1452 3520 1615 3573 etiam
1650 3521 1774 3588 hoc,

200 3609 350 3676 quod
379 3624 484 3662 non
509 3607 668 3671 dixit,
707 3627 726 3658 ι
758 3606 1030 3662 Oltedistis
1061 3607 1174 3679 (98)
1208 3623 1272 3663 ex
1311 3612 1475 3665 corde
1507 3630 1525 3662 ι
1575 3613 1781 3667 docui.-

201 3716 307 3763 nae,
339 3719 356 3752 ‹
394 3702 446 3755 in
480 3717 640 3769 quam
679 3700 860 3755 traditi
888 3703 1042 3768 estis,
1075 3721 1094 3753 ι
1127 3701 1218 3757 sed
1249 3720 1268 3754 ι
1307 3701 1537 3756 fortnam
1571 3705 1776 3758 doctri»

201 3807 287 3848 ua:
312 3812 330 3844 ι
353 3794 550 3861 posuit.
576 3792 685 3850 Nec
711 3805 841 3867 puto
863 3796 1006 3863 quod
1033 3811 1201 3848 unum
1231 3809 1351 3850 esse
1378 3795 1612 3849 senserit
1641 3796 1777 3864 Apo-

203 3888 375 3942 stolus
408 3889 742 3954 doctrinam,
775 3899 832 3943 et
876 3889 1106 3944 formam
1155 3889 1459 3953 doctrinm;
1515 3889 1609 3942 sed
1642 3889 1773 3942 mihi

205 3981 422 4034 videtur
441 3981 583 4050 quod
617 3966 848 4036 formam
873 3982 1133 4036 doctrina:
1164 3982 1344 4035 minus
1392 3995 1516 4036 esse
1543 3981 1776 4045 scierit,

203 4087 363 4140 quam
413 4074 582 4141 ipsam
623 4075 963 4140 doctrinam;
998 4083 1052 4128 et
1079 4089 1228 4127 nunc
1269 4073 1487 4142 quidem
1534 4073 1586 4127 itt
1635 4089 1775 4140 pra:-

203 4168 340 4220 senti
377 4167 484 4220 vita
522 4167 648 4222 dum
703 4167 757 4222 in
809 4167 910 4221 hoc
963 4179 1192 4234 corpore
1236 4180 1467 4229 sumus,
1522 4174 1578 4219 et
1632 4183 1650 4216 ι
1682 4180 1779 4234 ag~

202 4268 390 4325 gravat
442 4268 716 4312 terrenum
768 4259 870 4314 hoc
928 4257 1299 4314 habitaculum
1352 4271 1574 4310 sensum
1609 4257 1775 4309 multa

204 4349 528 4417 cogitantem
581 4349 628 4380 ”
661 4388 676 4413 ,
756 4369 775 4401 ›
829 4349 1060 4403 formam
1108 4348 1370 4402 doctrina:
1432 4346 1776 4410 habeamus,

208 4456 306 4492 non
359 4441 530 4510 ipsam
575 4442 927 4508 doctrinam,
977 4441 1121 4495 sicut
1170 4441 1311 4495 idem
1370 4439 1668 4509 Apostolus
1721 4440 1773 4494 in

1884 1987 1902 2020 ι
1937 1967 2169 2022 Verbum
2208 1983 2338 2022 caro
2379 1965 2582 2020 factum
2639 1974 2766 2026 est,
2823 1973 2876 2016 et
2930 1961 3198 2015 habitavit
3248 1961 3301 2015 iu
3357 1976 3458 2014 no-

1879 2060 1968 2114 bis
2007 2059 2078 2125 ",
2121 2079 2139 2109 ι
2177 2059 2337 2112 aliter
2391 2058 2443 2112 in
2477 2055 2726 2127 praesenti
2766 2056 2888 2108 vita:
2935 2063 3100 2116 statu,
3130 2053 3290 2107 aliter
3335 2069 3458 2110 cum

1880 2153 2090 2207 venerit
2123 2154 2269 2221 quod
2299 2151 2601 2222 perfectum
2633 2158 2715 2202 cst
2739 2147 2806 2206 θ’.
2836 2156 3204 2214 coguoscetur
3231 2162 3245 2210 ;
3273 2155 3328 2198 et
3355 2146 3455 2198 ali-

1887 2257 1970 2301 ter
2003 2261 2144 2302 ttunc
2197 2246 2250 2298 in
2281 2245 2452 2298 forma
2489 2242 2656 2306 servi,
2689 2249 2814 2292 tunc
2847 2255 2976 2291 vero
3006 2241 3162 2292 aliter
3193 2238 3246 2290 in
3283 2233 3456 2292 ferina

1882 2342 1998 2406 Dei,
2045 2351 2102 2396 et
2129 2341 2184 2394 in
2230 2338 2407 2390 Patris
2437 2333 2752 2404 aequalitate
2785 2332 3076 2384 seutietur.
3126 2329 3228 2382 Pro
3258 2329 3456 2398 quibus

1878 2433 2157 2499 erunibus,
2186 2431 2268 2485 vel
2321 2449 2339 2481 ι
2381 2429 2431 2482 in
2468 2427 2644 2481 [cirum
2679 2425 2963 2486 doctrinm,
3013 2442 3032 2474 ι
3079 2430 3138 2476 ut
3169 2420 3461 2489 Apostolus

1879 2526 2012 2581 dicit
2034 2563 2051 2588 ,
2089 2533 2141 2576 et
2212 2521 2450 2576 nondnut
2483 2521 2536 2573 in
2568 2520 2680 2587 ipsa
2725 2515 2996 2578 doctrina,
3023 2513 3104 2568 vel
3135 2531 3152 2564 ι
3186 2513 3238 2566 itt
3267 2511 3456 2567 umbra

1879 2613 2103 2680 Christi,
2155 2631 2174 2664 ι
2225 2621 2286 2664 ιιι
2308 2608 2578 2664 Jeremias
2614 2607 2916 2662 nominavit
2943 2609 3083 2668 ",et
3116 2604 3350 2658 nomhuu
3403 2603 3454 2656 in

1880 2706 1998 2776 ipso
2011 2705 2249 2769 Christo,
2272 2701 2458 2755 vivere
2485 2701 2733 2754 videmur
2761 2698 2902 2751 inter
2931 2706 3138 2768 gentes.
3161 2713 3182 2747 ι
3219 2694 3454 2748 Liberali

1880 2809 2060 2850 autem
2093 2812 2121 2849 a
2155 2801 2401 2864 peccato,
2436 2791 2581 2846 servi
2612 2790 2738 2844 iacti
2777 2788 2911 2842 estis
2946 2787 3174 2856 justitia:
3206 2788 3245 2840 ⁸.
3284 2805 3304 2836 ι
3350 2785 3457 2837 Ev-

1881 2889 2078 2960 positio
2113 2898 2197 2942 est
2254 2886 2424 2940 iubis
2473 2899 2661 2940 eorum
2712 2897 2832 2952 qua:
2890 2881 3150 2950 superius
3180 2880 3340 2934 dixit.
3397 2879 3453 2933 Si

1879 2981 2024 3035 enim
2057 2978 2197 3032 ultra
2231 2993 2334 3030 non
2373 2975 2628 3030 serviatis
2673 2982 2930 3040 peccato,
2965 2979 3172 3024 certum
3204 2979 3286 3023 est
3329 2969 3453 3035 quia

1881 3073 2105 3129 liberali
2129 3073 2196 3127 ab
2228 3089 2293 3126 co
2325 3072 2467 3126 servi
2506 3069 2633 3124 facti
2682 3067 2817 3122 estis
2850 3065 3102 3134 justitim.
3130 3063 3235 3116 Sed
3277 3063 3458 3130 requi-

1886 3168 2025 3220 ritur
2067 3166 2193 3234 quis
2245 3163 2449 3232 estqui
2495 3161 2693 3215 liberat
2743 3175 2773 3213 a
2821 3167 3063 3228 peccato.
3123 3154 3256 3209 Sine
3292 3154 3457 3207 dubio

1881 3259 2127 3315 veritatis
2163 3256 2390 3326 agnitio.
2423 3254 2515 3308 Sic
2550 3253 2694 3308 enim
2724 3248 3114 3304 dicebatJesus
3148 3247 3211 3299 ad
3243 3245 3458 3300 Iuda-os

1879 3352 1970 3423 qui
2005 3350 2348 3405 crediderant
2379 3347 2428 3401 ei
2483 3364 2497 3400 :
2530 3363 2548 3395 ι
2589 3343 2646 3397 Si
2682 3340 3029 3396 credideritis
3080 3340 3248 3392 ves-bo
3286 3353 3408 3391 meo
3437 3376 3455 3400 ,

1879 3442 2190 3511 agnoscetis
2221 3439 2547 3500 veritatem,
2591 3444 2646 3489 et
2692 3435 2894 3488 veritas
2930 3429 3182 3484 liberabit
3223 3442 3317 3481 vos
3343 3429 3386 3480 '.
3427 3444 3448 3478 ι

1879 3536 2093 3591 Veritas
2117 3543 2206 3588 est
2236 3546 2369 3600 ergo
2396 3545 2518 3599 qua:
2553 3527 2751 3580 liberat
2782 3541 2809 3576 a
2841 3532 3086 3592 peccato.
3120 3531 3173 3574 et
3209 3518 3456 3572 veritatis

1878 3629 2103 3699 agnitio.
2125 3624 2344 3679 Certum
2377 3633 2460 3675 est
2486 3616 2834 3686 autemquod
2865 3613 3044 3668 omnis
3071 3611 3161 3681 qui
3194 3610 3456 3663 liberatus

1878 3720 2044 3774 fuerit
2076 3734 2104 3770 a
2133 3725 2382 3785 peccato,
2410 3710 2635 3779 iustitia:
2659 3707 2883 3762 serviat.
2911 3703 3062 3770 Quod
3109 3713 3293 3753 autem
3319 3699 3456 3753 dici-

1880 3826 2002 3866 mus
2023 3848 2038 3870 ,
2067 3807 2294 3878 iustitia:
2326 3803 2569 3865 serviat,
2604 3799 2862 3868 quoniam
2899 3794 3109 3864 justitia
3139 3807 3243 3844 una
3276 3801 3359 3844 est
3386 3804 3452 3844 ex

1880 3902 2141 3954 virtutum
2173 3897 2378 3960 choro,
2411 3893 2592 3946 simile
2626 3899 2708 3943 est
2742 3902 2806 3941 ac
2856 3885 2898 3939 si
2962 3883 3291 3944 diceremus,
3325 3879 3450 3948 quia

1877 3993 1923 4047 si
1955 3993 2077 4061 quis
2122 3989 2382 4044 liberatus
2408 3994 2491 4041 est
2531 4000 2558 4037 a
2607 3988 2854 4052 peccato,
2885 3976 3088 4031 serviet
3121 3972 3360 4034 veritati,
3398 3979 3454 4024 et

1877 4082 2078 4137 serviet
2105 4079 2389 4149 sapientia:
2412 4117 2427 4142 ,
2475 4084 2530 4129 et
2564 4073 2765 4129 serviet
2813 4067 3088 4140 pudicitia:
3115 4105 3129 4130 ,
3161 4074 3214 4119 et
3250 4063 3454 4119 serviet

1878 4172 2066 4244 pietati
2094 4171 2192 4242 (3).
2225 4171 2318 4224 Sic
2350 4169 2494 4223 enim
2519 4182 2620 4237 ego
2649 4163 2807 4217 amlio
2841 4171 2894 4216 et
2920 4160 3049 4214 illud
3081 4155 3225 4227 quod
3247 4157 3452 4210 dictum

1876 4276 1998 4319 est:
2034 4281 2051 4315 ι
2093 4263 2316 4332 Aperite
2343 4261 2474 4314 mihi
2505 4268 2692 4329 portas
2717 4252 2968 4323 justitize,
2995 4261 3051 4305 et
3082 4251 3365 4316 ingressus
3399 4247 3452 4298 in

1877 4372 1970 4412 eas
1997 4355 2298 4411 conﬁtebor
2334 4353 2560 4406 Domino
2584 4351 2626 4402 ³.
2668 4367 2686 4399 ι
2725 4347 2839 4400 Non
2870 4343 3014 4397 enim
3039 4339 3206 4394 solius
3225 4335 3455 4403 justitia:

1878 4458 2066 4521 portas
2097 4447 2403 4518 ingreditur
2438 4445 2530 4513 qui
2563 4438 2809 4495 confiteri
2844 4433 2956 4488 vult
2991 4430 3242 4491 Domino,
3276 4428 3368 4481 sed
3397 4433 3454 4479 et

211 4532 360 4604 573
393 4535 516 4588 aliis
543 4535 674 4589 dicit
706 4553 721 4588 :
768 4553 787 4585 ι
820 4534 974 4588 Nunc
1011 4542 1196 4586 autem
1241 4532 1490 4586 videmus
1519 4547 1617 4599 per
1647 4547 1774 4602 spe-

1888 4541 2126 4596 veritatis
2151 4579 2166 4603 ,
2199 4549 2254 4594 et
2301 4535 2584 4606 sapientia:
2613 4573 2628 4597 ,
2661 4539 2716 4585 et
2748 4527 2964 4600 pietatis
2987 4565 3004 4588 ,
3050 4534 3104 4577 et
3153 4520 3450 4612 pudicitim.

211 4629 382 4680 culum
413 4629 466 4680 in
492 4628 816 4698 :cnigmate;
858 4645 879 4679 ι
926 4627 1040 4696 ipsa
1085 4635 1270 4679 autem
1309 4627 1553 4678 doctrina
1585 4625 1657 4678 sit
1711 4626 1777 4680 de

209 4731 312 4787 qua
349 4718 516 4772 dicit:
556 4737 573 4770 ι
608 4719 760 4774 Tunc
789 4729 974 4774 autem
1027 4717 1333 4772 videbimus
1371 4716 1512 4771 facie
1561 4718 1626 4771 ad
1691 4716 1778 4772 l‘a-

209 4811 341 4865 cient
371 4810 436 4864 “.
475 4830 496 4863 ι
529 4811 682 4868 Unde
721 4821 777 4866 et
815 4813 866 4864 iu
902 4810 1162 4878 praesenti
1184 4809 1294 4863 vita
1335 4817 1468 4877 puto
1497 4809 1638 4876 quod
1667 4809 1778 4864 for-

794 4973 839 5004 ⁸⁸
877 4972 1042 5056 ιςεριὶ.
1096 4988 1190 5034 vn,
1215 4970 1305 5026 2|.

295 4978 338 5010 ³⁷
363 4977 522 5040 llom,
552 4992 594 5037 I,
612 4976 665 5028 8.

205 5047 252 5082 ”
303 5049 430 5118 Sap.
465 5064 544 5110 Ix,
578 5044 662 5099 iii.

208 5119 293 5175 10.
381 5115 432 5151 π
463 5117 668 5172 Thren.
699 5129 782 5180 tv,
801 5115 894 5168 '20.

271 5280 383 5348 (96)
415 5278 579 5341 Editi,
609 5295 630 5331 ι
659 5278 830 5344 Quam
862 5285 1046 5330 autem
1079 5275 1215 5348 dixit
1240 5275 1500 5348 formam,
1545 5293 1563 5325 ι
1590 5283 1704 5348 etc.

273 5341 383 5419 (97)
412 5351 594 5412 Alias,
631 5367 649 5398 ι
685 5341 754 5400 Et
781 5347 868 5401 hic
900 5363 1033 5415 ergo
1094 5347 1187 5419 qui
1212 5343 1356 5419 _[al._
1394 5360 1460 5399 eo
1485 5341 1649 5419 _qui-]_
1686 5357 1776 5396 se;

209 5411 464 5489 metipsos
481 5411 744 5489 exhibeat
758 5429 948 5471 sentos
971 5411 1066 5484 per
1084 5411 1449 5489 obedientiam
1477 5411 1736 5489 ju‘stiiize;
1752 5432 1768 5462 ο

207 5501 257 5572 et
286 5483 444 5572 paulo
497 5500 622 5558 post
664 5488 839 5552 editi,
881 5504 900 5538 ι
938 5483 1232 5540 secundum
1282 5485 1510 5538 formam
1552 5483 1776 5554 justitize

210 5561 482 5614 duetrium.
523 5579 542 5612 ι

273 5629 384 5702 (98)
412 5631 578 5702 Editi,
602 5647 622 5681 ι
640 5627 998 5702 obedientia.
1017 5645 1041 5702 r
1062 5623 1160 5702 Ms.
1181 5637 1340 5702 unus.
1375 5621 1736 5702 t_ob_edien_tcs.
1753 5637 1771 5669 ι

425 5691 604 5757 Nunc.
639 5700 800 5754 Deest
833 5697 887 5751 in
915 5695 1246 5752 editiouibus
1272 5691 1483 5749 lllerlini
1519 5701 1573 5748 et
1599 5691 1775 5745 Gene-

211 5769 409 5826 brnrtli.

277 5841 350 5900 ili
382 5841 542 5904 Editi,
576 5860 595 5892 ι
631 5841 786 5900 vivit,
830 5860 847 5894 ι
889 5840 1045 5895 male.

1385 4968 1432 4998 ⁸⁵
1464 4969 1622 5025 Ποιη.
1659 4987 1758 5034 vn,
1788 4973 1841 5027 9.

1375 5039 1422 5070 ³⁸
1445 5037 1646 5094 Thren.
1683 5057 1757 5104 tv,
1785 5042 1874 5096 20.
1979 5042 2002 5072 ’

1375 5107 1424 5162 8.
1528 5112 1548 5142 ³
1574 5109 1730 5167 Joan.
1759 5129 1879 5178 vut,
1914 5113 2005 5167 5i.

1881 4634 2136 4690 Omnium
2187 4643 2422 4700 namque
2474 4643 2580 4680 una
2637 4633 2722 4678 est
2773 4619 2893 4674 aula
2954 4618 3250 4672 virtutum.
3281 4608 3454 4700 cujus

1886 4725 1990 4778 sibi
2035 4724 2261 4794 justiti'c
2305 4699 2525 4775 nomine
2568 4711 2728 4786 pandi
2767 4709 2966 4781 jauuas
3002 4703 3238 4778 postulat
3269 4699 3345 4774 (ι)
3371 4701 3454 4769 ju«

1883 4823 2020 4870 stus.

1947 4968 2062 5001 ’σου
2105 4966 2262 5021 Rom.
2307 4981 2357 5018 Vl
2399 4962 2507 5026 .17.
2555 5030 2558 5031 ν
2621 4961 2668 5031 ’_'
2704 4956 2862 5011 Rom.
2895 4946 3328 5031 t_._28,“9‘_l,”93.

1979 5040 2026 5072 "'
2053 5038 2074 5092 l
2107 5019 2340 5093 Convtn
2365 5074 2381 5096 ,
2402 5019 2476 5088 ’2.
2548 5030 2591 5063 ⁸*
2619 5027 2778 5084 Joau.
2811 5042 2826 5081 I
2858 5065 2876 5093 ,
2904 5024 2992 5078 Η.
3058 5021 3107 5055 ⁸⁸
3134 5019 3153 5073 l
3183 5019 3308 5072 Cor.
3336 5030 3459 5085 aut,

1990 5149 2005 5164 .
2101 5108 2122 5140 ³
2154 5106 2292 5163 l'sal.
2319 5120 2462 5161 csvu
2486 5143 2503 5170 ,
2537 5101 2624 5157 l9.
2786 5114 2807 5133 ·

1956 5267 2036 5340 (2)
2069 5267 2370 5340 lils.runus,
2404 5280 2423 5314 ι
2461 5260 2625 5314 etiam
2662 5255 2707 5339 si
2739 5253 2979 5340 iustitiae,
3009 5262 3072 5340 et
3086 5249 3450 5340 sapientiast».

1885 5328 1992 5395 etc.
2018 5328 2228 5393 Deinde
2257 5337 2399 5388 idem
2431 5346 2560 5393 ms.,
2587 5349 2605 5380 ι
2641 5328 2690 5382 si
2717 5328 2838 5396 quis
2864 5340 2924 5380 se
2952 5331 3104 5392 putat
3133 5328 3456 5396 cognovisse

1888 5409 2153 5464 Demn....
2182 5411 2430 5472 oporteat
2459 5399 2612 5474 sciri.
2649 5415 2670 5449 ι
2708 5395 2817 5474 A3I_.,
2840 5415 2895 5474 _r_
2916 5409 3046 5448 eum
3073 5395 3236 5474 scire.
3263 5410 3296 5474 ,ι

1958 5477 2034 5548 (5)
2062 5465 2246 5548 sunt;
2284 5493 2302 5548 ι
2339 5483 2393 5526 et
2422 5470 2626 5526 serviet
2675 5465 2988 5548 pudicitite,
3022 5465 3366 5548 prudentia},
3398 5467 3457 5516 et

1886 5533 2094 5616 pietati.
2141 5563 2159 5595 ι
2200 5533 2305 5597 Sed
2337 5533 2690 5616 oumesmss:
2719 5537 2980 5616 omittunt
3009 5553 3026 5584 ι
3067 5533 3387 5616 prudentia.
3429 5548 3454 5584 ι

1882 5605 2112 5682 Quidam
2157 5617 2324 5668 etiam
2372 5628 2479 5666 non
2530 5609 2730 5663 habent
2777 5623 2796 5657 ι
2831 5606 3030 5660 serviet
3067 5623 3086 5656 ι
3119 5614 3250 5659 ante
3277 5621 3296 5655 ι
3336 5605 3452 5673 pic-

1885 5697 2002 5740 tali.
2040 5703 2058 5736 ι

1955 5756 2030 5826 (4)
2063 5753 2225 5819 Editi,
2267 5773 2284 5805 ι
2317 5753 2535 5826 nomine
2581 5750 2779 5806 Paulus
2811 5767 2834 5802 ν
2889 5745 3012 5819 (ηΙ.,
3058 5744 3234 5817 l’auii)
3261 5744 3454 5816 ianuas

1881 5823 2119 5887 Doétulat
2141 5823 2364 5887 aperiri.
2403 5841 2421 5876 ι
