3986 6206
565 326 706 386 1065

639 451 692 506 ι.
730 468 752 503 ι
787 449 1092 505 Humanum
1134 447 1254 502 dico
1304 456 1529 518 propter
1556 445 1935 502 inﬁrmitatem
1968 445 2152 500 carnis
2181 447 2225 502 A
2257 443 2351 494 dat
2399 457 2413 494 :

563 554 782 598 vestrm.
817 542 970 598 Sicut
1003 544 1145 598 enim
1179 541 1514 598 exliibuistis
1543 539 1786 596 membra
1823 549 2001 594 vestra
2027 554 2145 593 ser—

567 637 682 690 vire
722 635 1100 702 immunditiaa,
1146 644 1201 690 et
1230 634 1510 705 iniquitati
1554 635 1621 689 ad
1652 633 2003 702 iniquitatem
2042 632 2143 703 (εἰ),

564 727 638 783 ita
675 742 820 780 nunc
853 727 1105 782 exhibete
1134 727 1378 782 membra
1419 737 1602 785 vestra
1652 727 1866 781 servire
1914 726 2148 796 jtistitiin

2028 321 2347 372 UltlUbNIS

3645 333 3750 390 lOSl

2471 440 2617 510 quod
2661 441 2848 512 utique
2903 442 3020 498 ﬁeri
3074 460 3176 499 non
3207 457 3382 516 posset
3411 490 3425 515 ,
3453 451 3494 506 si
3523 463 3604 507 aut
3630 469 3749 508 natu-

2253 549 2308 586 ra
2341 532 2480 606 (12),
2497 545 2554 588 ut
2582 535 2908 603 quibusdam
2931 537 3159 601 videtur,
3182 553 3600 613 rcpuguaret,aut
3617 559 3745 604 astro-

2252 641 2373 679 rum
2416 640 2610 680 cursus
2637 627 2956 682 obsisteret.

2319 718 2377 776 5.
2416 739 2436 771 ‹
2471 722 2608 776 Cum
2640 723 2788 777 enim
2813 724 2956 778 servi
2989 725 3182 779 essetis
3211 727 3428 795 peccati,
3456 726 3594 784 liberi
3621 733 3746 787 eratis

561 819 620 878 in
641 819 1132 874 sanetilicationem
1166 818 1207 871 ⁸.
1243 837 1262 871 ι
1294 817 1561 872 Pudorem
1600 819 1890 888 quemdam
1915 818 2146 887 perlitec
2239 808 2482 878 iustitiae.
2502 811 2673 879 Quem
2715 829 2847 884 ergo
2879 815 3113 869 fructum
3149 816 3407 872 habuistis
3436 830 3552 875 tunc
3578 823 3622 876 iu
3647 825 3740 890 illis,

561 909 764 968 incutit
795 908 1088 980 Apostolus
1117 909 1461 964 auditoribus
1493 950 1508 976 ,
1541 919 1599 962 ut
1630 909 1732 963 hoc
1763 908 1961 963 saltem
1986 909 2143 963 obse-

558 1005 672 1074 quii
701 1003 1010 1074 dependant
1027 1002 1256 1070 justitiae
1279 1002 1796 1068 etsanctillcationi,
1818 1004 1963 1072 quod
1989 1003 2142 1072 prius

557 1097 916 1152 immunditiic
970 1097 1356 1166 iniquitatique
1413 1096 1751 1150 detulerant.
1811 1095 1954 1163 Quid
2010 1109 2140 1166 ergo

559 1198 668 1244 tam
705 1189 1004 1242 humanum
1035 1229 1050 1251 ,
1080 1189 1183 1242 hoc
1211 1198 1295 1242 est
1325 1229 1340 1253 ,
1371 1189 1501 1256 quid
1535 1198 1641 1240 tam
1684 1188 1827 1251 leve,
1860 1187 1990 1256 quid
2027 1197 2138 1240 tam

556 1278 677 1332 sine
701 1294 866 1332 onere
891 1318 907 1342 ,
951 1289 1006 1333 et
1035 1279 1180 1348 quod
1215 1277 1359 1332 nulla
1393 1293 1620 1348 prorsus
1647 1279 1813 1348 possit
1841 1279 2026 1333 carnis
2057 1277 2140 1332 in-

556 1371 787 1425 ﬁrmitas
815 1385 1080 1424 excusare
1111 1371 1238 1443 (6)?
1272 1389 1290 1422 ι
1325 1370 1480 1424 Sicut
1507 1412 1520 1431 ,
1565 1371 1746 1440 inquit
1769 1411 1783 1434 ,
1811 1370 2138 1425 exhibuistis

554 1463 796 1519 membra
830 1475 1009 1518 vestra
1037 1464 1245 1518 servire
1271 1462 1649 1525 immtinditia',
1691 1472 1743 1516 et
1770 1461 2040 1530 iniquitati
2068 1463 2136 1517 ad

555 1557 922 1628 iniquitatem,
955 1556 1030 1610 ita
1059 1570 1202 1610 nunc
1231 1556 1489 1611 exhibete
1518 1559 1757 1611 membra
1800 1567 1980 1610 vestra
2012 1572 2136 1611 ser-

551 1649 670 1704 vire
729 1647 959 1714 justitiae
1018 1645 1075 1700 in
1133 1647 1646 1701 sanctiﬁcatiouem.
1705 1667 1723 1699 ο
1775 1646 2131 1717 liigloriosnm

548 1740 768 1810 quidem
800 1749 883 1794 est
911 1750 968 1791 ut
997 1738 1070 1790 ita
1095 1739 1219 1806 quis
1249 1739 1546 1792 virtutibus
1575 1739 1879 1792 sicutvitiis
1908 1739 2126 1792 serviat.

549 1832 718 1890 Multo
772 1831 921 1887 enim
956 1831 1189 1902 amplius
1215 1841 1268 1885 et
1299 1831 1470 1886 multo
1505 1831 1765 1886 intentius
1808 1833 2126 1886 honoranda

543 1924 756 1996 justitia
790 1934 893 1980 est.
930 1924 1040 1979 Sed
1076 1939 1197 1994 ego,
1230 1924 1426 1994 inquit,
1461 1925 1697 1978 humane
1731 1934 1785 1979 et
1818 1925 2128 1980 communi-

553 2029 638 2074 ter
669 2032 772 2088 ago
807 2034 822 2070 :
857 2017 1048 2072 eadem
1079 2016 1292 2087 postulo
1319 2057 1334 2081 ,
1385 2015 1580 2072 similia
1632 2017 1874 2086 requiro.
1915 2017 2125 2073 Dudum

547 2112 845 2171 currebant
877 2111 1046 2177 pedes
1078 2109 1247 2164 vestri
1277 2110 1343 2163 ad
1369 2110 1675 2164 diemonum
1710 2110 1937 2178 templa,
1975 2125 2122 2165 nunc

545 2215 773 2262 currant
820 2203 897 2275 (7)
931 2202 996 2256 ad
1027 2201 1327 2256 Ecclesium
1372 2201 1485 2256 Dei.
1517 2202 1828 2256 Ciii'rehant
1859 2202 2010 2271 prius
2059 2203 2126 2257 ad

545 2296 932 2352 effundendum
967 2333 984 2358 ,
1020 2307 1163 2348 nunc
1207 2301 1392 2346 autem
1423 2293 1490 2346 ad
1523 2291 1865 2346 liberandum
1905 2293 2126 2362 sangui-

544 2404 667 2443 nein
693 2395 941 2442 currant.
967 2383 1436 2440 Protendebaiitur
1467 2385 1617 2452 prius
1636 2399 1830 2439 manus
1861 2395 1918 2438 ut
1947 2384 2122 2439 aliena

544 2480 864 2548 diriperent,
901 2492 1049 2534 nunc
1095 2477 1494 2547 protendanttir
1534 2485 1592 2529 tit
1626 2477 1844 2547 propria
1897 2477 2126 2546 largian-

545 2583 652 2627 tur.
681 2569 1213 2640 Circumspiciebant
1267 2567 1420 2638 prius
1468 2567 1611 2621 oculi
1669 2567 1989 2632 mulierem,
2027 2581 2122 2623 aut

541 2664 781 2720 alienum
809 2661 1011 2734 aliquid
1039 2663 1106 2714 ad
1135 2660 1633 2729 concupiscendum
1659 2700 1673 2723 ,
1708 2675 1851 2715 nunc
1880 2661 2120 2716 circum-

539 2757 777 2826 spiciaut
807 2768 1096 2823 pauperes,
1123 2752 1352 2818 debiles,
1385 2767 1586 2821 egenos
1620 2752 1685 2805 ad
1722 2753 2118 2811 miserandum.

540 2849 713 2903 Aures
737 2847 1150 2901 delectabantur
1181 2844 1366 2899 auditu
1397 2859 1558 2906 vano,
1597 2845 1679 2899 vel
1710 2845 1976 2900 bonorum
2027 2847 2122 2900 dea

541 2937 934 3010 rogationibus,
959 2951 1102 2992 nunc
1130 2947 1524 2993 convertantur
1554 2938 1620 2990 ad
1650 2936 1977 2992 audiendum
1998 2953 2120 2994 vcr-

540 3033 666 3087 hum
701 3028 820 3094 Dei,
849 3028 916 3082 ad
941 3027 1380 3096 explanationem
1410 3027 1569 3097 legis,
1600 3039 1657 3082 et
1693 3030 1758 3084 ad
1795 3030 2114 3099 capiendam

2247 903 2298 958 in
2333 903 2531 974 quibus
2561 919 2704 958 nunc
2729 906 3093 961 erubescitis?
3123 906 3254 961 Nam
3283 909 3398 963 linis
3425 910 3616 967 illorum
3637 931 3742 972 mors

2242 1003 2347 1049 est.
2376 993 2530 1050 Nunc
2560 1009 2692 1050 vero
2729 996 2940 1051 liberati
2973 1015 3000 1051 τι
3029 1009 3274 1068 peccato,
3303 1003 3440 1056 servi
3468 1014 3626 1058 autem
3651 1005 3739 1062 facti

2247 1085 2380 1150 Deo,
2412 1085 2630 1141 habetis
2676 1087 2912 1142 fructum
2954 1101 3190 1144 vestrum
3228 1091 3276 1145 iii
3307 1094 3738 1162 sanetiticationem,

2243 1178 2406 1233 linem
2437 1193 2567 1234 vero
2597 1178 2763 1232 vitam
2797 1190 3058 1234 aeternam
3092 1182 3134 1235 ⁷.
3175 1200 3194 1232 ›
3225 1181 3492 1248 Quomodo
3521 1185 3620 1256 (l3)
3654 1191 3737 1256 quis

2242 1272 2452 1342 peccati
2506 1287 2696 1327 servus
2727 1272 2819 1337 sit,
2856 1270 3194 1327 siiﬂiciciiter
3219 1274 3328 1343 jam
3359 1276 3406 1327 iu
3440 1279 3738 1345 superioribus

2242 1363 2442 1416 dictum
2472 1373 2557 1417 est
2582 1403 2598 1425 ,
2632 1379 2754 1417 cum
2782 1379 3180 1432 exponeremus
3214 1365 3357 1419 illum
3400 1367 3556 1423 locum
3585 1389 3633 1424 :i
3662 1371 3738 1425 Nc-

2241 1455 2400 1510 seitis
2428 1455 2555 1524 quia
2587 1457 2674 1508 cui
2704 1470 2800 1508 vos
2827 1456 3100 1510 exliibetis
3132 1473 3317 1512 servos
3340 1459 3402 1512 ad
3423 1461 3736 1531 obedientium,

2239 1548 2383 1602 servi
2416 1548 2552 1602 estis
2577 1548 2696 1615 ejus
2735 1548 2824 1602 cui
2871 1549 3153 1618 obedistis,
3189 1554 3304 1607 sive
3335 1557 3546 1621 peccati,
3571 1557 3739 1624 sivelu-

2236 1640 2400 1694 stitia:
2427 1639 2495 1692 3?
2532 1659 2550 1692 ι
2583 1639 2716 1694 Cum
2750 1655 2886 1710 ergo
2915 1643 3040 1712 quis
3073 1653 3300 1711 peccato
3325 1648 3522 1710 servit,
3559 1649 3735 1715 justitiie

2236 1733 2374 1788 liber
2409 1742 2516 1798 est,
2545 1731 2650 1788 hoc
2684 1743 2787 1799 est,
2814 1736 3024 1790 alienus
3063 1752 3093 1789 a
3116 1736 3347 1806 justitia.
3373 1739 3462 1792 llic
3492 1741 3613 1793 enini
3641 1740 3740 1794 litie-

2237 1843 2355 1881 rum
2391 1827 2630 1881 alienum
2676 1828 2847 1892 dicit,
2889 1839 2946 1882 et
2998 1841 3152 1884 recte
3180 1832 3410 1898 quidem.
3459 1831 3604 1884 Nemo
3628 1835 3736 1885 enim

2232 1930 2413 1990 potest
2439 1921 2598 1976 simul
2627 1931 2680 1974 et
2708 1930 2934 1991 peccato
2975 1923 3212 1986 servire,
3243 1932 3294 1976 et
3313 1921 3539 1989 justitim,
3565 1925 3740 1978 sicutet

2232 2014 2490 2070 Salvator
2511 2014 2671 2079 dixit,
2700 2013 2827 2083 quia
2863 2033 2882 2065 ε
2926 2030 3086 2068 nemo
3113 2025 3296 2084 potest
3334 2017 3524 2069 duobus
3551 2018 3737 2070 dominis

2231 2107 2443 2163 servire
2475 2109 2518 2164 ’.
2555 2126 2574 2158 ι
2614 2107 2720 2161 Sed
2746 2107 2813 2161 de
2844 2107 2929 2162 his
2952 2107 3171 2176 plenius
3200 2123 3359 2179 supra
3389 2109 3610 2163 diximus.
3633 2105 3735 2161 lllud

2230 2215 2364 2256 sane
2393 2199 2690 2256 notandum
2727 2208 2833 2262 est,
2865 2213 2991 2253 esse
3021 2207 3077 2253 et
3123 2198 3425 2254 libertatem
3451 2201 3732 2268 culpabilem,

2228 2301 2284 2346 et
2310 2291 2642 2345 laudabilem
2675 2290 3014 2344 servitutem.
3065 2288 3207 2344 Nam
3259 2290 3736 2362 liberiimessejiisti-

2230 2383 2341 2446 tiae,
2372 2383 2576 2438 crimen
2611 2390 2732 2448 est;
2767 2397 2985 2436 servum
3005 2395 3140 2435 vero
3174 2397 3316 2447 esse,
3350 2382 3604 2438 laudabile.
3619 2383 3732 2448 Quod

2226 2486 2406 2529 autem
2434 2473 2804 2542 dicitjustitize
2833 2488 3052 2528 servum
3096 2473 3241 2539 ﬁeri,
3273 2474 3425 2528 simul
3453 2473 3660 2543 iutellige
3688 2483 3731 2526 et

2225 2567 2528 2638 sapientiae,
2565 2576 2619 2622 et
2649 2566 2878 2638 pietati,
2911 2575 2964 2621 et
2991 2566 3297 2636 pudicitiae,
3337 2577 3386 2621 et
3413 2568 3632 2623 omnibus
3653 2582 3729 2619 una

2225 2659 2518 2715 virtutibus
2551 2679 2564 2715 :
2588 2659 3045 2716 sicutecoiitrario
3061 2664 3158 2732 qui
3176 2672 3408 2733 peccata,
3423 2674 3587 2714 servus
3598 2671 3662 2715 est
3679 2659 3732 2710 si-

2223 2751 2334 2806 ititil
2369 2761 2424 2808 et
2456 2750 2914 2821 concupiscentia:
2944 2749 3104 2802 malae
3125 2791 3140 2816 ,
3178 2761 3234 2806 et
3267 2751 3380 2814 ira},
3405 2761 3454 2804 et
3483 2749 3665 2811 furoris,
3690 2756 3733 2801 et

2222 2845 2601 2914 impudicitizc,
2641 2854 2697 2898 et
2725 2844 2969 2912 rapiuze;
3005 2853 3058 2898 et
3093 2844 3348 2898 omnibus
3374 2842 3519 2898 simul
3542 2842 3660 2895 vitiis
3683 2855 3732 2894 ac

2223 2939 2526 2995 sceleribus
2558 2939 2750 2992 servit.
2790 2936 2941 2993 Unde
2968 2936 3337 3006 nosmetipsos
3370 2951 3564 3004 semper
3592 2934 3733 2987 discu~

2221 3040 2337 3084 tere
2367 3029 2624 3082 debemus
2657 3043 2751 3097 per
2785 3028 2995 3096 singula
3024 3042 3260 3098 qumque
3289 3042 3406 3097 qua:
3434 3026 3668 3095 gerimus,
3691 3032 3734 3076 et

2163 1782 2205 1837 Β

538 3121 821 3194 sapientia:
867 3118 1210 3189 disciplinam
1265 3118 1364 3190 (8).
1409 3117 1613 3189 Lingua
1651 3136 1769 3184 quae
1802 3121 2070 3178 conviciis
2095 3163 2112 3190 ,
2141 3137 2183 3194 ο
2219 3123 2272 3176 in
2319 3135 2646 3191 unoquoque
2670 3131 2790 3174 actu
2821 3121 3178 3177 considerare
3209 3123 3420 3176 cuinam
3453 3121 3726 3174 serviamus.

542 3213 846 3270 maledictis
869 3251 885 3277 ,
929 3221 987 3266 et
1017 3210 1363 3281 tiirpiloquiis
1394 3222 1608 3268 assueta
1643 3223 1726 3267 est
1754 3212 1854 3284 (9),
1887 3229 2116 3271 conver-

537 3314 686 3360 tatur
737 3314 880 3357 nune
929 3300 995 3355 ad
1047 3300 1476 3356 benedicendum
1529 3300 1820 3357 Dominum
1877 3304 1929 3358 in
1965 3307 2112 3362 omni

538 3406 777 3466 tempore
793 3396 814 3426 ⁸
835 3411 849 3448 :
870 3408 1182 3449 sermonem
1207 3409 1404 3449 sanum
1427 3393 1692 3464 proferat,
1719 3405 1775 3450 et
1801 3397 2109 3465 honestum,

533 3497 594 3543 ut
623 3488 711 3543 det
739 3487 967 3558 gratiam
1002 3485 1352 3541 audientibus
1375 3526 1390 3550 ,
1438 3495 1495 3542 et
1537 3488 1822 3544 veritatem
1856 3490 2111 3561 loquatur

533 3595 656 3636 cum
701 3579 950 3649 proximo
998 3591 1097 3632 suo
1125 3577 1168 3631 “.
1214 3574 1321 3632 Sed
1353 3578 1485 3648 quid
1517 3594 1655 3647 opus
1698 3589 1782 3635 est
1829 3581 1944 3636 haec
1997 3584 2108 3638 sin-

529 3673 653 3742 gula
690 3671 966 3742 persequi,
985 3685 1106 3724 cum
1136 3671 1496 3739 pateatctiam
1529 3671 1654 3736 tibi,
1677 3673 2107 3746 uniuscujusque

531 3762 759 3819 membri
792 3763 1160 3818 ministerium
1191 3801 1209 3825 ,
1237 3762 1379 3829 quod
1412 3762 1663 3818 exhibuit
1694 3764 1844 3818 vitiis
1869 3805 1884 3829 ,
1919 3776 2108 3836 aptare

527 3856 842 3920 virtutibus,
865 3865 922 3909 et
949 3865 1134 3910 actum
1163 3870 1324 3924 quem
1349 3855 1599 3910 exhibuit
1623 3855 2005 3922 immunditim,
2038 3859 2103 3912 ad

527 3947 837 4002 castitatem
891 3961 1037 4001 nunc
1089 3944 1697 4020 sanctilicationemque
1730 3953 2104 4007 convertere?

529 4035 760 4092 Videtur
787 4049 922 4090 sane
952 4036 1043 4090 hic
1062 4035 1335 4104 justitiam
1366 4054 1466 4108 pro
1497 4040 1756 4096 omnibus
1788 4043 1952 4097 simul
1985 4044 2101 4098 vir-

528 4126 734 4182 tutibus
766 4127 1098 4192 nominasse,
1124 4127 1265 4183 sicut
1290 4133 1600 4185 econtrario
1626 4133 1970 4202 iniquitatem
2001 4151 2100 4206 pro

523 4218 776 4272 omnibus
809 4217 974 4272 simul
1012 4217 1161 4272 vitiis
1214 4218 1486 4287 posuisse.
1521 4222 1744 4278 Addidit
1777 4226 1891 4297 (l0)
1924 4243 2056 4282 sane
2077 4269 2094 4297 ,

525 4327 547 4363 ι
579 4309 804 4380 justitia:
837 4308 890 4362 in
917 4308 1433 4377 sanctificationem,
1466 4329 1485 4362 ι
1518 4327 1625 4380 quo
1649 4315 1899 4372 videlicet
1921 4321 2092 4374 casti-

521 4402 649 4456 tatis
678 4407 883 4470 partem
907 4409 961 4454 et
989 4400 1316 4468 generaliter
1343 4417 1469 4456 cuni
1498 4405 1748 4470 caeteris,
1779 4416 1834 4461 et
1863 4424 1958 4478 per
2004 4425 2093 4464 se-

2218 3225 2512 3286 peccatouc
2533 3216 2600 3268 ad
2632 3215 2994 3282 iniquitatem,
3026 3231 3095 3267 an
3149 3215 3372 3284 iustitia.-
3407 3215 3454 3268 in
3480 3212 3732 3268 sanctitica-

2219 3309 2442 3362 tionem.
2499 3328 2516 3359 ι
2569 3307 2743 3375 Quem
2774 3322 2906 3378 ergo
2931 3347 2946 3371 ,
2979 3307 3164 3376 inquit
3191 3349 3206 3373 ,
3261 3310 3482 3363 l'ructuiu
3514 3305 3730 3361 habuistis

2218 3409 2346 3454 tunc
2369 3401 2425 3454 in
2459 3400 2588 3465 illis,
2619 3400 2671 3454 iii
2707 3401 2906 3468 quibus
2941 3414 3086 3452 nunc
3120 3400 3475 3455 erubescitis?
3500 3398 3612 3453 Nam
3635 3397 3728 3449 linis

2215 3493 2432 3547 illorum
2465 3509 2614 3548 mors
2647 3505 2729 3548 est
2759 3494 2824 3548 ¹⁶.
2865 3513 2883 3546 ι
2916 3494 3179 3550 Fructum
3210 3507 3266 3550 et
3308 3499 3614 3550 bonorumet
3641 3507 3728 3544 uia-

2214 3583 2392 3638 loruin
2423 3599 2544 3639 esse
2560 3587 2717 3638 docet
2749 3584 3035 3655 Scriptura
3067 3587 3280 3652 divina,
3309 3595 3364 3640 iit
3395 3586 3500 3656 ipse
3525 3583 3729 3639 Salvator

2214 3679 2266 3731 in
2303 3677 2610 3748 Evangeliis
2639 3676 2770 3731 dicit
2804 3694 2818 3730 :
2856 3695 2875 3729 ‹
2920 3678 3030 3732 Aut
3070 3678 3241 3733 facile
3286 3679 3525 3732 arborem
3553 3677 3724 3735 boaaiii,

2210 3778 2266 3824 et
2296 3767 2528 3821 fructum
2553 3766 2671 3834 ejus
2699 3767 2936 3833 bonum;
2965 3777 3059 3822 aut
3091 3767 3255 3823 facite
3283 3767 3520 3822 arborem
3549 3764 3724 3821 malam,

2209 3867 2263 3913 et
2298 3859 2532 3912 fructum
2582 3857 2700 3926 ejus
2732 3859 2933 3912 malum
2969 3858 3033 3914 “.
3073 3858 3196 3915 Non
3230 3871 3406 3930 potest
3451 3859 3596 3912 arbor
3619 3856 3724 3909 bona

2207 3949 2421 4005 fructus
2456 3949 2628 4004 malos
2649 3949 2854 4016 facere,
2889 3965 3064 4020 neque
3100 3951 3271 4006 arbor
3302 3951 3435 4006 mala
3462 3951 3639 4005 fructus
3659 3947 3724 3998 bo-

2208 4057 2308 4097 nos
2349 4043 2532 4096 facere
2567 4042 2630 4094 ".
2666 4061 2686 4094 ι
2737 4044 2795 4096 1η
2829 4043 3027 4111 quibus
3063 4047 3401 4114 propositum
3446 4053 3494 4099 et
3525 4043 3724 4096 voluntas

2207 4133 2446 4188 hominis
2471 4173 2486 4198 ,
2522 4135 2686 4187 arbor
2732 4134 2838 4208 dici
2872 4134 3092 4189 videtur
3123 4137 3210 4190 vel
3257 4141 3394 4192 bona
3417 4179 3431 4204 ,
3461 4135 3535 4190 vel
3579 4131 3722 4192 mala.

2210 4227 2422 4281 fructus
2449 4241 2580 4281 vero
2615 4226 2735 4294 ejus
2764 4241 2953 4296 opera.
3000 4227 3057 4282 Si
3101 4231 3227 4298 quis
3264 4238 3530 4284 convertat
3555 4226 3721 4279 animos

2207 4330 2262 4374 et
2306 4321 2639 4389 propositum
2677 4321 2742 4374 ad
2769 4321 3038 4388 justitiam
3065 4362 3081 4388 ,
3118 4323 3395 4377 erubescit
3419 4322 3528 4375 sine
3554 4317 3715 4377 dubio.

2206 4423 2262 4468 et
2294 4415 2408 4484 ipse
2438 4429 2497 4468 se
2546 4421 2698 4467 nutat
2739 4414 2852 4484 (14)
2887 4416 2952 4470 de
3001 4415 3276 4485 prioribus
3304 4417 3468 4486 gestis
3494 4428 3597 4482 qua:
3634 4410 3718 4476 egit

519 4491 806 4561 metipsam
861 4493 1171 4562 specialiter
1218 4497 1648 4552 commendaret.
1703 4495 1809 4552 Sed
1857 4508 1913 4552 et
1960 4501 2091 4557 illtid
2131 4485 2172 4540 ί)
2201 4505 2411 4574 positus
2446 4505 2546 4558 sub
2575 4515 2823 4573 peccato,
2858 4505 3022 4574 quiar
3057 4505 3183 4561 ﬁnis
3211 4485 3418 4561 illorum
3451 4519 3579 4558 mors
3597 4508 3714 4555 εει.»

516 4582 726 4652 aspice,
764 4586 908 4654 quod
962 4584 1167 4658 ubique
1197 4602 1296 4656 per
1341 4587 1458 4642 haec
1506 4588 1719 4644 arbitrii
1773 4589 2088 4646 libertatein

514 4673 801 4745 designat,
832 4675 997 4750 57‘.
1037 4688 1094 4734 et
1125 4681 1366 4735 ostendit
1401 4697 1850 4754 unumquemque
1885 4686 2089 4742 habere

517 4767 572 4822 iii
607 4781 704 4822 sua
735 4777 1026 4838 potestate,
1077 4779 1137 4824 ut
1167 4787 1288 4840 qua:
1317 4784 1444 4828 ante
1477 4775 1754 4843 iniquitati
1784 4777 1851 4830 ad
1886 4778 2087 4848 iniqui-

515 4868 679 4914 tatem
716 4862 938 4916 servitia
971 4860 1317 4931 dependebat
1348 4863 1462 4935 (ll)
1491 4905 1507 4929 ,
1543 4867 1660 4922 haec
1681 4906 1699 4933 ,
1727 4883 1993 4926 converso
2029 4872 2083 4926 in

513 4953 708 5010 melius
734 4955 1032 5024 proposito,
1058 4956 1288 5026 justitiae
1317 4960 1852 5033 sanctiﬁcationique
1881 4965 2088 5034 depen-

600 5071 808 5146 fl‘om.
833 5090 908 5146 v1,
940 5074 1032 5146 l9.
1098 5075 1161 5146 7'7
1185 5075 1533 5146 Psal.xxxiii,
1559 5081 1615 5134 2.

507 5133 531 5167 ⁸
565 5143 756 5199 llattli.
783 5160 856 5210 VI,
887 5133 979 5200 24.
1069 5145 1112 5177 ¹⁰
1147 5145 1304 5201 Iiom.
1333 5163 1408 5216 η,
1434 5133 1526 5203 ει.

604 5233 657 5306 5)
682 5234 852 5306 alias,
891 5253 910 5288 ι
950 5235 1291 5306 injustitiam.
1336 5257 1356 5289 ι

604 5243 657 5304 5)
682 5243 852 5298 Alias,
891 5253 910 5288 ι
950 5243 1291 5306 injustitiam.
1336 5257 1356 5289 ι

567 5243 827 5386 ⁹ἱδῌίύίῑὶ
856 5347 872 5367 .
921 5323 940 5358 ι
995 5306 1136 5386 nulla
1159 5309 1398 5386 “ratione
1450 5324 1677 5378 prorsus
1718 5311 1892 5386 possit
1928 5311 2082 5366 inlir-

507 5377 718 5427 mitatis
765 5377 1039 5432 excusari.
1085 5395 1104 5428 ι
1157 5377 1264 5432 Sed
1299 5377 1491 5435 omnes
1527 5395 1655 5434 mss.
1698 5377 1757 5435 ut
1791 5382 1842 5435 iii
1889 5393 2077 5438 nostro

509 5450 682 5495 textu.

685 5511 858 5577 Alias,
897 5533 915 5565 ι
956 5529 1100 5571 nunc
1135 5525 1316 5572 autem
1345 5525 1697 5572 concurrant.
1746 5537 1764 5571 ι

690 5579 857 5656 Editi,
893 5601 911 5633 ι
945 5588 1275 5654 sapientiam
1301 5599 1356 5641 et
1386 5587 1748 5656 disciplinam.
1789 5607 1805 5638 ι

581 5510 634 5580 (7

581 5509 659 5718 (εξ

581 5649 634 5715 (9

578 5646 656 5715 (9)
681 5646 1090 5714 δεηειπτιτιιὺε.
1123 5672 1140 5704 ι
1183 5666 1299 5714 erat
1323 5646 1560 5712 assueta.
1593 5675 1612 5707 ι

509 5715 884 5858 qugltltgeEditi,
917 5735 936 5769 ι
973 5722 1136 5778 Addit
1167 5737 1400 5794 quoque,
1434 5743 1452 5776 ι
1487 5741 1588 5782 ins.
1621 5741 1779 5792 unus,
1805 5746 1822 5778 i
1862 5729 2072 5783 addidit

1718 5079 2001 5152 f_Zachar.
2031 5099 2082 5150 i,
2125 5084 2187 5140 l6
2221 5102 2236 5152 ;
2274 5084 2474 5151 Ephcs.
2509 5095 2584 5148 iv,
2613 5080 2703 5134 25.

1629 5151 1671 5182 ¹¹
1717 5148 1908 5205 Matth.
1941 5169 2012 5208 xii
2043 5148 2076 5221 ,i
2107 5157 2198 5211 55.

2209 4593 2316 4650 Sed
2359 4598 2580 4664 requiro
2606 4611 2725 4665 quae
2759 4611 2908 4652 mors
2936 4597 2957 4650 ?
2987 4597 3211 4652 Certum
3239 4609 3324 4652 est
3353 4599 3470 4667 quia
3499 4595 3599 4666 (l5)
3636 4606 3716 4646 nou

2200 4689 2301 4744 ista
2338 4689 2666 4742 communis.
2707 4687 2824 4743 Non
2855 4689 3000 4743 enim
3049 4690 3176 4759 quis
3208 4699 3330 4760 post
3375 4699 3582 4743 mortem
3613 4699 3716 4738 coii-

2197 4782 2431 4836 vcrtitur
2468 4783 2534 4836 ad
2559 4779 2853 4850 justitiam,
2887 4781 2974 4836 vel
3003 4796 3101 4852 pro
3149 4783 3293 4836 maie
3324 4783 3486 4853 gestis
3528 4789 3710 4850 praeter-

2195 4874 2288 4928 itis
2307 4872 2598 4928 erubescit.
2629 4873 2766 4938 Quid
2807 4887 2939 4943 ergo
2965 4874 3093 4928 est?
3123 4874 3498 4945 Nunquiduam
3544 4865 3711 4940 peccati

2197 4975 2429 5020 mortem
2457 4963 2638 5018 dicere
2655 4963 2892 5028 videtur,
2926 4964 3182 5032 quoniam
3221 4982 3240 5015 ι
3283 4965 3454 5019 anima
3478 4977 3584 5032 quae
3610 4971 3712 5028 pec-

2807 5079 2828 5110 "
2863 5079 3022 5134 Rom.
3059 5094 3132 5146 vr,
3175 5079 3267 5145 20,
3294 5080 3384 5134 22.
3455 5077 3476 5109 ⁸
3502 5075 3616 5132 ibid.
3641 5069 3709 5128 l6.

2300 5148 2340 5186 η
2395 5152 2584 5206 Matth.
2623 5166 2694 5204 vii
2723 5189 2739 5213 ,
2777 5148 2864 5202 l8.

2261 5244 2371 5314 (ll)
2423 5243 2560 5297 Editi
2589 5284 2604 5308 ,
2639 5261 2658 5292 ι
2699 5239 3116 5308 dependebant,
3154 5259 3173 5292 ο
3202 5250 3256 5295 et
3307 5238 3459 5301 inira,
3495 5256 3512 5288 σ
3543 5237 3708 5306 depen-

2187 5315 2490 5455 daz'llé),8ic
2520 5395 2650 5436 mss.
2687 5390 2743 5436 et
2775 5381 3053 5435 Rabanus.
3083 5379 3224 5434 Editi
3257 5395 3402 5443 vero,
3432 5397 3451 5430 i
3481 5379 3522 5432 si
3549 5385 3706 5430 ncces-

2182 5454 2316 5510 sitas
2345 5462 2570 5506 natura.
2614 5469 2633 5503 ι

2281 5523 2368 5591 15)
2399 5522 2571 5585 Alias,
2611 5540 2631 5572 ‹
2669 5521 2975 5588 Quoniam;
3021 5541 3041 5575 ι
3072 5520 3168 5583 al.,
3203 5537 3223 5571 ί
3259 5519 3428 5591 Quod.
3462 5536 3480 5570 ι

2281 5530 2368 5591 15)
2399 5530 2571 5585 Alias,
2611 5540 2631 5572 ‹
2669 5530 2975 5588 Quoniam;
3021 5541 3041 5575 ι
3072 5530 3168 5583 al.,
3203 5537 3223 5571 ί
3259 5530 3428 5587 Quoi].
3462 5536 3480 5570 ι

2255 5530 2366 5664 iu)
2394 5592 2544 5646 Αίίίιδ
2566 5631 2582 5654 ο
2624 5611 2643 5642 σ
2691 5603 2746 5646 et
2773 5592 2887 5662 ipse
2913 5607 2973 5648 se
3003 5599 3222 5648 renovat
3247 5631 3263 5652 ,
3304 5607 3326 5642 ο
3355 5590 3448 5654 al.,
3481 5604 3499 5640 i
3527 5594 3576 5641 et
3604 5583 3700 5654 ipsa

2391 5682 2554 5797 ’Quin.
2583 5733 2742 5788 Deest
2770 5733 2822 5787 in
2856 5733 3010 5788 libris
3037 5739 3189 5787 antea
3222 5728 3418 5798 editis,
