3914 6352
136 270 168 325 l
179 270 293 326 065

1103 265 1456 324 COMMENT.
1498 265 1564 321 IN
1600 262 1822 320 EPIST.
1863 265 1952 319 AD
1992 263 2156 320 ROM.
2201 264 2330 320 ΜΒ.
2373 263 2458 320 VI.

3276 265 3416 320 1866

133 396 262 450 cat,
295 385 412 456 ipsa
447 384 706 440 morietur
737 386 780 417 ¹³
809 386 832 440 ?
869 403 888 436 ι
923 383 1001 439 An
1035 385 1166 438 illud
1217 387 1388 455 magis
1420 394 1598 454 potest
1638 385 1725 436 i-n-
1761 389 1802 444 Α
1834 384 2034 437 tionem
2087 384 2329 437 diximus
2381 379 2652 436 fructuum
2703 380 2990 449 malorum,
3044 390 3098 438 et
3132 380 3407 438 fructuum

135 479 328 550 lelligi
356 480 500 550 quod
532 477 691 532 istam
731 486 958 531 mortem
986 478 1126 531 dicat
1151 479 1265 550 (16)
1297 495 1400 548 qua
1433 495 1551 532 cum
1575 477 1734 530 Chri-

136 581 236 625 sto
267 579 496 640 peccato
521 569 808 633 morimur,
841 579 896 624 et
940 571 1084 625 vitiis
1120 587 1183 625 ac
1225 570 1522 625 sceleribus
1570 569 1732 622 tinent

137 665 372 726 damus,
408 670 463 713 ut.
491 671 712 730 propter
734 662 837 715 hoc
868 662 1074 716 dixisse
1128 663 1392 728 videatur,
1413 661 1536 730 quia
1566 677 1586 712 ι
1615 660 1737 714 linis

139 753 374 808 illorum
410 769 558 806 mors
607 753 739 806 est?
789 752 945 807 Nune
975 768 1106 806 vero
1156 752 1368 806 liberati
1404 766 1432 804 a
1467 760 1689 820 peccato
1717 793 1732 816 ,

136 846 297 900 scrvi
336 853 518 897 autem
560 843 686 898 facti
721 844 854 908 Deo,
889 845 1103 898 habetis
1140 844 1375 898 fructum
1406 853 1649 898 vestrum
1679 842 1732 894 in

138 935 690 999 sanctiﬁcationetn,
748 935 912 990 ﬁnem
964 951 1094 990 vero
1150 935 1314 989 vitam
1366 943 1646 988 teternatn.
1712 951 1730 984 ι

140 1025 397 1080 Fructus
448 1025 714 1080 fructibus
765 1035 1043 1094 comparat
1095 1044 1108 1079 ε
1157 1035 1214 1080 et
1259 1027 1468 1093 peccati
1514 1024 1734 1094 quidem

139 1117 372 1172 fructus
432 1133 528 1187 pro
567 1117 764 1186 quibus
793 1133 955 1182 nunc,
987 1119 1088 1172 hoc
1118 1126 1220 1182 est,
1248 1127 1433 1186 postca
1467 1131 1630 1186 quam
1671 1117 1737 1169 li-

135 1208 328 1262 berati
375 1225 402 1261 a
451 1217 670 1278 peccato
693 1247 710 1274 ,
739 1217 793 1262 et
835 1209 975 1262 servi
1009 1208 1136 1262 facti
1171 1208 1301 1272 Deo,
1335 1208 1510 1262 sancti
1544 1207 1737 1259 erube-

134 1309 337 1364 scunt,
358 1301 672 1368 pronuntiat
696 1310 873 1354 morte
909 1299 1059 1354 finiri
1094 1317 1107 1353 :
1140 1299 1346 1354 fructus
1366 1315 1494 1354 vero
1516 1297 1738 1365 justitize

129 1393 248 1460 qui
295 1403 425 1447 sunt
476 1396 526 1445 in
556 1392 1048 1446 sanetiticationem
1079 1431 1094 1454 ,
1128 1391 1288 1445 finem
1331 1391 1465 1445 dicit
1491 1390 1738 1457 accipere

143 1483 324 1535 vitam
358 1491 640 1536 atternam.
693 1481 746 1535 ln
783 1498 891 1552 quo
927 1483 1060 1536 illud
1110 1483 1286 1551 primo
1316 1495 1422 1535 non
1459 1488 1544 1534 est
1573 1479 1738 1535 omit-

138 1576 402 1640 tendum,
445 1576 588 1644 quod
625 1574 839 1628 fructus
865 1574 1084 1644 quidem
1120 1589 1214 1630 eos
1242 1589 1338 1644 pro
1366 1574 1562 1644 quibus
1597 1587 1739 1627 nunc

137 1668 538 1722 erubescimus
562 1667 695 1737 (l7),
725 1667 778 1720 in
808 1681 914 1736 quo
949 1665 1058 1720 sint
1091 1667 1261 1722 noluit
1293 1667 1574 1722 nominare
1605 1681 1622 1720 :
1649 1681 1739 1719 co-

1837 475 2100 530 bonornm
2153 475 2347 531 fecisse
2381 474 2722 547 Apostolum)
2753 476 2893 546 quod
2948 476 3018 530 ibi
3061 475 3277 545 quidem
3315 479 3405 530 ubi

1836 569 1902 622 de
1937 569 2094 624 malis
2148 567 2416 622 fructibus
2469 567 2706 632 dicebat,
2761 583 2866 622 non
2913 567 3097 622 dixit:
3150 565 3406 624 Fructum

1837 669 2079 714 vestrum
2130 660 2396 714 habuistis
2433 678 2450 710 ι
2485 659 2537 712 in
2573 659 2770 728 quibus
2802 675 2946 712 nunc
2991 658 3350 714 erubesciis:
3384 677 3404 709 ι

1835 751 1928 804 sed
1960 750 2098 804 dixit
2127 767 2140 803 :
2184 769 2202 802 ι
2233 751 2404 817 Quem
2453 765 2583 820 ergo
2639 750 2874 804 fructum
2909 751 3217 806 habuistis?
3249 769 3270 805 ι
3321 752 3412 806 ubi

1837 857 1964 896 vero
1998 843 2065 898 de
2117 843 2276 898 bonis
2323 843 2587 897 fructibus
2635 842 2789 906 dicit,
2828 844 2981 897 addit
3035 862 3053 894 ι
3089 853 3356 901 vestrum.
3389 863 3409 896 ι

1839 934 1930 988 Sic
1973 935 2118 988 enim
2172 934 2407 989 scribit:
2467 953 2483 984 ι
2527 932 2748 988 Habetis
2804 935 3039 988 fructum
3086 946 3324 991 vestrum
3355 936 3411 989 in

1836 1025 2322 1079 sanctificationem
2356 1042 2368 1079 :
2409 1044 2426 1077 ι
2473 1042 2567 1095 per
2602 1025 2742 1092 quod
2781 1025 3024 1080 indicare
3075 1025 3206 1080 ntihi
3261 1025 3414 1080 vide-

1838 1129 1924 1170 tur
1953 1117 2094 1186 quod
2143 1116 2353 1172 fructus
2401 1119 2597 1184 malus,
2643 1119 2850 1173 fructus
2903 1120 3309 1173 erubescendos
3357 1128 3415 1174 et

1838 1206 2203 1274 paenitendus,
2242 1221 2349 1260 non
2385 1216 2468 1261 est
2497 1219 2678 1262 noster
2711 1209 2940 1262 fructus.
2981 1206 3094 1262 Non
3131 1208 3276 1262 enim
3303 1222 3414 1261 ma-

1840 1300 1942 1350 lam
1981 1299 2032 1352 in
2064 1299 2219 1352 nobis
2249 1299 2500 1354 arborem
2563 1302 2702 1353 Deus
2756 1299 3022 1368 plantavit
3056 1313 3174 1368 qua}
3204 1297 3412 1354 fructus

1839 1388 2008 1442 malos
2032 1389 2316 1458 proferret,
2356 1391 2500 1444 sicut
2529 1401 2582 1444 et
2618 1391 2730 1460 ipse
2755 1391 2884 1446 dicit
2914 1406 3012 1460 per
3041 1390 3357 1460 prophetam
3393 1406 3408 1442 :
3481 1394 3486 1399 '

1844 1496 1861 1528 ι
1896 1478 2007 1547 Ego
2032 1489 2083 1532 te
2117 1479 2354 1548 plantavi
2385 1481 2546 1535 vitem
2573 1480 2908 1535 frnctifcram
2941 1492 3107 1534 totam
3140 1495 3414 1548 veracem,

1838 1569 2108 1634 quomodo
2126 1584 2383 1622 conversa
2409 1585 2467 1624 es
2487 1571 2538 1622 in
2562 1571 2919 1624 amaritudine
2937 1570 3062 1624 vitis
3085 1572 3271 1625 aliena:
3293 1570 3368 1626 ⁸⁸2
3389 1590 3408 1624 ι

1843 1657 2077 1712 Fructus
2113 1673 2242 1727 ergo
2280 1657 2451 1712 malos
2491 1660 2652 1713 etiam
2705 1661 2750 1714 si
2785 1658 3098 1727 aﬂ'eramus,
3133 1676 3238 1715 non
3287 1671 3415 1716 sunt

141 1772 275 1810 rum
309 1771 441 1811 vero
488 1757 724 1812 fructum
760 1763 851 1826 qui
906 1757 1122 1812 liberati
1162 1767 1287 1812 sunt
1334 1773 1363 1812 a
1392 1766 1639 1825 peccato,
1676 1767 1730 1809 et
1767 1742 1804 1794 Β
1834 1749 2043 1812 uestri,
2075 1750 2169 1803 sed
2201 1748 2385 1814 alieni,
2417 1749 2466 1802 id
2511 1759 2595 1802 est
2627 1751 2833 1817 peccati
2861 1768 2875 1815 ;
2911 1749 3117 1806 fructus
3147 1765 3278 1807 vero
3309 1752 3413 1807 bo-

143 1849 300 1902 servi
333 1849 461 1904 facti
495 1861 621 1904 sunt
651 1850 779 1915 Deo,
814 1849 947 1904 dicit
977 1851 1174 1905 essein
1219 1849 1728 1905 sanctificationem.

145 1939 432 1993 Bonorum
466 1942 611 1995 enim
644 1941 983 2009 frequentius
1008 1957 1167 2008 quam
1193 1940 1452 1993 malorum
1487 1939 1730 1993 habenda

147 2033 420 2086 "tentoria
455 2041 558 2088 est.
587 2032 738 2098 Quod
777 2041 960 2086 autem
999 2032 1150 2100 prius
1185 2031 1252 2086 de
1283 2031 1440 2084 malis
1466 2029 1730 2084 fructibus

145 2134 206 2177 et
237 2121 349 2176 ﬁne
384 2138 597 2186 enrmn,
627 2131 814 2190 postea
845 2136 973 2175 vero
1001 2123 1067 2175 de
1100 2120 1372 2176 fructibus
1401 2121 1490 2190 qui
1529 2121 1580 2174 in
1604 2136 1733 2174 san-

148 2213 545 2267 ctificationem
574 2219 696 2268 sunt
726 2212 864 2283 (18),
890 2221 945 2266 el
977 2212 1042 2266 de
1085 2212 1190 2266 fine
1229 2227 1414 2267 eorum
1441 2252 1455 2276 ,
1485 2225 1604 2280 quae
1651 2221 1735 2267 est

151 2303 269 2356 vita
309 2312 536 2369 aeterna,
581 2305 926 2371 memoravit,
961 2305 1082 2359 vide
1127 2304 1254 2373 quia
1299 2303 1475 2359 simile
1503 2315 1586 2358 est
1631 2305 1734 2359 hoc

159 2393 312 2448 dicto
337 2395 656 2463 prophetico
685 2395 760 2448 illi
803 2410 910 2462 quo
938 2397 1052 2465 ipse
1085 2398 1162 2450 ait
1192 2416 1206 2450 :
1242 2416 1259 2447 ι
1299 2397 1409 2466 Ego
1441 2396 1685 2450 occidam
1716 2437 1732 2462 ,

153 2495 214 2538 et
245 2501 348 2554 ego
399 2487 582 2542 vivere
631 2486 826 2541 faciam
863 2487 946 2555 “;
1005 2507 1022 2540 ι
1057 2499 1111 2542 et
1148 2489 1342 2543 iterum
1395 2506 1409 2543 :
1465 2508 1483 2541 ι
1535 2489 1734 2546 Pereu-

156 2576 294 2630 tiam
325 2617 340 2641 ,
375 2588 428 2631 et
475 2592 573 2645 ego
617 2579 856 2642 sanabo;
895 2597 914 2630 ι
965 2587 1018 2632 et
1049 2593 1262 2632 rursum
1296 2579 1346 2632 in
1384 2577 1527 2634 Job:
1562 2597 1580 2632 ι
1620 2581 1736 2648 Ipse

151 2664 346 2718 dolere
372 2665 518 2732 facit,
554 2676 605 2720 et
653 2668 946 2722 remedium
974 2670 1062 2722 dat
1095 2688 1107 2722 :
1142 2670 1396 2738 percutit,
1436 2679 1491 2724 et
1535 2686 1731 2727 manus

147 2754 271 2822 ejus
301 2767 461 2810 sanat
485 2758 549 2811 ⁸⁵.
581 2778 599 2809 ι
625 2758 755 2824 Quae
777 2760 957 2813 omnia
981 2760 1105 2814 illuc
1131 2761 1420 2830 aspiciunt,
1444 2763 1584 2830 quod
1608 2773 1735 2818 ante

151 2846 496 2900 moriendum
538 2859 623 2902 est
649 2865 772 2902 cum
806 2851 1045 2916 Christo,
1079 2861 1132 2905 et
1163 2853 1237 2905 ita
1281 2855 1671 2910 convivendum
1715 2873 1732 2911 :

148 2944 208 2990 et
239 2947 364 2991 ante
389 2939 857 3008 compatiendum,
901 2950 956 2994 et
997 2941 1071 2994 ita
1116 2945 1582 3012 conregnandnm.
1616 2945 1730 2999 Nisi

1837 1858 1931 1896 nos
1968 1843 2011 1897 si
2056 1839 2344 1896 offeramus
2394 1844 2448 1894 in
2497 1843 3011 1908 sanctificationem,
3057 1843 3226 1900 uestri
3281 1855 3413 1900 sunt.

1837 1932 2061 1985 fructus.
2093 1930 2231 1986 Istos
2263 1932 2405 1986 enim
2434 1932 2642 1988 fructus
2675 1945 2732 1988 ιιι
2769 1933 2992 1990 aﬂ'erret
3037 1935 3274 1990 humana
3309 1951 3412 1992 na-

1834 2034 1954 2077 tura
1999 2039 2028 2076 a
2056 2023 2342 2079 conditore
2374 2038 2473 2080 suo
2503 2025 2760 2094 suscepit.
2815 2025 2953 2082 Nam
2993 2027 3071 2081 illi
3105 2028 3267 2082 alieni
3303 2043 3412 2084 non

1835 2125 1960 2170 sunt
1991 2116 2041 2169 in
2077 2116 2234 2171 nobis
2263 2114 2517 2172 seminati
2557 2132 2586 2170 a
2617 2119 2726 2171 Deo
2757 2116 2891 2189 (21).
2928 2116 3020 2172 Vis
3051 2129 3232 2174 autem
3267 2119 3410 2176 scire

1835 2204 1960 2273 quia
1992 2206 2251 2261 Dominus
2267 2222 2372 2262 non
2395 2208 2632 2262 seminat
2664 2207 2831 2263 malos
2857 2207 3101 2264 fruetus?
3135 2211 3260 2264 audi
3287 2225 3414 2268 eum

1836 2297 1888 2350 in
1922 2297 2216 2367 Evangelio
2245 2299 2509 2354 dicentem
2544 2317 2556 2351 :
2592 2316 2611 2350 ι
2653 2299 2840 2354 Nonne
2876 2298 3076 2354 bonmn
3113 2315 3298 2356 semen
3328 2315 3414 2357 se-

1837 2390 2160 2444 minavimus
2189 2389 2240 2444 in
2270 2391 2436 2460 agro?
2477 2389 2628 2446 Unde
2676 2405 2805 2461 ergo
2861 2393 3019 2446 habet
3067 2393 3313 2448 zizania?
3345 2395 3416 2450 Et

1838 2478 2174 2546 respondens
2204 2479 2338 2532 dixit
2365 2477 2512 2550 ('22):
2539 2479 2798 2534 Inimicus
2834 2481 2995 2535 homo
3026 2483 3128 2537 hoc
3149 2483 3286 2550 fecit
3309 2485 3408 2540 ".r

1839 2563 1904 2618 Et
1927 2565 2104 2621 adhuc
2138 2566 2222 2621 vis
2253 2568 2486 2636 amplius
2518 2567 2731 2623 discere
2777 2573 2902 2639 quia
2951 2571 3037 2626 isti
3069 2573 3250 2628 carnis
3290 2574 3412 2630 fru-

1836 2667 1956 2711 ctus
1983 2671 2085 2712 non
2123 2661 2476 2725 sunLnostri,
2514 2664 2608 2716 sed
2651 2660 2810 2715 alieni
2839 2662 2862 2716 ?
2891 2661 3012 2732 Ipse
3053 2665 3247 2720 iterum
3293 2668 3411 2740 (23)

1841 2750 2099 2806 Dominus
2131 2753 2181 2806 in
2214 2753 2502 2824 Evangelio
2539 2755 2703 2811 dicit:
2735 2777 2753 2809 ι
2786 2759 2840 2814 Si
2889 2758 2940 2812 in
2984 2759 3165 2813 alieno
3220 2761 3412 2819 fideles

1839 2857 1942 2896 non
1975 2843 2172 2907 fuistis,
2211 2846 2354 2914 quod
2395 2857 2637 2901 vestrum
2670 2859 2750 2904 est
2779 2851 2901 2919 quis
2929 2850 3082 2905 dabit
3115 2851 3266 2908 vobis
3291 2853 3406 2909 "1’s

1837 2933 1929 2987 Sic
1962 2949 2092 3006 ergo
2125 2938 2403 3006 profundae
2454 2940 2682 2996 rationis
2734 2943 2995 3013 mysterio
3021 2943 3073 2998 in
3107 2947 3250 3002 malo
3280 2948 3406 3017 qui-

152 3030 302 3083 cnim
348 3031 504 3098 prius
560 3047 658 3100 per
703 3032 1083 3100 paenitentiam
1136 3045 1364 3102 peccato
1413 3037 1728 3102 moriamur,

1837 3025 1954 3078 dem
1988 3025 2164 3080 fructu
2193 3029 2482 3096 Apostolus
2520 3046 2624 3084 non
2677 3032 2883 3087 addidit
2915 3051 2933 3084 ι
2965 3045 3249 3102 vestrum;
3285 3055 3305 3091 ι
3341 3037 3409 3094 de

151 3137 262 3175 non
302 3138 586 3191 possumus
618 3139 716 3190 per
738 3123 1004 3192 justitiam
1042 3124 1223 3180 vivere
1256 3125 1386 3180 Deo.
1411 3127 1516 3180 Sed
1544 3137 1597 3180 et
1628 3128 1729 3182 hoc

153 3214 296 3281 quod
327 3213 437 3284 (l9)
460 3215 709 3283 superius
744 3214 978 3268 dixit“:
1021 3237 1038 3264 ι
1062 3215 1302 3268 Liberali
1333 3225 1511 3269 autem
1544 3231 1572 3269 a
1604 3232 1729 3284 pec-

153 3315 297 3368 cato,
329 3307 468 3360 servi
502 3305 628 3360 facti
671 3305 804 3360 estis
844 3305 1070 3375 justitite
1103 3323 1115 3360 :
1156 3325 1174 3357 ι
1213 3319 1356 3361 nunc
1391 3317 1573 3362 autem
1605 3323 1726 3362 cum

155 3395 408 3448 similiter
453 3395 653 3448 dixerit
683 3415 696 3449 :
735 3414 752 3446 ι
790 3393 1032 3449 Liberati
1069 3403 1246 3448 autem
1275 3411 1304 3448 a
1339 3407 1563 3465 peccato
1595 3398 1659 3462 ⁸⁷,
1704 3417 1723 3450 ι

156 3502 260 3538 non
309 3485 565 3540 similiter
615 3486 787 3546 dixit,
824 3505 842 3536 ι
885 3487 1026 3539 :crvi
1065 3486 1191 3540 facti
1228 3488 1362 3541 estis
1393 3488 1622 3558 justitia:
1648 3529 1664 3553 ,
1702 3507 1722 3542 ι

153 3577 273 3640 sed,
310 3594 330 3626 ι
370 3577 510 3629 servi
542 3574 667 3630 facti
712 3579 842 3632 estis
873 3577 983 3632 Deo
1025 3592 1040 3630 :
1097 3599 1115 3629 ι
1156 3592 1262 3631 non
1291 3590 1376 3633 est
1404 3581 1578 3634 otiosa
1613 3581 1726 3634 dis-

155 3669 365 3721 tinctio.
416 3664 520 3719 Per
571 3666 671 3719 hoc
717 3665 861 3720 enim
911 3667 1251 3732 ostenditur,
1311 3669 1453 3736 quod
1511 3679 1724 3736 postea-

151 3773 314 3828 quam
351 3757 473 3825 quis
503 3756 764 3811 liberatus
793 3772 823 3810 a
851 3767 1076 3824 peccato
1108 3759 1290 3825 fuerit,
1325 3759 1536 3813 servire
1569 3759 1729 3814 debet

152 3846 572 3918 primojustitia:
602 3857 658 3901 et
687 3849 938 3902 omnibus
976 3849 1270 3902 virtutibus
1299 3849 1483 3915 simul,
1519 3859 1575 3902 ut
1605 3849 1728 3904 inde

151 3953 250 4008 per
288 3937 593 4007 profecmm
628 3936 887 3991 ascendat
912 3939 980 3993 ad
1013 3940 1142 4002 hoc,
1174 3949 1233 3991 ut
1258 3954 1450 3994 servus
1483 3940 1575 3993 fiat
1596 3941 1725 4006 Deo,

153 4030 402 4099 quamvis
429 4037 484 4084 et
512 4030 722 4084 servire
765 4029 1011 4097 iustitiae,
1052 4032 1257 4085 servire
1281 4033 1352 4084 sit
1387 4031 1519 4085 Deo.
1570 4033 1728 4086 Chri-

157 4128 275 4174 stus
314 4127 397 4172 est
429 4119 574 4173 enim
619 4118 828 4188 justitia
857 4157 873 4182 ,
904 4129 957 4172 et
989 4121 1194 4174 servire
1222 4119 1444 4175 Christo
1469 4159 1484 4184 ,
1520 4121 1727 4176 servire

154 4214 262 4266 Deo
310 4221 415 4266 est.
470 4213 564 4266 Est
623 4222 803 4268 tamen
855 4216 991 4267 ordo
1049 4214 1430 4283 profectnum,
1484 4226 1540 4271 et
1599 4227 1728 4272 sunt

154 4304 310 4376 575
351 4306 404 4360 in
447 4305 736 4361 virtutibus
775 4308 975 4375 gradus
1002 4306 1150 4378 (‘20):
1182 4316 1238 4362 et
1269 4308 1478 4363 idcirco
1517 4308 1724 4363 dicitur

1835 3116 1974 3168 bono
2011 3125 2190 3170 autem
2219 3119 2394 3172 dicit:
2439 3137 2457 3170 ι
2497 3120 2719 3176 llabetis
2764 3123 3002 3178 fructmn
3050 3137 3290 3182 vestrum
3347 3131 3401 3183 in

1833 3205 2340 3263 sanctiﬁcationem.
2379 3228 2398 3261 ι
2442 3211 2594 3276 Quod
2638 3221 2818 3267 autem
2864 3215 3215 3284 perfectiores
3263 3220 3410 3276 dicat

1835 3295 1932 3349 hos
1962 3295 2077 3366 (24)
2109 3312 2245 3365 quos
2271 3299 2477 3354 servire
2509 3299 2616 3353 Deo
2648 3301 2910 3367 nominat,
2935 3319 3095 3372 quam
3127 3304 3248 3361 illos
3271 3320 3409 3375 quos

1832 3387 2006 3456 primo
2036 3391 2244 3444 servire
2273 3389 2504 3459 justitite
2537 3394 2774 3457 dixerat,
2813 3395 2977 3448 etiam
3015 3412 3079 3451 ex
3123 3397 3225 3452 hoc
3276 3412 3410 3467 pro--

1831 3479 2006 3543 batur.
2045 3483 2189 3551 quod
2227 3483 2416 3538 horum
2449 3483 2683 3541 h-nctum
2717 3487 2768 3539 in
2803 3487 3293 3543 sanctiﬁcationem
3314 3504 3411 3559 po-

1829 3572 1938 3625 suit
1969 3588 1984 3637 ;
2021 3574 2112 3642 qui
2167 3574 2389 3645 intelligi
2426 3587 2652 3642 possunt
2691 3577 2742 3630 hi
2775 3591 2896 3634 esse
2929 3579 3019 3648 qui
3059 3592 3118 3632 se
3157 3581 3401 3635 castitati

1829 3673 1884 3717 et
1916 3663 2268 3717 continentiae
2299 3665 2674 3730 devoverant;
2719 3665 2790 3718 illi
2827 3678 3007 3721 autem
3036 3683 3174 3736 quos
3214 3683 3407 3724 servos

1831 3755 1967 3808 dixit
2014 3770 2136 3809 esse
2177 3755 2429 3822 justitize,
2476 3767 2704 3824 possunt
2731 3757 2894 3812 etiam
2935 3759 2986 3814 bi
3021 3761 3190 3814 videri
3225 3763 3316 3831 qui
3349 3763 3403 3818 in

1832 3846 2100 3915 coniugiis
2131 3847 2317 3914 positi,
2343 3845 2571 3913 justitiae
2603 3858 2781 3902 tamen
2807 3860 2862 3902 et
2892 3851 3145 3906 omnibus
3180 3853 3403 3908 virtuti-

1831 3936 1928 3992 bus
1957 3953 2177 4006 cperam
2207 3940 2471 4008 praebent.
2504 3939 2577 3992 De
2605 3939 2712 3992 vita
2755 3951 2934 3994 autem
2968 3949 3170 3997 aeterna
3206 3958 3404 4014 quam-

1829 4030 1910 4084 vis
1943 4041 1996 4084 et
2029 4032 2080 4084 in
2114 4031 2234 4085 aliis
2263 4031 2395 4086 locis
2420 4045 2563 4100 saepe
2599 4046 2625 4083 a
2664 4032 2823 4086 nobis
2855 4033 3057 4090 dictum
3095 4036 3191 4101 sit,
3217 4046 3400 4092 tamen

1827 4131 1882 4175 et
1910 4121 1960 4174 in
1992 4124 2244 4192 praesenti
2295 4125 2533 4178 breviter
2579 4123 3052 4194 perstringendum
3101 4136 3207 4190 est,
3253 4130 3400 4198 quod

1827 4214 2104 4267 :eternitas
2140 4215 2191 4266 in
2226 4214 2524 4283 Scriptnris
2548 4213 2840 4281 aliquando
2868 4231 2967 4286 pro
2993 4231 3058 4271 eo
3083 4230 3316 4287 ponatur
3346 4229 3404 4274 ut

1827 4303 1983 4357 finem
2032 4305 2271 4367 nesciat,
2303 4305 2591 4374 aliquando
2633 4320 2762 4360 vero
2791 4317 2850 4360 ut
2880 4307 2934 4360 in
2976 4308 3230 4377 praesenti
3277 4311 3403 4379 qui-

156 4398 396 4454 Christus
420 4415 667 4469 regnare,
699 4401 946 4470 profecto
979 4402 1279 4456 secundum
1305 4401 1407 4457 hoc
1437 4403 1580 4472 quod
1627 4403 1722 4473 ju-
1756 4417 1800 4473 ι)
1829 4396 1949 4450 dem
1979 4397 2173 4452 szeculo
2198 4397 2357 4450 linem
2388 4413 2492 4451 non
2539 4397 2759 4462 habeat,
2789 4397 2987 4452 habeat
3016 4407 3196 4453 tamen
3229 4401 3283 4453 in
3317 4399 3402 4454 fu-

162 4493 296 4550 stitia
312 4494 591 4557 est,dnnec
631 4492 684 4546 in
717 4508 1047 4562 unoquoque
1071 4494 1412 4564 compleatur
1443 4495 1722 4564 plenitudo

165 4579 446 4647 virtutum,
500 4585 589 4635 ubi
641 4597 769 4637 vero
837 4598 1086 4638 mensura
1143 4584 1306 4639 fuerit
1366 4584 1721 4652 perfectionis

163 4677 394 4745 expleta,
427 4688 556 4734 tunc
591 4680 797 4734 dicitur
831 4679 1094 4733 traderer
1135 4692 1358 4746 regnum
1401 4675 1511 4729 Deo
1536 4683 1590 4729 et
1613 4675 1719 4728 Pa-

165 4769 249 4832 tri,
281 4788 299 4820 ι
344 4771 532 4840 utjam
564 4773 631 4826 sit
671 4788 690 4822 σ
732 4771 871 4824 Deus
897 4770 1080 4826 omnia
1111 4769 1164 4822 in
1194 4768 1446 4821 omnibus
1475 4767 1536 4820 η.
1565 4786 1584 4819 ι
1613 4767 1718 4821 Sed

160 4867 211 4909 et
247 4858 370 4913 illud
401 4861 577 4914 adhuc
626 4859 1030 4914 observandum
1070 4865 1195 4925 puto
1230 4855 1509 4926 (quoniam
1552 4855 1720 4910 colla-

225 4954 267 4985 "
287 4954 484 5010 Ezech.
519 4970 672 5020 xvut,
697 4955 751 5008 4.
825 4954 868 4987 ¹⁴
894 4955 1044 5008 Deut.
1074 4967 1251 5016 xxxtt,
1273 4951 1360 5005 59.

159 5023 200 5055 "
227 5022 420 5078 Jerent.
440 5041 502 5092 ιι,
533 5028 622 5079 21.
697 5027 742 5056 ²⁰
765 5023 956 5078 Matth.
985 5038 1101 5086 xm,
1129 5022 1218 5075 27.

219 5119 322 5190 (16)
350 5119 512 5182 Editi,
547 5138 565 5171 ι
594 5120 748 5175 dicit.
787 5139 804 5170 ι
836 5119 901 5172 Ει
923 5118 1084 5190 paulo
1113 5125 1264 5188 post,
1301 5131 1320 5163 ‹
1343 5114 1702 5190 utposthzec»

159 5189 274 5259 (ms.
305 5187 469 5252 unus,
511 5207 528 5240 ι
561 5200 615 5244 ιιι
657 5201 776 5259 post
803 5187 935 5244 hoc.
959 5208 976 5240 ι
1015 5187 1294 5251 Ιὶιιιιςιιιιιε,
1341 5205 1360 5239 ι
1399 5197 1456 5240 ιιι
1481 5189 1712 5255 Aposto-

155 5257 234 5312 lus
258 5259 368 5328 ltaec
433 5261 452 5328 )
485 5257 688 5315 dixisse
721 5261 989 5323 videatur,
1029 5277 1046 5309 ι
1079 5268 1185 5312 etc.

222 5327 330 5400 (l7)
363 5326 523 5400 Editi,
556 5345 858 5398 perperam,
897 5347 916 5400 ᾳ
953 5344 1057 5382 non
1092 5326 1483 5382 erubescimus.
1521 5345 1537 5375 ι

250 5398 329 5465 18)
356 5399 524 5465 Alias,
565 5419 584 5451 ι
625 5401 674 5452 in
711 5399 1135 5455 sat'tctilicatione
1166 5406 1312 5449 sunt.
1346 5415 1364 5446 ι

244 5467 327 5539 19)
354 5467 520 5532 Editi,
557 5488 574 5520 ι
613 5472 739 5538 quia
771 5471 1017 5539 superius
1042 5468 1260 5539 dixerit.
1296 5485 1313 5517 ι

243 5535 330 5607 20⁷)
362 5539 534 5601 Alias,
559 5556 576 5589 ι
603 5535 658 5592 et
687 5551 808 5593 sunt
839 5535 1166 5606 profectibus
1189 5539 1420 5605 gradus;
1450 5554 1467 5587 ι
1491 5535 1585 5600 al.,
1610 5552 1626 5584 ι
1654 5544 1707 5588 et

156 5617 270 5661 sunt
309 5607 645 5676 profectibus
684 5619 739 5663 et
782 5609 1070 5662 virtutibus
1106 5607 1323 5676 gradus.
1363 5624 1380 5656 ι

221 5673 329 5748 (21)
356 5677 519 5745 Editi,
555 5697 573 5728 ι
619 5679 750 5733 Nam
789 5678 860 5732 illi
893 5677 1053 5731 alieni
1090 5673 1213 5732 sunt
1239 5675 1290 5728 in
1322 5673 1476 5730 nobis
1497 5689 1599 5727 non
1624 5688 1707 5729 se-

380 5776 655 5834 ΡΑτιιοι.
705 5775 822 5834 Gn.
873 5775 1040 5833 XIV.

221 5402 240 5607 Ξ

1441 4951 1481 4982 ⁸⁸
1508 4949 1608 5004 Job
1632 4967 1681 5011 ν.
1704 4953 1789 5005 18.

1296 5024 1340 5053 ²¹
1373 5021 1505 5074 Luc.
1533 5036 1641 5084 χιι,
1677 5023 1760 5075 12.

1831 4499 1973 4544 turo.
2025 4490 2330 4560 Aliquando
2381 4490 2641 4558 temporis
2673 4487 2924 4554 alicujus,
2964 4488 3049 4543 vel
3079 4490 3245 4548 etiam
3274 4491 3401 4547 vitae

1827 4581 1985 4636 unius
2017 4581 2254 4635 hominis
2282 4583 2516 4650 spatium
2551 4581 2835 4634 :eternitas
2866 4579 3196 4648 appellatur,
3229 4592 3288 4636 ut
3317 4596 3402 4638 est

1827 4674 1954 4726 illud
1988 4675 2038 4727 in
2074 4674 2192 4744 lege
2229 4673 2492 4742 scriptum
2525 4673 2591 4726 de
2621 4686 2782 4727 servo
2825 4670 3048 4726 lle-brato
3069 4673 3151 4723 ἐξ
3186 4692 3202 4723 ι
3236 4673 3293 4729 Si
3321 4675 3402 4730 di-

1824 4763 2036 4824 lexerit,
2070 4782 2088 4813 ι
2123 4763 2318 4830 inquit,
2360 4781 2379 4813 ι
2417 4775 2642 4815 uxorem
2673 4776 2850 4827 suam,
2884 4770 2940 4816 et
2973 4761 3116 4818 ﬁlios
3154 4779 3306 4829 suos,
3346 4776 3401 4820 ct

1825 4870 2146 4926 permanere
2185 4853 2419 4909 voluerit
2458 4854 2510 4907 in
2545 4853 2808 4908 servitute
2837 4866 3058 4924 propter
3086 4855 3232 4926 ipsos
3257 4853 3397 4928 (25).

1869 4953 1910 4984 ¹⁶
1945 4952 2098 5004 Rom.
2128 4965 2200 5011 vl.
2230 4950 2315 5004 18.
2393 4949 2432 4979 ¹⁷
2463 4948 2588 5003 ibid.
2624 4948 2714 5004 22.

1837 5023 1882 5052 ²²
1914 5021 2085 5078 Evod.
2127 5037 2239 5086 xxt,
2279 5020 2334 5084 5,
2365 5019 2418 5074 6.

2793 4949 2879 5004 ¹⁸1
2913 4948 3038 5005 Cor.
3072 4966 3159 5017 xv,
3195 4949 3396 5015 $.28.

1819 5117 2004 5171 minati
2028 5133 2056 5171 a
2085 5117 2214 5171 Deo.
2243 5135 2261 5167 ι
2292 5114 2391 5186 Ms.
2424 5130 2582 5180 unus,
2620 5133 2636 5166 ι
2670 5113 2800 5186 Nam
2827 5113 2900 5169 illi
2931 5123 3057 5169 sunt
3084 5113 3245 5186 alieni
3271 5113 3397 5186 [al..

1822 5204 1841 5236 ι
1867 5187 2088 5259 alienati
2113 5185 2306 5259 sonti]
2327 5201 2431 5239 non
2456 5199 2578 5239 sunt
2613 5186 2663 5259 in
2698 5185 2851 5239 nobis
2873 5185 3131 5259 seminati
3151 5199 3181 5237 a
3207 5185 3333 5238 Deo.
3371 5204 3392 5236 ο

1887 5257 2002 5327 (22)
2061 5257 2226 5319 Editi,
2271 5256 2373 5310 (et
2417 5258 2800 5324 respondentes
2853 5256 3140 5310 dixerunt;
3184 5272 3206 5308 ι
3260 5268 3395 5311 mss.

1815 5329 2056 5396 quidam,
2098 5346 2116 5378 ‹
2155 5327 2216 5380 Et
2249 5327 2578 5395 respondit.»

1907 5397 1998 5460 23)
2030 5397 2192 5463 Editi,
2223 5415 2241 5447 ι
2273 5399 2386 5464 ipse
2419 5396 2603 5448 etiam.
2636 5414 2654 5446 ι

1907 5401 1998 5460 2⁸5)
2030 5401 2192 5463 Editi,
2223 5415 2241 5447 ι
2273 5401 2386 5464 ipse
2419 5401 2603 5448 etiam.
2636 5414 2654 5446 ι

1885 5401 2000 5538 (24)
2035 5467 2164 5522 Mss.
2191 5467 2516 5538 pleriquc,_t
2553 5465 2691 5538 dicat
2730 5463 2835 5520 hic.
2868 5483 2886 5514 ι

1889 5533 1998 5618 (‘25?)
2023 5538 2114 5591 Sic
2137 5533 2238 5590 ms.
2260 5551 2418 5590 unus.
2445 5534 2640 5590 Caeteri
2665 5550 2794 5591 vero
2817 5549 2952 5590 mss.
2981 5542 3035 5590 et
3051 5533 3206 5604 editi,
3225 5551 3247 5588 ι
3270 5549 3400 5606 pro-

1817 5621 1933 5678 [Vter
1959 5620 2152 5678 ipsam.
2179 5623 2198 5654 ι

2999 5761 3076 5820 31,
