3986 6206
449 253 587 308 ιυθτ

1896 249 2214 307 ORIGENIS

3575 260 3718 315 {063

446 371 662 432 subula,
696 369 891 438 inquit,
925 369 1218 438 pertundes
1249 383 1436 423 aurem
1487 368 1604 437 ejus
1660 371 1709 422 iu
1743 380 1918 439 poste,
1971 381 2026 424 et
2058 377 2099 430 Α
2131 372 2197 422 de
2228 386 2331 438 qua
2383 372 2646 438 scriptum
2697 382 2798 435 est,
2848 372 2973 442 quia
3033 388 3052 423 ι
3093 373 3300 438 anima,
3333 389 3456 444 qua:
3499 389 3718 445 peccat,

447 463 551 514 erit
583 461 676 514 tibi
729 473 919 514 servus
970 459 1022 512 in
1059 466 1343 513 aeternum.
1376 477 1394 509 ι
1434 458 1719 514 Ειετιιιιιιι
1771 461 1856 514 hic
1904 462 2022 516 sine

447 553 612 608 dubio
644 562 854 620 tempus
879 551 1001 604 vita:
1029 549 1268 606 hominis
1289 553 1487 621 posuit.
1519 551 1582 605 Et
1617 553 1809 606 iterum
1845 553 1896 607 in
1920 553 2023 607 Ec-

446 644 701 698 clesiaste
725 641 932 696 dicitur
959 642 1043 694 "z
1082 661 1099 693 ι
1135 642 1429 697 Generatio
1455 644 1620 708 vadit,
1651 654 1708 698 ct
1739 645 2021 714 generatio

445 734 614 796 venit,
657 743 798 788 terra
828 745 1009 786 autent
1043 733 1093 786 in
1136 740 1403 786 aeternum
1436 744 1543 788 stat
1587 750 1601 787 :
1659 736 1818 792 »Ιιίαι
1858 743 2020 790 aiter-

447 844 571 882 num
608 845 624 879 ι
660 827 950 897 praesentis
979 825 1161 880 saeculi
1196 836 1410 895 tempus
1445 827 1704 882 ostendit.
1757 827 1859 884 Ubi
1892 843 2021 884 vero

445 921 574 976 dicit
618 937 636 970 ι
685 919 852 972 vitam
908 929 1192 978 mternam.
1232 938 1250 970 ι
1281 919 1348 972 ad
1384 919 1513 973 illud
1540 920 1911 989 aspiciendam
1939 931 2021 976 est

446 1014 588 1082 quod
638 1014 753 1077 ipse
804 1010 1059 1066 Salvator
1091 1010 1270 1064 dixit:
1313 1028 1332 1061 ι
1373 1008 1496 1064 llaec
1543 1019 1628 1064 est
1681 1020 1861 1065 autem
1912 1011 2018 1064 vita

445 1116 670 1167 aeterna,
715 1113 773 1156 ut
821 1111 1159 1171 cognoscant
1193 1111 1244 1155 te
1272 1100 1452 1155 solum
1486 1115 1674 1155 verum
1731 1100 1920 1165 Deum,
1967 1111 2021 1156 et

443 1209 606 1262 quem
634 1192 825 1246 misisti
857 1191 1038 1246 Jesum
1064 1191 1337 1244 Christum
1363 1192 1446 1244 ’δε
1474 1210 1492 1243 ι
1521 1201 1574 1245 et
1597 1190 1794 1245 iterum
1819 1205 1834 1244 :
1870 1209 1888 1241 ι
1911 1191 2020 1260 Ego

443 1305 561 1341 sum
603 1287 710 1350 via,
750 1295 804 1340 et
836 1286 1040 1339 veritas
1091 1295 1142 1338 et
1175 1285 1283 1337 vita
1315 1285 1380 1338 ".
1417 1303 1432 1335 ι
1481 1283 1544 1337 Et
1575 1283 1690 1352 ipse
1728 1283 2020 1352 Apostolus

445 1382 496 1435 in
537 1382 660 1436 aliis
690 1381 840 1443 dicit,
884 1378 1011 1448 quia
1054 1395 1071 1428 ι
1111 1379 1392 1448 rapiemttr
1441 1377 1492 1431 in
1537 1376 1773 1431 nubibus
1801 1375 2017 1430 obviam

440 1473 662 1530 Christo
686 1475 735 1527 in
755 1487 904 1539 aera,
919 1481 972 1526 et
991 1472 1060 1523 ita
1077 1485 1292 1540 semper
1308 1485 1428 1524 cum
1454 1468 1897 1523 Dominoerimus
1913 1469 1976 1520 “.
1993 1487 2012 1520 ι

443 1566 596 1618 Sicut
623 1579 753 1634 ergo
783 1575 1000 1630 semper
1024 1576 1146 1614 cum
1185 1559 1413 1615 Domino
1434 1572 1576 1624 esse,
1601 1559 1762 1613 tinem
1798 1574 1902 1614 non
1929 1558 2019 1612 ha-

444 1657 554 1718 bet,
583 1655 656 1707 ita
687 1661 736 1707 et
769 1653 876 1705 vita
903 1659 1108 1704 aeterna
1137 1649 1343 1704 nullum
1371 1649 1531 1704 tinem
1560 1649 1764 1704 habere
1784 1651 2016 1704 creden-

442 1749 508 1800 da
545 1755 647 1801 est.

514 1839 566 1890 6.
618 1856 635 1888 ί
673 1835 952 1906 Stipendia
991 1835 1136 1887 enim
1167 1833 1375 1902 peccati
1409 1847 1554 1887 mors
1583 1851 1596 1888 :
1633 1831 1808 1902 gratia
1837 1841 2018 1889 autem

446 1931 559 1994 Dei,
595 1930 701 1984 vita
730 1937 954 1989 acterna,
979 1927 1030 1980 iu
1054 1924 1273 1981 Christo
1301 1922 1428 1980 Jesu
1454 1924 1682 1980 Domino
1702 1935 1888 1980 nostro
1913 1925 2012 1980 ".r

443 2021 634 2076 Simile
679 2031 786 2082 est,
841 2021 945 2074 hoc
991 2019 1134 2088 quod
1179 2017 1340 2080 dixit,
1401 2036 1420 2068 ι
1487 2017 1768 2087 Stipendia
1807 2017 2016 2087 peccati

442 2129 608 2177 mors,
649 2130 666 2163 ι
713 2111 785 2165 illi
833 2110 976 2179 quod
1005 2109 1258 2177 superius
1286 2109 1526 2172 dixerat,
1571 2125 1590 2160 ι
1637 2108 1790 2162 Finis
1839 2119 2017 2163 autem

441 2206 656 2260 illorum
694 2218 840 2258 mors
871 2202 938 2255 ".
980 2219 998 2252 ι
1033 2201 1272 2268 Quorum
1302 2201 1520 2254 autem?
1550 2200 1764 2254 Illorum
1787 2203 1902 2257 sine
1930 2202 2020 2255 du-

438 2299 528 2354 bio
563 2316 581 2348 ι
623 2312 722 2370 pro
764 2295 964 2366 quibus
991 2307 1134 2348 nunc
1184 2291 1526 2357 erubescitis,
1560 2311 1579 2345 ι
1629 2308 1856 2362 quorum
1906 2292 2021 2347 fru-

437 2401 560 2446 ctus
587 2403 686 2445 nec
715 2387 998 2442 nominare
1027 2386 1245 2456 quidem
1277 2385 1508 2438 aestimat
1529 2383 1750 2455 dignum
1783 2383 1919 2458 (26).
1953 2385 2019 2439 Et

438 2485 663 2537 iterum:
688 2498 719 2532 'c
757 2478 940 2536 Gratia
971 2489 1154 2534 autem
1197 2477 1313 2541 Dei,
1337 2476 1448 2530 vita
1471 2483 1696 2542 :cterna,
1724 2477 1776 2531 in
1801 2477 2018 2532 Christo

435 2571 562 2627 Jesu
595 2571 827 2626 Domino
855 2579 1066 2636 nostro,
1106 2587 1124 2621 ι
1175 2568 1355 2625 simile
1401 2577 1486 2624 est
1529 2567 1603 2622 illi
1655 2569 1799 2638 quod
1841 2568 2013 2623 dixit:

443 2686 460 2716 ι
499 2663 719 2718 Ιιςὼθιίε
753 2661 988 2717 fructum
1013 2669 1257 2715 vestrum
1309 2661 1361 2714 iu
1403 2657 1912 2725 sanctiﬁcationem,
1952 2661 2014 2714 ti-

438 2772 559 2811 nem
593 2769 722 2808 vero
755 2755 922 2808 vitam
955 2761 1220 2806 maternam
1255 2752 1324 2806 ".
1367 2771 1386 2806 ι
1424 2753 1568 2807 Bene
1605 2760 1790 2805 autem
1839 2762 2014 2807 meta-

440 2851 692 2918 phoram,
747 2847 798 2900 id
824 2855 910 2900 est
938 2844 1106 2914 ﬁgura
1123 2861 1172 2897 m
1224 2845 1432 2900 militia:
1464 2859 1531 2898 ex
1561 2844 1718 2898 initio
1765 2845 2015 2914 preposi-

443 2954 548 2995 tam
586 2949 787 3004 servat,
825 2948 882 2992 ut
908 2937 1279 2992 militantibus
1317 2938 1417 2992 sub
1448 2947 1674 3008 peccato
1719 2952 1844 3008 rege
1876 2935 2014 3007 (27),

2127 462 2242 530 ipsa
2278 463 2542 516 morietur
2563 464 2628 516 ³¹.
2656 482 2675 514 ι
2714 462 2781 518 Ει
2810 464 3060 533 quamvis
3084 465 3152 518 de
3176 465 3495 522 diversitate
3522 471 3720 526 mortis

2132 568 2160 607 a
2189 555 2344 610 nobis
2377 569 2518 624 Sa’pe
2535 554 2645 622 jam
2679 556 2882 610 dictum
2913 557 3006 622 sit,
3059 566 3240 612 tamen
3287 559 3419 626 quia
3471 573 3719 628 praesens

2127 645 2418 700 admonuit
2468 645 2656 710 locus,
2703 647 2944 716 apertius
2976 649 3163 703 eadem
3219 658 3504 718 repetere,
3554 659 3610 704 et
3660 652 3714 702 in

2126 755 2290 793 unum
2329 753 2451 808 quae
2480 740 2716 808 sparsim
2748 749 2878 794 sunt
2903 740 3052 795 dicta
3088 741 3348 812 colligere
3394 756 3582 810 neque
3609 744 3716 795 mi-

2123 831 2178 886 hi
2208 834 2418 902 pigrum
2451 831 2543 898 sit,
2573 846 2750 900 neque
2779 831 3091 902 legentibus
3119 846 3443 887 onerosum.
3471 833 3616 888 Mors
3655 834 3710 886 in

2123 917 2428 989 Scripturis
2454 935 2619 974 unum
2663 921 2881 990 quidem
2932 935 3126 977 nomen
3161 931 3265 987 est,
3306 923 3403 978 sed
3435 923 3606 977 multa
3635 926 3714 978 si-

2124 1014 2370 1084 gniﬁcat.
2404 1013 2616 1068 Etenim
2651 1015 2930 1085 separatio
2959 1016 3207 1085 corporis
3236 1017 3306 1070 ab
3335 1016 3523 1070 anima
3566 1033 3713 1072 mors

2125 1107 2458 1160 nominatur.
2495 1105 2601 1161 Sed
2635 1107 2752 1162 haec
2781 1121 2959 1177 neque
2987 1107 3128 1162 mala
3163 1107 3302 1179 (30),
3337 1123 3522 1178 neque
3567 1110 3704 1163 bona

2121 1196 2227 1250 dici
2255 1205 2434 1264 potest
2463 1215 2476 1252 :
2513 1207 2597 1252 est
2623 1198 2770 1253 enim
2791 1199 2988 1265 media,
3005 1213 3125 1268 qua:
3141 1199 3344 1254 dicitur
3365 1198 3704 1255 indiﬂ’erens.

2123 1286 2188 1341 Et
2215 1302 2407 1344 rursus
2438 1289 2713 1359 separatio
2745 1289 2942 1346 anima:
2975 1305 3002 1344 a
3041 1291 3156 1346 Deo
3196 1305 3344 1346 mors
3376 1290 3705 1359 appellatur.

2121 1395 2240 1447 quae
2266 1396 2366 1450 per
2397 1391 2679 1451 peccatum
2712 1383 2879 1438 venit.
2917 1383 3041 1440 Haec
3065 1393 3252 1453 aperte
3275 1383 3416 1439 mala
3439 1392 3550 1448 est,
3591 1399 3711 1454 qua

2121 1481 2174 1525 et
2202 1473 2408 1541 peccati
2445 1472 2776 1542 stipendium
2825 1474 3139 1530 nominatur
3171 1475 3238 1528 ³¹.
3275 1475 3429 1530 Hanc
3471 1484 3711 1529 mortem

2122 1563 2263 1618 Deus
2295 1579 2402 1618 non
2433 1563 2586 1630 fecit,
2621 1579 2798 1634 neque
2843 1565 3059 1621 laetatur
3100 1565 3152 1619 in
3203 1565 3514 1634 perditione
3557 1565 3713 1618 vivo-

2121 1669 2240 1709 rum
2257 1669 2272 1709 :
2288 1655 2382 1710 sed
2401 1654 2607 1710 invidia
2625 1656 2830 1712 diaboli
2849 1670 2998 1712 mors
3019 1656 3134 1712 haec
3152 1655 3401 1712 introivit
3416 1655 3536 1728 (31)
3551 1656 3608 1710 in
3619 1671 3714 1711 or-

2121 1747 2243 1802 bem
2283 1758 2577 1803 terrarum.
2610 1747 2678 1802 Et
2708 1749 2903 1802 iterum
2930 1749 3044 1815 ipse
3074 1757 3267 1806 auctor
3301 1747 3500 1802 mortis
3531 1746 3700 1814 hujus

2121 1838 2368 1895 diabolus
2397 1855 2546 1895 mors
2567 1839 2886 1910 appellatur,
2920 1847 2976 1894 et
3001 1839 3116 1909 ipse
3153 1847 3235 1894 est
3262 1837 3354 1908 qui
3378 1838 3714 1893 diciturini-

2121 1929 2296 1984 micus
2319 1928 2526 1985 Christi
2552 1929 2884 1985 novissimus
2907 1928 3273 1984 destruendus
3295 1929 3360 1983 ³³.
3397 1926 3506 1983 Sed
3543 1938 3605 1984 et
3627 1929 3712 1982 in-

2121 2019 2264 2076 ferni
2299 2021 2450 2077 locus
2489 2021 2542 2077 in
2576 2037 2686 2092 quo
2735 2021 2933 2078 animm
2983 2021 3373 2076 detinebantur
3419 2035 3449 2074 a
3504 2031 3708 2086 morte,

2120 2116 2284 2170 etiam
2319 2115 2432 2184 ipse
2453 2129 2604 2168 mors
2624 2112 2948 2184 appellatur.
2976 2113 3186 2168 Dicitur
3208 2129 3340 2169 vero
3357 2123 3414 2168 et
3439 2113 3533 2167 illa
3561 2129 3712 2168 mors

2121 2205 2233 2276 (32)
2263 2205 2552 2261 laudabilis
2578 2220 2682 2274 qua
2706 2215 2931 2274 peccato
2961 2204 3085 2274 quis
3119 2206 3372 2271 moritur,
3399 2217 3454 2260 et
3475 2204 3710 2261 Christo

2119 2298 2503 2366 consepelitur,
2542 2311 2641 2366 per
2665 2311 2826 2366 quam
2848 2297 3158 2351 emendatio
3187 2296 3247 2351 iit
3277 2297 3473 2350 anima:
3503 2307 3564 2351 et
3592 2299 3705 2351 vita

2119 2397 2324 2442 aitcrna
2357 2385 2728 2454 conquiritur.
2757 2383 2893 2439 Cum
2929 2399 3059 2455 ergo
3102 2395 3251 2439 tanta
3299 2386 3606 2444 diﬂ‘erentia
3649 2388 3704 2439 in

2121 2477 2220 2532 hoc
2251 2493 2358 2532 uno
2387 2477 2608 2532 nomine
2641 2477 2832 2532 mortis
2873 2477 3164 2544 habeatur,
3191 2477 3237 2533 si
3293 2478 3490 2533 audias
3537 2478 3705 2532 Deum

2119 2569 2408 2635 dicentem,
2446 2585 2464 2620 ι
2499 2569 2614 2638 Ego
2635 2567 2902 2631 occidam.
2927 2581 2982 2624 et
3009 2584 3110 2638 ego
3137 2569 3322 2624 vivere
3350 2568 3552 2624 faciam
3577 2571 3648 2635 “,
3680 2588 3703 2621 a

2121 2662 2431 2730 intelligere
2461 2663 2627 2717 debes
2660 2677 2781 2732 qua:
2803 2663 2878 2717 sit
2913 2677 3064 2717 mors
3097 2677 3262 2732 quam
3287 2664 3446 2717 decet
3492 2664 3708 2718 inferre

2122 2755 2290 2808 Deum
2318 2754 2466 2824 (55):
2507 2754 2596 2808 illa
2627 2755 2746 2810 sine
2775 2753 2945 2810 dubio
2968 2769 3088 2824 qua
3119 2753 3374 2809 conferat
3423 2755 3615 2821 vitam,
3651 2755 3709 2812 id

2117 2857 2200 2903 est
2237 2859 2294 2902 ut
2337 2851 2604 2903 moriatur
2631 2847 2757 2918 quis
2794 2856 3040 2916 peccato,
3069 2857 3124 2900 et
3149 2847 3295 2901 vivat
3339 2847 3471 2902 Deo.
3513 2867 3534 2901 ι
3565 2847 3708 2903 Cum

2118 2940 2391 2995 occideret
2423 2954 2535 3003 eos,
2579 2958 2597 2990 ι
2634 2939 2830 3009 inquit,
2871 2958 2890 2991 ι
2921 2941 3233 3008 quaerebant
3255 2953 3406 3004 eum,
3431 2949 3488 2994 et
3522 2955 3712 2996 rever-

439 3036 548 3088 imo
577 3033 755 3101 potius
787 3030 1058 3102 tyrannidi
1090 3029 1206 3097 ejus
1249 3030 1584 3098 parentibus,
1623 3030 1885 3099 stipendia
1919 3030 2012 3083 de~
2043 3050 2086 3109 ο
2122 3030 2526 3085 ιθὺιιιιιυτ³⁸ο⁸⁶.
2555 3048 2575 3082 ι
2595 3029 2948 3100 Apertissime
2964 3031 3165 3085 docens
3183 3044 3277 3100 per
3294 3030 3422 3092 hoc,
3441 3031 3570 3100 quia
3587 3029 3709 3101 (3t)

439 3126 552 3179 hita
588 3135 818 3178 mortem
847 3123 994 3177 dicat
1017 3121 1246 3176 exsolvi.
1283 3120 1452 3174 Deum
1485 3135 1612 3175 vero
1647 3137 1749 3174 nou
1789 3130 1904 3174 erat
1937 3120 2018 3173 di-

439 3232 604 3290 gnum
639 3215 903 3271 militibus
935 3216 1049 3270 suis
1096 3214 1364 3282 stipendia
1415 3213 1571 3283 quasi
1631 3212 1872 3266 debitum
1918 3210 2019 3264 ali-

439 3311 584 3380 quod
619 3311 771 3373 dare,
809 3308 904 3362 sed
948 3308 1146 3362 donum
1179 3317 1233 3362 et
1262 3307 1516 3377 gratiam,
1558 3319 1679 3374 qua;
1707 3313 1795 3360 est
1846 3321 1865 3355 ι
1905 3304 2014 3357 vita

440 3413 642 3458 a-terna
672 3402 722 3455 in
755 3400 973 3456 Christo
1019 3399 1146 3455 Jesu
1180 3399 1408 3454 Domino
1439 3405 1647 3454 nostro.
1675 3414 1694 3450 ι
1744 3395 1854 3466 Ego
1910 3409 2016 3450 non

444 3504 573 3565 puto
607 3495 770 3550 etiam
796 3493 900 3548 hoc
933 3507 1162 3546 vacuum
1191 3504 1339 3552 esse,
1370 3486 1512 3557 quod
1542 3486 1607 3541 ad
1648 3486 1814 3540 vitam
1853 3495 2018 3540 aeter-

441 3602 564 3641 nam
598 3586 804 3640 addidit
831 3600 850 3636 ι
890 3584 942 3639 in
967 3580 1179 3638 Christo
1209 3579 1438 3634 Domino
1462 3588 1681 3643 nostro;
1717 3596 1736 3630 ι
1779 3577 1874 3632 sed
1892 3579 2016 3647 quia

442 3679 697 3735 fortassis
735 3676 862 3733 sciri
907 3675 1078 3730 voluit
1101 3673 1245 3728 aliud
1282 3688 1403 3728 esse
1431 3671 1594 3728 vitam
1631 3679 1891 3726 aeternam
1923 3685 2015 3726 so-

443 3774 572 3836 lum,
613 3782 664 3825 et
697 3771 840 3824 aliud
870 3771 1037 3822 vitam
1078 3776 1336 3824 aeternam
1387 3766 1440 3821 in
1484 3764 1708 3821 Christo
1749 3762 1898 3820 Jesu.
1953 3763 2018 3818 Et

442 3862 515 3916 illi
552 3861 695 3916 enim
723 3859 813 3930 qui
843 3867 1066 3924 surgent
1105 3858 1156 3911 in
1191 3855 1562 3911 confusionem
1583 3863 1637 3908 et
1665 3855 2015 3922 opprobrium

441 3953 830 4018 sempiternum
867 3948 934 4011 ³ο,
969 3948 1246 4001 habebunt
1276 3946 1494 4015 quidem
1521 3944 1687 3998 vitam
1725 3952 2014 4008 :eternam,

443 4058 548 4096 non
581 4053 757 4094 tamen
799 4043 852 4093 in
881 4039 1098 4093 Christo
1118 4037 1269 4100 Jcsu,
1302 4037 1400 4092 sed
1427 4037 1478 4090 in
1507 4035 1825 4091 confusione
1855 4034 2019 4106 576

441 4142 496 4186 et
525 4130 813 4202 opprobrio
840 4138 1082 4192 aeterno;
1119 4128 1253 4196 justi
1285 4143 1414 4182 vero
1449 4128 1537 4196 qui
1567 4137 1793 4195 surgent
1824 4126 1936 4200 (28)
1962 4127 2014 4180 in

440 4225 606 4278 vitam
665 4233 923 4276 :cternam
976 4221 1028 4274 in
1073 4219 1292 4273 Christo
1339 4218 1463 4272 Jesu
1527 4217 1806 4273 habebunt
1849 4219 2014 4273 vitam

442 4327 723 4371 mternam.
757 4313 1044 4368 Peccatum
1083 4325 1213 4382 ergo
1247 4309 1358 4383 (‘29)
1388 4309 1650 4364 militibus
1680 4312 1793 4365 suis
1821 4311 1874 4366 in
1899 4311 2018 4380 qui-

2124 3138 2285 3193 quem
2321 3123 2461 3177 Deus
2508 3122 2732 3186 occidit,
2787 3131 3080 3190 propterea
3129 3121 3354 3186 occidit,
3392 3131 3452 3175 ut
3477 3129 3710 3192 peccato

2127 3216 2413 3281 moriatur,
2458 3225 2513 3270 et
2558 3223 2769 3284 quaerat
2810 3214 3000 3270 Deum.
3041 3213 3134 3270 Sic
3155 3230 3258 3285 ego
3282 3215 3448 3270 audio
3484 3224 3542 3270 et
3572 3213 3712 3269 illud

2125 3305 2268 3376 quod
2301 3307 2562 3376 scriptum
2593 3315 2679 3359 est
2703 3305 2770 3368 ³⁷,
2801 3305 2927 3374 quia
2956 3305 3159 3360 occidit
3203 3304 3344 3359 Deus
3385 3303 3498 3358 Her
3532 3303 3706 3359 tilium

2122 3397 2294 3462 Iudae,
2328 3397 2584 3468 quoniam
2615 3395 2885 3468 malignus
2915 3406 3073 3462 erat;
3108 3408 3164 3452 et
3193 3397 3237 3451 si
3265 3396 3394 3466 quid
3429 3396 3578 3450 aliud
3602 3396 3706 3450 hu-

2120 3490 2354 3561 jusmodi
2395 3491 2460 3545 de
2483 3489 2594 3544 Deo
2630 3488 2856 3558 legimus
2889 3489 3172 3558 scriptum.
3203 3489 3295 3544 Sic
3319 3496 3375 3544 et
3406 3488 3707 3558 Apostolus

2125 3587 2463 3650 peccatorem
2497 3579 2746 3634 tradebat
2771 3579 2825 3633 in
2863 3578 3142 3635 interitum
3191 3579 3394 3645 carnis,
3428 3587 3488 3633 ut
3535 3578 3707 3649 spiri-

2127 3680 2240 3725 tum
2290 3669 2495 3724 i'aceret
2533 3669 2741 3724 salvum
2772 3669 2836 3733 ³⁸,
2873 3670 2975 3725 hoc
3001 3677 3110 3734 est,
3147 3679 3207 3724 ut
3237 3677 3546 3725 moreretur
3573 3682 3708 3738 pec-

2124 3774 2266 3829 cato,
2307 3771 2363 3820 et
2388 3763 2596 3818 viveret
2627 3761 2757 3817 Deo.
2782 3762 2850 3817 Et
2875 3763 2927 3817 in
2957 3762 3212 3833 praesenti
3246 3761 3414 3831 igitur
3441 3761 3565 3818 loco
3597 3763 3707 3818 sti-

2123 3853 2316 3923 pendia
2341 3869 2463 3924 qua:
2486 3854 2576 3908 dat
2609 3863 2914 3923 peccatum,
2942 3867 3088 3907 mors
3117 3867 3238 3908 esse
3261 3852 3561 3908 dicuntur:
3592 3868 3704 3909 non

2125 3947 2227 4003 ista
2258 3961 2405 4002 mors
2434 3959 2558 4017 quae
2601 3954 2820 4015 separat
2863 3959 3064 4014 corpus
3099 3943 3168 3999 ab
3219 3945 3421 4010 anima,
3467 3945 3568 4000 sed
3610 3944 3708 3998 illa

2125 4053 2230 4110 qua
2265 4053 2364 4109 per
2392 4046 2683 4108 peccatum
2717 4044 3006 4104 separatur
3045 4035 3226 4090 anima
3261 4051 3289 4090 a
3323 4035 3454 4090 Deo.
3485 4035 3553 4089 Et
3573 4050 3704 4089 rur-

2125 4146 2246 4186 sum
2285 4144 2384 4186 nos
2414 4130 2467 4184 in
2510 4139 2686 4185 morte
2709 4127 2914 4184 Christi
2948 4127 3180 4182 dicimur
3206 4126 3490 4197 baptizati,
3524 4127 3580 4180 in
3605 4125 3704 4182 illa

2123 4224 2241 4278 sine
2272 4222 2436 4278 dubio
2463 4231 2639 4276 morte
2669 4219 2783 4290 ('55)
2811 4234 2915 4290 qua
2947 4227 3170 4289 peccato
3199 4228 3445 4274 mortuus
3487 4227 3572 4272 est
3611 4233 3705 4273 se-

2126 4315 2254 4379 mel,
2296 4323 2355 4368 ut
2400 4324 2454 4370 et
2487 4329 2585 4370 nos
2631 4327 2951 4384 separemur
2981 4327 3009 4366 a
3055 4319 3299 4382 peccato,
3347 4317 3406 4364 et
3450 4311 3706 4365 vivamus

447 4411 550 4464 bus
584 4418 792 4480 regnat,
827 4406 1098 4476 stipendia
1131 4404 1291 4472 digna
1326 4401 1551 4473 largitur
1581 4412 1838 4457 niortem.
1865 4405 2015 4459 Mor-
2051 4416 2093 4470 D
2125 4405 2433 4464 Deo".‘l'ali
2454 4420 2687 4476 namque
2705 4414 2878 4461 morte
2894 4401 3710 4474 quimoritur(36)justiileats

446 4519 554 4562 tem
589 4514 770 4556 autem
794 4500 1022 4556 dicimus
1055 4512 1159 4552 non
1190 4497 1328 4550 hanc
1348 4493 1710 4563 corporalem,
1739 4497 1835 4550 sed
1868 4496 2017 4550 illam

516 4613 562 4645 "
588 4611 764 4666 Eoi-le.
791 4625 829 4676 ι,
861 4610 914 4663 4.
1022 4607 1068 4639 ³⁸
1090 4605 1246 4662 Joan.
1292 4621 1422 4676 ιιι-ιι.
1459 4605 1509 4658 5.

1616 4604 1662 4636 ’⁸
1692 4602 1846 4662 Juau.
1881 4622 1988 4669 λιν,
2024 4606 2076 4666 6.

2127 4515 2247 4556 esse
2273 4498 2472 4554 dicitur
2494 4514 2522 4552 a
2548 4496 2854 4567 peccato“.
2875 4495 2965 4550 Sic
2991 4510 3122 4564 ergo
3149 4493 3399 4548 habenda
3427 4493 3708 4549 distinctio

2173 4609 2219 4641 ¹⁶
2250 4607 2484 4663 lTltcss.
2517 4622 2589 4671 tv,
2625 4605 2710 4660 16.
2815 4606 2859 4637 ’⁷
2901 4605 3060 4659 Retn.
3090 4619 3163 4666 Vt,
3192 4602 3282 4657 25.
3361 4601 3412 4634 ⁸⁸
3433 4602 3568 4657 ibid.
3611 4603 3703 4657 2|.

443 4685 488 4716 "
516 4682 645 4735 ibid.
671 4683 762 4734 2‘2.
817 4673 882 4711 ’³⁸
906 4677 1106 4733 Jcrcm.
1135 4692 1283 4738 χχιιι,
1306 4675 1394 4730 40.
1473 4676 1512 4705 ³¹
1537 4673 1734 4730 Ezech.
1769 4691 1920 4733 xvtu.
1945 4677 1996 4730 4.

2127 4679 2282 4733 Rom.
2317 4695 2391 4742 vr,
2417 4677 2507 4731 25.
2583 4677 2628 4710 ³³
2655 4674 2825 4732 lCor.
2863 4691 2951 4740 xv,
2979 4674 3070 4728 26.
3147 4673 3192 4706 “
3221 4675 3375 4727 Dent.
3416 4674 3704 4737 sun,39.

447 4751 565 4785 ³⁸·³⁶
591 4751 730 4808 Psal.
768 4765 977 4814 tum,
1020 4749 1107 4802 54.
1185 4747 1227 4776 ³⁷
1256 4748 1392 4800 Gen.
1437 4761 1666 4809 χχχι-ιιι,
1691 4746 1744 4798 7.

517 4867 631 4939 (26)
667 4867 824 4928 Editi,
861 4885 882 4939 ς
911 4881 1140 4939 quorum
1164 4864 1454 4939 irttctitsne
1473 4864 1752 4939 nominare
1775 4863 2018 4934 dignum.

449 4933 534 4994 [ετ
571 4933 769 4993 iterum
802 4956 813 4990 :
851 4933 1036 4992 Gratia
1086 4947 1265 4988 autem
1304 4934 1394 4988 Dei
1442 4934 1492 4986 in
1525 4933 1766 4998 Christo,
1814 4952 1833 4985 ι
1887 4946 2022 4999 ctc.,

447 5009 667 5063 omissis
696 5008 934 5067 vocibus,
981 5025 1000 5057 ι
1039 5015 1142 5058 Vita
1175 5016 1399 5058 aeterna.
1434 5022 1452 5055 ι

522 5079 633 5148 (27)
677 5077 775 5132 Ms.
813 5093 951 5132 unus
974 5092 1093 5132 cum
1123 5075 1313 5148 editis,
1352 5092 1368 5123 ι
1422 5073 1522 5148 sub
1567 5072 1774 5148 peccati
1824 5087 1968 5148 rege.
2002 5092 2021 5125 ι

449 5141 788 5210 Alterius.”
822 5148 922 5202 sub
961 5146 1164 5216 peccati
1199 5144 1333 5214 lege.
1370 5162 1397 5216 »ί
1419 5141 1522 5198 Sed
1557 5142 1754 5196 rectius
1788 5141 2030 5198 msflie-

446 5220 568 5288 gius
595 5235 739 5276 num.
772 5216 907 5276 1639
934 5215 984 5272 et
1017 5216 1268 5268 itabanus
1296 5224 1354 5267 ιιι
1387 5215 1657 5288 iu_nostro
1699 5221 1870 5288 testu.

521 5290 632 5358 (28)
667 5288 839 5352 Alias,
871 5305 888 5339 ι
909 5296 1176 5354 surgunt;
1210 5302 1228 5334 ›
1265 5292 1320 5340 et
1346 5280 1505 5352 paulo
1537 5290 1677 5351 post,
1706 5298 1724 5332 ι
1757 5281 2019 5347 habent,»

452 5362 608 5411 male.

523 5429 632 5498 (29)
675 5427 838 5490 Etliti,
875 5446 892 5479 ι
929 5426 1215 5498 Peccatum
1244 5439 1400 5498 vero.
1435 5443 1454 5476 ι

523 5431 610 5498 (29
675 5431 838 5490 Etliti,
875 5446 892 5479 ι
929 5431 1215 5481 Peccatum
1251 5439 1400 5478 vero.
1435 5443 1454 5476 ι

523 5431 633 5568 (Sili
668 5499 848 5568 Neque
877 5497 1041 5554 mala.
1075 5495 1200 5552 llaec
1225 5495 1423 5556 desunt
1470 5495 1524 5550 in
1561 5492 1821 5568 editione
1848 5494 2025 5568 Gene-

454 5563 658 5622 lirat‘di.
706 5563 912 5621 Deinde
958 5582 1058 5619 tns.
1105 5581 1264 5626 unus,
1316 5583 1334 5616 ι
1371 5575 1535 5633 atque
1581 5564 1782 5622 dicitur
1810 5563 2026 5620 ittdiﬂ'e-

457 5651 600 5698 reus,
629 5655 647 5686 ι
692 5635 889 5702 quibus
924 5636 1105 5688 verbis
1145 5635 1351 5687 addunt
1389 5636 1544 5698 editi,
1588 5653 1607 5689 ι
1643 5635 1696 5688 id
1741 5645 1826 5689 est
1871 5649 2026 5687 cout-

455 5707 654 5771 munis,
689 5723 706 5754 ι
752 5705 893 5771 quod
943 5706 1216 5758 omittitur
1247 5704 1298 5757 in
1336 5706 1589 5760 omnibus
1619 5720 1754 5759 mss.
1796 5704 2020 5758 nostris.

1823 4746 1867 4778 ⁸⁸
1895 4747 1910 4798 ι
1937 4747 2062 4804 Cor.
2097 4767 2148 4814 ν,
2179 4749 2231 4802 5.
2308 4749 2350 4781 ³⁸
2380 4749 2534 4802 item.
2561 4763 2633 4814 vt,
2671 4747 2726 4811 3,
2752 4751 2808 4811 υ,
2837 4747 2926 4802 10.
2998 4746 3045 4780 ⁸ο
3071 4743 3344 4802 Romam.

2194 4861 2306 4934 (51)
2336 4861 2509 4934 Editi,
2536 4881 2554 4913 ι
2592 4859 2790 4934 invidia
2821 4859 3018 4934 diaboli
3045 4874 3190 4913 mors
3223 4857 3497 4934 introivit,
3517 4877 3542 4911 ι
3573 4869 3704 4926 etc.,

2124 4928 2329 5000 absque
2369 4951 2386 4982 ι
2419 4933 2535 4985 sed.
2577 4952 2596 4985 ι
2638 4931 2788 4991 Διηι
2839 4930 3039 4989 invidia
3083 4939 3265 4988 autem
3300 4928 3504 4986 diaboli
3553 4945 3706 4986 mors

2127 5003 2387 5066 introivit,
2415 5021 2432 5053 ι
2465 5011 2569 5056 etc.

2198 5071 2310 5143 (5‘3)
2345 5073 2512 5143 Editi,
2545 5089 2564 5122 ς
2599 5071 2763 5128 etiam
2789 5071 2906 5139 ipsa
2937 5083 3084 5124 mors
3111 5066 3441 5140 appellatur.
3495 5067 3706 5124 Dicitur

2127 5141 2402 5198 etiam'illa
2427 5158 2602 5207 mors;
2628 5159 2660 5214 _)
2701 5149 2757 5194 et
2784 5150 2968 5214 postea
3005 5154 3110 5200 ms.
3144 5152 3306 5202 unus,
3344 5153 3368 5188 ε
3397 5152 3496 5209 per
3529 5154 3699 5209 quam

2131 5214 2441 5266 etnundalio
2469 5214 2527 5265 iit
2553 5212 2768 5266 animaz.
2793 5212 2822 5262 ’δ
3232 5227 3239 5233 ”

2195 5281 2308 5352 (55)
2338 5283 2474 5338 Editi
2491 5293 2544 5338 et
2559 5297 2684 5336 mss.
2703 5280 2919 5350 quidam
2936 5294 3222 5352 perperam
3239 5278 3470 5348 habent,
3499 5296 3522 5330 σ
3541 5294 3704 5349 quam

2127 5352 2258 5408 dicit
2295 5352 2491 5407 inferre
2515 5353 2700 5406 Deum.
2729 5369 2748 5402 s

2195 5421 2308 5492 (54)
2340 5424 2507 5486 Alias,
2548 5440 2566 5472 ι
2591 5423 2723 5478 Cum
2753 5419 3159 5486 occidereteos,
3183 5419 3537 5492 inquirebant
3558 5433 3702 5476 eum

2125 5494 2479 5562 Aperttssime
2508 5493 2715 5556 dicens,
2749 5492 2900 5561 quia,
2937 5510 2954 5544 ι
2989 5501 3097 5546 etc.

2193 5561 2308 5632 (ὃὸ)
2341 5561 2527 5616 Morte.
2557 5562 2610 5614 ltt
2637 5564 2800 5618 editis
2823 5562 3126 5632 omittitur.

2127 5705 2138 5757 Ι
2197 5630 2308 5704 (56)
2347 5631 2443 5688 Ms.
2478 5647 2640 5697 unus,
2679 5649 2696 5680 ι
2723 5631 3051 5704 justiﬁcaltts
3079 5641 3164 5687 cst
3193 5647 3222 5686 a
3261 5640 3513 5704 peccato,
3535 5647 3556 5676 ι
3591 5644 3697 5684 nta-

2144 5724 2193 5757 ι’.

2144 5724 2193 5758 ι’.
