  <div class='ocr_page' id='page_1' title='image "/cluster/home/n/w/nwhite01/storage/ocr_20150623/14/hvd.32044073501363/540.png"; bbox 0 0 3914 6352; ppageno 0'>
   <div class='ocr_carea' id='block_1_1' title="bbox 214 327 370 386">
    <p class='ocr_par' dir='ltr' id='par_1_1' title="bbox 214 327 370 386">
     <span class='ocr_line' id='line_1_1' title="bbox 214 327 370 386; baseline 0.013 -2"><span class='ocrx_word' id='word_1_1' title='bbox 214 332 243 384; x_wconf 68' lang='lat' dir='ltr'><strong>i</strong></span> <span class='ocrx_word' id='word_1_2' title='bbox 256 327 370 386; x_wconf 81' lang='lat'><strong>069</strong></span> 
     </span>
    </p>
   </div>
   <div class='ocr_carea' id='block_1_2' title="bbox 1187 326 2553 387">
    <p class='ocr_par' dir='ltr' id='par_1_2' title="bbox 1187 326 2553 387">
     <span class='ocr_line' id='line_1_2' title="bbox 1187 326 2553 387; baseline 0 -1"><span class='ocrx_word' id='word_1_3' title='bbox 1187 328 1544 387; x_wconf 72' lang='lat' dir='ltr'><strong>COMMENT.</strong></span> <span class='ocrx_word' id='word_1_4' title='bbox 1585 326 1653 384; x_wconf 84' lang='grc' dir='ltr'>ΙΝ</span> <span class='ocrx_word' id='word_1_5' title='bbox 1690 327 1908 385; x_wconf 81' lang='lat' dir='ltr'><strong>EPIST.</strong></span> <span class='ocrx_word' id='word_1_6' title='bbox 1950 329 2041 384; x_wconf 82' lang='lat' dir='ltr'><strong>AD</strong></span> <span class='ocrx_word' id='word_1_7' title='bbox 2081 328 2247 387; x_wconf 77' lang='lat' dir='ltr'><strong>ROM.</strong></span> <span class='ocrx_word' id='word_1_8' title='bbox 2287 330 2420 387; x_wconf 87' lang='lat' dir='ltr'><strong>LIB.</strong></span> <span class='ocrx_word' id='word_1_9' title='bbox 2464 329 2553 386; x_wconf 79' lang='lat' dir='ltr'><strong>Vl.</strong></span> 
     </span>
    </p>
   </div>
   <div class='ocr_carea' id='block_1_3' title="bbox 3359 335 3500 392">
    <p class='ocr_par' dir='ltr' id='par_1_3' title="bbox 3359 335 3500 392">
     <span class='ocr_line' id='line_1_3' title="bbox 3359 335 3500 392; baseline 0.014 -3"><span class='ocrx_word' id='word_1_10' title='bbox 3359 335 3500 392; x_wconf 71' lang='lat'><strong>1070</strong></span> 
     </span>
    </p>
   </div>
   <div class='ocr_carea' id='block_1_4' title="bbox 214 446 3504 520">
    <p class='ocr_par' dir='ltr' id='par_1_4' title="bbox 214 446 3504 520">
     <span class='ocr_line' id='line_1_4' title="bbox 214 446 3504 520; baseline 0 -16"><span class='ocrx_word' id='word_1_11' title='bbox 214 458 334 512; x_wconf 84' lang='lat' dir='ltr'><strong>est,</strong></span> <span class='ocrx_word' id='word_1_12' title='bbox 371 449 515 520; x_wconf 89' lang='lat' dir='ltr'><strong>quod</strong></span> <span class='ocrx_word' id='word_1_13' title='bbox 549 448 691 503; x_wconf 88' lang='lat' dir='ltr'><strong>Deus</strong></span> <span class='ocrx_word' id='word_1_14' title='bbox 729 448 941 504; x_wconf 87' lang='lat' dir='ltr'><strong>etiamsi</strong></span> <span class='ocrx_word' id='word_1_15' title='bbox 988 446 1244 504; x_wconf 89' lang='lat' dir='ltr'><strong>occidere</strong></span> <span class='ocrx_word' id='word_1_16' title='bbox 1293 449 1510 504; x_wconf 98' lang='lat' dir='ltr'><strong>dicatur</strong></span> <span class='ocrx_word' id='word_1_17' title='bbox 1547 457 1603 503; x_wconf 92' lang='lat' dir='ltr'><strong>et</strong></span> <span class='ocrx_word' id='word_1_18' title='bbox 1650 449 1813 504; x_wconf 91' lang='lat' dir='ltr'><strong>morti</strong></span> <span class='ocrx_word' id='word_1_19' title='bbox 1844 453 1889 509; x_wconf 79' lang='grc' dir='ltr'>Α</span> <span class='ocrx_word' id='word_1_20' title='bbox 1914 446 2139 515; x_wconf 71' lang='lat' dir='ltr'><strong>iunctm,</strong></span> <span class='ocrx_word' id='word_1_21' title='bbox 2171 447 2242 502; x_wconf 90' lang='lat' dir='ltr'><strong>ita</strong></span> <span class='ocrx_word' id='word_1_22' title='bbox 2273 446 2550 503; x_wconf 89' lang='lat' dir='ltr'><strong>etbomiui</strong></span> <span class='ocrx_word' id='word_1_23' title='bbox 2582 446 2789 516; x_wconf 87' lang='lat' dir='ltr'><strong>quisub</strong></span> <span class='ocrx_word' id='word_1_24' title='bbox 2819 446 2936 517; x_wconf 68' lang='lat' dir='ltr'><strong>lrgc</strong></span> <span class='ocrx_word' id='word_1_25' title='bbox 2973 458 3074 510; x_wconf 87' lang='lat' dir='ltr'><strong>est,</strong></span> <span class='ocrx_word' id='word_1_26' title='bbox 3101 449 3338 518; x_wconf 86' lang='lat' dir='ltr'><strong>quandiu</strong></span> <span class='ocrx_word' id='word_1_27' title='bbox 3368 452 3504 508; x_wconf 81' lang='lat' dir='ltr'><strong>vivit</strong></span> 
     </span>
    </p>
   </div>
   <div class='ocr_carea' id='block_1_5' title="bbox 216 539 1809 610">
    <p class='ocr_par' dir='ltr' id='par_1_5' title="bbox 216 539 1809 610">
     <span class='ocr_line' id='line_1_5' title="bbox 216 539 1809 610; baseline 0.001 -17"><span class='ocrx_word' id='word_1_28' title='bbox 216 540 472 605; x_wconf 92' lang='lat' dir='ltr'><strong>tradere,</strong></span> <span class='ocrx_word' id='word_1_29' title='bbox 507 540 633 596; x_wconf 89' lang='lat' dir='ltr'><strong>talis</strong></span> <span class='ocrx_word' id='word_1_30' title='bbox 665 544 912 610; x_wconf 73' lang='lat' dir='ltr'><strong>qurcdam</strong></span> <span class='ocrx_word' id='word_1_31' title='bbox 955 540 1029 593; x_wconf 92' lang='lat' dir='ltr'><strong>sit</strong></span> <span class='ocrx_word' id='word_1_32' title='bbox 1076 554 1226 596; x_wconf 88' lang='lat' dir='ltr'><strong>mors</strong></span> <span class='ocrx_word' id='word_1_33' title='bbox 1267 555 1387 610; x_wconf 70' lang='lat' dir='ltr'><strong>qua:</strong></span> <span class='ocrx_word' id='word_1_34' title='bbox 1425 556 1455 595; x_wconf 92' lang='lat' dir='ltr'><strong>a</strong></span> <span class='ocrx_word' id='word_1_35' title='bbox 1485 539 1596 597; x_wconf 87' lang='lat' dir='ltr'><strong>Deo</strong></span> <span class='ocrx_word' id='word_1_36' title='bbox 1630 542 1809 606; x_wconf 90' lang='lat' dir='ltr'><strong>datur,</strong></span> 
     </span>
    </p>
   </div>
   <div class='ocr_carea' id='block_1_6' title="bbox 216 628 1812 702">
    <p class='ocr_par' dir='ltr' id='par_1_6' title="bbox 216 628 1812 702">
     <span class='ocr_line' id='line_1_6' title="bbox 216 628 1812 702; baseline 0.001 -18"><span class='ocrx_word' id='word_1_37' title='bbox 216 642 285 684; x_wconf 85' lang='grc' dir='ltr'><strong>ιιι</strong></span> <span class='ocrx_word' id='word_1_38' title='bbox 322 629 574 687; x_wconf 87' lang='lat' dir='ltr'><strong>conferat</strong></span> <span class='ocrx_word' id='word_1_39' title='bbox 601 631 782 685; x_wconf 89' lang='lat' dir='ltr'><strong>vitam.</strong></span> <span class='ocrx_word' id='word_1_40' title='bbox 803 628 945 685; x_wconf 79' lang='lat' dir='ltr'><strong>Nihil</strong></span> <span class='ocrx_word' id='word_1_41' title='bbox 965 630 1108 686; x_wconf 91' lang='lat' dir='ltr'><strong>enim</strong></span> <span class='ocrx_word' id='word_1_42' title='bbox 1134 631 1260 687; x_wconf 91' lang='lat' dir='ltr'><strong>mali</strong></span> <span class='ocrx_word' id='word_1_43' title='bbox 1287 633 1497 687; x_wconf 84' lang='lat' dir='ltr'><strong>datura</strong></span> <span class='ocrx_word' id='word_1_44' title='bbox 1515 633 1654 687; x_wconf 89' lang='lat' dir='ltr'><strong>bono</strong></span> <span class='ocrx_word' id='word_1_45' title='bbox 1674 633 1812 702; x_wconf 81' lang='grc'>(57),</span> 
     </span>
    </p>
   </div>
   <div class='ocr_carea' id='block_1_7' title="bbox 214 722 1813 794">
    <p class='ocr_par' dir='ltr' id='par_1_7' title="bbox 214 722 1813 794">
     <span class='ocr_line' id='line_1_7' title="bbox 214 722 1813 794; baseline 0.001 -16"><span class='ocrx_word' id='word_1_46' title='bbox 214 724 360 781; x_wconf 85' lang='lat' dir='ltr'><strong>iicet</strong></span> <span class='ocrx_word' id='word_1_47' title='bbox 389 725 549 780; x_wconf 89' lang='lat' dir='ltr'><strong>triste</strong></span> <span class='ocrx_word' id='word_1_48' title='bbox 576 725 668 789; x_wconf 89' lang='lat' dir='ltr'><strong>sit,</strong></span> <span class='ocrx_word' id='word_1_49' title='bbox 701 722 828 778; x_wconf 82' lang='lat' dir='ltr'><strong>licet</strong></span> <span class='ocrx_word' id='word_1_50' title='bbox 868 723 1076 779; x_wconf 89' lang='lat' dir='ltr'><strong>doloris</strong></span> <span class='ocrx_word' id='word_1_51' title='bbox 1114 722 1358 793; x_wconf 87' lang='lat' dir='ltr'><strong>plenum,</strong></span> <span class='ocrx_word' id='word_1_52' title='bbox 1408 736 1699 794; x_wconf 88' lang='lat' dir='ltr'><strong>prospectu</strong></span> <span class='ocrx_word' id='word_1_53' title='bbox 1733 735 1813 780; x_wconf 85' lang='lat' dir='ltr'><strong>ta-</strong></span> 
     </span>
    </p>
   </div>
   <div class='ocr_carea' id='block_1_8' title="bbox 216 815 1809 886">
    <p class='ocr_par' dir='ltr' id='par_1_8' title="bbox 216 815 1809 886">
     <span class='ocr_line' id='line_1_8' title="bbox 216 815 1809 886; baseline -0.003 -13"><span class='ocrx_word' id='word_1_54' title='bbox 216 832 355 873; x_wconf 85' lang='lat' dir='ltr'><strong>men</strong></span> <span class='ocrx_word' id='word_1_55' title='bbox 380 816 651 879; x_wconf 86' lang='lat' dir='ltr'><strong>medendi,</strong></span> <span class='ocrx_word' id='word_1_56' title='bbox 686 827 743 871; x_wconf 92' lang='lat' dir='ltr'><strong>et</strong></span> <span class='ocrx_word' id='word_1_57' title='bbox 769 815 1229 886; x_wconf 72' lang='lat' dir='ltr'><strong>contemplatione</strong></span> <span class='ocrx_word' id='word_1_58' title='bbox 1260 815 1513 871; x_wconf 71' lang='lat' dir='ltr'><strong>sanitatis</strong></span> <span class='ocrx_word' id='word_1_59' title='bbox 1546 816 1809 883; x_wconf 76' lang='lat' dir='ltr'><strong>infertur,</strong></span> 
     </span>
    </p>
   </div>
   <div class='ocr_carea' id='block_1_9' title="bbox 214 907 1816 980">
    <p class='ocr_par' dir='ltr' id='par_1_9' title="bbox 214 907 1816 980">
     <span class='ocr_line' id='line_1_9' title="bbox 214 907 1816 980; baseline -0.001 -16"><span class='ocrx_word' id='word_1_60' title='bbox 214 920 287 964; x_wconf 91' lang='lat' dir='ltr'><strong>ut</strong></span> <span class='ocrx_word' id='word_1_61' title='bbox 330 909 571 964; x_wconf 87' lang='lat' dir='ltr'><strong>animam</strong></span> <span class='ocrx_word' id='word_1_62' title='bbox 619 924 782 980; x_wconf 91' lang='lat' dir='ltr'><strong>quam</strong></span> <span class='ocrx_word' id='word_1_63' title='bbox 839 917 1198 980; x_wconf 89' lang='lat' dir='ltr'><strong>separaverat</strong></span> <span class='ocrx_word' id='word_1_64' title='bbox 1246 920 1276 963; x_wconf 86' lang='lat' dir='ltr'><strong>a</strong></span> <span class='ocrx_word' id='word_1_65' title='bbox 1312 910 1421 964; x_wconf 91' lang='lat' dir='ltr'><strong>Deo</strong></span> <span class='ocrx_word' id='word_1_66' title='bbox 1469 907 1723 964; x_wconf 75' lang='lat' dir='ltr'><strong>illecebra</strong></span> <span class='ocrx_word' id='word_1_67' title='bbox 1760 917 1816 963; x_wconf 89' lang='lat' dir='ltr'><strong>et</strong></span> 
     </span>
    </p>
   </div>
   <div class='ocr_carea' id='block_1_10' title="bbox 213 1003 1811 1073">
    <p class='ocr_par' dir='ltr' id='par_1_10' title="bbox 213 1003 1811 1073">
     <span class='ocr_line' id='line_1_10' title="bbox 213 1003 1811 1073; baseline 0.001 -15"><span class='ocrx_word' id='word_1_68' title='bbox 213 1003 458 1059; x_wconf 85' lang='lat' dir='ltr'><strong>dulcedo</strong></span> <span class='ocrx_word' id='word_1_69' title='bbox 518 1003 755 1073; x_wconf 87' lang='lat' dir='ltr'><strong>peccati,</strong></span> <span class='ocrx_word' id='word_1_70' title='bbox 808 1004 1125 1060; x_wconf 81' lang='lat' dir='ltr'><strong>severitatis</strong></span> <span class='ocrx_word' id='word_1_71' title='bbox 1175 1004 1476 1059; x_wconf 84' lang='lat' dir='ltr'><strong>austeritas</strong></span> <span class='ocrx_word' id='word_1_72' title='bbox 1522 1012 1739 1073; x_wconf 67' lang='lat' dir='ltr'><strong>so-paret</strong></span> <span class='ocrx_word' id='word_1_73' title='bbox 1780 1016 1811 1059; x_wconf 84' lang='lat' dir='ltr'><strong>a</strong></span> 
     </span>
    </p>
   </div>
   <div class='ocr_carea' id='block_1_11' title="bbox 211 1095 1813 1167">
    <p class='ocr_par' dir='ltr' id='par_1_11' title="bbox 211 1095 1813 1167">
     <span class='ocr_line' id='line_1_11' title="bbox 211 1095 1813 1167; baseline 0.002 -19"><span class='ocrx_word' id='word_1_74' title='bbox 211 1106 474 1165; x_wconf 80' lang='lat' dir='ltr'><strong>peccato.</strong></span> <span class='ocrx_word' id='word_1_75' title='bbox 532 1096 853 1151; x_wconf 82' lang='lat' dir='ltr'><strong>Econtrario</strong></span> <span class='ocrx_word' id='word_1_76' title='bbox 890 1110 1021 1151; x_wconf 82' lang='lat' dir='ltr'><strong>vero</strong></span> <span class='ocrx_word' id='word_1_77' title='bbox 1073 1104 1356 1166; x_wconf 90' lang='lat' dir='ltr'><strong>peccatum</strong></span> <span class='ocrx_word' id='word_1_78' title='bbox 1404 1096 1667 1167; x_wconf 80' lang='lat' dir='ltr'><strong>quidquid</strong></span> <span class='ocrx_word' id='word_1_79' title='bbox 1716 1095 1813 1152; x_wconf 89' lang='lat' dir='ltr'><strong>de-</strong></span> 
     </span>
    </p>
   </div>
   <div class='ocr_carea' id='block_1_12' title="bbox 211 1184 1811 1256">
    <p class='ocr_par' dir='ltr' id='par_1_12' title="bbox 211 1184 1811 1256">
     <span class='ocr_line' id='line_1_12' title="bbox 211 1184 1811 1256; baseline 0.003 -18"><span class='ocrx_word' id='word_1_80' title='bbox 211 1184 393 1250; x_wconf 83' lang='lat' dir='ltr'><strong>derit,</strong></span> <span class='ocrx_word' id='word_1_81' title='bbox 430 1186 699 1256; x_wconf 83' lang='lat' dir='ltr'><strong>quidquid</strong></span> <span class='ocrx_word' id='word_1_82' title='bbox 720 1186 1040 1251; x_wconf 84' lang='lat' dir='ltr'><strong>contulerit,</strong></span> <span class='ocrx_word' id='word_1_83' title='bbox 1072 1187 1268 1242; x_wconf 75' lang='lat' dir='ltr'><strong>animm</strong></span> <span class='ocrx_word' id='word_1_84' title='bbox 1313 1202 1460 1243; x_wconf 85' lang='lat' dir='ltr'><strong>mors</strong></span> <span class='ocrx_word' id='word_1_85' title='bbox 1507 1198 1611 1253; x_wconf 90' lang='lat' dir='ltr'><strong>est,</strong></span> <span class='ocrx_word' id='word_1_86' title='bbox 1643 1189 1811 1244; x_wconf 89' lang='lat' dir='ltr'><strong>etiam</strong></span> 
     </span>
    </p>
   </div>
   <div class='ocr_carea' id='block_1_13' title="bbox 210 1277 887 1351">
    <p class='ocr_par' dir='ltr' id='par_1_13' title="bbox 210 1277 887 1351">
     <span class='ocr_line' id='line_1_13' title="bbox 210 1277 887 1351; baseline 0.003 -20"><span class='ocrx_word' id='word_1_87' title='bbox 210 1278 270 1331; x_wconf 80' lang='lat' dir='ltr'><strong>si</strong></span> <span class='ocrx_word' id='word_1_88' title='bbox 306 1278 577 1348; x_wconf 85' lang='lat' dir='ltr'><strong>stipendia</strong></span> <span class='ocrx_word' id='word_1_89' title='bbox 606 1277 887 1351; x_wconf 76' lang='lat' dir='ltr'><strong>largiatur.</strong></span> 
     </span>
    </p>
   </div>
   <div class='ocr_carea' id='block_1_14' title="bbox 295 1369 1809 1442">
    <p class='ocr_par' dir='ltr' id='par_1_14' title="bbox 295 1369 1809 1442">
     <span class='ocr_line' id='line_1_14' title="bbox 295 1369 1809 1442; baseline 0.003 -21"><span class='ocrx_word' id='word_1_90' title='bbox 295 1369 354 1423; x_wconf 89' lang='grc'><strong>7.</strong></span> <span class='ocrx_word' id='word_1_91' title='bbox 388 1387 407 1420; x_wconf 74' lang='grc' dir='ltr'><strong>ι</strong></span> <span class='ocrx_word' id='word_1_92' title='bbox 436 1370 515 1423; x_wconf 80' lang='lat' dir='ltr'><strong>An</strong></span> <span class='ocrx_word' id='word_1_93' title='bbox 544 1370 831 1440; x_wconf 77' lang='lat' dir='ltr'><strong>ignoratis,</strong></span> <span class='ocrx_word' id='word_1_94' title='bbox 868 1369 1065 1427; x_wconf 84' lang='lat' dir='ltr'><strong>fratres</strong></span> <span class='ocrx_word' id='word_1_95' title='bbox 1099 1370 1420 1435; x_wconf 86' lang='lat' dir='ltr'><strong>(scientibus</strong></span> <span class='ocrx_word' id='word_1_96' title='bbox 1452 1372 1596 1427; x_wconf 88' lang='lat' dir='ltr'><strong>enim</strong></span> <span class='ocrx_word' id='word_1_97' title='bbox 1635 1370 1809 1442; x_wconf 82' lang='lat' dir='ltr'><strong>legem</strong></span> 
     </span>
    </p>
   </div>
   <div class='ocr_carea' id='block_1_15' title="bbox 211 1458 1810 1534">
    <p class='ocr_par' dir='ltr' id='par_1_15' title="bbox 211 1458 1810 1534">
     <span class='ocr_line' id='line_1_15' title="bbox 211 1458 1810 1534; baseline 0.003 -21"><span class='ocrx_word' id='word_1_98' title='bbox 211 1458 440 1530; x_wconf 83' lang='lat' dir='ltr'><strong>loquor)</strong></span> <span class='ocrx_word' id='word_1_99' title='bbox 473 1461 517 1492; x_wconf 76' lang='lat'>”</span> <span class='ocrx_word' id='word_1_100' title='bbox 548 1463 671 1531; x_wconf 83' lang='lat' dir='ltr'><strong>quia</strong></span> <span class='ocrx_word' id='word_1_101' title='bbox 711 1462 796 1518; x_wconf 73' lang='lat' dir='ltr'><strong>lex</strong></span> <span class='ocrx_word' id='word_1_102' title='bbox 845 1462 1160 1517; x_wconf 84' lang='lat' dir='ltr'><strong>dominatur</strong></span> <span class='ocrx_word' id='word_1_103' title='bbox 1204 1463 1258 1517; x_wconf 88' lang='lat' dir='ltr'><strong>in</strong></span> <span class='ocrx_word' id='word_1_104' title='bbox 1306 1464 1553 1529; x_wconf 83' lang='lat' dir='ltr'><strong>homine,</strong></span> <span class='ocrx_word' id='word_1_105' title='bbox 1602 1472 1810 1534; x_wconf 85' lang='lat' dir='ltr'><strong>quanto</strong></span> 
     </span>
    </p>
   </div>
   <div class='ocr_carea' id='block_1_16' title="bbox 212 1552 1813 1624">
    <p class='ocr_par' dir='ltr' id='par_1_16' title="bbox 212 1552 1813 1624">
     <span class='ocr_line' id='line_1_16' title="bbox 212 1552 1813 1624; baseline 0.002 -19"><span class='ocrx_word' id='word_1_106' title='bbox 212 1562 476 1621; x_wconf 84' lang='lat' dir='ltr'><strong>tempore</strong></span> <span class='ocrx_word' id='word_1_107' title='bbox 522 1552 699 1608; x_wconf 78' lang='lat' dir='ltr'><strong>vivit?</strong></span> <span class='ocrx_word' id='word_1_108' title='bbox 740 1552 875 1608; x_wconf 80' lang='lat' dir='ltr'><strong>Nam</strong></span> <span class='ocrx_word' id='word_1_109' title='bbox 918 1569 1043 1624; x_wconf 69' lang='lat' dir='ltr'><strong>qua:</strong></span> <span class='ocrx_word' id='word_1_110' title='bbox 1071 1552 1173 1609; x_wconf 90' lang='lat' dir='ltr'><strong>sub</strong></span> <span class='ocrx_word' id='word_1_111' title='bbox 1202 1554 1322 1609; x_wconf 87' lang='lat' dir='ltr'><strong>viro</strong></span> <span class='ocrx_word' id='word_1_112' title='bbox 1363 1562 1447 1609; x_wconf 76' lang='lat' dir='ltr'><strong>est</strong></span> <span class='ocrx_word' id='word_1_113' title='bbox 1480 1554 1695 1619; x_wconf 89' lang='lat' dir='ltr'><strong>mulier,</strong></span> <span class='ocrx_word' id='word_1_114' title='bbox 1732 1554 1813 1609; x_wconf 80' lang='lat' dir='ltr'><strong>vi-</strong></span> 
     </span>
    </p>
   </div>
   <div class='ocr_carea' id='block_1_17' title="bbox 213 1644 1808 1716">
    <p class='ocr_par' dir='ltr' id='par_1_17' title="bbox 213 1644 1808 1716">
     <span class='ocr_line' id='line_1_17' title="bbox 213 1644 1808 1716; baseline 0.004 -20"><span class='ocrx_word' id='word_1_115' title='bbox 213 1656 389 1697; x_wconf 80' lang='lat' dir='ltr'><strong>vente</strong></span> <span class='ocrx_word' id='word_1_116' title='bbox 419 1644 532 1699; x_wconf 92' lang='lat' dir='ltr'><strong>viro</strong></span> <span class='ocrx_word' id='word_1_117' title='bbox 576 1644 791 1716; x_wconf 86' lang='lat' dir='ltr'><strong>alligata</strong></span> <span class='ocrx_word' id='word_1_118' title='bbox 816 1655 899 1701; x_wconf 89' lang='lat' dir='ltr'><strong>est</strong></span> <span class='ocrx_word' id='word_1_119' title='bbox 927 1645 1055 1715; x_wconf 84' lang='lat' dir='ltr'><strong>legi.</strong></span> <span class='ocrx_word' id='word_1_120' title='bbox 1085 1646 1143 1703; x_wconf 89' lang='lat' dir='ltr'><strong>Si</strong></span> <span class='ocrx_word' id='word_1_121' title='bbox 1174 1657 1357 1701; x_wconf 88' lang='lat' dir='ltr'><strong>autem</strong></span> <span class='ocrx_word' id='word_1_122' title='bbox 1391 1657 1639 1702; x_wconf 91' lang='lat' dir='ltr'><strong>mortuus</strong></span> <span class='ocrx_word' id='word_1_123' title='bbox 1688 1649 1808 1703; x_wconf 84' lang='lat' dir='ltr'><strong>fue-</strong></span> 
     </span>
    </p>
   </div>
   <div class='ocr_carea' id='block_1_18' title="bbox 213 1735 1805 1811">
    <p class='ocr_par' dir='ltr' id='par_1_18' title="bbox 213 1735 1805 1811">
     <span class='ocr_line' id='line_1_18' title="bbox 213 1735 1805 1811; baseline 0.002 -21"><span class='ocrx_word' id='word_1_124' title='bbox 213 1735 296 1790; x_wconf 80' lang='lat' dir='ltr'><strong>rit</strong></span> <span class='ocrx_word' id='word_1_125' title='bbox 348 1737 451 1802; x_wconf 81' lang='lat' dir='ltr'><strong>vir,</strong></span> <span class='ocrx_word' id='word_1_126' title='bbox 487 1736 665 1792; x_wconf 88' lang='lat' dir='ltr'><strong>soluta</strong></span> <span class='ocrx_word' id='word_1_127' title='bbox 693 1747 778 1794; x_wconf 89' lang='lat' dir='ltr'><strong>est</strong></span> <span class='ocrx_word' id='word_1_128' title='bbox 808 1754 837 1793; x_wconf 92' lang='lat' dir='ltr'><strong>a</strong></span> <span class='ocrx_word' id='word_1_129' title='bbox 872 1738 990 1811; x_wconf 90' lang='lat' dir='ltr'><strong>lege</strong></span> <span class='ocrx_word' id='word_1_130' title='bbox 1017 1738 1140 1794; x_wconf 88' lang='lat' dir='ltr'><strong>viri.</strong></span> <span class='ocrx_word' id='word_1_131' title='bbox 1181 1738 1369 1809; x_wconf 86' lang='lat' dir='ltr'><strong>Igitur,</strong></span> <span class='ocrx_word' id='word_1_132' title='bbox 1406 1740 1623 1795; x_wconf 88' lang='lat' dir='ltr'><strong>vivente</strong></span> <span class='ocrx_word' id='word_1_133' title='bbox 1665 1740 1805 1805; x_wconf 89' lang='lat' dir='ltr'><strong>viro,</strong></span> 
     </span>
    </p>
   </div>
   <div class='ocr_carea' id='block_1_19' title="bbox 213 1828 1801 1895">
    <p class='ocr_par' dir='ltr' id='par_1_19' title="bbox 213 1828 1801 1895">
     <span class='ocr_line' id='line_1_19' title="bbox 213 1828 1801 1895; baseline 0.003 -15"><span class='ocrx_word' id='word_1_134' title='bbox 213 1828 705 1895; x_wconf 72' lang='lat' dir='ltr'><strong>cognominabitur</strong></span> <span class='ocrx_word' id='word_1_135' title='bbox 754 1829 1024 1895; x_wconf 90' lang='lat' dir='ltr'><strong>adultera,</strong></span> <span class='ocrx_word' id='word_1_136' title='bbox 1075 1830 1119 1886; x_wconf 93' lang='lat' dir='ltr'><strong>si</strong></span> <span class='ocrx_word' id='word_1_137' title='bbox 1168 1829 1331 1885; x_wconf 90' lang='lat' dir='ltr'><strong>fuerit</strong></span> <span class='ocrx_word' id='word_1_138' title='bbox 1364 1843 1487 1884; x_wconf 92' lang='lat' dir='ltr'><strong>cum</strong></span> <span class='ocrx_word' id='word_1_139' title='bbox 1523 1831 1630 1887; x_wconf 91' lang='lat' dir='ltr'><strong>alio</strong></span> <span class='ocrx_word' id='word_1_140' title='bbox 1663 1830 1801 1885; x_wconf 86' lang='lat' dir='ltr'><strong>viro.</strong></span> 
     </span>
    </p>
   </div>
   <div class='ocr_carea' id='block_1_20' title="bbox 215 1917 1804 1992">
    <p class='ocr_par' dir='ltr' id='par_1_20' title="bbox 215 1917 1804 1992">
     <span class='ocr_line' id='line_1_20' title="bbox 215 1917 1804 1992; baseline 0.003 -19"><span class='ocrx_word' id='word_1_141' title='bbox 215 1917 281 1973; x_wconf 85' lang='lat' dir='ltr'><strong>Si</strong></span> <span class='ocrx_word' id='word_1_142' title='bbox 311 1930 495 1973; x_wconf 90' lang='lat' dir='ltr'><strong>autem</strong></span> <span class='ocrx_word' id='word_1_143' title='bbox 522 1931 768 1976; x_wconf 84' lang='lat' dir='ltr'><strong>mortuus</strong></span> <span class='ocrx_word' id='word_1_144' title='bbox 790 1921 955 1977; x_wconf 91' lang='lat' dir='ltr'><strong>fuerit</strong></span> <span class='ocrx_word' id='word_1_145' title='bbox 981 1926 1081 1989; x_wconf 91' lang='lat' dir='ltr'><strong>vir,</strong></span> <span class='ocrx_word' id='word_1_146' title='bbox 1108 1923 1336 1977; x_wconf 86' lang='lat' dir='ltr'><strong>liberata</strong></span> <span class='ocrx_word' id='word_1_147' title='bbox 1363 1932 1449 1978; x_wconf 88' lang='lat' dir='ltr'><strong>est</strong></span> <span class='ocrx_word' id='word_1_148' title='bbox 1476 1939 1504 1977; x_wconf 91' lang='lat' dir='ltr'><strong>a</strong></span> <span class='ocrx_word' id='word_1_149' title='bbox 1540 1923 1658 1992; x_wconf 89' lang='lat' dir='ltr'><strong>lege</strong></span> <span class='ocrx_word' id='word_1_150' title='bbox 1680 1924 1804 1990; x_wconf 91' lang='lat' dir='ltr'><strong>viri,</strong></span> 
     </span>
    </p>
   </div>
   <div class='ocr_carea' id='block_1_21' title="bbox 218 2010 1807 2079">
    <p class='ocr_par' dir='ltr' id='par_1_21' title="bbox 218 2010 1807 2079">
     <span class='ocr_line' id='line_1_21' title="bbox 218 2010 1807 2079; baseline 0.004 -16"><span class='ocrx_word' id='word_1_151' title='bbox 218 2019 282 2063; x_wconf 90' lang='lat' dir='ltr'><strong>ut</strong></span> <span class='ocrx_word' id='word_1_152' title='bbox 313 2010 427 2079; x_wconf 86' lang='lat' dir='ltr'><strong>jam</strong></span> <span class='ocrx_word' id='word_1_153' title='bbox 462 2026 566 2066; x_wconf 91' lang='lat' dir='ltr'><strong>non</strong></span> <span class='ocrx_word' id='word_1_154' title='bbox 592 2014 663 2068; x_wconf 90' lang='lat' dir='ltr'><strong>sit</strong></span> <span class='ocrx_word' id='word_1_155' title='bbox 691 2013 934 2071; x_wconf 90' lang='lat' dir='ltr'><strong>adultera</strong></span> <span class='ocrx_word' id='word_1_156' title='bbox 966 2015 1012 2073; x_wconf 88' lang='lat' dir='ltr'><strong>si</strong></span> <span class='ocrx_word' id='word_1_157' title='bbox 1039 2012 1206 2070; x_wconf 88' lang='lat' dir='ltr'><strong>fuerit</strong></span> <span class='ocrx_word' id='word_1_158' title='bbox 1232 2030 1355 2069; x_wconf 91' lang='lat' dir='ltr'><strong>cum</strong></span> <span class='ocrx_word' id='word_1_159' title='bbox 1387 2015 1494 2070; x_wconf 92' lang='lat' dir='ltr'><strong>alio</strong></span> <span class='ocrx_word' id='word_1_160' title='bbox 1522 2015 1664 2071; x_wconf 89' lang='lat' dir='ltr'><strong>viro.</strong></span> <span class='ocrx_word' id='word_1_161' title='bbox 1696 2015 1807 2070; x_wconf 82' lang='lat' dir='ltr'><strong>Ita-</strong></span> 
     </span>
    </p>
   </div>
   <div class='ocr_carea' id='block_1_22' title="bbox 216 2101 1807 2180">
    <p class='ocr_par' dir='ltr' id='par_1_22' title="bbox 216 2101 1807 2180">
     <span class='ocr_line' id='line_1_22' title="bbox 216 2101 1807 2180; baseline 0.006 -25"><span class='ocrx_word' id='word_1_162' title='bbox 216 2115 352 2170; x_wconf 73' lang='lat' dir='ltr'><strong>que,</strong></span> <span class='ocrx_word' id='word_1_163' title='bbox 405 2101 605 2159; x_wconf 88' lang='lat' dir='ltr'><strong>fratres</strong></span> <span class='ocrx_word' id='word_1_164' title='bbox 661 2105 787 2171; x_wconf 89' lang='lat' dir='ltr'><strong>mei,</strong></span> <span class='ocrx_word' id='word_1_165' title='bbox 829 2116 885 2161; x_wconf 93' lang='lat' dir='ltr'><strong>et</strong></span> <span class='ocrx_word' id='word_1_166' title='bbox 927 2123 1023 2162; x_wconf 90' lang='lat' dir='ltr'><strong>vos</strong></span> <span class='ocrx_word' id='word_1_167' title='bbox 1066 2107 1376 2162; x_wconf 82' lang='lat' dir='ltr'><strong>mortificati</strong></span> <span class='ocrx_word' id='word_1_168' title='bbox 1412 2109 1543 2164; x_wconf 88' lang='lat' dir='ltr'><strong>estis</strong></span> <span class='ocrx_word' id='word_1_169' title='bbox 1576 2108 1677 2180; x_wconf 86' lang='lat' dir='ltr'><strong>legi</strong></span> <span class='ocrx_word' id='word_1_170' title='bbox 1709 2120 1807 2180; x_wconf 84' lang='lat' dir='ltr'><strong>per</strong></span> 
     </span>
    </p>
   </div>
   <div class='ocr_carea' id='block_1_23' title="bbox 217 2192 1807 2268">
    <p class='ocr_par' dir='ltr' id='par_1_23' title="bbox 217 2192 1807 2268">
     <span class='ocr_line' id='line_1_23' title="bbox 217 2192 1807 2268; baseline 0.006 -23"><span class='ocrx_word' id='word_1_171' title='bbox 217 2206 421 2261; x_wconf 88' lang='lat' dir='ltr'><strong>corpus</strong></span> <span class='ocrx_word' id='word_1_172' title='bbox 450 2192 673 2259; x_wconf 89' lang='lat' dir='ltr'><strong>Christi,</strong></span> <span class='ocrx_word' id='word_1_173' title='bbox 713 2204 771 2252; x_wconf 89' lang='grc' dir='ltr'><strong>ιιι</strong></span> <span class='ocrx_word' id='word_1_174' title='bbox 804 2195 923 2252; x_wconf 90' lang='lat' dir='ltr'><strong>sitis</strong></span> <span class='ocrx_word' id='word_1_175' title='bbox 953 2196 1177 2253; x_wconf 86' lang='lat' dir='ltr'><strong>alterius</strong></span> <span class='ocrx_word' id='word_1_176' title='bbox 1205 2197 1297 2268; x_wconf 92' lang='lat' dir='ltr'><strong>qui</strong></span> <span class='ocrx_word' id='word_1_177' title='bbox 1328 2213 1395 2252; x_wconf 86' lang='lat' dir='ltr'><strong>ex</strong></span> <span class='ocrx_word' id='word_1_178' title='bbox 1442 2198 1675 2253; x_wconf 90' lang='lat' dir='ltr'><strong>mortuis</strong></span> <span class='ocrx_word' id='word_1_179' title='bbox 1720 2214 1807 2254; x_wconf 90' lang='lat' dir='ltr'><strong>re-</strong></span> 
     </span>
    </p>
   </div>
   <div class='ocr_carea' id='block_1_24' title="bbox 219 2285 1807 2360">
    <p class='ocr_par' dir='ltr' id='par_1_24' title="bbox 219 2285 1807 2360">
     <span class='ocr_line' id='line_1_24' title="bbox 219 2285 1807 2360; baseline 0.004 -22"><span class='ocrx_word' id='word_1_180' title='bbox 219 2285 484 2350; x_wconf 80' lang='lat' dir='ltr'><strong>surrexit,</strong></span> <span class='ocrx_word' id='word_1_181' title='bbox 525 2296 583 2341; x_wconf 91' lang='lat' dir='ltr'><strong>nt</strong></span> <span class='ocrx_word' id='word_1_182' title='bbox 610 2286 1006 2345; x_wconf 78' lang='lat' dir='ltr'><strong>fructificemus</strong></span> <span class='ocrx_word' id='word_1_183' title='bbox 1036 2288 1150 2360; x_wconf 86' lang='grc'>(58)</span> <span class='ocrx_word' id='word_1_184' title='bbox 1181 2288 1312 2343; x_wconf 90' lang='lat' dir='ltr'><strong>Deo.</strong></span> <span class='ocrx_word' id='word_1_185' title='bbox 1354 2288 1492 2344; x_wconf 88' lang='lat' dir='ltr'><strong>Cum</strong></span> <span class='ocrx_word' id='word_1_186' title='bbox 1530 2292 1677 2344; x_wconf 90' lang='lat' dir='ltr'><strong>enim</strong></span> <span class='ocrx_word' id='word_1_187' title='bbox 1717 2305 1807 2345; x_wconf 75' lang='lat' dir='ltr'><strong>es-</strong></span> 
     </span>
    </p>
   </div>
   <div class='ocr_carea' id='block_1_25' title="bbox 220 2377 1809 2452">
    <p class='ocr_par' dir='ltr' id='par_1_25' title="bbox 220 2377 1809 2452">
     <span class='ocr_line' id='line_1_25' title="bbox 220 2377 1809 2452; baseline 0.005 -24"><span class='ocrx_word' id='word_1_188' title='bbox 220 2388 411 2430; x_wconf 85' lang='lat' dir='ltr'><strong>semus</strong></span> <span class='ocrx_word' id='word_1_189' title='bbox 459 2377 510 2430; x_wconf 91' lang='lat' dir='ltr'><strong>in</strong></span> <span class='ocrx_word' id='word_1_190' title='bbox 564 2393 754 2443; x_wconf 90' lang='lat' dir='ltr'><strong>carne,</strong></span> <span class='ocrx_word' id='word_1_191' title='bbox 803 2378 933 2433; x_wconf 91' lang='lat' dir='ltr'><strong>vitia</strong></span> <span class='ocrx_word' id='word_1_192' title='bbox 987 2390 1333 2450; x_wconf 87' lang='lat' dir='ltr'><strong>peccatorum</strong></span> <span class='ocrx_word' id='word_1_193' title='bbox 1364 2380 1501 2452; x_wconf 86' lang='grc'>(59),</span> <span class='ocrx_word' id='word_1_194' title='bbox 1542 2395 1664 2450; x_wconf 74' lang='lat' dir='ltr'><strong>qua:</strong></span> <span class='ocrx_word' id='word_1_195' title='bbox 1711 2397 1809 2452; x_wconf 85' lang='lat' dir='ltr'><strong>per</strong></span> 
     </span>
    </p>
   </div>
   <div class='ocr_carea' id='block_1_26' title="bbox 220 2466 1809 2540">
    <p class='ocr_par' dir='ltr' id='par_1_26' title="bbox 220 2466 1809 2540">
     <span class='ocr_line' id='line_1_26' title="bbox 220 2466 1809 2540; baseline 0.006 -20"><span class='ocrx_word' id='word_1_196' title='bbox 220 2466 399 2537; x_wconf 80' lang='lat' dir='ltr'><strong>legem</strong></span> <span class='ocrx_word' id='word_1_197' title='bbox 441 2479 619 2534; x_wconf 88' lang='lat' dir='ltr'><strong>erant,</strong></span> <span class='ocrx_word' id='word_1_198' title='bbox 660 2472 1030 2540; x_wconf 88' lang='lat' dir='ltr'><strong>operabantur</strong></span> <span class='ocrx_word' id='word_1_199' title='bbox 1067 2472 1120 2525; x_wconf 90' lang='lat' dir='ltr'><strong>in</strong></span> <span class='ocrx_word' id='word_1_200' title='bbox 1163 2472 1425 2527; x_wconf 85' lang='lat' dir='ltr'><strong>membris</strong></span> <span class='ocrx_word' id='word_1_201' title='bbox 1475 2473 1701 2538; x_wconf 88' lang='lat' dir='ltr'><strong>nostris,</strong></span> <span class='ocrx_word' id='word_1_202' title='bbox 1749 2484 1809 2530; x_wconf 92' lang='lat' dir='ltr'><strong>ut</strong></span> 
     </span>
    </p>
   </div>
   <div class='ocr_carea' id='block_1_27' title="bbox 218 2553 1808 2637">
    <p class='ocr_par' dir='ltr' id='par_1_27' title="bbox 218 2553 1808 2637">
     <span class='ocr_line' id='line_1_27' title="bbox 218 2553 1808 2637; baseline 0.006 -25"><span class='ocrx_word' id='word_1_203' title='bbox 218 2553 620 2615; x_wconf 81' lang='lat' dir='ltr'><strong>fructificarcut</strong></span> <span class='ocrx_word' id='word_1_204' title='bbox 642 2561 826 2616; x_wconf 86' lang='lat' dir='ltr'><strong>morti.</strong></span> <span class='ocrx_word' id='word_1_205' title='bbox 849 2560 1003 2616; x_wconf 85' lang='lat' dir='ltr'><strong>Nunc</strong></span> <span class='ocrx_word' id='word_1_206' title='bbox 1026 2572 1206 2617; x_wconf 89' lang='lat' dir='ltr'><strong>autem</strong></span> <span class='ocrx_word' id='word_1_207' title='bbox 1236 2562 1397 2618; x_wconf 90' lang='lat' dir='ltr'><strong>soluti</strong></span> <span class='ocrx_word' id='word_1_208' title='bbox 1426 2578 1615 2619; x_wconf 91' lang='lat' dir='ltr'><strong>sumus</strong></span> <span class='ocrx_word' id='word_1_209' title='bbox 1636 2579 1667 2619; x_wconf 87' lang='lat' dir='ltr'><strong>a</strong></span> <span class='ocrx_word' id='word_1_210' title='bbox 1689 2563 1808 2637; x_wconf 84' lang='lat' dir='ltr'><strong>lege</strong></span> 
     </span>
    </p>
   </div>
   <div class='ocr_carea' id='block_1_28' title="bbox 217 2651 1803 2722">
    <p class='ocr_par' dir='ltr' id='par_1_28' title="bbox 217 2651 1803 2722">
     <span class='ocr_line' id='line_1_28' title="bbox 217 2651 1803 2722; baseline 0.005 -19"><span class='ocrx_word' id='word_1_211' title='bbox 217 2652 453 2719; x_wconf 87' lang='lat' dir='ltr'><strong>mortui,</strong></span> <span class='ocrx_word' id='word_1_212' title='bbox 486 2651 681 2722; x_wconf 88' lang='lat' dir='ltr'><strong>inqua</strong></span> <span class='ocrx_word' id='word_1_213' title='bbox 717 2652 1118 2722; x_wconf 89' lang='lat' dir='ltr'><strong>detinebamur,</strong></span> <span class='ocrx_word' id='word_1_214' title='bbox 1172 2654 1243 2709; x_wconf 90' lang='lat' dir='ltr'><strong>ita</strong></span> <span class='ocrx_word' id='word_1_215' title='bbox 1289 2664 1347 2709; x_wconf 92' lang='lat' dir='ltr'><strong>ut</strong></span> <span class='ocrx_word' id='word_1_216' title='bbox 1390 2654 1699 2711; x_wconf 85' lang='lat' dir='ltr'><strong>serviamus</strong></span> <span class='ocrx_word' id='word_1_217' title='bbox 1750 2658 1803 2711; x_wconf 92' lang='lat' dir='ltr'><strong>in</strong></span> 
     </span>
    </p>
   </div>
   <div class='ocr_carea' id='block_1_29' title="bbox 216 2744 1806 2813">
    <p class='ocr_par' dir='ltr' id='par_1_29' title="bbox 216 2744 1806 2813">
     <span class='ocr_line' id='line_1_29' title="bbox 216 2744 1806 2813; baseline 0.003 -17"><span class='ocrx_word' id='word_1_218' title='bbox 216 2744 460 2798; x_wconf 85' lang='lat' dir='ltr'><strong>novitate</strong></span> <span class='ocrx_word' id='word_1_219' title='bbox 487 2744 735 2813; x_wconf 77' lang='lat' dir='ltr'><strong>spiritus,</strong></span> <span class='ocrx_word' id='word_1_220' title='bbox 765 2753 821 2800; x_wconf 92' lang='lat' dir='ltr'><strong>et</strong></span> <span class='ocrx_word' id='word_1_221' title='bbox 850 2760 957 2801; x_wconf 91' lang='lat' dir='ltr'><strong>non</strong></span> <span class='ocrx_word' id='word_1_222' title='bbox 984 2745 1037 2799; x_wconf 93' lang='lat' dir='ltr'><strong>iu</strong></span> <span class='ocrx_word' id='word_1_223' title='bbox 1074 2752 1345 2802; x_wconf 87' lang='lat' dir='ltr'><strong>vetustate</strong></span> <span class='ocrx_word' id='word_1_224' title='bbox 1372 2746 1586 2802; x_wconf 69' lang='lat' dir='ltr'><strong>litterae.</strong></span> <span class='ocrx_word' id='word_1_225' title='bbox 1626 2767 1646 2801; x_wconf 76' lang='grc' dir='ltr'><strong>ι</strong></span> <span class='ocrx_word' id='word_1_226' title='bbox 1704 2744 1806 2803; x_wconf 85' lang='lat' dir='ltr'><strong>La-</strong></span> 
     </span>
    </p>
   </div>
   <div class='ocr_carea' id='block_1_30' title="bbox 220 2833 1801 2908">
    <p class='ocr_par' dir='ltr' id='par_1_30' title="bbox 220 2833 1801 2908">
     <span class='ocr_line' id='line_1_30' title="bbox 220 2833 1801 2908; baseline 0.006 -22"><span class='ocrx_word' id='word_1_227' title='bbox 220 2833 328 2887; x_wconf 90' lang='lat' dir='ltr'><strong>tius</strong></span> <span class='ocrx_word' id='word_1_228' title='bbox 380 2833 433 2888; x_wconf 89' lang='lat' dir='ltr'><strong>in</strong></span> <span class='ocrx_word' id='word_1_229' title='bbox 476 2835 855 2903; x_wconf 88' lang='lat' dir='ltr'><strong>superioribus</strong></span> <span class='ocrx_word' id='word_1_230' title='bbox 883 2834 996 2907; x_wconf 77' lang='grc'>(40)</span> <span class='ocrx_word' id='word_1_231' title='bbox 1029 2835 1095 2892; x_wconf 89' lang='lat' dir='ltr'><strong>de</strong></span> <span class='ocrx_word' id='word_1_232' title='bbox 1123 2837 1226 2892; x_wconf 83' lang='lat' dir='ltr'><strong>tlde</strong></span> <span class='ocrx_word' id='word_1_233' title='bbox 1257 2847 1312 2893; x_wconf 91' lang='lat' dir='ltr'><strong>et</strong></span> <span class='ocrx_word' id='word_1_234' title='bbox 1342 2838 1459 2908; x_wconf 85' lang='lat' dir='ltr'><strong>lege</strong></span> <span class='ocrx_word' id='word_1_235' title='bbox 1494 2837 1801 2907; x_wconf 88' lang='lat' dir='ltr'><strong>disserens,</strong></span> 
     </span>
    </p>
   </div>
   <div class='ocr_carea' id='block_1_31' title="bbox 217 2924 1801 2993">
    <p class='ocr_par' dir='ltr' id='par_1_31' title="bbox 217 2924 1801 2993">
     <span class='ocr_line' id='line_1_31' title="bbox 217 2924 1801 2993; baseline 0.006 -16"><span class='ocrx_word' id='word_1_236' title='bbox 217 2938 318 2991; x_wconf 88' lang='lat' dir='ltr'><strong>per</strong></span> <span class='ocrx_word' id='word_1_237' title='bbox 348 2924 530 2977; x_wconf 82' lang='lat' dir='ltr'><strong>omnia</strong></span> <span class='ocrx_word' id='word_1_238' title='bbox 559 2939 681 2979; x_wconf 90' lang='lat' dir='ltr'><strong>esse</strong></span> <span class='ocrx_word' id='word_1_239' title='bbox 712 2925 1109 2993; x_wconf 73' lang='lat' dir='ltr'><strong>prmferendam</strong></span> <span class='ocrx_word' id='word_1_240' title='bbox 1138 2930 1381 2983; x_wconf 88' lang='lat' dir='ltr'><strong>ostendit</strong></span> <span class='ocrx_word' id='word_1_241' title='bbox 1409 2930 1567 2985; x_wconf 82' lang='lat' dir='ltr'><strong>fidem</strong></span> <span class='ocrx_word' id='word_1_242' title='bbox 1611 2945 1801 2986; x_wconf 88' lang='lat' dir='ltr'><strong>eorum</strong></span> 
     </span>
    </p>
   </div>
   <div class='ocr_carea' id='block_1_32' title="bbox 214 3014 1801 3088">
    <p class='ocr_par' dir='ltr' id='par_1_32' title="bbox 214 3014 1801 3088">
     <span class='ocr_line' id='line_1_32' title="bbox 214 3014 1801 3088; baseline 0.006 -21"><span class='ocrx_word' id='word_1_243' title='bbox 214 3014 482 3069; x_wconf 81' lang='lat' dir='ltr'><strong>duntaxat</strong></span> <span class='ocrx_word' id='word_1_244' title='bbox 510 3016 601 3086; x_wconf 93' lang='lat' dir='ltr'><strong>qui</strong></span> <span class='ocrx_word' id='word_1_245' title='bbox 629 3016 858 3071; x_wconf 90' lang='lat' dir='ltr'><strong>credunt</strong></span> <span class='ocrx_word' id='word_1_246' title='bbox 892 3036 910 3069; x_wconf 77' lang='grc' dir='ltr'><strong>ι</strong></span> <span class='ocrx_word' id='word_1_247' title='bbox 938 3016 989 3071; x_wconf 85' lang='grc' dir='ltr'>ῑιι</span> <span class='ocrx_word' id='word_1_248' title='bbox 1014 3033 1136 3073; x_wconf 91' lang='lat' dir='ltr'><strong>eum</strong></span> <span class='ocrx_word' id='word_1_249' title='bbox 1158 3019 1247 3088; x_wconf 91' lang='lat' dir='ltr'><strong>qui</strong></span> <span class='ocrx_word' id='word_1_250' title='bbox 1283 3020 1574 3075; x_wconf 86' lang='lat' dir='ltr'><strong>suscitavit</strong></span> <span class='ocrx_word' id='word_1_251' title='bbox 1614 3021 1801 3078; x_wconf 81' lang='lat' dir='ltr'><strong>Jesutn</strong></span> 
     </span>
    </p>
   </div>
   <div class='ocr_carea' id='block_1_33' title="bbox 222 3104 1801 3182">
    <p class='ocr_par' dir='ltr' id='par_1_33' title="bbox 222 3104 1801 3182">
     <span class='ocr_line' id='line_1_33' title="bbox 222 3104 1801 3182; baseline 0.006 -23"><span class='ocrx_word' id='word_1_252' title='bbox 222 3104 506 3162; x_wconf 88' lang='lat' dir='ltr'><strong>Dominum</strong></span> <span class='ocrx_word' id='word_1_253' title='bbox 539 3117 790 3162; x_wconf 90' lang='lat' dir='ltr'><strong>nostrum</strong></span> <span class='ocrx_word' id='word_1_254' title='bbox 817 3123 847 3161; x_wconf 91' lang='lat' dir='ltr'><strong>a</strong></span> <span class='ocrx_word' id='word_1_255' title='bbox 878 3111 1109 3165; x_wconf 85' lang='lat' dir='ltr'><strong>mortuis</strong></span> <span class='ocrx_word' id='word_1_256' title='bbox 1141 3110 1207 3166; x_wconf 80' lang='grc'><strong>⁸¹.</strong></span> <span class='ocrx_word' id='word_1_257' title='bbox 1239 3131 1260 3164; x_wconf 76' lang='grc' dir='ltr'><strong>ι</strong></span> <span class='ocrx_word' id='word_1_258' title='bbox 1314 3110 1445 3167; x_wconf 86' lang='lat' dir='ltr'><strong>Post</strong></span> <span class='ocrx_word' id='word_1_259' title='bbox 1477 3113 1590 3168; x_wconf 74' lang='lat' dir='ltr'><strong>haec</strong></span> <span class='ocrx_word' id='word_1_260' title='bbox 1625 3114 1801 3182; x_wconf 91' lang='lat' dir='ltr'><strong>qualis</strong></span> 
     </span>
    </p>
   </div>
   <div class='ocr_carea' id='block_1_34' title="bbox 213 3200 1802 3274">
    <p class='ocr_par' dir='ltr' id='par_1_34' title="bbox 213 3200 1802 3274">
     <span class='ocr_line' id='line_1_34' title="bbox 213 3200 1802 3274; baseline 0.005 -21"><span class='ocrx_word' id='word_1_261' title='bbox 213 3200 382 3253; x_wconf 89' lang='lat' dir='ltr'><strong>etiam</strong></span> <span class='ocrx_word' id='word_1_262' title='bbox 419 3212 606 3255; x_wconf 91' lang='lat' dir='ltr'><strong>eorum</strong></span> <span class='ocrx_word' id='word_1_263' title='bbox 634 3200 922 3256; x_wconf 88' lang='lat' dir='ltr'><strong>conversio</strong></span> <span class='ocrx_word' id='word_1_264' title='bbox 946 3200 1061 3272; x_wconf 75' lang='grc'>(41)</span> <span class='ocrx_word' id='word_1_265' title='bbox 1091 3201 1315 3259; x_wconf 89' lang='lat' dir='ltr'><strong>deberet</strong></span> <span class='ocrx_word' id='word_1_266' title='bbox 1341 3219 1463 3259; x_wconf 90' lang='lat' dir='ltr'><strong>esse</strong></span> <span class='ocrx_word' id='word_1_267' title='bbox 1484 3206 1761 3274; x_wconf 76' lang='lat' dir='ltr'><strong>subiungit</strong></span> <span class='ocrx_word' id='word_1_268' title='bbox 1786 3247 1802 3273; x_wconf 93' lang='lat'><strong>,</strong></span> 
     </span>
    </p>
   </div>
   <div class='ocr_carea' id='block_1_35' title="bbox 219 3289 1804 3365">
    <p class='ocr_par' dir='ltr' id='par_1_35' title="bbox 219 3289 1804 3365">
     <span class='ocr_line' id='line_1_35' title="bbox 219 3289 1804 3365; baseline 0.006 -21"><span class='ocrx_word' id='word_1_269' title='bbox 219 3289 273 3344; x_wconf 87' lang='lat' dir='ltr'><strong>itt</strong></span> <span class='ocrx_word' id='word_1_270' title='bbox 304 3291 503 3360; x_wconf 85' lang='lat' dir='ltr'><strong>quibus</strong></span> <span class='ocrx_word' id='word_1_271' title='bbox 539 3300 594 3345; x_wconf 88' lang='lat' dir='ltr'><strong>et</strong></span> <span class='ocrx_word' id='word_1_272' title='bbox 624 3293 689 3346; x_wconf 90' lang='lat' dir='ltr'><strong>de</strong></span> <span class='ocrx_word' id='word_1_273' title='bbox 717 3303 944 3363; x_wconf 90' lang='lat' dir='ltr'><strong>peccato</strong></span> <span class='ocrx_word' id='word_1_274' title='bbox 982 3295 1181 3362; x_wconf 87' lang='lat' dir='ltr'><strong>Adam,</strong></span> <span class='ocrx_word' id='word_1_275' title='bbox 1232 3311 1296 3350; x_wconf 86' lang='lat' dir='ltr'><strong>ac</strong></span> <span class='ocrx_word' id='word_1_276' title='bbox 1330 3295 1544 3365; x_wconf 88' lang='lat' dir='ltr'><strong>justitia</strong></span> <span class='ocrx_word' id='word_1_277' title='bbox 1595 3296 1804 3353; x_wconf 87' lang='lat' dir='ltr'><strong>Christi</strong></span> 
     </span>
    </p>
   </div>
   <div class='ocr_carea' id='block_1_36' title="bbox 215 3382 1803 3459">
    <p class='ocr_par' dir='ltr' id='par_1_36' title="bbox 215 3382 1803 3459">
     <span class='ocr_line' id='line_1_36' title="bbox 215 3382 1803 3459; baseline 0.005 -23"><span class='ocrx_word' id='word_1_278' title='bbox 215 3382 479 3437; x_wconf 87' lang='lat' dir='ltr'><strong>disseruit</strong></span> <span class='ocrx_word' id='word_1_279' title='bbox 506 3399 519 3436; x_wconf 89' lang='lat'><strong>:</strong></span> <span class='ocrx_word' id='word_1_280' title='bbox 553 3382 649 3436; x_wconf 92' lang='lat' dir='ltr'><strong>sed</strong></span> <span class='ocrx_word' id='word_1_281' title='bbox 682 3394 736 3437; x_wconf 90' lang='lat' dir='ltr'><strong>et</strong></span> <span class='ocrx_word' id='word_1_282' title='bbox 757 3384 825 3438; x_wconf 91' lang='lat' dir='ltr'><strong>de</strong></span> <span class='ocrx_word' id='word_1_283' title='bbox 860 3385 1124 3439; x_wconf 86' lang='lat' dir='ltr'><strong>servitute</strong></span> <span class='ocrx_word' id='word_1_284' title='bbox 1156 3384 1268 3457; x_wconf 71' lang='grc'>(42)</span> <span class='ocrx_word' id='word_1_285' title='bbox 1296 3402 1362 3443; x_wconf 90' lang='lat' dir='ltr'><strong>ac</strong></span> <span class='ocrx_word' id='word_1_286' title='bbox 1393 3387 1649 3445; x_wconf 90' lang='lat' dir='ltr'><strong>libertate</strong></span> <span class='ocrx_word' id='word_1_287' title='bbox 1695 3403 1803 3459; x_wconf 90' lang='lat' dir='ltr'><strong>qua</strong></span> 
     </span>
    </p>
   </div>
   <div class='ocr_carea' id='block_1_37' title="bbox 217 3473 1803 3551">
    <p class='ocr_par' dir='ltr' id='par_1_37' title="bbox 217 3473 1803 3551">
     <span class='ocr_line' id='line_1_37' title="bbox 217 3473 1803 3551; baseline 0.006 -24"><span class='ocrx_word' id='word_1_288' title='bbox 217 3473 550 3542; x_wconf 72' lang='lat' dir='ltr'><strong>veljustitia:</strong></span> <span class='ocrx_word' id='word_1_289' title='bbox 575 3475 700 3545; x_wconf 88' lang='lat' dir='ltr'><strong>quis</strong></span> <span class='ocrx_word' id='word_1_290' title='bbox 725 3476 894 3531; x_wconf 84' lang='lat' dir='ltr'><strong>servit</strong></span> <span class='ocrx_word' id='word_1_291' title='bbox 923 3487 979 3531; x_wconf 90' lang='lat' dir='ltr'><strong>et</strong></span> <span class='ocrx_word' id='word_1_292' title='bbox 1017 3477 1155 3533; x_wconf 89' lang='lat' dir='ltr'><strong>iiber</strong></span> <span class='ocrx_word' id='word_1_293' title='bbox 1200 3490 1288 3535; x_wconf 86' lang='lat' dir='ltr'><strong>est</strong></span> <span class='ocrx_word' id='word_1_294' title='bbox 1327 3495 1355 3533; x_wconf 93' lang='lat' dir='ltr'><strong>a</strong></span> <span class='ocrx_word' id='word_1_295' title='bbox 1411 3490 1664 3551; x_wconf 90' lang='lat' dir='ltr'><strong>peccato,</strong></span> <span class='ocrx_word' id='word_1_296' title='bbox 1716 3483 1803 3538; x_wconf 89' lang='lat' dir='ltr'><strong>vel</strong></span> 
     </span>
    </p>
   </div>
   <div class='ocr_carea' id='block_1_38' title="bbox 215 3566 1803 3640">
    <p class='ocr_par' dir='ltr' id='par_1_38' title="bbox 215 3566 1803 3640">
     <span class='ocr_line' id='line_1_38' title="bbox 215 3566 1803 3640; baseline 0.004 -19"><span class='ocrx_word' id='word_1_297' title='bbox 215 3575 445 3636; x_wconf 86' lang='lat' dir='ltr'><strong>peccato</strong></span> <span class='ocrx_word' id='word_1_298' title='bbox 463 3566 934 3636; x_wconf 72' lang='lat' dir='ltr'><strong>servitetjustitia:</strong></span> <span class='ocrx_word' id='word_1_299' title='bbox 949 3568 1086 3624; x_wconf 91' lang='lat' dir='ltr'><strong>liber</strong></span> <span class='ocrx_word' id='word_1_300' title='bbox 1099 3578 1205 3634; x_wconf 91' lang='lat' dir='ltr'><strong>est,</strong></span> <span class='ocrx_word' id='word_1_301' title='bbox 1221 3570 1534 3640; x_wconf 79' lang='lat' dir='ltr'><strong>disputavit.</strong></span> <span class='ocrx_word' id='word_1_302' title='bbox 1554 3569 1803 3628; x_wconf 87' lang='lat' dir='ltr'><strong>Nunccr-</strong></span> 
     </span>
    </p>
   </div>
   <div class='ocr_carea' id='block_1_39' title="bbox 214 3660 1803 3735">
    <p class='ocr_par' dir='ltr' id='par_1_39' title="bbox 214 3660 1803 3735">
     <span class='ocr_line' id='line_1_39' title="bbox 214 3660 1803 3735; baseline 0.002 -18"><span class='ocrx_word' id='word_1_303' title='bbox 214 3676 285 3735; x_wconf 91' lang='lat' dir='ltr'><strong>go</strong></span> <span class='ocrx_word' id='word_1_304' title='bbox 301 3668 429 3733; x_wconf 83' lang='lat' dir='ltr'><strong>post</strong></span> <span class='ocrx_word' id='word_1_305' title='bbox 447 3673 731 3716; x_wconf 74' lang='lat' dir='ltr'><strong>excessum</strong></span> <span class='ocrx_word' id='word_1_306' title='bbox 756 3660 1045 3732; x_wconf 88' lang='lat' dir='ltr'><strong>quemdam</strong></span> <span class='ocrx_word' id='word_1_307' title='bbox 1063 3660 1226 3715; x_wconf 89' lang='lat' dir='ltr'><strong>latius</strong></span> <span class='ocrx_word' id='word_1_308' title='bbox 1250 3661 1496 3715; x_wconf 89' lang='lat' dir='ltr'><strong>habitum</strong></span> <span class='ocrx_word' id='word_1_309' title='bbox 1530 3662 1645 3734; x_wconf 78' lang='grc'>(45)</span> <span class='ocrx_word' id='word_1_310' title='bbox 1662 3665 1803 3720; x_wconf 89' lang='lat' dir='ltr'><strong>redit</strong></span> 
     </span>
    </p>
   </div>
   <div class='ocr_carea' id='block_1_40' title="bbox 215 3752 1799 3826">
    <p class='ocr_par' dir='ltr' id='par_1_40' title="bbox 215 3752 1799 3826">
     <span class='ocr_line' id='line_1_40' title="bbox 215 3752 1799 3826; baseline 0.001 -17"><span class='ocrx_word' id='word_1_311' title='bbox 215 3755 378 3826; x_wconf 78' lang='lat'><strong>577</strong></span> <span class='ocrx_word' id='word_1_312' title='bbox 412 3755 588 3809; x_wconf 88' lang='lat' dir='ltr'><strong>denuo</strong></span> <span class='ocrx_word' id='word_1_313' title='bbox 639 3752 706 3809; x_wconf 90' lang='lat' dir='ltr'><strong>ad</strong></span> <span class='ocrx_word' id='word_1_314' title='bbox 756 3762 1047 3809; x_wconf 86' lang='lat' dir='ltr'><strong>tractatum</strong></span> <span class='ocrx_word' id='word_1_315' title='bbox 1105 3754 1244 3825; x_wconf 88' lang='lat' dir='ltr'><strong>legis</strong></span> <span class='ocrx_word' id='word_1_316' title='bbox 1279 3763 1335 3808; x_wconf 92' lang='lat' dir='ltr'><strong>et</strong></span> <span class='ocrx_word' id='word_1_317' title='bbox 1382 3752 1607 3821; x_wconf 91' lang='lat' dir='ltr'><strong>Christi,</strong></span> <span class='ocrx_word' id='word_1_318' title='bbox 1668 3757 1799 3811; x_wconf 90' lang='lat' dir='ltr'><strong>talia</strong></span> 
     </span>
    </p>
   </div>
   <div class='ocr_carea' id='block_1_41' title="bbox 215 3848 1795 3919">
    <p class='ocr_par' dir='ltr' id='par_1_41' title="bbox 215 3848 1795 3919">
     <span class='ocr_line' id='line_1_41' title="bbox 215 3848 1795 3919; baseline 0.001 -16"><span class='ocrx_word' id='word_1_319' title='bbox 215 3850 462 3917; x_wconf 66' lang='lat' dir='ltr'><strong>quaedam</strong></span> <span class='ocrx_word' id='word_1_320' title='bbox 505 3848 559 3903; x_wconf 91' lang='lat' dir='ltr'><strong>in</strong></span> <span class='ocrx_word' id='word_1_321' title='bbox 592 3848 843 3917; x_wconf 70' lang='lat' dir='ltr'><strong>praesenti</strong></span> <span class='ocrx_word' id='word_1_322' title='bbox 880 3848 1157 3905; x_wconf 87' lang='lat' dir='ltr'><strong>disserens</strong></span> <span class='ocrx_word' id='word_1_323' title='bbox 1181 3850 1335 3903; x_wconf 91' lang='lat' dir='ltr'><strong>loco:</strong></span> <span class='ocrx_word' id='word_1_324' title='bbox 1370 3863 1489 3919; x_wconf 78' lang='lat' dir='ltr'><strong>qua:</strong></span> <span class='ocrx_word' id='word_1_325' title='bbox 1519 3849 1795 3917; x_wconf 91' lang='lat' dir='ltr'><strong>paululum</strong></span> 
     </span>
    </p>
   </div>
   <div class='ocr_carea' id='block_1_42' title="bbox 219 3939 1796 4012">
    <p class='ocr_par' dir='ltr' id='par_1_42' title="bbox 219 3939 1796 4012">
     <span class='ocr_line' id='line_1_42' title="bbox 219 3939 1796 4012; baseline 0.002 -18"><span class='ocrx_word' id='word_1_326' title='bbox 219 3949 544 4010; x_wconf 88' lang='lat' dir='ltr'><strong>repetentes,</strong></span> <span class='ocrx_word' id='word_1_327' title='bbox 579 3940 872 3996; x_wconf 84' lang='lat' dir='ltr'><strong>secundum</strong></span> <span class='ocrx_word' id='word_1_328' title='bbox 913 3939 1109 3995; x_wconf 68' lang='lat' dir='ltr'><strong>littera:</strong></span> <span class='ocrx_word' id='word_1_329' title='bbox 1157 3941 1610 4011; x_wconf 86' lang='lat' dir='ltr'><strong>consequentiam</strong></span> <span class='ocrx_word' id='word_1_330' title='bbox 1642 3942 1796 4012; x_wconf 88' lang='lat' dir='ltr'><strong>prius</strong></span> 
     </span>
    </p>
   </div>
   <div class='ocr_carea' id='block_1_43' title="bbox 219 4032 1795 4105">
    <p class='ocr_par' dir='ltr' id='par_1_43' title="bbox 219 4032 1795 4105">
     <span class='ocr_line' id='line_1_43' title="bbox 219 4032 1795 4105; baseline 0.004 -20"><span class='ocrx_word' id='word_1_331' title='bbox 219 4032 431 4098; x_wconf 86' lang='lat' dir='ltr'><strong>aperire</strong></span> <span class='ocrx_word' id='word_1_332' title='bbox 466 4034 835 4089; x_wconf 86' lang='lat' dir='ltr'><strong>tentabimus:</strong></span> <span class='ocrx_word' id='word_1_333' title='bbox 881 4042 991 4088; x_wconf 90' lang='lat' dir='ltr'><strong>tum</strong></span> <span class='ocrx_word' id='word_1_334' title='bbox 1027 4034 1192 4089; x_wconf 89' lang='lat' dir='ltr'><strong>etiam</strong></span> <span class='ocrx_word' id='word_1_335' title='bbox 1252 4050 1349 4103; x_wconf 92' lang='lat' dir='ltr'><strong>pro</strong></span> <span class='ocrx_word' id='word_1_336' title='bbox 1407 4036 1612 4090; x_wconf 85' lang='lat' dir='ltr'><strong>viribus</strong></span> <span class='ocrx_word' id='word_1_337' title='bbox 1663 4035 1795 4105; x_wconf 90' lang='lat' dir='ltr'><strong>quid</strong></span> 
     </span>
    </p>
   </div>
   <div class='ocr_carea' id='block_1_44' title="bbox 218 4126 1790 4198">
    <p class='ocr_par' dir='ltr' id='par_1_44' title="bbox 218 4126 1790 4198">
     <span class='ocr_line' id='line_1_44' title="bbox 218 4126 1790 4198; baseline 0.003 -20"><span class='ocrx_word' id='word_1_338' title='bbox 218 4126 592 4196; x_wconf 79' lang='lat' dir='ltr'><strong>unusquisque</strong></span> <span class='ocrx_word' id='word_1_339' title='bbox 648 4141 828 4181; x_wconf 88' lang='lat' dir='ltr'><strong>sermo</strong></span> <span class='ocrx_word' id='word_1_340' title='bbox 883 4126 1104 4181; x_wconf 89' lang='lat' dir='ltr'><strong>virtutis</strong></span> <span class='ocrx_word' id='word_1_341' title='bbox 1153 4127 1372 4192; x_wconf 87' lang='lat' dir='ltr'><strong>habeat,</strong></span> <span class='ocrx_word' id='word_1_342' title='bbox 1429 4127 1790 4198; x_wconf 83' lang='lat' dir='ltr'><strong>requiremus.</strong></span> 
     </span>
    </p>
   </div>
   <div class='ocr_carea' id='block_1_45' title="bbox 214 4215 1787 4292">
    <p class='ocr_par' dir='ltr' id='par_1_45' title="bbox 214 4215 1787 4292">
     <span class='ocr_line' id='line_1_45' title="bbox 214 4215 1787 4292; baseline 0.003 -21"><span class='ocrx_word' id='word_1_343' title='bbox 214 4215 454 4285; x_wconf 86' lang='lat' dir='ltr'><strong>Loquor,</strong></span> <span class='ocrx_word' id='word_1_344' title='bbox 498 4218 693 4287; x_wconf 87' lang='lat' dir='ltr'><strong>inquit,</strong></span> <span class='ocrx_word' id='word_1_345' title='bbox 728 4218 883 4273; x_wconf 85' lang='lat' dir='ltr'><strong>vobis</strong></span> <span class='ocrx_word' id='word_1_346' title='bbox 911 4220 1002 4288; x_wconf 92' lang='lat' dir='ltr'><strong>qui</strong></span> <span class='ocrx_word' id='word_1_347' title='bbox 1049 4218 1336 4274; x_wconf 85' lang='lat' dir='ltr'><strong>scientiam</strong></span> <span class='ocrx_word' id='word_1_348' title='bbox 1386 4220 1523 4292; x_wconf 86' lang='lat' dir='ltr'><strong>legis</strong></span> <span class='ocrx_word' id='word_1_349' title='bbox 1555 4220 1787 4287; x_wconf 90' lang='lat' dir='ltr'><strong>habetis,</strong></span> 
     </span>
    </p>
   </div>
   <div class='ocr_carea' id='block_1_46' title="bbox 213 4309 1790 4381">
    <p class='ocr_par' dir='ltr' id='par_1_46' title="bbox 213 4309 1790 4381">
     <span class='ocr_line' id='line_1_46' title="bbox 213 4309 1790 4381; baseline 0.003 -16"><span class='ocrx_word' id='word_1_350' title='bbox 213 4319 265 4365; x_wconf 89' lang='lat' dir='ltr'><strong>et</strong></span> <span class='ocrx_word' id='word_1_351' title='bbox 296 4309 453 4365; x_wconf 82' lang='lat' dir='ltr'><strong>scitis</strong></span> <span class='ocrx_word' id='word_1_352' title='bbox 483 4323 708 4365; x_wconf 82' lang='lat' dir='ltr'><strong>sensum</strong></span> <span class='ocrx_word' id='word_1_353' title='bbox 747 4311 864 4381; x_wconf 87' lang='lat' dir='ltr'><strong>ejus</strong></span> <span class='ocrx_word' id='word_1_354' title='bbox 888 4327 995 4366; x_wconf 87' lang='lat' dir='ltr'><strong>non</strong></span> <span class='ocrx_word' id='word_1_355' title='bbox 1028 4312 1225 4368; x_wconf 86' lang='lat' dir='ltr'><strong>essein</strong></span> <span class='ocrx_word' id='word_1_356' title='bbox 1260 4322 1531 4369; x_wconf 86' lang='lat' dir='ltr'><strong>vetustate</strong></span> <span class='ocrx_word' id='word_1_357' title='bbox 1573 4313 1790 4381; x_wconf 82' lang='lat' dir='ltr'><strong>litterae,</strong></span> 
     </span>
    </p>
   </div>
   <div class='ocr_carea' id='block_1_47' title="bbox 216 4400 1788 4476">
    <p class='ocr_par' dir='ltr' id='par_1_47' title="bbox 216 4400 1788 4476">
     <span class='ocr_line' id='line_1_47' title="bbox 216 4400 1788 4476; baseline 0.003 -20"><span class='ocrx_word' id='word_1_358' title='bbox 216 4402 304 4456; x_wconf 84' lang='lat' dir='ltr'><strong>sed</strong></span> <span class='ocrx_word' id='word_1_359' title='bbox 333 4402 383 4455; x_wconf 92' lang='lat' dir='ltr'><strong>in</strong></span> <span class='ocrx_word' id='word_1_360' title='bbox 412 4400 637 4467; x_wconf 89' lang='lat' dir='ltr'><strong>spiritus</strong></span> <span class='ocrx_word' id='word_1_361' title='bbox 671 4402 912 4457; x_wconf 89' lang='lat' dir='ltr'><strong>novitate</strong></span> <span class='ocrx_word' id='word_1_362' title='bbox 938 4420 950 4456; x_wconf 92' lang='lat'><strong>:</strong></span> <span class='ocrx_word' id='word_1_363' title='bbox 977 4402 1080 4458; x_wconf 91' lang='lat' dir='ltr'><strong>hoc</strong></span> <span class='ocrx_word' id='word_1_364' title='bbox 1107 4411 1210 4470; x_wconf 90' lang='lat' dir='ltr'><strong>est,</strong></span> <span class='ocrx_word' id='word_1_365' title='bbox 1248 4422 1267 4455; x_wconf 79' lang='grc' dir='ltr'><strong>ι</strong></span> <span class='ocrx_word' id='word_1_366' title='bbox 1295 4403 1588 4460; x_wconf 78' lang='lat' dir='ltr'><strong>scientibus</strong></span> <span class='ocrx_word' id='word_1_367' title='bbox 1618 4404 1788 4476; x_wconf 84' lang='lat' dir='ltr'><strong>legem</strong></span> 
     </span>
    </p>
   </div>
   <div class='ocr_carea' id='block_1_48' title="bbox 1916 538 3502 615">
    <p class='ocr_par' dir='ltr' id='par_1_48' title="bbox 1916 538 3502 615">
     <span class='ocr_line' id='line_1_48' title="bbox 1916 538 3502 615; baseline 0.005 -21"><span class='ocrx_word' id='word_1_368' title='bbox 1916 548 1971 594; x_wconf 88' lang='lat' dir='ltr'><strong>et</strong></span> <span class='ocrx_word' id='word_1_369' title='bbox 1995 542 2155 603; x_wconf 87' lang='lat' dir='ltr'><strong>valet,</strong></span> <span class='ocrx_word' id='word_1_370' title='bbox 2180 541 2496 595; x_wconf 89' lang='lat' dir='ltr'><strong>dominatur</strong></span> <span class='ocrx_word' id='word_1_371' title='bbox 2521 538 2602 595; x_wconf 87' lang='lat' dir='ltr'><strong>lex</strong></span> <span class='ocrx_word' id='word_1_372' title='bbox 2627 538 2761 610; x_wconf 81' lang='grc'>(45).</span> <span class='ocrx_word' id='word_1_373' title='bbox 2793 538 2899 594; x_wconf 85' lang='lat' dir='ltr'><strong>Sed</strong></span> <span class='ocrx_word' id='word_1_374' title='bbox 2923 540 3063 594; x_wconf 86' lang='lat' dir='ltr'><strong>sicut</strong></span> <span class='ocrx_word' id='word_1_375' title='bbox 3084 542 3223 607; x_wconf 88' lang='lat' dir='ltr'><strong>viro,</strong></span> <span class='ocrx_word' id='word_1_376' title='bbox 3258 545 3343 599; x_wconf 91' lang='lat' dir='ltr'><strong>cui</strong></span> <span class='ocrx_word' id='word_1_377' title='bbox 3370 546 3502 615; x_wconf 80' lang='lat' dir='ltr'><strong>legi-</strong></span> 
     </span>
    </p>
   </div>
   <div class='ocr_carea' id='block_1_49' title="bbox 1919 629 3501 700">
    <p class='ocr_par' dir='ltr' id='par_1_49' title="bbox 1919 629 3501 700">
     <span class='ocr_line' id='line_1_49' title="bbox 1919 629 3501 700; baseline 0.007 -16"><span class='ocrx_word' id='word_1_378' title='bbox 1919 630 2022 684; x_wconf 92' lang='lat' dir='ltr'><strong>bus</strong></span> <span class='ocrx_word' id='word_1_379' title='bbox 2049 629 2336 699; x_wconf 73' lang='lat' dir='ltr'><strong>subiuncta</strong></span> <span class='ocrx_word' id='word_1_380' title='bbox 2371 629 2550 684; x_wconf 82' lang='lat' dir='ltr'><strong>fuerat</strong></span> <span class='ocrx_word' id='word_1_381' title='bbox 2580 629 2799 693; x_wconf 89' lang='lat' dir='ltr'><strong>mulier,</strong></span> <span class='ocrx_word' id='word_1_382' title='bbox 2826 631 2870 684; x_wconf 89' lang='lat' dir='ltr'><strong>si</strong></span> <span class='ocrx_word' id='word_1_383' title='bbox 2903 630 3117 686; x_wconf 86' lang='lat' dir='ltr'><strong>accidat</strong></span> <span class='ocrx_word' id='word_1_384' title='bbox 3142 636 3303 700; x_wconf 88' lang='lat' dir='ltr'><strong>mori,</strong></span> <span class='ocrx_word' id='word_1_385' title='bbox 3328 636 3501 695; x_wconf 80' lang='lat' dir='ltr'><strong>libera</strong></span> 
     </span>
    </p>
   </div>
   <div class='ocr_carea' id='block_1_50' title="bbox 1915 718 3504 792">
    <p class='ocr_par' dir='ltr' id='par_1_50' title="bbox 1915 718 3504 792">
     <span class='ocr_line' id='line_1_50' title="bbox 1915 718 3504 792; baseline 0.007 -17"><span class='ocrx_word' id='word_1_386' title='bbox 1915 718 2147 775; x_wconf 76' lang='lat' dir='ltr'><strong>edicitur</strong></span> <span class='ocrx_word' id='word_1_387' title='bbox 2174 721 2386 786; x_wconf 88' lang='lat' dir='ltr'><strong>mulier,</strong></span> <span class='ocrx_word' id='word_1_388' title='bbox 2423 730 2479 775; x_wconf 91' lang='lat' dir='ltr'><strong>et</strong></span> <span class='ocrx_word' id='word_1_389' title='bbox 2502 735 2533 774; x_wconf 86' lang='lat' dir='ltr'><strong>a</strong></span> <span class='ocrx_word' id='word_1_390' title='bbox 2567 721 2670 776; x_wconf 91' lang='lat' dir='ltr'><strong>viri</strong></span> <span class='ocrx_word' id='word_1_391' title='bbox 2700 731 2973 791; x_wconf 88' lang='lat' dir='ltr'><strong>potestate</strong></span> <span class='ocrx_word' id='word_1_392' title='bbox 3002 723 3313 792; x_wconf 85' lang='lat' dir='ltr'><strong>resolvitur,</strong></span> <span class='ocrx_word' id='word_1_393' title='bbox 3343 728 3414 783; x_wconf 86' lang='lat' dir='ltr'><strong>ita</strong></span> <span class='ocrx_word' id='word_1_394' title='bbox 3445 739 3504 785; x_wconf 84' lang='lat' dir='ltr'><strong>ct</strong></span> 
     </span>
    </p>
   </div>
   <div class='ocr_carea' id='block_1_51' title="bbox 1917 812 3503 892">
    <p class='ocr_par' dir='ltr' id='par_1_51' title="bbox 1917 812 3503 892">
     <span class='ocr_line' id='line_1_51' title="bbox 1917 812 3503 892; baseline 0.005 -24"><span class='ocrx_word' id='word_1_395' title='bbox 1917 813 1965 868; x_wconf 92' lang='lat' dir='ltr'><strong>is</strong></span> <span class='ocrx_word' id='word_1_396' title='bbox 1996 813 2086 882; x_wconf 92' lang='lat' dir='ltr'><strong>qui</strong></span> <span class='ocrx_word' id='word_1_397' title='bbox 2124 812 2225 867; x_wconf 88' lang='lat' dir='ltr'><strong>sub</strong></span> <span class='ocrx_word' id='word_1_398' title='bbox 2255 812 2372 882; x_wconf 84' lang='lat' dir='ltr'><strong>lege</strong></span> <span class='ocrx_word' id='word_1_399' title='bbox 2405 824 2512 876; x_wconf 88' lang='lat' dir='ltr'><strong>est,</strong></span> <span class='ocrx_word' id='word_1_400' title='bbox 2539 814 2584 869; x_wconf 90' lang='lat' dir='ltr'><strong>si</strong></span> <span class='ocrx_word' id='word_1_401' title='bbox 2620 815 2834 870; x_wconf 89' lang='lat' dir='ltr'><strong>accidat</strong></span> <span class='ocrx_word' id='word_1_402' title='bbox 2866 815 3039 884; x_wconf 83' lang='lat' dir='ltr'><strong>legem</strong></span> <span class='ocrx_word' id='word_1_403' title='bbox 3074 818 3235 885; x_wconf 89' lang='lat' dir='ltr'><strong>mori,</strong></span> <span class='ocrx_word' id='word_1_404' title='bbox 3267 821 3335 875; x_wconf 87' lang='lat' dir='ltr'><strong>ab</strong></span> <span class='ocrx_word' id='word_1_405' title='bbox 3369 836 3503 892; x_wconf 88' lang='lat' dir='ltr'><strong>ope-</strong></span> 
     </span>
    </p>
   </div>
   <div class='ocr_carea' id='block_1_52' title="bbox 1916 902 3503 981">
    <p class='ocr_par' dir='ltr' id='par_1_52' title="bbox 1916 902 3503 981">
     <span class='ocr_line' id='line_1_52' title="bbox 1916 902 3503 981; baseline 0.006 -24"><span class='ocrx_word' id='word_1_406' title='bbox 1916 903 2068 959; x_wconf 89' lang='lat' dir='ltr'><strong>ribus</strong></span> <span class='ocrx_word' id='word_1_407' title='bbox 2100 904 2233 973; x_wconf 85' lang='lat' dir='ltr'><strong>legis</strong></span> <span class='ocrx_word' id='word_1_408' title='bbox 2268 903 2403 959; x_wconf 90' lang='lat' dir='ltr'><strong>liber</strong></span> <span class='ocrx_word' id='word_1_409' title='bbox 2434 902 2664 959; x_wconf 74' lang='lat' dir='ltr'><strong>efﬁcitur</strong></span> <span class='ocrx_word' id='word_1_410' title='bbox 2692 921 2704 957; x_wconf 91' lang='lat'>:</span> <span class='ocrx_word' id='word_1_411' title='bbox 2731 916 2787 960; x_wconf 86' lang='lat' dir='ltr'><strong>et</strong></span> <span class='ocrx_word' id='word_1_412' title='bbox 2815 905 2959 960; x_wconf 87' lang='lat' dir='ltr'><strong>sicut</strong></span> <span class='ocrx_word' id='word_1_413' title='bbox 2993 907 3189 963; x_wconf 91' lang='lat' dir='ltr'><strong>mulier</strong></span> <span class='ocrx_word' id='word_1_414' title='bbox 3215 922 3337 978; x_wconf 79' lang='lat' dir='ltr'><strong>quae</strong></span> <span class='ocrx_word' id='word_1_415' title='bbox 3357 912 3503 981; x_wconf 85' lang='lat' dir='ltr'><strong>prio-</strong></span> 
     </span>
    </p>
   </div>
   <div class='ocr_carea' id='block_1_53' title="bbox 1917 993 3502 1063">
    <p class='ocr_par' dir='ltr' id='par_1_53' title="bbox 1917 993 3502 1063">
     <span class='ocr_line' id='line_1_53' title="bbox 1917 993 3502 1063; baseline 0.007 -16"><span class='ocrx_word' id='word_1_416' title='bbox 1917 994 1994 1047; x_wconf 89' lang='lat' dir='ltr'><strong>ris</strong></span> <span class='ocrx_word' id='word_1_417' title='bbox 2031 993 2129 1047; x_wconf 91' lang='lat' dir='ltr'><strong>viri</strong></span> <span class='ocrx_word' id='word_1_418' title='bbox 2156 993 2366 1063; x_wconf 87' lang='lat' dir='ltr'><strong>legibus</strong></span> <span class='ocrx_word' id='word_1_419' title='bbox 2393 993 2637 1049; x_wconf 85' lang='lat' dir='ltr'><strong>absoluta</strong></span> <span class='ocrx_word' id='word_1_420' title='bbox 2666 1004 2770 1062; x_wconf 89' lang='lat' dir='ltr'><strong>est,</strong></span> <span class='ocrx_word' id='word_1_421' title='bbox 2806 995 2971 1052; x_wconf 89' lang='lat' dir='ltr'><strong>habet</strong></span> <span class='ocrx_word' id='word_1_422' title='bbox 2997 996 3305 1055; x_wconf 91' lang='lat' dir='ltr'><strong>libertatem</strong></span> <span class='ocrx_word' id='word_1_423' title='bbox 3329 1010 3389 1057; x_wconf 90' lang='lat' dir='ltr'><strong>ut</strong></span> <span class='ocrx_word' id='word_1_424' title='bbox 3409 1002 3502 1058; x_wconf 87' lang='lat' dir='ltr'><strong>alii</strong></span> 
     </span>
    </p>
   </div>
   <div class='ocr_carea' id='block_1_54' title="bbox 1914 1085 3504 1164">
    <p class='ocr_par' dir='ltr' id='par_1_54' title="bbox 1914 1085 3504 1164">
     <span class='ocr_line' id='line_1_54' title="bbox 1914 1085 3504 1164; baseline 0.008 -26"><span class='ocrx_word' id='word_1_425' title='bbox 1914 1085 2030 1140; x_wconf 89' lang='lat' dir='ltr'><strong>viro</strong></span> <span class='ocrx_word' id='word_1_426' title='bbox 2056 1085 2334 1155; x_wconf 83' lang='lat' dir='ltr'><strong>jungatur,</strong></span> <span class='ocrx_word' id='word_1_427' title='bbox 2366 1086 2439 1141; x_wconf 90' lang='lat' dir='ltr'><strong>ita</strong></span> <span class='ocrx_word' id='word_1_428' title='bbox 2468 1094 2523 1140; x_wconf 91' lang='lat' dir='ltr'><strong>et</strong></span> <span class='ocrx_word' id='word_1_429' title='bbox 2556 1086 2601 1141; x_wconf 91' lang='lat' dir='ltr'><strong>is</strong></span> <span class='ocrx_word' id='word_1_430' title='bbox 2633 1087 2725 1157; x_wconf 92' lang='lat' dir='ltr'><strong>qui</strong></span> <span class='ocrx_word' id='word_1_431' title='bbox 2752 1088 2856 1144; x_wconf 89' lang='lat' dir='ltr'><strong>sub</strong></span> <span class='ocrx_word' id='word_1_432' title='bbox 2889 1099 3156 1159; x_wconf 87' lang='lat' dir='ltr'><strong>potestate</strong></span> <span class='ocrx_word' id='word_1_433' title='bbox 3187 1090 3319 1162; x_wconf 87' lang='lat' dir='ltr'><strong>legis</strong></span> <span class='ocrx_word' id='word_1_434' title='bbox 3344 1093 3504 1164; x_wconf 75' lang='lat' dir='ltr'><strong>vixit,</strong></span> 
     </span>
    </p>
   </div>
   <div class='ocr_carea' id='block_1_55' title="bbox 1917 1177 3501 1250">
    <p class='ocr_par' dir='ltr' id='par_1_55' title="bbox 1917 1177 3501 1250">
     <span class='ocr_line' id='line_1_55' title="bbox 1917 1177 3501 1250; baseline 0.004 -19"><span class='ocrx_word' id='word_1_435' title='bbox 1917 1177 2006 1232; x_wconf 86' lang='lat' dir='ltr'><strong>ubi</strong></span> <span class='ocrx_word' id='word_1_436' title='bbox 2038 1187 2311 1233; x_wconf 88' lang='lat' dir='ltr'><strong>mortuam</strong></span> <span class='ocrx_word' id='word_1_437' title='bbox 2339 1178 2484 1233; x_wconf 83' lang='lat' dir='ltr'><strong>videt</strong></span> <span class='ocrx_word' id='word_1_438' title='bbox 2535 1177 2772 1233; x_wconf 86' lang='lat' dir='ltr'><strong>litteram</strong></span> <span class='ocrx_word' id='word_1_439' title='bbox 2795 1219 2810 1244; x_wconf 92' lang='lat'><strong>,</strong></span> <span class='ocrx_word' id='word_1_440' title='bbox 2852 1179 3017 1235; x_wconf 84' lang='lat' dir='ltr'><strong>habet</strong></span> <span class='ocrx_word' id='word_1_441' title='bbox 3058 1191 3382 1250; x_wconf 87' lang='lat' dir='ltr'><strong>potestatem</strong></span> <span class='ocrx_word' id='word_1_442' title='bbox 3417 1186 3501 1238; x_wconf 85' lang='lat' dir='ltr'><strong>vi-</strong></span> 
     </span>
    </p>
   </div>
   <div class='ocr_carea' id='block_1_56' title="bbox 1915 1271 3501 1343">
    <p class='ocr_par' dir='ltr' id='par_1_56' title="bbox 1915 1271 3501 1343">
     <span class='ocr_line' id='line_1_56' title="bbox 1915 1271 3501 1343; baseline 0.006 -19"><span class='ocrx_word' id='word_1_443' title='bbox 1915 1272 2059 1325; x_wconf 91' lang='lat' dir='ltr'><strong>venti</strong></span> <span class='ocrx_word' id='word_1_444' title='bbox 2094 1271 2267 1327; x_wconf 86' lang='lat' dir='ltr'><strong>Verbo</strong></span> <span class='ocrx_word' id='word_1_445' title='bbox 2296 1280 2552 1343; x_wconf 84' lang='lat' dir='ltr'><strong>tanquam</strong></span> <span class='ocrx_word' id='word_1_446' title='bbox 2577 1274 2694 1328; x_wconf 90' lang='lat' dir='ltr'><strong>viro</strong></span> <span class='ocrx_word' id='word_1_447' title='bbox 2727 1275 2948 1330; x_wconf 87' lang='lat' dir='ltr'><strong>sociari.</strong></span> <span class='ocrx_word' id='word_1_448' title='bbox 2980 1275 3037 1331; x_wconf 92' lang='lat' dir='ltr'><strong>Si</strong></span> <span class='ocrx_word' id='word_1_449' title='bbox 3068 1292 3195 1332; x_wconf 87' lang='lat' dir='ltr'><strong>vero</strong></span> <span class='ocrx_word' id='word_1_450' title='bbox 3224 1278 3501 1333; x_wconf 84' lang='lat' dir='ltr'><strong>viventem</strong></span> 
     </span>
    </p>
   </div>
   <div class='ocr_carea' id='block_1_57' title="bbox 1917 1364 3505 1439">
    <p class='ocr_par' dir='ltr' id='par_1_57' title="bbox 1917 1364 3505 1439">
     <span class='ocr_line' id='line_1_57' title="bbox 1917 1364 3505 1439; baseline 0.007 -23"><span class='ocrx_word' id='word_1_451' title='bbox 1917 1364 2097 1417; x_wconf 89' lang='lat' dir='ltr'><strong>adhuc</strong></span> <span class='ocrx_word' id='word_1_452' title='bbox 2136 1364 2377 1432; x_wconf 87' lang='lat' dir='ltr'><strong>priorem</strong></span> <span class='ocrx_word' id='word_1_453' title='bbox 2406 1367 2581 1420; x_wconf 89' lang='lat' dir='ltr'><strong>virum</strong></span> <span class='ocrx_word' id='word_1_454' title='bbox 2618 1368 2852 1423; x_wconf 82' lang='lat' dir='ltr'><strong>voluerit</strong></span> <span class='ocrx_word' id='word_1_455' title='bbox 2874 1369 3071 1426; x_wconf 87' lang='lat' dir='ltr'><strong>mulier</strong></span> <span class='ocrx_word' id='word_1_456' title='bbox 3101 1370 3428 1439; x_wconf 85' lang='lat' dir='ltr'><strong>relinquere,</strong></span> <span class='ocrx_word' id='word_1_457' title='bbox 3446 1383 3505 1427; x_wconf 86' lang='lat' dir='ltr'><strong>et</strong></span> 
     </span>
    </p>
   </div>
   <div class='ocr_carea' id='block_1_58' title="bbox 1914 1456 3503 1530">
    <p class='ocr_par' dir='ltr' id='par_1_58' title="bbox 1914 1456 3503 1530">
     <span class='ocr_line' id='line_1_58' title="bbox 1914 1456 3503 1530; baseline 0.006 -21"><span class='ocrx_word' id='word_1_458' title='bbox 1914 1456 2004 1509; x_wconf 87' lang='lat' dir='ltr'><strong>alii</strong></span> <span class='ocrx_word' id='word_1_459' title='bbox 2046 1457 2267 1521; x_wconf 85' lang='lat' dir='ltr'><strong>sociari,</strong></span> <span class='ocrx_word' id='word_1_460' title='bbox 2303 1458 2551 1513; x_wconf 87' lang='lat' dir='ltr'><strong>adultera</strong></span> <span class='ocrx_word' id='word_1_461' title='bbox 2588 1460 2708 1515; x_wconf 88' lang='lat' dir='ltr'><strong>sine</strong></span> <span class='ocrx_word' id='word_1_462' title='bbox 2749 1460 2913 1515; x_wconf 89' lang='lat' dir='ltr'><strong>dubio</strong></span> <span class='ocrx_word' id='word_1_463' title='bbox 2934 1462 3316 1530; x_wconf 84' lang='lat' dir='ltr'><strong>appellabitur.</strong></span> <span class='ocrx_word' id='word_1_464' title='bbox 3347 1462 3503 1530; x_wconf 86' lang='lat' dir='ltr'><strong>Quod</strong></span> 
     </span>
    </p>
   </div>
   <div class='ocr_carea' id='block_1_59' title="bbox 1914 1546 3500 1623">
    <p class='ocr_par' dir='ltr' id='par_1_59' title="bbox 1914 1546 3500 1623">
     <span class='ocr_line' id='line_1_59' title="bbox 1914 1546 3500 1623; baseline 0.005 -22"><span class='ocrx_word' id='word_1_465' title='bbox 1914 1547 2079 1602; x_wconf 91' lang='lat' dir='ltr'><strong>simili</strong></span> <span class='ocrx_word' id='word_1_466' title='bbox 2107 1546 2279 1601; x_wconf 88' lang='lat' dir='ltr'><strong>forma</strong></span> <span class='ocrx_word' id='word_1_467' title='bbox 2309 1550 2474 1603; x_wconf 89' lang='lat' dir='ltr'><strong>etiam</strong></span> <span class='ocrx_word' id='word_1_468' title='bbox 2507 1550 2558 1604; x_wconf 91' lang='lat' dir='ltr'><strong>in</strong></span> <span class='ocrx_word' id='word_1_469' title='bbox 2593 1565 2715 1605; x_wconf 87' lang='lat' dir='ltr'><strong>eum</strong></span> <span class='ocrx_word' id='word_1_470' title='bbox 2742 1552 2889 1605; x_wconf 71' lang='lat' dir='ltr'><strong>&#39;cadit</strong></span> <span class='ocrx_word' id='word_1_471' title='bbox 2911 1554 2998 1619; x_wconf 81' lang='lat' dir='ltr'><strong>qui</strong></span> <span class='ocrx_word' id='word_1_472' title='bbox 3032 1553 3205 1623; x_wconf 82' lang='lat' dir='ltr'><strong>legem</strong></span> <span class='ocrx_word' id='word_1_473' title='bbox 3234 1565 3289 1609; x_wconf 94' lang='lat' dir='ltr'><strong>ut</strong></span> <span class='ocrx_word' id='word_1_474' title='bbox 3324 1557 3500 1610; x_wconf 89' lang='lat' dir='ltr'><strong>virum</strong></span> 
     </span>
    </p>
   </div>
   <div class='ocr_carea' id='block_1_60' title="bbox 1914 1639 3499 1713">
    <p class='ocr_par' dir='ltr' id='par_1_60' title="bbox 1914 1639 3499 1713">
     <span class='ocr_line' id='line_1_60' title="bbox 1914 1639 3499 1713; baseline 0.007 -21"><span class='ocrx_word' id='word_1_475' title='bbox 1914 1639 2186 1695; x_wconf 80' lang='lat' dir='ltr'><strong>viventem</strong></span> <span class='ocrx_word' id='word_1_476' title='bbox 2227 1639 2343 1710; x_wconf 86' lang='grc'>(46)</span> <span class='ocrx_word' id='word_1_477' title='bbox 2377 1642 2604 1707; x_wconf 83' lang='lat' dir='ltr'><strong>deserit,</strong></span> <span class='ocrx_word' id='word_1_478' title='bbox 2656 1654 2711 1698; x_wconf 88' lang='lat' dir='ltr'><strong>et</strong></span> <span class='ocrx_word' id='word_1_479' title='bbox 2742 1645 2830 1697; x_wconf 89' lang='lat' dir='ltr'><strong>alii</strong></span> <span class='ocrx_word' id='word_1_480' title='bbox 2856 1643 3121 1713; x_wconf 79' lang='lat' dir='ltr'><strong>jungitur.</strong></span> <span class='ocrx_word' id='word_1_481' title='bbox 3160 1646 3284 1702; x_wconf 67' lang='lat' dir='ltr'><strong>[late</strong></span> <span class='ocrx_word' id='word_1_482' title='bbox 3317 1657 3499 1703; x_wconf 84' lang='lat' dir='ltr'><strong>autem</strong></span> 
     </span>
    </p>
   </div>
   <div class='ocr_carea' id='block_1_61' title="bbox 1916 1733 3499 1807">
    <p class='ocr_par' dir='ltr' id='par_1_61' title="bbox 1916 1733 3499 1807">
     <span class='ocr_line' id='line_1_61' title="bbox 1916 1733 3499 1807; baseline 0.008 -23"><span class='ocrx_word' id='word_1_483' title='bbox 1916 1741 2171 1800; x_wconf 82' lang='lat' dir='ltr'><strong>tauquam</strong></span> <span class='ocrx_word' id='word_1_484' title='bbox 2233 1748 2252 1783; x_wconf 79' lang='grc' dir='ltr'><strong>ι</strong></span> <span class='ocrx_word' id='word_1_485' title='bbox 2293 1733 2614 1797; x_wconf 83' lang='lat' dir='ltr'><strong>scientibus,</strong></span> <span class='ocrx_word' id='word_1_486' title='bbox 2664 1754 2683 1786; x_wconf 84' lang='grc' dir='ltr'><strong>ι</strong></span> <span class='ocrx_word' id='word_1_487' title='bbox 2728 1745 2784 1787; x_wconf 92' lang='lat' dir='ltr'><strong>ut</strong></span> <span class='ocrx_word' id='word_1_488' title='bbox 2820 1736 2956 1798; x_wconf 83' lang='lat' dir='ltr'><strong>dixi,</strong></span> <span class='ocrx_word' id='word_1_489' title='bbox 2996 1755 3014 1787; x_wconf 84' lang='grc' dir='ltr'><strong>ι</strong></span> <span class='ocrx_word' id='word_1_490' title='bbox 3054 1738 3225 1807; x_wconf 85' lang='lat' dir='ltr'><strong>legem</strong></span> <span class='ocrx_word' id='word_1_491' title='bbox 3287 1740 3499 1807; x_wconf 88' lang='lat' dir='ltr'><strong>loquor,</strong></span> 
     </span>
    </p>
   </div>
   <div class='ocr_carea' id='block_1_62' title="bbox 1917 1822 3497 1900">
    <p class='ocr_par' dir='ltr' id='par_1_62' title="bbox 1917 1822 3497 1900">
     <span class='ocr_line' id='line_1_62' title="bbox 1917 1822 3497 1900; baseline 0.006 -24"><span class='ocrx_word' id='word_1_492' title='bbox 1917 1822 2138 1890; x_wconf 82' lang='lat' dir='ltr'><strong>fratres,</strong></span> <span class='ocrx_word' id='word_1_493' title='bbox 2175 1838 2193 1875; x_wconf 76' lang='grc' dir='ltr'><strong>ι</strong></span> <span class='ocrx_word' id='word_1_494' title='bbox 2225 1833 2282 1878; x_wconf 87' lang='grc' dir='ltr'><strong>ιιι</strong></span> <span class='ocrx_word' id='word_1_495' title='bbox 2312 1825 2631 1896; x_wconf 80' lang='lat' dir='ltr'><strong>intelligetis</strong></span> <span class='ocrx_word' id='word_1_496' title='bbox 2655 1829 2778 1895; x_wconf 88' lang='lat' dir='ltr'><strong>quia</strong></span> <span class='ocrx_word' id='word_1_497' title='bbox 2809 1840 2864 1882; x_wconf 89' lang='lat' dir='ltr'><strong>et</strong></span> <span class='ocrx_word' id='word_1_498' title='bbox 2895 1843 2989 1881; x_wconf 89' lang='lat' dir='ltr'><strong>vos</strong></span> <span class='ocrx_word' id='word_1_499' title='bbox 3031 1830 3201 1898; x_wconf 86' lang='lat' dir='ltr'><strong>legem</strong></span> <span class='ocrx_word' id='word_1_500' title='bbox 3237 1839 3497 1900; x_wconf 87' lang='lat' dir='ltr'><strong>tauquam</strong></span> 
     </span>
    </p>
   </div>
   <div class='ocr_carea' id='block_1_63' title="bbox 1914 1917 3500 1992">
    <p class='ocr_par' dir='ltr' id='par_1_63' title="bbox 1914 1917 3500 1992">
     <span class='ocr_line' id='line_1_63' title="bbox 1914 1917 3500 1992; baseline 0.009 -23"><span class='ocrx_word' id='word_1_501' title='bbox 1914 1917 2092 1971; x_wconf 91' lang='lat' dir='ltr'><strong>virum</strong></span> <span class='ocrx_word' id='word_1_502' title='bbox 2124 1928 2401 1973; x_wconf 91' lang='lat' dir='ltr'><strong>mortuum</strong></span> <span class='ocrx_word' id='word_1_503' title='bbox 2436 1919 2739 1989; x_wconf 90' lang='lat' dir='ltr'><strong>reliquistis</strong></span> <span class='ocrx_word' id='word_1_504' title='bbox 2772 1920 2910 1992; x_wconf 67' lang='lat'><strong>(47).</strong></span> <span class='ocrx_word' id='word_1_505' title='bbox 2957 1922 3101 1978; x_wconf 79' lang='lat' dir='ltr'><strong>Mors</strong></span> <span class='ocrx_word' id='word_1_506' title='bbox 3135 1937 3319 1980; x_wconf 89' lang='lat' dir='ltr'><strong>autem</strong></span> <span class='ocrx_word' id='word_1_507' title='bbox 3354 1927 3500 1984; x_wconf 88' lang='lat' dir='ltr'><strong>illius</strong></span> 
     </span>
    </p>
   </div>
   <div class='ocr_carea' id='block_1_64' title="bbox 1916 2010 3499 2089">
    <p class='ocr_par' dir='ltr' id='par_1_64' title="bbox 1916 2010 3499 2089">
     <span class='ocr_line' id='line_1_64' title="bbox 1916 2010 3499 2089; baseline 0.008 -27"><span class='ocrx_word' id='word_1_508' title='bbox 1916 2024 2009 2077; x_wconf 91' lang='lat' dir='ltr'><strong>per</strong></span> <span class='ocrx_word' id='word_1_509' title='bbox 2046 2012 2339 2065; x_wconf 88' lang='lat' dir='ltr'><strong>adventum</strong></span> <span class='ocrx_word' id='word_1_510' title='bbox 2390 2010 2593 2067; x_wconf 75' lang='lat' dir='ltr'><strong>ChriSti</strong></span> <span class='ocrx_word' id='word_1_511' title='bbox 2657 2025 2715 2067; x_wconf 87' lang='lat' dir='ltr'><strong>et</strong></span> <span class='ocrx_word' id='word_1_512' title='bbox 2759 2019 3185 2084; x_wconf 84' lang='lat' dir='ltr'><strong>assumptionem</strong></span> <span class='ocrx_word' id='word_1_513' title='bbox 3246 2022 3499 2089; x_wconf 89' lang='lat' dir='ltr'><strong>corporis</strong></span> 
     </span>
    </p>
   </div>
   <div class='ocr_carea' id='block_1_65' title="bbox 1914 2099 3495 2184">
    <p class='ocr_par' dir='ltr' id='par_1_65' title="bbox 1914 2099 3495 2184">
     <span class='ocr_line' id='line_1_65' title="bbox 1914 2099 3495 2184; baseline 0.008 -30"><span class='ocrx_word' id='word_1_514' title='bbox 1914 2099 2031 2168; x_wconf 89' lang='lat' dir='ltr'><strong>ejus</strong></span> <span class='ocrx_word' id='word_1_515' title='bbox 2062 2110 2168 2168; x_wconf 89' lang='lat' dir='ltr'><strong>est,</strong></span> <span class='ocrx_word' id='word_1_516' title='bbox 2208 2116 2305 2172; x_wconf 89' lang='lat' dir='ltr'><strong>per</strong></span> <span class='ocrx_word' id='word_1_517' title='bbox 2326 2104 2470 2173; x_wconf 92' lang='lat' dir='ltr'><strong>quod</strong></span> <span class='ocrx_word' id='word_1_518' title='bbox 2496 2118 2592 2159; x_wconf 85' lang='lat' dir='ltr'><strong>vos</strong></span> <span class='ocrx_word' id='word_1_519' title='bbox 2613 2104 2793 2160; x_wconf 76' lang='lat' dir='ltr'><strong>effecti</strong></span> <span class='ocrx_word' id='word_1_520' title='bbox 2832 2108 2969 2162; x_wconf 88' lang='lat' dir='ltr'><strong>estis</strong></span> <span class='ocrx_word' id='word_1_521' title='bbox 3008 2108 3237 2165; x_wconf 86' lang='lat' dir='ltr'><strong>alterius</strong></span> <span class='ocrx_word' id='word_1_522' title='bbox 3268 2112 3405 2184; x_wconf 77' lang='grc'>(48),</span> <span class='ocrx_word' id='word_1_523' title='bbox 3443 2114 3495 2169; x_wconf 90' lang='lat' dir='ltr'><strong>id</strong></span> 
     </span>
    </p>
   </div>
   <div class='ocr_carea' id='block_1_66' title="bbox 1914 2193 3500 2267">
    <p class='ocr_par' dir='ltr' id='par_1_66' title="bbox 1914 2193 3500 2267">
     <span class='ocr_line' id='line_1_66' title="bbox 1914 2193 3500 2267; baseline 0.006 -21"><span class='ocrx_word' id='word_1_524' title='bbox 1914 2193 2193 2260; x_wconf 86' lang='lat' dir='ltr'><strong>estjuncti</strong></span> <span class='ocrx_word' id='word_1_525' title='bbox 2230 2193 2321 2247; x_wconf 92' lang='lat' dir='ltr'><strong>alii</strong></span> <span class='ocrx_word' id='word_1_526' title='bbox 2354 2194 2490 2260; x_wconf 90' lang='lat' dir='ltr'><strong>viro,</strong></span> <span class='ocrx_word' id='word_1_527' title='bbox 2517 2194 2590 2250; x_wconf 90' lang='lat' dir='ltr'><strong>illi</strong></span> <span class='ocrx_word' id='word_1_528' title='bbox 2618 2196 2824 2252; x_wconf 88' lang='lat' dir='ltr'><strong>scilicet</strong></span> <span class='ocrx_word' id='word_1_529' title='bbox 2859 2198 2952 2267; x_wconf 87' lang='lat' dir='ltr'><strong>qui</strong></span> <span class='ocrx_word' id='word_1_530' title='bbox 2981 2213 3009 2251; x_wconf 89' lang='lat' dir='ltr'><strong>a</strong></span> <span class='ocrx_word' id='word_1_531' title='bbox 3052 2202 3281 2255; x_wconf 90' lang='lat' dir='ltr'><strong>mortuis</strong></span> <span class='ocrx_word' id='word_1_532' title='bbox 3317 2210 3500 2257; x_wconf 82' lang='lat' dir='ltr'><strong>resur-</strong></span> 
     </span>
    </p>
   </div>
   <div class='ocr_carea' id='block_1_67' title="bbox 1916 2285 3501 2362">
    <p class='ocr_par' dir='ltr' id='par_1_67' title="bbox 1916 2285 3501 2362">
     <span class='ocr_line' id='line_1_67' title="bbox 1916 2285 3501 2362; baseline 0.004 -23"><span class='ocrx_word' id='word_1_533' title='bbox 1916 2285 2078 2351; x_wconf 82' lang='lat' dir='ltr'><strong>rexit,</strong></span> <span class='ocrx_word' id='word_1_534' title='bbox 2136 2295 2191 2340; x_wconf 89' lang='lat' dir='ltr'><strong>et</strong></span> <span class='ocrx_word' id='word_1_535' title='bbox 2244 2285 2385 2340; x_wconf 84' lang='lat' dir='ltr'><strong>ultra</strong></span> <span class='ocrx_word' id='word_1_536' title='bbox 2426 2296 2658 2342; x_wconf 80' lang='lat' dir='ltr'><strong>mortem</strong></span> <span class='ocrx_word' id='word_1_537' title='bbox 2693 2303 2799 2342; x_wconf 85' lang='lat' dir='ltr'><strong>nun</strong></span> <span class='ocrx_word' id='word_1_538' title='bbox 2855 2290 3069 2359; x_wconf 89' lang='lat' dir='ltr'><strong>recipit,</strong></span> <span class='ocrx_word' id='word_1_539' title='bbox 3109 2305 3273 2362; x_wconf 91' lang='lat' dir='ltr'><strong>quam</strong></span> <span class='ocrx_word' id='word_1_540' title='bbox 3290 2292 3501 2361; x_wconf 84' lang='lat' dir='ltr'><strong>recepit</strong></span> 
     </span>
    </p>
   </div>
   <div class='ocr_carea' id='block_1_68' title="bbox 1914 2374 3499 2448">
    <p class='ocr_par' dir='ltr' id='par_1_68' title="bbox 1914 2374 3499 2448">
     <span class='ocr_line' id='line_1_68' title="bbox 1914 2374 3499 2448; baseline 0.005 -17"><span class='ocrx_word' id='word_1_541' title='bbox 1914 2379 2066 2448; x_wconf 89' lang='lat' dir='ltr'><strong>prior</strong></span> <span class='ocrx_word' id='word_1_542' title='bbox 2096 2377 2184 2432; x_wconf 90' lang='lat' dir='ltr'><strong>ille</strong></span> <span class='ocrx_word' id='word_1_543' title='bbox 2225 2377 2326 2443; x_wconf 83' lang='lat' dir='ltr'><strong>\‘ir,</strong></span> <span class='ocrx_word' id='word_1_544' title='bbox 2360 2374 2413 2433; x_wconf 89' lang='lat' dir='ltr'><strong>id</strong></span> <span class='ocrx_word' id='word_1_545' title='bbox 2453 2389 2539 2435; x_wconf 89' lang='lat' dir='ltr'><strong>est</strong></span> <span class='ocrx_word' id='word_1_546' title='bbox 2573 2379 2677 2434; x_wconf 83' lang='lat' dir='ltr'><strong>lex.</strong></span> <span class='ocrx_word' id='word_1_547' title='bbox 2707 2378 2818 2435; x_wconf 81' lang='lat' dir='ltr'><strong>Vos</strong></span> <span class='ocrx_word' id='word_1_548' title='bbox 2851 2394 2982 2447; x_wconf 75' lang='lat' dir='ltr'><strong>ergo</strong></span> <span class='ocrx_word' id='word_1_549' title='bbox 3031 2396 3177 2437; x_wconf 89' lang='lat' dir='ltr'><strong>nunc</strong></span> <span class='ocrx_word' id='word_1_550' title='bbox 3208 2382 3334 2437; x_wconf 83' lang='lat' dir='ltr'><strong>facti</strong></span> <span class='ocrx_word' id='word_1_551' title='bbox 3364 2384 3499 2439; x_wconf 87' lang='lat' dir='ltr'><strong>estis</strong></span> 
     </span>
    </p>
   </div>
   <div class='ocr_carea' id='block_1_69' title="bbox 1916 2470 3499 2544">
    <p class='ocr_par' dir='ltr' id='par_1_69' title="bbox 1916 2470 3499 2544">
     <span class='ocr_line' id='line_1_69' title="bbox 1916 2470 3499 2544; baseline 0.004 -18"><span class='ocrx_word' id='word_1_552' title='bbox 1916 2470 2037 2539; x_wconf 85' lang='lat' dir='ltr'><strong>ejus</strong></span> <span class='ocrx_word' id='word_1_553' title='bbox 2068 2472 2168 2524; x_wconf 88' lang='lat' dir='ltr'><strong>viri</strong></span> <span class='ocrx_word' id='word_1_554' title='bbox 2203 2473 2293 2541; x_wconf 89' lang='lat' dir='ltr'><strong>qui</strong></span> <span class='ocrx_word' id='word_1_555' title='bbox 2329 2486 2358 2526; x_wconf 87' lang='lat' dir='ltr'><strong>a</strong></span> <span class='ocrx_word' id='word_1_556' title='bbox 2404 2471 2630 2527; x_wconf 90' lang='lat' dir='ltr'><strong>mortuis</strong></span> <span class='ocrx_word' id='word_1_557' title='bbox 2667 2474 2971 2529; x_wconf 77' lang='lat' dir='ltr'><strong>resurrexit</strong></span> <span class='ocrx_word' id='word_1_558' title='bbox 3010 2488 3205 2544; x_wconf 87' lang='lat' dir='ltr'><strong>sponsa</strong></span> <span class='ocrx_word' id='word_1_559' title='bbox 3238 2493 3255 2531; x_wconf 85' lang='lat'><strong>:</strong></span> <span class='ocrx_word' id='word_1_560' title='bbox 3289 2485 3345 2531; x_wconf 90' lang='lat' dir='ltr'><strong>et</strong></span> <span class='ocrx_word' id='word_1_561' title='bbox 3377 2475 3499 2532; x_wconf 83' lang='lat' dir='ltr'><strong>ideo</strong></span> 
     </span>
    </p>
   </div>
   <div class='ocr_carea' id='block_1_70' title="bbox 1914 2562 3496 2639">
    <p class='ocr_par' dir='ltr' id='par_1_70' title="bbox 1914 2562 3496 2639">
     <span class='ocr_line' id='line_1_70' title="bbox 1914 2562 3496 2639; baseline 0.005 -23"><span class='ocrx_word' id='word_1_562' title='bbox 1914 2562 2219 2618; x_wconf 86' lang='lat' dir='ltr'><strong>secundum</strong></span> <span class='ocrx_word' id='word_1_563' title='bbox 2272 2563 2605 2619; x_wconf 80' lang='lat' dir='ltr'><strong>voluntatem</strong></span> <span class='ocrx_word' id='word_1_564' title='bbox 2657 2565 2827 2634; x_wconf 77' lang='lat' dir='ltr'><strong>ipsius</strong></span> <span class='ocrx_word' id='word_1_565' title='bbox 2860 2566 3047 2622; x_wconf 82' lang='lat' dir='ltr'><strong>vivere</strong></span> <span class='ocrx_word' id='word_1_566' title='bbox 3077 2568 3310 2633; x_wconf 85' lang='lat' dir='ltr'><strong>debetis,</strong></span> <span class='ocrx_word' id='word_1_567' title='bbox 3368 2569 3496 2639; x_wconf 84' lang='lat' dir='ltr'><strong>quia</strong></span> 
     </span>
    </p>
   </div>
   <div class='ocr_carea' id='block_1_71' title="bbox 1910 2652 3493 2727">
    <p class='ocr_par' dir='ltr' id='par_1_71' title="bbox 1910 2652 3493 2727">
     <span class='ocr_line' id='line_1_71' title="bbox 1910 2652 3493 2727; baseline 0.004 -20"><span class='ocrx_word' id='word_1_568' title='bbox 1910 2652 2019 2722; x_wconf 88' lang='lat' dir='ltr'><strong>jam</strong></span> <span class='ocrx_word' id='word_1_569' title='bbox 2055 2669 2159 2709; x_wconf 92' lang='lat' dir='ltr'><strong>non</strong></span> <span class='ocrx_word' id='word_1_570' title='bbox 2188 2670 2377 2710; x_wconf 88' lang='lat' dir='ltr'><strong>sumus</strong></span> <span class='ocrx_word' id='word_1_571' title='bbox 2427 2656 2480 2709; x_wconf 93' lang='lat' dir='ltr'><strong>in</strong></span> <span class='ocrx_word' id='word_1_572' title='bbox 2534 2671 2722 2720; x_wconf 91' lang='lat' dir='ltr'><strong>carne,</strong></span> <span class='ocrx_word' id='word_1_573' title='bbox 2751 2656 2845 2711; x_wconf 89' lang='lat' dir='ltr'><strong>sed</strong></span> <span class='ocrx_word' id='word_1_574' title='bbox 2894 2657 2947 2711; x_wconf 91' lang='lat' dir='ltr'><strong>in</strong></span> <span class='ocrx_word' id='word_1_575' title='bbox 2979 2658 3172 2727; x_wconf 86' lang='lat' dir='ltr'><strong>spiritu</strong></span> <span class='ocrx_word' id='word_1_576' title='bbox 3205 2658 3273 2725; x_wconf 74' lang='lat'><strong>“,</strong></span> <span class='ocrx_word' id='word_1_577' title='bbox 3325 2659 3493 2714; x_wconf 88' lang='lat' dir='ltr'><strong>etiam</strong></span> 
     </span>
    </p>
   </div>
   <div class='ocr_carea' id='block_1_72' title="bbox 1912 2747 3491 2819">
    <p class='ocr_par' dir='ltr' id='par_1_72' title="bbox 1912 2747 3491 2819">
     <span class='ocr_line' id='line_1_72' title="bbox 1912 2747 3491 2819; baseline 0.004 -18"><span class='ocrx_word' id='word_1_578' title='bbox 1912 2749 1957 2801; x_wconf 87' lang='lat' dir='ltr'><strong>si</strong></span> <span class='ocrx_word' id='word_1_579' title='bbox 1985 2747 2278 2817; x_wconf 88' lang='lat' dir='ltr'><strong>aliquando</strong></span> <span class='ocrx_word' id='word_1_580' title='bbox 2309 2747 2359 2801; x_wconf 91' lang='lat' dir='ltr'><strong>in</strong></span> <span class='ocrx_word' id='word_1_581' title='bbox 2407 2762 2573 2803; x_wconf 88' lang='lat' dir='ltr'><strong>carne</strong></span> <span class='ocrx_word' id='word_1_582' title='bbox 2607 2748 2772 2817; x_wconf 80' lang='lat' dir='ltr'><strong>positi</strong></span> <span class='ocrx_word' id='word_1_583' title='bbox 2806 2749 3014 2818; x_wconf 89' lang='lat' dir='ltr'><strong>peccati</strong></span> <span class='ocrx_word' id='word_1_584' title='bbox 3054 2758 3108 2804; x_wconf 90' lang='lat' dir='ltr'><strong>et</strong></span> <span class='ocrx_word' id='word_1_585' title='bbox 3142 2752 3327 2805; x_wconf 86' lang='lat' dir='ltr'><strong>carnis</strong></span> <span class='ocrx_word' id='word_1_586' title='bbox 3367 2766 3491 2819; x_wconf 82' lang='lat' dir='ltr'><strong>pas-</strong></span> 
     </span>
    </p>
   </div>
   <div class='ocr_carea' id='block_1_73' title="bbox 1911 2838 3491 2911">
    <p class='ocr_par' dir='ltr' id='par_1_73' title="bbox 1911 2838 3491 2911">
     <span class='ocr_line' id='line_1_73' title="bbox 1911 2838 3491 2911; baseline 0.002 -18"><span class='ocrx_word' id='word_1_587' title='bbox 1911 2838 2156 2894; x_wconf 90' lang='lat' dir='ltr'><strong>sionibus</strong></span> <span class='ocrx_word' id='word_1_588' title='bbox 2186 2839 2545 2911; x_wconf 89' lang='lat' dir='ltr'><strong>urgebamur;</strong></span> <span class='ocrx_word' id='word_1_589' title='bbox 2578 2852 2699 2910; x_wconf 67' lang='lat' dir='ltr'><strong>qua:</strong></span> <span class='ocrx_word' id='word_1_590' title='bbox 2718 2841 2998 2910; x_wconf 81' lang='lat' dir='ltr'><strong>passiones</strong></span> <span class='ocrx_word' id='word_1_591' title='bbox 3031 2856 3127 2909; x_wconf 76' lang='lat' dir='ltr'><strong>per</strong></span> <span class='ocrx_word' id='word_1_592' title='bbox 3145 2842 3491 2897; x_wconf 85' lang='lat' dir='ltr'><strong>occasionem</strong></span> 
     </span>
    </p>
   </div>
   <div class='ocr_carea' id='block_1_74' title="bbox 1912 2927 3494 2999">
    <p class='ocr_par' dir='ltr' id='par_1_74' title="bbox 1912 2927 3494 2999">
     <span class='ocr_line' id='line_1_74' title="bbox 1912 2927 3494 2999; baseline 0.003 -18"><span class='ocrx_word' id='word_1_593' title='bbox 1912 2927 2045 2999; x_wconf 90' lang='lat' dir='ltr'><strong>legis</strong></span> <span class='ocrx_word' id='word_1_594' title='bbox 2063 2929 2114 2983; x_wconf 90' lang='lat' dir='ltr'><strong>in</strong></span> <span class='ocrx_word' id='word_1_595' title='bbox 2137 2929 2393 2984; x_wconf 89' lang='lat' dir='ltr'><strong>membris</strong></span> <span class='ocrx_word' id='word_1_596' title='bbox 2416 2930 2616 2985; x_wconf 88' lang='lat' dir='ltr'><strong>nostris</strong></span> <span class='ocrx_word' id='word_1_597' title='bbox 2644 2929 3070 2996; x_wconf 85' lang='lat' dir='ltr'><strong>fructificabant,</strong></span> <span class='ocrx_word' id='word_1_598' title='bbox 3100 2945 3205 2985; x_wconf 91' lang='lat' dir='ltr'><strong>non</strong></span> <span class='ocrx_word' id='word_1_599' title='bbox 3240 2931 3371 2997; x_wconf 89' lang='lat' dir='ltr'><strong>Deo,</strong></span> <span class='ocrx_word' id='word_1_600' title='bbox 3399 2933 3494 2987; x_wconf 89' lang='lat' dir='ltr'><strong>sed</strong></span> 
     </span>
    </p>
   </div>
   <div class='ocr_carea' id='block_1_75' title="bbox 1911 3014 3491 3091">
    <p class='ocr_par' dir='ltr' id='par_1_75' title="bbox 1911 3014 3491 3091">
     <span class='ocr_line' id='line_1_75' title="bbox 1911 3014 3491 3091; baseline 0.004 -24"><span class='ocrx_word' id='word_1_601' title='bbox 1911 3016 2076 3069; x_wconf 87' lang='lat' dir='ltr'><strong>morti</strong></span> <span class='ocrx_word' id='word_1_602' title='bbox 2116 3055 2132 3081; x_wconf 96' lang='lat'><strong>,</strong></span> <span class='ocrx_word' id='word_1_603' title='bbox 2163 3014 2237 3069; x_wconf 88' lang='lat' dir='ltr'><strong>illi</strong></span> <span class='ocrx_word' id='word_1_604' title='bbox 2269 3017 2427 3071; x_wconf 92' lang='lat' dir='ltr'><strong>mortl</strong></span> <span class='ocrx_word' id='word_1_605' title='bbox 2456 3032 2620 3087; x_wconf 91' lang='lat' dir='ltr'><strong>quam</strong></span> <span class='ocrx_word' id='word_1_606' title='bbox 2649 3018 2790 3073; x_wconf 90' lang='lat' dir='ltr'><strong>Deus</strong></span> <span class='ocrx_word' id='word_1_607' title='bbox 2822 3033 2928 3072; x_wconf 90' lang='lat' dir='ltr'><strong>nou</strong></span> <span class='ocrx_word' id='word_1_608' title='bbox 2962 3018 3112 3074; x_wconf 87' lang='lat' dir='ltr'><strong>fecit.</strong></span> <span class='ocrx_word' id='word_1_609' title='bbox 3152 3017 3307 3075; x_wconf 88' lang='lat' dir='ltr'><strong>Nunc</strong></span> <span class='ocrx_word' id='word_1_610' title='bbox 3358 3036 3491 3091; x_wconf 78' lang='lat' dir='ltr'><strong>ergo</strong></span> 
     </span>
    </p>
   </div>
   <div class='ocr_carea' id='block_1_76' title="bbox 1910 3106 3493 3173">
    <p class='ocr_par' dir='ltr' id='par_1_76' title="bbox 1910 3106 3493 3173">
     <span class='ocr_line' id='line_1_76' title="bbox 1910 3106 3493 3173; baseline 0.006 -13"><span class='ocrx_word' id='word_1_611' title='bbox 1910 3106 2055 3162; x_wconf 86' lang='lat' dir='ltr'><strong>sicut</strong></span> <span class='ocrx_word' id='word_1_612' title='bbox 2081 3122 2205 3162; x_wconf 88' lang='lat' dir='ltr'><strong>cttm</strong></span> <span class='ocrx_word' id='word_1_613' title='bbox 2236 3109 2464 3164; x_wconf 88' lang='lat' dir='ltr'><strong>moritur</strong></span> <span class='ocrx_word' id='word_1_614' title='bbox 2490 3110 2592 3173; x_wconf 89' lang='lat' dir='ltr'><strong>vir,</strong></span> <span class='ocrx_word' id='word_1_615' title='bbox 2628 3110 2797 3166; x_wconf 90' lang='lat' dir='ltr'><strong>libera</strong></span> <span class='ocrx_word' id='word_1_616' title='bbox 2828 3125 2911 3167; x_wconf 81' lang='lat' dir='ltr'><strong>eat</strong></span> <span class='ocrx_word' id='word_1_617' title='bbox 2933 3121 2988 3167; x_wconf 87' lang='lat' dir='ltr'><strong>et</strong></span> <span class='ocrx_word' id='word_1_618' title='bbox 3019 3111 3266 3167; x_wconf 86' lang='lat' dir='ltr'><strong>absoluta</strong></span> <span class='ocrx_word' id='word_1_619' title='bbox 3297 3115 3493 3170; x_wconf 87' lang='lat' dir='ltr'><strong>mulier</strong></span> 
     </span>
    </p>
   </div>
   <div class='ocr_carea' id='block_1_77' title="bbox 1910 3195 3491 3277">
    <p class='ocr_par' dir='ltr' id='par_1_77' title="bbox 1910 3195 3491 3277">
     <span class='ocr_line' id='line_1_77' title="bbox 1910 3195 3491 3277; baseline 0.006 -25"><span class='ocrx_word' id='word_1_620' title='bbox 1910 3211 1940 3252; x_wconf 88' lang='lat' dir='ltr'><strong>a</strong></span> <span class='ocrx_word' id='word_1_621' title='bbox 1972 3195 2089 3269; x_wconf 85' lang='lat' dir='ltr'><strong>lege</strong></span> <span class='ocrx_word' id='word_1_622' title='bbox 2113 3200 2233 3265; x_wconf 91' lang='lat' dir='ltr'><strong>viri,</strong></span> <span class='ocrx_word' id='word_1_623' title='bbox 2290 3200 2364 3254; x_wconf 89' lang='lat' dir='ltr'><strong>ita</strong></span> <span class='ocrx_word' id='word_1_624' title='bbox 2388 3209 2444 3255; x_wconf 90' lang='lat' dir='ltr'><strong>ct</strong></span> <span class='ocrx_word' id='word_1_625' title='bbox 2471 3217 2569 3256; x_wconf 87' lang='lat' dir='ltr'><strong>nos</strong></span> <span class='ocrx_word' id='word_1_626' title='bbox 2593 3200 2747 3257; x_wconf 88' lang='lat' dir='ltr'><strong>liberi</strong></span> <span class='ocrx_word' id='word_1_627' title='bbox 2786 3202 2914 3257; x_wconf 85' lang='lat' dir='ltr'><strong>facti</strong></span> <span class='ocrx_word' id='word_1_628' title='bbox 2940 3217 3133 3259; x_wconf 88' lang='lat' dir='ltr'><strong>sumus</strong></span> <span class='ocrx_word' id='word_1_629' title='bbox 3167 3220 3195 3258; x_wconf 91' lang='lat' dir='ltr'><strong>a</strong></span> <span class='ocrx_word' id='word_1_630' title='bbox 3232 3205 3351 3276; x_wconf 87' lang='lat' dir='ltr'><strong>lege</strong></span> <span class='ocrx_word' id='word_1_631' title='bbox 3371 3222 3491 3277; x_wconf 79' lang='lat' dir='ltr'><strong>qua:</strong></span> 
     </span>
    </p>
   </div>
   <div class='ocr_carea' id='block_1_78' title="bbox 1908 3289 3488 3366">
    <p class='ocr_par' dir='ltr' id='par_1_78' title="bbox 1908 3289 3488 3366">
     <span class='ocr_line' id='line_1_78' title="bbox 1908 3289 3488 3366; baseline 0.005 -22"><span class='ocrx_word' id='word_1_632' title='bbox 1908 3289 2192 3345; x_wconf 87' lang='lat' dir='ltr'><strong>videbatur</strong></span> <span class='ocrx_word' id='word_1_633' title='bbox 2213 3291 2368 3347; x_wconf 90' lang='lat' dir='ltr'><strong>nobis</strong></span> <span class='ocrx_word' id='word_1_634' title='bbox 2393 3290 2659 3348; x_wconf 85' lang='lat' dir='ltr'><strong>dominari</strong></span> <span class='ocrx_word' id='word_1_635' title='bbox 2697 3301 2952 3364; x_wconf 70' lang='lat' dir='ltr'><strong>umquam</strong></span> <span class='ocrx_word' id='word_1_636' title='bbox 2976 3296 3077 3351; x_wconf 83' lang='lat' dir='ltr'><strong>vir.</strong></span> <span class='ocrx_word' id='word_1_637' title='bbox 3112 3295 3211 3351; x_wconf 87' lang='lat' dir='ltr'><strong>Cui</strong></span> <span class='ocrx_word' id='word_1_638' title='bbox 3245 3296 3345 3366; x_wconf 79' lang='lat' dir='ltr'><strong>legi</strong></span> <span class='ocrx_word' id='word_1_639' title='bbox 3371 3298 3488 3352; x_wconf 87' lang='lat' dir='ltr'><strong>sine</strong></span> 
     </span>
    </p>
   </div>
   <div class='ocr_carea' id='block_1_79' title="bbox 1909 3376 3488 3449">
    <p class='ocr_par' dir='ltr' id='par_1_79' title="bbox 1909 3376 3488 3449">
     <span class='ocr_line' id='line_1_79' title="bbox 1909 3376 3488 3449; baseline 0.005 -15"><span class='ocrx_word' id='word_1_640' title='bbox 1909 3376 2073 3435; x_wconf 88' lang='lat' dir='ltr'><strong>dubio</strong></span> <span class='ocrx_word' id='word_1_641' title='bbox 2094 3381 2260 3435; x_wconf 90' lang='lat' dir='ltr'><strong>etiam</strong></span> <span class='ocrx_word' id='word_1_642' title='bbox 2295 3395 2395 3437; x_wconf 89' lang='lat' dir='ltr'><strong>nos</strong></span> <span class='ocrx_word' id='word_1_643' title='bbox 2426 3383 2626 3438; x_wconf 86' lang='lat' dir='ltr'><strong>mortui</strong></span> <span class='ocrx_word' id='word_1_644' title='bbox 2676 3398 2886 3449; x_wconf 87' lang='lat' dir='ltr'><strong>sumus,</strong></span> <span class='ocrx_word' id='word_1_645' title='bbox 2919 3392 2971 3442; x_wconf 90' lang='lat' dir='ltr'><strong>et</strong></span> <span class='ocrx_word' id='word_1_646' title='bbox 3018 3386 3183 3442; x_wconf 86' lang='lat' dir='ltr'><strong>alieni</strong></span> <span class='ocrx_word' id='word_1_647' title='bbox 3214 3402 3245 3441; x_wconf 89' lang='lat' dir='ltr'><strong>a</strong></span> <span class='ocrx_word' id='word_1_648' title='bbox 3299 3391 3488 3444; x_wconf 87' lang='lat' dir='ltr'><strong>condi-</strong></span> 
     </span>
    </p>
   </div>
   <div class='ocr_carea' id='block_1_80' title="bbox 1909 3471 3487 3549">
    <p class='ocr_par' dir='ltr' id='par_1_80' title="bbox 1909 3471 3487 3549">
     <span class='ocr_line' id='line_1_80' title="bbox 1909 3471 3487 3549; baseline 0.009 -26"><span class='ocrx_word' id='word_1_649' title='bbox 1909 3472 2054 3525; x_wconf 88' lang='lat' dir='ltr'><strong>tione</strong></span> <span class='ocrx_word' id='word_1_650' title='bbox 2085 3471 2203 3539; x_wconf 91' lang='lat' dir='ltr'><strong>ejus</strong></span> <span class='ocrx_word' id='word_1_651' title='bbox 2230 3488 2247 3523; x_wconf 78' lang='lat' dir='ltr'><strong>t</strong></span> <span class='ocrx_word' id='word_1_652' title='bbox 2297 3476 2350 3530; x_wconf 88' lang='lat' dir='ltr'><strong>in</strong></span> <span class='ocrx_word' id='word_1_653' title='bbox 2367 3492 2473 3549; x_wconf 90' lang='lat' dir='ltr'><strong>qua</strong></span> <span class='ocrx_word' id='word_1_654' title='bbox 2489 3476 2917 3545; x_wconf 68' lang='lat' dir='ltr'><strong>detinebantur,»</strong></span> <span class='ocrx_word' id='word_1_655' title='bbox 2947 3487 3006 3532; x_wconf 92' lang='lat' dir='ltr'><strong>ut</strong></span> <span class='ocrx_word' id='word_1_656' title='bbox 3040 3479 3155 3546; x_wconf 88' lang='lat' dir='ltr'><strong>jam</strong></span> <span class='ocrx_word' id='word_1_657' title='bbox 3214 3491 3335 3548; x_wconf 87' lang='lat' dir='ltr'><strong>post</strong></span> <span class='ocrx_word' id='word_1_658' title='bbox 3371 3482 3487 3537; x_wconf 58' lang='lat' dir='ltr'><strong>haec</strong></span> 
     </span>
    </p>
   </div>
   <div class='ocr_carea' id='block_1_81' title="bbox 1910 3564 3485 3639">
    <p class='ocr_par' dir='ltr' id='par_1_81' title="bbox 1910 3564 3485 3639">
     <span class='ocr_line' id='line_1_81' title="bbox 1910 3564 3485 3639; baseline 0.008 -25"><span class='ocrx_word' id='word_1_659' title='bbox 1910 3579 1930 3613; x_wconf 80' lang='grc' dir='ltr'><strong>ι</strong></span> <span class='ocrx_word' id='word_1_660' title='bbox 1968 3564 2272 3618; x_wconf 84' lang='lat' dir='ltr'><strong>serviamus</strong></span> <span class='ocrx_word' id='word_1_661' title='bbox 2306 3580 2411 3620; x_wconf 89' lang='lat' dir='ltr'><strong>non</strong></span> <span class='ocrx_word' id='word_1_662' title='bbox 2447 3566 2501 3620; x_wconf 89' lang='lat' dir='ltr'><strong>in</strong></span> <span class='ocrx_word' id='word_1_663' title='bbox 2533 3576 2805 3622; x_wconf 82' lang='lat' dir='ltr'><strong>vetustate</strong></span> <span class='ocrx_word' id='word_1_664' title='bbox 2849 3567 3047 3623; x_wconf 63' lang='lat' dir='ltr'><strong>litteris</strong></span> <span class='ocrx_word' id='word_1_665' title='bbox 3080 3588 3100 3621; x_wconf 69' lang='grc' dir='ltr'><strong>ι</strong></span> <span class='ocrx_word' id='word_1_666' title='bbox 3127 3571 3268 3625; x_wconf 77' lang='lat' dir='ltr'><strong>sicut</strong></span> <span class='ocrx_word' id='word_1_667' title='bbox 3307 3572 3485 3639; x_wconf 88' lang='lat' dir='ltr'><strong>prius,</strong></span> 
     </span>
    </p>
   </div>
   <div class='ocr_carea' id='block_1_82' title="bbox 1905 3647 3484 3729">
    <p class='ocr_par' dir='ltr' id='par_1_82' title="bbox 1905 3647 3484 3729">
     <span class='ocr_line' id='line_1_82' title="bbox 1905 3647 3484 3729; baseline 0.006 -21"><span class='ocrx_word' id='word_1_668' title='bbox 1905 3656 1997 3708; x_wconf 90' lang='lat' dir='ltr'><strong>sed</strong></span> <span class='ocrx_word' id='word_1_669' title='bbox 2034 3671 2053 3706; x_wconf 81' lang='grc' dir='ltr'><strong>ι</strong></span> <span class='ocrx_word' id='word_1_670' title='bbox 2090 3654 2143 3709; x_wconf 92' lang='lat' dir='ltr'><strong>iu</strong></span> <span class='ocrx_word' id='word_1_671' title='bbox 2189 3656 2432 3710; x_wconf 84' lang='lat' dir='ltr'><strong>novitate</strong></span> <span class='ocrx_word' id='word_1_672' title='bbox 2490 3656 2718 3724; x_wconf 81' lang='lat' dir='ltr'><strong>spiritus</strong></span> <span class='ocrx_word' id='word_1_673' title='bbox 2742 3656 2788 3687; x_wconf 77' lang='lat'>”</span> <span class='ocrx_word' id='word_1_674' title='bbox 2816 3672 2830 3709; x_wconf 91' lang='lat'><strong>:</strong></span> <span class='ocrx_word' id='word_1_675' title='bbox 2862 3647 2894 3710; x_wconf 74' lang='grc' dir='ltr'><strong>ἰ</strong></span> <span class='ocrx_word' id='word_1_676' title='bbox 2928 3675 3088 3728; x_wconf 88' lang='lat' dir='ltr'><strong>quem</strong></span> <span class='ocrx_word' id='word_1_677' title='bbox 3138 3662 3392 3729; x_wconf 72' lang='lat' dir='ltr'><strong>spiritum</strong></span> <span class='ocrx_word' id='word_1_678' title='bbox 3451 3679 3484 3717; x_wconf 88' lang='lat' dir='ltr'><strong>a</strong></span> 
     </span>
    </p>
   </div>
   <div class='ocr_carea' id='block_1_83' title="bbox 1902 3749 3480 3822">
    <p class='ocr_par' dir='ltr' id='par_1_83' title="bbox 1902 3749 3480 3822">
     <span class='ocr_line' id='line_1_83' title="bbox 1902 3749 3480 3822; baseline 0.008 -23"><span class='ocrx_word' id='word_1_679' title='bbox 1902 3760 2099 3816; x_wconf 89' lang='lat' dir='ltr'><strong>sponso</strong></span> <span class='ocrx_word' id='word_1_680' title='bbox 2124 3757 2309 3801; x_wconf 91' lang='lat' dir='ltr'><strong>nostro</strong></span> <span class='ocrx_word' id='word_1_681' title='bbox 2338 3757 2596 3817; x_wconf 88' lang='lat' dir='ltr'><strong>tanquam</strong></span> <span class='ocrx_word' id='word_1_682' title='bbox 2623 3749 2865 3818; x_wconf 86' lang='lat' dir='ltr'><strong>nuptiale</strong></span> <span class='ocrx_word' id='word_1_683' title='bbox 2893 3753 3088 3820; x_wconf 88' lang='lat' dir='ltr'><strong>pignus</strong></span> <span class='ocrx_word' id='word_1_684' title='bbox 3134 3754 3480 3822; x_wconf 73' lang='lat' dir='ltr'><strong>accepimus,</strong></span> 
     </span>
    </p>
   </div>
   <div class='ocr_carea' id='block_1_84' title="bbox 1900 3837 3482 3915">
    <p class='ocr_par' dir='ltr' id='par_1_84' title="bbox 1900 3837 3482 3915">
     <span class='ocr_line' id='line_1_84' title="bbox 1900 3837 3482 3915; baseline 0.005 -23"><span class='ocrx_word' id='word_1_685' title='bbox 1900 3839 2043 3892; x_wconf 91' lang='lat' dir='ltr'><strong>sicut</strong></span> <span class='ocrx_word' id='word_1_686' title='bbox 2072 3844 2126 3893; x_wconf 91' lang='lat' dir='ltr'><strong>et</strong></span> <span class='ocrx_word' id='word_1_687' title='bbox 2163 3837 2289 3891; x_wconf 85' lang='lat' dir='ltr'><strong>alibi</strong></span> <span class='ocrx_word' id='word_1_688' title='bbox 2323 3838 2457 3894; x_wconf 90' lang='lat' dir='ltr'><strong>dicit</strong></span> <span class='ocrx_word' id='word_1_689' title='bbox 2486 3856 2500 3893; x_wconf 90' lang='lat'><strong>:</strong></span> <span class='ocrx_word' id='word_1_690' title='bbox 2530 3858 2548 3891; x_wconf 81' lang='grc' dir='ltr'><strong>ι</strong></span> <span class='ocrx_word' id='word_1_691' title='bbox 2576 3839 2676 3907; x_wconf 94' lang='lat' dir='ltr'><strong>Qui</strong></span> <span class='ocrx_word' id='word_1_692' title='bbox 2709 3841 2858 3896; x_wconf 88' lang='lat' dir='ltr'><strong>dedit</strong></span> <span class='ocrx_word' id='word_1_693' title='bbox 2890 3843 3047 3897; x_wconf 88' lang='lat' dir='ltr'><strong>nobis</strong></span> <span class='ocrx_word' id='word_1_694' title='bbox 3081 3844 3274 3914; x_wconf 84' lang='lat' dir='ltr'><strong>pignus</strong></span> <span class='ocrx_word' id='word_1_695' title='bbox 3307 3847 3482 3915; x_wconf 82' lang='lat' dir='ltr'><strong>Spiri-</strong></span> 
     </span>
    </p>
   </div>
   <div class='ocr_carea' id='block_1_85' title="bbox 1903 3929 3480 4006">
    <p class='ocr_par' dir='ltr' id='par_1_85' title="bbox 1903 3929 3480 4006">
     <span class='ocr_line' id='line_1_85' title="bbox 1903 3929 3480 4006; baseline 0.005 -21"><span class='ocrx_word' id='word_1_696' title='bbox 1903 3929 2065 3986; x_wconf 72' lang='lat' dir='ltr'><strong>tus“.</strong></span> <span class='ocrx_word' id='word_1_697' title='bbox 2095 3946 2114 3983; x_wconf 78' lang='grc' dir='ltr'><strong>ι</strong></span> <span class='ocrx_word' id='word_1_698' title='bbox 2152 3930 2249 3986; x_wconf 92' lang='lat' dir='ltr'><strong>llic</strong></span> <span class='ocrx_word' id='word_1_699' title='bbox 2279 3934 2519 3987; x_wconf 90' lang='lat' dir='ltr'><strong>estordo</strong></span> <span class='ocrx_word' id='word_1_700' title='bbox 2547 3932 2771 4002; x_wconf 77' lang='lat' dir='ltr'><strong>eloquii,</strong></span> <span class='ocrx_word' id='word_1_701' title='bbox 2801 3942 2855 3989; x_wconf 91' lang='lat' dir='ltr'><strong>et</strong></span> <span class='ocrx_word' id='word_1_702' title='bbox 2888 3936 3001 3990; x_wconf 71' lang='lat' dir='ltr'><strong>haec</strong></span> <span class='ocrx_word' id='word_1_703' title='bbox 3025 3936 3306 4006; x_wconf 87' lang='lat' dir='ltr'><strong>apostolici</strong></span> <span class='ocrx_word' id='word_1_704' title='bbox 3329 3952 3480 3993; x_wconf 76' lang='lat' dir='ltr'><strong>com—</strong></span> 
     </span>
    </p>
   </div>
   <div class='ocr_carea' id='block_1_86' title="bbox 1898 4021 3472 4097">
    <p class='ocr_par' dir='ltr' id='par_1_86' title="bbox 1898 4021 3472 4097">
     <span class='ocr_line' id='line_1_86' title="bbox 1898 4021 3472 4097; baseline 0.004 -20"><span class='ocrx_word' id='word_1_705' title='bbox 1898 4038 2037 4095; x_wconf 85' lang='lat' dir='ltr'><strong>pago</strong></span> <span class='ocrx_word' id='word_1_706' title='bbox 2058 4024 2355 4081; x_wconf 89' lang='lat' dir='ltr'><strong>sermonis.</strong></span> <span class='ocrx_word' id='word_1_707' title='bbox 2373 4021 2480 4079; x_wconf 89' lang='lat' dir='ltr'><strong>Sed</strong></span> <span class='ocrx_word' id='word_1_708' title='bbox 2510 4040 2653 4082; x_wconf 87' lang='lat' dir='ltr'><strong>nunc</strong></span> <span class='ocrx_word' id='word_1_709' title='bbox 2680 4032 2988 4095; x_wconf 81' lang='lat' dir='ltr'><strong>repetentes</strong></span> <span class='ocrx_word' id='word_1_710' title='bbox 3011 4042 3131 4097; x_wconf 63' lang='lat' dir='ltr'><strong>quae</strong></span> <span class='ocrx_word' id='word_1_711' title='bbox 3149 4028 3290 4083; x_wconf 87' lang='lat' dir='ltr'><strong>dicta</strong></span> <span class='ocrx_word' id='word_1_712' title='bbox 3324 4040 3472 4095; x_wconf 88' lang='lat' dir='ltr'><strong>sunt,</strong></span> 
     </span>
    </p>
   </div>
   <div class='ocr_carea' id='block_1_87' title="bbox 1897 4117 3475 4196">
    <p class='ocr_par' dir='ltr' id='par_1_87' title="bbox 1897 4117 3475 4196">
     <span class='ocr_line' id='line_1_87' title="bbox 1897 4117 3475 4196; baseline 0.002 -23"><span class='ocrx_word' id='word_1_713' title='bbox 1897 4117 2258 4173; x_wconf 88' lang='lat' dir='ltr'><strong>discutiamus</strong></span> <span class='ocrx_word' id='word_1_714' title='bbox 2289 4132 2385 4185; x_wconf 88' lang='lat' dir='ltr'><strong>per</strong></span> <span class='ocrx_word' id='word_1_715' title='bbox 2430 4117 2665 4188; x_wconf 91' lang='lat' dir='ltr'><strong>singula.</strong></span> <span class='ocrx_word' id='word_1_716' title='bbox 2704 4136 2723 4171; x_wconf 79' lang='grc' dir='ltr'><strong>ι</strong></span> <span class='ocrx_word' id='word_1_717' title='bbox 2761 4119 2843 4174; x_wconf 80' lang='lat' dir='ltr'><strong>An</strong></span> <span class='ocrx_word' id='word_1_718' title='bbox 2878 4120 3144 4191; x_wconf 87' lang='lat' dir='ltr'><strong>ignoratis</strong></span> <span class='ocrx_word' id='word_1_719' title='bbox 3191 4120 3339 4196; x_wconf 79' lang='grc'>(49),</span> <span class='ocrx_word' id='word_1_720' title='bbox 3392 4123 3475 4177; x_wconf 87' lang='lat' dir='ltr'><strong>in-</strong></span> 
     </span>
    </p>
   </div>
   <div class='ocr_carea' id='block_1_88' title="bbox 1895 4206 3473 4287">
    <p class='ocr_par' dir='ltr' id='par_1_88' title="bbox 1895 4206 3473 4287">
     <span class='ocr_line' id='line_1_88' title="bbox 1895 4206 3473 4287; baseline 0.004 -24"><span class='ocrx_word' id='word_1_721' title='bbox 1895 4209 2035 4279; x_wconf 90' lang='lat' dir='ltr'><strong>quit,</strong></span> <span class='ocrx_word' id='word_1_722' title='bbox 2088 4206 2288 4265; x_wconf 83' lang='lat' dir='ltr'><strong>fratres</strong></span> <span class='ocrx_word' id='word_1_723' title='bbox 2335 4206 2653 4282; x_wconf 89' lang='lat' dir='ltr'><strong>(sclentibus</strong></span> <span class='ocrx_word' id='word_1_724' title='bbox 2684 4211 2828 4267; x_wconf 89' lang='lat' dir='ltr'><strong>enim</strong></span> <span class='ocrx_word' id='word_1_725' title='bbox 2867 4212 3040 4283; x_wconf 83' lang='lat' dir='ltr'><strong>legem</strong></span> <span class='ocrx_word' id='word_1_726' title='bbox 3092 4214 3309 4287; x_wconf 85' lang='lat' dir='ltr'><strong>loquor)</strong></span> <span class='ocrx_word' id='word_1_727' title='bbox 3345 4216 3473 4285; x_wconf 84' lang='lat' dir='ltr'><strong>quia</strong></span> 
     </span>
    </p>
   </div>
   <div class='ocr_carea' id='block_1_89' title="bbox 1895 4301 3467 4374">
    <p class='ocr_par' dir='ltr' id='par_1_89' title="bbox 1895 4301 3467 4374">
     <span class='ocr_line' id='line_1_89' title="bbox 1895 4301 3467 4374; baseline 0.002 -18"><span class='ocrx_word' id='word_1_728' title='bbox 1895 4301 1979 4357; x_wconf 90' lang='lat' dir='ltr'><strong>lex</strong></span> <span class='ocrx_word' id='word_1_729' title='bbox 2014 4302 2323 4356; x_wconf 88' lang='lat' dir='ltr'><strong>dominatur</strong></span> <span class='ocrx_word' id='word_1_730' title='bbox 2355 4304 2406 4357; x_wconf 92' lang='lat' dir='ltr'><strong>iu</strong></span> <span class='ocrx_word' id='word_1_731' title='bbox 2439 4303 2681 4365; x_wconf 84' lang='lat' dir='ltr'><strong>homine,</strong></span> <span class='ocrx_word' id='word_1_732' title='bbox 2727 4316 2933 4374; x_wconf 89' lang='lat' dir='ltr'><strong>quanto</strong></span> <span class='ocrx_word' id='word_1_733' title='bbox 2956 4316 3195 4373; x_wconf 83' lang='lat' dir='ltr'><strong>tempore</strong></span> <span class='ocrx_word' id='word_1_734' title='bbox 3234 4308 3362 4359; x_wconf 91' lang='lat' dir='ltr'><strong>vivit</strong></span> <span class='ocrx_word' id='word_1_735' title='bbox 3392 4304 3417 4361; x_wconf 69' lang='grc' dir='ltr'><strong>ἲ)</strong></span> <span class='ocrx_word' id='word_1_736' title='bbox 3445 4328 3467 4359; x_wconf 73' lang='grc' dir='ltr'><strong>ι</strong></span> 
     </span>
    </p>
   </div>
   <div class='ocr_carea' id='block_1_90' title="bbox 1896 4394 3471 4466">
    <p class='ocr_par' dir='ltr' id='par_1_90' title="bbox 1896 4394 3471 4466">
     <span class='ocr_line' id='line_1_90' title="bbox 1896 4394 3471 4466; baseline 0.001 -17"><span class='ocrx_word' id='word_1_737' title='bbox 1896 4394 2238 4465; x_wconf 81' lang='lat' dir='ltr'><strong>Hyperbaton</strong></span> <span class='ocrx_word' id='word_1_738' title='bbox 2293 4394 2475 4449; x_wconf 91' lang='lat' dir='ltr'><strong>statim</strong></span> <span class='ocrx_word' id='word_1_739' title='bbox 2532 4395 2585 4449; x_wconf 90' lang='lat' dir='ltr'><strong>in</strong></span> <span class='ocrx_word' id='word_1_740' title='bbox 2642 4397 2912 4465; x_wconf 84' lang='lat' dir='ltr'><strong>principio</strong></span> <span class='ocrx_word' id='word_1_741' title='bbox 2956 4397 3140 4460; x_wconf 87' lang='lat' dir='ltr'><strong>habet,</strong></span> <span class='ocrx_word' id='word_1_742' title='bbox 3193 4398 3337 4466; x_wconf 86' lang='lat' dir='ltr'><strong>quod</strong></span> <span class='ocrx_word' id='word_1_743' title='bbox 3395 4398 3471 4450; x_wconf 88' lang='lat' dir='ltr'><strong>ita</strong></span> 
     </span>
    </p>
   </div>
   <div class='ocr_carea' id='block_1_91' title="bbox 219 4486 3471 4565">
    <p class='ocr_par' dir='ltr' id='par_1_91' title="bbox 219 4486 3471 4565">
     <span class='ocr_line' id='line_1_91' title="bbox 219 4486 3471 4565; baseline 0.002 -32"><span class='ocrx_word' id='word_1_744' title='bbox 219 4491 403 4561; x_wconf 67' lang='lat' dir='ltr'><strong>loquor</strong></span> <span class='ocrx_word' id='word_1_745' title='bbox 424 4492 487 4557; x_wconf 62' lang='grc' dir='ltr'>ιι,</span> <span class='ocrx_word' id='word_1_746' title='bbox 525 4512 546 4546; x_wconf 66' lang='grc' dir='ltr'><strong><em>ι</em></strong></span> <span class='ocrx_word' id='word_1_747' title='bbox 573 4502 626 4547; x_wconf 72' lang='grc' dir='ltr'>ει</span> <span class='ocrx_word' id='word_1_748' title='bbox 649 4494 862 4564; x_wconf 71' lang='lat' dir='ltr'><strong>appello</strong></span> <span class='ocrx_word' id='word_1_749' title='bbox 878 4509 994 4561; x_wconf 62' lang='lat' dir='ltr'><strong>vos,</strong></span> <span class='ocrx_word' id='word_1_750' title='bbox 1016 4505 1239 4565; x_wconf 57' lang='lat' dir='ltr'><strong>propter</strong></span> <span class='ocrx_word' id='word_1_751' title='bbox 1264 4495 1423 4565; x_wconf 58' lang='lat' dir='ltr'><strong>huius</strong></span> <span class='ocrx_word' id='word_1_752' title='bbox 1453 4496 1583 4564; x_wconf 62' lang='lat' dir='ltr'><strong>legis</strong></span> <span class='ocrx_word' id='word_1_753' title='bbox 1615 4495 1791 4552; x_wconf 72' lang='lat' dir='ltr'><strong>scien-</strong></span> <span class='ocrx_word' id='word_1_754' title='bbox 1823 4498 1867 4553; x_wconf 76' lang='grc' dir='ltr'>ι)</span> <span class='ocrx_word' id='word_1_755' title='bbox 1899 4486 2142 4539; x_wconf 89' lang='lat' dir='ltr'><strong>redditur</strong></span> <span class='ocrx_word' id='word_1_756' title='bbox 2174 4503 2189 4540; x_wconf 90' lang='lat'><strong>:</strong></span> <span class='ocrx_word' id='word_1_757' title='bbox 2225 4504 2244 4537; x_wconf 81' lang='grc' dir='ltr'><strong>ι</strong></span> <span class='ocrx_word' id='word_1_758' title='bbox 2272 4486 2353 4541; x_wconf 83' lang='grc' dir='ltr'>Αιι</span> <span class='ocrx_word' id='word_1_759' title='bbox 2396 4488 2690 4558; x_wconf 88' lang='lat' dir='ltr'><strong>ignoratis,</strong></span> <span class='ocrx_word' id='word_1_760' title='bbox 2735 4488 2949 4552; x_wconf 87' lang='lat' dir='ltr'><strong>fratres,</strong></span> <span class='ocrx_word' id='word_1_761' title='bbox 2991 4488 3118 4556; x_wconf 91' lang='lat' dir='ltr'><strong>quia</strong></span> <span class='ocrx_word' id='word_1_762' title='bbox 3165 4487 3250 4541; x_wconf 79' lang='lat' dir='ltr'><strong>lex</strong></span> <span class='ocrx_word' id='word_1_763' title='bbox 3294 4487 3471 4540; x_wconf 90' lang='lat' dir='ltr'><strong>domi-</strong></span> 
     </span>
    </p>
   </div>
   <div class='ocr_carea' id='block_1_92' title="bbox 223 4586 1783 4660">
    <p class='ocr_par' dir='ltr' id='par_1_92' title="bbox 223 4586 1783 4660">
     <span class='ocr_line' id='line_1_92' title="bbox 223 4586 1783 4660; baseline 0.006 -25"><span class='ocrx_word' id='word_1_764' title='bbox 223 4586 365 4649; x_wconf 88' lang='lat' dir='ltr'><strong>tiam,</strong></span> <span class='ocrx_word' id='word_1_765' title='bbox 397 4603 417 4637; x_wconf 78' lang='grc' dir='ltr'><strong>ι</strong></span> <span class='ocrx_word' id='word_1_766' title='bbox 459 4586 685 4653; x_wconf 77' lang='lat' dir='ltr'><strong>fratres;</strong></span> <span class='ocrx_word' id='word_1_767' title='bbox 730 4605 750 4638; x_wconf 78' lang='grc' dir='ltr'><strong>ι</strong></span> <span class='ocrx_word' id='word_1_768' title='bbox 784 4596 841 4641; x_wconf 90' lang='lat' dir='ltr'><strong>et</strong></span> <span class='ocrx_word' id='word_1_769' title='bbox 864 4588 1022 4642; x_wconf 89' lang='lat' dir='ltr'><strong>dico:</strong></span> <span class='ocrx_word' id='word_1_770' title='bbox 1061 4587 1319 4657; x_wconf 83' lang='lat' dir='ltr'><strong>Nunquid</strong></span> <span class='ocrx_word' id='word_1_771' title='bbox 1353 4590 1614 4659; x_wconf 85' lang='lat' dir='ltr'><strong>ignoratis</strong></span> <span class='ocrx_word' id='word_1_772' title='bbox 1655 4592 1783 4660; x_wconf 91' lang='lat' dir='ltr'><strong>quia</strong></span> 
     </span>
    </p>
   </div>
   <div class='ocr_carea' id='block_1_93' title="bbox 220 4674 1783 4750">
    <p class='ocr_par' dir='ltr' id='par_1_93' title="bbox 220 4674 1783 4750">
     <span class='ocr_line' id='line_1_93' title="bbox 220 4674 1783 4750; baseline 0.004 -24"><span class='ocrx_word' id='word_1_773' title='bbox 220 4674 298 4728; x_wconf 75' lang='lat' dir='ltr'><strong>lex</strong></span> <span class='ocrx_word' id='word_1_774' title='bbox 334 4677 618 4749; x_wconf 92' lang='lat' dir='ltr'><strong>unicuique</strong></span> <span class='ocrx_word' id='word_1_775' title='bbox 647 4679 952 4750; x_wconf 85' lang='lat' dir='ltr'><strong>mancipato</strong></span> <span class='ocrx_word' id='word_1_776' title='bbox 982 4689 1038 4734; x_wconf 92' lang='lat' dir='ltr'><strong>et</strong></span> <span class='ocrx_word' id='word_1_777' title='bbox 1084 4680 1339 4734; x_wconf 91' lang='lat' dir='ltr'><strong>servienti</strong></span> <span class='ocrx_word' id='word_1_778' title='bbox 1386 4680 1489 4736; x_wconf 90' lang='lat' dir='ltr'><strong>sibi</strong></span> <span class='ocrx_word' id='word_1_779' title='bbox 1535 4681 1783 4735; x_wconf 77' lang='lat' dir='ltr'><strong>domina-</strong></span> 
     </span>
    </p>
   </div>
   <div class='ocr_carea' id='block_1_94' title="bbox 218 4768 1781 4844">
    <p class='ocr_par' dir='ltr' id='par_1_94' title="bbox 218 4768 1781 4844">
     <span class='ocr_line' id='line_1_94' title="bbox 218 4768 1781 4844; baseline 0.003 -24"><span class='ocrx_word' id='word_1_780' title='bbox 218 4776 321 4832; x_wconf 92' lang='lat' dir='ltr'><strong>tur,</strong></span> <span class='ocrx_word' id='word_1_781' title='bbox 368 4769 509 4825; x_wconf 88' lang='lat' dir='ltr'><strong>sicut</strong></span> <span class='ocrx_word' id='word_1_782' title='bbox 551 4772 635 4825; x_wconf 89' lang='lat' dir='ltr'><strong>vir</strong></span> <span class='ocrx_word' id='word_1_783' title='bbox 662 4768 865 4841; x_wconf 61' lang='lat' dir='ltr'><strong>juncta:</strong></span> <span class='ocrx_word' id='word_1_784' title='bbox 900 4772 1002 4827; x_wconf 88' lang='lat' dir='ltr'><strong>sibi</strong></span> <span class='ocrx_word' id='word_1_785' title='bbox 1048 4770 1160 4844; x_wconf 76' lang='grc'><strong>(44)</strong></span> <span class='ocrx_word' id='word_1_786' title='bbox 1219 4772 1429 4829; x_wconf 90' lang='lat' dir='ltr'><strong>mulieri</strong></span> <span class='ocrx_word' id='word_1_787' title='bbox 1482 4789 1498 4829; x_wconf 89' lang='lat'><strong>:</strong></span> <span class='ocrx_word' id='word_1_788' title='bbox 1541 4783 1596 4828; x_wconf 89' lang='lat' dir='ltr'><strong>et</strong></span> <span class='ocrx_word' id='word_1_789' title='bbox 1643 4772 1781 4827; x_wconf 87' lang='lat' dir='ltr'><strong>sicut</strong></span> 
     </span>
    </p>
   </div>
   <div class='ocr_carea' id='block_1_95' title="bbox 215 4859 1784 4932">
    <p class='ocr_par' dir='ltr' id='par_1_95' title="bbox 215 4859 1784 4932">
     <span class='ocr_line' id='line_1_95' title="bbox 215 4859 1784 4932; baseline 0 -18"><span class='ocrx_word' id='word_1_790' title='bbox 215 4859 267 4914; x_wconf 92' lang='lat' dir='ltr'><strong>in</strong></span> <span class='ocrx_word' id='word_1_791' title='bbox 314 4864 462 4915; x_wconf 90' lang='lat' dir='ltr'><strong>omni</strong></span> <span class='ocrx_word' id='word_1_792' title='bbox 509 4863 619 4917; x_wconf 83' lang='lat' dir='ltr'><strong>vita</strong></span> <span class='ocrx_word' id='word_1_793' title='bbox 650 4878 748 4918; x_wconf 89' lang='lat' dir='ltr'><strong>sua</strong></span> <span class='ocrx_word' id='word_1_794' title='bbox 802 4862 1119 4918; x_wconf 85' lang='lat' dir='ltr'><strong>dominatur</strong></span> <span class='ocrx_word' id='word_1_795' title='bbox 1171 4862 1384 4919; x_wconf 84' lang='lat' dir='ltr'><strong>mulieri</strong></span> <span class='ocrx_word' id='word_1_796' title='bbox 1438 4862 1648 4932; x_wconf 88' lang='lat' dir='ltr'><strong>legibus</strong></span> <span class='ocrx_word' id='word_1_797' title='bbox 1680 4862 1784 4917; x_wconf 90' lang='lat' dir='ltr'><strong>sibi</strong></span> 
     </span>
    </p>
   </div>
   <div class='ocr_carea' id='block_1_96' title="bbox 279 4972 1849 5047">
    <p class='ocr_par' dir='ltr' id='par_1_96' title="bbox 279 4972 1849 5047">
     <span class='ocr_line' id='line_1_96' title="bbox 279 4972 1849 5047; baseline -0.006 -13"><span class='ocrx_word' id='word_1_798' title='bbox 279 4976 320 5011; x_wconf 76' lang='lat'>&quot;</span> <span class='ocrx_word' id='word_1_799' title='bbox 359 4980 515 5034; x_wconf 78' lang='lat' dir='ltr'><strong>Rom.</strong></span> <span class='ocrx_word' id='word_1_800' title='bbox 541 4994 633 5044; x_wconf 91' lang='lat' dir='ltr'><strong>vu,</strong></span> <span class='ocrx_word' id='word_1_801' title='bbox 670 4977 783 5032; x_wconf 77' lang='grc'><strong>1-6.</strong></span> <span class='ocrx_word' id='word_1_802' title='bbox 859 4978 905 5009; x_wconf 69' lang='grc' dir='ltr'><strong>δ’</strong></span> <span class='ocrx_word' id='word_1_803' title='bbox 940 4976 1098 5033; x_wconf 77' lang='lat' dir='ltr'><strong>Rom.</strong></span> <span class='ocrx_word' id='word_1_804' title='bbox 1131 4993 1205 5047; x_wconf 79' lang='lat' dir='ltr'><strong>tv,</strong></span> <span class='ocrx_word' id='word_1_805' title='bbox 1236 4978 1328 5033; x_wconf 72' lang='grc'><strong>24.</strong></span> <span class='ocrx_word' id='word_1_806' title='bbox 1404 4974 1451 5008; x_wconf 67' lang='grc' dir='ltr'><strong>δ’</strong></span> <span class='ocrx_word' id='word_1_807' title='bbox 1478 4972 1639 5030; x_wconf 70' lang='lat' dir='ltr'><strong>Rom.</strong></span> <span class='ocrx_word' id='word_1_808' title='bbox 1676 4987 1772 5041; x_wconf 78' lang='lat' dir='ltr'><strong>VII,</strong></span> <span class='ocrx_word' id='word_1_809' title='bbox 1798 4974 1849 5027; x_wconf 82' lang='lat' dir='ltr'><strong>l.</strong></span> 
     </span>
    </p>
   </div>
   <div class='ocr_carea' id='block_1_97' title="bbox 280 5088 1775 5163">
    <p class='ocr_par' dir='ltr' id='par_1_97' title="bbox 280 5088 1775 5163">
     <span class='ocr_line' id='line_1_97' title="bbox 280 5088 1775 5163; baseline -0.001 -18"><span class='ocrx_word' id='word_1_810' title='bbox 280 5093 389 5163; x_wconf 82' lang='lat'><strong>(37)</strong></span> <span class='ocrx_word' id='word_1_811' title='bbox 415 5093 506 5149; x_wconf 86' lang='lat' dir='ltr'><strong>Sic</strong></span> <span class='ocrx_word' id='word_1_812' title='bbox 537 5092 777 5163; x_wconf 84' lang='lat' dir='ltr'><strong>potiores</strong></span> <span class='ocrx_word' id='word_1_813' title='bbox 801 5108 933 5148; x_wconf 91' lang='lat' dir='ltr'><strong>mss.</strong></span> <span class='ocrx_word' id='word_1_814' title='bbox 969 5092 1161 5148; x_wconf 86' lang='lat' dir='ltr'><strong>nostri.</strong></span> <span class='ocrx_word' id='word_1_815' title='bbox 1192 5090 1333 5163; x_wconf 81' lang='lat' dir='ltr'><strong>Editi</strong></span> <span class='ocrx_word' id='word_1_816' title='bbox 1354 5104 1509 5163; x_wconf 53' lang='lat' dir='ltr'><strong>vero,</strong></span> <span class='ocrx_word' id='word_1_817' title='bbox 1532 5104 1552 5140; x_wconf 75' lang='grc' dir='ltr'><strong>ι</strong></span> <span class='ocrx_word' id='word_1_818' title='bbox 1580 5088 1775 5163; x_wconf 79' lang='lat' dir='ltr'><strong>abono</strong></span> 
     </span>
    </p>
   </div>
   <div class='ocr_carea' id='block_1_98' title="bbox 210 5158 1776 5231">
    <p class='ocr_par' dir='ltr' id='par_1_98' title="bbox 210 5158 1776 5231">
     <span class='ocr_line' id='line_1_98' title="bbox 210 5158 1776 5231; baseline -0.003 -14"><span class='ocrx_word' id='word_1_819' title='bbox 210 5164 336 5218; x_wconf 80' lang='lat' dir='ltr'><strong>Deo.</strong></span> <span class='ocrx_word' id='word_1_820' title='bbox 362 5158 380 5215; x_wconf 69' lang='grc' dir='ltr'><strong>ι</strong></span> <span class='ocrx_word' id='word_1_821' title='bbox 411 5163 507 5218; x_wconf 80' lang='lat' dir='ltr'><strong>Ms.</strong></span> <span class='ocrx_word' id='word_1_822' title='bbox 536 5158 696 5229; x_wconf 83' lang='lat' dir='ltr'><strong>unus,</strong></span> <span class='ocrx_word' id='word_1_823' title='bbox 731 5182 750 5214; x_wconf 81' lang='grc' dir='ltr'><strong>ι</strong></span> <span class='ocrx_word' id='word_1_824' title='bbox 780 5164 846 5216; x_wconf 84' lang='lat' dir='ltr'><strong>ab</strong></span> <span class='ocrx_word' id='word_1_825' title='bbox 871 5163 983 5226; x_wconf 90' lang='lat' dir='ltr'><strong>illo,</strong></span> <span class='ocrx_word' id='word_1_826' title='bbox 1008 5180 1028 5214; x_wconf 74' lang='grc' dir='ltr'><strong>ι</strong></span> <span class='ocrx_word' id='word_1_827' title='bbox 1050 5171 1105 5215; x_wconf 89' lang='lat' dir='ltr'><strong>et</strong></span> <span class='ocrx_word' id='word_1_828' title='bbox 1133 5161 1291 5228; x_wconf 88' lang='lat' dir='ltr'><strong>paulo</strong></span> <span class='ocrx_word' id='word_1_829' title='bbox 1320 5169 1439 5231; x_wconf 86' lang='lat' dir='ltr'><strong>post</strong></span> <span class='ocrx_word' id='word_1_830' title='bbox 1470 5158 1776 5215; x_wconf 67' lang='lat' dir='ltr'><strong>Genebraro</strong></span> 
     </span>
    </p>
   </div>
   <div class='ocr_carea' id='block_1_99' title="bbox 210 5233 1641 5310">
    <p class='ocr_par' dir='ltr' id='par_1_99' title="bbox 210 5233 1641 5310">
     <span class='ocr_line' id='line_1_99' title="bbox 210 5233 1641 5310; baseline -0.007 -23"><span class='ocrx_word' id='word_1_831' title='bbox 210 5238 381 5310; x_wconf 34' lang='lat' dir='ltr'><strong>dus_.A¢_</strong></span> <span class='ocrx_word' id='word_1_832' title='bbox 413 5233 654 5310; x_wconf 78' lang='lat' dir='ltr'><strong>lenitatis</strong></span> <span class='ocrx_word' id='word_1_833' title='bbox 684 5251 701 5284; x_wconf 77' lang='grc' dir='ltr'><strong>ι</strong></span> <span class='ocrx_word' id='word_1_834' title='bbox 738 5246 837 5310; x_wconf 78' lang='lat' dir='ltr'><strong>pr_o</strong></span> <span class='ocrx_word' id='word_1_835' title='bbox 872 5251 891 5284; x_wconf 80' lang='grc' dir='ltr'><strong>ι</strong></span> <span class='ocrx_word' id='word_1_836' title='bbox 920 5233 1190 5310; x_wconf 64' lang='lat' dir='ltr'><strong>sanitatis.</strong></span> <span class='ocrx_word' id='word_1_837' title='bbox 1222 5249 1241 5281; x_wconf 73' lang='grc' dir='ltr'><strong>ι</strong></span> <span class='ocrx_word' id='word_1_838' title='bbox 1264 5300 1277 5310; x_wconf 83' lang='lat'>_</span> <span class='ocrx_word' id='word_1_839' title='bbox 1487 5300 1509 5310; x_wconf 80' lang='lat'>_</span> <span class='ocrx_word' id='word_1_840' title='bbox 1612 5299 1641 5310; x_wconf 29' lang='grc' dir='ltr'><em>Α</em></span> 
     </span>
    </p>
   </div>
   <div class='ocr_carea' id='block_1_100' title="bbox 279 5298 1778 5373">
    <p class='ocr_par' dir='ltr' id='par_1_100' title="bbox 279 5298 1778 5373">
     <span class='ocr_line' id='line_1_100' title="bbox 279 5298 1778 5373; baseline -0.001 -17"><span class='ocrx_word' id='word_1_841' title='bbox 279 5302 387 5373; x_wconf 89' lang='grc'>(58)</span> <span class='ocrx_word' id='word_1_842' title='bbox 429 5304 597 5370; x_wconf 80' lang='lat' dir='ltr'><strong>Alias,</strong></span> <span class='ocrx_word' id='word_1_843' title='bbox 648 5320 669 5355; x_wconf 85' lang='grc' dir='ltr'><strong>ι</strong></span> <span class='ocrx_word' id='word_1_844' title='bbox 701 5298 759 5356; x_wconf 85' lang='grc' dir='ltr'>ιιί</span> <span class='ocrx_word' id='word_1_845' title='bbox 790 5301 1149 5367; x_wconf 87' lang='lat' dir='ltr'><strong>fructillcetis,</strong></span> <span class='ocrx_word' id='word_1_846' title='bbox 1177 5319 1197 5354; x_wconf 74' lang='grc' dir='ltr'><strong>ι</strong></span> <span class='ocrx_word' id='word_1_847' title='bbox 1228 5300 1325 5366; x_wconf 89' lang='lat' dir='ltr'><strong>al.,</strong></span> <span class='ocrx_word' id='word_1_848' title='bbox 1356 5316 1375 5352; x_wconf 79' lang='grc' dir='ltr'><strong>ι</strong></span> <span class='ocrx_word' id='word_1_849' title='bbox 1397 5312 1453 5355; x_wconf 85' lang='grc' dir='ltr'><strong>ιιι</strong></span> <span class='ocrx_word' id='word_1_850' title='bbox 1485 5298 1778 5355; x_wconf 85' lang='lat' dir='ltr'><strong>fructifica-</strong></span> 
     </span>
    </p>
   </div>
   <div class='ocr_carea' id='block_1_101' title="bbox 209 5386 456 5429">
    <p class='ocr_par' dir='ltr' id='par_1_101' title="bbox 209 5386 456 5429">
     <span class='ocr_line' id='line_1_101' title="bbox 209 5386 456 5429; baseline -0.004 -2"><span class='ocrx_word' id='word_1_851' title='bbox 209 5386 403 5429; x_wconf 75' lang='grc' dir='ltr'>ηιιιιιε.</span> <span class='ocrx_word' id='word_1_852' title='bbox 436 5391 456 5426; x_wconf 73' lang='grc' dir='ltr'><strong>ι</strong></span> 
     </span>
    </p>
   </div>
   <div class='ocr_carea' id='block_1_102' title="bbox 275 5438 1778 5512">
    <p class='ocr_par' dir='ltr' id='par_1_102' title="bbox 275 5438 1778 5512">
     <span class='ocr_line' id='line_1_102' title="bbox 275 5438 1778 5512; baseline -0.003 -15"><span class='ocrx_word' id='word_1_853' title='bbox 275 5442 385 5512; x_wconf 86' lang='grc'>(59)</span> <span class='ocrx_word' id='word_1_854' title='bbox 415 5441 588 5506; x_wconf 82' lang='lat' dir='ltr'><strong>Alias,</strong></span> <span class='ocrx_word' id='word_1_855' title='bbox 625 5456 645 5492; x_wconf 73' lang='grc' dir='ltr'><strong>ι</strong></span> <span class='ocrx_word' id='word_1_856' title='bbox 675 5442 957 5512; x_wconf 87' lang='lat' dir='ltr'><strong>passiones</strong></span> <span class='ocrx_word' id='word_1_857' title='bbox 987 5442 1228 5510; x_wconf 88' lang='lat' dir='ltr'><strong>peccati,</strong></span> <span class='ocrx_word' id='word_1_858' title='bbox 1261 5460 1281 5493; x_wconf 77' lang='grc' dir='ltr'><strong>ι</strong></span> <span class='ocrx_word' id='word_1_859' title='bbox 1319 5440 1415 5501; x_wconf 77' lang='lat' dir='ltr'><strong>aL,</strong></span> <span class='ocrx_word' id='word_1_860' title='bbox 1449 5456 1469 5492; x_wconf 75' lang='grc' dir='ltr'><strong>ι</strong></span> <span class='ocrx_word' id='word_1_861' title='bbox 1496 5438 1778 5512; x_wconf 9' lang='lat' dir='ltr'><strong>vitiagpec-</strong></span> 
     </span>
    </p>
   </div>
   <div class='ocr_carea' id='block_1_103' title="bbox 210 5510 1764 5582">
    <p class='ocr_par' dir='ltr' id='par_1_103' title="bbox 210 5510 1764 5582">
     <span class='ocr_line' id='line_1_103' title="bbox 210 5510 1764 5582; baseline -0.002 -19"><span class='ocrx_word' id='word_1_862' title='bbox 210 5510 332 5573; x_wconf 86' lang='lat' dir='ltr'><strong>cati.</strong></span> <span class='ocrx_word' id='word_1_863' title='bbox 354 5510 385 5582; x_wconf 16' lang='lat' dir='ltr'><strong>ﬁt</strong></span> <span class='ocrx_word' id='word_1_864' title='bbox 419 5520 474 5565; x_wconf 89' lang='lat' dir='ltr'><strong>et</strong></span> <span class='ocrx_word' id='word_1_865' title='bbox 507 5510 779 5582; x_wconf 51' lang='lat' dir='ltr'><strong>posteapc</strong></span> <span class='ocrx_word' id='word_1_866' title='bbox 817 5513 1052 5567; x_wconf 86' lang='lat' dir='ltr'><strong>absoluti</strong></span> <span class='ocrx_word' id='word_1_867' title='bbox 1075 5524 1262 5565; x_wconf 84' lang='lat' dir='ltr'><strong>sumus</strong></span> <span class='ocrx_word' id='word_1_868' title='bbox 1287 5526 1317 5565; x_wconf 83' lang='lat' dir='ltr'><strong>a</strong></span> <span class='ocrx_word' id='word_1_869' title='bbox 1347 5512 1460 5581; x_wconf 84' lang='lat' dir='ltr'><strong>lege</strong></span> <span class='ocrx_word' id='word_1_870' title='bbox 1488 5510 1698 5573; x_wconf 78' lang='lat' dir='ltr'><strong>martis,</strong></span> <span class='ocrx_word' id='word_1_871' title='bbox 1747 5526 1764 5560; x_wconf 82' lang='grc' dir='ltr'><strong>ι</strong></span> 
     </span>
    </p>
   </div>
   <div class='ocr_carea' id='block_1_104' title="bbox 210 5581 1245 5639">
    <p class='ocr_par' dir='ltr' id='par_1_104' title="bbox 210 5581 1245 5639">
     <span class='ocr_line' id='line_1_104' title="bbox 210 5581 1245 5639; baseline 0.002 -6"><span class='ocrx_word' id='word_1_872' title='bbox 210 5590 308 5635; x_wconf 85' lang='lat' dir='ltr'><strong>etc.</strong></span> <span class='ocrx_word' id='word_1_873' title='bbox 346 5581 452 5636; x_wconf 88' lang='lat' dir='ltr'><strong>Sed</strong></span> <span class='ocrx_word' id='word_1_874' title='bbox 481 5581 723 5639; x_wconf 80' lang='lat' dir='ltr'><strong>potiores</strong></span> <span class='ocrx_word' id='word_1_875' title='bbox 748 5598 879 5639; x_wconf 82' lang='lat' dir='ltr'><strong>mss.</strong></span> <span class='ocrx_word' id='word_1_876' title='bbox 910 5594 970 5635; x_wconf 91' lang='lat' dir='ltr'><strong>ut</strong></span> <span class='ocrx_word' id='word_1_877' title='bbox 996 5583 1047 5636; x_wconf 92' lang='lat' dir='ltr'><strong>in</strong></span> <span class='ocrx_word' id='word_1_878' title='bbox 1074 5590 1245 5638; x_wconf 82' lang='lat' dir='ltr'><strong>textu.</strong></span> 
     </span>
    </p>
   </div>
   <div class='ocr_carea' id='block_1_105' title="bbox 273 5649 1100 5722">
    <p class='ocr_par' dir='ltr' id='par_1_105' title="bbox 273 5649 1100 5722">
     <span class='ocr_line' id='line_1_105' title="bbox 273 5649 1100 5722; baseline -0.002 -17"><span class='ocrx_word' id='word_1_879' title='bbox 273 5649 381 5722; x_wconf 78' lang='grc' dir='ltr'>(4ο)</span> <span class='ocrx_word' id='word_1_880' title='bbox 414 5649 575 5722; x_wconf 72' lang='lat' dir='ltr'><strong>Editi,</strong></span> <span class='ocrx_word' id='word_1_881' title='bbox 613 5667 635 5703; x_wconf 74' lang='grc' dir='ltr'><strong>ι</strong></span> <span class='ocrx_word' id='word_1_882' title='bbox 665 5653 717 5705; x_wconf 87' lang='lat' dir='ltr'><strong>in</strong></span> <span class='ocrx_word' id='word_1_883' title='bbox 745 5655 1044 5722; x_wconf 82' lang='lat' dir='ltr'><strong>superiore.</strong></span> <span class='ocrx_word' id='word_1_884' title='bbox 1080 5670 1100 5703; x_wconf 75' lang='grc' dir='ltr'><strong>ι</strong></span> 
     </span>
    </p>
   </div>
   <div class='ocr_carea' id='block_1_106' title="bbox 275 5720 1339 5790">
    <p class='ocr_par' dir='ltr' id='par_1_106' title="bbox 275 5720 1339 5790">
     <span class='ocr_line' id='line_1_106' title="bbox 275 5720 1339 5790; baseline -0.001 -18"><span class='ocrx_word' id='word_1_885' title='bbox 275 5720 382 5790; x_wconf 78' lang='grc'>(41)</span> <span class='ocrx_word' id='word_1_886' title='bbox 418 5720 545 5776; x_wconf 74' lang='lat' dir='ltr'><strong>Mss.</strong></span> <span class='ocrx_word' id='word_1_887' title='bbox 571 5720 826 5790; x_wconf 73' lang='lat' dir='ltr'><strong>quidam,</strong></span> <span class='ocrx_word' id='word_1_888' title='bbox 866 5740 884 5773; x_wconf 84' lang='grc' dir='ltr'><strong>ι</strong></span> <span class='ocrx_word' id='word_1_889' title='bbox 921 5721 1285 5776; x_wconf 83' lang='lat' dir='ltr'><strong>conversatio.</strong></span> <span class='ocrx_word' id='word_1_890' title='bbox 1320 5739 1339 5771; x_wconf 84' lang='grc' dir='ltr'><strong>ι</strong></span> 
     </span>
    </p>
   </div>
   <div class='ocr_carea' id='block_1_107' title="bbox 276 5790 1139 5859">
    <p class='ocr_par' dir='ltr' id='par_1_107' title="bbox 276 5790 1139 5859">
     <span class='ocr_line' id='line_1_107' title="bbox 276 5790 1139 5859; baseline -0.005 -10"><span class='ocrx_word' id='word_1_891' title='bbox 276 5790 384 5859; x_wconf 69' lang='grc'>(42)</span> <span class='ocrx_word' id='word_1_892' title='bbox 411 5792 575 5859; x_wconf 86' lang='lat' dir='ltr'><strong>Editi,</strong></span> <span class='ocrx_word' id='word_1_893' title='bbox 613 5808 634 5845; x_wconf 81' lang='grc' dir='ltr'><strong>ι</strong></span> <span class='ocrx_word' id='word_1_894' title='bbox 670 5792 891 5859; x_wconf 83' lang='lat' dir='ltr'><strong>virtute,</strong></span> <span class='ocrx_word' id='word_1_895' title='bbox 928 5810 947 5845; x_wconf 74' lang='grc' dir='ltr'><strong>ι</strong></span> <span class='ocrx_word' id='word_1_896' title='bbox 981 5791 1139 5846; x_wconf 88' lang='lat' dir='ltr'><strong>male.</strong></span> 
     </span>
    </p>
   </div>
   <div class='ocr_carea' id='block_1_108' title="bbox 1892 4576 3469 4647">
    <p class='ocr_par' dir='ltr' id='par_1_108' title="bbox 1892 4576 3469 4647">
     <span class='ocr_line' id='line_1_108' title="bbox 1892 4576 3469 4647; baseline -0.001 -16"><span class='ocrx_word' id='word_1_897' title='bbox 1892 4585 2056 4631; x_wconf 89' lang='lat' dir='ltr'><strong>natur</strong></span> <span class='ocrx_word' id='word_1_898' title='bbox 2088 4578 2141 4631; x_wconf 92' lang='lat' dir='ltr'><strong>in</strong></span> <span class='ocrx_word' id='word_1_899' title='bbox 2174 4577 2392 4633; x_wconf 87' lang='lat' dir='ltr'><strong>homine</strong></span> <span class='ocrx_word' id='word_1_900' title='bbox 2440 4588 2645 4647; x_wconf 84' lang='lat' dir='ltr'><strong>quanto</strong></span> <span class='ocrx_word' id='word_1_901' title='bbox 2702 4587 2944 4645; x_wconf 88' lang='lat' dir='ltr'><strong>tempore</strong></span> <span class='ocrx_word' id='word_1_902' title='bbox 2996 4576 3174 4629; x_wconf 80' lang='lat' dir='ltr'><strong>vivit?</strong></span> <span class='ocrx_word' id='word_1_903' title='bbox 3215 4595 3232 4626; x_wconf 80' lang='grc' dir='ltr'><strong>ι</strong></span> <span class='ocrx_word' id='word_1_904' title='bbox 3263 4587 3316 4630; x_wconf 91' lang='lat' dir='ltr'><strong>ct</strong></span> <span class='ocrx_word' id='word_1_905' title='bbox 3347 4585 3469 4645; x_wconf 84' lang='lat' dir='ltr'><strong>post</strong></span> 
     </span>
    </p>
   </div>
   <div class='ocr_carea' id='block_1_109' title="bbox 1895 4667 3463 4740">
    <p class='ocr_par' dir='ltr' id='par_1_109' title="bbox 1895 4667 3463 4740">
     <span class='ocr_line' id='line_1_109' title="bbox 1895 4667 3463 4740; baseline -0.003 -15"><span class='ocrx_word' id='word_1_906' title='bbox 1895 4672 2013 4725; x_wconf 65' lang='lat' dir='ltr'><strong>haec</strong></span> <span class='ocrx_word' id='word_1_907' title='bbox 2068 4672 2309 4726; x_wconf 87' lang='lat' dir='ltr'><strong>redditur</strong></span> <span class='ocrx_word' id='word_1_908' title='bbox 2349 4672 2479 4726; x_wconf 88' lang='lat' dir='ltr'><strong>illud</strong></span> <span class='ocrx_word' id='word_1_909' title='bbox 2512 4670 2656 4740; x_wconf 85' lang='lat' dir='ltr'><strong>quod</strong></span> <span class='ocrx_word' id='word_1_910' title='bbox 2710 4670 2763 4723; x_wconf 92' lang='lat' dir='ltr'><strong>in</strong></span> <span class='ocrx_word' id='word_1_911' title='bbox 2812 4667 2990 4723; x_wconf 89' lang='lat' dir='ltr'><strong>medio</strong></span> <span class='ocrx_word' id='word_1_912' title='bbox 3038 4668 3302 4723; x_wconf 86' lang='lat' dir='ltr'><strong>insertum</strong></span> <span class='ocrx_word' id='word_1_913' title='bbox 3341 4678 3463 4721; x_wconf 91' lang='lat' dir='ltr'><strong>est:</strong></span> 
     </span>
    </p>
   </div>
   <div class='ocr_carea' id='block_1_110' title="bbox 1898 4758 3464 4828">
    <p class='ocr_par' dir='ltr' id='par_1_110' title="bbox 1898 4758 3464 4828">
     <span class='ocr_line' id='line_1_110' title="bbox 1898 4758 3464 4828; baseline -0.001 -19"><span class='ocrx_word' id='word_1_914' title='bbox 1898 4776 1916 4809; x_wconf 77' lang='grc' dir='ltr'><strong>ι</strong></span> <span class='ocrx_word' id='word_1_915' title='bbox 1950 4761 2260 4814; x_wconf 81' lang='lat' dir='ltr'><strong>Scientibus</strong></span> <span class='ocrx_word' id='word_1_916' title='bbox 2314 4762 2460 4815; x_wconf 88' lang='lat' dir='ltr'><strong>enim</strong></span> <span class='ocrx_word' id='word_1_917' title='bbox 2520 4760 2693 4828; x_wconf 89' lang='lat' dir='ltr'><strong>legem</strong></span> <span class='ocrx_word' id='word_1_918' title='bbox 2757 4761 2968 4827; x_wconf 87' lang='lat' dir='ltr'><strong>loquor.</strong></span> <span class='ocrx_word' id='word_1_919' title='bbox 3016 4774 3036 4809; x_wconf 76' lang='grc' dir='ltr'><strong>ι</strong></span> <span class='ocrx_word' id='word_1_920' title='bbox 3075 4758 3230 4825; x_wconf 89' lang='lat' dir='ltr'><strong>Quod</strong></span> <span class='ocrx_word' id='word_1_921' title='bbox 3283 4767 3464 4813; x_wconf 81' lang='lat' dir='ltr'><strong>autem</strong></span> 
     </span>
    </p>
   </div>
   <div class='ocr_carea' id='block_1_111' title="bbox 1894 4847 3462 4917">
    <p class='ocr_par' dir='ltr' id='par_1_111' title="bbox 1894 4847 3462 4917">
     <span class='ocr_line' id='line_1_111' title="bbox 1894 4847 3462 4917; baseline -0.006 -10"><span class='ocrx_word' id='word_1_922' title='bbox 1894 4853 2029 4907; x_wconf 91' lang='lat' dir='ltr'><strong>dixit</strong></span> <span class='ocrx_word' id='word_1_923' title='bbox 2061 4867 2074 4903; x_wconf 86' lang='lat'><strong>:</strong></span> <span class='ocrx_word' id='word_1_924' title='bbox 2123 4870 2140 4903; x_wconf 84' lang='grc' dir='ltr'><strong>ι</strong></span> <span class='ocrx_word' id='word_1_925' title='bbox 2199 4850 2512 4906; x_wconf 87' lang='lat' dir='ltr'><strong>Scientibus</strong></span> <span class='ocrx_word' id='word_1_926' title='bbox 2550 4848 2724 4917; x_wconf 79' lang='lat' dir='ltr'><strong>legem</strong></span> <span class='ocrx_word' id='word_1_927' title='bbox 2760 4849 2976 4917; x_wconf 91' lang='lat' dir='ltr'><strong>loquor,</strong></span> <span class='ocrx_word' id='word_1_928' title='bbox 3012 4867 3030 4899; x_wconf 76' lang='grc' dir='ltr'><strong>ι</strong></span> <span class='ocrx_word' id='word_1_929' title='bbox 3062 4848 3241 4903; x_wconf 82' lang='lat' dir='ltr'><strong>simile</strong></span> <span class='ocrx_word' id='word_1_930' title='bbox 3271 4858 3357 4903; x_wconf 85' lang='lat' dir='ltr'><strong>est</strong></span> <span class='ocrx_word' id='word_1_931' title='bbox 3389 4847 3462 4901; x_wconf 88' lang='lat' dir='ltr'><strong>illi</strong></span> 
     </span>
    </p>
   </div>
   <div class='ocr_carea' id='block_1_112' title="bbox 1926 4956 3463 5031">
    <p class='ocr_par' dir='ltr' id='par_1_112' title="bbox 1926 4956 3463 5031">
     <span class='ocr_line' id='line_1_112' title="bbox 1926 4956 3463 5031; baseline -0.008 -10"><span class='ocrx_word' id='word_1_932' title='bbox 1926 4969 1971 5000; x_wconf 73' lang='lat'>“</span> <span class='ocrx_word' id='word_1_933' title='bbox 2000 4966 2159 5020; x_wconf 79' lang='lat' dir='ltr'><strong>Rom.</strong></span> <span class='ocrx_word' id='word_1_934' title='bbox 2190 4978 2309 5031; x_wconf 81' lang='lat' dir='ltr'><strong>vni,</strong></span> <span class='ocrx_word' id='word_1_935' title='bbox 2336 4962 2391 5018; x_wconf 82' lang='lat'><strong>9.</strong></span> <span class='ocrx_word' id='word_1_936' title='bbox 2492 4961 2537 4994; x_wconf 76' lang='lat'>&quot;</span> <span class='ocrx_word' id='word_1_937' title='bbox 2572 4960 2732 5014; x_wconf 77' lang='lat' dir='ltr'><strong>Rom.</strong></span> <span class='ocrx_word' id='word_1_938' title='bbox 2765 4976 2859 5025; x_wconf 85' lang='lat' dir='ltr'><strong>vn,</strong></span> <span class='ocrx_word' id='word_1_939' title='bbox 2885 4958 2940 5014; x_wconf 89' lang='lat'><strong>6.</strong></span> <span class='ocrx_word' id='word_1_940' title='bbox 3014 4959 3061 4991; x_wconf 78' lang='lat'>“</span> <span class='ocrx_word' id='word_1_941' title='bbox 3090 4956 3134 5012; x_wconf 89' lang='lat' dir='ltr'><strong>ll</strong></span> <span class='ocrx_word' id='word_1_942' title='bbox 3160 4957 3287 5014; x_wconf 92' lang='lat' dir='ltr'><strong>Cor.</strong></span> <span class='ocrx_word' id='word_1_943' title='bbox 3323 4973 3375 5021; x_wconf 88' lang='lat' dir='ltr'><strong>v,</strong></span> <span class='ocrx_word' id='word_1_944' title='bbox 3406 4956 3463 5011; x_wconf 85' lang='lat'><strong>5.</strong></span> 
     </span>
    </p>
   </div>
   <div class='ocr_carea' id='block_1_113' title="bbox 1960 5072 3461 5150">
    <p class='ocr_par' dir='ltr' id='par_1_113' title="bbox 1960 5072 3461 5150">
     <span class='ocr_line' id='line_1_113' title="bbox 1960 5072 3461 5150; baseline -0.007 -14"><span class='ocrx_word' id='word_1_945' title='bbox 1960 5082 2075 5150; x_wconf 73' lang='grc'>(45)</span> <span class='ocrx_word' id='word_1_946' title='bbox 2112 5077 2386 5132; x_wconf 82' lang='lat' dir='ltr'><strong>Habitum.</strong></span> <span class='ocrx_word' id='word_1_947' title='bbox 2419 5074 2579 5131; x_wconf 87' lang='lat' dir='ltr'><strong>Deest</strong></span> <span class='ocrx_word' id='word_1_948' title='bbox 2611 5076 2665 5130; x_wconf 91' lang='lat' dir='ltr'><strong>in</strong></span> <span class='ocrx_word' id='word_1_949' title='bbox 2694 5073 2879 5141; x_wconf 84' lang='lat' dir='ltr'><strong>editis,</strong></span> <span class='ocrx_word' id='word_1_950' title='bbox 2909 5073 3003 5128; x_wconf 87' lang='lat' dir='ltr'><strong>sed</strong></span> <span class='ocrx_word' id='word_1_951' title='bbox 3035 5072 3343 5127; x_wconf 85' lang='lat' dir='ltr'><strong>restituitur</strong></span> <span class='ocrx_word' id='word_1_952' title='bbox 3391 5086 3461 5125; x_wconf 87' lang='lat' dir='ltr'><strong>ex</strong></span> 
     </span>
    </p>
   </div>
   <div class='ocr_carea' id='block_1_114' title="bbox 1882 5169 2015 5210">
    <p class='ocr_par' dir='ltr' id='par_1_114' title="bbox 1882 5169 2015 5210">
     <span class='ocr_line' id='line_1_114' title="bbox 1882 5169 2015 5210; baseline -0.03 0"><span class='ocrx_word' id='word_1_953' title='bbox 1882 5169 2015 5210; x_wconf 79' lang='lat' dir='ltr'><strong>mss.</strong></span> 
     </span>
    </p>
   </div>
   <div class='ocr_carea' id='block_1_115' title="bbox 1970 5216 2714 5276">
    <p class='ocr_par' dir='ltr' id='par_1_115' title="bbox 1970 5216 2714 5276">
     <span class='ocr_line' id='line_1_115' title="bbox 1970 5216 2714 5276; baseline -0.009 0"><span class='ocrx_word' id='word_1_954' title='bbox 1970 5220 2060 5276; x_wconf 77' lang='grc'><strong>44)</strong></span> <span class='ocrx_word' id='word_1_955' title='bbox 2098 5218 2235 5276; x_wconf 80' lang='lat' dir='ltr'><strong>Sibi.</strong></span> <span class='ocrx_word' id='word_1_956' title='bbox 2264 5218 2424 5274; x_wconf 85' lang='lat' dir='ltr'><strong>Deest</strong></span> <span class='ocrx_word' id='word_1_957' title='bbox 2456 5217 2508 5271; x_wconf 91' lang='lat' dir='ltr'><strong>in</strong></span> <span class='ocrx_word' id='word_1_958' title='bbox 2533 5216 2714 5272; x_wconf 90' lang='lat' dir='ltr'><strong>editis.</strong></span> 
     </span>
    </p>
   </div>
   <div class='ocr_carea' id='block_1_116' title="bbox 1968 5220 3463 5361">
    <p class='ocr_par' dir='ltr' id='par_1_116' title="bbox 1968 5220 3463 5361">
     <span class='ocr_line' id='line_1_116' title="bbox 1970 5220 2714 5276; baseline -0.009 0"><span class='ocrx_word' id='word_1_959' title='bbox 1970 5220 2038 5276; x_wconf 86' lang='grc'><strong>44</strong></span> <span class='ocrx_word' id='word_1_960' title='bbox 2098 5220 2235 5276; x_wconf 82' lang='lat' dir='ltr'><strong>Sibi.</strong></span> <span class='ocrx_word' id='word_1_961' title='bbox 2264 5220 2424 5274; x_wconf 88' lang='lat' dir='ltr'><strong>Deest</strong></span> <span class='ocrx_word' id='word_1_962' title='bbox 2456 5220 2508 5271; x_wconf 92' lang='lat' dir='ltr'><strong>in</strong></span> <span class='ocrx_word' id='word_1_963' title='bbox 2533 5220 2714 5272; x_wconf 90' lang='lat' dir='ltr'><strong>editis.</strong></span> 
     </span>
     <span class='ocr_line' id='line_1_117' title="bbox 1968 5220 3463 5361; baseline -0.006 -14"><span class='ocrx_word' id='word_1_964' title='bbox 1968 5220 2062 5361; x_wconf 70' lang='grc'>45)</span> <span class='ocrx_word' id='word_1_965' title='bbox 2084 5291 2252 5353; x_wconf 80' lang='lat' dir='ltr'><strong>Alias,</strong></span> <span class='ocrx_word' id='word_1_966' title='bbox 2274 5308 2294 5341; x_wconf 76' lang='grc' dir='ltr'><strong>ι</strong></span> <span class='ocrx_word' id='word_1_967' title='bbox 2317 5287 2423 5344; x_wconf 87' lang='lat' dir='ltr'><strong>Sed</strong></span> <span class='ocrx_word' id='word_1_968' title='bbox 2444 5287 2585 5343; x_wconf 89' lang='lat' dir='ltr'><strong>sicut</strong></span> <span class='ocrx_word' id='word_1_969' title='bbox 2602 5288 2684 5341; x_wconf 92' lang='lat' dir='ltr'><strong>vir</strong></span> <span class='ocrx_word' id='word_1_970' title='bbox 2708 5285 2828 5357; x_wconf 85' lang='lat' dir='ltr'><strong>(aL,</strong></span> <span class='ocrx_word' id='word_1_971' title='bbox 2847 5303 2866 5338; x_wconf 79' lang='grc' dir='ltr'><strong>ι</strong></span> <span class='ocrx_word' id='word_1_972' title='bbox 2886 5285 3060 5339; x_wconf 85' lang='lat' dir='ltr'><strong>virum</strong></span> <span class='ocrx_word' id='word_1_973' title='bbox 3088 5280 3228 5352; x_wconf 72' lang='lat' dir='ltr'><strong>t)cui</strong></span> <span class='ocrx_word' id='word_1_974' title='bbox 3255 5281 3463 5354; x_wconf 78' lang='lat' dir='ltr'><strong>legibus</strong></span> 
     </span>
    </p>
   </div>
   <div class='ocr_carea' id='block_1_117' title="bbox 1875 5364 2331 5432">
    <p class='ocr_par' dir='ltr' id='par_1_117' title="bbox 1875 5364 2331 5432">
     <span class='ocr_line' id='line_1_118' title="bbox 1875 5364 2331 5432; baseline -0.013 -11"><span class='ocrx_word' id='word_1_975' title='bbox 1875 5364 2194 5432; x_wconf 47' lang='lat' dir='ltr'><strong>subjecta!)</strong></span> <span class='ocrx_word' id='word_1_976' title='bbox 2225 5369 2331 5415; x_wconf 92' lang='lat' dir='ltr'><strong>etc.</strong></span> 
     </span>
    </p>
   </div>
   <div class='ocr_carea' id='block_1_118' title="bbox 1972 5421 3448 5501">
    <p class='ocr_par' dir='ltr' id='par_1_118' title="bbox 1972 5421 3448 5501">
     <span class='ocr_line' id='line_1_119' title="bbox 1972 5421 3448 5501; baseline 0.001 -21"><span class='ocrx_word' id='word_1_977' title='bbox 1972 5421 2064 5501; x_wconf 66' lang='grc' dir='ltr'><strong>λϐ)</strong></span> <span class='ocrx_word' id='word_1_978' title='bbox 2113 5429 2403 5501; x_wconf 64' lang='grc' dir='ltr'>γινςιιιειπ.</span> <span class='ocrx_word' id='word_1_979' title='bbox 2434 5423 2782 5480; x_wconf 83' lang='lat' dir='ltr'><strong>Desideratur</strong></span> <span class='ocrx_word' id='word_1_980' title='bbox 2809 5425 2861 5481; x_wconf 90' lang='lat' dir='ltr'><strong>in</strong></span> <span class='ocrx_word' id='word_1_981' title='bbox 2889 5423 3043 5501; x_wconf 80' lang='lat' dir='ltr'><strong>libris</strong></span> <span class='ocrx_word' id='word_1_982' title='bbox 3067 5432 3228 5501; x_wconf 69' lang='lat' dir='ltr'><strong>antea</strong></span> <span class='ocrx_word' id='word_1_983' title='bbox 3261 5421 3448 5482; x_wconf 83' lang='lat' dir='ltr'><strong>editis.</strong></span> 
     </span>
    </p>
   </div>
   <div class='ocr_carea' id='block_1_119' title="bbox 1950 5433 3312 5573">
    <p class='ocr_par' dir='ltr' id='par_1_119' title="bbox 1950 5433 3312 5573">
     <span class='ocr_line' id='line_1_120' title="bbox 1972 5433 3312 5501; baseline -0.007 -14"><span class='ocrx_word' id='word_1_984' title='bbox 1972 5433 2064 5501; x_wconf 85' lang='grc'><strong>46)</strong></span> <span class='ocrx_word' id='word_1_985' title='bbox 2113 5433 2403 5483; x_wconf 73' lang='grc' dir='ltr'>γιυειιιειπ.</span> <span class='ocrx_word' id='word_1_986' title='bbox 2434 5433 2782 5480; x_wconf 83' lang='lat' dir='ltr'><strong>Desideratur</strong></span> <span class='ocrx_word' id='word_1_987' title='bbox 2809 5433 2861 5481; x_wconf 89' lang='lat' dir='ltr'><strong>in</strong></span> <span class='ocrx_word' id='word_1_988' title='bbox 2891 5433 3043 5478; x_wconf 81' lang='lat' dir='ltr'><strong>libris</strong></span> <span class='ocrx_word' id='word_1_989' title='bbox 3067 5433 3228 5478; x_wconf 84' lang='lat' dir='ltr'><strong>antea</strong></span> <span class='ocrx_word' id='word_1_990' title='bbox 3261 5435 3312 5478; x_wconf 82' lang='lat' dir='ltr'><strong>et</strong></span> 
     </span>
     <span class='ocr_line' id='line_1_121' title="bbox 1950 5433 3312 5573; baseline -0.003 -22"><span class='ocrx_word' id='word_1_991' title='bbox 1950 5433 2067 5573; x_wconf 48' lang='grc' dir='ltr'><strong>ΣΠ)</strong></span> <span class='ocrx_word' id='word_1_992' title='bbox 2103 5498 2272 5573; x_wconf 65' lang='lat' dir='ltr'><strong>Editi,</strong></span> <span class='ocrx_word' id='word_1_993' title='bbox 2297 5515 2316 5549; x_wconf 79' lang='grc' dir='ltr'><strong>ι</strong></span> <span class='ocrx_word' id='word_1_994' title='bbox 2352 5509 2611 5573; x_wconf 68' lang='lat' dir='ltr'><strong>tanquam</strong></span> <span class='ocrx_word' id='word_1_995' title='bbox 2641 5494 3261 5573; x_wconf 63' lang='lat' dir='ltr'><strong>mortuamreliquistis.</strong></span> <span class='ocrx_word' id='word_1_996' title='bbox 3293 5508 3312 5573; x_wconf 62' lang='grc' dir='ltr'><strong>ι</strong></span> 
     </span>
    </p>
   </div>
   <div class='ocr_carea' id='block_1_120' title="bbox 1878 5562 3457 5643">
    <p class='ocr_par' dir='ltr' id='par_1_120' title="bbox 1878 5562 3457 5643">
     <span class='ocr_line' id='line_1_122' title="bbox 1878 5562 3457 5643; baseline -0.013 -15"><span class='ocrx_word' id='word_1_997' title='bbox 1878 5630 1911 5643; x_wconf 16' lang='grc' dir='ltr'><strong>,ί</strong></span> <span class='ocrx_word' id='word_1_998' title='bbox 1952 5562 2066 5642; x_wconf 77' lang='grc'>(48)</span> <span class='ocrx_word' id='word_1_999' title='bbox 2106 5567 2357 5621; x_wconf 77' lang='lat' dir='ltr'><strong>Alterius.</strong></span> <span class='ocrx_word' id='word_1_1000' title='bbox 2413 5562 2695 5621; x_wconf 77' lang='lat' dir='ltr'><strong>omittitur</strong></span> <span class='ocrx_word' id='word_1_1001' title='bbox 2745 5564 2797 5622; x_wconf 86' lang='lat' dir='ltr'><strong>in</strong></span> <span class='ocrx_word' id='word_1_1002' title='bbox 2845 5565 3009 5621; x_wconf 89' lang='lat' dir='ltr'><strong>editis</strong></span> <span class='ocrx_word' id='word_1_1003' title='bbox 3044 5562 3100 5618; x_wconf 83' lang='lat' dir='ltr'><strong>et</strong></span> <span class='ocrx_word' id='word_1_1004' title='bbox 3130 5563 3192 5619; x_wconf 89' lang='lat' dir='ltr'><strong>in</strong></span> <span class='ocrx_word' id='word_1_1005' title='bbox 3226 5562 3457 5636; x_wconf 59' lang='lat' dir='ltr'><strong>quibus.</strong></span> 
     </span>
    </p>
   </div>
   <div class='ocr_carea' id='block_1_121' title="bbox 1882 5642 2167 5696">
    <p class='ocr_par' dir='ltr' id='par_1_121' title="bbox 1882 5642 2167 5696">
     <span class='ocr_line' id='line_1_123' title="bbox 1882 5642 2167 5696; baseline -0.011 0"><span class='ocrx_word' id='word_1_1006' title='bbox 1882 5642 2006 5696; x_wconf 80' lang='lat' dir='ltr'><strong>dam</strong></span> <span class='ocrx_word' id='word_1_1007' title='bbox 2038 5654 2167 5693; x_wconf 84' lang='lat' dir='ltr'><strong>mss.</strong></span> 
     </span>
    </p>
   </div>
   <div class='ocr_carea' id='block_1_122' title="bbox 1954 5704 3456 5779">
    <p class='ocr_par' dir='ltr' id='par_1_122' title="bbox 1954 5704 3456 5779">
     <span class='ocr_line' id='line_1_124' title="bbox 1954 5704 3456 5779; baseline -0.002 -17"><span class='ocrx_word' id='word_1_1008' title='bbox 1954 5709 2068 5779; x_wconf 84' lang='grc'>(49)</span> <span class='ocrx_word' id='word_1_1009' title='bbox 2102 5708 2270 5777; x_wconf 77' lang='lat' dir='ltr'><strong>Alias,</strong></span> <span class='ocrx_word' id='word_1_1010' title='bbox 2305 5724 2324 5759; x_wconf 77' lang='grc' dir='ltr'><strong>ι</strong></span> <span class='ocrx_word' id='word_1_1011' title='bbox 2354 5706 2460 5762; x_wconf 82' lang='lat' dir='ltr'><strong>Aut</strong></span> <span class='ocrx_word' id='word_1_1012' title='bbox 2490 5706 2753 5777; x_wconf 83' lang='lat' dir='ltr'><strong>ignoratis</strong></span> <span class='ocrx_word' id='word_1_1013' title='bbox 2774 5746 2789 5772; x_wconf 91' lang='lat'><strong>,</strong></span> <span class='ocrx_word' id='word_1_1014' title='bbox 2830 5724 2846 5758; x_wconf 88' lang='grc' dir='ltr'><strong>ι</strong></span> <span class='ocrx_word' id='word_1_1015' title='bbox 2880 5704 3023 5775; x_wconf 88' lang='lat' dir='ltr'><strong>quod</strong></span> <span class='ocrx_word' id='word_1_1016' title='bbox 3075 5713 3261 5776; x_wconf 83' lang='lat' dir='ltr'><strong>postea</strong></span> <span class='ocrx_word' id='word_1_1017' title='bbox 3299 5718 3456 5775; x_wconf 78' lang='lat' dir='ltr'><strong>repe-</strong></span> 
     </span>
    </p>
   </div>
   <div class='ocr_carea' id='block_1_123' title="bbox 1884 5778 2034 5835">
    <p class='ocr_par' dir='ltr' id='par_1_123' title="bbox 1884 5778 2034 5835">
     <span class='ocr_line' id='line_1_125' title="bbox 1884 5778 2034 5835; baseline 0.013 -2"><span class='ocrx_word' id='word_1_1018' title='bbox 1884 5778 2034 5835; x_wconf 91' lang='lat' dir='ltr'><strong>titur.</strong></span> 
     </span>
    </p>
   </div>
  </div>
