3986 6206
439 246 568 302 1071

1887 244 2208 300 ORIGENIS

3548 246 3697 302 1072

439 367 579 434 quod
614 364 775 435 paulo
809 371 925 434 post
979 364 1149 417 dicit:
1197 381 1215 414 ι
1255 362 1469 417 Scimus
1508 371 1688 417 autem
1741 365 2000 432 quoniam
2033 367 2073 421 A
2105 364 2281 418 soluta
2313 372 2396 418 est
2430 378 2458 416 a
2490 363 2607 431 lege
2635 362 2761 416 viri.
2797 380 2814 414 ι
2843 360 2973 428 Qum
3029 371 3207 417 tamen
3262 363 3307 417 si
3355 362 3419 419 de
3470 376 3695 432 aposto-

440 461 520 513 lex
552 457 812 527 spiritalis
845 464 948 511 est.
987 474 1005 505 ›
1043 454 1238 520 Legem
1271 469 1400 507 vero
1432 454 1731 521 spiritalem
1755 467 1873 509 esse
1897 472 2003 508 non

438 551 585 604 solus
618 548 812 603 Paulus
847 546 1051 601 sciebat
1086 545 1222 613 (50),
1255 546 1347 599 sed
1375 554 1429 600 et
1451 545 1506 600 hi
1537 545 1626 614 qui
1652 544 1723 599 ab
1756 546 1873 612 ipso
1903 546 2004 597 im-

438 641 784 697 buebantur:
827 639 915 708 qui
962 649 1143 693 tamen
1173 636 1446 707 spiritales
1487 649 1665 701 erant,
1698 639 1764 691 de
1810 639 2005 709 quibus

438 737 610 789 dicit:
647 754 664 786 ι
699 732 977 803 Spiritalis
1003 740 1182 786 autem
1209 731 1484 787 examinat
1508 732 1687 785 omnia
1722 731 1787 786 ".
1829 751 1846 785 ι
1871 731 2004 785 Nam

437 829 503 882 de
523 827 732 884 Galatia
764 842 869 881 non
908 840 1128 896 possum
1152 824 1500 896 pronuntiare
1529 823 1671 894 quod
1722 824 1899 878 sciant
1926 823 2005 877 Ic-

434 935 554 986 gcm
590 918 887 989 spiritalem
911 933 1050 979 esse,
1073 916 1141 971 de
1170 917 1368 987 quibus
1401 916 1530 971 dicit
1561 934 1575 970 :
1604 933 1624 966 ι
1663 915 1708 968 Ο
1739 914 2002 968 ἱηςοιιεειιί

436 1011 641 1066 (inlata:
687 1009 802 1080 (5i)
837 1008 916 1062 δεῖ
957 1027 976 1061 ι
1011 1007 1123 1063 Nisi
1157 1008 1299 1064 forte
1332 1019 1456 1063 tunc
1489 1007 1715 1063 scierint
1742 1023 1866 1063 cum
1897 1008 2011 1077 spi~

440 1104 542 1158 ritu
573 1110 853 1172 coeperant
878 1116 892 1152 :
918 1101 1011 1155 sed
1044 1114 1151 1154 non
1182 1108 1602 1170 permanserunt
1629 1099 1681 1153 in
1702 1100 1803 1154 hac
1826 1099 2006 1154 scien-

438 1188 533 1251 tia:
563 1196 685 1264 quia
722 1207 886 1249 carne
908 1192 1268 1247 consummati
1303 1199 1448 1245 sunt.
1474 1190 1855 1259 Apostolorum
1876 1206 2007 1246 vero

436 1286 678 1340 doctrina
706 1282 841 1357 (5‘2),
871 1292 924 1338 ct
952 1298 1140 1338 eorum
1185 1282 1277 1352 qui
1313 1281 1383 1336 ab
1411 1282 1544 1352 ipsis
1580 1281 2007 1337 instituebantur

436 1378 501 1429 ad
536 1377 861 1439 docendum,
886 1374 1010 1429 talis
1037 1383 1178 1436 erat,
1212 1388 1332 1443 quae
1361 1373 1582 1428 doceret
1606 1373 1857 1428 homines
1885 1389 2004 1427 ser-

439 1469 553 1523 vire
573 1468 672 1534 legi
705 1485 723 1518 ι
756 1482 861 1520 non
892 1465 945 1520 in
975 1472 1243 1519 vetustate
1271 1464 1488 1528 litterae,
1528 1483 1547 1514 ι
1580 1463 1676 1519 sed
1708 1481 1727 1515 ι
1769 1464 1820 1518 in
1855 1464 2006 1519 novi~

438 1571 549 1615 tate
594 1560 818 1628 spiritus
850 1558 918 1613 δ’.
959 1576 976 1610 ι
1021 1556 1173 1622 Quod
1212 1573 1315 1612 non
1353 1556 1527 1611 solum
1562 1556 1862 1624 apostolos,
1910 1554 2005 1611 sed

436 1664 491 1706 et
524 1653 838 1721 prophetas,
871 1660 919 1703 ct
949 1650 993 1703 si
1030 1649 1120 1717 qui
1162 1658 1319 1702 erant
1348 1657 1477 1702 tunc
1499 1648 1779 1718 sapientes
1805 1648 1857 1702 in
1909 1661 2004 1717 po-

437 1744 564 1811 pqu
597 1743 710 1807 Dei,
743 1741 979 1795 sensisse
1022 1739 1276 1801 arbitror,
1310 1738 1435 1806 quia
1476 1738 1559 1791 lex
1614 1739 1871 1808 spiritalis
1895 1751 2002 1803 est,

439 1833 564 1886 licet
597 1830 960 1907 multitudinis
995 1843 1157 1881 causa
1192 1828 1356 1881 etiam
1386 1826 1656 1880 carnalem
1688 1827 2005 1883 viderentur

438 1922 838 1977 observantiam
878 1921 1170 1975 custodire.
1222 1920 1329 1974 Nec
1379 1920 1601 1987 mirmn,
1632 1936 1755 1975 cum
1788 1930 1837 1976 et
1890 1922 2004 1989 ipse

441 2015 642 2069 Paulus
693 2013 837 2068 dicat
868 2030 880 2065 :
926 2012 1060 2078 Quia
1097 2031 1114 2063 ι
1148 2012 1322 2067 lactus
1371 2026 1490 2067 sum
1519 2009 1719 2068 Iudaeis
1752 2021 2003 2083 tanquam

437 2106 465 2161 J
491 2107 676 2172 uirens,
703 2115 762 2159 ut
782 2104 994 2159 Judacos
1025 2103 1405 2159 lueritacerem
1432 2104 1500 2158 '°.
1533 2124 1551 2157 ι
1580 2103 1654 2157 Ita
1687 2119 1819 2175 ergo
1850 2105 2002 2159 multi

434 2199 493 2252 iu
524 2196 717 2265 populo
742 2197 920 2267 priore
950 2194 1306 2265 proficiebant
1335 2196 1386 2249 iu
1422 2194 1647 2250 scientia
1671 2195 1924 2266 spiritali,
1952 2206 2007 2250 et

440 2288 694 2342 videbant
742 2286 970 2354 gloriam
1003 2285 1164 2340 Verbi
1216 2286 1330 2352 Dei,
1384 2287 1527 2340 sicut
1574 2285 1746 2341 Isaias
1804 2286 2007 2343 vidisse

437 2377 696 2431 scribitur
728 2376 953 2444 gloriam
982 2374 1105 2431 Filii
1136 2376 1251 2443 Dei,
1283 2386 1342 2431 ut
1376 2385 1605 2433 testatur
1625 2376 1864 2433 Joannes
1880 2393 2003 2433 cum

438 2468 562 2521 dicit
592 2485 635 2522 ει
661 2466 786 2523 Hzcc
803 2478 981 2522 autem
1002 2466 1140 2521 dixit
1170 2465 1357 2532 lsaias,
1377 2467 1593 2536 quando
1625 2467 1759 2523 vidit
1782 2469 2004 2538 gloriam

437 2556 552 2625 ejus
575 2558 638 2610 ἰ.
680 2576 697 2607 ι
735 2555 1047 2611 Scientibus
1071 2570 1203 2625 ergo
1233 2555 1403 2626 legem
1442 2556 1681 2626 loquitur
1711 2558 1925 2624 Paulus,
1955 2560 2006 2613 id

436 2658 520 2703 est
548 2648 843 2703 scientibus
864 2663 983 2716 qua:
1018 2647 1089 2701 sit
1134 2646 1245 2719 (5'5)
1279 2647 1330 2701 in
1366 2647 1484 2716 lege
1513 2657 1760 2704 vetustas
1791 2649 2004 2716 litterze,

437 2749 488 2794 et
517 2738 730 2793 novitas
754 2739 1005 2808 Spiritus;
1044 2740 1186 2806 quod
1230 2738 1322 2806 qui
1356 2739 1493 2793 bene
1521 2740 1646 2805 scit,
1689 2739 1839 2794 novit
1891 2742 2009 2796 sine

436 2827 604 2881 dubio
628 2827 752 2896 quia
792 2827 863 2880 ita
898 2826 980 2881 lex
1014 2826 1328 2881 dominatur
1360 2825 1564 2880 homini
1596 2825 1832 2894 quandiu
1853 2825 2034 2891 vivit,’

438 2920 578 2973 sicut
609 2918 692 2972 vir
728 2917 970 2983 mulieri;
1004 2927 1058 2972 et
1089 2917 1228 2973 sicut
1262 2926 1438 2972 morte
1472 2917 1572 2970 viri
1602 2916 1862 2972 liberatur
1891 2933 2010 2972 mu-

2108 455 2173 508 lis
2199 453 2332 526 (54),
2368 454 2451 507 vel
2479 454 2546 508 de
2573 454 2658 509 his
2688 454 2776 522 qui
2804 468 2869 508 ex
2898 452 3315 507 circumcisione
3335 452 3698 508 crediderunt

2106 546 2249 600 dicta
2286 544 2681 616 intelligantur,
2741 543 2815 598 nil
2850 542 3285 600 commovebitur
3316 542 3647 613 quaestionis
3676 562 3692 598 :

2106 637 2310 692 clarum
2348 652 2578 707 namque
2604 646 2688 691 est
2716 635 2857 707 quod
2889 636 2944 691 bi
3001 636 3172 704 legem
3211 634 3360 689 velut
3385 635 3565 687 virum
3598 633 3695 688 ba-

2110 730 2359 791 buerunt,
2376 728 2476 783 sub
2492 727 2650 796 cujus
2679 736 2954 796 potestate
2978 727 3252 782 vivebant.
3283 725 3393 780 Sed
3417 724 3511 779 ubi
3539 725 3693 779 venit

2108 820 2384 890 plenitudo
2413 828 2709 891 temporum
2737 820 2806 883 ⁵⁸,
2840 818 2925 874 lex
2976 818 3240 872 inﬁrmari
3275 820 3448 885 carpit
3482 815 3537 869 in
3568 829 3695 868 car-

2108 928 2196 975 nc,
2222 924 2276 968 et
2298 912 2668 975 inﬁrmitatem
2688 925 2836 966 mors
2857 917 3148 965 consecuta
3168 916 3272 974 est,
3299 919 3353 961 et
3382 907 3428 962 si
3460 906 3556 976 qui
3576 904 3690 973 (55)
3774 911 3780 915 ‘

2106 1003 2205 1059 sub
2231 1011 2499 1072 potestate
2522 1002 2684 1073 hujus
2711 1001 2813 1055 viri
2863 1001 3109 1055 vixerant
3165 1008 3426 1070 tauquam
3466 996 3691 1061 mulier,

2108 1107 2319 1150 mortua
2372 1095 2554 1151 littera
2589 1095 2805 1164 spiritui
2851 1093 3061 1149 nubunt
3098 1093 3320 1149 Christo
3370 1095 3687 1149 credentes.

2107 1187 2170 1242 lli
2209 1201 2336 1242 vero
2365 1188 2455 1258 qui
2492 1201 2558 1241 ex
2590 1188 2838 1259 gentibus
2891 1187 3121 1242 Domino
3162 1185 3544 1249 crediderunt,
3582 1198 3687 1238 non

2105 1279 2433 1334 videbuntur
2464 1278 2578 1349 (56)
2625 1279 2726 1334 sub
2760 1279 2920 1349 hujus
2978 1278 3105 1342 viri,
3164 1276 3217 1331 id
3250 1284 3336 1331 est
3391 1275 3498 1331 sub
3552 1275 3689 1346 legis

2106 1378 2373 1439 potestate
2403 1370 2625 1436 vixisse,
2664 1385 2762 1425 nec
2793 1371 3049 1425 habuisse
3076 1371 3252 1424 virum
3295 1369 3436 1440 legis
3471 1385 3693 1425 sermo-

2107 1475 2251 1515 nem.
2277 1461 2668 1516 Testimoniqu
2697 1473 2876 1516 autem
2907 1461 3067 1532 hujus
3098 1462 3199 1528 rei,
3236 1462 3285 1516 id
3311 1470 3395 1516 est
3450 1463 3603 1532 quod
3635 1462 3691 1516 hi

2105 1552 2196 1622 qui
2230 1566 2296 1606 ex
2325 1551 2742 1607 circmucisioue
2783 1563 2908 1607 sunt
2940 1555 3038 1608 sub
3089 1552 3207 1606 vir‘o
3233 1553 3459 1617 fuerint,
3492 1554 3549 1608 hi
3587 1570 3689 1607 au-

2110 1654 2214 1699 tem
2251 1643 2343 1712 qui
2378 1658 2445 1697 ex
2490 1644 2742 1711 gentibus
2789 1644 2905 1699 sine
2934 1645 3071 1709 viro,
3101 1644 3268 1700 Isaias
3293 1645 3547 1700 declarat
3595 1630 3682 1700 di:-

2106 1750 2233 1791 cens
2260 1735 2370 1806 (57)
2399 1754 2412 1789 :
2440 1755 2458 1788 ι
2496 1735 2701 1791 Laetare
2723 1737 2923 1792 sterilis
2955 1754 3073 1806 qum
3107 1754 3211 1793 non
3243 1738 3415 1808 paris,
3450 1754 3688 1808 erumpe

2104 1835 2158 1880 et
2177 1826 2346 1880 clama
2376 1842 2494 1895 qua:
2521 1841 2624 1880 non
2655 1828 2926 1894 parturis;
2981 1829 3241 1898 quoniam
3276 1827 3432 1883 multi
3469 1827 3565 1882 lilii
3591 1831 3690 1883 de-

2105 1927 2284 1984 sertae,
2313 1919 2483 1990 magis
2511 1934 2672 1989 quam
2699 1917 2814 1986 ejus
2842 1933 2961 1990 qua:
2994 1919 3156 1973 habet
3182 1921 3356 1974 virum
3381 1921 3451 1975 “.
3490 1938 3512 1972 ι
3552 1920 3689 1974 Mul-

2106 2021 2189 2067 tos
2231 2011 2371 2067 lilios
2393 2012 2522 2067 dicit
2551 2011 2781 2067 desertae
2807 2012 2976 2084 magis
3022 2027 3183 2081 quam
3224 2015 3343 2082 ejus
3367 2028 3491 2082 qua:
3517 2012 3693 2068 habet

2107 2104 2303 2167 virum,
2327 2102 2467 2173 quod
2501 2103 2668 2158 multo
2704 2103 2884 2174 plures
2913 2119 2977 2158 ex
3001 2104 3254 2174 gentibus
3282 2119 3448 2174 quam
3471 2119 3541 2159 ex
3572 2104 3689 2158 cir-

2107 2196 2441 2251 cumcisione
2462 2194 2828 2261 crediderint;
2861 2204 2916 2251 et
2949 2196 3188 2251 ostendit
3212 2210 3330 2251 eam
3364 2210 3487 2265 quae
3518 2194 3692 2249 habet

2109 2288 2305 2351 virum,
2333 2286 2675 2358 Syuagogam
2709 2300 2829 2341 esse
2858 2285 2968 2356 (58)
2991 2299 3109 2355 qua:
3143 2284 3305 2341 habet
3336 2283 3549 2356 legem;
3581 2286 3692 2340 de-

2107 2387 2307 2433 sertam
2342 2394 2492 2443 vero,
2526 2389 2580 2435 et
2612 2394 2832 2449 vagam,
2865 2393 2929 2433 ac
2958 2379 3074 2434 sine
3104 2377 3209 2432 ulla
3243 2385 3517 2447 potestate
3547 2376 3689 2447 legis

2108 2473 2401 2535 viventem,
2441 2471 2681 2541 gentium
2715 2468 3152 2536 multitudinem,
3201 2483 3325 2538 qua:
3381 2476 3438 2522 et
3473 2467 3690 2522 sterilis

2107 2573 2262 2629 erat,
2300 2563 2498 2619 nullius
2528 2561 2754 2635 legitimi
2781 2561 2929 2615 verbi
2960 2561 3243 2631 proferens
3290 2575 3537 2630 germen.
3577 2559 3688 2614 Po—

2108 2656 2253 2709 nitur
2281 2669 2411 2724 ergo
2450 2655 2503 2709 in
2540 2654 2626 2709 his
2655 2652 2722 2708 ab
2769 2652 3027 2720 Apostolo
3079 2651 3241 2706 homo
3292 2651 3387 2720 qui
3431 2650 3534 2706 sub
3566 2649 3691 2721 lege

2108 2748 2258 2810 vivit,
2287 2757 2544 2817 tanquam
2575 2747 2769 2802 mulier
2790 2763 2912 2818 quae
2942 2746 3043 2802 sub
3076 2745 3196 2799 viro
3222 2752 3332 2799 est.
3372 2743 3565 2800 Virum
3593 2758 3691 2797 at:-

2110 2848 2215 2894 tem
2241 2840 2388 2909 ponit
2412 2853 2713 2894 sermonem
2747 2838 2900 2909 legis,
2929 2852 3090 2907 quem
3119 2846 3297 2891 tamen
3330 2835 3506 2889 virum
3536 2848 3693 2888 mor-

2112 2941 2261 2987 tumn
2291 2932 2422 2987 dicit
2453 2931 2590 3004 (59),
2619 2932 2708 3000 qui
2739 2940 2824 2985 est
2857 2929 3156 2984 secundum
3214 2927 3451 2983 litteram
3496 2941 3693 2982 sermo

438 3010 539 3064 lier
561 3028 588 3061 a
623 3009 738 3077 lege
769 3008 934 3078 578
981 3006 1242 3077 coniugii,
1292 3017 1347 3061 et
1399 3007 1641 3061 suciaudi
1676 3020 1737 3061 se
1764 3007 1881 3062 viro
1916 3006 2001 3061 alii

2108 3023 2262 3091 legis.
2300 3021 2407 3077 Sed
2440 3021 2485 3076 is
2517 3019 2790 3091 quomodo
2841 3018 2915 3073 sit
2950 3025 3228 3081 mortuus,
3284 3015 3688 3084 pervidendum

416 3101 634 3169 .accipit
692 3101 1015 3163 libertatem,
1072 3100 1141 3154 ita
1181 3108 1237 3153 et
1264 3098 1444 3153 anima
1486 3097 1638 3167 cujus
1669 3098 1750 3151 vir
1775 3098 1859 3153 lex
1894 3113 1925 3153 e
1960 3107 1997 3159 t,

435 3210 558 3245 cum
599 3201 920 3247 vetustatem
946 3190 1143 3245 littera:
1169 3190 1221 3243 in
1259 3189 1376 3259 lege
1409 3191 1849 3256 deprehenderit,
1873 3191 2000 3260 quia

434 3283 577 3352 quod
612 3281 898 3337 veterascit
925 3296 1090 3352 prope
1118 3280 1500 3336 exterminium
1536 3290 1640 3346 est,
1672 3282 1836 3335 veluti
1858 3297 2000 3335 mor-

436 3384 523 3426 tua
553 3372 654 3427 sibi
682 3371 799 3442 lege
829 3372 1125 3431 secundum
1155 3371 1390 3427 litteram
1423 3372 1619 3443 accipit
1647 3372 1879 3427 nubendi
1907 3373 1998 3427 alii

434 3466 569 3532 viro,
598 3464 687 3534 qui
720 3462 1042 3532 estspiritus
1063 3463 1196 3534 legis
1226 3482 1240 3518 :
1285 3483 1304 3516 ι
1338 3463 1573 3535 Spiritus
1605 3472 1786 3519 autem
1814 3465 1996 3520 Domi-

435 3574 534 3614 nus
582 3558 755 3612 est".
793 3574 814 3611 ι
846 3556 999 3622 Quod
1050 3567 1231 3611 autem
1265 3560 1422 3622 dixit,
1476 3578 1495 3611 ι
1534 3557 1644 3613 Lex
1694 3561 1999 3614 dominatur

433 3649 637 3704 homini
668 3658 872 3718 quanto
906 3658 1147 3718 tempore
1178 3649 1307 3704 vivit
1337 3691 1352 3718 ,
1398 3669 1415 3700 ι
1453 3667 1558 3706 non
1587 3652 1652 3705 ad
1702 3650 1998 3716 hominem,

412 3743 525 3798 .sed
559 3742 626 3796 ad
663 3741 830 3813 legem
867 3741 1255 3802 rel'erturJloc
1282 3744 1426 3799 enim
1453 3743 1584 3799 etin
1618 3744 2002 3812 consequenti-

430 3831 533 3887 bus
564 3832 788 3897 indicat,
828 3833 916 3887 ubi
945 3833 1119 3889 dicit:
1149 3851 1169 3886 ι
1216 3835 1449 3890 Vivente
1489 3834 1606 3888 viro
1650 3833 1864 3905 alligata
1917 3842 2002 3888 est

433 3921 574 3991 legi;
613 3939 631 3975 ι
659 3930 716 3976 et
758 3922 926 3990 ipsius
963 3924 1192 3994 exempli
1224 3924 1368 3995 quod
1401 3936 1740 3994 assumptum
1777 3933 1859 3978 est
1887 3923 1999 3994 plc-

433 4012 553 4064 nius
581 4011 721 4064 idem
745 4013 880 4066 ordo
902 4012 1146 4068 declarat
1185 4030 1200 4067 :
1231 4014 1404 4084 legem
1451 4018 1596 4071 enim
1628 4015 1747 4071 loco
1774 4016 1871 4070 viri
1903 4032 1998 4087 po-

432 4102 560 4166 suit,
591 4110 645 4156 et
667 4101 731 4156 de
763 4103 876 4172 ipsa
905 4103 1035 4157 dicit
1061 4118 1076 4156 :
1105 4123 1124 4156 ι
1149 4104 1204 4159 Si
1233 4116 1411 4160 autem
1431 4116 1673 4163 mortuus
1702 4106 1864 4163 fuerit
1885 4107 1990 4175 vir,

422 4242 429 4249 ’
506 4264 549 4297 ⁸⁷
583 4262 749 4319 lCor.
779 4279 838 4323 tt.
872 4264 956 4319 15.
1058 4264 1105 4297 "
1125 4264 1281 4320 Galat
1316 4281 1350 4330 ι,
1386 4265 1439 4319 3.
1535 4266 1581 4299 ⁴⁹
1609 4268 1763 4322 Rom.
1799 4283 1894 4329 vn,
1922 4267 1976 4322 6.

430 4334 476 4369 "
504 4335 679 4391 Galat.
712 4350 783 4395 tv,
808 4335 861 4389 4.
938 4334 984 4366 ⁸⁸
1012 4333 1133 4423 Isai.
1166 4351 1273 4403 Liv,
1309 4336 1330 4389 l
1359 4351 1374 4401 ;
1407 4335 1584 4392 Galat.
1615 4353 1686 4401 tv,
1718 4337 1807 4391 27.
1883 4338 1930 4371 ⁸⁸
1957 4336 2122 4393 llebr.
2158 4355 2212 4403 x,
2243 4338 2291 4393 l.

2077 4269 2123 4300 ⁸ο
2148 4265 2169 4320 l
2192 4267 2318 4323 Cor.
2348 4284 2426 4329 ix,
2466 4268 2557 4322 20.
2631 4268 2675 4299 ⁵⁸
2699 4266 2864 4322 Joan.
2893 4282 2990 4337 xu,
3010 4266 3099 4325 ll.

2108 3123 2211 3169 est.
2260 3112 2446 3168 Potest
2474 3110 2690 3181 quidem
2722 3111 2884 3165 etiam
2929 3110 2981 3163 in
3016 3110 3120 3164 hoc
3154 3107 3326 3161 videri
3360 3104 3473 3176 (60)
3529 3119 3686 3160 rnor-

2111 3214 2250 3265 tuus,
2296 3218 2420 3257 cum
2464 3202 2726 3273 spiritalis
2760 3200 3119 3270 intelligentia
3171 3196 3412 3253 excludit
3442 3204 3500 3251 et
3534 3194 3690 3251 velut

2108 3293 2368 3348 interimit
2400 3292 2761 3363 corporalem,
2791 3302 2843 3345 et
2877 3292 3115 3346 ostendit
3140 3289 3513 3357 rcl‘ugiendam
3556 3300 3689 3343 esse

2072 3382 2441 3437 'occidentem
2492 3380 2754 3448 litteram,
2805 3391 2861 3435 et
2912 3381 3248 3450 sequendum
3311 3376 3683 3432 viviﬁcantem

2105 3474 2380 3545 spiritum.
2413 3473 2522 3529 Sed
2579 3484 2636 3529 et
2676 3473 2780 3527 hoc
2816 3474 2976 3528 modo
3010 3481 3261 3526 mortuus
3318 3483 3445 3525 esse
3474 3467 3568 3524 hic
3598 3467 3685 3522 vir

2104 3564 2404 3619 evidentius
2428 3563 2835 3634 approbabitur.
2872 3564 3085 3619 Etenim
3112 3562 3283 3617 donec
3307 3564 3396 3616 lex
3426 3561 3681 3615 umbram

2107 3654 2327 3723 gerebat
2359 3653 2663 3709 futurorqu
2687 3656 2953 3709 bonorum
2981 3654 3050 3719 ⁸⁸,
3077 3662 3131 3709 et
3160 3651 3213 3707 in
3235 3650 3539 3707 Jerusalem
3564 3659 3681 3706 ter-

2106 3761 2236 3800 rena
2263 3745 2379 3818 (6|)
2402 3745 2639 3802 caelestis
2670 3746 2897 3801 cultum
2924 3755 3081 3817 typus
3106 3754 3158 3800 et
3215 3745 3396 3814 imago
3446 3744 3681 3814 gereba-

2108 3845 2213 3901 tur,
2240 3847 2291 3890 ct
2327 3837 2497 3892 altare
2530 3840 2808 3901 manebat,
2831 3835 3283 3902 etsacerdotium,
3303 3838 3497 3890 sermo
3515 3834 3675 3904 legis,

2107 3927 2288 3983 littera
2352 3928 2624 3993 videlicet,
2672 3930 2857 3984 vivere
2907 3927 3023 3999 (62)
3071 3928 3375 3983 videbatur.
3422 3925 3675 3981 Nondum

2103 4017 2245 4073 enim
2282 4017 2568 4073 introierat
2589 4018 2643 4073 in
2675 4029 2862 4074 sancta
2882 4032 2986 4073 non
3007 4017 3316 4074 manufacta
3340 4015 3673 4084 Christus“,

2103 4124 2202 4164 nec
2246 4116 2552 4165 accesserat
2594 4109 2659 4164 ad
2703 4108 2947 4165 velamen
2996 4109 3249 4175 interius,
3283 4109 3431 4180 quod
3467 4107 3538 4163 ad
3567 4105 3673 4162 Be-

3173 4268 3220 4300 ⁸³
3240 4265 3280 4322 ll
3309 4269 3439 4326 Cor.
3465 4286 3552 4337 ut,
3580 4274 3667 4329 l7.

2368 4338 2415 4370 "
2438 4338 2604 4393 Hebr.
2635 4352 2713 4403 tx,
2744 4337 2833 4390 24.

502 4469 613 4540 (50)
649 4468 820 4540 Alias,
856 4487 873 4519 ι
910 4467 1105 4540 Legem
1141 4481 1266 4523 vero
1311 4467 1607 4539 spiritalem
1661 4485 1766 4524 non
1818 4469 1990 4523 solum
2028 4476 2068 4531 D
2099 4468 2417 4540 maritaliter
2442 4468 2660 4540 spiritui
2704 4468 2929 4540 nubent.
2962 4487 2983 4520 ι
3021 4466 3128 4523 Sed
3164 4472 3367 4526 rectius
3396 4490 3534 4531 ωδε.
3569 4493 3667 4532 ηο-

432 4538 626 4593 l’attlus
652 4538 875 4592 sciebat.
911 4557 930 4590 ι

500 4606 612 4680 (51)
653 4607 917 4680 Ms._unus
940 4605 1316 4680 Regiusnum.
1344 4607 1474 4680 l6“
1510 4609 1588 4664 sic
1624 4609 1811 4680 habet,
1844 4625 1862 4657 σ
1898 4607 1990 4675 qui

432 4676 614 4733 tamen
642 4676 915 4747 spiritales
934 4686 1111 4748 erant.
1146 4677 1277 4732 Nam
1306 4678 1359 4748 id
1382 4680 1601 4748 quidam
1629 4678 1878 4748 carnales
1901 4693 1993 4748 ue.-

429 4745 696 4811 sciebant,
758 4749 823 4801 de
857 4745 1054 4815 quibus
1094 4748 1268 4803 dicit:
1303 4746 1347 4803 Ο
1389 4745 1651 4803 iuseusa'ti
1687 4747 1928 4801 Galatae!
1968 4766 1985 4797 ι

426 4816 622 4872 Caneri
654 4831 782 4871 vero
809 4831 937 4869 mss.
968 4826 1021 4869 et
1052 4817 1182 4871 editi
1214 4826 1273 4870 ut
1303 4818 1354 4870 in
1378 4825 1563 4873 nostro
1587 4825 1755 4872 textu.

497 4884 615 4958 (52)
654 4884 951 4958 Μβηυηυε,
994 4903 1013 4935 ε
1046 4885 1423 4958 Apostolorum
1459 4888 1604 4941 enim
1631 4887 1909 4958 doctrina.
1967 4903 1986 4937 ι

430 4954 631 5013 Deinde
656 4955 783 5009 editi
813 4954 1077 5023 plerique,
1099 4974 1118 5006 ι
1142 4957 1554 5011 instruebantur
1574 4957 1640 5012 ad
1665 4957 1988 5020 docendum,

431 5026 555 5081 talis
584 5033 726 5088 erat,
756 5038 874 5092 qua!
896 5024 1077 5086 docet,
1115 5044 1133 5077 ι
1170 5036 1277 5079 etc.

2100 4540 2207 4661 strli)
2246 4549 2301 4593 et
2353 4538 2634 4606 Rabanus,
2668 4557 2687 4589 ε
2732 4539 2947 4606 mulier,
2979 4548 3192 4594 mortua
3222 4540 3403 4596 littera
3454 4546 3665 4615 spiritui

2100 4625 2170 4661 nu
2213 4618 2326 4661 unt.
2371 4629 2390 4660 ι

2098 4618 2326 4663 nubuuL
2371 4629 2390 4660 ι

2170 4677 2489 4749 (56)7Editi,
2528 4695 2548 4728 ‹
2587 4676 2649 4732 lli
2703 4692 2830 4732 vero
2860 4679 2951 4746 qui
2988 4693 3050 4733 ex
3115 4680 3368 4748 gentibus
3420 4685 3665 4740 credide—

2100 4748 2509 4812 runt,’Domino
2542 4749 2909 4811 crediderunt,
2954 4760 3010 4803 et
3035 4766 3142 4804 non
3183 4751 3465 4816 videntur,
3500 4774 3519 4807 ι
3557 4764 3660 4810 εις.

2171 4817 2280 4899 (57)
2322 4818 2419 4899 Ms.
2467 4830 2631 4899 unus,
2663 4835 2694 4899 _r_
2719 4818 2887 4872 Isaias
2910 4819 3057 4873 dabit
3085 4820 3297 4875 dicens.
3334 4841 3355 4873 ι
3384 4821 3663 4889 Rabanus,

2100 4902 2119 4936 ι
2154 4886 2320 4940 Isaias
2349 4887 2621 4941 clamabat
2644 4888 2846 4942 dicens.
2887 4908 2905 4941 ι

2164 4956 2275 5025 (58)
2321 4956 2468 5011 Esse.
2501 4957 2555 5009 In
2592 4957 2754 5011 editis
2774 4958 3067 5011 omittitur.

2163 5025 2275 5111 (69)
2310 5026 2401 5081 Sic
2440 5025 2949 5111 ms'auttusailacteri
2980 5040 3109 5111 vero
3136 5042 3300 5097 mss.;
3334 5028 3591 5111 Rabanps
3612 5041 3663 5087 et

472 5095 616 5217 l19315)
656 5093 746 5149 Sic
776 5108 905 5176 mss2
932 5094 1194 5174 plerique.
1228 5094 1367 5147 Editi
1404 5108 1532 5149 vero
1557 5103 1624 5175 et.
1653 5107 1753 5147 tus.
1798 5107 1940 5173 unus
1970 5109 1985 5149 :
2048 5104 2058 5119 '
2092 5093 2294 5158 editi,c
2341 5095 2624 5177 mortalem
2652 5097 2804 5178 dicit,
2840 5115 2859 5148 ι
2897 5097 3055 5151 male.

435 5181 452 5212 ς
519 5182 583 5217 oc
605 5173 783 5217 autem
803 5162 930 5217 dtctt
950 5163 1267 5217 lsarasouod
1285 5163 1440 5217 (al..¢
1464 5178 1715 5217 ouomam
1736 5164 1986 5217 )lVltillJ
2167 5164 2280 5217 (60)
2315 5165 2477 5217 Ειιιει.
2515 5181 2534 5214 r
2573 5165 2958 5217 providendum
2991 5181 3050 5217 es

519 5161 783 5235 oc'autem
803 5161 1267 5235 dicit’lsaiasquod
1285 5163 1403 5235 (aL,
1423 5183 1440 5215 ‹
1464 5164 1715 5235 quoniam
1736 5173 1784 5231 ι)
1804 5161 1986 5235 vidit.»

427 5246 532 5291 etc.
585 5234 784 5288 Deinde
816 5248 943 5287 mss.
989 5229 1208 5301 quidam
1255 5229 1378 5286 cum
1408 5229 1589 5293 editis,
1634 5248 1653 5282 ι
1684 5229 1993 5287 Seientibus

426 5306 566 5375 enim
591 5302 709 5375 (aL,
734 5322 752 5354 ι
778 5317 907 5375 ergo
927 5302 973 5375 ι)
994 5302 1163 5371 legem
1182 5303 1392 5372 loquor,
1415 5301 1817 5372 inquitPaulus,
1838 5301 1889 5355 id
1910 5312 1993 5356 est

427 5373 724 5428 scientibus
750 5372 875 5440 quia
913 5372 1007 5437 sit,
1039 5391 1057 5425 ι
1098 5382 1204 5427 etc.

497 5442 607 5514 (54)
644 5442 740 5497 Ms.
769 5456 927 5505 unus,
956 5462 974 5494 ι
1003 5441 1147 5514 side
1176 5443 1402 5514 populis.
1442 5462 1461 5495 ι
1492 5442 1599 5507 AL,
1632 5460 1651 5494 ι
1682 5443 1728 5498 si
1754 5442 1820 5498 de
1853 5455 1982 5510 apo-

427 5510 712 5572 stolarum,
752 5530 772 5562 ο
803 5521 931 5576 etc.,
969 5510 1128 5566 male.

498 5578 611 5652 (55)
654 5579 747 5631 Ms.
778 5594 936 5652 tinnis,
966 5600 984 5632 ι
1017 5591 1071 5652 et
1122 5583 1202 5636 sic
1235 5582 1346 5652 qui,
1388 5602 1407 5634 ι
1434 5592 1540 5638 etc.
1578 5581 1784 5637 Deinde
1830 5579 1982 5642 editi,

432 5665 451 5699 ι
476 5647 928 5714 mulier,spiritui
954 5650 1181 5704 nubunt.
1215 5647 1396 5707 i'Mss.
1433 5654 1674 5719 quidam.
1704 5669 1723 5704 ι
1760 5651 1949 5706 mulier
1970 5691 1983 5708 .

2167 5164 2280 5245 (60)
2298 5165 2477 5245 _Editi,
2515 5181 2534 5214 ε
2572 5165 2958 5245 providendum
2991 5176 3095 5220 est.
3140 5165 3323 5222 Potest
3353 5169 3575 5239 quidem
3608 5171 3660 5226 in

2097 5233 2199 5288 hoc
2224 5233 2415 5290 videri.
2457 5252 2475 5283 ι
2504 5236 2707 5291 omisso
2740 5254 2758 5285 ι
2782 5238 2970 5289 etiam.
3003 5253 3021 5285 ο

2146 5301 2255 5379 (6i)
2284 5303 2447 5379 l_3_(_liti,
2482 5325 2499 5356 ι
2521 5316 2591 5379 _et
2629 5307 2911 5363 inhiabant
2936 5307 2990 5379 in
3016 5317 3280 5379 terrena;
3317 5332 3336 5363 ο
3374 5312 3655 5379 Rabanus,

2073 5373 2624 5462 2cet!iriAllierusalem
2655 5386 2889 5462 terrena.
2926 5398 2948 5462 ξ
2976 5378 3341 5462 Ms_s._qu_ida_m
3374 5384 3536 5449 alius,
3569 5406 3589 5437 ι
3609 5373 3661 5441 et

2071 5441 2318 5516 inhiabat
2353 5447 2612 5512 terrenis;
2649 5467 2667 5499 ι
2711 5447 2871 5516 alius,
2900 5458 2956 5504 et
2986 5470 3003 5501 ι
3040 5441 3325 5509 inhiabant
3351 5441 3592 5511 terrena.
3636 5476 3651 5507 ι

2071 5508 2176 5565 Sed
2208 5513 2447 5582 potiores
2478 5508 2608 5571 mss.
2644 5527 2702 5573 ιιι
2730 5520 2782 5572 in
2811 5508 2998 5575 nostro
3031 5529 3204 5576 textu.

2143 5581 2253 5649 (ϐε)
2298 5583 2550 5641 Videlicet
2580 5587 2763 5643 vicere.
2802 5588 2927 5645 Haec
2970 5591 3133 5647 verba
3172 5593 3561 5651 desiderantur
3603 5596 3653 5650 in

2069 5653 2246 5708 editis.
