3986 6206
435 269 576 328 1075

1873 270 2190 332 ORIGENIS

3544 277 3685 332 ιοτθ

439 397 513 452 ob
547 395 602 456 id
629 393 750 456 sine
781 394 949 454 dubio
995 401 1056 448 ut
1097 393 1269 448 etiam
1330 391 1399 446 ad
1449 399 1676 450 rmteros
1731 392 2003 458 homines.
2032 402 2082 462 Α
2109 393 2161 447 in
2191 391 2434 448 novitate
2461 391 2723 468 spiritus,
2763 405 2869 444 non
2910 390 2962 448 in
2990 396 3261 450 vetustate
3293 391 3508 446 litterae.
3564 391 3686 446 Non

435 502 542 546 una
577 500 673 542 eos
699 484 845 542 solos
872 483 963 554 qui
995 497 1059 539 ex
1095 481 1514 538 circumcisione
1539 492 1700 552 sunt,
1731 492 2000 540 tractatus

437 576 546 636 iste
571 576 844 648 pertinere
874 575 1145 632 videatur.
1183 576 1274 631 Ait
1301 590 1433 646 ergo
1460 596 1474 634 :
1507 577 1670 634 «Cum
1699 578 1842 634 enim
1863 592 2005 642 esse-

437 681 559 724 mus
611 665 666 726 in
713 679 942 726 carne.»
1008 664 1076 721 Et
1142 667 1387 736 quidem,
1445 679 1705 736 quantum
1759 669 1824 724 ad
1888 682 2002 724 rem

435 766 668 826 spectat,
695 759 750 816 in
792 772 956 814 carne
991 759 1177 831 utique
1216 761 1424 830 positus
1470 761 1571 819 ista
1604 761 1818 818 dicebat
1853 776 1870 821 :
1909 763 2003 818 sed

440 869 462 904 ο
484 865 607 908 eum
635 851 690 905 in
719 865 885 910 carne
906 868 1172 921 essemus,
1198 873 1218 908 ι
1263 855 1365 910 hoc
1410 864 1494 910 est
1536 871 1656 910 cum
1703 856 2002 912 secundum

434 957 654 1006 carnem
702 945 1050 1014 viveremus,
1105 965 1124 1002 ι
1156 948 1287 1004 vitia
1337 956 1683 1022 peccatorum
1738 963 1858 1018 qua:
1909 962 2006 1018 per

435 1033 604 1104 legem
656 1047 831 1102 erant,
870 1039 1235 1107 operabantur
1297 1039 1350 1095 in
1407 1041 1666 1098 membris
1721 1041 1944 1099 nostris.
1977 1058 1996 1092 ι

434 1124 690 1194 Quaenam
715 1125 796 1182 lex
815 1127 916 1182 ista
941 1139 1024 1184 est
1050 1145 1146 1198 per
1171 1145 1333 1199 quam
1366 1131 1491 1188 vitia
1525 1132 1731 1202 peccati
1765 1145 2000 1200 operan-

437 1224 525 1274 tur
557 1214 708 1286 (76)?
769 1215 1023 1286 Nunquid
1069 1218 1153 1272 lex
1201 1218 1373 1290 Moysi
1403 1220 1569 1276 etiam
1608 1220 1653 1276 si
1705 1217 2000 1276 secundum

433 1306 672 1364 litteram
725 1306 1069 1375 observetur,
1133 1311 1263 1364 vitia
1324 1319 1550 1382 generat
1621 1309 2004 1380 peccatorum?

435 1394 544 1452 Sed
575 1396 628 1452 in
665 1407 858 1468 aperto
885 1407 963 1454 est
1007 1400 1149 1468 quod
1179 1399 1326 1454 illam
1362 1400 1533 1472 legem
1563 1399 1707 1456 dicat
1735 1401 1788 1454 in
1827 1414 2000 1454 mem-

433 1486 573 1554 bris,
601 1501 723 1560 quae
751 1489 958 1544 resistit
989 1489 1101 1561 (77)
1135 1489 1236 1560 legi
1273 1493 1496 1556 mentis,
1531 1491 1598 1548 de
1639 1505 1744 1562 qua
1784 1501 1839 1552 et
1879 1502 2004 1549 ante

436 1575 810 1642 tractavimus,
855 1579 1125 1646 quomodo
1165 1595 1184 1634 ι
1212 1577 1294 1634 lex
1335 1578 1682 1637 subintroivit
1729 1591 1786 1635 ut
1827 1581 2002 1636 abun-

437 1661 592 1718 daret
623 1675 903 1734 peccatum
937 1665 1002 1720 ⁸⁸.
1031 1687 1051 1726 ι
1093 1669 1208 1738 Ipsa
1243 1682 1376 1738 ergo
1397 1669 1482 1734 lex
1512 1679 1596 1726 est
1625 1686 1743 1740 quin
1778 1671 1908 1728 facit
1948 1672 2001 1728 in

2108 485 2251 540 enim
2285 483 2488 546 idcirco
2515 497 2617 540 nos
2641 482 2893 539 Christus
2922 482 3192 538 abstraxit
3233 498 3265 536 a
3294 482 3416 548 lege
3447 485 3685 551 peccati,

2107 585 2169 630 ut
2197 574 2450 630 vetustati
2485 575 2682 632 litterae
2715 574 3044 638 serviamus,
3076 573 3130 628 id
3172 581 3256 628 est
3305 582 3362 626 ut
3393 575 3691 632 circumci-

2107 668 2312 722 sionem
2367 667 2719 737 recipiamus,
2771 674 2825 718 et
2864 662 3102 718 Sabbata
3157 665 3237 718 vel
3297 674 3498 720 caetera
3563 679 3688 732 quse

2109 769 2349 816 vetustas
2384 760 2516 829 legis
2544 760 2736 814 litterae
2762 760 3008 816 continet
3043 776 3058 814 :
3092 758 3188 814 sed
3213 769 3271 812 ut
3297 758 3473 826 legem
3503 756 3601 811 Dei
3631 759 3683 810 iu

2106 854 2329 928 spiritus
2392 853 2633 912 novitate
2668 867 2994 915 servemus,
3028 853 3080 906 id
3141 861 3224 906 est
3295 865 3364 904 ex
3424 849 3687 905 omnibus

2106 944 2302 1018 quzeln
2335 958 2400 998 ea
2433 943 2633 1014 scripta
2682 951 2808 998 sunt
2857 941 3160 1013 spiritalem
3219 955 3434 995 sensum
3472 939 3682 1010 Spiritu

2106 1036 2341 1089 donante
2370 1033 2674 1102 capiamus,
2713 1030 2854 1088 sicut
2891 1040 2948 1085 et
2975 1031 3117 1085 idem
3147 1029 3431 1098 Apostolus
3468 1028 3520 1081 in
3559 1027 3687 1082 aliis

2106 1126 2259 1194 dicit,
2291 1125 2417 1199 quia
2455 1143 2474 1176 r
2503 1123 2753 1178 velamen
2783 1130 2868 1178 est
2893 1120 3126 1192 positum
3166 1120 3220 1174 in
3265 1119 3404 1174 facie
3447 1116 3626 1188 Moysi
3665 1133 3684 1171 :

2104 1230 2227 1272 cum
2287 1224 2468 1270 autem
2523 1228 2817 1269 conversus.
2864 1211 3030 1266 fuerit
3078 1211 3202 1280 quis
3257 1209 3323 1264 ad
3379 1209 3681 1264 Dominum

2106 1306 2386 1363 auferetur
2413 1306 2678 1361 velamen.
2713 1304 2976 1360 Dominus
3004 1303 3150 1358 enim
3180 1301 3402 1371 spiritus
3429 1309 3538 1357 est.
3580 1299 3684 1355 Ubi

2104 1406 2283 1454 autem
2312 1399 2543 1468 spiritus
2585 1397 2819 1462 Domini,
2863 1396 2938 1455 ibi
2965 1395 3189 1455 libertas
3216 1392 3283 1448 “.
3312 1411 3333 1444 ι
3368 1391 3680 1461 Novitatem

2105 1505 2235 1546 sane
2260 1488 2484 1560 spiritus
2507 1489 2624 1544 scio
2654 1487 2916 1558 quosdam
2959 1485 3097 1541 male
3152 1482 3264 1556 (85)
3311 1481 3704 1552 lnteliigentes'

2105 1581 2234 1636 illuc
2277 1581 2538 1648 traxisse,
2579 1591 2640 1635 ut
2676 1581 2922 1636 dicerent
2950 1594 3153 1634 novum
3211 1589 3332 1634 esse
3386 1573 3683 1644 Spiritum,

2108 1681 2364 1742 tanquam
2400 1670 2493 1742 qui
2521 1679 2650 1726 ante
2679 1686 2785 1726 non
2823 1669 3027 1734 fuerit,
3073 1684 3175 1724 nec
3201 1666 3482 1722 veteribus
3515 1665 3684 1718 inno-

434 1751 522 1816 bis
548 1754 637 1824 qui
668 1757 965 1816 secundum
998 1771 1218 1812 carnem
1251 1760 1461 1822 vivunt,
1496 1759 1628 1818 vitia
1652 1770 2001 1830 peccatorum
2035 1748 2080 1814 Β
2108 1763 2276 1819 tuerit
2305 1773 2400 1818 :et
2429 1763 2681 1820 nesciunt
2727 1775 2785 1818 se
2813 1761 2868 1820 in
2915 1763 3020 1816 hoc
3046 1757 3368 1828 gravissime
3419 1755 3688 1824 blasphe-

435 1843 712 1900 abundare
741 1857 800 1902 ut
826 1847 1160 1910 fructilicent
1187 1851 1350 1910 morti
1393 1851 1550 1922 (78).,
1578 1853 1660 1908 Ad
1704 1853 1806 1909 hoc
1843 1869 2001 1908 nam-

435 1951 540 2005 que
577 1945 661 1996 est
715 1936 801 1990 illa
839 1936 921 1994 lex
977 1939 1028 1993 in
1081 1941 1340 1998 membris
1368 1942 1607 2008 nostris,
1655 1952 1712 1996 ut
1743 1943 2004 1999 resistens

436 2025 724 2080 adversum
760 2025 929 2094 legem
957 2026 1152 2084 mentis
1169 2029 1418 2100 captivos
1448 2043 1548 2086 nos
1565 2031 1724 2086 ducat
1749 2041 2000 2100 peccato,

433 2127 488 2172 et
522 2115 622 2176 bos
646 2115 855 2172 fructus
887 2116 1086 2174 otlcrat
1119 2120 1300 2176 morti.
1367 2138 1387 2178 ς
1424 2119 1578 2178 Nunc
1615 2130 1795 2176 autem
1839 2121 1998 2177 soluti

435 2221 624 2264 sumus
656 2223 686 2260 a
717 2207 832 2285 lege
866 2210 1088 2274 mortui,
1125 2211 1178 2264 in
1201 2226 1305 2284 qua
1331 2211 1762 2272 detinebamur.»
1790 2213 1870 2268 Ab
1900 2213 2002 2270 bac

434 2311 564 2370 ergo
585 2297 723 2372 lege,
758 2300 810 2356 in
836 2317 940 2370 qua
970 2302 1370 2368 detinebamur,
1417 2319 1561 2362 nunc
1592 2305 1756 2365 soluti
1790 2321 1998 2366 sumus.

440 2409 458 2450 ς
483 2388 653 2448 Nunc.
679 2409 698 2444 ›
732 2391 1003 2458 Quando?
1030 2392 1160 2450 Sine
1188 2394 1352 2450 dubio
1377 2397 1595 2466 quando
1627 2411 1751 2452 curn
1783 2397 2001 2454 Christo

435 2481 630 2538 mortui
655 2497 864 2550 sumus,
894 2493 948 2540 et
978 2485 1280 2556 consepulti
1305 2486 1354 2542 ei
1387 2485 1501 2560 (79)
1526 2503 1622 2558 per
1653 2488 1998 2557 baptismum,

435 2581 488 2630 ct
516 2572 762 2628 crucifixi
785 2589 909 2632 cum
937 2575 1084 2644 ipso:
1109 2586 1165 2631 et
1203 2578 1324 2634 ideo
1351 2577 1484 2634 dicit
1518 2593 1534 2634 :
1572 2595 1591 2630 ι
1615 2577 1786 2634 Soluti
1812 2593 2000 2636 sumus

435 2679 465 2717 a
500 2663 618 2735 lege
649 2668 845 2730 mortui
875 2667 1009 2738 (80).
1032 2687 1052 2720 ι
1087 2667 1198 2724 Nisi
1233 2669 1375 2726 enim
1410 2669 1534 2740 quis
1565 2680 1810 2730 mortuus
1839 2671 2003 2728 fuerit

435 2771 558 2811 cum
588 2756 832 2820 Christo.
869 2759 936 2816 ab
959 2759 1060 2814 ista
1114 2759 1232 2830 lege
1275 2775 1382 2820 non
1419 2761 1669 2818 solvitur.
1701 2763 1834 2819 Seio
1865 2775 1921 2820 et
1945 2765 1998 2822 in

433 2849 558 2904 aliis
599 2848 1004 2918 exemplaribus
1050 2851 1309 2922 scriptum
1345 2869 1359 2914 ς
1390 2870 1410 2912 t
1440 2855 1480 2908 A
1517 2853 1635 2926 lege
1681 2855 1894 2922 mortis,
1947 2857 1998 2910 iu

436 2954 540 3010 qua
567 2939 944 2995 detinebamur
967 2962 983 3013 ;
1009 2961 1028 2995 ι
1069 2943 1165 3002 sed
1189 2943 1314 3008 hoc,
1362 2944 1413 2998 id
1439 2952 1522 2999 est
1569 2963 1588 2996 ε
1621 2945 1841 3013 mortui,
1873 2965 1893 2998 ι
1946 2955 2000 3000 et

436 3031 618 3090 verius
646 3040 728 3086 est
751 3041 805 3088 et
828 3033 1052 3094 rectius.
1085 3034 1236 3102 Quod
1273 3051 1402 3092 vero
1431 3037 1582 3092 addit
1612 3037 1664 3092 in
1698 3037 1999 3096 conclusio-

437 3139 550 3182 ne:
587 3123 693 3186 «ita
717 3133 776 3180 ut
804 3125 1107 3186 serviamus
1142 3126 1195 3180 in
1232 3128 1474 3184 novitate
1503 3128 1746 3204 spiritus,
1784 3139 1840 3184 et
1892 3145 1996 3186 non

437 3214 490 3270 in
517 3223 786 3270 vetustate
808 3215 1026 3282 litterte,
1063 3235 1082 3272 ο
1115 3220 1258 3286 quod
1282 3219 1400 3276 sine
1421 3219 1582 3273 dubio
1609 3217 1772 3293 580
1798 3221 1862 3275 de
1883 3222 1998 3292 lege

435 3307 630 3368 litterae
662 3309 866 3370 dictum
899 3310 1140 3376 videtur,
1165 3311 1270 3369 hoc
1304 3311 1462 3366 modo
1491 3322 1861 3381 consequente
1884 3313 1997 3383 (8t)

437 3395 661 3467 intelligi
697 3398 918 3466 poterit.
953 3394 1010 3451 In
1041 3413 1208 3453 carne
1247 3398 1469 3468 quidem
1496 3398 1686 3466 positi,
1725 3407 1780 3454 et
1809 3415 1998 3456 secun-

435 3489 566 3564 dum
622 3503 840 3544 carnem
890 3489 1158 3555 viventes,
1207 3499 1427 3561 propter
1467 3501 1811 3559 peccatorum
1847 3493 1998 3558 vitia,

436 3595 558 3649 quae
601 3579 687 3635 lex
717 3579 828 3644 illa,
863 3594 982 3650 quae
1017 3589 1136 3636 erat
1161 3581 1214 3636 in
1256 3581 1517 3638 membris
1549 3583 1776 3650 nostris,
1824 3583 2001 3638 alebat

556 3670 948 3726 fructificarent
996 3673 1192 3735 morti.
1265 3686 1370 3725 non
1429 3680 1736 3742 poteramus
1795 3673 2002 3728 servire

440 3763 660 3834 novitati
701 3763 927 3834 spiritus
971 3765 1092 3818 dum
1129 3763 1216 3818 illa
1250 3762 1337 3817 lex
1380 3763 1745 3818 membrorum
1789 3765 2001 3818 vivebat

437 3855 700 3921 iunohis,
755 3855 886 3921 imo,
940 3856 1066 3910 dum
1114 3870 1214 3912 nos
1253 3853 1551 3911 secundum
1585 3855 1728 3910 illam
1779 3855 2000 3914 viveba-

439 3961 576 4001 mus.
613 3946 712 4000 Ubi
743 3961 872 4001 vero
898 3947 1146 4002 Christus
1184 3963 1281 4016 pro
1327 3951 1484 4006 nobis
1516 3959 1768 4004 mortuus
1810 3958 1913 4016 est,
1945 3955 2001 4002 et

438 4053 536 4092 nos
551 4041 684 4092 'eu'm
716 4039 832 4104 ipso
862 4039 1057 4092 mortui
1091 4055 1278 4095 sumus
1301 4052 1546 4110 peccato,
1573 4040 1784 4096 liberati
1811 4055 2002 4095 sumus

437 4127 553 4199 (82)
583 4143 680 4197 per
710 4128 882 4200 ipsum
912 4144 941 4183 a
977 4129 1090 4200 lege
1122 4133 1332 4200 peccati
1367 4133 1416 4186 in
1453 4148 1559 4203 qua
1592 4133 1999 4198 detinebamur,

438 4229 492 4274 et
525 4232 812 4287 possumus
848 4218 960 4289 jam
992 4221 1197 4280 servire
1238 4220 1338 4290 legi
1393 4223 1520 4288 Dei;
1573 4223 1778 4278 servire
1821 4232 1998 4277 autem

2109 1869 2280 1910 mare.
2311 1853 2431 1924 Ipse
2457 1853 2604 1908 enim
2639 1852 2874 1926 Spiritus
2911 1863 2994 1906 est
3017 1851 3072 1908 in
3094 1849 3232 1916 lege,
3273 1847 3388 1914 ipse
3415 1846 3472 1900 in
3504 1845 3691 1898 Evan-

2108 1943 2270 2013 getio,
2313 1945 2426 2013 ipse
2457 1957 2674 2013 semper
2695 1957 2818 2000 cum
2841 1939 3003 1997 Patre
3031 1949 3085 1996 et
3111 1939 3247 1992 Filio
3275 1947 3382 2003 est,
3430 1943 3490 1991 et
3533 1949 3682 1990 sem-

2106 2050 2204 2106 per
2229 2043 2336 2102 est,
2367 2046 2423 2092 et
2445 2046 2588 2101 erat,
2621 2045 2673 2090 et
2703 2037 2830 2100 erit,
2856 2033 2997 2090 sicut
3022 2031 3184 2087 Pater
3219 2039 3273 2085 et
3316 2029 3510 2085 Filius.
3567 2023 3694 2082 Non

2107 2139 2240 2196 ergo
2272 2126 2388 2194 ipse
2427 2139 2600 2180 novus
2623 2133 2728 2190 est,
2767 2125 2860 2179 sed
2910 2123 3194 2178 credentes
3244 2121 3506 2186 innovat,
3562 2131 3694 2174 cum

2107 2229 2256 2270 eosa
2290 2216 2568 2272 veteribus
2609 2215 2768 2270 malis
2818 2215 2883 2270 ad
2914 2229 3113 2270 novam
3151 2215 3317 2270 vitam
3377 2221 3430 2269 et
3488 2223 3694 2265 novam

2107 2307 2386 2378 religionis
2433 2307 2548 2380 (8i)
2605 2306 2810 2362 Christi
2859 2306 3264 2363 observantiam
3320 2304 3576 2369 adducit,
3639 2311 3696 2356 et

2107 2398 2380 2469 spiritales
2412 2415 2480 2455 ex
2506 2399 2820 2456 carnalibus
2846 2398 2998 2456 facit.

2175 2490 2228 2548 8.
2261 2490 2430 2560 «Quid
2453 2505 2580 2564 ergo
2605 2490 2843 2546 dicemus
2861 2490 3012 2546 lLex
3029 2499 3312 2562 peccatum
3339 2490 3465 2544 est?
3489 2490 3690 2547 Absit.

2107 2580 2213 2638 Sed
2242 2593 2524 2656 peccatum
2563 2596 2668 2638 non
2716 2582 2967 2654 cognovi,
3011 2581 3120 2640 nisi
3159 2595 3257 2652 per
3290 2580 3488 2650 legem.
3542 2579 3682 2635 Nam

2107 2674 2607 2744 concupiscentiam
2659 2673 2964 2730 nesciebam
3014 2673 3118 2730 nisi
3155 2672 3242 2730 lex
3275 2673 3482 2728 diceret
3519 2669 3682 2727 :Nou

2107 2765 2482 2836 concupisces.
2516 2763 2820 2820 Occasione
2857 2773 3039 2818 autem
3083 2771 3302 2832 accepta
3325 2803 3343 2830 ,
3388 2770 3684 2831 peccatum

2107 2871 2204 2927 per
2234 2856 2548 2909 mandatum
2573 2863 2856 2924 operatum
2895 2861 2981 2908 est
3017 2853 3069 2907 in
3103 2869 3188 2908 me
3226 2867 3446 2908 omnem
3477 2867 3684 2907 concu-

2110 2946 2454 3017 piscentiam.
2508 2943 2639 3000 Sine
2689 2945 2805 3016 lege
2857 2946 3001 3000 enim
3061 2955 3342 3015 peccatum
3398 2952 3680 2998 mortuum

2108 3045 2245 3092 crat.
2277 3035 2387 3106 Ego
2409 3045 2591 3090 autem
2621 3035 2868 3090 vivebam
2916 3038 3036 3091 sine
3079 3037 3196 3105 lege
3224 3035 3537 3103 aliquando.
3568 3033 3680 3087 Sed

2107 3128 2194 3182 ubi
2219 3128 2368 3182 venit
2399 3127 2736 3191 mandatum,
2761 3137 3039 3198 peccatum
3078 3128 3290 3181 revixit.
3343 3125 3458 3196 Ego
3493 3136 3677 3180 autem

2107 3229 2350 3274 mortuus
2400 3233 2518 3273 sum
2551 3235 2565 3272 ;
2602 3227 2658 3273 et
2707 3219 2986 3273 inventum
3037 3227 3119 3273 est
3156 3217 3282 3271 mihi
3338 3218 3678 3278 mandatum,

2107 3310 2249 3379 quod
2275 3317 2393 3364 erat
2422 3312 2488 3363 ad
2520 3309 2706 3374 vitam,
2734 3310 2835 3364 hoc
2863 3323 2983 3364 esse
3006 3309 3073 3363 ad
3103 3317 3352 3362 mortem.
3385 3304 3679 3361 Peccatum

2107 3402 2250 3459 enim
2285 3403 2576 3457 occasione
2603 3409 2827 3472 accepta
2859 3414 2956 3470 per
2984 3401 3296 3456 mandatum
3321 3401 3540 3455 seduxit
3565 3413 3679 3463 me,

2110 3503 2165 3548 et
2195 3506 2291 3562 per
2319 3492 2450 3554 illud
2500 3492 2721 3547 occidit.
2781 3491 2972 3562 Itaque
3014 3491 3098 3545 lex
3130 3491 3354 3561 quidem
3384 3500 3598 3554 sancta,
3625 3499 3679 3545 et

2110 3584 2420 3640 mandatum
2451 3592 2724 3647 sanctum,
2759 3592 2816 3638 et
2844 3583 3075 3654 justum,
3126 3590 3180 3636 et
3228 3582 3456 3635 bonum.
3519 3580 3680 3648 Quod

2105 3689 2234 3746 ergo
2265 3673 2466 3728 bonum
2498 3684 2600 3739 est,
2632 3674 2763 3728 mihi
2799 3688 2946 3728 mors
2997 3682 3082 3728 est
3125 3671 3286 3743 (85)?
3334 3673 3510 3728 Absit.
3570 3672 3678 3727 Sed

2106 3773 2414 3838 peccatum,
2445 3773 2502 3819 ut
2534 3773 2796 3834 appareat
2829 3774 3144 3834 peccatum,
3175 3779 3272 3834 per
3298 3763 3500 3818 bonum
3539 3767 3676 3820 mibi

2107 3864 2393 3926 operatum
2421 3861 2504 3910 est
2535 3863 2790 3920 mortem,
2821 3863 2879 3909 ut
2911 3853 3006 3908 fiat
3036 3869 3200 3928 supra
3237 3856 3455 3909 modum
3487 3870 3676 3924 pecca-

2109 3954 2195 4002 tor
2240 3947 2414 4016 ipsum
2451 3956 2731 4014 peccatum
2773 3962 2868 4016 per
2921 3947 3238 4000 mandatum
3276 3945 3343 3999 “.
3381 3964 3400 3998 ι
3471 3946 3530 4000 in
3594 3949 3680 4001 his

2108 4035 2243 4092 locis
2286 4035 2495 4104 positos
2543 4035 2741 4090 crebro
2789 4049 2887 4088 nos
2919 4047 3142 4088 necesse
3166 4040 3250 4090 est
3277 4033 3342 4088 de
3373 4032 3551 4101 legum
3587 4033 3674 4086 di-

2109 4126 2460 4182 versitatibus
2486 4138 2836 4181 commouere
2867 4123 3001 4195 (86).
3039 4122 3152 4178 Hoc
3176 4123 3318 4176 enim
3364 4121 3480 4176 vult
3511 4121 3672 4193 581

2107 4218 2306 4275 Paulus
2333 4219 2424 4288 qui
2457 4219 2556 4274 sub
2581 4233 2688 4275 uno
2717 4217 2852 4288 legis
2884 4215 3102 4272 nomine
3129 4230 3344 4271 sensum
3377 4215 3444 4270 de
3475 4231 3580 4270 una
3608 4217 3674 4270 ad

508 4311 554 4348 ⁸⁸
579 4311 733 4366 Rom.
762 4327 816 4378 γ,
853 4311 943 4365 ‘20.
1018 4311 1066 4344 “
1096 4309 1140 4365 ll
1160 4310 1285 4367 Cor.
1317 4328 1398 4376 ιιι,
1443 4313 1628 4368 15-17.
1705 4314 1752 4346 ⁸⁸
1777 4314 1932 4374 Rom.
1963 4329 1999 4364 v

2107 4312 2130 4365 7
2160 4326 2314 4380 seqq.

514 4401 630 4538 (76;
665 4403 814 4456 Alias
847 4419 860 4456 :
907 4419 926 4453 ε
955 4404 1360 4472 uperabantur?
1387 4423 1406 4456 ι

514 4471 599 4538 (77
653 4471 752 4527 Ms.
791 4485 962 4538 unus,
999 4482 1051 4525 et
1081 4474 1208 4530 editi
1241 4491 1256 4527 :
1294 4491 1313 4525 ε
1343 4475 1406 4538 ιρι

512 4471 625 4541 (77)
653 4471 752 4527 Ms.
791 4471 1208 4544 unus,_’etiediti
1241 4491 1256 4527 :
1294 4491 1313 4525 ε
1343 4475 1516 4544 legem
1556 4474 1702 4544 dicat
1728 4473 1999 4544 membro-

441 4557 584 4616 rum,
611 4557 751 4611 qtae,
779 4561 800 4616 ξ
839 4552 946 4596 etc.
978 4541 1235 4616 Rabauus
1262 4561 1276 4596 :
1312 4561 1330 4594 ί
1358 4541 1526 4616 legem
1546 4542 1694 4598 dicat
1724 4543 1778 4597 in
1821 4559 1997 4598 mem-

444 4611 557 4666 bris
591 4613 827 4680 operari,
855 4626 976 4680 qua:
1019 4614 1298 4680 resistat,»
1331 4611 1439 4669 etc'.

510 4679 641 4754 (78)
683 4681 820 4736 Editl
868 4679 886 4732 Ξ
934 4698 953 4731 ι
981 4679 1298 4750 νὶκετίηις»
1360 4692 1415 4738 et
1463 4691 1702 4754 postea:
1745 4699 1766 4735 ι
1812 4679 2005 4738 afferat

440 4752 618 4804 morti.
653 4768 674 4802 ι

506 4819 631 4896 (79)-
661 4818 753 4876 Sic
793 4819 994 4874 rectius
1025 4835 1139 4896 lus.
1179 4837 1318 4878 unus
1367 4821 1567 4896 Regius
1627 4837 1774 4896 num.
1839 4821 1998 4896 l63_9.

438 4889 631 4946 Caiteri
679 4905 818 4959 vero,
845 4904 996 4959 mssa,
1025 4889 1304 4957 Rabanus,
1341 4900 1392 4946 et
1418 4889 1576 4959 editi,
1647 4909 1666 4941 α
1689 4907 1718 4944 a
1753 4889 1894 4958 lege,
1942 4893 1996 4945 in

439 4975 542 5024 qua
572 4947 765 5031 morini
802 4958 939 5030 (aL,
967 4947 1043 5031 «Ἀθ
1078 4960 1194 5029 lege
1212 4947 1683 5031 mortis,i)in'qua
1715 4947 1996 5031 detineba-

442 5028 694 5098 mur-,Ab
723 5028 824 5082 hac
845 5044 976 5096 ergo
1002 5028 1117 5098 lege
1137 5028 1286 5084 nunc
1315 5028 1474 5085 soluti
1511 5028 1698 5084 sumus
1719 5069 1736 5093 ,
1781 5030 1998 5096 quando

439 5099 556 5150 sine
580 5097 744 5152 dubio
773 5113 896 5153 cum
928 5097 1143 5153 Christo
1179 5100 1374 5154 mortui
1402 5114 1588 5156 sumus
1613 5107 1667 5152 ct
1697 5099 1994 5166 consepulti

439 5181 558 5221 cum
589 5181 672 5230 eo,
695 5186 716 5219 ι
746 5177 852 5222 etc.

509 5234 623 5306 (80)
653 5237 792 5291 Editi
823 5251 840 5290 :
875 5254 893 5288 ι
924 5253 950 5290 a
977 5235 1093 5306 lege
1123 5238 1331 5304 mortis,
1357 5255 1375 5288 ι
1413 5237 1571 5292 male.

513 5305 832 5380 (81)Editi,
889 5325 907 5357 ι
945 5305 1408 5380 consequenter”
1467 5307 1661 5362 deinde
1691 5321 1794 5361 ms.
1834 5323 1992 5373 unus,

445 5379 628 5446 «quod
667 5378 719 5430 iu
772 5391 937 5432 carne
978 5377 1193 5445 quidem
1239 5377 1421 5446 positi,
1456 5395 1475 5427 ι
1513 5387 1644 5441 etc.,
1697 5386 1755 5431 et
1807 5388 1992 5446 postea

441 5443 591 5514 editi,
630 5464 648 5496 ι
677 5455 734 5498 ut
765 5443 1116 5502 fructiﬁcaret
1163 5443 1322 5502 morti
1345 5487 1358 5510 ,
1398 5460 1500 5499 nou
1537 5443 1846 5514 poteramus
1878 5461 1994 5502 ser-

442 5511 795 5586 virenovitati
829 5515 1065 5586 Spiritus
1090 5517 1298 5570 Domini
1327 5534 1340 5569 :
1377 5515 1466 5570 illa
1494 5511 1574 5570 lex
1619 5517 1985 5571 rnanhrorum

441 5585 738 5654 vivebatin
769 5585 940 5654 nobis,
972 5588 1022 5639 in
1055 5588 1267 5640 modum
1299 5601 1405 5654 quo
1434 5601 1556 5654 nos,
1580 5604 1598 5638 ι
1631 5596 1738 5642 etc.

513 5648 624 5719 t82)
649 5651 813 5716 Editi,
847 5671 864 5702 ι
891 5651 1045 5709 liberi
1083 5669 1288 5712 sumus.
1317 5648 1337 5707 ἱ
1379 5648 1584 5713 Deinde
1618 5673 1720 5712 ms.
1765 5671 1902 5712 unus
1932 5665 1986 5712 et

2037 4407 2080 4464 Ι)
2111 4404 2386 4462 Rabanus,
2417 4419 2436 4451 ι

2465 4413 2772 4470 possumus.
2793 4417 2812 4451 ι
2839 4397 2994 4470 Alter
3024 4412 3126 4452 ms.
3169 4416 3186 4449 ε
3213 4407 3272 4452 ut
3295 4399 3602 4470 possimus.
3645 4419 3667 4454 ι

2183 4472 2300 4546 (85)
2336 4467 2493 4524 Male.
2537 4471 2698 4546 Deest
2738 4470 2791 4522 in
2847 4467 3192 4546 libr_i_s_antea
3242 4468 3452 4546 editis._
3480 4469 3670 4546 Postea

2108 4536 2238 4594 vero
2275 4536 2372 4608 pro
2419 4556 2438 4592 ι
2466 4549 2522 4593 ιιι
2551 4539 2814 4603 dicerent,
2844 4556 2863 4590 ι
2897 4537 3025 4591 editi
3053 4536 3256 4591 habent
3281 4575 3304 4600 ,
3350 4556 3370 4587 ι
3401 4538 3496 4594 ubi
3525 4541 3672 4595 dice-

2110 4619 2249 4664 rent.
2273 4627 2294 4661 ι

2179 4679 2291 4750 (84)
2325 4677 2420 4750 llis.
2451 4693 2610 4750 unus,
2633 4693 2668 4750 ⁸ς
2693 4673 3018 4750 Christianae
3037 4674 3338 4750 religionis.
3364 4693 3388 4750 ε

2181 4743 2292 4815 (85)
2327 4747 2488 4808 Editi.
2527 4763 2547 4798 ι
2575 4745 2706 4800 mihi
2747 4744 2948 4799 factum
2977 4743 3280 4815 est_mors?
3309 4762 3332 4796 ι
3376 4745 3476 4801 Iis.
3512 4763 3669 4814 unus,

2111 4836 2129 4870 ε
2157 4813 2289 4872 mihi
2316 4817 2514 4871 malum
2557 4815 2676 4872 est?
2704 4834 2728 4868 ι
2769 4816 2876 4870 Sed
2905 4813 3088 4868 caeteri
3134 4827 3268 4868 mss.
3305 4823 3366 4868 ut
3396 4816 3450 4869 in
3484 4813 3671 4874 nostra

2100 4897 2273 4943 ιεχιυ.

2172 4955 2283 5028 (86)
2311 4955 2374 5008 In
2403 4957 2495 5028 his
2524 4955 2656 5028 locis
2683 4957 2883 5023 positos
2914 4952 3095 5007 crebro
3133 4970 3231 5011 nos
3267 4971 3482 5028 necesse
3500 4967 3584 5028 eat
3611 4958 3671 5010 de

2099 5023 2271 5094 legam
2302 5026 2698 5080 divorsimtibus
2729 5041 3078 5094 commouere,
3111 5035 3220 5079 etc.
3267 5023 3384 5080 Huc
3425 5026 3670 5081 referen-

2099 5093 2226 5148 dum
2250 5095 2466 5149 videtur
2487 5094 2850 5164 ingruentqu
2873 5093 3121 5149 Graecum
3143 5096 3287 5163 quod
3306 5109 3337 5147 e
3353 5107 3510 5161 parte
3533 5111 3671 5150 nona

2101 5165 2154 5218 in
2192 5167 2332 5219 hanc
2355 5164 2654 5233 Epistolam
2687 5163 3046 5233 adliornauos
3074 5164 3421 5232 desumptum
3443 5167 3669 5220 exhibet

2101 5245 2264 5304 caput
2295 5231 2494 5288 tinuum
2527 5232 2841 5304 Philocaijia:
2860 5272 2875 5296 ,
2902 5231 3045 5286 unde
3084 5233 3291 5304 iterum
3306 5235 3524 5304 discere
3551 5237 3671 5289 licet

2101 5298 2263 5373 quam
2291 5304 2454 5356 inlida
2477 5304 2546 5358 sit
2570 5302 2754 5356 Rufini.
2768 5303 3141 5373 interpretatio
3164 5320 3178 5356 :
3211 5321 3229 5354 ι
3249 5302 3315 5354 Ti
3338 5298 3434 5356 οὖν
3457 5319 3473 5368 ;
3506 5305 3672 5358 Ὀνό-

2103 5370 2201 5444 po;
2241 5374 2518 5444 ἁμαρτίας
2558 5393 2578 5426 ι
2615 5375 2728 5443 Οὐχ
2755 5370 2958 5444 ὥσπερ
2999 5371 3175 5444 eventa
3211 5373 3270 5444 ἓν
3316 5373 3436 5444 ἐστι
3484 5373 3670 5444 νόμβς.

2099 5438 2241 5497 ὀῦτω
2263 5438 2373 5525 3‘69).-
2391 5438 2524 5525 εἷςΔ
2553 5438 2872 5525 ςερῖνόμου
2903 5438 3179 5525 ᾑανῖαχοῦ
3335 5438 3673 5525 Γραφῆέὶλῤ-

2093 5529 2205 5580 γος.
2251 5513 2341 5565 Διὸ
2387 5515 2505 5566 καθ’
2553 5512 2784 5567 exeam
2829 5512 2934 5583 χρὴ
2967 5512 3142 5583 eorum:
3187 5512 3356 5583 αὐτῆς
3397 5512 3673 5583 ἐπιμελῶς

2093 5586 2458 5654 ἐπιστήσαντα
2485 5583 2776 5654 θεωρῆσαμ
2801 5581 2898 5654 νῦν
2924 5581 3023 5654 μὲν
3051 5581 3456 5654 τί-σημᾳενεται
3485 5581 3554 5636 ἑκ

2090 5653 2258 5724 νόμου
2274 5650 2482 5725 φωνῆς,
2508 5650 2608 5706 νῦν
2625 5650 2680 5706 δὲ
2703 5651 2754 5706 τι
2783 5652 2888 5725 χρὴ
2905 5650 2968 5705 τὸ
2990 5650 3230 5704 τθιηῦτόν
3253 5653 3474 5705 ἐννοεῖν.
3511 5650 3666 5707 'Am
