3986 6206
417 212 557 270 1θ79

1879 221 2196 279 ORIGEMS

3541 229 3680 285 i080

417 328 786 386 deferentibus
809 329 861 386 in
888 332 1170 401 propatulo
1200 345 1550 405 ponerentur,
1574 347 1627 392 et
1657 337 1902 406 pedibus,
1927 351 1985 394 ut
2013 352 2060 406 Α
2089 343 2222 399 Cain
2251 351 2533 413 peccatum
2558 359 2715 398 suum
2745 356 2800 400 et
2827 345 2962 399 dixit
2990 361 3004 398 :
3041 363 3059 395 ι
3085 342 3253 412 Maius
3281 353 3362 399 est
3390 359 3678 414 peccatum

414 422 490 477 ita
520 421 773 487 dixerim,
807 423 1171 479 couculcanda
1221 427 1596 482 traderentur:
1628 429 1720 483 sed
1753 439 1810 483 ut
1837 468 1854 493 ,
1901 446 1986 485 se-

413 514 651 568 cundum
681 526 744 568 ea
773 527 893 582 quae
918 527 1076 583 supra
1124 530 1220 584 per
1260 518 1546 585 quamdam
1579 518 1985 573 similitudinem

413 602 669 667 diximus,
695 602 1011 672 mysterium
1033 604 1118 659 sui
1142 606 1284 677 regis
1313 607 1378 660 ad
1408 622 1608 677 paucos
1638 618 1694 663 et
1720 608 1988 664 occultius

413 691 738 762 perveniret.
769 691 860 746 Ait
889 692 1111 762 itaque:
1146 714 1163 746 ι
1204 695 1345 762 Quid
1384 711 1514 767 ergo
1557 697 1842 753 dicemus?
1875 697 1986 752 Lex

413 789 698 851 peccatum
751 790 834 838 est
857 783 946 838 “1'
982 803 1002 838 ι
1065 785 1314 851 Putasti,
1370 789 1577 857 inquit,
1615 805 1700 844 me
1755 790 1820 845 de
1870 790 1988 860 lege

413 870 587 944 Moysi
628 872 810 928 dicere
849 875 977 944 quia
1023 889 1305 945 peccatum
1337 879 1461 934 est?
1494 899 1511 930 ι
1546 879 1736 944 Absit,
1764 881 1924 934 absit.
1961 899 1979 932 ι

411 963 497 1019 Ad
533 973 823 1036 utrumque
851 965 1084 1023 sulIiciat
1113 970 1237 1038 quia
1264 986 1437 1040 neque
1463 972 1528 1026 de
1560 971 1874 1043 legeMoysi
1909 972 1985 1026 lo-

412 1071 554 1127 quor
578 1097 594 1123 ,
629 1072 803 1127 neque
833 1059 898 1114 de
934 1061 1042 1128 ipsa
1077 1061 1198 1116 dico
1229 1064 1354 1132 quia
1402 1075 1681 1133 peccatum
1712 1074 1833 1118 est:
1869 1067 1982 1129 sed,

414 1165 436 1200 ι
474 1147 763 1204 Peccatum
795 1166 900 1206 non
929 1153 1157 1222 cognovi
1189 1153 1292 1209 nisi
1330 1169 1427 1224 per
1456 1153 1647 1225 legem.
1686 1153 1816 1208 Nam
1858 1171 1985 1210 con-

412 1245 807 1313 cupiscentiam
835 1245 1162 1310 nesciebam,
1195 1247 1298 1302 nisi
1330 1247 1410 1301 lex
1443 1247 1646 1303 diceret
1673 1267 1685 1300 :
1719 1247 1831 1302 Non
1857 1263 1987 1301 con-

411 1337 660 1405 cupisces
691 1338 757 1391 ⁸⁷.
808 1357 826 1391 ι
859 1337 1124 1409 lntellige,
1160 1339 1352 1408 inquit,
1387 1341 1451 1394 de
1480 1353 1585 1409 qua
1615 1339 1731 1408 lege
1766 1337 1978 1407 loquar,

413 1441 534 1496 qua:
567 1426 679 1499 (89)
725 1429 824 1484 nisi
867 1439 1048 1494 esset,
1090 1439 1372 1497 peccatum
1407 1444 1564 1484 nemo
1607 1437 1982 1498 cognosceret.

409 1517 666 1587 Nunquid
699 1518 865 1590 Moysi
913 1521 996 1573 lex
1047 1529 1132 1574 est
1178 1536 1276 1589 per
1322 1535 1486 1589 quam
1519 1521 1691 1574 Adam
1733 1520 1988 1588 cognovit

410 1620 692 1683 peccatum
727 1629 882 1667 suum
908 1652 925 1677 ,
969 1622 1024 1668 et
1060 1609 1344 1668 abscondit
1376 1626 1436 1667 se
1479 1626 1508 1665 a
1549 1621 1846 1680 conspectu
1880 1610 1985 1664 Do-

412 1703 547 1758 mini
576 1702 622 1736 “
641 1703 667 1757 τ
701 1703 955 1771 Nunquid
983 1702 1153 1774 Moysi
1190 1702 1273 1755 lex
1305 1712 1386 1756 est
1415 1718 1512 1773 per
1534 1718 1697 1772 quam
1723 1703 1980 1772 cognovit

1067 1906 1112 1937 "’
1143 1902 1278 1958 ibid.
1310 1905 1362 1957 7.

484 1904 530 1936 ⁶⁶
571 1901 728 1957 Rom.
774 1917 871 1962 vn,
914 1901 965 1952 7.
1067 1902 1278 1958 "ibid.
1310 1905 1362 1957 7.
1471 1905 1516 1936 ‘°
1555 1903 1690 1960 Gen.
1731 1919 1814 1959 ιιι.
1848 1904 1881 1958 8

413 1974 460 2006 "
491 1971 531 2028 ll
553 1973 679 2034 Cor,
705 1986 789 2038 tn,
808 1973 862 2026 ὅ.

411 2154 621 2225 Moysis
671 2152 842 2225 legem
865 2191 880 2214 ,
917 2166 1037 2221 quae
1084 2152 1313 2225 imperat
1348 2151 1619 2225 facienda
1648 2151 1714 2206 iis
1744 2151 1842 2225 qui
1886 2150 1984 2225 ipsi

413 2221 719 2294 subiacent.
737 2222 861 2294 Hoc
891 2232 1068 2294 autem
1095 2221 1405 2294 declaratur
1437 2221 1486 2274 in
1524 2222 1711 2276 eadem
1744 2221 1981 2294 Epistula

412 2305 469 2350 et
511 2289 595 2348 liis
638 2293 817 2347 verbis
853 2306 868 2344 :
927 2289 1034 2344 Lex
1075 2292 1213 2344 enim
1268 2300 1480 2358 proritet"
1542 2291 1981 2360 transgressiones

411 2365 583 2432 posita
617 2370 731 2427 est,
763 2361 929 2415 donec
959 2361 1152 2432 uenerit
1193 2360 1480 2432 semen_cni
1516 2364 1833 2432 promissum
1873 2370 1982 2422 est,

415 2427 662 2488 ordinata
691 2448 783 2502 per
815 2431 1026 2502 angelos
1065 2431 1118 2483 in
1148 2446 1304 2502 manu
1334 2427 1643 2502 Mediatoris
1672 2428 1978 2502 (Galataltt,

416 2504 541 2572 i9);
593 2511 649 2572 et
691 2501 776 2557 bis
828 2518 842 2555 :
895 2499 1038 2553 Adeo
1087 2511 1140 2572 u_t
1187 2499 1269 2572 lea:
1297 2507 1471 2572 noster
1507 2499 1821 2572 pa'dagogus
1861 2499 1980 2572 (ue;-

415 2569 497 2628 sit
513 2575 568 2627 in
594 2571 884 2632 Christum,
917 2579 970 2622 ut
1009 2586 1074 2623 ea:
1100 2569 1203 2636 [ide
1218 2569 1577 2636 justiﬁcemur
1601 2582 1618 2620 :
1645 2581 1697 2623 at
1726 2570 1814 2622 ubi
1841 2569 1980 2621 venit

417 2643 573 2712 fides,
597 2657 698 2694 non
713 2641 831 2710 jam
845 2639 945 2712 sub
970 2635 1254 2712 ptvdagngo
1275 2635 1475 2712 sumus.
1509 2635 1862 2712 Omnesenim
1884 2636 1981 2712 ﬁlii

417 2703 515 2768 Dei
559 2703 679 2765 estis
711 2703 802 2778 per
823 2703 981 2776 ﬁdem
1010 2709 1062 2778 in
1089 2703 1296 2761 Christo
1330 2705 1457 2778 λεια
1515 2707 1647 2762 ibid.
1835 2703 1976 2772 seq.)

412 2778 575 2850 Legis
583 2776 749 2850 etiam
769 2779 985 2850 nomine
1001 2777 1332 2850 signiﬁcatur
1351 2776 1590 2850 historia_
1588 2777 1726 2850 apud
1742 2776 1986 2850 ΔΜοχειειιι

415 2845 709 2917 descripta,
751 2845 1202 2917 quemadmodum
1234 2861 1386 2917 exbea
1414 2846 1526 2917 ipsa
1553 2845 1788 2917 Epistula
1822 2846 1988 2917 disci-

413 2935 538 2978 mus
580 2914 666 2973 liis
709 2914 889 2972 verbis
937 2934 949 2969 :
1009 2916 1176 2970 Dicite
1220 2915 1384 2976 milii,
1437 2915 1527 2982 qui
1567 2915 1660 2968 sub
1693 2915 1801 2984 lege
1831 2914 1986 2967 uultis

416 3005 547 3054 esse,
580 2987 679 3056 legi
707 3003 810 3042 non
840 2987 1154 3040 auscultatis
1180 3001 1198 3049 ;
1237 2985 1487 3052 scriptum
1509 2987 1744 3056 estenim
1774 2998 1793 3036 :
1817 2985 1987 3036 Abra-

415 3053 541 3112 ham
576 3053 707 3111 dios
747 3056 889 3123 ﬁlios
929 3056 1132 3119 habuit,
1177 3070 1334 3108 unum
1367 3069 1432 3106 ex
1460 3053 1687 3115 ancilla,
1738 3062 1787 3106 et
1823 3069 1984 3106 unum

413 3144 480 3185 ex
501 3129 696 3194 libera;
727 3128 816 3181 sed
834 3127 924 3195 qui
954 3141 1018 3179 ex
1043 3124 1260 3186 ancilla,
1277 3126 1559 3195 secundum
1585 3139 1798 3195 carnem
1816 3134 1984 3195 natus

414 3207 526 3264 est;
569 3198 658 3266 qui
677 3191 862 3266 autem
897 3211 961 3248 ea:
1000 3195 1313 3266 libera,_per
1352 3191 1980 3266 promissionem(Halat.

417 3261 592 3332 ιη’Ξὶ
645 3265 789 3336 seq.)
827 3264 958 3336 Scio,
1006 3275 1058 3319 et
1097 3262 1358 3336 Esalnios
1386 3262 1554 3331 legem
1596 3261 1888 3336 appellari,
1926 3271 1985 3336 ut.

456 3331 637 3390 Ianum
684 3331 875 3391 est-ex
925 3335 992 3389 iis
1047 3356 1058 3388 ;
1110 3331 1179 3386 L't
1237 3331 1514 3399 impleatur
1563 3347 1729 3384 sermo
1787 3333 1876 3398 qui
1928 3332 1983 3385 in

456 3353 637 3390 Ianum
684 3353 769 3391 εει
809 3353 875 3390 ex
926 3353 992 3389 IIS
1047 3356 1058 3388 :
1110 3353 1179 3386 ιι
1237 3353 1514 3399 tmpteatur
1563 3353 1729 3384 sermo
1787 3353 1876 3398 qus
1928 3353 1979 3385 tu

414 3353 526 3474 ενι
563 3406 794 3474 ipsorum
825 3407 1052 3474 scriptus
1081 3414 1156 3456 est
1188 3419 1214 3474 :_
1242 3401 1379 3474 Quia
1421 3403 1638 3474 oderunt
1680 3416 1760 3474 me
1791 3401 1979 3470 gratis.

415 3469 604 3546 (Joan'.
654 3491 747 3541 xv,
798 3469 1068 3546 25).:Sed
1103 3482 1155 3527 et
1197 3471 1348 3546 Isaia;
1375 3470 1685 3546 vaticinium
1711 3469 1980 3546 lex’voea.

417 3539 508 3600 tur
532 3545 601 3599 ab
633 3539 892 3612 Apostolo
914 3543 1125 3599 dicente
1167 3557 1181 3595 :
1217 3540 1284 3594 In
1311 3539 1435 3612 lege
1473 3539 1722 3612 scriptum
1753 3550 1882 3612 est:
1915 3539 1980 3592 Et

413 3616 470 3671 in
505 3616 627 3669 aliis
658 3609 850 3684 linguis
877 3624 922 3668 et
957 3612 1112 3666 labiis
1144 3612 1264 3684 aliis
1303 3609 1492 3684 {aquqr
1527 3609 1897 3684 populo_ltuic,
1932 3620 1980 3661 et

416 3701 580 3747 neque
618 3686 694 3739 sic
733 3677 948 3738 audient
992 3697 1093 3744 me,
1139 3683 1265 3735 dicit
1299 3677 1554 3734 Dominus
1605 3678 1652 3747 (I
1699 3677 1821 3736 Cor.
1870 3695 1978 3740 xw,

412 3749 531 3819 il).
593 3753 773 3809 Inveni
826 3753 969 3808 enim
1015 3752 1069 3805 iu
1106 3752 1309 3819 Aquila:
1341 3749 1815 3817 interpretatione,
1860 3765 1981 3813 qua:

416 3819 544 3883 huic
580 3825 726 3880 dicto
771 3839 834 3877 ex
875 3837 1028 3888 aequo
1073 3821 1482 3888 responderent.
1527 3819 1730 3873 Dicitur
1774 3827 1827 3871 et
1871 3821 1979 3882 lex,

415 3893 722 3950 abstrusior
738 3902 791 3946 et
807 3891 1040 3946 divinior
1061 3891 1194 3956 legis
1217 3890 1590 3957 intelligentia.
1617 3889 1774 3957 sicuti
1807 3889 1856 3941 in
1878 3889 1982 3943 hoc

416 3961 538 4018 loco
591 3977 606 4015 :
655 3961 864 4015 Scimus
908 3961 1043 4012 enim
1095 3959 1257 4027 legent
1304 3956 1416 4011 esse
1467 3956 1754 4025 spiritalem
1805 3957 1976 4027 (Rom.

415 4045 516 4094 VII,
564 4030 669 4096 Η).
721 4029 804 4082 Ad
850 4031 985 4094 limc,
1023 4028 1103 4080 lex
1131 4027 1350 4089 dicitur,
1382 4044 1500 4093 qua:
1519 4027 1812 4096 secundum
1840 4043 1979 4079 com-

415 4095 638 4154 munem
675 4113 917 4158 sensum,
968 4099 1164 4150 anima.-
1195 4097 1351 4148 insita
1380 4108 1495 4162 cst,
1537 4107 1610 4159 et,
1649 4105 1705 4149 ut
1743 4095 1980 4164 loquitur

416 4167 724 4238 Scriptura,
755 4167 1225 4238 inscriptagcordi,
1259 4166 1532 4238 imperans
1556 4182 1676 4238 quae
1707 4165 1977 4238 facienda,

414 4249 470 4295 et
495 4235 689 4294 vetans
711 4253 830 4308 qua;
873 4253 977 4292 non
1009 4235 1276 4308 iacienda,
1308 4235 1530 4308 quod-et
1563 4236 1646 4288 his
1670 4235 1853 4308 verbis
1882 4237 1978 4290 de-

413 4308 656 4374 claratur
711 4305 744 4370 ς’
780 4307 909 4364 Cum
938 4307 1072 4360 enim
1107 4315 1278 4374 gentes
1303 4320 1418 4372 qua:
1442 4305 1603 4372 legent
1628 4321 1729 4357 non
1764 4306 1980 4369 habent,

413 4371 631 4446 natura,
668 4395 786 4449 qua:
827 4377 952 4446 legis
985 4371 1127 4449 sunt,
1159 4371 1407 4449 faciant:
1438 4371 1503 4425 1ιῖ
1534 4377 1620 4449 qui
1669 4373 1833 4442 legem
1857 4392 1980 4449 _no_n

411 4443 630 4511 habent,
674 4443 774 4506 sibi
814 4443 914 4516 ipsi
945 4454 1066 4502 sunt
1112 4445 1216 4516 les,
1261 4445 1349 4513 qui
1381 4447 1658 4516 ostendunt
1694 4443 1978 4516 opuslegis

411 4519 666 4586 scriptum
717 4518 772 4571 in
819 4512 1646 4586 cordibusbsnis,testimonium
1685 4512 1980 4586 perhibente

411 4582 645 4656 ipsorum
687 4587 1006 4650 conscientia
1047 4583 1224 4656 (liont.
1273 4598 1331 4647 ll,
1373 4582 1461 4656 li,
1509 4583 1615 4651 15).
1640 4654 1647 4656 _
1677 4585 1806 4648 Qua:
1834 4585 1978 4636 enim

412 4653 469 4715 in
506 4658 765 4711 cordibus
802 4659 1000 4724 scripta
1046 4664 1128 4706 est
1162 4653 1244 4716 lex
1266 4691 1282 4715 ,
1331 4661 1385 4706 et
1419 4653 1470 4724 in
1504 4654 1756 4724 gentibus
1785 4665 1977 4706 natura

413 4742 534 4794 qua:
576 4727 661 4781 lex
685 4726 840 4796 jubet
869 4722 1194 4778 facientibus
1215 4763 1228 4785 ,
1263 4737 1368 4776 non
1399 4722 1500 4775 alia
1535 4731 1618 4796 est
1643 4722 1709 4776 ab
1743 4738 1829 4796 ea,
1861 4737 1982 4792 qua:

411 4793 707 4851 secundum
743 4809 1087 4849 communem
1131 4807 1346 4850 sensum
1389 4803 1577 4844 natura
1605 4793 1858 4860 inscripta
1899 4801 1981 4844 est

412 4865 640 4936 principi
676 4867 814 4935 parti
847 4875 1065 4927 nostrae,
1097 4872 1152 4916 et
1185 4878 1303 4936 qua:
1330 4862 1573 4936 quotidie
1602 4877 1720 4936 cum
1754 4861 1980 4936 rationis

413 4932 750 5006 perfectione
791 4952 852 4989 ac
891 4934 1356 5006 consummatione
1409 4932 1729 5006 adultiorlit
1764 4941 1817 4986 et
1846 4932 1976 5006 soli-

411 4999 552 5060 dior.
581 5003 680 5062 llic
699 5015 814 5059 erat
843 5005 975 5072 tegis
1004 5001 1343 5070 signiﬁcatus
1376 5011 1430 5058 et
1454 5003 1504 5072 in
1532 5001 1632 5072 hoc
1652 5003 1768 5054 loco
1796 5018 1810 5054 :
1851 4999 1980 5072 Pec-

411 5085 588 5132 catum
632 5092 733 5130 non
765 5068 1200 5139 imputatur—cum
1229 5088 1330 5124 non
1357 5082 1432 5125 est
1457 5071 1540 5122 lea:
1573 5068 1746 5140 (Rom.
1779 5071 1975 5140 v.13);

411 5157 466 5198 et
501 5146 554 5200 in
587 5147 687 5200 hoc
733 5161 749 5198 :
805 5145 1086 5210 Peccatum
1137 5158 1239 5205 non
1280 5140 1494 5212 cognoui
1545 5139 1778 5212 nisibper
1816 5139 1978 5210 legem

413 5213 584 5280 (Rom.
625 5231 716 5280 vtt,
749 5216 834 5284 7);
876 5209 1000 5267 ante
1033 5213 1200 5282 legem
1246 5209 1393 5284 enim
1420 5210 1622 5284 Moysis
1658 5209 1976 5284 imputatum

409 5281 805 5355 estApeccatuu’i
836 5293 889 5339 et.
924 5284 1062 5355 (iam
1077 5281 1101 5346 ,
1122 5292 1175 5335 et
1212 5281 1521 5355 quidiluviu
1555 5281 1972 5355 absorptisunt,

2014 1906 2057 1936 69

2091 452 2290 499 meum,
2315 450 2475 505 quam
2505 445 2563 489 ut
2599 435 2874 504 relinquar
2898 436 2943 467 "
2967 435 2990 488 ?
3023 457 3040 488 ι
3075 439 3182 489 Aut
3211 448 3309 502 per
3337 451 3502 504 quam
3535 435 3682 490 Pha-

2091 541 2184 580 rao
2217 525 2470 595 cognovit
2512 537 2794 594 peccatum
2825 540 3014 588 suum,
3047 535 3101 576 et
3141 524 3315 579 dixit:
3351 542 3371 575 ι
3411 525 3679 580 Dominus

2087 617 2261 686 justus
2293 625 2397 682 est,
2429 631 2530 686 ego
2559 626 2740 670 autem
2783 624 2837 668 et
2879 613 3105 684 populus
3151 629 3302 668 incus
3345 614 3496 682 impii
3521 615 3572 645 '°
3595 614 3620 666 ἲ
3652 634 3672 664 ι

2089 707 2240 772 Quod
2269 707 2313 762 si
2359 707 2412 760 hi
2445 720 2658 770 omnes,
2689 707 2888 776 aliique
2923 706 3192 760 innumeri
3232 716 3358 760 ante
3386 705 3562 777 Moysi
3599 706 3678 760 le-

2089 815 2207 866 gem
2237 807 2611 869 cognoverunt
2658 808 2934 867 peccatum
2981 812 3176 858 suum,
3224 811 3328 849 non
3362 796 3532 866 582
3574 799 3680 853 erit.

2090 889 2206 941 sine
2239 888 2399 943 dubio
2435 887 2602 958 Moysi
2639 888 2725 942 lex
2771 889 2836 941 de
2874 901 2978 956 qua
3025 887 3159 940 dicit
3189 886 3506 957 Apostolus,
3546 887 3676 954 quia

2095 997 2110 1028 ι
2149 988 2428 1044 peccatum
2463 992 2568 1031 non
2604 975 2834 1044 cognovi
2868 975 2968 1029 nisi
3013 991 3110 1044 per
3153 975 3324 1041 legem
3353 976 3437 1040 ";
3477 992 3496 1025 ι
3533 977 3678 1028 etde

2089 1083 2192 1136 qua
2230 1067 2357 1121 dicit
2387 1065 2537 1136 (90):
2595 1084 2612 1117 ι
2650 1065 3162 1134 Coucupiscentiam
3208 1065 3524 1120 nesciebam
3575 1066 3673 1119 nisi

2091 1164 2169 1216 lex
2201 1163 2406 1216 diceret
2437 1178 2450 1214 :
2486 1159 2607 1214 Non
2638 1159 2989 1227 concupisces
3016 1175 3030 1222 ;
3069 1177 3087 1208 ι
3125 1157 3218 1212 sed
3243 1166 3330 1212 est
3360 1158 3454 1211 illa
3487 1157 3582 1211 lex
3611 1161 3676 1210 de

2088 1272 2190 1324 qua
2220 1252 2530 1322 frequenter
2557 1250 2792 1304 diximus
2813 1289 2827 1313 ,
2859 1263 2977 1316 qua:
3007 1247 3060 1302 iu
3108 1249 3384 1302 hominum
3414 1249 3678 1301 cordibus

2095 1365 2112 1396 ι
2145 1345 2347 1414 scripta
2371 1354 2476 1406 est,
2495 1356 2597 1395 non
2625 1349 2949 1405 atramento,
2972 1341 3066 1394 sed
3091 1339 3295 1408 Spiritu
3319 1339 3414 1392 Dei
3438 1339 3551 1392 vivi
3571 1339 3672 1402 ",s

2088 1445 2142 1490 et
2177 1436 2336 1490 docet
2360 1445 2797 1502 unumquemque
2828 1432 2957 1501 quid
2989 1432 3260 1501 agendum
3291 1431 3384 1496 sit,
3419 1431 3556 1498 quid
3589 1446 3680 1484 ca-

2095 1525 2344 1579 vendum.
2375 1523 2496 1594 Ipsa
2525 1531 2771 1593 estergo
2821 1535 2918 1591 per
2962 1537 3124 1591 quam
3171 1522 3453 1590 cognoscit
3509 1521 3678 1574 homo

2089 1625 2370 1687 peccatum
2402 1629 2579 1669 suum.
2607 1614 2807 1682 Aperte
2856 1613 2946 1667 hic
2979 1613 3280 1667 naturalem
3331 1611 3514 1681 legem
3543 1612 3680 1666 dicit

2092 1704 2279 1759 tandiu
2310 1702 2546 1773 ignorari
2597 1717 2626 1754 a
2679 1698 3140 1768 nobis,quandiu
3189 1699 3363 1752 aetatis
3413 1712 3679 1766 processu

2593 1899 2636 1928 ⁷⁰
2679 1898 2846 1954 Exod.
2881 1914 2956 1961 ιι,
2993 1896 3080 1950 27.
3186 1897 3230 1929 ⁷¹
3276 1896 3435 1952 Rom.
3474 1914 3575 1961 vn,
3621 1900 3677 1952 7.

2093 1903 2228 1958 Gen.
2286 1917 2358 1968 ιν,
2402 1903 2489 1955 15.

2093 2167 2292 2204 menses
2325 2167 2592 2218 superesse
2623 2161 2674 2206 et
2710 2153 2888 2206 messis
2913 2152 3050 2206 venit
3074 2150 3355 2204 ?Attollite
3379 2150 3586 2214 oculos,
3625 2165 3677 2208 et

2093 2221 2262 2291 uidete
2317 2221 2589 2291 regiones,
2646 2224 2770 2291 quia
2814 2223 2928 2291 jnm
2979 2222 3111 2275 albae
3155 2231 3274 2273 sunt
3323 2226 3392 2272 ad
3453 2238 3676 2276 utesse»!

2093 2289 2274 2360 (Joan.
2330 2305 2422 2354 ιν,
2487 2290 2598 2354 35).
2659 2289 2766 2345 ‘Bis
2816 2289 2975 2345 enim
3028 2291 3220 2344 messis
3252 2291 3609 2360 inominatur
3655 2311 3670 2346 :

2091 2359 2240 2430 prius
2264 2361 2480 2430 quidem
2509 2361 2573 2414 ad
2593 2376 2850 2430 corporea
2863 2377 2911 2412 ιιι
2935 2374 3160 2415 messem
3181 2359 3456 2430 refertur;
3490 2373 3674 2427 poste-

2094 2428 2208 2499 rius
2237 2443 2365 2482 vero
2398 2429 2465 2481 ad
2498 2428 2728 2484 messem
2778 2429 3021 2499 Spiritus.
3064 2429 3252 2483 Simile
3293 2439 3476 2482 autem
3516 2431 3672 2486 inve-

2091 2498 2210 2552 nies
2243 2499 2294 2551 in
2329 2513 2472 2552 careo
2503 2501 2569 2552 ah
2599 2501 2713 2566 ipso
2748 2498 2873 2554 natu
2905 2508 3126 2560 curato.
3158 2500 3243 2552 cui
3276 2499 3390 2552 harc
3431 2499 3676 2567 loquitur

2091 2583 2318 2636 corpore
2369 2570 2672 2623 caecutieuti
2732 2589 2745 2624 :
2800 2567 2911 2637 Ego
2965 2569 3037 2620 ad
3085 2569 3350 2638 judicium
3420 2570 3475 2621 in
3531 2571 3674 2622 hanc

2017 2669 2058 2724 Β
2087 2639 2339 2724 mundam
2379 2639 2510 2724 veni,
2545 2650 2600 2692 ut
2625 2640 2723 2724 qui.
2755 2656 2855 2692 non
2883 2638 3437 2724 videnﬁnrid‘eantnet
3466 2641 3563 2724 qui;
3595 2641 3675 2691 ei-

2090 2706 2243 2769 dent,
2307 2708 2428 2760 ειεσὶ
2469 2708 2598 2774 ﬁant
2637 2706 2852 2776 '(Joan.
2903 2723 2992 2769 Ix,
3042 2707 3152 2774 59).
3199 2706 3290 2760 Sic
3336 2717 3393 2760 et
3442 2725 3456 2760 :
3509 2708 3675 2762 Nunc

2088 2777 2202 2828 sine
2228 2777 2335 2846 lege
2363 2786 2566 2830 natura
2586 2779 2794 2844 jnstitia
2823 2777 2916 2830 Dei
2949 2779 3214 2846 apparuit,
3260 2777 3563 2846 testimonia
3591 2778 3672 2830 le-

2088 2847 2166 2916 gis
2189 2845 2387 2916 Mogsis
2422 2855 2469 2898 et
2492 2847 2862 2915 prophetarum
2880 2844 3422 2914 prteriuntiatamom.
3445 2861 3530 2908 ιιι,
3549 2848 3672 2916 21);

2089 2915 2318 2986 dixerim
2353 2931 2480 2968 vero
2507 2917 2573 2968 iis
2608 2918 2700 2986 qui
2743 2918 2992 2970 dubitant
3023 2917 3289 2983 duplicem
3322 2917 3456 2984 legis
3491 2915 3672 2986 signi-

2089 2985 2309 3038 licatum
2349 2985 2633 3052 recipere,
2658 2987 2701 3040 si
2745 2987 2826 3039 lex
2855 2987 3044 3040 eadem
3079 2985 3346 3052 accipitur
3384 2993 3438 3038 et
3473 2986 3527 3038 in
3554 2985 3673 3042 hoc

2089 3053 2208 3124 loco
2252 3073 2265 3109 :
2307 3052 2466 3107 Nunc
2505 3065 2676 3108 autem
2720 3059 2831 3109 sine
2868 3055 2980 3124 lege
3005 3055 3213 3123 justitia
3241 3055 3334 3107 Dei
3377 3055 3586 3123 illuxit,
3612 3069 3675 3112 et

2090 3123 2142 3176 in
2191 3123 2282 3177 illo
2324 3139 2339 3178 :
2385 3125 2423 3176 Α
2456 3124 2565 3193 lege
2598 3137 2646 3178 et
2697 3123 2960 3194 proiihetis
2993 3126 3371 3192 pra'nuntiata.
3433 3127 3488 3178 Si
3538 3131 3671 3181 abs-

2087 3206 2192 3264 que
2235 3195 2350 3264 lege
2387 3195 2660 3262 apparuit,
2691 3211 2792 3247 r.on
2825 3211 2854 3246 a
2886 3196 3022 3264 legis
3054 3195 3366 3248 testimonio
3402 3209 3668 3262 przenun-

2090 3263 2254 3333 tiatur
2282 3263 2307 3318 :7
2329 3265 2373 3319 si
2417 3279 2544 3316 vero
2581 3263 2713 3333 legis
2757 3263 3066 3318 testimonio
3095 3264 3516 3333 comprobatur,
3557 3283 3667 3320 nou

2087 3332 2205 3404 sine
2241 3335 2357 3402 lege
2379 3332 2650 3404 declarata
2675 3344 2778 3388 est.
2806 3333 3080 3388 Justitiam
3119 3332 3298 3402 itaque
3339 3334 3458 3396 Dei,
3486 3352 3610 3404 qua:
3631 3354 3664 3391 δ

2086 3399 2211 3456 Jesu
2232 3399 2449 3457 Christo
2471 3403 2740 3457 declarata
2779 3415 2885 3464 est,
2915 3399 3253 3473 nequaquam
3283 3417 3384 3457 suo
3417 3399 3667 3460 tesiimo-

2087 3473 2176 3542 nio
2206 3475 2526 3541 comprobat
2573 3483 2779 3527 natura:
2817 3474 2902 3527 lex
2935 3474 3155 3527 :minor
3190 3474 3337 3527 enim
3386 3485 3470 3527 est
3524 3475 3664 3542 ipsa.

2087 3539 2399 3612 Lexautem
2426 3543 2642 3612 Moysis,
2671 3559 2774 3596 non
2810 3543 3002 3603 littera,
3030 3544 3122 3596 sed
3153 3543 3470 3609 spiritus,et
3497 3539 3665 3612 spiri-

2087 3613 2159 3662 tui
2196 3611 2328 3681 legis
2359 3611 2744 3679 respondentes
2765 3615 3072 3680 prophetae:
3107 3621 3158 3664 et
3181 3613 3274 3680 qui
3309 3613 3359 3665 in
3382 3611 3665 3680 ipsissunt

2084 3695 2363 3736 sermones
2411 3683 2706 3750 Spiritales.
2768 3683 2950 3748 Quare
3003 3682 3291 3751 diligenter
3351 3684 3662 3738 observare

2083 3759 2294 3814 oportet
2327 3767 2448 3804 eum
2480 3752 2569 3820 qui
2605 3752 2815 3805 divinas
2849 3753 3156 3820 Scripturas
3186 3751 3520 3820 pervolutat,
3551 3771 3661 3807 non

2085 3834 2177 3873 eas
2210 3834 2426 3887 semper
2454 3822 2638 3875 iisdem
2671 3822 2928 3884 vocibus,
2965 3837 3068 3874 non
3102 3823 3291 3874 iisdem
3332 3823 3492 3874 rebus
3536 3827 3612 3877 uti
3649 3843 3663 3879 :

2084 3890 2226 3956 quod
2263 3891 2530 3960 interdum
2559 3890 2766 3944 faciunt
2787 3907 2882 3960 per
2912 3890 3466 3958 cognominationem,
3490 3908 3669 3959 quan-

2084 3961 2272 4031 doque
2308 3975 2404 4027 per
2452 3959 2733 4030 ﬁguratam
2777 3959 3064 4031 rationem,
3112 3961 3406 4031 aliquando
3439 3977 3669 4031 propter

2007 4011 2051 4074 c
2082 4011 2400 4102 ριίυιυιίυιιιέ
2431 4011 3351 4102 obiacentiaaiaalgainanes
3373 4011 3662 4102 armis;

2086 4098 2182 4150 illlS
2217 4099 2381 4152 dictio
2418 4109 2737 4166 Usurpetur,
2776 4115 2937 4167 quam
2984 4098 3041 4152 ut
3076 4101 3129 4153 in
3178 4100 3302 4152 aliis
3345 4102 3521 4167 posita
3553 4098 3659 4156 est.

2082 4167 2236 4232 Quod
2277 4169 2320 4221 si
2350 4178 2557 4221 attente
2581 4171 2948 4233 observemus,
2979 4170 3182 4223 multos
3216 4170 3400 4235 lapsus
3422 4172 3662 4225 evitabi-

2083 4252 2202 4290 mus
2253 4248 2306 4292 et
2363 4239 2613 4292 sinistras
2666 4239 3156 4308 interpretationes.
3223 4238 3520 4308 Sciendum
3579 4253 3666 4295 est

2085 4308 2382 4378 itaquenon
2409 4309 2593 4361 eodem
2619 4304 2830 4377 semper
2882 4304 3187 4374 signiﬁcatu
3251 4307 3418 4378 poni,
3484 4311 3658 4376 cidit,

2082 4377 2174 4430 sed
2202 4377 2491 4448 aliquando
2520 4381 2569 4430 iu
2601 4379 2714 4448 visu
2754 4385 3020 4448 corporis,
3051 4384 3189 4432 idem
3231 4381 3503 4430 interdum
3540 4396 3664 4432 esse

2082 4446 2224 4513 quod
2279 4447 2596 4514 intelligere.
2639 4447 2695 4501 Id
2727 4446 2871 4500 enim
2918 4449 3168 4502 universe
3212 4449 3499 4500 sciendum
3544 4461 3660 4512 est,

2082 4520 2226 4582 (μιιιιι
2254 4531 2373 4570 cum
2402 4517 2680 4571 decrewm
2708 4518 2777 4570 sit
2808 4516 3032 4585 Spiritui
3060 4521 3148 4585 qui
3173 4518 3227 4571 in
3263 4519 3554 4586 prophetis
3577 4521 3659 4572 lo-

2082 4587 2298 4653 quitur,
2349 4586 2710 4649 abscondere,
2749 4601 2925 4654 neque
2962 4588 3135 4654 palam
3180 4602 3460 4654 exponere
3497 4604 3660 4642 sensa

2085 4656 2360 4726 teritatis;
2390 4656 3068 4726 quemadmodumChristi
3103 4659 3288 4721 verbo,
3346 4657 3396 4708 in
3435 4671 3658 4726 aposto-

2084 4725 2178 4788 lis;
2210 4740 2352 4794 swpe
2383 4737 2436 4780 et
2461 4727 2561 4778 sub
2591 4725 2862 4780 locutione
2885 4726 3267 4794 permiscetur,
3294 4741 3474 4793 neque
3495 4729 3656 4794 quasi

2083 4797 2181 4847 sub
2207 4811 2368 4848 uuam
2401 4796 2596 4849 seriem
2621 4796 2883 4848 orationis
2921 4798 3256 4859 contexitur,
3298 4812 3366 4848 ne
3400 4799 3658 4850 videlicet

2085 4865 2284 4931 indigni
2329 4865 2412 4935 ad,
2433 4865 2630 4918 animzc
2661 4880 2772 4918 sua:
2796 4865 3058 4934 judicium
3091 4868 3368 4919 inveniant
3393 4881 3515 4935 quae
3551 4870 3660 4920 uti-

2085 4935 2338 5003 liter-illis
2370 4934 2684 4989 abscondita
2713 4946 2858 4987 sunt.
2898 4937 3029 5002 Qua:
3065 4943 3121 4987 ut
3160 4934 3452 5004 plurimum
3487 4952 3654 4990 causa

2080 5013 2194 5066 est,
2231 5018 2327 5057 cur
2365 5005 2650 5058 videantur
2693 5005 2986 5074 Scriptura:
3021 5021 3126 5058 non
3164 5007 3297 5058 satis
3331 5015 3459 5073 apta
3499 5021 3656 5059 com.

2083 5074 2349 5144 positione
2371 5084 2425 5126 et
2455 5075 2839 5130 consecutioue
2875 5075 3178 5137 cohaerere,
3228 5077 3468 5128 maxime
3498 5092 3653 5139 vero,

2083 5145 2444 5215 utiisuperius
2467 5145 2723 5200 diximus.
2758 5145 3069 5214 prophetica
3099 5157 3151 5198 et
3178 5145 3499 5211 apostolica,
3529 5147 3655 5215 Epi-

2082 5214 2216 5268 stula
2259 5218 2554 5281 praesertim
2600 5215 2664 5266 ad
2702 5215 3008 5279 Romanos,
3050 5216 3100 5268 in
3129 5231 3234 5283 qua
3277 5231 3398 5282 qua:
3433 5217 3500 5268 de
3536 5214 3654 5284 lege

2082 5285 2356 5346 dicuntur,
2381 5284 2612 5338 diversis
2640 5286 2811 5338 modis
2840 5284 3114 5347 dicuntur,
3140 5296 3194 5340 et
3228 5285 3462 5338 diversis
3490 5286 3655 5339 rebus

411 5360 466 5426 et
497 5349 812 5426 SodOmitis.
835 5353 1024 5408 etaliis
1053 5351 1375 5426 innumeris.»
1394 5351 1458 5404 Et
1485 5349 1971 5426 multiantclegem
2007 5353 2054 5411 υ
2082 5355 2452 5426 imponuntur,
2482 5365 2540 5407 ut
2574 5355 2822 5426 videatur
2860 5355 3057 5409 Paulus
3077 5356 3126 5408 iu
3151 5355 3240 5408 illa
3265 5355 3507 5426 Epistola
3539 5371 3654 5408 rem

414 5421 903 5493 Moysispcccatum
929 5432 1314 5493 cognoverunt.
1339 5423 1445 5493 Ret:
1470 5420 1840 5493 mirerisquod
1857 5422 1974 5493 dine

413 5488 546 5560 legis
572 5488 1174 5560 signiticationes'vocis
1200 5493 1359 5554 liuius
1395 5492 1444 5544 in
1473 5491 1658 5560 eodem
1689 5488 1806 5542 luco
1823 5492 1968 5543 acci-

413 5557 654 5630 piuntur:
686 5560 840 5618 liuuc
859 5563 999 5614 enim
1026 5573 1300 5630 morcmet
1334 5563 1383 5613 in
1417 5561 1535 5612 aliis
1566 5557 1858 5626 Srriptnris
1888 5577 1966 5610 ιιι-

416 5629 725 5696 Vettianus;
764 5629 1212 5698 quemadmodum
1257 5648 1267 5684 :
1315 5630 1504 5684 Nonne
1535 5630 1708 5681 dicitis
1742 5645 1966 5702 quatuor

2081 5423 2404 5493 propositam
2434 5440 2537 5477 non
2565 5424 2806 5493 exsequi.
2826 5442 2845 5476 ι

2151 5492 2261 5560 (89)
2297 5492 2456 5560 Edili,
2487 5510 2507 5545 ‹
2541 5492 2722 5561 quod,
2748 5512 2768 5544 ›
2810 5493 2968 5547 male.

2149 5563 2260 5632 (.90)
2287 5563 2450 5630 Editi,
2483 5581 2502 5616 ι
2541 5566 2766 5620 dicebat.
2805 5581 2826 5616 ι

3925 5105 3927 5243 ι

3921 5343 3925 5520 l
