3914 6352
202 304 384 362 1081

1209 294 1564 358 causam.
1595 292 1662 353 ιιι
1697 276 1937 353 El‘lsr.
1970 298 2063 354 an
2095 297 2264 356 non.
2299 299 2428 357 LIB.
2468 299 2557 359 γι.

3332 308 3347 319 ’
3378 307 3517 366 1082

209 420 574 479 noverimus
607 420 749 477 inter
777 420 975 475 bonum
1010 426 1066 476 et
1094 419 1294 474 malum
1325 418 1659 486 discernere,
1704 421 1762 469 et
1810 434 1841 473 a
1871 426 1918 481 Α
1946 417 2258 487 aliquando.
2293 418 2400 474 Sed
2429 418 2517 474 ubi
2555 419 2702 475 venit
2727 417 3038 476 mandatum
3060 462 3078 488 ,
3116 430 3396 492 peccatum
3424 442 3515 480 re-

203 513 589 572 conscientia
620 521 802 571 nostra
833 511 950 583 (91)
1000 512 1355 567 audierimus.
1387 511 1657 581 Loquitur
1689 508 1838 566 enim

209 604 412 661 nobis
436 604 576 660 intra
603 603 992 659 conscientiam
1026 601 1164 672 (92),
1199 610 1254 658 et
1287 602 1457 657 dicit:
1500 619 1520 653 ‹
1552 600 1671 657 Non
1701 616 1838 656 con-

208 697 524 767 cupisces.
563 714 584 751 ι
621 694 728 751 Sed
758 695 1015 765 quoniam
1045 708 1150 748 non
1176 707 1425 764 semper,
1458 707 1559 748 nec
1583 707 1651 747 ex
1684 692 1839 746 initio

212 796 290 843 ut
333 787 593 843 nascitur
620 786 805 848 homo,
834 784 919 839 lex
956 783 1056 839 ista
1083 782 1358 838 invenitur
1394 782 1446 838 in
1476 782 1715 847 homine,
1744 782 1838 836 sed

213 878 594 949 aliquandiu,
618 879 746 934 dum
775 887 911 933 tetas
940 878 1177 933 nondum
1205 876 1429 947 patitur,
1451 875 1570 931 sine
1590 876 1691 929 hac
1723 873 1839 943 lege

214 970 473 1036 vivitur,
496 969 639 1026 sicut
667 976 722 1024 et
757 968 873 1039 ipse
898 966 1099 1023 Paulus
1124 965 1324 1022 fatetur
1346 966 1439 1036 qui
1462 965 1597 1021 dicit
1624 983 1639 1020 :
1675 983 1694 1017 ι
1724 964 1837 1036 Ego

216 1072 434 1118 autem
470 1060 717 1118 vivebam
745 1062 865 1117 sine
905 1061 1022 1130 lege
1064 1058 1376 1128 aliquando,
1412 1075 1433 1110 ι
1475 1058 1529 1112 in
1570 1055 1662 1111 illo
1696 1067 1834 1112 tem-

216 1167 386 1225 pore
408 1168 517 1225 quo
537 1152 658 1208 sine
678 1151 793 1224 lege
804 1150 1066 1216 viximus,
1089 1149 1591 1220 concupiscentiam
1623 1147 1834 1204 nescie-

218 1241 467 1299 bamus.
497 1240 614 1298 Non
644 1243 808 1308 dixit,
847 1256 954 1297 non
991 1241 1279 1306 habebam,
1311 1243 1407 1296 sed
1440 1240 1538 1307 ait,
1571 1256 1593 1291 ι
1631 1239 1841 1294 nescie-

224 1332 403 1400 bam,
442 1351 464 1386 ι
498 1341 760 1402 tanquam
782 1346 903 1402 quae
927 1341 1069 1387 esset
1103 1330 1344 1401 quidem,
1374 1330 1717 1400 ignoraretur
1754 1337 1835 1382 ta-

225 1437 379 1479 men
410 1425 557 1493 quod
593 1432 742 1479 esset
792 1424 1253 1493 concupiscentia.
1310 1420 1412 1476 Ubi
1455 1430 1638 1477 autem
1687 1420 1836 1475 venit

228 1513 418 1581 ratio,
441 1524 498 1569 et
525 1513 609 1570 lex
639 1513 907 1570 naturalis
933 1515 1113 1569 locum
1146 1515 1199 1567 in
1232 1511 1387 1569 nobis
1413 1526 1673 1582 processu
1704 1521 1835 1565 a-ta-

229 1609 315 1663 tis
351 1609 585 1676 invenit,
612 1609 809 1664 docere
858 1623 959 1663 nos
992 1606 1158 1675 coepit
1206 1621 1328 1677 quae
1372 1615 1555 1661 essent
1582 1605 1746 1672 bona,
1778 1611 1836 1658 et

228 1701 545 1771 prohibere
575 1716 604 1755 a
637 1702 811 1756 malis.
853 1699 979 1755 llaec
1003 1716 1134 1771 ergo
1161 1699 1287 1755 dum
1323 1699 1456 1753 dicit
1485 1696 1620 1769 (95),
1672 1717 1690 1748 ι
1726 1711 1832 1750 non

1942 512 2103 565 vixit.
2130 510 2240 580 Ego
2281 521 2461 565 autem
2511 521 2759 566 mortuus
2789 526 2952 577 sum;
2996 521 3051 566 et
3099 515 3381 568 inventum
3432 526 3519 571 est

1942 603 2072 658 mibi
2119 602 2434 656 mandatum
2459 644 2474 666 ,
2504 603 2649 672 quod
2681 613 2799 656 erat
2831 603 2897 656 ad
2930 604 3098 658 vitam
3120 643 3134 670 ,
3163 605 3266 659 hoc
3295 620 3419 661 esse
3448 607 3518 660 ad

1942 700 2170 747 mortem
2197 691 2344 745 7"".
2372 710 2391 744 ι
2416 693 2490 746 De
2514 693 2597 747 his
2627 707 2765 764 pene
2786 693 3037 749 omnibus
3060 695 3172 764 jam
3197 696 3249 749 in
3276 699 3520 767 superio-

1939 785 2093 839 ribus
2145 784 2301 855 plene
2331 792 2620 847 tractatum
2658 795 2783 852 est;
2817 788 2958 841 unde
3005 802 3071 840 ne
3100 787 3289 841 eadem
3318 789 3517 858 saepius

1938 875 2299 939 revolvamus,
2332 876 2571 930 breviter
2608 892 2732 947 quae
2773 878 2918 932 dicta
2947 888 3071 932 sunt
3103 878 3158 932 in
3196 880 3516 934 memoriam

1939 968 2340 1023 revocabimus.
2373 967 2505 1022 Siue
2535 968 2655 1040 lege
2700 981 2881 1024 autem
2920 979 3204 1041 peccatum
3244 980 3514 1026 mortuum

1936 1058 2135 1114 essein
2167 1058 2347 1121 nobis.
2378 1057 2483 1114 hoc
2510 1068 2593 1115 est
2642 1070 2936 1130 antequam
2976 1076 3072 1130 per
3106 1068 3318 1116 aetatem
3350 1064 3518 1117 ratio-

1936 1151 2138 1206 nabilis
2170 1151 2316 1205 intra
2367 1167 2466 1207 nos
2496 1166 2686 1206 sensus
2713 1152 2954 1222 vigeret,
2998 1152 3359 1218 oswndimus,
3390 1169 3513 1207 cum

1936 1242 2100 1296 etiam
2129 1242 2437 1312 exetnplutu
2470 1242 2547 1316 (l)
2591 1245 2743 1313 pttcri
2791 1245 3150 1313 percutientis
3179 1254 3384 1314 patrem
3423 1255 3517 1300 aut

1938 1345 2191 1400 matrem,
2219 1334 2304 1389 vel
2336 1334 2708 1390 maledicentis
2733 1335 3078 1392 adduximus.
3106 1336 3163 1390 In
3187 1350 3299 1407 quo
3319 1351 3517 1392 secun-

1938 1425 2064 1479 dum
2110 1424 2283 1496 legem
2315 1425 2534 1495 quidem
2580 1427 2956 1496 prohibentem
2989 1427 3197 1496 percuti
3231 1426 3312 1481 vel
3346 1426 3517 1481 male-

1936 1518 2046 1572 dici
2073 1528 2282 1587 patrem
2311 1528 2406 1572 aut
2434 1531 2662 1575 matrem
2695 1521 2764 1586 ⁷⁸,
2798 1528 3079 1589 peccatum
3112 1518 3227 1574 ﬁeri
3260 1519 3511 1575 videtur:

1936 1607 2029 1663 sed
2065 1609 2208 1663 istttd
2242 1622 2530 1678 peccatum
2561 1622 2835 1665 mortuum
2874 1624 2995 1666 esse
3018 1610 3243 1676 dicitur,
3273 1611 3400 1681 quia
3428 1609 3515 1665 lex

1939 1703 2177 1755 nondum
2207 1700 2360 1755 adest
2389 1701 2442 1755 in
2470 1717 2638 1770 puero
2663 1743 2677 1765 ,
2706 1716 2825 1770 (ιιιςε
2852 1715 2975 1755 eum
3021 1702 3212 1756 doceat
3240 1702 3342 1756 hoc
3368 1701 3511 1772 quod

192 1818 203 1823 -
229 1764 634 1860 concupisces.
673 1808 693 1841 ι
730 1789 876 1860 quod
909 1800 1038 1843 ante
1069 1764 1471 1852 nesciebamus,
1495 1764 1714 1853 'ab'ipsa
1745 1786 1831 1839 di-
1866 1764 1906 1819 Β
1935 1788 2085 1854 facit,
2115 1790 2231 1844 fieri
2265 1805 2368 1843 non
2400 1764 2585 1844 licere.
2617 1764 2746 1844 Sine
2777 1791 2878 1843 hac
2911 1798 3094 1844 autem
3133 1789 3250 1859 lege
3282 1798 3338 1843 et
3366 1764 3514 1842 ﬁan-

230 1882 486 1937 dicimos
512 1881 708 1937 malam
739 1897 864 1939 esse
908 1879 1424 1951 concupiscentiam.
1473 1896 1493 1931 ‹
1533 1878 1830 1933 Occasione

231 1981 432 2027 autem
464 1984 709 2044 accepta,
741 1980 1019 2042 peccatum
1062 1987 1160 2042 per
1193 1973 1509 2026 mandatum
1542 1978 1827 2038 operatum

228 2075 329 2124 est
376 2065 433 2122 in
483 2080 571 2123 me
614 2080 827 2122 onmem
870 2066 1392 2135 concupiscentiam.
1438 2081 1458 2116 ι
1501 2061 1612 2116 Lex
1644 2062 1731 2116 illa
1763 2064 1831 2117 de

232 2173 355 2228 qua
391 2159 555 2225 dicit,
584 2160 708 2229 quia
741 2176 762 2212 ι
801 2158 1302 2227 concupiscentiam
1349 2154 1689 2221 nesciebam,
1724 2154 1829 2208 nisi

235 2250 330 2306 lex
363 2252 570 2306 diceret
597 2270 612 2305 :
645 2251 762 2306 Non
795 2251 1171 2319 concupisces,
1205 2268 1225 2301 ι
1262 2249 1378 2317 ipsa
1406 2247 1570 2302 etiam
1601 2248 1829 2301 manda-

238 2351 364 2397 tum
409 2342 727 2412 appellatur.
756 2343 845 2396 Ait
881 2357 1012 2410 ergo
1048 2342 1173 2411 quia
1206 2340 1501 2396 occasione
1529 2337 1640 2411 (91)
1673 2354 1833 2393 man-

237 2433 358 2490 dati
396 2432 559 2501 hujns
583 2446 690 2501 quo
720 2432 1103 2501 concupiscere
1135 2432 1508 2501 prohibemur,
1539 2440 1827 2500 peccatum

239 2523 633 2579 vehementius
658 2522 769 2596 (9ὄ)
795 2523 1002 2577 exarsit
1024 2524 1075 2577 in
1105 2523 1277 2588 nobis,
1308 2533 1358 2579 et
1391 2538 1607 2579 omnem
1639 2537 1831 2591 opera-

243 2625 365 2671 tum
388 2626 475 2673 est
500 2617 552 2671 in
578 2616 734 2671 nobis
755 2616 1277 2687 concupiscentiam.
1296 2615 1353 2671 ln
1371 2631 1437 2671 eo
1458 2630 1693 2686 uanique
1716 2613 1827 2686 (96)

242 2708 301 2762 in
333 2721 448 2777 quo
475 2708 813 2778 concupiscit
845 2722 974 2762 caro
1023 2709 1286 2763 adversus
1332 2707 1605 2778 spiritum,
1642 2706 1695 2761 id
1723 2715 1827 2773 est,

242 2799 517 2855 adversus
563 2799 732 2869 legem
789 2814 910 2869 qua:
959 2799 1124 2864 dicit,
1166 2817 1185 2851 ι
1224 2813 1329 2853 non
1376 2799 1765 2869 concupisces,
1804 2818 1824 2851 ι

241 2892 411 2947 etiam
444 2892 773 2947 adversatur
807 2893 879 2959 ei,
910 2900 963 2948 et
995 2901 1273 2946 certamen
1302 2891 1707 2961 quodammodo
1731 2906 1827 2961 ge-

247 2985 354 3051 rit,
396 2994 455 3038 ut
488 2999 595 3039 non
647 2984 821 3039 solum
851 2983 1312 3051 concupiscentia:
1355 2982 1660 3038 satisfaciat
1689 2981 1825 3056 (97),

243 3077 340 3132 sed
364 3076 530 3132 etiam
562 3075 935 3131 adversarium
959 3075 1163 3131 vincat.
1194 3073 1320 3130 llzec
1340 3085 1426 3130 cst
1454 3090 1587 3145 ergo
1612 3076 1827 3132 occasio
1855 3098 1896 3156 ο

245 3177 411 3233 quam
444 3162 575 3219 dicit
601 3163 788 3218 venire
822 3178 889 3218 ex
921 3164 1200 3219 mandato.
1244 3162 1442 3220 Nescio
1483 3180 1593 3234 quo
1620 3166 1824 3220 etenim

246 3264 407 3328 pacto
440 3269 503 3312 ea
531 3270 652 3325 quae
680 3255 1034 3325 prohibentur
1082 3256 1361 3311 ardentius
1404 3256 1823 3325 desiderantur;

245 3360 302 3406 et
325 3349 445 3406 ideo
465 3362 587 3404 cum
614 3346 928 3403 mandatum
953 3356 1222 3414 sanctum,
1247 3358 1298 3404 et
1315 3346 1519 3418 justum
1546 3358 1600 3405 et
1623 3349 1824 3407 bonum

247 3441 320 3494 sit
348 3435 510 3510 (quod
535 3439 680 3491 enim
715 3437 963 3505 prohibet
995 3441 1193 3492 malum
1215 3478 1229 3502 ,
1273 3441 1586 3495 necessario
1621 3441 1824 3496 bonum

250 3528 376 3601 est),
409 3529 536 3582 dum
571 3527 911 3598 prohibendo
952 3527 1447 3603 concupiscentiam
1483 3530 1656 3600 magis
1701 3544 1821 3584 eam

252 3630 507 3690 provocat
538 3628 595 3673 et
637 3616 931 3672 inflammat
952 3656 970 3685 ,
1002 3632 1102 3687 per
1128 3617 1331 3673 bonum
1365 3620 1497 3675 mihi
1540 3631 1823 3690 operatum

252 3723 334 3766 est
362 3718 609 3765 mortem.
644 3708 852 3763 Iudicat
902 3717 1084 3763 tamen
1118 3709 1405 3780 Apostolus
1440 3710 1493 3764 in
1548 3711 1652 3776 his,
1683 3714 1824 3779 quod

254 3800 405 3872 origo
437 3800 642 3870 peccati
686 3816 753 3854 ex
785 3800 1230 3869 concupiscentia
1257 3812 1377 3856 orta
1408 3805 1501 3870 sit,
1537 3803 1662 3858 dum
1696 3821 1824 3875 pro-

257 3893 469 3948 hibente
489 3891 600 3963 (98)
636 3893 749 3962 lege
780 3893 896 3947 sive
921 3892 1109 3965 Moysi,
1137 3909 1257 3964 qua:
1282 3895 1412 3950 dicit
1440 3915 1453 3950 :
1490 3914 1508 3947 ι
1548 3894 1660 3950 Non
1695 3911 1826 3950 cou-

257 3984 496 4055 cupisces
520 3985 587 4049 ⁷³,
631 4003 650 4037 ι
681 3984 799 4039 sive
826 3985 1015 4051 etiam,
1051 3994 1110 4039 ιιι
1135 4001 1296 4055 supra
1325 3989 1696 4057 exposuimus,
1729 4005 1826 4042 tta-

259 4078 434 4143 turali,
459 4093 525 4134 eo
558 4080 955 4136 contentiosius
980 4081 1129 4149 quod
1177 4082 1501 4151 prohibetur
1527 4085 1822 4153 expetitur.

258 4166 539 4226 Sciendum
571 4186 705 4226 sane
740 4179 825 4225 est
846 4172 990 4240 quod
1023 4173 1468 4241 concupiscentia
1514 4174 1606 4229 hic
1639 4173 1821 4241 culpa-

255 4260 373 4318 bilis
402 4262 641 4331 ponitur.
677 4262 770 4316 Est
801 4270 982 4317 autem
1012 4262 1062 4314 in
1096 4263 1286 4318 multis
1315 4274 1370 4318 et
1402 4264 1825 4329 laudabilis,sic-

256 4362 311 4409 ut
364 4367 527 4423 supra
604 4354 943 4408 ostendimus
995 4352 1125 4425 (99).
1161 4375 1179 4406 ι
1220 4356 1348 4410 Sine
1383 4356 1497 4424 lege
1526 4358 1671 4412 enim
1695 4371 1824 4426 pec-

257 4451 423 4504 catum
464 4452 736 4498 mortuum
765 4453 869 4500 est.
917 4444 1027 4514 Ego
1057 4457 1238 4500 autent
1268 4448 1516 4504 vivebam
1549 4450 1669 4503 sine
1706 4449 1823 4519 lege
1855 4436 1897 4491 ί)

1932 1880 2039 1933 lum
2065 1889 2120 1934 et
2146 1895 2336 1935 omnes
2361 1880 2610 1935 homines
2630 1891 2838 1934 certum
2860 1890 2944 1935 est
2972 1881 3262 1950 aliquando
3288 1880 3511 1943 vixisse,

1933 1971 2033 2026 hoc
2068 1982 2155 2026 est
2182 1971 2236 2026 in
2269 1982 2431 2026 aetate
2472 1971 2690 2040 puerili.
2723 1970 2928 2026 Omnes
2960 1973 3102 2026 enim
3134 1971 3388 2028 similiter
3417 1987 3515 2041 per

1930 2059 2063 2115 illud
2102 2071 2313 2129 tempus
2347 2062 2585 2117 nondum
2619 2076 2848 2131 capaces
2894 2063 3055 2131 hujus
3087 2062 3349 2117 naturalis
3377 2062 3513 2132 legis

1931 2152 2228 2206 exsistunt.
2259 2145 2612 2221 Nam‘utique
2654 2169 2759 2206 non
2805 2157 3081 2209 videretur
3127 2156 3192 2209 de
3224 2155 3328 2209 hoc
3359 2154 3511 2209 Pauli

1932 2258 2060 2297 vera
2090 2257 2211 2297 esse
2238 2242 2528 2312 professio.
2561 2244 2845 2311 Quomodo
2871 2247 3017 2300 cutim
3049 2247 3169 2302 sine
3192 2246 3307 2317 lege
3341 2245 3511 2318 Moysi

1932 2334 2253 2404 probabitur
2303 2333 2501 2389 Paulus
2544 2335 2837 2404 aliquando
2881 2336 3104 2401 vixisse,
3148 2353 3272 2391 cum
3305 2338 3418 2405 ipse
3450 2350 3509 2392 se

1932 2422 2216 2477 Hebraeum
2243 2438 2309 2477 ex
2340 2424 2580 2479 Hebraeis
2601 2464 2615 2489 ,
2649 2434 2705 2479 et
2749 2434 2941 2480 octava
2994 2426 3083 2480 die
3126 2426 3512 2481 circumcisum

1931 2516 2228 2570 secundum
2293 2517 2428 2587 legis
2487 2527 2779 2587 praecepta,
2840 2518 3185 2573 fateatur"?
3245 2515 3354 2574 Sed
3408 2520 3511 2574 hoc

1932 2608 2092 2662 modo
2120 2622 2227 2677 quo
2254 2610 2526 2674 diximus,
2574 2609 2695 2665 sine
2733 2611 2849 2681 lege
2890 2611 3123 2665 naturali
3166 2611 3302 2665 vixit
3347 2613 3512 2666 etiam

1933 2698 2046 2765 ipse
2089 2698 2383 2768 aliquando
2429 2699 2481 2753 in
2532 2702 2787 2770 pueritia.
2841 2700 2959 2767 Quo
3006 2701 3059 2755 itt
3112 2711 3358 2771 tempore
3405 2720 3511 2757 ιιυιι

1930 2789 2069 2844 dixit
2106 2805 2212 2844 non
2249 2790 2418 2846 fuisse
2443 2791 2494 2845 in
2523 2793 2740 2847 homine
2767 2802 3070 2864 peccatum,
3105 2794 3198 2848 sed
3234 2804 3510 2848 mortuum

1932 2880 2100 2938 fuisse
2127 2923 2143 2948 ,
2182 2894 2239 2939 et
2290 2882 2557 2940 revixisse
2592 2887 2933 2956 postmodum
2971 2888 3060 2942 ubi
3103 2887 3186 2941 lex
3246 2889 3513 2943 naturalis

1931 2976 2233 3031 adveniens
2273 2978 2566 3046 prohibere
2605 2980 3106 3049 concupiscentiatn
3144 2980 3347 3049 cwpit:
3389 2997 3511 3050 qua:

1931 3063 2017 3119 lex
2043 3065 2209 3121 veluti
2238 3076 2510 3123 mortuum
2536 3069 2821 3123 suscitavit
2848 3080 3133 3140 peccatum
3164 3069 3265 3143 (Ξ).
3296 3068 3510 3125 Peccati

1931 3172 2165 3227 namque
2195 3168 2389 3213 natura
2420 3158 2536 3215 haec
2564 3170 2670 3227 est,
2702 3162 2747 3217 si
2784 3167 2876 3216 flat
2907 3163 3051 3233 quod
3077 3161 3163 3218 lex
3199 3160 3314 3217 fieri
3341 3173 3508 3218 vetat.

1928 3247 2308 3304 Reviviscente
2335 3246 2466 3317 ergo
2495 3261 2753 3320 peccato,
2792 3269 2812 3304 ι
2853 3268 2954 3324 ego
2977 3292 2993 3318 ,
3026 3253 3225 3323 inquit,
3263 3265 3509 3310 mortuus

1927 3357 2046 3396 sum
2078 3342 2143 3395 ⁷⁸.
2178 3340 2307 3412 Ego.
2343 3361 2363 3396 ι
2398 3343 2568 3409 Quis?
2589 3346 2783 3399 Anima
2818 3348 2937 3401 sine
2967 3347 3131 3401 dubio
3161 3362 3279 3416 qua:
3304 3345 3513 3402 fecerat

1928 3432 2090 3505 583
2127 3437 2266 3504 quod
2300 3434 2418 3490 ﬁeri
2449 3436 2536 3489 lex
2567 3439 2783 3492 vetabat
2815 3456 2829 3492 :
2868 3457 2887 3489 ι
2910 3438 3144 3493 Anium
3177 3442 3319 3495 enim
3356 3457 3510 3512 «qua:

1928 3537 2139 3594 peccat,
2163 3545 2183 3578 ι
2226 3535 2284 3581 ιιι
2313 3527 2576 3598 propheta
2614 3529 2747 3583 dicit
2776 3530 2879 3600 (5),
2918 3548 2937 3582 ι
2965 3532 3079 3599 ipsa
3118 3533 3382 3587 morietur
3402 3534 3505 3587 τ’.»

1928 3622 2209 3677 Inventum
2262 3635 2346 3678 est
2396 3638 2529 3694 ergo
2564 3629 2878 3678 mandatum
2911 3627 3054 3694 quod
3103 3626 3285 3681 datum
3335 3628 3510 3684 fuerat

1933 3716 1997 3765 ad
2048 3714 2240 3777 vitam,
2293 3713 2490 3767 animae
2538 3713 2769 3779 scilicet,
2827 3726 2887 3767 ut
2934 3730 3050 3769 eam
3097 3715 3312 3771 doceret
3343 3733 3507 3787 opera

1929 3805 2071 3867 vine,
2090 3803 2321 3858 cessisse
2349 3805 2396 3858 ei
2425 3805 2490 3858 ad
2521 3813 2771 3868 mortem,
2799 3805 2924 3858 dum
2965 3806 3238 3873 prohibita
3262 3824 3368 3863 non
3398 3818 3508 3864 tam

1930 3893 2150 3964 rrfngit,
2188 3909 2348 3964 quam
2398 3895 2682 3949 ardentius
2733 3896 2960 3963 expetit.
3005 3896 3183 3952 Movet
3209 3913 3295 3954 me
3326 3912 3508 3957 tamen
3577 3933 3580 3936 ~

1929 3986 1984 4039 iu
2018 3986 2105 4039 bis
2135 3987 2414 4055 quomodo
2462 3986 2663 4039 dixerit
2688 3999 2970 4054 peccatum
3010 4001 3280 4043 mortuum
3308 4006 3431 4048 esse
3455 4005 3511 4049 et

1928 4074 2321 4148 revixisse“).
2387 4073 2614 4130 Videtur
2661 4075 2803 4130 enim
2853 4078 2979 4147 quia
3030 4097 3133 4135 non
3184 4085 3354 4151 possit
3400 4084 3506 4140 dici

1927 4177 2204 4221 mortuum
2238 4167 2338 4222 nisi
2369 4169 2512 4237 quod
2552 4167 2842 4238 aliquando
2893 4173 3122 4236 vixerit,
3168 4186 3223 4229 et
3262 4188 3509 4245 postmo.

1926 4259 2051 4314 dum
2095 4259 2201 4313 vita
2235 4264 2491 4314 caruerit.
2535 4258 2640 4316 Sed
2683 4273 2738 4317 et
2789 4265 2889 4318 hoc
2936 4266 3109 4333 ipsum
3158 4271 3304 4336 quod
3354 4272 3507 4336 dicit,

1929 4368 1950 4401 ι
1992 4350 2245 4413 revixit,»
2289 4367 2394 4405 non
2448 4367 2618 4421 nuper
2659 4355 2838 4408 datam
2884 4357 3087 4421 vitam,
3134 4358 3227 4410 sed
3269 4362 3506 4427 priorem

1931 4443 2194 4498 redditam
2221 4443 2380 4499 docet
2410 4462 2424 4497 :
2458 4443 2574 4514 ipse
2600 4445 2744 4498 euitn
2772 4460 2976 4512 seruio,
3007 4465 3025 4496 ι
3066 4450 3292 4517 revixit,
3330 4471 3349 4503 ι
3388 4468 3510 4507 rur-

322 4581 364 4616 ⁷³
392 4577 565 4651 Exod.
594 4594 689 4643 xx,
717 4577 804 4635 16.
882 4578 1005 4611 ⁷⁸⁸⁷⁸
1035 4580 1191 4636 Rom.
1222 4597 1316 4648 vti,
1348 4583 1399 4639 8-
1420 4583 1509 4641 10.
1584 4583 1630 4614 ⁷⁸
1658 4583 1826 4642 Exod.

1940 4595 1981 4646 ι,
2014 4580 2102 4636 15.
2176 4580 2221 4611 ⁷⁷
2250 4577 2447 4651 Philip.
2477 4594 2558 4645 ιιι,
2584 4577 2639 4632 5.
2716 4579 2761 4610 ⁷⁸
2778 4578 3042 4648 ιὶοιιιάἰι,
3074 4582 3151 4638 10.
3230 4587 3275 4618 ⁷⁸
3307 4587 3504 4645 Ezccb.

263 4665 398 4715 xvtu,
427 4649 482 4704 4.

325 4758 426 4831 (91)
462 4758 647 4831 Alias,
679 4775 699 4809 ι
737 4773 843 4815 non
882 4758 1160 4823 novimus;
1200 4776 1220 4810 ι
1259 4757 1365 4826 al.,
1410 4778 1430 4812 ι
1468 4774 1572 4814 non
1609 4761 1827 4815 noveri-

262 4828 442 4899 mus.)
480 4828 702 4899 Deinde.
746 4848 764 4877 ι
815 4839 881 4899 et.
910 4843 1018 4882 non
1070 4843 1097 4880 a
1144 4830 1485 4884 conscientia
1527 4842 1749 4895 nostra,
1797 4851 1816 4884 ι

260 4909 354 4955 etc.
393 4897 500 4953 Sed
531 4899 772 4970 potiores
804 4897 933 4952 mss.
962 4899 1135 4953 nostri
1173 4910 1229 4952 et
1266 4899 1523 4955 Rabanus
1562 4901 1822 4955 omittunt

264 4985 285 5022 1
312 4983 408 5022 11011
417 5005 430 5019 .
477 4988 498 5019 1

323 5037 427 5112 (92)
456 5037 549 5092 Sic
577 5049 710 5091 mss.
741 5046 797 5093 et
838 5038 1113 5112 Rabanus.
1145 5035 1286 5093 Editi
1314 5052 1464 5107 vero,
1500 5056 1519 5091 ι
1551 5038 1821 5112 Loquitur

262 5108 392 5163 enim
416 5108 557 5161 intra
584 5122 682 5162 nos
704 5108 1062 5165 conscientia.
1094 5127 1115 5162 ι

344 5177 428 5248 99)
469 5176 633 5248 Editi,
674 5196 692 5229 ι
733 5177 843 5232 Hoc
868 5193 999 5248 ergo
1022 5189 1106 5234 est
1127 5179 1254 5233 dum
1275 5176 1429 5245 dicit,
1467 5198 1487 5232 ι
1517 5188 1627 5237 etc.

346 5246 430 5319 91)
456 5244 626 5321 Alias,
666 5264 687 5300 ι
718 5248 831 5321 ipsa
863 5244 1044 5303 auiem
1076 5251 1278 5321 etiam,
1315 5267 1335 5300 ι
1371 5244 1480 5305 etc.
1526 5250 1654 5307 Mss.
1689 5250 1815 5321 qui-

268 5316 375 5391 dam
402 5316 456 5372 et
482 5316 647 5381 editi,
672 5336 707 5391 At
745 5320 915 5391 ipsam
957 5327 1151 5391 autem
1180 5319 1342 5373 etiam
1373 5321 1691 5375 mandatum
1709 5316 1817 5391 'ap-

268 5387 425 5454 pellat,
474 5401 596 5440 cum
636 5388 748 5453 ait,
796 5390 921 5458 quia
977 5389 1283 5453 occasione,
1317 5406 1339 5440 ι
1379 5399 1486 5444 etc.
1531 5387 1816 5447 Manifes'te

271 5458 512 5514 redundat
534 5470 637 5511 vox
675 5480 693 5508 ε
725 5468 928 5515 autem.
962 5478 981 5510 ι

325 5525 424 5595 (95)
451 5526 613 5593 Editi,
648 5545 667 5578 ι
703 5529 1070 5584 vehementer.
1102 5546 1120 5579 ι

328 5595 427 5669 (illi)
453 5595 617 5669 E_di_ti,
655 5613 967 5666 perperam,
1000 5618 1018 5649 ι
1054 5598 1177 5652 ιιξθο
1212 5612 1464 5669 namque.
1506 5619 1525 5652 ι

331 5664 431 5741 (97)
479 5664 704 5741 Είίὶιὶηίι
751 5664 1038 5741 Certamen
1085 5664 1370 5741 quoddam
1400 5674 1563 5741 gerit,
1607 5679 1663 5725 ιιι
1707 5687 1812 5726 ιιυιι

274 5737 423 5794 solum
449 5738 905 5808 concupiscentiae
939 5754 1045 5794 non
1087 5737 1424 5809 satisfaciat;
1458 5759 1477 5793 ι
1510 5752 1618 5798 etc.
1655 5742 1823 5816 Salo-_

1932 4758 2128 4833 dianus
2174 4757 2375 4811 omittit
2420 4775 2438 4807 ι
2482 4772 2586 4811 non
2626 4778 2646 4811 ι
2691 4769 2816 4814 ante
2864 4779 2882 4813 ι
2926 4760 3255 4833 satisfaciat,
3311 4785 3330 4818 ι
3367 4769 3507 4826 sicut

1929 4838 1984 4882 et
2019 4829 2274 4879 Rabauus
2294 4839 2350 4880 et
2380 4841 2571 4883 onmes
2600 4844 2732 4883 mss.
2766 4832 2956 4885 nostri.

2000 4896 2112 5037 (98;
2148 4895 2292 4950 Editi
2327 4899 2485 4960 male,
2521 4916 2539 4948 ι
2569 4901 2909 4967 prohibetur.
2946 4920 2967 4954 ι

2000 4967 2091 5037 (99
2143 4965 2325 5037 Editi,
2358 4983 2383 5037 r
2412 4976 2499 5020 est
2541 4979 2723 5024 autem
2766 4980 2824 5026 et
2864 4970 2919 5027 in
2954 4989 2967 5028 ι

2000 4965 2112 5038 (99)
2143 4965 2328 5048 Ειιίιεε,
2358 4983 2387 5048 α,
2412 4976 2499 5020 est
2541 4965 2723 5024 autem
2766 4980 2824 5026 et
2864 4970 2919 5027 in
2954 4973 3140 5032 multis
3190 4975 3503 5048 laudabilis,

1928 5036 2071 5093 sicut
2092 5052 2254 5107 supra
2278 5036 2539 5092 diximus.
2556 5048 2599 5090 '.

2000 5108 2077 5232 (11)
2106 5105 2239 5162 cum
2269 5106 2429 5161 etiam
2455 5114 2769 5181 exemplum,
2798 5120 2906 5168 etc.
2940 5112 3072 5170 Vide
3097 5130 3292 5187 supra,
3322 5117 3418 5177 lib.
3450 5135 3502 5189 v,

1925 5194 1981 5233 ΙΙ.
2014 5194 2063 5232 1.

1997 5249 2074 5321 (2)
2117 5248 2208 5305 Sic
2239 5262 2368 5302 mss.
2399 5248 2755 5330 et_Raban_t_is,
2784 5253 2897 5330 nisi
2921 5256 3062 5323 quod
3087 5255 3289 5330 habeat
3314 5277 3343 5330 ι
3372 5262 3499 5330 quia

1925 5318 2044 5394 lex,
2066 5339 2086 5371 ι
2123 5334 2275 5394 pro-c
2315 5332 2434 5387 quae
2460 5320 2565 5394 lex.
2597 5340 2615 5373 ι
2648 5323 2797 5394 γΕιιίιί
2826 5318 2977 5394 vero,
3017 5344 3034 5376 ι
3070 5327 3348 5394 prohibuit
3371 5318 3498 5385 cun-

1923 5391 2336 5460 cupist-entiam,
2353 5391 2627 5460 coepitque
2645 5393 2730 5447 lex
2756 5392 2919 5448 veluti
2937 5391 3207 5451 mortuum
3231 5400 3455 5455 suscitat
3469 5418 3500 5458 e

1926 5473 2230 5528 peccatum.
2270 5477 2290 5510 ι

1922 5529 2177 5653 cuitali“
2204 5528 2454 5599 propheta
2482 5529 2631 5588 dicit.
2674 5533 2799 5590 llaec
2832 5536 2993 5592 verba
3032 5539 3410 5596 desiderantur
3444 5544 3496 5598 iu

1995 5668 2073 5741 (4)
2113 5669 2273 5735 Editi,
2309 5688 2332 5724 ι
2368 5670 2543 5726 Movet
2576 5689 2660 5729 nte
2696 5684 2874 5731 tamen
2901 5683 3175 5748 quomodo
3209 5683 3407 5744 dixerit
3441 5690 3492 5743 iu

1923 5740 2009 5796 his
2036 5750 2317 5813 peccatum
2347 5754 2619 5801 mortuum
2652 5740 2933 5806 revixisse:
2973 5768 2993 5803 ι
