3986 6206
396 273 540 332 1083

1885 266 2203 323 ORIGENIS

3518 260 3660 316 1081

390 407 513 448 sum
544 386 748 442 vixisse
782 383 1074 455 signiﬁcat.
1115 381 1172 438 Si
1198 396 1330 453 ergo
1363 383 1416 436 in
1451 384 1631 436 anima
1664 380 1861 436 dicitur
1885 397 1969 435 re-
1998 384 2045 438 Α
2073 394 2304 434 reretttr.
2346 380 2455 434 Sed
2497 393 2563 434 ne
2606 377 2732 447 quis
2757 376 2837 448 (9)
2862 378 2966 431 hoc
2996 375 3255 433 mandato
3299 377 3438 445 legis
3482 381 3659 434 ascri-

393 481 599 534 vixisse
649 485 933 546 peccatum
961 514 976 539 ,
1014 472 1288 541 quomodo
1335 472 1388 527 hi
1443 472 1509 526 de
1554 473 1658 526 hoc
1711 487 1966 527 sermone

389 566 630 640 Apostoli
675 580 784 635 quo
829 564 939 625 ait,
982 580 1002 614 ι
1037 563 1150 631 Ego
1198 573 1378 618 autem
1411 563 1659 618 vivebam
1695 562 1813 617 sine
1847 562 1965 630 lege

391 657 703 728 aliquando,
742 674 762 707 ι
797 656 989 719 dogma
1023 653 1567 725 μετενσωματώσεως
1593 654 1963 719 introducunt,

337 750 343 765 '
390 749 533 818 quod
562 746 774 802 animas
810 745 1087 800 hominum
1121 745 1267 815 prius
1298 745 1350 799 in
1376 744 1670 815 pecudibus
1692 784 1708 809 ,
1737 744 1821 799 vel
1853 746 1966 799 avi-

386 838 526 904 bus,
569 848 661 891 aut
706 836 944 905 piscibus
990 837 1150 890 docet
1188 832 1357 890 fuisse
1380 874 1398 901 ,
1428 845 1484 889 et
1513 835 1594 890 sic
1621 838 1689 890 ad
1721 836 1965 891 homines

385 928 606 983 venisse
639 945 653 983 :
688 937 742 982 et
768 936 1056 995 propterea
1093 926 1169 995 (5)
1202 927 1404 982 dixisse
1424 926 1767 997 Apostolum,
1802 945 1822 978 ι
1854 926 1966 997 Ego

385 1029 566 1074 autem
621 1019 867 1074 vivebam
917 1022 1035 1075 sine
1085 1021 1206 1089 lege
1258 1019 1584 1089 aliquando,
1633 1038 1651 1070 ι
1685 1018 1841 1089 quasi
1872 1019 1963 1088 qui

386 1118 680 1177 antequam
717 1110 769 1163 in
799 1110 903 1163 huc
924 1125 1123 1179 corpus
1150 1111 1363 1164 veniret
1388 1112 1681 1165 humanum
1704 1150 1719 1174 ,
1770 1111 1967 1166 vixerit

386 1200 441 1254 in
471 1215 537 1254 eo
568 1201 761 1255 ordine
789 1200 961 1273 (verbi
995 1202 1192 1271 gratia)
1223 1213 1315 1256 aut
1348 1202 1528 1256 avium
1549 1242 1564 1267 ,
1613 1211 1706 1257 aut
1756 1203 1965 1257 anima-

385 1292 557 1357 lium,
620 1293 711 1348 ubi
764 1292 852 1347 lex
904 1294 1048 1348 nulla
1108 1294 1421 1349 haberetur.
1494 1293 1814 1361 Quomodo,
1887 1295 1967 1349 in-

385 1400 550 1453 quam
586 1386 703 1457 (6),
755 1385 823 1441 ad
872 1385 975 1441 hoc
1024 1395 1279 1455 poterunt
1323 1386 1692 1455 respondere,
1740 1401 1862 1440 cum
1910 1386 1962 1440 in

386 1479 569 1532 anima
596 1493 704 1533 non
734 1493 907 1547 nuper
936 1488 1223 1544 exortum,
1252 1480 1346 1534 sed
1372 1480 1518 1548 quod
1544 1488 1665 1534 erat
1695 1489 1964 1533 mortuum

386 1569 534 1625 dicat
558 1568 827 1624 revixisse
846 1570 1170 1637 peccatum?
1202 1572 1267 1624 Et
1289 1578 1497 1626 certum
1523 1582 1606 1625 est
1632 1573 1774 1641 quod
1800 1570 1847 1625 is
1871 1571 1963 1641 qui

387 1662 705 1725 reviviscit,
740 1661 877 1714 vixit
909 1662 1224 1731 aliquando.
1266 1661 1551 1732 Nunquam
1603 1678 1737 1733 ergo
1781 1665 1963 1718 anima

2071 471 2262 535 heret,
2309 469 2450 539 quod
2485 466 2780 524 occasione
2810 466 3064 536 praseepti
3095 481 3126 519 a
3156 475 3388 535 peccato
3413 468 3531 537 (1(1)
3564 485 3656 524 se-

2070 558 2232 612 ducta
2259 567 2343 613 est
2372 558 2553 612 anima
2578 566 2633 611 et
2665 556 2849 612 occisa
2871 593 2888 620 ,
2936 555 3215 627 subjungit
3255 556 3579 624 Apostolus,
3605 570 3660 612 et

2070 651 2249 706 dicit:
2293 668 2311 702 ι
2355 651 2542 720 itaque
2590 650 2678 704 lex
2723 649 2941 719 quidem
2989 659 3171 703 sancta
3199 688 3217 715 ,
3248 664 3305 704 et
3334 652 3657 706 mandatum

2071 751 2344 808 sanctum,
2396 750 2452 795 et
2492 741 2726 811 justum,
2752 749 2810 795 et
2841 739 3062 796 bonum.
3101 760 3120 793 ι
3157 742 3364 797 Bonum
3415 758 3659 813 namque

2071 841 2156 887 est
2201 833 2533 898 mandatum,
2584 840 2641 885 et
2684 830 2767 885 lex
2795 839 2983 885 sancta
3013 840 3116 885 est.
3156 829 3306 886 Bona
3335 832 3484 885 enim
3513 848 3657 900 pra:-

2072 924 2236 994 cipit,
2283 934 2340 979 et
2384 924 2650 979 bonorum
2694 924 3098 978 observantiam
3151 926 3391 979 mandat.
3440 944 3461 975 ι
3496 925 3656 991 Quod

2072 1030 2256 1084 ergo,»
2292 1013 2489 1084 inquit,
2528 1032 2545 1064 ι
2579 1015 2778 1068 bonum
2810 1023 2914 1082 est,
2947 1016 3078 1070 mibi
3107 1030 3254 1071 mors
3283 1017 3403 1071 es”
3436 1016 3653 1070 Absit.»

2072 1105 2449 1173 Objectionem
2500 1105 2704 1161 refellit
2751 1107 3062 1163 necessario
3108 1120 3570 1179 consurgentem,
3604 1120 3659 1164 et

2072 1198 2244 1251 dicit:
2282 1196 2401 1252 Non
2431 1198 2572 1266 quod
2600 1196 2807 1252 bonum
2857 1197 2991 1267 legis
3033 1206 3089 1253 et
3131 1200 3370 1254 mandati
3414 1211 3656 1256 mortem

2073 1292 2204 1347 mihi
2256 1292 2537 1358 intulerit;
2593 1310 2611 1343 ι
2642 1292 2737 1347 sed
2783 1302 3104 1362 peceatum,
3139 1311 3160 1346 ι
3217 1294 3433 1363 inquit,
3476 1313 3499 1347 ι
3532 1304 3599 1348 ιιι
3633 1313 3655 1347 ι

2071 1401 2234 1457 quam
2268 1386 2512 1454 iniquum
2542 1385 2614 1439 sit
2648 1403 2667 1437 ι
2710 1394 3008 1455 appareat,
3036 1401 3134 1456 per
3162 1385 3359 1442 bonum
3394 1388 3531 1441 mihi
3568 1388 3660 1442 in-

2075 1478 2196 1533 tulit
2224 1489 2453 1532 mortem
2486 1477 2625 1549 (11).
2660 1496 2680 1530 ι
2718 1478 2926 1533 Bonum
2955 1493 3192 1547 namque
3221 1489 3306 1534 est
3334 1482 3661 1534 mandatum

2071 1585 2196 1624 cum
2241 1578 2493 1624 servatur
2528 1587 2542 1623 :
2576 1569 2621 1624 si
2672 1584 2803 1624 vero
2848 1585 2953 1623 non
2995 1579 3281 1635 servetur,
3336 1571 3665 1627 necessario

2073 1660 2273 1715 malum
2327 1662 2433 1715 erit
2480 1659 2555 1715 illi
2612 1660 2708 1731 qui
2753 1661 3048 1731 perdiderit
3094 1663 3317 1718 bonum.
3379 1662 3472 1720 Fit
3518 1681 3665 1738 ergo

387 1755 444 1809 in
488 1770 553 1809 eo
582 1753 779 1807 ordine
830 1752 996 1808 fuisse
1026 1754 1302 1809 videbitur
1325 1795 1340 1821 ,
1390 1756 1480 1809 ubi
1527 1764 1811 1823 peccatum
1852 1757 1969 1813 sine
2000 1741 2042 1795 Β
2077 1771 2096 1805 ι
2135 1752 2311 1821 ipsum
2345 1759 2631 1822 peccatum
2665 1765 2827 1821 supra
2856 1750 3073 1807 modum
3108 1764 3362 1824 peccator
3392 1773 3413 1806 ι
3446 1771 3518 1811 ex
3549 1772 3661 1813 oc-

389 1843 509 1911 lege
542 1859 643 1898 nec
675 1843 841 1899 fuisse
888 1844 1101 1914 potuit,
1131 1858 1231 1898 nec
1263 1846 1484 1902 vixisse.
1525 1845 1652 1902 Haec
1681 1849 1966 1903 adversum

387 1934 510 1991 illos
537 1935 681 1991 dicta
719 1935 831 1989 sint
855 1974 869 1997 ,
921 1936 1013 2003 qui
1042 1935 1282 2005 Apostoli
1327 1950 1637 1992 sermonem
1668 1939 1734 1991 ad
1771 1940 1965 2009 dogma

389 2024 615 2094 impium
642 2024 886 2079 trahunt.
927 2024 1040 2080 Nos
1083 2036 1264 2081 autem
1314 2037 1543 2082 mortem
1591 2028 1733 2085 hanc
1761 2032 1965 2100 peccati

385 2114 649 2170 beneﬂcio
680 2115 772 2170 Dei
803 2116 984 2170 datam
1029 2116 1260 2172 dicinms
1309 2127 1553 2189 tempore
1581 2134 1680 2182 eo,
1712 2136 1820 2190 quo
1850 2123 1968 2178 sine

386 2204 506 2274 lege
536 2203 876 2260 vivebamus.
900 2205 1053 2271 Quod
1082 2214 1137 2260 et
1162 2206 1207 2261 si
1238 2206 1491 2263 veniente
1517 2208 1792 2275 mandato,
1822 2211 1967 2279 quod

391 2313 412 2347 ι
446 2304 503 2351 et
527 2306 801 2360 Sanctum,
829 2296 1136 2364 etjustum,
1168 2307 1223 2351 et
1253 2296 1452 2352 bonum
1485 2307 1589 2362 est,
1630 2317 1650 2352 ι
1693 2301 1969 2357 reviviscit

386 2389 445 2445 in
474 2390 629 2445 nobis
656 2398 964 2459 peccatum,
985 2399 1041 2444 et
1065 2390 1268 2446 occidit
1297 2406 1399 2445 nos
1432 2392 1479 2461 (ι
1517 2402 1796 2462 peccatum
1821 2395 1965 2449 enim

386 2491 609 2551 accepta
638 2481 924 2537 occasione
954 2495 1052 2550 per
1076 2484 1390 2536 mandatum
1415 2484 1629 2538 seduxit
1656 2500 1761 2550 me,
1788 2497 1840 2540 et
1872 2502 1969 2555 per

390 2568 521 2623 illud
574 2569 777 2624 occidit
812 2568 859 2641 ι)
891 2585 994 2624 non
1022 2579 1105 2624 est
1147 2569 1425 2624 accusatio
1460 2573 1696 2626 mandati
1735 2588 1830 2643 per
1865 2574 1968 2630 hoc

387 2663 535 2731 quod
570 2662 915 2716 occasionem
942 2677 1047 2732 qua
1074 2662 1277 2717 occidit
1312 2679 1401 2719 me
1441 2674 1721 2733 peccatum
1750 2668 1967 2724 venisse

385 2753 515 2808 dicit
560 2768 629 2809 cx
677 2755 967 2818 mandato,
999 2755 1095 2810 sed
1136 2755 1255 2809 haec
1291 2765 1377 2811 est
1411 2757 1541 2811 dicti
1587 2758 1747 2827 hnjns
1772 2775 1964 2816 conse-

385 2845 631 2912 quentia.
691 2844 799 2900 Lex
852 2846 1053 2901 dicitur
1080 2862 1204 2916 quae
1237 2847 1394 2902 docet
1435 2848 1563 2917 quid
1594 2848 1711 2904 ﬁeri
1750 2850 1964 2915 debeat,

383 2933 513 3002 quid
547 2935 761 3001 caveri;
797 2946 853 2990 et
895 2951 1118 2992 necesse
1148 2946 1231 2992 est
1259 2948 1314 2991 ιιι
1340 2938 1470 2992 illud
1507 2941 1651 3009 quod
1676 2941 1858 2995 caveri
1887 2943 1967 2996 di-

383 3026 481 3091 cit,
513 3026 737 3083 edoceat
770 3027 847 3100 (7)
882 3029 1043 3098 quale
1069 3031 1161 3094 sit,
1212 3045 1319 3099 quo
1350 3047 1445 3100 per
1472 3034 1575 3088 hoc
1601 3033 1785 3088 caveri
1821 3033 1960 3088 faci-

2071 1843 2296 1897 rasione
2342 1841 2607 1897 mandati.
2650 1841 2900 1898 Diximus
2935 1852 2992 1897 et
3020 1846 3272 1913 superius
3318 1848 3465 1915 quod
3491 1850 3663 1917 quasi

2071 1949 2362 2004 personam
2414 1934 2637 1989 ﬁnxerit
2692 1936 2900 2005 peccati
2923 1977 2939 1999 ,
2977 1945 3033 1991 et
3071 1937 3139 1990 de
3166 1936 3276 2005 ipsa
3307 1939 3451 1993 dicat
3483 1956 3661 2010 supra

2072 2024 2287 2080 modum
2336 2035 2676 2095 peccatorem
2708 2024 2961 2081 eﬁ'ectum
3008 2027 3181 2096 ipsum
3214 2040 3496 2097 peccatum
3525 2069 3544 2096 ,
3588 2032 3666 2086 de

2071 2114 2228 2185 cujus
2250 2129 2484 2184 persona
2514 2114 2794 2184 loquitur,
2820 2130 2886 2171 ex
2919 2117 3214 2173 occasione
3240 2122 3500 2174 mandati.
3543 2122 3663 2176 κιο

2071 2221 2172 2262 nus
2208 2207 2351 2261 enim
2383 2205 2593 2275 peccati
2618 2214 2703 2260 est
2731 2204 2845 2277 (l2)
2866 2245 2881 2268 ,
2913 2206 2961 2261 si
2988 2205 3038 2260 id
3066 2207 3210 2276 quod
3241 2224 3347 2263 non
3382 2211 3665 2278 prohibe-

2070 2307 2160 2353 tur
2191 2297 2467 2353 admittas.
2512 2295 2571 2352 Si
2605 2312 2741 2352 vero
2773 2298 2939 2353 vetita
2964 2307 3020 2353 et
3040 2298 3327 2354 interdicta
3353 2304 3667 2359 commise-

2071 2392 2171 2458 ris,
2201 2406 2363 2461 supra
2398 2390 2615 2445 modum
2636 2430 2653 2454 ,
2682 2398 2741 2446 ut
2772 2390 2846 2444 ita
2877 2390 3076 2455 dicam,
3100 2403 3355 2463 peccator
3376 2409 3439 2451 es
3467 2413 3483 2450 :
3518 2398 3660 2465 quia

2072 2497 2178 2536 non
2211 2481 2386 2537 solum
2419 2481 2743 2537 commisisti
2793 2481 2937 2549 quod
2981 2496 3088 2534 non
3135 2483 3402 2550 debuisti,
3452 2489 3551 2541 sed
3600 2499 3666 2543 et

2069 2582 2392 2643 praeceptum
2443 2572 2832 2642 praevaricatus
2880 2586 2961 2626 es.
3001 2570 3156 2637 Quod
3186 2583 3367 2629 autem
3406 2577 3666 2632 diximus

2074 2682 2093 2716 ι
2129 2673 2411 2733 peccatum
2443 2674 2720 2735 peccator,
2756 2684 2777 2718 ι
2829 2666 3124 2723 maluimus
3159 2668 3351 2724 vitium
3377 2674 3671 2728 sermonis

2071 2755 2342 2825 recipere,
2364 2772 2527 2827 quam
2553 2771 2772 2813 sensum
2794 2758 3040 2830 Apostoli
3079 2773 3185 2814 non
3221 2760 3433 2830 integre
3459 2764 3666 2831 expri-

2070 2862 2221 2903 mere
2253 2862 2268 2901 :
2306 2849 2429 2917 quia
2465 2849 2518 2903 in
2556 2848 2753 2906 Latino
2796 2866 3048 2908 sermone
3088 2854 3523 2919 angustavitpos
3552 2871 3669 2907 uo-

2070 2955 2194 2994 men
2229 2941 2464 3010 peccati,
2484 2943 2631 3010 quod
2661 2951 2853 2998 neutro
2874 2959 3072 3013 genere
3096 2943 3400 3000 declinatur
3432 2958 3448 2994 :
3482 2945 3671 3019 586

2070 3028 2122 3082 in
2145 3027 2336 3086 Graeco
2365 3044 2494 3085 vero
2517 3031 2834 3086 femininum
2858 3033 3151 3101 est;etideo
3165 3041 3501 3101 peccatorem
3523 3054 3669 3094 eum

382 3114 488 3171 lius
516 3118 708 3186 possit.
750 3116 920 3173 Nemo
964 3120 1110 3172 enim
1157 3128 1334 3189 potest
1378 3121 1550 3176 vitare
1593 3125 1733 3189 quod
1766 3124 1958 3179 nescit.
1988 3110 2031 3166 C
2070 3134 2168 3173 nos
2193 3119 2584 3190 appellavimus
2615 3139 2630 3176 :
2670 3137 2795 3177 nam
2829 3122 2903 3178 ibi
2935 3123 3215 3193 peccatrix
3259 3127 3522 3196 appellari
3553 3145 3669 3199 po-

384 3208 441 3262 Si
469 3209 595 3277 quis
624 3225 757 3278 ergo
788 3209 1010 3265 edoctus
1037 3225 1134 3279 per
1163 3211 1333 3280 legem
1375 3212 1534 3281 quale
1565 3215 1636 3269 sit
1663 3215 1792 3268 illud
1821 3217 1961 3284 quod

384 3317 578 3357 cavere
609 3302 794 3366 debet.
839 3318 948 3358 non
981 3313 1092 3357 tam
1124 3313 1337 3370 caveat,
1381 3321 1543 3374 quam
1577 3307 1744 3362 faciat
1790 3309 1916 3361 illud
1946 3327 1961 3375 ;

382 3395 671 3449 occasione
697 3396 913 3463 quidem
952 3396 1086 3464 legis
1115 3411 1221 3450 non
1270 3396 1535 3452 faciendae
1566 3400 1640 3453 rei
1676 3400 1962 3455 scientiam

384 3487 660 3541 videbitur
704 3490 983 3557 accepisse
1029 3507 1042 3543 :
1083 3490 1177 3545 sed
1207 3489 1292 3545 lex
1324 3506 1429 3544 non
1470 3490 1675 3546 idcirco
1710 3509 1832 3547 eum
1861 3494 1961 3549 do-

382 3591 575 3635 cuerat
608 3591 668 3636 ιιι
701 3580 908 3636 faceret
941 3583 1084 3651 quod
1116 3598 1226 3637 non
1250 3584 1501 3650 debebat,
1537 3595 1593 3640 et
1623 3596 1960 3653 moreretur;

382 3675 479 3728 sed
508 3684 564 3727 ut
598 3689 701 3729 non
729 3673 955 3738 faceret,
992 3684 1047 3730 et
1072 3675 1298 3731 viveret.
1346 3676 1437 3731 Sic
1459 3691 1589 3746 ergo
1634 3695 1653 3729 ι
1677 3688 1961 3745 peccatum

380 3765 673 3819 occasione
702 3774 924 3835 accepta
949 3781 1044 3834 per
1070 3767 1385 3822 mandatum
1418 3768 1636 3823 seduxit
1660 3783 1764 3833 me,
1789 3777 1844 3823 et
1871 3785 1965 3839 per

383 3856 515 3910 illud
548 3857 768 3912 occidit.
795 3877 814 3911 ι
858 3859 967 3913 Aut
1001 3869 1151 3914 certe
1176 3859 1301 3929 quia
1329 3860 1469 3914 dixit
1498 3859 1598 3931 (8),
1633 3878 1653 3911 ι
1677 3860 1962 3915 Peccatum

383 3963 483 4018 per
512 3950 826 4004 mandatum
870 3951 1086 4005 seduxit
1128 3966 1234 4016 me,
1268 3960 1323 4007 et
1372 3966 1471 4023 per
1514 3953 1643 4008 illttd
1673 3953 1894 4020 occidit,
1939 3973 1957 4005 ι

384 4049 567 4108 potest
593 4041 680 4093 hic
715 4057 733 4089 ι
768 4049 1051 4108 peccatum
1080 4059 1098 4092 ι
1138 4042 1220 4097 vel
1250 4042 1425 4110 ipsum
1452 4056 1730 4101 auctorem
1763 4046 1965 4101 dixisse

382 4130 633 4198 peccati,
667 4129 733 4183 de
780 4144 887 4198 quo
929 4130 1193 4197 scriptum
1235 4142 1319 4186 est
1356 4151 1371 4188 :
1412 4151 1432 4184 ι
1467 4133 1710 4203 Serpens
1751 4136 1966 4190 seduxit

383 4233 473 4274 tne
502 4217 549 4249 °°
582 4238 597 4275 :
637 4238 657 4271 ι
701 4220 783 4274 vel
814 4219 979 4274 etiam
1012 4237 1301 4290 personam
1329 4221 1553 4279 ﬁnxisse
1580 4227 1812 4294 peccati,
1844 4242 1965 4295 qua:

382 4313 501 4365 visa
531 4312 602 4366 sit
637 4311 912 4366 hominem
953 4313 1237 4369 seduxisse
1283 4317 1573 4369 occasione
1602 4317 1873 4381 mandati,
1906 4327 1962 4371 ut

380 4416 604 4457 suavem
630 4401 837 4457 faceret
866 4403 1458 4473 concupiscentiatn,et
1479 4405 1661 4459 anima
1687 4406 1815 4460 dum
1838 4422 1964 4462 sua-

380 4494 551 4548 vitate
615 4494 1078 4562 concupiscentia:
1148 4493 1493 4561 delectatur,
1545 4497 1960 4566 praevaricando

381 4586 697 4639 mandatum
726 4587 871 4655 quod
906 4586 1144 4652 dicebat,
1195 4604 1214 4639 ι
1245 4603 1350 4642 non
1381 4588 1758 4659 concupisces,
1798 4608 1817 4643 ι
1847 4606 1963 4646 ιιιο-

448 4679 497 4711 ⁸⁹
526 4678 665 4734 Gen.
708 4694 789 4748 ιιι,
816 4680 903 4735 15.

454 4777 535 4849 (5)
579 4777 669 4831 Sic
715 4793 848 4851 mss.
896 4776 1133 4851 codices.
1176 4779 1314 4834 Editi
1345 4796 1507 4851 vero,
1544 4801 1562 4834 ι
1597 4785 1866 4851 quomodo
1895 4785 1961 4839 de

381 4849 486 4902 hoc
539 4863 789 4920 sermone
824 4849 1116 4920 Apostolus
1159 4851 1235 4903 ait
1287 4868 1300 4904 :
1352 4849 1464 4920 Ego
1505 4849 1681 4906 autem
1722 4855 1961 4907 vivebam

376 4920 490 4993 sine
536 4918 647 4993 (ραι
705 4914 1017 4993 aliquando.
1080 4914 1430 4993 Respondeth
1479 4922 1962 4993 l’ythagorizantes

377 4988 619 5062 lueretici
662 4988 760 5062 qui
786 4989 981 5062 docent
1027 4988 1242 5062 animas
1264 4988 1558 5062 hominum
1590 4988 1740 5062 prius
1776 5011 1826 5046 ιιι
1867 5011 1961 5062 pe-

376 5057 608 5129 cudibus
630 5096 645 5121 ,
665 5058 761 5129 Avel
795 5058 987 5111 avibus
1008 5096 1025 5121 ,
1060 5070 1150 5112 aut
1188 5059 1427 5129 piscibus
1455 5057 1657 5127 fuisse,
1685 5077 1741 5118 et
1781 5057 1958 5119 sic—ad

378 5127 629 5182 homines
656 5124 900 5191 ﬂuxisse,
936 5124 1240 5196 prepterea,
1286 5147 1304 5180 ι
1335 5144 1442 5184 etc.

450 5198 525 5268 (6)
566 5197 730 5261 Editi,
763 5216 781 5248 ι
817 5199 1012 5266 inquit,
1052 5217 1071 5249 ι
1112 5200 1270 5253 male.

450 5268 658 5340 (7)”Sic
687 5279 836 5324 recte
862 5285 966 5323 ms.
999 5286 1153 5340 unus
1188 5269 1391 5340 llegius
1422 5285 1569 5324 num.
1606 5269 1763 5325 1659.
1807 5270 1958 5326 Alter

375 5352 507 5393 vero
534 5339 734 5405 Regius
771 5355 921 5393 num.
956 5337 1113 5402 l6“,
1151 5358 1170 5392 ι
1200 5350 1249 5395 et
1274 5337 1505 5410 necesse
1531 5341 1658 5395 illud
1686 5343 1830 5410 quod
1869 5357 1961 5395 ca-

377 5410 491 5459 veri
528 5410 681 5472 dicit,
720 5418 776 5463 ut
809 5410 1025 5472 doceat,
1068 5428 1086 5460 ι
1122 5420 1229 5463 etc.
1272 5409 1413 5463 Editi
1442 5421 1494 5463 et
1531 5410 1806 5479 liabatttts,
1851 5429 1868 5462 ι
1908 5424 1961 5465 rt

376 5492 597 5551 necesse
641 5488 729 5551 est
771 5481 899 5533 illud
951 5488 1010 5533 ut
1055 5481 1233 5533 caveri
1276 5481 1422 5534 dicat
1472 5480 1795 5551 (Rabanns,
1845 5501 1863 5532 ι
1906 5492 1963 5536 ut

374 5548 515 5619 quod
552 5549 732 5602 caveri
766 5551 897 5603 dicit
947 5554 991 5619 t)
1026 5562 1080 5602 et
1105 5552 1318 5614 doceat,
1360 5569 1377 5600 ι
1415 5548 1522 5603 etc.

372 5642 392 5739 ἰ
445 5617 527 5741 (81)-
566 5619 735 5740 ᾼέιειδ,
776 5620 912 5674 «Aut
935 5617 1085 5674 certe
1112 5621 1380 5692 qttia(at.,
1415 5623 1599 5691 «quod
1636 5623 1684 5690 ι)
1708 5623 1959 5692 lteqncn-

398 5704 457 5741 cr
484 5715 495 5738 ι
523 5704 590 5741 ixi
628 5726 639 5739 .
686 5706 703 5737 ι

375 5694 457 5741 ter
484 5688 639 5741 dixit.
686 5706 703 5737 ι

2072 3220 2192 3267 test.

2138 3306 2195 3361 9.
2237 3324 2256 3357 ι
2282 3304 2501 3363 Scimus
2523 3310 2669 3363 enim
2695 3310 2820 3379 quia
2854 3308 2938 3364 lex
2966 3309 3226 3380 spiritalis
3255 3320 3341 3365 est
3365 3326 3382 3365 :
3414 3329 3520 3382 ego
3550 3329 3667 3370 au-

2069 3410 2175 3454 tem
2212 3401 2455 3457 carnalis
2485 3417 2628 3466 sum,
2672 3406 3015 3457 venundatus
3057 3401 3159 3456 sub
3206 3413 3448 3470 peccato.
3492 3404 3666 3472 Quod

2066 3491 2207 3546 enim
2240 3506 2456 3562 Operor,
2477 3493 2824 3563 ignoroznon
2842 3493 2988 3548 enim
3070 3493 3213 3562 quod
3244 3493 3667 3565 volo(15),boe

2066 3600 2201 3652 agn;
2240 3585 2332 3639 sed
2365 3586 2506 3654 quod
2535 3585 2647 3647 odi,
2677 3584 2808 3639 illud
2837 3584 2996 3640 facio.
3029 3585 3085 3640 Si
3113 3598 3294 3640 autem
3326 3590 3467 3656 quod
3496 3589 3660 3654 nolo,

2067 3674 2197 3729 i'lud
2227 3676 2393 3739 facio,
2429 3676 2708 3731 consentio
2737 3676 2863 3745 legi,
2899 3676 3158 3745 quoniam
3196 3677 3333 3732 bona
3359 3688 3463 3733 est.
3490 3678 3661 3742 Nunc

2073 3776 2252 3821 autem
2293 3765 2406 3832 jam
2436 3781 2541 3820 non
2582 3780 2682 3836 ego
2723 3779 2919 3835 operor
2947 3765 3075 3821 illud
3096 3806 3112 3831 ,
3148 3768 3241 3822 sed
3268 3770 3408 3838 quod
3434 3767 3663 3823 habitat

2068 3858 2119 3910 in
2154 3870 2240 3910 me
2270 3866 2578 3925 peccatum.
2622 3858 2749 3913 Scio
2797 3858 2942 3912 enim
2992 3860 3123 3928 quia
3173 3876 3283 3914 non
3336 3860 3549 3915 habitat
3593 3862 3657 3917 in

2068 3961 2174 4011 me,
2212 3946 2315 4002 hoc
2342 3956 2427 4002 est
2455 3947 2508 4001 in
2539 3960 2706 4003 carne
2731 3962 2870 4010 mea,
2898 3948 3125 4002 bonmn.
3191 3947 3336 4001 Velle
3359 3949 3510 4003 enim
3546 3950 3655 4003 ad-

2061 4037 2210 4106 jacet
2241 4039 2374 4093 mihi
2422 4056 2437 4093 :
2489 4038 2748 4107 perficere
2790 4048 2969 4093 autem
3023 4039 3223 4093 bonum
3254 4052 3359 4093 non
3403 4040 3653 4095 invenio.

2066 4131 2182 4187 Non
2213 4133 2358 4186 enim
2390 4132 2535 4200 quod
2566 4131 2687 4185 volo
2720 4130 2863 4186 facio
2901 4132 3135 4197 bonum;
3179 4130 3273 4185 sed
3324 4131 3467 4199 quod
3520 4130 3657 4186 nolo

2067 4222 2291 4287 malum,
2329 4222 2433 4277 hoc
2459 4238 2582 4291 ago.
2625 4223 2684 4278 Si
2711 4231 2892 4278 autem
2921 4223 3033 4293 (14)
3062 4223 3205 4291 quod
3238 4222 3387 4288 nolo,
3428 4237 3531 4292 ego
3562 4224 3655 4278 fa-

2066 4314 2178 4379 cio,
2212 4328 2319 4368 non
2342 4314 2452 4383 jam
2488 4329 2591 4384 ego
2622 4328 2822 4382 operor
2847 4314 2996 4375 illud,
3043 4312 3136 4366 sed
3163 4313 3308 4382 quod
3349 4313 3564 4367 habitat
3593 4315 3651 4368 in

2074 4422 2160 4461 me
2194 4416 2495 4476 peccatum.
2537 4404 2763 4460 invenio
2807 4404 2972 4473 igitur
3007 4404 3175 4473 legem
3202 4446 3217 4471 ,
3259 4402 3460 4457 volenti
3512 4404 3649 4458 mihi

2068 4498 2250 4554 facere
2280 4497 2520 4561 bonum,
2555 4497 2809 4565 quoniam
2841 4496 2972 4549 mihi
3004 4494 3202 4549 malum
3232 4495 3465 4564 adjacet.
3506 4495 3657 4549 Cou-

2073 4588 2315 4646 delector
2340 4588 2485 4643 enim
2519 4588 2621 4659 legi
2663 4587 2757 4643 Dei
2788 4593 3085 4645 secundum
3123 4588 3439 4643 interiorem
3473 4589 3653 4642 homi-

2135 4777 2213 4849 (9)
2248 4776 2402 4849 Quis.
2436 4775 2617 4849 Deest
2641 4774 2718 4849 “in
2768 4774 2949 4830 editis.
3006 4774 3155 4828 Alias
3177 4814 3194 4840 ,
3249 4792 3267 4824 ι
3301 4772 3408 4829 Sed
3440 4791 3504 4831 ne
3545 4778 3651 4833 hoc

2065 4846 2317 4904 mandato
2345 4846 2480 4915 legis
2509 4846 2896 4908 ascriberetur,
2941 4865 2960 4897 ι
2990 4857 3097 4899 etc.

2133 4916 2248 4986 (10)
2290 4918 2328 4969 Α
2362 4914 2595 4986 peccato.
2635 4915 2983 4971 Desideratur
3015 4916 3067 4986 in
3093 4922 3250 4967 antea
3279 4914 3463 4970 editis.

2134 4984 2459 5058 (llnglias,
2488 4984 2633 5058 (Nam
2664 4988 2805 5058 quod
2830 4986 3027 5058 bunum
3052 4985 3185 5058 legis
3212 4994 3268 5037 et
3294 4988 3642 5058 mandatum»

2062 5052 2159 5126 (al.
2202 5052 2348 5113 «Non
2375 5056 2516 5125 quod
2544 5055 2741 5109 bonum
2766 5056 2901 5126 legis
2924 5052 3292 5126 mandatum.)
3313 5052 3426 5126 AL,
3458 5056 3646 5123 tQuod

2062 5123 2166 5183 non
2201 5123 2404 5182 bonum
2434 5126 2568 5195 legis
2596 5123 2964 5191 ctmandatii)
2999 5123 3284 5191 intulerit;
3328 5125 3423 5179 sed
3448 5142 3647 5193 pecca-

2061 5212 2197 5262 tum,
2233 5198 2430 5267 inquit,
2465 5205 2523 5249 ttt
2550 5209 2615 5251 eo
2641 5199 2787 5266 quod
2816 5199 3060 5267 iniquum
3093 5196 3187 5258 sit,
3235 5211 3332 5267 per
3360 5197 3589 5260 bonum,
3619 5217 3641 5250 ι

2058 5270 2153 5330 ειΙ..
2189 5277 2278 5321 «ιιι
2306 5264 2431 5335 quia
2456 5264 2699 5333 iniquum
2729 5267 2932 5334 sit,pcr
2958 5265 3212 5317 bonum.)
3248 5264 3335 5319 Al.
3368 5276 3453 5318 tut
3477 5284 3644 5333 quam

2060 5341 2301 5408 iniquum
2327 5340 2397 5390 sit
2432 5351 2843 5404 cognoscerem,
2869 5350 2966 5404 per
2994 5336 3215 5398 bonum,
3239 5353 3255 5383 ι
3282 5335 3416 5389 mihi
3446 5353 3646 5405 opera-

2060 5424 2168 5463 tum
2203 5417 2286 5461 est
2319 5418 2569 5463 mortem.
2607 5424 2626 5458 ι

2131 5480 2242 5548 (19.)
2282 5476 2383 5529 Ms.
2413 5492 2585 5539 unus,
2626 5494 2644 5548 ι
2684 5474 2859 5548 Minus
2888 5476 3029 5548 enim
3061 5485 3495 5548 peccatores,»
3530 5489 3643 5533 ctc.

2131 5482 2219 5548 (l9.
2282 5482 2383 5529 Ms.
2413 5492 2585 5539 unus,
2626 5494 2644 5527 ι
2685 5482 2859 5530 Minus
2888 5482 3029 5529 enim
3077 5485 3333 5541 peccator
3357 5491 3437 5535 es,
3477 5494 3495 5527 ι
3530 5489 3643 5533 ctc.

2131 5482 2244 5617 (l5;
2288 5548 2379 5601 Sic
2424 5561 2556 5601 mss.
2590 5545 2832 5616 plerique
2883 5558 2936 5598 et
2976 5544 3250 5598 Rabanns.
3302 5546 3644 5617 rl‘LtlllerCI‘O,

2065 5640 2081 5671 ι
2117 5620 2258 5689 quod
2289 5617 2408 5689 volo
2439 5617 2637 5689 bonum
2663 5633 2677 5681 ;
2705 5635 2722 5689 ι
2761 5617 2975 5681 deinde,
3018 5634 3036 5666 ι
3071 5618 3213 5684 quod
3244 5616 3332 5669 odi
3369 5616 3590 5670 malum.
3620 5650 3635 5673 .

2133 5684 2245 5759 (14)
2286 5687 2451 5753 Edili,
2491 5705 2509 5737 ι
2551 5684 2607 5740 Si
2638 5686 2801 5752 enim,
2840 5705 2856 5738 t
2893 5690 3051 5741 male.
