3986 6206
260 238 418 297 1085

1235 232 1593 291 COMMENT.
1634 232 1703 288 ΙΝ
1744 232 1962 291 EPIST.
1994 234 2084 289 AD
2116 232 2286 291 ROM.
2325 233 2455 290 LIB.
2484 232 2574 291 Vl.

3400 236 3538 298 1086

260 373 394 415 Item
444 373 461 413 ι
502 355 662 415 video
706 362 889 411 autem
924 354 1087 411 aliam
1120 352 1295 425 legem
1330 355 1383 410 in
1416 356 1676 412 membris
1724 356 1857 411 meis
1889 363 1933 417 Α
1963 354 2115 421 Quod
2150 371 2280 410 vero
2326 350 2552 422 dicit”
2590 355 2701 427 Ego
2733 365 2913 410 autem
2962 355 3201 413 carnalis
3241 372 3364 413 sum
3388 401 3401 425 ,
3442 375 3539 415 ve-

261 458 668 520 repugnantem
696 447 797 518 legi
827 446 1026 505 mentis
1053 461 1221 511 meat,
1247 457 1302 502 et
1329 446 1601 516 captivum
1633 462 1719 501 me
1756 448 1857 501 du-

194 564 211 573 ι
267 551 492 598 centem
525 540 578 596 in
612 541 728 611 lege
753 539 999 609 peccati,
1047 553 1169 608 quae
1202 547 1286 592 est
1320 539 1374 593 in
1406 538 1664 593 membris
1697 537 1854 593 meis.

262 633 438 690 Miser
459 648 562 703 ego
588 633 772 696 homo,
807 632 930 701 quis
958 647 1043 685 me
1075 632 1326 687 liberabit
1361 633 1426 685 de
1456 645 1684 700 corpore
1712 645 1859 686 mor-

263 728 341 783 tis
377 726 576 794 huius?
605 724 794 780 Gratia
827 723 922 783 Dei
956 723 1068 792 (l5)
1112 739 1210 794 per
1239 722 1421 777 Jesum
1449 722 1725 779 Christum
1753 724 1858 779 Do—

262 818 476 871 minuto
524 826 771 873 nostrum
798 816 844 851 ἰ
875 856 890 873 .
923 834 945 867 ι
998 816 1056 871 Si
1107 816 1191 873 cui
1241 815 1382 871 forte
1424 814 1512 869 illa
1562 816 1853 885 expositio,

261 923 431 977 quam
478 909 546 963 de
590 908 770 976 legum
819 908 1137 965 diversitate
1183 911 1542 975 tenebamus,
1591 909 1858 967 violenter

260 1009 602 1070 praesumpta
650 999 974 1063 videbatur,
1007 998 1259 1055 advertat
1288 1015 1429 1056 nunc
1473 1000 1526 1055 in
1562 1001 1667 1055 hoc
1709 1001 1858 1069 capi-

263 1094 405 1157 toto,
437 1090 711 1160 quomodo
742 1090 858 1159 (16)
888 1105 992 1145 non
1027 1090 1201 1145 solum
1228 1091 1433 1160 legum,
1462 1091 1556 1146 sed
1588 1100 1642 1147 et
1676 1106 1858 1161 perso-

263 1199 467 1238 narum
497 1182 797 1237 diversitas
824 1183 1213 1238 introducitur.
1273 1184 1408 1240 Nam
1441 1184 1644 1239 Paulus
1673 1186 1765 1254 qui
1802 1185 1853 1237 in

261 1276 392 1330 aliis
426 1275 567 1329 dixit
597 1276 642 1308 ³²
669 1314 684 1337 ,
728 1293 748 1326 e
781 1272 892 1329 Nos
919 1276 1066 1329 enim
1094 1276 1147 1329 in
1180 1290 1345 1333 carne
1371 1278 1713 1333 ambulantes
1744 1292 1850 1331 non

262 1367 567 1423 secundum
660 1381 881 1423 carnem
927 1365 1228 1424 militamus
1269 1367 1383 1439 (17)
1407 1409 1425 1429 ,
1462 1386 1481 1420 ι
1520 1370 1571 1423 in
1602 1368 1853 1437 praesenti

262 1458 391 1514 loco
438 1459 571 1514 dicit
616 1474 679 1514 se
721 1475 843 1515 esse
892 1459 1169 1515 carnalem
1220 1478 1235 1514 :
1279 1469 1334 1514 et
1372 1461 1460 1514 hic
1491 1459 1594 1514 sub
1629 1469 1855 1528 peccato

263 1551 404 1607 dicit
436 1564 494 1606 se
526 1564 651 1606 esse
679 1551 1075 1614 venundatum,
1129 1551 1218 1619 qui
1271 1550 1325 1606 in
1367 1550 1490 1606 aliis
1523 1549 1659 1605 dixit
1686 1548 1799 1621 (18)
1838 1566 1851 1602 :

268 1657 289 1691 ι
324 1637 508 1695 Pretio
551 1641 721 1708 empti
777 1640 911 1697 suis
932 1640 1015 1706 ⁸³;
1060 1658 1078 1692 r
1123 1649 1178 1694 et
1227 1640 1420 1695 iterum
1469 1657 1485 1696 :
1551 1660 1569 1692 ι
1603 1639 1855 1696 Christus

1966 447 2238 502 nundatus
2286 446 2391 503 sub
2435 456 2681 518 peccato,
2715 466 2734 500 ι
2775 447 2863 502 hic
2903 448 3015 520 jam
3065 458 3321 518 tanquam
3349 448 3543 509 doctor

1963 536 2229 593 Ecclesiae
2261 552 2549 609 personam
2574 538 2626 594 iu
2660 540 3013 610 semetipsum
3044 540 3272 610 suscipit
3296 541 3543 595 inﬁrmo—

1964 644 2120 695 rum;
2158 640 2381 699 propter
2411 629 2556 699 quod
2610 638 2667 686 et
2713 629 2839 686 alibi
2893 629 3033 684 dixit
3068 647 3083 685 ;
3124 648 3142 681 ι
3180 628 3376 685 Factus
3423 646 3541 684 sum

1964 722 2198 777 iulirmis
2229 722 2477 780 infirmus
2497 762 2513 789 ,
2550 733 2612 777 ut
2640 722 2885 778 inlirmos
2915 721 3164 778 iucrarer
3187 723 3255 777 ’°.
3284 739 3304 774 ι
3358 721 3426 777 Ει
3456 722 3545 777 hic

1964 826 2094 882 ergo
2124 814 2515 870 inﬁrmioribus
2546 816 2855 885 quibusque
2876 853 2890 877 ,
2930 814 2981 869 id
3007 823 3090 869 est
3114 813 3423 867 carnalibus
3443 853 3459 880 ,
3491 823 3546 869 et

1963 907 2055 978 qui
2096 908 2197 961 sub
2249 917 2477 976 peccato
2522 906 2817 960 venundati
2866 914 3025 970 sunt,
3076 903 3307 959 edicitur
3346 904 3545 960 Paulus

1963 998 2207 1055 carnalis
2247 1008 2301 1052 et
2328 998 2429 1054 sub
2458 1007 2686 1068 peccato
2712 998 3080 1060 venundatus,
3126 1006 3180 1052 et
3214 997 3452 1065 loquitur
3482 1012 3544 1054 ea

1962 1105 2083 1160 qua:
2113 1090 2220 1146 illis
2252 1091 2399 1161 loqui
2432 1091 2600 1146 moris
2630 1100 2715 1144 est
2749 1090 2834 1144 vel
2863 1090 3230 1145 excusationis
3278 1090 3362 1145 vel
3392 1092 3548 1144 inert-

1963 1182 2195 1237 sationis
2245 1183 2495 1239 obtentu.
2548 1182 2637 1237 Ait
2667 1197 2797 1250 ergo
2837 1183 2903 1238 de
2945 1198 3003 1237 se
3046 1181 3157 1253 (26)
3191 1193 3445 1253 tanquam
3478 1199 3548 1241 ex

1964 1288 2199 1343 persona
2253 1274 2474 1329 illorum
2509 1273 2736 1341 loquens
2785 1291 2799 1327 :
2861 1293 2879 1325 ι
2924 1274 3036 1343 Ego
3088 1284 3268 1331 autem
3312 1276 3546 1331 carnalis

1963 1381 2105 1430 sum.
2154 1368 2501 1422 venundatus
2528 1364 2630 1419 sub
2662 1375 2882 1435 peccato
2917 1385 2933 1421 :
2970 1368 3071 1423 hoc
3121 1378 3202 1423 est
3249 1371 3543 1424 secundum

1962 1472 2185 1513 carnem
2215 1458 2434 1523 vivens,
2464 1468 2519 1513 et
2551 1462 2603 1514 in
2633 1461 2841 1531 peccati
2871 1470 3195 1530 potestatem
3226 1460 3464 1516 libidinis
3492 1470 3548 1517 et

1964 1550 2425 1620 concupiscentiae
2458 1551 2634 1622 pretio
2682 1554 2959 1607 redactus.
3009 1571 3027 1603 ι
3061 1552 3216 1618 Quod
3245 1552 3387 1607 enim
3413 1567 3546 1621 ope-

1966 1654 2059 1697 ror
2092 1640 2303 1709 ignoro.
2365 1640 2483 1697 Non
2516 1641 2661 1695 enim
2716 1642 2859 1710 quod
2910 1641 3029 1695 volo
3073 1642 3245 1708 facio;
3279 1643 3373 1697 sed
3402 1642 3544 1712 quod

263 1743 369 1785 nos
397 1728 626 1784 redemit
660 1730 743 1796 “;
782 1750 804 1782 ι
851 1739 906 1785 et
953 1745 1172 1785 rursum
1206 1730 1258 1784 in
1289 1728 1415 1785 aliis
1449 1731 1579 1787 dicit
1612 1749 1626 1786 :
1668 1749 1687 1782 ι
1726 1730 1860 1785 Vivo
1891 1726 1933 1781 B
1963 1733 2091 1795 odi,
2123 1734 2226 1789 hoc
2253 1748 2376 1801 ago.
2418 1751 2436 1784 ι
2475 1731 2629 1798 Quod
2659 1749 2791 1800 ergo
2816 1733 2925 1799 ait,
2963 1735 3091 1802 quia
3126 1752 3145 1785 ι
3184 1734 3369 1801 ignoro
3402 1737 3545 1801 quod

264 1833 483 1886 autem,
521 1836 631 1877 non
656 1822 769 1891 jam
794 1838 922 1892 ego,
952 1822 1085 1877 vivit
1117 1838 1250 1877 vero
1281 1823 1332 1875 in
1366 1837 1452 1877 me
1473 1822 1724 1878 Christus
1751 1825 1850 1879 ⁸⁸.»

263 1910 335 1971 Ει
367 1910 568 1967 iterum
598 1914 692 1982 qui
727 1915 827 1977 ait,
859 1932 879 1969 ι
912 1912 1142 1983 Propter
1167 1913 1558 1969 inhabitantern
1595 1915 1855 1983 Spiritum

266 2001 392 2071 ejus
416 2003 472 2057 in
506 2020 526 2055 ι
568 2003 731 2059 nobis
758 2004 839 2070 ⁸⁸,
880 2019 1025 2060 nunc
1057 2004 1186 2059 dicit
1223 2022 1236 2059 :
1282 2023 1299 2058 ι
1340 2003 1475 2071 Quia
1505 2020 1613 2060 non
1645 2006 1859 2061 habitat

262 2092 321 2151 in
351 2107 477 2158 me,
524 2094 627 2151 hoc
676 2102 762 2151 est
802 2094 854 2149 in
895 2110 1064 2150 carne
1101 2108 1217 2148 mea
1246 2135 1262 2161 ,
1300 2094 1520 2151 bonum.
1561 2114 1582 2149 ι
1620 2096 1776 2165 Quod
1810 2098 1854 2153 si

261 2199 373 2239 non
407 2184 618 2240 habitat
644 2186 697 2240 in
728 2200 893 2242 carne
923 2183 1040 2255 ejus
1068 2187 1293 2252 bonum,
1326 2188 1598 2255 quomodo
1628 2188 1761 2244 dicit
1785 2188 1855 2254 ⁸⁷,

263 2278 395 2347 quia
429 2292 631 2348 corpus
658 2287 903 2334 nostrum
934 2278 1050 2349 (t9)
1077 2278 1331 2347 templum
1362 2288 1446 2334 est
1480 2279 1607 2343 Dei,
1640 2291 1696 2335 et
1722 2290 1858 2335 tem-

261 2370 412 2439 plum
451 2371 687 2439 Spiritus
714 2371 931 2428 sancti?
966 2373 1073 2428 Sed
1098 2382 1154 2427 et
1183 2382 1383 2429 cratera
1415 2374 1467 2427 in
1512 2372 1713 2443 quibus
1743 2373 1854 2446 (20)

261 2462 556 2521 conﬁtetur
587 2480 615 2519 a
647 2464 763 2535 lege
796 2480 917 2534 quat
948 2465 1004 2521 in
1039 2465 1302 2524 membris
1346 2467 1462 2521 suis
1505 2477 1621 2532 est,
1670 2476 1726 2524 et
1771 2482 1859 2523 re.

264 2566 474 2626 pugnat
502 2556 609 2624 legi
652 2558 852 2613 mentis
887 2573 1003 2613 suae
1029 2597 1044 2623 ,
1078 2559 1351 2628 captivum
1379 2559 1500 2614 duci
1536 2575 1597 2615 se
1646 2561 1697 2614 in
1738 2560 1856 2628 lege

262 2647 476 2716 peccati
505 2646 573 2712 ⁸⁸,
605 2648 879 2717 quomodo
907 2648 1219 2719 apostolica:
1258 2650 1585 2705 conveniet
1619 2652 1737 2721 (21)
1772 2651 1857 2706 di-

262 2739 457 2808 gnitati
479 2777 495 2803 ,
523 2751 578 2795 et
610 2739 774 2796 Paulo
800 2741 1072 2810 praecipue
1098 2777 1118 2807 ,
1148 2743 1198 2796 in
1226 2758 1336 2811 quo
1358 2743 1612 2799 Christus
1640 2755 1695 2799 et
1720 2745 1856 2800 vivit

262 2842 315 2885 et
343 2831 622 2901 loquitur?
661 2832 771 2889 Sed
798 2834 1118 2905 colligamus
1145 2850 1210 2889 ex
1255 2835 1341 2890 his
1382 2838 1656 2905 quomodo
1688 2838 1854 2893 moris

262 2935 345 2979 est
384 2925 686 2996 Scriptura;
715 2928 911 2987 divinae
956 2938 1011 2984 et
1042 2945 1304 2999 personas
1346 2929 1582 2984 latenter
1604 2968 1620 2995 ,
1654 2939 1710 2984 et
1745 2945 1851 2997 res,

268 3025 318 3070 el
350 3031 549 3073 causas
573 3020 637 3074 de
663 3021 862 3090 quibus
897 3021 1084 3076 dicere
1111 3022 1348 3088 videtur,
1381 3032 1437 3078 et
1463 3024 1680 3078 nomina
1711 3039 1857 3079 com-

262 3118 499 3174 mutare,
529 3110 638 3165 imo
664 3113 844 3180 potius
870 3113 1079 3170 eisdem
1106 3115 1416 3169 nominibus
1446 3115 1497 3169 in
1535 3116 1660 3171 aliis
1684 3127 1850 3184 atque

259 3200 385 3255 aliis
421 3202 583 3257 rebus
609 3206 724 3268 uti,
763 3215 820 3263 ut
854 3207 906 3261 in
937 3207 1187 3277 praesenti
1231 3209 1349 3263 loco
1391 3209 1466 3262 ait
1508 3210 1796 3278 Apostolus
1829 3230 1843 3268 :

264 3310 287 3345 ς
322 3292 542 3349 Scimus
571 3296 717 3350 enim
753 3297 879 3366 quia
916 3298 1002 3354 lex
1032 3300 1298 3369 spiritalis
1324 3310 1426 3355 est.
1468 3319 1489 3352 ›
1526 3300 1640 3357 Hoc
1667 3303 1847 3356 adhuc

256 3382 380 3460 (32)
410 3386 554 3456 quod
584 3387 761 3443 dixit:
791 3407 811 3441 ι
844 3389 1058 3446 Scimus
1082 3393 1210 3461 quia
1236 3393 1319 3447 lex
1349 3393 1610 3461 spiritalis
1631 3392 1791 3456 est”,
1818 3411 1841 3445 ι

257 3478 555 3548 apostolica
600 3480 927 3536 auctoritate
978 3483 1320 3552 pronuntiat.
1380 3483 1500 3537 Non
1546 3484 1693 3539 enim
1740 3485 1846 3538 scit

258 3571 437 3642 legem
463 3570 765 3639 spiritalem
789 3587 912 3628 esse
944 3575 1035 3644 qui
1067 3574 1308 3629 carnalis
1338 3584 1453 3640 cst,
1494 3584 1551 3630 et
1581 3577 1682 3630 sub
1713 3592 1842 3645 pec-

258 3675 386 3718 cato
414 3666 758 3721 venundatus
786 3677 904 3734 est;
943 3668 1038 3724 sed
1065 3669 1157 3738 qui
1194 3668 1357 3722 habet
1393 3668 1446 3723 in
1484 3684 1545 3724 se
1578 3666 1843 3738 Spiritum

259 3756 398 3821 Dei,
445 3756 535 3812 ille
563 3758 667 3812 scit
711 3759 838 3829 quia
880 3759 964 3813 lex
1000 3759 1114 3830 (25)
1154 3760 1413 3829 spiritalis
1441 3769 1521 3815 est
1555 3778 1569 3815 :
1606 3760 1747 3830 quod
1779 3760 1846 3815 de

257 3844 433 3919 Moysi
466 3848 582 3917 lege
632 3852 891 3904 convenit
922 3851 1147 3906 dictum.
1184 3851 1300 3921 Ipsa
1334 3866 1572 3922 namque
1615 3861 1700 3907 est
1725 3866 1847 3922 quae

259 3943 310 3995 ei
341 3944 436 4013 qui
466 3940 795 4012 spiritaliter
825 3941 972 3996 illam
1002 3943 1259 4013 intelligit
1282 3942 1419 4014 (21).
1457 3943 1539 3998 lex
1585 3943 1847 4012 spiritalis

256 4043 366 4100 est,
396 4045 453 4089 et
484 4034 719 4104 Spiritus
748 4033 1069 4099 viviﬁcans;
1101 4034 1194 4104 qui
1229 4048 1358 4089 vero
1403 4034 1719 4099 carnaliter,
1757 4039 1843 4089 lett

258 4123 457 4177 litterae
502 4130 561 4176 et
609 4121 788 4177 littera
839 4121 1099 4177 occidens
1152 4136 1275 4178 esse
1328 4133 1667 4178 memoratur
1705 4123 1843 4195 (25).

331 4260 380 4293 ⁶¹
431 4257 594 4313 Rom.
631 4275 725 4329 vn,
757 4257 845 4319 14.
921 4260 966 4296 ⁸⁸
998 4260 1036 4313 ll
1072 4258 1199 4315 Cor.
1236 4277 1269 4315 κ
1293 4303 1309 4329 ,
1352 4260 1408 4322 5,

260 4346 382 4397 rm,
411 4330 500 4384 11.

257 4512 369 4570 etc.
409 4512 633 4576 Deinde,
674 4512 900 4566 clnl'elii
928 4529 1028 4582 ego
1051 4513 1215 4570 homo
1240 4515 1363 4583 quis
1388 4512 1752 4573 me'libcrabit
1784 4517 1852 4574 de

257 4598 491 4652 corpore
519 4583 713 4655 mortis
741 4583 936 4655 hujus?
972 4583 1159 4639 Gratia
1191 4585 1309 4652 Dei,
1344 4604 1364 4638 ι
1400 4595 1508 4641 etc.
1551 4585 1652 4641 Ms.
1687 4602 1850 4655 unus,

262 4675 282 4707 ι
321 4655 424 4709 nisi
458 4653 630 4721 gratia
662 4652 785 4721 Dei,
811 4672 831 4706 ι
865 4663 970 4708 etc.

330 4722 447 4795 (l6)
480 4723 641 4787 Editi,
669 4721 755 4777 «Si
779 4725 863 4777 cui
887 4722 1320 4793 (Genehrardus,
1349 4723 1581 4788 ιείειιιι)
1612 4725 1847 4785 ωηιξη..

258 4804 591 4865 praesumpta
634 4795 885 4849 videatur
911 4836 927 4863 ,
964 4795 1218 4849 advertat
1262 4811 1407 4850 nunc
1460 4796 1511 4850 in
1561 4798 1845 4866 Apostolo,

257 4865 555 4936 quomodo,
589 4883 609 4916 ι
646 4873 753 4918 etc.

334 4935 453 5004 (l7)
496 4933 586 4989 Sic
617 4942 763 4988 recte
793 4949 897 4988 ms.
928 4950 1069 4990 unus
1110 4935 1311 5004 Regius
1344 4950 1494 4989 num.
1537 4935 1693 4990 1659.
1733 4936 1850 4993 Cac-

260 5007 362 5059 teri
401 5020 535 5059 vero
564 5020 696 5057 mss.
740 5004 1027 5070 Babanus,
1061 5015 1113 5058 et
1145 5006 1299 5072 editi,
1331 5021 1639 5074 perperam,
1675 5024 1697 5057 σ
1732 5008 1845 5063 Non

256 5075 408 5129 enim
441 5076 740 5149 secundum
772 5089 997 5149 carnem
1030 5074 1299 5141 viximus,
1336 5091 1435 5131 nec
1462 5076 1582 5147 (aL.
1615 5094 1634 5129 ι
1669 5082 1767 5135 sed
1796 5081 1845 5149 ι)

256 5146 561 5201 secundum
595 5159 814 5199 carnem
852 5146 1207 5199 militamus.)

332 5216 448 5286 (18)
492 5214 652 5273 Ειιίιὶ.
698 5233 717 5286 ι
755 5215 846 5286 qui
884 5216 936 5269 in
966 5215 1073 5269 alio
1095 5216 1256 5272 dixit.
1290 5233 1311 5267 ι
1351 5214 1453 5271 Ms.
1481 5233 1619 5274 unus
1648 5228 1702 5275 et
1740 5218 1847 5273 lla-

258 5285 455 5351 banus,
495 5303 513 5335 ι
550 5286 645 5352 qui
670 5285 791 5339 aliis
816 5285 1049 5340 dixerat.
1088 5305 1107 5339 ι

331 5356 451 5427 (19)
485 5355 659 5420 Alias,
699 5374 716 5406 ι
757 5356 1023 5410 inhabitat
1062 5359 1114 5411 in
1146 5371 1311 5411 carne
1338 5357 1536 5412 bonum
1560 5398 1573 5413 .
1597 5398 1612 5411 .
1635 5398 1649 5413 .
1674 5396 1689 5413 .
1717 5359 1844 5429 quia

257 5442 491 5492 corpora
528 5436 739 5497 nostra,
777 5445 797 5476 ι
829 5433 936 5479 etc.

330 5498 451 5566 (20)
488 5495 631 5550 Εάίιί
656 5495 868 5550 ειιηεε.
895 5496 1114 5565 quidam
1143 5513 1425 5567 perperam
1454 5499 1675 5567 habent,
1708 5500 1843 5556 «Sed

256 5578 313 5621 et
342 5578 496 5621 certe
526 5569 577 5619 in
606 5568 823 5635 quibus,
861 5585 879 5618 ι
919 5578 1024 5622 etc.

330 5639 446 5705 (21)
486 5638 658 5701 Alias,
692 5656 709 5687 ι
745 5638 1090 5692 conveniunt.
1132 5656 1150 5688 ι

331 5708 444 5779 (22)
484 5706 654 5776 Editi,
697 5724 716 5759 ι
753 5705 850 5762 llic
884 5709 1078 5764 adhuc.
1116 5728 1136 5761 υ

1510 4262 1558 4295 ⁸³
1587 4260 1608 4317 l
1639 4263 1769 4317 Cor.
1812 4279 1912 4331 vn,
1939 4264 2030 4319 25.
2103 4263 2150 4295 ⁸⁸
2182 4261 2362 4318 Galat.
2401 4278 2483 4329 ιιι,
2512 4261 2602 4316 15.

579 4329 624 4362 ⁸⁷
652 4328 673 4382 ι
698 4329 823 4386 Cor.
855 4345 929 4396 vr,
964 4331 1051 4386 19.
1129 4331 1176 4363 ⁸⁸
1207 4330 1366 4387 Rom.
1397 4347 1496 4399 vn,
1522 4332 1615 4387 25.
1691 4334 1737 4366 ⁸⁸
1772 4333 1852 4389 Ro

1974 4350 2072 4402 vn,
2099 4334 2189 4390 11.
2263 4333 2310 4366 ⁸⁸
2343 4328 2511 4388 lCor.
2533 4349 2612 4399 Ix,
2640 4331 2730 4386 22.
2809 4332 2853 4364 ’ί
2888 4330 3076 4386 Matth.
3126 4346 3176 4395 ν,
3208 4330 3299 4385 57.

331 4443 448 4515 (15)
487 4441 653 4515 Editi,
699 4449 793 4515 {et
820 4442 1188 4515 captivantem
1221 4460 1305 4500 me
1340 4444 1393 4500 in
1427 4444 1546 4515 lege
1581 4447 1844 4515 peccati,»
1884 4444 1928 4501 Β

1960 1840 2215 1895 operor,r
2247 1841 2353 1879 non
2390 1832 2570 1878 tamen
2606 1838 2718 1879 rem
2745 1824 2918 1891 ipsam
2944 1840 3109 1894 quam
3138 1834 3397 1893 operatur
3425 1825 3549 1894 quis

1960 1916 2196 1986 ignorat,
2219 1915 2346 1971 licet
2375 1913 2613 1969 carnalis
2639 1914 2730 1975 sit,
2764 1914 2859 1968 sed
2887 1930 3104 1969 causam
3137 1914 3214 1968 rei
3246 1930 3407 1983 quam
3436 1916 3550 1984 agit

1961 2008 2163 2062 dicitttr
2208 2007 2461 2077 ignorare
2488 2004 2625 2075 (9.7).
2666 2005 2819 2072 Quod
2855 2019 2984 2059 vero
3023 2005 3155 2059 dicit
3190 2004 3325 2075 (28),
3369 2024 3387 2057 ι
3429 2005 3545 2060 Non

1957 2101 2101 2155 enim
2138 2100 2281 2169 quod
2314 2098 2437 2151 volo
2465 2114 2598 2166 ago;
2655 2097 2754 2152 sed
2800 2099 2943 2167 quod
2974 2098 3096 2162 odi,
3136 2098 3265 2152 illud
3303 2097 3477 2165 l'acio,
3522 2116 3543 2153 ο

1958 2192 2202 2248 ostendit
2238 2193 2383 2261 quod
2418 2190 2547 2245 licet
2572 2191 2817 2245 carnalis
2847 2191 2938 2254 sit,
2985 2198 3042 2245 et
3068 2191 3169 2246 sub
3199 2200 3423 2260 peccato
3457 2205 3549 2246 ve-

1957 2284 2235 2339 nundatus
2261 2283 2351 2352 qui
2388 2283 2505 2337 haec
2540 2281 2811 2352 loquitur,
2862 2291 3041 2336 tamen
3082 2282 3249 2336 etiam
3289 2282 3548 2338 resistere

1956 2376 2355 2449 aliquantulum
2385 2375 2532 2429 vitiis
2558 2384 2787 2429 conetur
2809 2412 2826 2438 ,
2862 2373 2998 2443 legis
3031 2372 3242 2427 scilicet
3280 2372 3549 2429 naturalis

1957 2471 2251 2537 instinctu,
2280 2471 2377 2525 sed
2408 2471 2659 2525 vincatur
2688 2485 2719 2523 a
2761 2468 2907 2525 vitiis
2940 2476 2995 2523 et
3021 2467 3368 2538 cpprintatur
3400 2466 3548 2521 invi~
3646 2524 3649 2527 _

1958 2573 2047 2618 tus
2071 2563 2186 2633 (29)
2219 2580 2233 2616 :
2270 2571 2329 2617 ut
2361 2577 2503 2633 sa'pc
2546 2561 2751 2617 accidit
2798 2562 2971 2633 (verbi
3008 2560 3209 2631 gratia)
3245 2576 3373 2615 cum
3415 2575 3546 2631 pro-

1956 2656 2109 2725 ponit
2139 2655 2262 2725 quis
2294 2655 2565 2723 patienter
2595 2654 2740 2711 ferre
2788 2655 3144 2725 instigantem
3175 2668 3252 2715 se,
3283 2663 3338 2708 et
3370 2653 3439 2706 ad
3465 2651 3549 2707 ul-

1957 2746 2146 2800 timum
2177 2747 2418 2801 vincitur
2451 2746 2732 2802 iracundia
2757 2787 2773 2811 ,
2825 2754 2880 2800 et
2909 2744 3116 2813 patitur
3154 2744 3258 2798 hoc
3292 2743 3493 2797 invitus
3527 2759 3544 2797 :

1958 2838 2212 2893 irascitur
2261 2853 2395 2908 ergo
2443 2839 2608 2891 etiam
2646 2854 2768 2892 cum
2822 2837 2957 2891 nolit
3011 2835 3197 2891 irasci.
3263 2834 3375 2889 lloc
3402 2834 3545 2889 idem

1956 2932 2119 2986 etiam
2155 2931 2369 2986 timoris
2396 2931 2529 2983 vitio
2564 2932 2820 2985 accidere
2851 2928 3013 2993 solet,
3050 2936 3110 2981 ut
3136 2937 3325 2982 contra
3360 2927 3548 2981 volun-

1961 3029 2125 3075 tatem
2173 3020 2300 3089 quis
2344 3028 2489 3074 metu
2542 3029 2595 3075 et
2652 3018 2943 3073 formidine
2996 3026 3303 3082 terreatur;
3339 3016 3443 3071 hoc
3489 3024 3548 3071 et

1958 3112 2011 3165 in
2076 3111 2313 3166 elatione
2382 3109 2548 3166 subiti
2617 3110 2702 3166 vel
2772 3110 3034 3181 inopinati
3109 3110 3334 3165 honoris
3401 3124 3547 3180 sa'pe

1953 3202 2116 3274 585
2141 3203 2427 3273 contingit,
2462 3214 2517 3257 ut
2543 3204 2888 3273 arrogantior
2918 3202 3009 3257 tiat
3038 3202 3177 3273 (29⁸)
3203 3212 3257 3256 et
3284 3202 3547 3255 tumidior

1953 3312 2117 3367 quam
2153 3296 2287 3351 vult.
2336 3297 2582 3351 Vincitur
2628 3311 2761 3367 ergo
2790 3296 2847 3349 in
2891 3296 2977 3351 his
3021 3294 3251 3365 singulis
3279 3295 3371 3364 qui
3410 3308 3541 3347 non-

1955 3391 2081 3444 dum
2116 3388 2375 3457 spiritalis
2408 3399 2513 3453 cst,
2547 3388 2711 3443 etiam
2757 3399 2948 3443 contra
2982 3389 3318 3441 voluntatem
3356 3401 3373 3442 :
3416 3384 3541 3454 quia

1953 3482 2209 3536 voluntas
2241 3480 2344 3535 ista
2372 3483 2611 3535 nondum
2663 3482 2734 3534 ita
2770 3479 2941 3539 fortis,
2973 3490 3027 3533 et
3069 3480 3140 3530 ita
3180 3479 3401 3531 robusta
3435 3484 3541 3538 est,

1953 3583 2012 3626 ttt
2058 3572 2281 3627 deliniat
2326 3572 2469 3641 apud
2514 3587 2570 3625 sc
2597 3586 2769 3641 usque
2810 3572 2874 3622 ad
2922 3579 3152 3623 mortem
3188 3583 3285 3637 pro
3311 3570 3543 3622 veritate

1954 3665 2322 3729 certandum;
2352 3680 2451 3718 nec
2476 3664 2598 3717 talis
2625 3672 2707 3718 est
2728 3678 2847 3733 qtue
2876 3663 3042 3722 dicat.
3070 3678 3089 3713 ι
3118 3661 3234 3724 Est,
3258 3668 3381 3725 est;
3409 3675 3539 3722 non.

1954 3773 2059 3812 non
2086 3756 2132 3789 ’ί
2168 3774 2182 3819 ;
2218 3774 2238 3809 ι
2265 3764 2319 3809 et
2357 3757 2478 3810 ideo
2510 3769 2613 3808 non
2644 3763 2823 3823 potest
2864 3752 3079 3821 operari
3112 3766 3233 3819 qua:
3273 3751 3402 3813 vult,
3440 3752 3537 3805 sed

1953 3865 2075 3917 qua:
2098 3864 2204 3905 non
2243 3848 2372 3901 vult.
2411 3844 2614 3900 Tamen
2645 3862 2709 3900 ex
2740 3860 2800 3898 ea
2832 3852 2986 3914 parte
3010 3857 3119 3912 qua
3147 3858 3252 3897 non
3281 3843 3396 3895 vult
3425 3859 3541 3895 ma—

1952 3940 2086 4006 lum,
2109 3939 2379 3994 consentit
2410 3937 2513 4005 legi
2557 3937 2647 3991 Dei
2684 3937 2809 4005 quia
2840 3938 2979 3991 bona
3011 3945 3114 3997 est.
3145 3952 3267 4004 qua:
3290 3933 3540 4005 prohibet

1954 4032 2196 4097 malum;
2231 4032 2357 4086 etin
2383 4030 2790 4084 consonantiam
2821 4031 3112 4099 quamdam
3148 4028 3214 4083 ad
3247 4027 3421 4097 legent
3444 4026 3537 4081 Dei

1954 4124 2040 4181 lex
2069 4122 2336 4181 naturalis
2359 4122 2651 4179 adducitur
2680 4121 2814 4193 (50),
2849 4131 2908 4176 ιιι
2935 4122 3127 4177 eadem
3152 4120 3342 4186 velint,
3368 4127 3539 4191 atque

2691 4261 2739 4294 ³⁵
2779 4260 2953 4316 Galat.
3004 4275 3075 4325 ll,
3108 4260 3197 4314 20.
3293 4258 3339 4292 ⁸⁸
3374 4259 3537 4317 Rom.

2031 4444 2146 4513 (25)
2170 4442 2296 4499 Lex.
2322 4443 2672 4498 Desideratur
2694 4442 2746 4496 in
2769 4441 2933 4497 editis
2952 4451 3005 4495 et
3030 4441 3080 4495 in
3110 4439 3379 4513 plerisque
3401 4455 3534 4513 mss.

2028 4511 2142 4588 (21)
2175 4514 2403 4588 _Si_c_ms_.
2440 4530 2597 4588 unus.
2631 4513 2807 4588 _Alia_s
2840 4527 3001 4588 vero,
3033 4528 3084 4588 __¢_
3130 4526 3248 4578 qua:
3271 4511 3386 4588 his“
3409 4511 3533 4588 (_al.,

1959 4606 1977 4638 ι
2014 4580 2136 4657 qum
2174 4585 2226 4639 in
2253 4585 2338 4657 his
2360 4585 2407 4657 ρ)
2435 4585 2523 4653 qui
2561 4582 2891 4657 spiritaliter
2918 4580 3304 4657 inielligunt.__t
3340 4580 3533 4657 Baba-

1953 4651 2079 4723 nus,
2124 4675 2144 4709 ‹
2171 4670 2294 4725 quae
2325 4651 2414 4710 hic
2453 4651 2483 4725 Ξ)
2516 4651 2717 4725 quibus
2758 4651 3081 4725 spiritaliter
3131 4652 3465 4721 intelligitur.
3507 4670 3530 4704 ι

2024 4726 2138 4799 (25)
2163 4722 2376 4799 tilias,
2401 4743 2419 4774 ι
2462 4722 2545 4799 lex
2584 4722 3064 4799 littera:_occiden_s
3109 4736 3231 4775 esse
3260 4737 3532 4775 memora-

1954 4791 2060 4851 tur.
2096 4791 2230 4848 ιἈΙ.
2256 4834 2271 4860 ,
2309 4813 2326 4846 ι
2364 4794 2452 4848 lett
2484 4793 2679 4847 littera:
2704 4804 2758 4849 ct
2784 4794 2867 4848 lex
2898 4791 3154 4847 occidens
3180 4806 3300 4846 esse
3328 4806 3536 4847 inemo-

1954 4876 2125 4921 ratur.
2168 4885 2185 4916 ι

2023 4936 2137 5007 (26)
2172 4935 2251 4990 De
2298 4951 2373 4989 se.
2429 4932 2555 4989 llaec
2589 4934 2755 4989 verba
2802 4935 3006 4989 desunt
3055 4932 3110 4988 in
3159 4932 3315 4989 libris
3370 4939 3530 4987 antea

1950 5008 2132 5062 editis.

2022 5076 2137 5147 (27)
2176 5075 2304 5131 Mss.
2349 5076 2463 5131 fere
2496 5088 2686 5130 omnes
2710 5118 2724 5143 ,
2758 5075 3012 5147 [tabanus
3044 5081 3094 5127 et
3140 5072 3270 5129 editi
3304 5071 3528 5147 habent,

1954 5166 1974 5199 ι
2009 5142 2151 5214 tam;
2183 5166 2205 5200 ι
2237 5148 2333 5201 sed
2364 5162 2463 5201 ms.
2496 5161 2636 5199 unus
2672 5156 2818 5200 recte
2845 5145 2999 5213 legit,
3038 5161 3055 5193 ι
3090 5153 3291 5197 tamen.
3328 5161 3351 5194 »η
3379 5142 3532 5214 Alter

1952 5234 2052 5273 tus.
2087 5213 2271 5282 habet,
2307 5215 2597 5271 «nondicit
2626 5225 2888 5285 tanquam
2916 5214 3268 5282 semetipsum
3292 5214 3382 5283 qui
3414 5213 3528 5283 jam

1948 5299 2211 5359 operatur
2236 5288 2362 5357 quis
2398 5288 2631 5359 ignoret,
2668 5296 2833 5359 rete.

2020 5358 2133 5428 (“28)
2170 5355 2339 5420 Editi,
2382 5376 2400 5407 ι
2424 5355 2586 5423 Quod
2617 5357 2762 5428 enim
2799 5355 2950 5410 dicit.
2991 5374 3010 5405 ι

2020 5422 2135 5499 (‘29)
2185 5430 2311 5483 Mss.
2338 5422 2605 5499 plerique,
2638 5425 2894 5480 Rabauus
2923 5437 2978 5481 et
3006 5423 3165 5488 editi,
3199 5441 3217 5473 ι
3241 5423 3293 5476 in
3323 5422 3522 5487 vitiis”

1948 5502 2111 5555 male.

2016 5569 2151 5639 (29‘)
2187 5568 2355 5639 Alias,
2388 5587 2404 5617 ι
2447 5567 2548 5631 sit;
2584 5586 2601 5617 ›
2634 5566 2727 5629 aL,
2762 5584 2780 5617 ι
2821 5566 2944 5639 quis
2984 5566 3091 5619 (lat.
3127 5582 3145 5617 ι
3180 5562 3286 5620 Sed
3336 5575 3528 5615 omnes

1947 5657 2076 5696 nisa.
2111 5637 2164 5693 et
2202 5638 2460 5693 Rabanus
2484 5642 2741 5690 omittunt
2770 5654 2788 5689 (
2824 5637 2966 5707 quis.
3002 5654 3023 5688 ι

2020 5709 2133 5779 (50)
2164 5709 2327 5776 Edili,
2352 5726 2369 5760 ι
2404 5708 2653 5763 Adtlucit.
2687 5726 2707 5760 ι
