3986 6206
491 258 626 316 1087

1953 256 2270 312 ORIGENIS

3635 257 3744 311 ΠΜ

488 381 680 435 eadem
733 380 928 434 nolint.
980 377 1132 445 Quod
1165 378 1208 430 si
1249 377 1546 431 secundum
1587 379 1919 432 voluntatem
1970 377 2072 444 legi
2103 384 2149 435 Α
2179 374 2436 443 peccandi
2487 381 2772 440 peccatum
2817 370 3139 428 nominavit.
3174 391 3193 422 ι
3238 372 3460 428 Invenio
3491 373 3743 443 igiturle-

488 468 585 525 Dei
641 471 1034 533 consentimus,
1081 466 1279 520 malum
1319 483 1448 538 ergo
1495 471 1637 537 quod
1679 468 1927 531 facimus,
1963 485 2066 521 non

481 559 596 628 jam
625 575 722 613 nos
757 559 828 621 id,
871 557 964 611 sed
996 566 1276 628 peccatum
1307 559 1449 627 quod
1481 559 1532 612 in
1564 560 1720 613 nobis
1748 568 1850 618 est.
1877 574 2068 628 opera-

485 657 594 711 tur,
625 648 674 702 id
703 660 788 702 est
819 648 901 701 lex
937 658 992 701 et
1020 649 1271 704 voluntas
1303 652 1505 714 carnis,
1545 666 1666 718 qum
1697 653 1938 719 captivos
1972 665 2068 703 uos

445 745 449 750 '
483 737 631 790 ducit
671 737 722 790 in
773 724 884 805 lege
922 742 1125 809 peccati
1159 756 1278 810 quae
1328 742 1380 795 in
1428 742 1684 796 membris
1713 752 1793 795 est
1830 739 1962 813 (51).
2003 741 2068 794 Ει

482 827 572 880 hic
620 826 835 894 quidem
883 827 1082 884 Paulus
1122 833 1358 886 carnalis
1407 832 1556 892 dicit,
1591 832 1716 900 quia
1755 851 1772 881 ι
1804 831 1913 898 jam
1959 849 2062 885 non

480 933 581 985 ego
625 933 822 987 operor
850 921 1004 984 illud,
1040 924 1136 976 sed
1184 923 1328 990 quod
1377 923 1586 977 habitat
1638 923 1690 976 in
1745 938 1828 977 me
1874 938 2064 992 pecca-

482 1019 614 1062 tum.
671 1029 690 1061 ›
757 1010 960 1068 Paulus
997 1028 1128 1067 vero
1163 1014 1425 1082 Spiritalis
1469 1015 1523 1068 in
1571 1015 1692 1068 aliis
1731 1016 1899 1079 dicit,
1937 1017 2062 1084 quia

485 1115 504 1147 ι
534 1095 899 1155 abundantius
923 1116 1084 1169 quam
1117 1118 1308 1158 omnes
1330 1106 1404 1158 illi
1433 1105 1671 1158 laboravi
1705 1123 1719 1171 ;
1750 1121 1853 1158 non
1881 1116 2060 1159 autem

477 1204 602 1257 ego,
636 1190 730 1244 sed
765 1192 939 1259 gratia
977 1194 1070 1248 Dei
1109 1211 1320 1250 mecum
1353 1198 1420 1250 ".
1457 1216 1475 1250 ι
1517 1194 1585 1250 lit
1616 1213 1745 1266 ergo
1778 1198 1880 1250 iste
1917 1197 2064 1251 labo-

477 1293 566 1332 res
589 1294 715 1335 suos
758 1297 862 1336 non
891 1283 1018 1350 sibi,
1052 1287 1144 1340 sed
1168 1288 1356 1352 gratiae
1402 1289 1518 1352 Dei,
1549 1305 1670 1358 quae
1697 1289 1748 1341 in
1793 1290 1906 1357 ipso
1930 1304 2059 1357 ope-

475 1371 725 1438 rabatur,
754 1373 998 1440 ascribit,
1019 1377 1090 1430 ita
1121 1386 1175 1429 et
1203 1376 1291 1431 ille
1312 1377 1546 1432 carnalis
1570 1393 1735 1448 Opera
1769 1393 1874 1431 non
1916 1378 2057 1430 bona

473 1475 582 1520 non
613 1461 739 1529 sibi,
772 1469 868 1522 sed
905 1478 1151 1537 peccato,
1184 1470 1325 1539 quod
1362 1471 1413 1522 in
1456 1485 1516 1525 se
1543 1471 1756 1525 habitat
1787 1479 1842 1526 et
1875 1485 2064 1540 opera-

475 1568 598 1627 tur,
629 1561 971 1616 adnumerat.
1011 1561 1137 1618 ldeo
1182 1579 1311 1634 ergo
1365 1565 1541 1618 dicit:
1583 1584 1600 1616 ι
1657 1565 1772 1619 Non
1800 1565 1910 1633 jam
1957 1580 2058 1635 ego

471 1664 668 1717 Operor
693 1652 845 1718 illud,
884 1655 976 1707 sed
1009 1654 1152 1720 quod
1189 1655 1394 1709 habitat
1422 1655 1472 1708 in
1507 1671 1593 1709 me
1617 1665 1918 1725 peccatum.
1941 1655 2056 1708 Non

2172 479 2314 535 gem,
2345 465 2548 519 volenti
2588 465 2718 520 mihi
2751 465 2930 520 facere
2963 468 3187 529 bonum,
3221 466 3348 534 quia
3381 466 3521 518 mihi
3555 465 3744 533 adjacet

2171 556 2394 609 malum.
2427 555 2786 610 Condelector
2812 558 2956 609 enim
3001 556 3101 626 legi
3143 556 3232 610 Dei
3277 556 3586 610 secundum
3623 557 3742 612 inte.

2170 647 2370 700 riurem
2410 647 2704 701 hominem.
2754 667 2774 701 ι
2815 649 2879 702 Et
2929 649 2979 702 in
3021 649 3126 712 his,
3153 659 3209 701 ut
3245 663 3388 717 sa-pe
3421 649 3476 701 in
3511 650 3742 718 superio-

2169 738 2320 790 ribus
2351 738 2460 808 (37)
2492 740 2958 804 commonuimns,
2993 755 3100 792 non
3133 740 3389 793 videntur
3418 739 3744 795 elocutiones

2169 828 2378 896 integre
2410 828 2692 896 explicari,
2724 829 2818 882 sed
2851 828 3292 896 conjunctionum
3335 828 3420 881 vel
3475 829 3743 892 abundan-

2171 917 2263 979 tia,
2305 917 2390 970 vel
2429 919 2857 986 proprietatibus
2893 917 3163 986 impediri.
3199 916 3315 970 Tali
3346 931 3484 987 ergo
3521 919 3742 986 quodam

2165 1009 2355 1063 ordine
2385 1009 2565 1080 legere
2591 1009 2853 1065 debemus
2874 1050 2887 1073 ,
2921 1019 2979 1063 ιιι
3011 1007 3318 1064 intellectus
3353 1009 3598 1062 lucidior
3625 1007 3702 1060 ﬁat
3728 1025 3740 1060 :

2166 1099 2353 1169 Igitur,
2389 1100 2515 1169 quia
2547 1100 2747 1154 malum
2783 1102 2914 1156 mihi
2949 1102 3182 1171 adjacet,
3213 1100 3404 1155 volens
3443 1099 3634 1154 facere
3661 1102 3741 1155 bo-

2167 1207 2292 1244 num
2323 1191 2538 1245 invenio
2569 1191 2742 1260 legem
2773 1193 2888 1257 Dei,
2921 1201 2976 1247 et
2996 1192 3342 1248 condelector
3371 1193 3419 1246 ei
3453 1196 3739 1246 secundum

2166 1279 2480 1336 interiorem
2521 1282 2816 1336 hominem.
2855 1284 2956 1338 Per
2978 1284 3120 1351 quod
3154 1284 3416 1349 ostendit,
3446 1283 3583 1353 quia
3620 1286 3740 1338 inte-

2165 1372 2277 1426 rior
2329 1373 2490 1426 homo
2516 1413 2532 1436 ,
2582 1373 2682 1428 hoc
2729 1384 2814 1428 est
2858 1376 3110 1431 voluntas
3155 1385 3210 1430 et
3257 1379 3606 1445 propositum
3649 1392 3742 1445 quo

2165 1463 2375 1516 initium
2413 1464 2611 1533 accipit
2651 1467 2895 1521 converti
2926 1468 2994 1520 ad
3029 1468 3337 1532 Dominum,
3363 1469 3473 1539 legi
3511 1471 3609 1524 Dei
3631 1486 3741 1524 con-

2163 1555 2346 1619 sentit,
2374 1565 2428 1608 et
2470 1555 2774 1610 delectatur
2815 1558 2868 1612 in
2905 1575 2989 1614 ea.
3048 1559 3176 1626 Sed,
3217 1571 3276 1616 ut
3306 1563 3577 1630 superius
3619 1564 3743 1618 dixi-

2165 1659 2304 1710 mus,
2335 1660 2440 1698 non
2476 1647 2660 1699 statim
2695 1659 2751 1699 ut
2784 1647 3117 1704 voluntatem
3165 1667 3288 1720 quts
3323 1653 3590 1707 habuerit
3628 1670 3742 1708 con-

469 1745 613 1797 enim
650 1743 858 1798 habitat
881 1745 932 1798 in
962 1760 1069 1809 me,
1105 1747 1206 1801 hoc
1226 1759 1308 1801 est
1347 1747 1399 1800 itt
1433 1761 1597 1802 carne
1633 1763 1773 1812 mea,
1804 1749 2046 1802 bonttm.t

2167 1735 2303 1788 verti
2345 1736 2412 1788 ad
2465 1734 2628 1800 bona,
2664 1737 2826 1790 etiam
2864 1751 2993 1790 usus
3031 1737 3155 1792 boni
3199 1739 3386 1807 operis
3425 1743 3742 1796 subsecutus

471 1832 720 1887 Nondum
748 1839 892 1890 enim
936 1837 988 1890 in
1032 1852 1096 1891 eo
1125 1837 1372 1892 Christus
1407 1838 1696 1902 inhabitat,
1739 1853 1914 1910 neque
1935 1853 2060 1893 cor-

469 1943 572 1996 pus
607 1928 722 1994 ejus
775 1928 1036 1997 templum
1097 1930 1188 1983 Dei
1229 1940 1311 1984 est
1347 1929 1481 2001 (3‘2).
1521 1929 1911 1986 Verumtamen
1951 1947 2056 1986 non

471 2032 858 2088 usquequaque
895 2021 1004 2085 hic,
1057 2022 1210 2089 cujus
1247 2037 1476 2092 persona
1531 2024 1876 2093 proponitur,
1925 2025 2058 2079 alie-

470 2129 571 2166 nus
602 2121 685 2166 est
719 2127 747 2164 a
783 2112 960 2177 bouis,
997 2113 1089 2165 sed
1126 2112 1407 2181 preposito
1434 2113 1656 2181 quidem
1688 2122 1742 2167 et
1779 2114 2057 2169 voluntate

467 2202 634 2272 cmpit
680 2203 818 2256 bona
869 2202 1170 2271 requirere,
1205 2203 1442 2256 nondum
1486 2209 1666 2256 tamen
1711 2213 1890 2272 potest
1913 2205 2052 2258 bona

468 2291 630 2347 rebus
662 2301 717 2345 et
750 2293 1006 2361 operibus
1046 2293 1320 2347 obtinere.
1349 2294 1444 2348 Est
1475 2296 1620 2349 enim
1654 2295 1777 2348 talis
1809 2298 2051 2364 qmedam

467 2381 756 2437 inﬁrmitas
785 2382 836 2435 in
871 2383 1061 2446 bisqui
1097 2383 1244 2436 initia
1273 2385 1648 2439 conversionis
1681 2386 1974 2455 accipiunt,
1997 2397 2054 2442 ut

465 2487 589 2526 cum
614 2474 741 2528 velit
767 2475 888 2543 quis
919 2475 1030 2544 (55)
1061 2476 1240 2529 statim
1275 2477 1454 2531 facere
1482 2492 1643 2532 omne
1672 2479 1814 2546 quod
1853 2481 2049 2533 bonum

466 2573 580 2628 est,
625 2579 730 2619 non
766 2567 948 2620 statim
982 2568 1314 2621 voluntatem
1356 2577 1615 2637 sequatur
1639 2568 1884 2625 ell'cctus.
1915 2569 2046 2623 Nam

463 2663 519 2709 et
550 2652 663 2730 (54)
700 2659 991 2711 meditatus
1021 2659 1162 2727 apud
1206 2660 1562 2729 semetipsum
1609 2661 2048 2730 decernit(verbi

466 2747 651 2812 causa)
689 2758 745 2800 nt
777 2749 1265 2815 nonirascatur,et
1295 2751 1474 2806 hocin
1507 2752 1781 2806 voluntate
1815 2753 2001 2806 deﬁnit
2030 2768 2043 2804 :

463 2840 558 2893 sed
587 2840 841 2908 quoniam
883 2841 1039 2909 longo
1069 2857 1167 2896 usu
1201 2852 1257 2896 et
1299 2845 1692 2900 consuetudine
1727 2845 1938 2900 diutina
1970 2845 2046 2898 vi-

466 2931 600 2985 tittm
662 2932 713 2986 in
771 2947 837 2987 eo
896 2934 1196 2990 iracundiae
1271 2936 1605 2991 dominatum
1658 2950 1776 3003 est,
1825 2938 2046 2994 obsistit

460 3023 624 3077 etiam
657 3025 920 3078 voluntati
947 3034 1002 3078 et
1041 3027 1322 3096 proposito
1350 3043 1367 3090 ;
1402 3042 1464 3081 ac
1497 3028 1662 3082 solito
1689 3029 1789 3084 sibi
1824 3045 1916 3082 usa
1952 3030 2040 3081 iti-

459 3128 592 3170 nere
620 3114 734 3185 (35)
764 3116 844 3170 vis
883 3116 1088 3170 luroris
1113 3117 1366 3186 erumpit.
1401 3117 1671 3171 Similiter
1697 3119 1806 3187 agit
1830 3127 1885 3172 et
1915 3119 2039 3172 libi-

458 3207 600 3262 dinis
631 3207 840 3262 vitium.
876 3206 1000 3262 Pari
1038 3223 1254 3277 quoque
1305 3209 1714 3263 consuetudinis
1769 3210 1955 3266 morbo
1990 3222 2044 3268 et

459 3301 800 3354 mendacium
843 3302 1099 3371 subripit,
1142 3301 1373 3356 formido
1420 3301 1661 3355 deterret
1702 3320 1716 3367 ;
1751 3313 1804 3359 et
1859 3307 1910 3359 in
1960 3305 2044 3361 his

457 3392 689 3465 singulis
741 3395 841 3451 iste
892 3395 984 3465 qui
1017 3397 1125 3467 jam
1177 3395 1331 3448 initia
1387 3396 1765 3450 conversionis
1820 3399 2039 3468 accipit,

458 3497 835 3555 competenter
881 3490 1034 3549 dicit,
1061 3488 1188 3557 quia
1222 3513 1240 3542 ι
1281 3486 1417 3542 velle
1453 3488 1666 3555 adjacet
1705 3487 2040 3558 mihi,perli-

458 3593 583 3634 cere
611 3589 790 3634 autem
818 3580 1016 3635 bonum
1053 3597 1156 3635 non
1191 3580 1426 3634 invenio.
1458 3578 1570 3632 Non
1604 3581 1746 3634 enim
1781 3582 1919 3647 quod
1946 3595 2041 3632 vo-

458 3671 511 3726 lo
533 3671 754 3738 bonum,
780 3674 882 3728 hoc
905 3689 1004 3744 ago
1036 3691 1050 3738 ;
1085 3675 1174 3729 sed
1210 3673 1355 3742 quod
1395 3673 1482 3724 odi
1517 3671 1740 3736 malum,
1775 3670 1902 3725 illml
1959 3671 2037 3725 fa-

457 3761 564 3820 cio.
602 3781 620 3814 ι
655 3762 804 3829 Quod
848 3765 889 3819 si
917 3765 1182 3834 judicium
1232 3767 1295 3818 de
1344 3765 1487 3817 bono
1535 3761 1699 3815 habet
1751 3761 2036 3827 voluntas,

455 3854 792 3909 consuetudo
819 3864 999 3907 autem
1024 3854 1324 3908 carnalium
1351 3853 1626 3916 vitiorum,
1651 3868 1768 3920 quze
1804 3852 1886 3905 lex
1917 3867 2042 3906 car-

457 3944 543 3998 nis
587 3943 668 3997 vel
720 3944 803 4000 lex
838 3947 1207 4000 membrorum
1251 3946 1524 4015 appellata
1561 3954 1679 4009 est,
1717 3945 1933 3999 obsistit
1986 3953 2040 3998 et

455 4035 710 4102 subripit,
737 4050 800 4089 ex
825 4048 890 4086 eo
921 4036 1066 4102 quod
1110 4035 1234 4087 boui
1265 4037 1594 4089 voluntatem
1645 4036 1759 4106 (56)
1793 4050 1942 4103 gero,
1977 4035 2040 4089 li-

455 4133 543 4176 cet
577 4139 733 4191 agam
768 4124 929 4188 mala,
953 4133 1128 4176 tamen
1155 4123 1282 4192 quia
1309 4125 1508 4178 invitus
1539 4143 1660 4194 ago,
1693 4146 1711 4178 ι
1754 4127 2038 4182 consentio

454 4213 556 4284 legi
605 4213 697 4268 Dei
737 4213 990 4282 quoniam
1029 4214 1164 4267 bona
1206 4221 1306 4266 est.
1354 4231 1371 4264 ι
1427 4215 1528 4268 Odi
1570 4219 1714 4270 enim
1775 4217 1937 4283 mala,
1983 4227 2037 4270 ct

452 4308 613 4377 cupio
641 4323 802 4377 agere
826 4308 960 4361 bona
995 4322 1113 4375 qua:
1140 4306 1219 4358 les
1241 4304 1414 4373 jubet.
1448 4307 1602 4372 Quod
1646 4310 1691 4360 si
1727 4319 1917 4363 contra
1945 4326 2038 4364 vo-

2162 1835 2265 1880 est.
2299 1825 2415 1879 Cita
2440 1826 2586 1880 enim
2625 1843 2710 1880 res
2736 1838 2818 1881 est
2844 1829 3113 1896 voluntas,
3137 1841 3191 1885 et
3215 1831 3332 1885 sine
3359 1831 3742 1900 impedimento

2160 1919 2537 1983 convertitur;
2572 1935 2709 1987 opus
2755 1936 2887 1976 vero
2928 1923 3140 1976 tardum
3175 1933 3278 1988 est,
3308 1925 3440 1993 quia
3468 1935 3528 1979 et
3573 1942 3738 1994 nsum,

2160 2023 2211 2064 et
2250 2024 2448 2075 artem,
2493 2023 2546 2066 ct
2597 2013 2836 2068 laborem
2885 2015 3114 2082 requirit
3162 2018 3447 2085 operandi.
3490 2019 3649 2085 Quod
3691 2032 3742 2074 ut

2158 2107 2465 2160 evidentius
2505 2110 2618 2172 liat,
2651 2118 2870 2162 utamur
2894 2109 3058 2163 etiam
3099 2111 3460 2167 similitudine
3487 2117 3734 2183 exempli.

2165 2196 2320 2249 Verbi
2353 2201 2545 2267 gratia,
2577 2200 2688 2252 vult
2713 2201 2834 2269 quis
2871 2202 3087 2270 sapiens
3113 2203 3253 2268 ﬁeri,
3293 2219 3396 2259 nec
3423 2215 3610 2260 tamen
3635 2221 3734 2260 sta~

2158 2287 2252 2340 tim
2288 2298 2342 2343 ut
2372 2289 2560 2353 voluit,
2587 2293 2803 2362 sapiens
2831 2293 3054 2350 effectus
3071 2306 3153 2350 eSt
3175 2314 3189 2362 ;
3212 2297 3308 2350 sed
3342 2298 3604 2352 voluntas
3630 2300 3735 2368 qui-

2155 2379 2275 2432 dem
2305 2380 2607 2447 pratcessit,
2640 2397 2740 2436 nec
2785 2383 2903 2438 sine
2949 2385 3228 2441 voluntate
3279 2388 3486 2458 aliquis
3513 2391 3627 2442 ﬁeri
3655 2407 3734 2444 sa-

2151 2470 2307 2538 piens
2360 2480 2572 2540 potest;
2617 2473 2712 2527 sed
2763 2484 2941 2529 tamen
2992 2493 3112 2531 cum
3157 2479 3414 2535 voluntas
3465 2480 3728 2542 adfuerit.

2153 2562 2491 2615 adhibendus
2530 2572 2612 2617 est
2645 2563 2820 2632 labor,
2854 2568 3115 2632 studium,
3145 2569 3484 2634 sollicitudo,
3522 2573 3728 2641 vigilia,

2150 2650 2420 2715 doctrina,
2456 2652 2766 2721 institutio;
2801 2666 2854 2711 et
2886 2660 2973 2711 vix
3012 2659 3308 2727 aliquando
3350 2678 3452 2716 usu
3491 2664 3652 2734 longo
3681 2673 3732 2716 et

2149 2744 2497 2797 meditatione
2527 2745 2782 2800 continua
2823 2749 3042 2818 sapiens
3081 2749 3336 2805 ellicitur.
3368 2751 3477 2807 Iste
3515 2769 3645 2824 ergo
3668 2757 3728 2809 ab

2151 2835 2302 2888 initio
2331 2837 2551 2905 quidem
2585 2839 2775 2891 statim
2809 2841 3137 2895 voluntatem
3172 2843 3369 2898 habuit
3393 2853 3451 2898 ut
3474 2855 3620 2900 esset
3649 2863 3728 2899 sa-

2146 2926 2320 2995 piens,
2348 2929 2439 2981 sed
2470 2944 2573 2982 non
2622 2933 2805 2984 statim
2853 2932 3024 2986 adfuit
3051 2934 3098 2986 ei
3130 2949 3269 3003 opus
3300 2937 3600 3004 sapientiae.
3629 2936 3726 2992 Sed

2145 3025 2198 3069 et
2235 3017 2284 3069 in
2319 3033 2384 3071 eo
2425 3017 2589 3090 586
2635 3022 2750 3089 ipso
2784 3036 2908 3075 cum
2953 3025 3204 3080 eruditur
3233 3036 3292 3081 ut
3333 3029 3558 3097 sapiens
3609 3031 3724 3092 liat,

2146 3119 2346 3178 quanta
2371 3112 2534 3164 stulte
2567 3122 2620 3166 et
2654 3124 2846 3168 contra
2878 3117 3201 3186 sapientiam
3231 3123 3401 3190 gessit
3428 3121 3540 3194 (58)
3577 3125 3590 3175 !
3627 3124 3727 3188 Qui

2149 3208 2329 3253 tamen
2366 3200 2670 3270 intelligere
2693 3203 2912 3272 quidem
2949 3209 3126 3275 putuit
3154 3224 3319 3278 quam
3353 3211 3517 3264 stulte
3543 3227 3731 3280 gesse-

2146 3291 2216 3345 rit
2244 3307 2257 3342 :
2283 3291 2517 3346 habebat
2548 3295 2691 3348 enim
2727 3296 2970 3366 (59ijam
3001 3301 3243 3353 stttdium
3274 3303 3559 3370 sapientia:
3585 3321 3599 3366 ;
3627 3321 3726 3358 non

2147 3390 2328 3437 tamen
2356 3383 2427 3436 ita
2451 3383 2563 3452 jam
2597 3386 2812 3455 sapiens
2836 3397 2974 3453 erat,
3003 3398 3060 3442 ut
3087 3406 3283 3446 cavere
3305 3402 3496 3460 posset
3519 3411 3586 3446 ne
3605 3396 3728 3463 quid

2147 3476 2464 3546 insipienter
2490 3478 2827 3534 admitteret.
2857 3481 2960 3536 Iste
2981 3486 3117 3536 ordo
3151 3492 3205 3536 et
3238 3483 3306 3538 de
3332 3485 3600 3552 pudicitia
3635 3486 3724 3538 ha-

2146 3569 2351 3624 bendus
2380 3579 2483 3636 est,
2515 3572 2655 3639 quod
2687 3586 2794 3627 non
2819 3575 3003 3628 statim
3027 3576 3153 3644 quis
3182 3585 3239 3629 ut
3258 3577 3500 3632 voluerit
3531 3579 3726 3648 pudici-

2144 3663 2273 3716 tiam
2306 3665 2566 3732 proliteri,
2588 3667 2750 3720 etiam
2791 3682 2957 3736 opere
2989 3667 3230 3737 implebit
3255 3679 3315 3723 ut
3347 3670 3513 3724 nullis
3533 3686 3728 3725 conca-

2143 3755 2419 3824 piscentia:
2447 3757 2684 3812 stimulis
2729 3759 2983 3828 agitetur.
3002 3758 3091 3814 Sic
3117 3769 3171 3814 ct
3191 3761 3256 3814 de
3285 3763 3722 3824 mansuetudine,

2143 3857 2198 3900 et
2222 3848 2285 3901 de
2312 3849 2594 3916 patientia,
2623 3857 2676 3902 et
2723 3849 2790 3904 de
2832 3850 3063 3918 singulis
3093 3849 3401 3920 quibusque
3433 3852 3726 3906 virtutibus

2142 3942 2420 3995 sciendum
2445 3951 2546 3995 est.
2574 3941 2626 3994 ln
2652 3943 2848 4009 quibus
2878 3945 3136 3998 omuilms
3157 3945 3259 3998 dici
3286 3947 3569 4010 convenit,
3601 3949 3724 4016 quia

2148 4051 2165 4083 ι
2202 4032 2546 4086 comleleetor
2578 4032 2678 4102 legi
2728 4033 2842 4096 Dei,
2886 4054 2902 4084 ι
2960 4035 3062 4089 hoc
3093 4047 3176 4089 est
3233 4037 3556 4100 virtutibus,
3585 4055 3604 4087 ι
3639 4053 3723 4090 se-

2140 4125 2375 4178 cundum
2417 4123 2733 4178 interiorem
2767 4126 3066 4182 hominem.
3105 4126 3272 4182 Video
3324 4139 3508 4182 autem
3563 4130 3720 4181 aliam

2141 4213 2314 4282 legem
2346 4214 2396 4267 in
2455 4214 2714 4269 membris
2753 4215 2907 4278 mei‘s,
2944 4227 3336 4286 repugnantem
3387 4216 3493 4288 legi
3529 4220 3722 4272 utentis

2143 4320 2298 4371 meae,
2319 4315 2372 4359 et
2397 4306 2669 4376 captivum
2701 4321 2785 4361 me
2811 4308 3093 4361 ducentem
3127 4309 3181 4361 in
3204 4308 3324 4379 lege
3357 4312 3719 4378 peccati,quz

454 4399 715 4456 luntatem
756 4400 892 4454 mala
933 4416 1033 4470 ago
1059 4441 1074 4465 ,
1122 4403 1297 4456 victus
1329 4400 1728 4456 consuetudine
1777 4405 2030 4456 vitiormn
2067 4429 2110 4483 ο
2141 4406 2222 4450 est
2255 4397 2307 4448 in
2341 4399 2602 4452 membris
2632 4400 2789 4452 meis.
2827 4416 2844 4449 ι
2882 4398 3034 4465 Quod
3069 4415 3229 4469 supra
3268 4402 3486 4456 dixerat
3529 4421 3549 4453 ι
3588 4403 3716 4455 velle

453 4507 662 4560 usuque
684 4493 966 4564 peccandi,
998 4512 1015 4544 ι
1055 4509 1160 4547 non
1195 4493 1307 4560 jam
1339 4511 1460 4566 ego,
1497 4514 1516 4548 ι
1548 4495 1651 4549 hoc
1675 4506 1774 4555 est,
1806 4495 2031 4548 interior

453 4581 634 4648 homo,
677 4601 696 4635 ι
739 4583 880 4652 quod
906 4584 1106 4638 bonum
1137 4583 1278 4651 volo,
1299 4584 1402 4640 hoc
1436 4585 1614 4651 facio;
1644 4585 1738 4638 sed
1761 4584 1904 4652 quod
1935 4583 2033 4637 ha~

453 4671 591 4727 bitat
641 4674 691 4726 in
747 4689 831 4727 me
871 4685 1179 4745 peccatum.
1219 4694 1237 4727 ι
1281 4674 1745 4731 Consuetudinem
1799 4687 2032 4744 namque

519 4812 566 4845 ⁹²
601 4811 620 4866 Ι
661 4811 786 4870 Cor.
836 4827 925 4878 xv,
963 4812 1048 4867 10.

521 4930 633 5000 (51)
671 4929 802 4995 Qum
831 4933 883 4982 in
917 4932 1180 4985 membris.
1214 4930 1340 4986 Haec
1383 4932 1545 4984 verba
1573 4931 1950 5000 desiderantur
1977 4929 2031 4983 in

450 5000 634 5066 editis,
667 5001 756 5063 qui
811 5010 1000 5069 postea
1051 5003 1283 5067 habent,
1333 5021 1351 5053 ι
1389 5001 1457 5056 Ει
1503 5001 1622 5066 hic,
1671 5001 1722 5055 id
1769 5011 1853 5056 est
1893 4999 2034 5054 Pau-

452 5070 558 5128 lus.
602 5089 620 5122 ι
656 5081 760 5122 etc.

523 5139 636 5211 (52)
680 5140 849 5203 Alias,
893 5158 912 5190 ι
953 5141 1212 5210 templum
1248 5151 1331 5196 est
1365 5139 1604 5209 Spiritus
1635 5142 1830 5196 sancti.
1865 5159 1882 5192 ι
1923 5139 2031 5195 Sed

451 5209 692 5277 potiores
725 5226 855 5265 mss.
885 5220 938 5264 et
972 5209 1232 5266 Rabanus
1258 5223 1310 5265 ut
1347 5212 1400 5264 in
1430 5221 1603 5264 textu.

525 5277 638 5349 (55)
677 5279 862 5349 Alias.
899 5301 916 5330 ι
963 5281 1116 5335 initia
1151 5281 1582 5336 converSationis
1627 5280 1922 5348 accipiunt,
1973 5291 2031 5336 ιιι

451 5348 576 5400 cum
607 5348 773 5401 velint
805 5351 1042 5417 quidem,
1094 5371 1110 5401 ι
1141 5361 1272 5417 elc.,
1301 5350 1458 5405 male.

525 5417 639 5484 (54)
680 5417 844 5485 Editi,
883 5439 902 5471 ι
943 5422 1206 5474 mediator
1236 5422 1375 5489 apud
1423 5420 1770 5488 semetipsum
1822 5421 2029 5476 discer-

455 5484 624 5562 uit;_i
661 5503 760 5540 ms.
798 5484 936 5562 unus
962 5532 976 5554 ,
1013 5509 1030 5540 ι
1067 5484 1361 5544 meditatur
1394 5492 1535 5560 apud
1561 5484 1908 5562 semetipsum
1937 5493 2028 5547 de-

453 5556 630 5628 cernit
656 5571 734 5628 ;_t_
762 5557 857 5622 al.,
886 5577 904 5608 ι
948 5562 1314 5628 decernitque.
1351 5580 1369 5610 ι

524 5623 638 5696 (55)
679 5623 770 5677 Sic
801 5642 901 5678 ms.
934 5642 1072 5696 unus
1089 5623 1294 5696 Regius
1325 5646 1474 5684 num.
1507 5632 1637 5687 1659
1664 5647 1726 5687 ac
1752 5633 2026 5688 Rabanns.

459 5694 601 5751 Εὐιιὶ
640 5707 784 5758 vero,
821 5711 837 5742 ι
872 5703 926 5745 et
967 5694 1200 5748 insolita—
1230 5699 1334 5750 sibi
1385 5714 1573 5752 rursus
1609 5703 1825 5757 itinera.
1860 5722 1877 5752 ι
1915 5703 2026 5768 AL,

2139 4488 2280 4543 enim
2313 4489 2512 4544 bonum
2567 4490 2780 4559 adjacet
2818 4492 2972 4555 mihi,
3025 4510 3042 4542 ι
3082 4492 3169 4546 hie
3217 4492 3552 4548 voluntatem
3598 4493 3714 4546 boui

2140 4577 2306 4646 legeu
2339 4579 2535 4631 mentis
2566 4577 2867 4631 nominavit
2905 4593 2920 4642 ;
2955 4594 3072 4646 quae
3110 4578 3192 4632 lex
3231 4581 3438 4633 utentis
3471 4579 3716 4634 convenit

2139 4684 2260 4724 cum
2295 4668 2408 4739 lege
2460 4669 2576 4736 Dei,
2624 4679 2680 4724 et
2717 4669 2993 4725 consentit
3018 4670 3089 4726 ei.
3127 4669 3236 4725 Sed
3279 4686 3499 4726 rursum
3546 4680 3714 4726 motus

2143 4950 2162 4983 ι
2201 4931 2278 4986 Ac
2307 4929 2466 4984 solito
2495 4929 2596 4984 sibi
2624 4929 2843 4986 itinere.
2875 4950 2893 4983 ι
2932 4930 3043 4993 ΑΙ..
3079 4949 3096 4982 ε
3132 4946 3196 4988 ac
3218 4932 3382 4987 solito
3407 4933 3512 4988 sibi
3541 4943 3593 4986 et
3624 4945 3708 4985 as-

2136 5010 2292 5055 sueto
2331 4999 2550 5056 itinere.
2581 5018 2599 5051 ι

2209 5069 2321 5143 (56)
2359 5070 2533 5135 Editi,
2566 5088 2585 5122 ι
2618 5071 2757 5124 bona
2786 5070 3064 5127 voluntate
3107 5072 3234 5143 (ms.
3270 5088 3411 5127 unus
3454 5092 3474 5125 ι
3520 5075 3704 5129 bonam

2138 5142 2465 5198 voluntatem
2498 5143 2545 5204 ι)
2581 5155 2730 5209 gero.
2763 5159 2782 5194 ι

2209 5211 2320 5293 (37)
2361 5210 2520 5272 Editi,
2561 5227 2576 5260 ι
2620 5209 2685 5263 Ει
2721 5212 2773 5263 in
2828 5211 2915 5293 his
2943 5226 3095 5276 vero,
3121 5220 3180 5293 ut
3241 5213 3518 5293 superius,
3550 5234 3569 5267 ι
3600 5225 3700 5268 etc.

2138 5280 2338 5350 Deinde
2369 5295 2470 5350 ms.
2507 5293 2677 5350 unus.)
2703 5297 2722 5330 ι
2760 5280 2842 5332 vel
2873 5280 3404 5350 improprietatib‘us.
3447 5304 3466 5334 ι

2205 5349 2315 5425 (53)
2351 5348 2806 5425 Αιίιιεμεριιίιιῃθο
2828 5350 2943 5419 ipso
2965 5348 3085 5425 (aL,
3116 5372 3133 5403 ι
3157 5356 3326 5425 sedet
3358 5354 3502 5425 ineo
3525 5355 3632 5425 ipso
3656 5353 3702 5422 ι)

2132 5421 2373 5492 eruditus
2404 5429 2460 5472 ut
2480 5421 2693 5492 sapiens
2717 5420 2829 5484 liat,
2849 5422 2991 5488 quod
3014 5433 3145 5492 ante
3174 5424 3336 5478 stulte
3365 5424 3485 5489 (aL,
3512 5420 3703 5492 iquan-

2134 5501 2187 5544 to
2215 5490 2376 5544 stulte
2403 5507 2419 5556 ;
2452 5509 2468 5542 ι
2505 5490 2576 5542 al.
2615 5507 2633 5539 ι
2684 5501 2882 5557 quanta
2918 5491 3081 5547 stulte
3111 5493 3158 5560 ι)
3186 5503 3238 5548 et
3273 5504 3464 5546 contra
3494 5490 3700 5562 sapien-

2136 5564 2264 5635 tiam
2321 5563 2526 5635 gessit‘;
2579 5575 2700 5629 quae
2754 5569 2932 5614 tamen
2993 5562 3296 5635 intelligere
3349 5565 3524 5632 potuit
3566 5562 3699 5633 quod

2133 5633 2295 5686 stulte
2318 5631 2566 5701 gesserit.
2592 5648 2610 5682 ι

2205 5700 2340 5772 (59)
2360 5701 2533 5756 Enim.
2567 5702 2726 5756 Deest
2753 5701 2805 5756 in
2833 5700 3014 5758 editis.
