3986 6206
256 216 283 271 1
293 217 404 273 089

1214 200 1572 262 COMMENT.
1615 199 1683 255 IN
1726 195 1945 253 EPIST.
1974 193 2067 249 AD
2103 193 2271 248 ROM.
2310 192 2440 247 LIB.
2484 191 2575 249 Vl.

3392 193 3529 251 1090

255 331 508 403 corporis
536 338 592 385 et
619 330 639 402 (
656 327 764 400 40)
808 326 1078 385 desideria
1131 323 1316 379 carnis
1358 322 1532 392 legem
1576 317 1840 373 membro—
1869 315 1913 373 Α
1943 309 2084 364 sicut
2104 324 2244 365 onus
2263 321 2429 379 grave
2450 314 2687 376 gravata:
2710 313 2837 362 sunt
2857 319 3018 376 super
3041 321 3148 363 me.
3174 294 3526 379 Computrue-

256 441 379 480 rum
414 423 571 487 dicit,
602 434 724 492 quae
750 420 1023 489 captivam
1047 416 1198 471 ducit
1231 413 1495 473 animam,
1525 418 1581 464 et
1631 405 1841 478 peccati

254 519 473 589 legibus
501 515 709 572 subdit.
736 512 960 569 Certum
994 522 1079 566 est
1124 521 1361 574 namque
1387 503 1530 576 quod
1569 502 1843 558 desideria

253 609 444 665 carnis
483 606 723 661 animam
775 603 992 657 trahant
1020 599 1131 671 (41)
1163 599 1230 654 ad
1277 606 1592 668 peccatum,
1620 604 1676 648 et
1722 607 1841 648 eam

252 703 471 772 legibus
489 699 611 771 ejus
640 695 876 752 subdant
906 702 1003 748 :et
1029 693 1172 748 sicut
1198 691 1287 748 lex
1312 691 1528 755 mentis,
1552 704 1675 761 qua:
1708 704 1841 745 con-

249 795 427 850 sentit
458 808 584 849 cum
612 790 730 860 lege
752 784 1178 854 Dei,sianimam
1196 787 1429 854 potuerit
1456 782 1725 844 obtinere,
1753 781 1846 836 ad-

250 882 410 937 ducit
439 896 562 935 eam
588 880 655 934 ad
676 879 848 948 legem
883 876 1002 943 Dei,
1042 877 1117 930 ita
1140 884 1198 930 et
1229 882 1314 930 lex
1337 887 1460 944 qua:
1492 872 1546 927 in
1581 871 1844 927 membris

248 981 364 1035 est,
387 978 441 1027 et
465 968 907 1039 concupiscentia
941 966 1146 1032 carnis,
1179 966 1225 1022 si
1258 964 1544 1021 seduxerit
1574 963 1839 1029 animam,

248 1060 469 1131 peccati
499 1074 620 1116 eam
659 1060 878 1130 legibus
910 1060 1127 1115 subdet.
1160 1056 1268 1113 Sed
1307 1072 1431 1113 cum
1474 1056 1589 1112 haec
1621 1056 1840 1118 Paulus,

247 1163 537 1221 assumpta
565 1152 848 1222 lragiliore
881 1165 1140 1220 persona,
1175 1150 1315 1203 intra
1349 1149 1624 1205 hominem
1650 1148 1840 1204 haberi

1902 428 1906 433 -
1950 410 2077 455 runt
2101 411 2153 456 et
2186 413 2363 455 exeste
2395 408 2524 453 sunt
2545 398 2833 453 cicatrices
2862 414 2995 454 mete
3034 415 3062 453 a
3098 398 3241 454 facie
3266 399 3526 470 insipien-

1948 495 2036 549 tim
2085 508 2241 548 meae.
2273 492 2509 548 Miseriis
2551 489 2782 546 aﬂlietus
2826 506 2968 554 sum,
3002 500 3056 545 et
3105 503 3365 546 curvatus
3408 506 3532 546 smn

1946 602 2116 654 usque
2147 587 2199 640 in
2233 585 2394 640 linem
2446 582 2584 656 (48).
2624 602 2644 636 ι
2684 591 2738 638 et
2774 592 2969 637 caetera
3017 582 3215 651 quibus
3268 596 3405 652 pene
3445 583 3531 635 iu-
3622 589 3626 593 ‘

1948 685 2097 747 teger
2147 676 2236 730 hic
2275 674 2536 729 scribitur
2569 671 2843 727 Psalmus.
2877 671 3031 738 Quod
3076 671 3121 725 si
3171 670 3314 725 forte
3363 670 3528 725 alicui

1947 766 2217 824 videbitur
2246 767 2363 822 haec
2402 763 2569 820 David
2623 763 2797 831 magis
2829 762 2899 818 de
2950 763 3278 830 semetipso,
3314 776 3414 832 pro
3447 762 3533 816 his

1945 875 2067 930 qua:
2090 858 2405 914 acciderant
2436 856 2511 922 ei,
2555 855 2740 911 dicere
2782 852 3048 926 potuisse,
3079 870 3241 923 quam
3276 853 3344 907 de
3385 852 3529 920 aliis,

1946 952 2073 1022 quid
2098 951 2260 1007 etiam
2284 950 2351 1005 de
2379 949 2601 1004 Daniele
2622 949 2889 1013 dicemus,
2921 949 3074 1018 cujus
3098 957 3381 1017 peccatum
3408 946 3532 1015 qui-

1945 1046 2065 1100 dem
2110 1043 2318 1098 nullmn
2361 1042 2598 1097 refertur
2634 1040 2748 1113 (49)
2786 1039 3225 1108 exhomologesis
3263 1047 3443 1092 tamen
3476 1034 3531 1091 in

1939 1134 2165 1201 jejuniis
2200 1143 2255 1188 et
2279 1133 2459 1188 cilicio
2492 1144 2546 1187 et
2574 1133 2757 1186 cinere
2779 1131 3129 1196 describitur,
3156 1139 3211 1185 et
3231 1130 3407 1184 oratio
3435 1130 3533 1182 lm-

244 1245 558 1300 certamina
591 1210 705 1316 (4;)
731 1241 1029 1305 docuisset,
1068 1251 1124 1296 et
1147 1241 1481 1297 ostendisset
1507 1240 1650 1311 quod
1673 1240 1840 1295 etiam

1952 1210 2192 1277 Lusutodi,
2216 1212 2271 1265 in
2292 1227 2396 1282 qua
2419 1214 2562 1270 inter
2584 1226 2779 1272 caetera
2805 1217 2967 1273 etiam
2993 1218 3110 1274 haec
3143 1219 3309 1275 dicit:
3340 1241 3359 1272 ι
3390 1221 3527 1277 Pec-

245 1348 444 1395 contra
476 1338 808 1392 voluntatem
843 1349 943 1407 per
979 1335 1248 1390 desideria
1294 1335 1479 1389 carnis
1517 1334 1701 1388 anima
1737 1348 1837 1386 usu

247 1434 376 1502 ipso
402 1429 663 1500 peccandi
697 1429 751 1483 in
802 1428 1014 1498 peccati
1038 1427 1159 1494 jura
1198 1434 1522 1496 raperetur,
1566 1424 1842 1479 exclama-

249 1525 405 1578 tione
441 1522 612 1577 utitur
657 1521 837 1575 adhuc
875 1535 943 1573 ex
979 1533 1210 1587 persona
1253 1514 1399 1572 illius
1427 1531 1590 1585 quem
1635 1514 1844 1570 descri-

246 1615 361 1684 psit
399 1612 536 1685 (15),
566 1620 623 1666 et
652 1610 785 1665 dicit
812 1627 825 1662 :
864 1628 883 1660 ι
916 1609 1080 1663 Miser
1107 1624 1206 1677 ego
1247 1609 1406 1663 hoino
1436 1608 1450 1661 l
1485 1607 1620 1674 Quis
1653 1622 1742 1661 me
1774 1606 1840 1659 lio

1939 1303 2202 1368 cavimus,
2226 1304 2564 1378 iniquitatem
2587 1309 2837 1378 fecimus,
2858 1312 3057 1383 injuste
3079 1313 3309 1386 egimus,
3334 1315 3525 1385 impie-

1948 1418 2113 1463 tatem
2141 1408 2536 1473 commisimus,
2563 1419 2618 1462 et
2643 1408 3015 1471 discessimus,
3054 1417 3105 1461 et
3135 1404 3532 1460 declinavimus

1945 1520 1975 1558 a
2002 1504 2274 1560 mandatis
2299 1503 2405 1559 tuis
2427 1516 2474 1559 et
2506 1521 2535 1558 a
2565 1503 2796 1572 judiciis
2831 1502 2957 1567 tuis,
2984 1511 3041 1557 et
3079 1517 3185 1555 non
3226 1499 3532 1554 audivimus

1946 1609 2137 1649 servos
2166 1604 2289 1649 tuos
2318 1596 2633 1663 prophetas,
2652 1588 2749 1662 'qni
2791 1592 3151 1661 loquebantur
3173 1590 3329 1646 nobis
3351 1590 3403 1643 in
3437 1604 3531 1644 no-

248 1673 471 1761 berabit
594 1716 824 1771 corpore
859 1701 1049 1754 mortis
1087 1673 1294 1766 huius?
1332 1718 1350 1750 ι
1390 1673 1545 1753 Videt
1582 1712 1642 1752 se
1675 1698 1843 1752 mise-
1875 1673 1918 1727 Β
1950 1687 2092 1740 mine
2116 1694 2227 1749 luo,
2262 1697 2316 1739 et
2352 1685 2591 1755 regibus,
2624 1693 2679 1737 el
2709 1683 3052 1752 principibus
3095 1683 3298 1737 nostris
3320 1680 3456 1755 (50),
3476 1693 3529 1737 et

249 1815 399 1862 ram,
435 1798 580 1851 intra
610 1809 773 1865 quem
806 1802 883 1847 tot
911 1791 1060 1861 leges
1106 1792 1213 1846 sibi
1242 1792 1473 1847 invicem
1515 1801 1838 1860 repugnant,

247 1900 334 1945 tot
379 1889 561 1958 przelia
597 1895 1056 1943 commoventur:
1094 1903 1113 1936 ι
1155 1884 1366 1952 Pugnat
1412 1898 1545 1938 caro
1577 1884 1841 1937 adversus

245 1984 532 2053 spiritum,
562 1979 791 2050 spiritus
830 1987 1013 2045 autem
1042 1978 1307 2031 adversus
1331 1975 1613 2030 carnem”
1645 1993 1659 2029 :
1700 1993 1719 2025 ι
1753 1974 1839 2028 lex

245 2074 445 2146 qnaain
480 2071 739 2128 membris
762 2079 845 2128 est
870 2080 1136 2141 repugnat
1168 2070 1269 2140 legi
1306 2069 1524 2131 tuentis,
1551 2078 1603 2123 et
1627 2068 1839 2137 captiva

246 2171 469 2225 ducitur
498 2167 676 2222 anima
713 2167 766 2220 in
799 2165 915 2235 lege
952 2166 1187 2234 peccati.
1224 2173 1279 2218 et
1321 2163 1423 2218 sub
1446 2163 1578 2232 jngo
1611 2162 1729 2230 ejus
1759 2160 1842 2215 cl-

246 2260 456 2323 ﬁcitur,
488 2260 652 2315 etiam
700 2273 825 2313 cum
858 2256 1090 2311 interior
1125 2256 1290 2308 homo
1322 2252 1416 2307 Dei
1460 2252 1577 2320 lege
1606 2251 1841 2307 delecte-

250 2362 345 2406 tor
376 2366 392 2404 :
423 2350 695 2420 quomodo
718 2349 771 2403 in
798 2348 881 2404 his
907 2354 987 2402 tot
1014 2355 1071 2402 et
1107 2346 1305 2400 talibus
1351 2343 1509 2400 malis
1535 2358 1644 2398 non
1680 2342 1840 2397 mise-

246 2460 373 2498 rum
409 2458 470 2501 se
506 2443 652 2498 dicat
685 2444 866 2505 homo,
892 2451 947 2495 et
980 2441 1034 2496 in
1072 2453 1303 2509 corpore
1336 2436 1530 2492 mortis
1553 2434 1839 2490 habitare?

246 2537 450 2592 Merito
506 2549 742 2605 namque
777 2549 980 2604 corpus
1022 2530 1218 2586 mortis
1264 2528 1586 2598 appellatur,
1631 2528 1686 2579 in
1731 2540 1839 2593 quo

247 2629 467 2685 habitat
507 2638 790 2699 peccatum
835 2625 978 2694 quod
1030 2624 1225 2678 mortis
1265 2631 1350 2678 est
1399 2633 1585 2674 causa.
1631 2616 1719 2672 Fit
1750 2631 1838 2671 er-

245 2736 317 2792 go
339 2720 456 2791 (Ml
491 2720 822 2776 exclamatio
857 2721 973 2775 haec
997 2734 1061 2773 ex
1103 2733 1336 2788 persona
1368 2715 1515 2772 illius
1546 2729 1706 2784 quem
1732 2713 1836 2767 iui-

247 2814 322 2868 tia
348 2814 571 2883 quidem
605 2811 979 2868 conversionis
1009 2812 1289 2880 accepisse
1319 2808 1580 2865 describit
1602 2808 1835 2877 Aposto-

248 2904 358 2971 lus,
394 2907 447 2959 in
480 2919 546 2959 eo
590 2903 733 2975 quod
773 2903 1025 2959 voluntas
1075 2904 1125 2958 ei
1164 2902 1277 2974 (45)
1312 2901 1524 2972 adjacet
1570 2898 1717 2965 boui,
1744 2898 1838 2953 sed

250 2995 497 3049 nondum
544 2995 597 3049 in
631 2993 883 3050 eﬂ'ectum
916 2994 1129 3048 venerit
1158 2993 1307 3049 boui.
1345 2990 1463 3045 Non
1500 2990 1647 3046 enim
1680 2990 1838 3043 inve-

250 3086 327 3140 nit
355 3088 618 3156 perlicere
643 3088 842 3141 houum
893 3085 1023 3155 quia
1058 3085 1295 3141 nonduin
1327 3083 1380 3137 in
1420 3097 1486 3138 eo
1515 3097 1644 3138 usus
1677 3079 1842 3135 inole-

250 3188 410 3233 verat
439 3180 874 3247 exercitiumque
905 3180 1188 3232 virtutum.
1229 3175 1613 3244 Respondetur
1639 3187 1767 3227 vero
1793 3172 1841 3225 ei

247 3272 317 3325 ad
347 3272 454 3327 hoc
477 3272 620 3341 quod
644 3271 891 3326 dixerat:
917 3289 936 3323 ι
969 3270 1102 3338 Quis
1129 3287 1217 3323 me
1238 3267 1495 3322 liberabit
1524 3265 1590 3319 de
1611 3277 1842 3333 corpore

248 3369 451 3423 mortis
475 3367 676 3435 hujus?
705 3385 728 3419 ι
754 3365 867 3434 jam
902 3379 1008 3418 non
1045 3379 1112 3417 ex
1135 3362 1278 3415 illius
1306 3374 1537 3429 persona
1566 3356 1706 3426 (46),
1737 3356 1834 3410 sed

248 3473 319 3513 ex
359 3458 656 3528 apostolica
713 3456 1039 3512 auctoritate
1068 3471 1081 3507 :
1117 3472 1136 3504 ι
1170 3451 1357 3506 Gratia
1392 3449 1485 3505 Dei
1522 3463 1617 3519 per
1653 3447 1841 3503 Jesum

248 3550 536 3605 Christum
570 3550 853 3604 Domimnn
889 3557 1157 3603 nostrum.
1203 3562 1224 3595 ι
1264 3541 1418 3598 Unde
1447 3551 1674 3611 apparet
1696 3538 1842 3609 quod

248 3653 541 3714 propterea
578 3642 692 3696 haec
723 3640 905 3696 omnia
937 3639 1230 3708 descripsit
1264 3634 1579 3704 Apostolus,
1613 3643 1667 3687 et
1700 3630 1842 3685 mala

248 3753 379 3810 qua:
421 3739 563 3792 intra
607 3753 707 3792 nos
737 3733 1037 3805 agebantur
1057 3732 1175 3804 (A7)
1214 3730 1489 3800 exposuit,
1519 3736 1578 3782 ut
1618 3728 1686 3780 ad
1718 3723 1844 3778 nlti-

252 3850 404 3888 mum
435 3833 745 3886 ostenderet
778 3839 835 3884 et
860 3829 1079 3882 doceret
1106 3827 1172 3880 de
1199 3822 1417 3894 quantis
1450 3836 1550 3876 nos
1584 3818 1765 3881 malis,
1787 3827 1843 3871 et

252 3929 324 3981 de
350 3926 573 3995 quantis
612 3922 882 3979 mortibus
927 3921 1183 3976 Christus
1220 3915 1441 3985 eripuit.
1471 3912 1626 3981 Quod
1659 3920 1839 3965 autem

254 4014 434 4074 moris
454 4020 526 4076 sit
544 4019 598 4074 in
619 4014 920 4087 Scripturis
992 4011 1192 4067 divinis
1224 4016 1446 4064 sanctos
1473 4017 1736 4075 personas
1759 4017 1842 4057 as-

255 4123 476 4164 sumere
514 4117 889 4179 peccatorum,
918 4117 971 4162 et
1006 4102 1302 4172 magistros
1348 4097 1634 4167 suscipere
1675 4095 1728 4149 in
1759 4109 1844 4148 se-

254 4202 519 4271 metipsos
540 4200 890 4255 infirmitates
914 4194 1329 4267 discipulorum,
1357 4206 1422 4245 ex
1452 4189 1592 4244 libro
1622 4185 1841 4257 quidem

254 4292 597 4348 Psalmorum
620 4289 936 4362 plenissime
955 4288 1315 4358 perducemur
1331 4296 1453 4337 eum
1474 4277 1674 4335 dicit“:
1689 4295 1706 4328 ι
1727 4274 1841 4330 Non

253 4394 339 4439 est
374 4400 477 4453 pax
517 4354 731 4440 ossibus
762 4383 900 4436 meis
945 4354 973 4435 a
1010 4379 1145 4433 facie
1178 4384 1528 4448 peccatorum
1573 4383 1840 4433 meorum,
1876 4381 1921 4437 ι)
1952 4360 2090 4430 ipse,
2115 4376 2133 4410 ι
2173 4366 2234 4411 ιιι
2266 4354 2461 4453 ostend

254 4481 388 4548 quia
433 4479 750 4547 iniquitates
792 4471 1143 4545 superposita;
1190 4477 1313 4524 sunt
1364 4463 1529 4536 capiti
1580 4476 1727 4526 meo,
1758 4467 1845 4525 ,et

1945 1776 2193 1846 patribus
2216 1776 2442 1841 nostris,
2474 1786 2527 1830 et
2551 1776 2696 1830 omni
2727 1775 2925 1848 pepulo
2959 1775 3159 1829 terras?
3180 1774 3243 1828 Et
3281 1774 3399 1839 tibi,
3425 1773 3526 1828 Do-

1943 1869 2108 1933 mine,
2140 1867 2542 1938 justitiamobis
2564 1876 2746 1923 autem
2775 1866 3023 1923 confusio
3054 1866 3212 1922 faciei
3241 1865 3308 1922 ".
3347 1885 3367 1919 ι
3399 1864 3533 1934 Quis

1941 1972 2023 2016 est
2048 1963 2136 2031 qui
2165 1963 2218 2015 in
2249 1960 2332 2016 his
2362 1963 2548 2017 verbis
2583 1976 2785 2032 negare
2812 1961 2985 2031 possit
3021 1975 3312 2030 personam
3339 1974 3532 2030 pecca~

1945 2062 2120 2108 torum
2153 2068 2182 2107 a
2233 2052 2456 2107 Daniele
2495 2067 2616 2108 esse
2650 2063 2995 2121 susceptam,
3027 2065 3127 2121 pro
3172 2050 3368 2118 quibus
3413 2059 3532 2105 tan-

1941 2159 2103 2214 quam
2137 2157 2237 2215 pro
2267 2144 2446 2214 seipse
2483 2144 2599 2198 haec
2648 2143 2830 2197 dicere
2869 2143 3117 2197 rideatur
3145 2142 3169 2195 ?
3198 2140 3351 2197 Unde
3397 2155 3532 2197 cen-

1940 2238 2166 2292 venicns
2222 2246 2306 2291 est
2357 2251 2456 2291 nos
2514 2235 2756 2305 legentes
2803 2235 2949 2288 dicta
3009 2242 3364 2296 sanctorum,
3405 2245 3528 2287 cum

1941 2330 2009 2386 ab
2056 2330 2137 2385 eis
2192 2328 2299 2384 tale
2356 2327 2560 2396 aliquid
2612 2327 2717 2381 dici
2784 2326 3068 2392 videmus,
3116 2324 3423 2395 intelligere
3474 2331 3529 2379 et

1942 2424 2146 2478 sentire
2194 2422 2321 2491 quia
2371 2430 2588 2476 nostras
2637 2419 2689 2473 in
2736 2417 3042 2487 semetipsis
3094 2417 3380 2487 passiones
3430 2429 3531 2470 no-

1940 2523 2167 2583 straque
2213 2521 2436 2584 peccata
2488 2512 2840 2576 describunt;
2898 2519 2953 2565 et
3012 2517 3299 2579 propterea
3360 2505 3526 2578 587

1941 2608 2055 2663 haec
2116 2604 2193 2660 illi
2251 2604 2472 2669 deﬂent,
2537 2612 2594 2658 ut
2661 2604 2875 2658 illorum
2935 2598 3151 2655 ﬂetibus
3189 2612 3288 2654 nos
3332 2598 3531 2651 invite-

1942 2715 2063 2754 mur
2094 2699 2160 2754 ad
2192 2699 2483 2771 Iacrymas.
2516 2695 2947 2753 Considerabant
2974 2693 3118 2749 enim
3152 2690 3426 2747 neminem
3452 2691 3530 2745 ita

1941 2792 2135 2846 durum
2164 2798 2218 2844 et
2247 2790 2518 2860 ingratum
2547 2787 2661 2859 (51)
2689 2802 2846 2856 posse
2876 2781 3129 2845 inveniri,
3171 2781 3265 2850 qui
3297 2795 3421 2835 cum
3458 2782 3531 2834 ab

1940 2883 2061 2938 aliis
2126 2880 2308 2936 rideat
2372 2880 2597 2934 vulnera
2678 2892 2776 2932 sua
2857 2873 3075 2945 lugeri,
3140 2870 3258 2940 ipse
3322 2869 3530 2924 nullum

1944 2976 2013 3033 tle
2065 2976 2181 3030 suis
2231 2974 2552 3030 vulneribus
2610 2984 2835 3025 sensum
2884 2965 3089 3021 doloris
3142 2962 3404 3033 accipiat.
3448 2960 3528 3014 Ita

1954 3084 2085 3141 ergo
2117 3076 2173 3125 et
2201 3068 2257 3122 in
2287 3065 2544 3137 praesenti
2579 3061 2817 3133 capitqu
2842 3057 3136 3128 Apostolus
3167 3069 3236 3110 ne
3263 3055 3385 3124 quis
3436 3067 3532 3107 no-

1950 3172 2124 3218 strum
2152 3159 2690 3216 erubesceretdehis
2706 3148 2988 3226 quacintra
3040 3164 3099 3205 se
3127 3146 3243 3218 geri
3278 3146 3528 3206 sentiret.

1950 3265 2043 3310 aut
2076 3255 2242 3309 etiam
2281 3264 2588 3307 conversus
2631 3249 2699 3303 ad
2744 3248 3061 3309 Dominum,
3099 3250 3155 3295 et
3180 3249 3390 3296 mutata
3418 3237 3530 3309 jam

1959 3347 2241 3403 voluntate
2288 3343 2427 3416 (52),
2488 3357 2556 3396 ne
2614 3342 2729 3395 haec
2772 3339 2951 3392 adhuc
2986 3336 3131 3388 intra
3178 3331 3531 3399 semetipsum

1952 3439 2166 3494 moveri
2200 3438 2444 3493 sentiens
2468 3434 2808 3503 desperaret,
2831 3430 2943 3499 ipse
2967 3442 3029 3480 ea
3058 3425 3213 3497 quasi
3251 3424 3301 3476 in
3332 3429 3532 3475 semct-

1958 3531 2080 3599 ipso
2131 3527 2248 3597 geri
2288 3523 2603 3592 descripsit,
2635 3529 2695 3573 ut
2719 3517 2969 3587 exemplo
2996 3512 3239 3586 Apostoli
3273 3526 3373 3565 nec
3407 3524 3532 3563 cor-

1951 3620 2101 3691 poris
2133 3627 2344 3673 naturzc
2369 3614 2573 3685 pudeat
2598 3624 2958 3682 quemquam,
2997 3621 3096 3660 nec
3131 3618 3233 3674 pro
3263 3601 3529 3656 emenda-

1953 3717 2100 3770 tione
2125 3711 2402 3780 desperet,
2435 3720 2534 3761 nec
2566 3702 2834 3759 malorum
2883 3713 3105 3753 suorum
3159 3691 3532 3748 multitudines

1951 3806 2188 3875 ignoret,
2223 3814 2291 3853 ex
2323 3796 2524 3868 quibus
2559 3807 2656 3865 per
2689 3787 2894 3845 Christi
2926 3785 3159 3858 gratiam
3192 3783 3476 3837 liberatur.

2022 3895 2112 3949 10.
2157 3909 2177 3944 ‹
2227 3890 2415 3959 Itaque
2468 3902 2570 3957 ego
2622 3885 2737 3954 ipse
2783 3889 2963 3936 mente
3012 3876 3193 3933 servio
3255 3873 3359 3945 legi
3412 3873 3530 3937 Dei.

1950 4002 2118 4046 carne
2146 3995 2330 4040 autem
2374 3982 2475 4052 legi
2514 3977 2723 4050 peccati
2766 3976 2838 4033 ".
2891 3992 2910 4026 ι
2968 3972 3133 4027 Forte
3161 3968 3361 4039 aliquis
3388 3968 3534 4024 dicet

1950 4080 2097 4153 quod
2129 4075 2448 4148 Apostolus,
2502 4071 2594 4141 qui
2629 4082 2775 4123 nunc
2817 4079 2990 4134 usque
3044 4076 3149 4117 non
3190 4059 3345 4130 quasi
3393 4058 3534 4128 ipse.

1952 4151 2048 4231 sed
2098 4179 2384 4241 assumpta
2421 4166 2654 4222 alterius
2705 4173 2944 4231 persona
2994 4158 3210 4211 locutus
3234 4162 3336 4215 est,
3373 4151 3535 4204 modo

1953 4266 2099 4322 velut
2125 4239 2372 4335 persona:
2395 4255 2840 4313 immutationem
2865 4248 3158 4318 designans
3188 4242 3356 4305 dicat,
3381 4256 3400 4290 α
3420 4239 3534 4307 Ego

2468 4358 2523 4407 at
2552 4349 2669 4404 haec
2702 4360 2824 4415 quae
2849 4340 3081 4397 (licenda
3114 4342 3263 4400 sunt,
3313 4332 3380 4386 ad
3440 4344 3531 4384 sc-

1951 4425 2129 4524 ipsum
2184 4449 2326 4505 idem
2367 4441 2662 4515 Apostolus
2709 4435 2985 4509 pertinere
3013 4430 3149 4503 (53).
3178 4425 3530 4491 Dicitautem

335 4616 384 4649 ”
402 4617 579 4676 Galat.
631 4632 688 4681 ν,
723 4614 810 4670 17.
886 4613 935 4650 ’⁵
963 4609 1106 4667 Psal.
1134 4618 1342 4671 xxxv",
1372 4601 1489 4657 4-7.
1565 4600 1611 4633 ⁸⁸
1646 4599 1783 4654 Dan.
1820 4613 1834 4652 ι

1952 4593 1963 4645 i
1993 4605 2111 4660 seq.
2186 4584 2233 4617 "‘
2262 4581 2421 4636 Rern.
2453 4591 2550 4641 vn,
2581 4572 2674 4627 ‘25.

332 4743 446 4807 140)
487 4745 575 4801 Et.
605 4744 953 4800 Desideratur
984 4734 1037 4788 in
1070 4740 1228 4787 antea
1259 4728 1440 4783 editis.

328 4791 445 4885 (ἦ)
486 4791 1000 4881 iia’.§,‘i"i}i’i;.;i.t,
1039 4824 1076 4885 ι.
1109 4811 1165 4885 e_t
1204 4807 1412 4871 postea,
1458 4812 1478 4847 ε
1514 4791 1771 4848 subdunt.
1814 4808 1832 4843 ι

334 4871 446 4952 142)
487 4871 660 4953 Alias,
697 4906 717 4940 ι
753 4871 1347 4953 certamen__habere.'i
1410 4937 1423 4949 .
1499 4931 1652 4953 ΑΒ.εὲ
1692 4930 1793 4953 ωε

487 4932 660 5026 632;:
698 4932 1156 5022 ἇεὶἓὲὲῇἱίιῖῖιιωο
1199 4939 1362 4995 verba
1410 4937 1464 4991 in
1493 4932 1656 4989 editis
1688 4932 1842 4986 omit-

247 5042 460 5088 lllllllll‘.

334 5103 449 5170 (μ)
490 5099 654 5170 Editi,
691 5115 710 5150 ι
744 5094 828 5170 Sit
852 5105 1006 5170 ergo.
1043 5109 1061 5141 ι

334 5162 451 5241 (45)
494 5166 830 5241 Eli-Deest?)
860 5162 1045 5241 9'1"}?-

494 5220 750 5292 Fabia.
776 5232 975 5289 Nullibi
1006 5231 1057 5285 in
1088 5233 1246 5282 antea
1283 5220 1445 5276 editis
1466 5220 1763 5286 comparet.

362 5303 447 5376 i7)
487 5309 656 5371 Alias.
694 5327 712 5358 ο
758 5303 1110 5376 gerebantur.
1142 5316 1161 5375 ξ

354 5312 421 5365 l7
487 5309 656 5371 Alias.
694 5327 712 5358 ο
758 5308 1107 5376 gerebantur.
1142 5316 1161 5349 ι
1253 5362 1267 5375 .

354 5308 668 5455 milites.
721 5396 740 5429 ι
1097 5365 1842 5455 “rem:essem;

261 5430 471 5526 gressa;
487 5430 630 5506 stiti
646 5430 823 5514 caput.
839 5430 1212 5526 ιιιεψηε....Ρ.ιὶ
1214 5445 1439 5526 ινιιθἾἮ
1446 5438 1464 5482 1.
1476 5430 1846 5526 “etrfgirtzt'ptée

262 5494 971 5591 $33217:"iiii-gemui?)
989 5507 1277 5591 cicatrices
1307 5514 1450 5591 me?“
1474 5512 1516 5591 ἦ
1543 5494 1846 5591 [algie'insij

1051 5559 1327 5663 ξῖιτὲίβιη
1355 5568 1516 5624 Miser
1545 5560 1775 5619 afﬂictus
1803 5559 1849 5629 ι)

262 5647 608 5719 incurvatus
632 5670 752 5713 sum
782 5666 952 5722 usque
976 5650 1027 5705 in
1062 5647 1245 5703 linem.
1282 5663 1301 5695 ι

2018 4712 2132 4786 (19)
2161 4704 2357 4786 _Editj,c
2370 4700 2624 4783 refertur,
2655 4693 2750 4750 sed
2778 4690 2863 4746 vir
2891 4684 3284 4744 desideriorum
3309 4682 3528 4747 dicitur,
3564 4727 3569 4732 .

1949 4771 2128 4839 tamen
2160 4779 2214 4832 in
2236 4771 2470 4843 18111111Ῑέ
2514 4787 2534 4821 ³
2648 4834 2660 4843 ,
2839 4831 2852 4843 ,
2899 4829 2910 4843 .
3004 4825 3274 4843 ξιξρμη,
3328 4822 3401 4843 με

2161 4826 2338 4924 Χύεῖξ.
2376 4857 2395 4892 t
2424 4834 2820 4924 Peccavimus,
2839 4826 3530 4924 ἰιιιῑίιξξςὴςεῖἓίἒιὲιῗ,,ὶίιξξιιξὶῗθ

1947 4896 2735 4995 egim‘iisrerimpietatem....
2772 4914 2827 4995 clt
2871 4896 3331 4995 declinavintus'a
3354 4908 3526 4995 Iutan;

2197 4960 2415 5057 jvu'di-ciis
2447 4960 2581 5050 (51.;
2604 4970 2922 5055 amandatis
2956 4979 3013 5023 et
3044 4984 3072 5057 ε)
3098 4960 3526 5057 judiciis‘luisng)

1947 5037 2523 5119 δί’ἶῶηῄὄιῖἇόὶνῖηιῖιε
2556 5045 2729 5119 sertis
2777 5041 2883 5097 ιυίε
2916 5037 3263 5119 Pfopltetis...
3290 5040 3347 5088 et
3388 5037 3531 5100 regi-

1947 5110 2303 5191 bus—“tiostris,
2329 5132 2387 5177 et
2415 5116 2752 5190 principibus
2798 5110 3020 5176 nostris,
3057 5125 3075 5159 ι
3106 5115 3217 5161 ete.

2022 5223 2133 5298 (51)
2170 5217 2310 5275 Editi
2341 5213 2611 5287 plerique,
2651 5224 2670 5259 ι
2698 5208 2970 5276 ignarum,
3010 5219 3029 5253 ι
3069 5197 3232 5298 male.

2169 5314 2337 5378 Alias,
2368 5327 2387 5361 ι
2415 5317 2472 5363 et
2503 5309 2708 5360 mutata
2742 5294 2994 5369 quisjam
3030 5290 3331 5391 voluntate.
3358 5303 3378 5338 ι

2026 5377 2138 5476 ἰδῦό
2170 5407 2340 5476 Alias.
2376 5420 2395 5452 σ
2429 5408 2489 5476 ειι
2514 5392 2774 5476 om???“
2804 5377 3522 5476 ιιέε.9.ίξ.ί.²ῗὲθηέὲ¹.¹ί.εη1¹.ξζ⁰⁸ξ

1970 5452 2340 5548 «ὀῖἱῖέεῖέῇιδ
2369 5470 2603 5548 scipsum
2639 5463 2780 5517 idem
2824 5452 3117 5548 Apostolit‘s
3147 5452 3524 5548 pert-inerat:

1960 5519 2557 5612 Bsiéii'aiu
2581 5536 2714 5612 haec.
2737 5542 2843 5599 qua
2874 5519 3112 5612 dicende
3154 5527 3301 5585 sunt,
3342 5519 3408 5572 ad
3447 5527 3528 5572 so-

1962 5601 2162 5693 iji's'imi,
2194 5616 2246 5669 id
2278 5622 2360 5667 est
2390 5609 2456 5663 ad
2494 5601 2811 5675 Apostolum
2838 5601 3130 5668 pertinere.
3150 5612 3170 5644 ι
