3986 6206
549 277 684 334 1091

2039 274 2362 332 ()RIGENIS

3635 289 3739 349 1001

549 395 675 462 quia
703 403 886 450 mente
909 393 1114 452 serviat
1141 391 1244 463 legi
1277 392 1396 458 Dei,
1430 409 1597 450 carne
1627 404 1808 450 autem
1846 395 1952 467 legi
1998 410 2128 465 pec-
2156 400 2202 457 Α
2234 403 2415 450 autem
2455 394 2559 462 legi
2600 393 2716 464 Dei,
2752 405 2808 452 et
2837 411 2959 452 esse
3012 397 3116 453 sub
3163 394 3280 467 lege
3307 395 3538 467 spiritus,
3575 402 3744 462 huc“

548 487 678 549 cati,
708 487 864 555 quasi
902 493 1051 540 tanta
1082 487 1153 540 sit
1181 487 1438 554 peccandi
1475 488 1580 551 vis,
1621 497 1764 542 tanta
1815 489 2005 544 carnis
2033 501 2126 559 ty-

550 580 759 640 rannis.
784 593 948 648 quam
976 593 1074 633 nec
1093 579 1386 649 Apostolus
1413 580 1580 649 possit
1608 580 1880 650 eﬂttgere;
1908 591 1962 635 et
1989 597 2122 652 pro-

548 680 734 740 pterea
790 669 842 723 in
909 669 1032 724 aliis
1091 671 1332 739 dixerit,
1385 671 1514 742 quia
1575 689 1594 724 ι
1649 686 1866 727 macero
1928 687 2126 742 corpus

548 775 726 814 mcum
763 761 900 831 (54),
935 771 990 816 et
1019 764 1542 834 servitutisubjicio,
1579 781 1646 821 ne
1684 765 1822 820 forte
1851 780 1973 820 cum
2003 765 2126 822 aliis

549 851 995 920 praidicaverim,
1036 855 1150 923 ipse
1181 856 1443 924 reprobus
1469 855 1674 912 eiliciar
1699 857 1767 910 ⁸⁷.
1798 877 1818 910 1
1867 857 1972 912 Sed
2008 856 2127 912 inec

546 942 638 1010 qui
671 956 733 996 ex
767 959 998 1012 persona
1028 946 1271 1014 Apostoli
1327 946 1528 1012 accipit
1580 949 1747 1013 dicta,
1791 949 2129 1020 desperatio-

549 1052 674 1091 nem
712 1037 842 1091 mihi
875 1038 1089 1094 videtur
1124 1038 1370 1095 incutere
1408 1040 1556 1095 omni
1593 1041 1812 1105 animus,
1846 1043 1990 1109 quod
2025 1057 2126 1096 ne-

554 1143 643 1182 mo
670 1129 740 1183 sit
770 1145 995 1197 prorsus
1023 1131 1114 1200 qui
1171 1147 1276 1184 non
1332 1144 1522 1201 peccet
1567 1134 1619 1186 in
1653 1149 1841 1188 carne.
1885 1133 1997 1188 Hoc
2043 1144 2128 1188 est

547 1221 694 1273 enim
725 1237 889 1274 carne
915 1221 1120 1278 servire
1152 1221 1254 1291 legi
1289 1223 1496 1292 peccati
1524 1221 1658 1295 (55).
1686 1222 1814 1278 Mihi
1844 1240 1976 1291 ergo
2008 1241 2127 1280 ina-

548 1313 632 1384 gis
672 1314 891 1368 videtur
941 1315 1087 1370 illius
1141 1315 1321 1370 adhuc
1379 1325 1564 1370 tenere
1614 1329 1928 1384 personam,
1960 1332 2125 1386 quam

551 1421 717 1474 supra
751 1405 804 1459 in
833 1407 1125 1477 semetipso
1154 1407 1465 1479 descripsit,
1495 1407 1655 1478 quasi
1701 1407 1978 1463 voluntate
2015 1407 2125 1477 jam

549 1506 602 1551 et
634 1498 920 1566 proposito
947 1497 1014 1550 ad
1043 1499 1270 1552 meliora
1305 1499 1583 1563 conversi,
1631 1512 1688 1554 ct
1737 1510 1920 1556 mente
1964 1511 2129 1569 atque

547 1589 730 1642 animo
761 1589 862 1658 legi
908 1589 1000 1644 Dei
1031 1591 1348 1655 servientis,
1385 1592 1625 1645 nondum
1659 1601 1839 1646 tamen
1888 1592 1939 1645 id
1987 1592 2128 1646 oliti-

550 1681 756 1744 nuisse,
811 1690 867 1733 ut
920 1682 1084 1734 etiam
1141 1683 1322 1736 carnis
1369 1682 1737 1736 obedientiam
1791 1683 1844 1737 in
1892 1698 2129 1736 consen-

546 1787 665 1824 sum
699 1770 811 1840 (56)
845 1771 1041 1826 mentis
1064 1772 1378 1826 adduceret.
1409 1771 1624 1828 Etenim
1653 1775 1912 1842 quoniam
1947 1774 1998 1828 iit
2031 1790 2128 1829 su-

548 1861 861 1930 perioribus
908 1863 978 1916 de
1034 1861 1458 1918 mortiﬁcatione
1488 1861 1734 1934 corporis
1772 1863 2126 1927 disseruerat,

545 1959 602 2001 ct
653 1949 872 2004 Christo
923 1951 1391 2007 commoriendum
1446 1966 1568 2008 esse
1630 1951 1914 2019 docuerat,
1954 1956 2006 2008 in
2044 1956 2126 2010 his

551 2055 693 2093 nunc
744 2053 907 2109 quam
941 2055 1048 2095 non
1079 2043 1152 2096 sit
1181 2043 1418 2097 otiosum
1467 2045 1568 2100 hoc
1615 2059 1752 2115 opus
1783 2045 2002 2099 videtur
2034 2060 2124 2100 os-

549 2133 794 2196 tendere,
829 2144 884 2188 et
914 2135 1112 2188 docere
1141 2135 1263 2203 quia
1301 2150 1407 2190 non
1438 2137 1623 2190 statim
1671 2148 1729 2192 ut
1759 2139 1872 2192 vult
1906 2139 2124 2209 aliquis,

548 2233 603 2276 et
653 2231 710 2276 ut
758 2225 1105 2294 proposuerit
1176 2226 1402 2291 bonum,
1459 2227 1718 2283 continuo
1770 2231 1935 2285 etiam
1986 2231 2128 2284 iacto

548 2311 892 2378 aditnpletur,
927 2315 1019 2368 sed
1051 2313 1134 2367 vel
1164 2317 1582 2372 consuetudinis
1613 2328 1760 2372 tanta
1788 2319 1891 2386 vis,
1928 2319 2012 2374 vel
2048 2321 2130 2374 vi-

552 2403 748 2458 tiorum
783 2413 930 2459 tanta
961 2405 1190 2461 dulcedo
1228 2417 1332 2474 est,
1388 2420 1449 2464 ιιι
1501 2425 1624 2464 cum
1653 2410 1868 2465 animus
1893 2409 2005 2480 jam
2047 2411 2130 2464 in-

551 2497 735 2552 tendat
756 2499 820 2551 ad
847 2500 1126 2564 virtutem,
1147 2511 1198 2555 et
1231 2502 1331 2571 legi
1358 2500 1448 2556 Dei
1474 2503 1684 2558 servire
1709 2502 1966 2558 decernat
1985 2501 2125 2575 (57),

547 2592 728 2645 carnis
761 2600 939 2646 tamen
975 2591 1244 2647 desideria
1280 2593 1489 2648 servire
1525 2605 1774 2663 peccato,
1817 2602 1871 2648 et
1917 2595 2128 2666 legibus

547 2682 665 2748 ejus
695 2698 889 2752 parere
923 2685 1317 2752 persuadeant.

626 2776 715 2830 ll.
769 2795 786 2826 ι
823 2775 964 2830 Nihil
1002 2790 1132 2843 ergo
1167 2793 1310 2832 nunc
1361 2779 1728 2834 damnationis
1769 2789 1853 2835 est
1899 2777 1986 2834 his
2033 2780 2126 2849 qui

547 2879 682 2922 sunt
711 2865 1000 2923 inChristo
1025 2865 1152 2922 Jesu
1188 2868 1318 2940 (58).
1348 2868 1454 2926 Lex
1485 2873 1630 2926 enim
1663 2874 1889 2944 Spiritus
1915 2876 2042 2929 vitae
2069 2875 2120 2928 ιιι

547 2957 768 3013 Christo
815 2957 942 3013 Jesu
977 2960 1235 3014 liberavit
1263 2975 1348 3015 me
1379 2977 1408 3015 a
1445 2962 1565 3033 lege
1612 2967 1825 3034 peccati
1874 2976 1929 3022 et
1981 2981 2127 3023 mor-

2229 487 2450 544 Cltristo
2513 487 2742 544 servire.
2799 487 3023 543 Christo
3077 495 3260 543 autem
3308 490 3522 555 servire,
3565 492 3651 549 hoc
3679 507 3742 553 est

2229 579 2441 634 servire
2495 579 2802 646 sapientiae,
2858 580 3094 638 hocest
3146 581 3353 636 servire
3402 581 3506 652 (61)
3542 583 3741 656 iustitiae,

2230 669 2440 724 servire
2473 671 2716 734 veritati,
2749 669 3118 741 omnibusque
3151 672 3314 726 simul
3343 674 3540 729 servire
3574 677 3742 732 virtuti-

2230 761 2351 815 bus.
2388 759 2542 816 Unde
2567 775 2672 814 non
2701 768 2785 816 est
2819 763 3124 831 putandum
3149 761 3296 831 quod
3328 761 3396 815 ad
3428 763 3741 836 subiturum)

2230 851 2380 919 quis,
2417 860 2472 906 et
2499 851 2687 906 statim
2720 862 2778 905 ιιι
2811 853 3074 916 voluerit,
3113 867 3143 906 a
3175 853 3404 908 servitio
3429 853 3556 923 legis
3581 862 3741 924 peccati

2233 940 2526 996 translatus
2571 941 2846 997 eiIlclatur
2885 943 2938 996 in
2973 942 3204 998 Christo
3251 940 3397 1006 Jesu,
3448 943 3515 997 ita
3561 958 3612 1000 ut
3643 948 3742 1002 nihil

2232 1031 2286 1086 in
2317 1046 2383 1086 eo
2413 1032 2524 1100 jam
2558 1032 2787 1087 obtentu
2835 1035 3052 1100 peccati
3105 1033 3468 1089 damnationis
3515 1035 3742 1094 habeatur.

2233 1122 2483 1192 liequirit
2512 1132 2692 1179 autem
2728 1125 2842 1195 (63)
2877 1127 2928 1179 lu
2960 1137 3302 1194 unoquoque
3332 1135 3511 1195 partes
3549 1140 3658 1184 suas
3677 1132 3742 1198 ju-

2230 1215 2382 1269 stitia
2421 1229 2436 1268 :
2469 1217 2664 1284 probat
2710 1212 2756 1270 si
2801 1218 2874 1270 ita
2904 1217 3020 1287 jam
3053 1217 3379 1271 emendatus
3421 1228 3576 1272 estet
3605 1233 3744 1276 corrc.

2232 1315 2355 1360 ctus
2408 1306 2548 1376 (65).
2581 1315 2642 1358 ut
2683 1307 2818 1360 nihil
2862 1305 3005 1360 ineo
3026 1303 3217 1375 iniusti
3237 1305 3420 1376 aperis
3469 1304 3743 1366 luveniater

2230 1412 2338 1466 quo
2369 1397 2646 1452 damnatio
2677 1397 3067 1466 subsequatur.
3118 1399 3384 1453 Similiter
3403 1410 3456 1454 et
3481 1402 3656 1455 veritas
3679 1417 3746 1458 re-

2232 1490 2400 1559 quirit
2449 1490 2502 1543 in
2552 1504 2879 1558 unoquoque
2929 1501 3148 1560 partem
3195 1505 3371 1554 suam,
3417 1490 3461 1545 si
3508 1493 3745 1548 translatus

2231 1582 2354 1650 quis
2387 1597 2416 1636 a
2468 1581 2584 1653 lege
2616 1583 2820 1650 peccati
2853 1581 2997 1635 nulla
3021 1583 3140 1650 jam
3197 1595 3265 1636 ex
3311 1593 3462 1650 parte
3497 1583 3747 1638 inveniatur

2230 1673 2493 1741 obsequia
2527 1673 2773 1728 veritatis
2797 1675 3183 1727 contaminare
3234 1673 3507 1728 mendacio
3546 1673 3658 1744 (65).
3681 1676 3746 1728 Si-

2159 1739 2202 1794 B
2232 1739 2434 1816 militei‘
2461 1772 2514 1814 et
2545 1762 2804 1830 pudicitia
2837 1771 3052 1830 partem
3081 1778 3239 1816 suam
3273 1762 3510 1828 discutit,
3551 1739 3589 1818 si
3621 1739 3746 1818 nullis

2231 1853 2300 1907 ab
2322 1868 2390 1907 eo
2426 1854 2715 1922 impudicis
2739 1853 2850 1924 (66)
2886 1851 3185 1909 desideriis
3224 1853 3533 1908 maculatur.
3563 1854 3639 1909 Sic
3659 1857 3748 1923 pie-

2231 1957 2342 2008 tas,
2373 1947 2455 2000 sic
2486 1947 2756 2016 sapientia
2790 1958 2974 2016 partes
2999 1961 3136 2001 suas
3167 1946 3220 1999 in
3254 1961 3562 2016 unoquoque
3601 1948 3744 2000 discuv

2233 2038 2396 2104 tiunt,
2433 2051 2568 2106 quas
2594 2037 2638 2090 si
2676 2047 2823 2092 reete
2855 2046 2911 2092 et
2942 2039 3162 2108 integre
3200 2037 3253 2091 in
3280 2053 3346 2092 eo
3377 2047 3601 2093 constare
3621 2052 3742 2107 rupe.

2234 2129 2426 2192 rerint,
2457 2137 2586 2182 tunc
2617 2129 2668 2181 iii
2703 2126 2928 2182 Christo
2961 2142 3110 2192 esse,
3169 2137 3226 2181 et
3270 2127 3400 2182 nihil
3440 2129 3744 2182 damnationis

2237 2221 2442 2274 habere
2480 2220 2782 2287 putabitur.
2819 2220 2949 2287 Quae
2991 2218 3168 2290 588
3223 2221 3404 2288 utique
3442 2219 3638 2274 dubium
3663 2235 3741 2272 non

2230 2322 2314 2367 est
2344 2313 2474 2380 quin
2510 2326 2610 2366 usu
2640 2322 2696 2366 et
2722 2309 3082 2366 meditatione
3124 2315 3283 2382 longa
3313 2321 3367 2366 et
3400 2312 3568 2366 labore
3605 2311 3740 2380 peni-

2229 2406 2319 2476 gill
2352 2409 2752 2476 conquirantur
2780 2402 2918 2472 (67).
2951 2403 3018 2457 Et
3057 2404 3186 2460 ideo
3217 2419 3322 2458 non
3356 2404 3533 2459 otiosis
3558 2404 3652 2457 haec
3673 2416 3741 2455 ac-

2230 2497 2414 2552 cidere
2445 2507 2537 2551 attt
2565 2497 2827 2568 segnibus
2856 2505 3070 2549 eertum
3101 2508 3190 2550 est
3214 2513 3229 2562 ;
3257 2497 3350 2552 sed
3385 2497 3616 2566 paulatim
3643 2508 3740 2563 pro-

2230 2590 2483 2653 ﬁcicudo,
2513 2601 2564 2644 et
2614 2590 2790 2658 primo
2821 2603 3018 2659 pauca,
3058 2599 3192 2645 tunc
3223 2589 3414 2644 deinde
3444 2588 3655 2651 minima,
3685 2585 3735 2636 ad

2232 2683 2507 2749 ultitnutn,
2536 2684 2581 2738 si
2612 2682 2863 2737 obtinere
2890 2685 3197 2753 potuerint,
3227 2683 3370 2738 nulla
3401 2681 3664 2752 peccando.
3690 2677 3739 2730 Et

2229 2775 2337 2830 hoc
2364 2775 2610 2830 sentiens
2633 2776 2850 2829 videtur
2872 2776 3002 2832 mihi
3024 2777 3174 2832 idem
3200 2774 3480 2846 Apostolus
3505 2771 3738 2840 scripsisse

2230 2867 2283 2921 in
2315 2867 2438 2922 aliis
2473 2885 2486 2921 :
2522 2886 2540 2918 ‹
2572 2866 2858 2924 Praeterita
2887 2869 3243 2932 Oblivisceris,
3277 2868 3345 2922 ad
3376 2869 3542 2921 futura
3562 2878 3635 2918 me
3656 2876 3732 2916 ex-

2231 2960 2455 3014 tendens
2487 2959 2532 2994 ”
2579 2975 2594 3014 :
2636 2977 2656 3012 ι
2707 2961 2913 3017 docens
2967 2976 3068 3030 per
3118 2961 3238 3016 huic
3284 2958 3542 3030 prateriia
3584 2954 3739 3009 debere

551 3049 620 3106 tis
639 3051 707 3105 “.
733 3071 752 3104 ›
787 3050 916 3118 Quae
944 3061 1092 3106 esset
1117 3054 1406 3110 diversitas
1432 3055 1484 3110 in
1513 3055 1597 3110 his
1618 3057 1710 3126 qui
1736 3057 1880 3112 velut
1916 3059 1969 3112 in
1995 3073 2128 3129 quo.
2153 3072 2197 3130 ο
2228 3062 2349 3104 esse
2381 3064 2443 3102 ea
2474 3049 2526 3102 in
2555 3050 2752 3118 quibus
2780 3051 3056 3122 culpabile
3097 3051 3311 3121 aliquid
3353 3050 3526 3113 fuerit,
3559 3056 3605 3102 et
3626 3045 3734 3099 obli-

547 3145 668 3200 dam
698 3144 1000 3200 certamine
1031 3146 1192 3214 positi
1227 3157 1414 3203 mente
1445 3148 1671 3218 quidem
1709 3149 2009 3204 secundum
2045 3150 2125 3204 le-

547 3251 670 3306 gem
706 3237 801 3292 Dei
837 3237 1042 3302 vivunt,
1075 3239 1261 3294 carnis
1293 3254 1424 3294 vero
1473 3240 1764 3295 desideriis
1799 3251 2035 3311 aguntur
2069 3241 2120 3296 in

549 3329 720 3400 legem
758 3329 963 3401 peccati
1009 3329 1149 3401 (59),
1201 3330 1254 3384 in
1302 3331 1680 3401 superioribus
1718 3331 1922 3388 docuit.
1964 3330 2122 3390 Nunc

547 3434 678 3475 vero
707 3421 774 3474 de
804 3420 891 3477 his
921 3421 1074 3486 dicit,
1105 3423 1196 3492 qtti
1231 3439 1337 3478 non
1375 3423 1490 3494 jam
1539 3437 1604 3478 ex
1654 3435 1815 3494 parte
1847 3423 1899 3478 in
1927 3439 2120 3492 carne,

543 3525 614 3566 ex
645 3521 796 3582 parte
825 3512 878 3567 in
910 3513 1132 3584 spiritu,
1160 3515 1256 3572 sed
1286 3527 1354 3570 ex
1387 3515 1600 3586 integro
1628 3515 1684 3572 in
1711 3516 1931 3572 Christo
1956 3530 2119 3575 sunt:

548 3611 604 3658 et
646 3607 970 3673 pronuntiat
1029 3607 1081 3662 in
1134 3606 1219 3662 his
1269 3607 1404 3663 nihil
1453 3607 1805 3664 damnatione
1872 3620 1993 3665 esse
2040 3609 2124 3663 di-

547 3711 712 3764 gnum
746 3695 882 3768 (60),
910 3699 1036 3769 quia
1064 3718 1083 3752 t
1114 3698 1199 3755 lex
1223 3700 1450 3770 Spiritus
1477 3700 1603 3755 vita:
1637 3701 1689 3756 iu
1719 3700 1942 3757 Christo
1987 3700 2117 3759 Jesu

547 3786 799 3843 liberavit
831 3804 924 3844 eos
955 3805 983 3844 a
1013 3789 1131 3860 lege
1163 3791 1371 3860 peccati
1401 3801 1456 3846 et
1484 3792 1700 3847 mortis.
1735 3811 1753 3845 ι
1784 3791 1898 3848 Lex
1933 3805 2120 3850 autem

546 3879 778 3946 Spiritus
819 3881 944 3935 vitae
1001 3897 1107 3936 una
1160 3883 1464 3952 eademque
1509 3890 1589 3938 est
1637 3899 1758 3954 qua:
1783 3893 1839 3939 et
1864 3884 1950 3940 lex
1981 3885 2116 3940 Dei:

547 3969 692 4024 sicut
723 3986 936 4026 rursum
987 3988 1092 4026 una
1133 3984 1296 4042 atque
1339 3975 1529 4031 eadem
1580 3986 1664 4030 est
1706 3974 1790 4030 lex
1826 3977 2036 4044 peccati
2067 3987 2121 4032 et

549 4059 766 4114 mortis.
821 4059 965 4114 Nihil
995 4078 1128 4132 ergo
1157 4066 1524 4120 damnationis
1567 4067 1673 4120 erit
1704 4066 1789 4122 his
1817 4068 1908 4137 qui
1942 4083 1970 4121 a
2003 4067 2121 4139 lege

549 4150 780 4217 peccati,
811 4165 931 4220 quae
963 4163 1046 4206 est
1074 4153 1157 4208 lex
1191 4155 1405 4219 mortis,
1438 4157 1655 4224 penitus
1689 4157 2018 4223 liberantur,
2065 4169 2122 4214 et

551 4239 655 4310 legi
713 4241 830 4308 Dei,
865 4259 986 4313 quae
1023 4253 1106 4297 est
1148 4244 1233 4299 lex
1279 4245 1525 4314 spiritus,
1575 4247 1842 4302 serviunt.
1893 4248 2118 4305 Servire

2232 3141 2391 3194 vione
2423 3141 2643 3210 dignum
2691 3159 2706 3195 :
2748 3141 2930 3197 futura
2987 3158 3118 3200 vero
3185 3157 3310 3200 esse
3351 3157 3468 3214 quae
3494 3143 3540 3195 iu
3563 3138 3736 3194 Christo

2229 3238 2378 3293 sunt,
2402 3239 2457 3283 et
2487 3230 2601 3286 haec
2629 3245 2752 3286 esse
2773 3231 2842 3286 ad
2875 3246 2997 3301 qua:
3029 3235 3399 3303 nosmetipsos
3428 3232 3648 3286 debemus
3662 3241 3736 3280 ex-

2233 3320 2478 3384 tendere,
2513 3336 2686 3391 eaque
2714 3331 2822 3376 tota
2855 3323 3120 3378 aviditate
3152 3323 3350 3378 mentis
3380 3330 3623 3392 expetere.
3657 3315 3734 3369 Lc-

2231 3428 2352 3482 gem
2381 3427 2516 3468 sane
2546 3413 2769 3482 spiritus
2795 3414 2922 3469 vitae
2945 3415 3093 3484 quod
3129 3416 3370 3470 diximus
3396 3417 3547 3483 ipsam
3581 3409 3733 3464 debere

2233 3507 2462 3578 intelligi
2493 3508 2664 3578 legem
2695 3506 2814 3576 Dei,
2848 3509 3148 3563 secundum
3201 3526 3321 3565 eam
3371 3507 3593 3562 videlicet
3626 3501 3732 3556 dixi-

2233 3615 2355 3655 mus
2381 3609 2588 3670 partem
2612 3615 2717 3670 qua
2754 3601 2841 3654 lex
2872 3601 3076 3654 dicitur
3095 3616 3222 3656 esse
3243 3600 3509 3670 spiritalis.
3539 3597 3639 3650 ideo
3657 3591 3731 3644 ad-

2230 3692 2406 3746 didit:
2448 3709 2467 3744 σ
2505 3691 2613 3746 Lex
2642 3692 2868 3762 spiritus
2915 3694 3060 3747 vitae.
3111 3711 3131 3746 ι
3191 3693 3325 3748 Nam
3359 3693 3422 3744 de
3446 3689 3551 3758 lege
3583 3686 3731 3738 littera:

2229 3784 2410 3838 dicere
2445 3785 2546 3839 hoc
2580 3799 2686 3838 non
2717 3776 2952 3853 poterat,
2990 3785 3059 3839 de
3089 3800 3199 3854 qua
3246 3787 3297 3839 in
3329 3784 3450 3838 aliis
3473 3775 3728 3852 pronuntia-

2228 3885 2404 3939 verat,
2435 3876 2563 3946 quia
2597 3892 2616 3926 t
2642 3875 2824 3930 littera
2851 3876 3074 3932 occidit.
3109 3895 3129 3931 ι
3156 3877 3286 3932 Hice
3312 3887 3366 3932 et
3399 3877 3446 3930 iu
3473 3873 3578 3928 aliis
3601 3887 3618 3922 ς
3655 3868 3729 3920 mi-

2225 3969 2514 4024 nisterium
2546 3969 2738 4023 mortis
2781 3986 2799 4022 ι
2848 3970 3045 4024 dicitur
3088 3972 3104 4002 ι
3157 3970 3296 4041 (68).
3336 3969 3606 4034 Utrumque
3629 3972 3727 4026 ενιο

2227 4063 2472 4116 continet
2516 4060 2624 4124 lex,
2653 4069 2707 4114 et
2744 4060 2982 4115 litteram
3015 4063 3383 4125 occidentem,
3433 4067 3483 4114 et
3524 4051 3724 4124 spiritum

2228 4153 2615 4208 viviﬁcantem.
2667 4150 2823 4207 Unde
2872 4152 3161 4208 considera
3215 4168 3282 4209 ne
3328 4151 3468 4206 forte
3515 4145 3644 4212 hujus
3669 4137 3724 4192 rei

2228 4246 2456 4300 formant
2483 4254 2669 4298 teneat
2692 4255 2748 4298 et
2779 4245 2909 4299 illud
2936 4243 3141 4315 lignum
3163 4247 3234 4302 de
3257 4259 3365 4314 quo
3387 4241 3619 4310 scriptum
3635 4238 3723 4286 est:

619 4427 709 4483 ’Ἰ
743 4425 868 4483 Cor.
898 4443 974 4494 ix,
1002 4425 1092 4486 27.
1169 4429 1214 4465 ’⁸
1245 4427 1402 4483 Rom.
1432 4440 1550 4496 vttt,
1587 4428 1637 4492 l,
1659 4428 1728 4483 '2.
1801 4431 1846 4468 9°
1879 4427 2078 4500 Philip.
2111 4447 2192 4498 nt,
2225 4433 2311 4487 15.
2390 4431 2409 4463 ⁸
2441 4428 2486 4484 ll
2509 4431 2634 4486 Cor.
2667 4445 2751 4494 ut,
2777 4428 2830 4495 6,
2855 4429 2907 4484 7.

621 4590 732 4663 (54)
765 4589 928 4655 Editi,
957 4607 974 4640 ε
1003 4603 1056 4644 et.
1088 4599 1373 4658 propterea
1413 4590 1466 4644 in
1497 4589 1620 4648 aliis
1651 4591 1789 4647 dixit
1835 4611 1848 4648 :
1889 4593 2108 4650 Macero
2148 4601 2195 4659 ι)
2293 4594 2406 4666 (61)
2438 4593 2554 4666 Hoc
2597 4604 2675 4648 est
2727 4594 2944 4651 servire.
2982 4594 3106 4650 llrec
3139 4595 3506 4652 desiderantur
3539 4588 3582 4642 in
3603 4578 3718 4635 libris

549 4677 749 4744 COII'BLI‘S
767 4677 978 4744 21311111,
1014 4680 1044 4744 1.
1052 4672 1167 4744 ,θῑθο
1634 4733 1645 4744 .

622 4729 932 4812 (55).Εά16,
958 4747 995 4852 lc
1029 4729 1140 4786 iloc
1187 4739 1268 4784 est
1315 4745 1458 4784 enim
1507 4733 1712 4789 servire
1751 4747 1974 4790 carnem
2014 4735 2116 4807 legi

622 4811 775 4854 (Tali.
808 4818 827 4852 1
868 4815 951 4853 nia
977 4814 1026 4854 e.

583 4816 775 4861 eccatt,
808 4818 827 4852 D
868 4816 1026 4854 male.

548 4817 775 4872 peccati,
808 4818 827 4852 ι
868 4817 1026 4854 male.

587 4942 594 4943 ί
619 4869 752 4943 (56)-
773 4869 942 4931 Alias,
969 4889 998 4943 Δε
1033 4868 1136 4939 legi
1167 4867 1540 4936 deservientis,
1576 4875 1810 4929 nondum
1835 4882 2016 4928 tamen
2045 4873 2116 4928 ita

548 4938 944 4996 obtinuisse...
969 4938 1026 4992 in
1058 4938 1351 5002 censensu,
1385 4958 1402 4991 ι
1441 4951 1546 4995 etc.

623 5009 737 5079 (57)
775 5027 794 5060 s
825 5010 919 5062 Est
948 5018 1000 5063 et
1027 5007 1196 5079 ianus
1227 5010 1552 5079 omittuntur
1592 5011 1646 5065 in
1676 5009 1866 5068 editis.
1912 5010 2117 5067 Deinde

549 5077 681 5135 mss.
717 5077 964 5148 quidam,
991 5093 1044 5132 ut
1070 5077 1223 5142 editi,
1270 5097 1289 5130 ι
1334 5078 1437 5145 legi
1469 5080 1748 5135 deservire
1785 5079 2050 5136 decrevit.
2091 5099 2110 5133 ι

548 5150 728 5232 Aius
747 5148 1086 5232 legiservire
1112 5148 1440 5230 decreverit,
1474 5167 1493 5200 ›

617 5219 734 5291 (58)
773 5215 914 5291 Editi
945 5228 1064 5286 post
1099 5236 1117 5269 t
1154 5219 1249 5291 qui
1275 5229 1400 5271 sunt
1430 5219 1480 5272 iit
1517 5217 1737 5291 Christo
1779 5215 1928 5291 desu,
1971 5237 1990 5270 ι
2022 5220 2121 5291 εισ-

547 5286 764 5358 suum
797 5289 886 5358 qui
919 5303 1024 5341 non
1047 5287 1591 5358 secundumcarnem
1611 5286 1912 5342 ambulant.
1946 5306 1968 5338 ι
2015 5287 2122 5345 Sed

547 5356 667 5478 ἔξωὲ
688 5356 852 5413 verba
881 5357 1080 5414 desunt
1112 5357 1165 5411 in
1203 5356 1458 5413 omnibus
1493 5371 1626 5412 mss.
1659 5359 1874 5412 nostris
1896 5367 1952 5414 et
1979 5361 2120 5430 apud

601 5441 628 5478 il
671 5441 855 5478 Mill".

601 5441 855 5481 80.00"].

617 5441 855 5481 insnum.

617 5495 732 5577 (63)
770 5497 952 5577 ﬁlias,
983 5516 1002 5550 ι
1035 5508 1272 5577 aguntur
1307 5497 1426 5577 lege
1457 5497 1688 5566 peccati.
1730 5515 1748 5548 ι

623 5565 739 5636 (60)
765 5565 1222 5638 οεηεὶῃηηῑυεμ
1251 5567 1342 5638 qui
1375 5565 1483 5633 iam
1508 5583 1616 5623 non
1646 5583 1710 5622 ex
1741 5579 1894 5638 parte
1924 5568 1975 5623 in
2003 5565 2126 5638 Spi-

552 5634 682 5716 _ri_tu,
704 5634 809 5716 sed
839 5651 906 5716 ex
939 5635 1234 5716 integroin
1255 5634 1498 5716 _:Clll'i§l0
1526 5646 1674 5700 sunt,
1707 5634 2118 5706 pronttutiat'in

551 5705 638 5760 his
665 5705 798 5760 nihil
834 5703 1207 5758 damnationis
1236 5705 1480 5772 dignum,
1515 5724 1534 5757 ι
1569 5717 1678 5762 etc.

2229 4665 2389 4721 antea
2423 4665 2601 4719 editis.

2297 4716 2611 4806 (‘6§)'Aiia—s,
2651 4750 2672 4786 ε
2711 4733 2910 4788 subito.
2959 4754 2978 4788 ι
3031 4735 3138 4792 Sed
3170 4734 3408 4806 plerique
3433 4743 3546 4784 mss.
3571 4730 3614 4775 et
3639 4716 3720 4771 lia-

2226 4805 2400 4860 banns
2429 4813 2485 4856 nt
2520 4805 2571 4857 in
2603 4813 2788 4858 nostro
2817 4813 2985 4859 textu.
3334 4805 3339 4806 γ
3512 4864 3541 4869 ,
3641 4857 3650 4869 .

2295 4873 2407 4944 (65)
2450 4874 2615 4939 Editi,
2655 4892 2674 4926 s
2708 4873 3008 4944 Reqttiretts
3035 4887 3216 4930 autem
3245 4893 3260 4942 ;
3292 4893 3312 4928 ι
3341 4873 3434 4938 aL,
3457 4887 3474 4920 ι
3512 4861 3717 4930 nequir“

2227 4953 2428 4997 autem.
2465 4961 2486 4995 Ι
3291 4993 3303 5004 .
3458 5009 3468 5011 4
3605 5000 3614 5011 .

2292 5011 2406 5086 (64)
2440 5011 2541 5069 Ms.
2573 5027 2734 5086 unus,
2769 5033 2790 5067 ‹
2820 5025 2875 5070 et
2906 5026 3211 5086 correptus.
3259 5033 3277 5068 ι
3316 5009 3516 5073 Deinde,
3551 5021 3568 5056 i
3605 5007 3716 5054 inte-

2223 5084 2490 5146 veniatur,
2521 5101 2540 5134 ι
2585 5083 2747 5138 male.

2298 5151 2413 5225 (65)
2442 5143 2610 5225 Alias,
2653 5172 2671 5225 ς
2701 5155 3053 5225 inveniantur
3085 5153 3340 5224 obsequia
3373 5143 3588 5207 veritatis
3611 5145 3710 5193 eon-

2227 5223 2430 5277 latnina
2441 5223 2485 5275 ri
2513 5223 2817 5280 mendacio.
2855 5243 2874 5276 ι

2299 5290 2411 5362 (66)
2439 5291 2601 5362 ξάίιί,
2640 5310 2659 5342 ‹
2686 5293 3064 5362 impudicitiae.
3097 5315 3117 5348 s

2297 5360 2410 5435 (6⁸1)
2443 5360 2609 5435 Editi,
2645 5381 2666 5416 ι
2701 5360 3092 5435 comparantur
3119 5374 3175 5422 et
3201 5367 3604 5435 comparentug}

2304 5421 2418 5502 (68')
2452 5429 2547 5508 Sic
2572 5421 2673 5508 rus.
2701 5421 2843 5508 unus
2877 5435 3077 5504 Regius
3104 5421 3254 5490 num.
3288 5421 3432 5508 linit.
3469 5421 3583 5508 eam

2231 5511 2288 5576 et
2308 5483 2425 5576 ut:
2456 5483 3444 5576 (11ιίἀᾷἱήξῖ’“ἰ,‹ξῖ”ἑέἱέἶιῖἔ’ὲρῖἕῆίᾲέ
3469 5483 3708 5576 νει...

2232 5552 2302 5644 ,1.
2323 5552 3507 5644 iegainjaazwaraanutrimus...
3535 5552 3705 5644 irtglljgl

2235 5620 3313 5712 [saeuitiam{autem};
3338 5620 3518 5712 ita...
3543 5620 3705 5712 ρυξξξξ

2235 5699 2353 5766 esse
2381 5699 2578 5766 dicitur
2630 5713 2912 5780 spiritalis.
2950 5711 3076 5769 Ideo
3121 5699 3368 5782 addidit}
3414 5707 3505 5760 Las
3543 5699 3706 5764 vim"
