3986 6206
319 228 461 283 1095

1268 231 1619 288 COMMENT.
1657 232 1723 288 IN
1760 232 1975 290 EPIST.
2016 234 2105 288 AD
2142 234 2306 292 ROM.
2346 235 2470 290 LIB.
2511 234 2598 290 Vl.

3416 245 3554 300 ιυξιι

318 368 335 397 ι
366 346 583 402 Sciendi
615 346 812 400 bonum
843 356 896 400 et
931 347 1129 402 malum
1160 353 1203 405 ².
1235 369 1253 402 ι
1301 350 1605 419 Utrumque
1637 352 1783 406 enim
1839 354 1888 404 in
1925 356 1965 412 Α
1993 351 2299 408 berationis
2337 353 2564 423 eligere.
2598 351 2733 406 Puto
2764 362 2944 407 tamen
2995 357 3137 420 quod
3188 356 3362 428 legem
3393 360 3562 434 Moysi

314 453 424 491 uno
459 436 598 489 sicut
650 447 703 490 et
755 437 809 490 iu
857 438 973 506 lege
1006 441 1319 494 continetur
1352 440 1488 512 (69).
1522 441 1628 497 Sed
1659 452 1715 497 et
1758 443 1884 496 illud

313 546 421 584 non
457 530 790 593 omittamus,
830 532 970 599 quod
1009 530 1096 587 hic
1124 533 1337 603 quidem
1371 536 1461 602 qui
1492 535 1734 590 liberata
1769 536 1884 605 lege

310 621 519 688 peccati
575 631 628 676 et
687 623 897 687 mortis,
950 641 967 674 ι
1012 624 1236 692 spiritus
1284 626 1408 679 vitm
1455 645 1473 679 ι
1527 627 1726 682 dicitur
1770 645 1785 692 ;
1829 630 1878 683 in

312 709 608 780 Evangelio
634 721 815 767 autem
848 714 1147 769 secundum
1184 715 1447 771 Joannem
1496 718 1761 787 scriptum
1796 729 1898 783 est,

315 801 547 856 Domino
586 802 799 859 dicente
842 828 855 860 ;
909 823 928 857 ι
976 803 1033 861 Si
1067 806 1381 862 manseritis
1436 808 1488 861 in
1541 810 1706 864 verbo
1737 823 1881 874 meo,

310 901 622 968 agnoseetis
651 904 958 969 veritatem,
995 914 1051 959 et
1094 904 1297 959 veritas
1332 906 1588 963 liberabit
1636 922 1728 962 vos
1780 907 1819 961 ³.
1858 928 1875 961 ι

311 991 371 1045 lu
401 1009 508 1058 quo
545 994 674 1046 mihi
711 996 929 1064 quidem
974 994 1211 1061 videtur,
1252 997 1398 1065 quod
1438 997 1687 1066 quamvis
1716 1012 1882 1069 opere

307 1082 429 1136 haec
465 1100 492 1136 a
524 1097 583 1138 se
606 1085 819 1140 diversa
852 1085 1136 1141 videantur
1178 1086 1263 1143 vel
1309 1088 1550 1153 nomine,
1597 1097 1774 1144 tmuen
1824 1106 1883 1146 re

308 1177 430 1241 ipsa
462 1190 627 1227 unum
662 1174 792 1230 sint.
824 1174 1073 1230 Christus
1100 1176 1244 1231 enim
1274 1178 1384 1231 vita
1420 1188 1524 1243 est,
1555 1189 1603 1234 et
1639 1180 1755 1250 ipse
1799 1192 1884 1238 est

304 1265 401 1331 qui
440 1263 698 1318 liberabit
727 1281 742 1330 ;
769 1273 824 1317 et
852 1264 941 1319 hic
966 1265 1195 1335 spiritus
1226 1268 1351 1323 vitae
1385 1268 1605 1323 liberat.
1648 1270 1711 1324 Et
1743 1287 1880 1341 quo-

311 1355 476 1407 modo
508 1370 616 1409 non
647 1355 700 1409 in
742 1366 976 1426 utroque
1004 1373 1107 1412 una
1139 1357 1365 1415 libertas
1398 1370 1480 1415 est
1518 1361 1543 1415 7
1573 1360 1704 1428 Quae
1732 1365 1878 1419 enim

303 1446 420 1513 agit
455 1445 710 1515 Spiritus,
742 1447 854 1500 lucc
883 1457 935 1502 et
960 1448 1211 1504 Christus
1242 1452 1377 1521 agit,
1423 1461 1479 1507 et
1531 1468 1652 1523 qua:
1676 1454 1879 1510 Christi

308 1550 462 1607 sunt,
498 1540 736 1609 Spiritus
766 1540 878 1612 agit
912 1539 1047 1611 (70).
1088 1541 1241 1597 Sicut
1268 1543 1413 1596 enim
1448 1559 1587 1612 quos
1632 1546 1881 1600 sanctiﬁ-

306 1640 400 1685 cat
432 1630 666 1698 Spiritus
707 1639 969 1696 sanctus,
1012 1633 1318 1688 sanctiﬁcat
1364 1635 1614 1691 Christus
1652 1655 1665 1691 :
1703 1637 1777 1691 ita
1824 1648 1879 1693 et

1988 440 2155 494 etiam
2195 442 2305 507 hic,
2334 443 2477 497 sicut
2506 454 2563 498 et
2596 444 2646 497 iu
2684 444 2805 498 aliis
2849 460 2992 514 stcpe
3039 448 3297 516 diximus,
3337 450 3391 506 in
3430 453 3566 509 duas

1989 541 2176 600 partes
2202 534 2497 602 Apostolus
2549 537 2777 603 dividat,
2835 546 2891 591 et
2935 538 3079 593 aliud
3122 540 3174 593 iu
3219 555 3283 595 ea
3315 556 3564 610 carnem,

1992 621 2135 675 aliud
2172 624 2425 692 spiritum
2457 626 2701 680 nominet
2728 644 2742 680 :
2771 638 2827 682 et
2848 626 2996 681 illam
3025 629 3242 697 quidem
3267 631 3561 685 observan-

1991 713 2119 767 tiam
2152 728 2272 783 qute
2300 717 2597 771 secundum
2621 718 2858 772 litteram
2883 719 3110 787 geritur,
3138 734 3358 774 sensum
3382 722 3564 778 carnis

1988 805 2258 873 appellet,
2299 807 2456 862 sicuti
2491 808 2622 864 dicit
2650 809 2715 864 de
2743 809 3045 877 huiusmodi
3078 808 3265 865 Iudaeo
3295 811 3337 879 ⁵,
3380 830 3400 862 ι
3435 812 3567 867 Fru-

1990 905 2103 949 stra
2130 896 2349 952 inﬂatus
2378 913 2405 951 a
2440 913 2605 953 sensu
2641 900 2825 955 carnis
2867 917 2979 957 suae
3025 903 3137 974 (74)
3168 924 3216 961 :s
3242 903 3388 961 illam
3435 922 3564 961 vero

1988 1005 2109 1058 qum
2141 992 2408 1061 accipitur
2446 994 2797 1062 spiritaliter.
2836 996 3088 1066 spiritum
3134 999 3378 1053 nominet
3421 1000 3560 1072 (75),

1987 1079 2129 1133 sicut
2158 1091 2211 1135 et
2245 1083 2371 1137 alibi
2407 1084 2540 1138 dicit
2570 1085 2591 1115 ⁸
2618 1102 2631 1139 :
2668 1102 2686 1135 ι
2719 1083 2925 1141 Littera
2949 1087 3171 1153 occidit,
3205 1089 3432 1158 spiritus
3458 1106 3561 1145 au-

1986 1181 2092 1226 tem
2127 1173 2389 1229 vivilicat.
2424 1192 2443 1226 ι
2498 1175 2566 1229 Ει
2618 1176 2670 1230 iu
2724 1178 2829 1233 hoc
2880 1193 3012 1247 ergo
3062 1181 3183 1235 loco
3225 1185 3372 1251 quod
3424 1185 3562 1240 dicit

1991 1285 2010 1316 ι
2037 1267 2369 1335 impossibile
2387 1268 2547 1333 legi,»
2575 1278 2626 1321 et
2655 1286 2673 1319 ι
2710 1269 2762 1323 ἰιι
2781 1285 2887 1339 quo
2913 1270 3292 1328 iulirmabatur
3318 1292 3415 1346 per
3433 1293 3557 1331 car-

1987 1373 2133 1424 nem,
2169 1376 2188 1411 »
2226 1358 2532 1413 intellectura
2556 1359 2649 1428 qui
2671 1363 2969 1416 secundum
3001 1364 3240 1417 litteram
3271 1376 3356 1420 est
3384 1367 3556 1436 accipi

1983 1459 2180 1518 potest.
2215 1450 2331 1519 lpse
2363 1450 2507 1504 enim
2542 1461 2596 1504 et
2640 1450 2993 1521 impossibilia
3018 1464 3159 1517 erat,
3193 1466 3249 1509 et
3285 1456 3555 1522 inﬁrmus,

1983 1542 2028 1595 si
2084 1543 2386 1597 secundum
2452 1558 2702 1610 carnem,
2744 1545 2795 1598 id
2846 1555 2929 1599 est
2971 1548 3264 1602 secundum
3318 1547 3555 1604 litteram

1983 1633 2304 1686 sentiretur.
2328 1631 2470 1699 Quid
2494 1632 2637 1685 enim
2664 1642 2772 1687 tam
2793 1634 3130 1703 impossibile
3150 1650 3310 1704 quam
3335 1633 3553 1692 Sabbati

305 1737 447 1791 quos
476 1721 673 1777 liberat
702 1722 925 1791 spiritus
957 1723 1100 1787 vitae,
1138 1723 1337 1779 liberat
1370 1735 1423 1780 et
1455 1728 1590 1782 vita.
1639 1727 1873 1783 Tantum
1912 1700 1954 1757 Β
1983 1722 2301 1778 observatio
2345 1727 2643 1780 secundum
2696 1724 2935 1778 litteram
2985 1725 3143 1794 legis,
3189 1736 3249 1780 ut
3284 1728 3336 1781 in
3373 1727 3555 1785 multis

304 1822 391 1867 est
426 1822 482 1865 ιιι
512 1812 725 1868 liberati
754 1829 781 1866 a
816 1812 930 1882 lege
961 1814 1187 1883 spiritus
1230 1816 1375 1880 vitte,
1412 1817 1464 1871 in
1497 1817 1718 1874 Christo
1765 1835 1879 1873 rna-

309 1916 559 1969 neatnus,
595 1916 692 1956 uec
717 1903 857 1956 ultra
884 1904 1228 1959 inveniamur
1252 1907 1461 1961 servire
1492 1907 1593 1978 legi
1628 1911 1835 1978 peccati
1861 1929 1873 1965 :

309 1993 438 2061 quia
466 1995 608 2048 sicut
634 1992 681 2049 is
709 1994 800 2062 qui
833 1993 1095 2048 liberatur
1124 2010 1153 2049 a
1180 1995 1295 2068 lege
1322 1997 1548 2067 spiritus
1590 1999 1733 2065 vitae,
1761 2016 1879 2071 pcr-

310 2093 495 2138 manet
531 2084 581 2137 in
612 2084 832 2139 Christo
861 2083 953 2154 qui
989 2094 1072 2140 est
1104 2087 1214 2141 vita
1254 2105 1267 2153 ;
1314 2089 1386 2143 ita
1432 2090 1522 2159 qui
1572 2093 1744 2147 servit
1772 2093 1876 2163 legi

305 2174 520 2244 peccati
549 2186 832 2244 permanet
866 2176 921 2233 in
960 2189 1132 2233 morte
1189 2193 1309 2250 qua:
1346 2182 1497 2237 venit
1528 2198 1595 2239 ex
1622 2186 1879 2239 condem-

306 2268 530 2322 natione
565 2268 793 2336 peccati.

380 2360 468 2413 12.
508 2377 528 2411 ι
553 2359 684 2414 Nam
714 2363 858 2431 quod
891 2361 1224 2433 impossibile
1252 2373 1374 2418 erat
1403 2363 1531 2436 legi,
1571 2365 1626 2421 in
1656 2382 1763 2437 quo
1794 2368 1878 2420 iu-

307 2448 630 2504 ﬁrmabalur
660 2467 755 2521 per
787 2468 1031 2518 carnem,
1058 2454 1201 2509 Deus
1232 2454 1427 2509 Filium
1461 2470 1618 2511 suum
1657 2457 1876 2512 mittens

309 2541 364 2594 in
400 2542 808 2601 similitudinem
835 2546 1018 2601 carnis
1047 2548 1277 2615 peccati,
1327 2557 1382 2603 et
1411 2549 1477 2603 de
1506 2560 1729 2619 peccato
1774 2550 1873 2605 da-

310 2634 520 2688 mnavit
553 2648 835 2706 peccatum
869 2639 922 2694 in
952 2655 1135 2707 carne,
1169 2650 1229 2693 ut
1264 2639 1582 2708 justiﬁeatio
1621 2642 1750 2713 legis
1777 2644 1878 2697 itu-

308 2726 551 2794 pleretur
581 2728 633 2782 in
666 2730 840 2793 nobis,
868 2732 959 2800 qui
992 2747 1097 2786 non
1124 2733 1421 2788 secundum
1449 2749 1669 2790 carnem
1692 2739 1881 2790 ambu-

305 2816 502 2882 lamus,
531 2820 623 2873 sed
662 2822 958 2877 secundum
987 2822 1255 2894 spiritum.
1277 2823 1379 2891 Qui
1410 2826 1551 2881 enim
1578 2828 1875 2882 secundum

302 2924 526 2965 carnem
571 2921 721 2979 sunt,
778 2930 899 2984 qua:
943 2917 1124 2972 carnis
1157 2925 1284 2972 sunt
1310 2917 1526 2987 sapiunt
1565 2937 1579 2973 :
1623 2919 1714 2987 qui
1746 2935 1877 2975 vero

303 3003 602 3056 secundum
653 3006 922 3075 spiritum,
958 3023 1077 3079 quae
1112 3019 1239 3064 sunt
1277 3010 1523 3081 spiritus.
1574 3009 1866 3068 Prudentia
1897 3039 1943 3102 ρ

305 3093 448 3146 enim
484 3096 685 3155 carnis.
718 3113 864 3153 mors
891 3108 973 3155 est
1011 3116 1025 3153 :
1067 3100 1356 3167 prudentia
1406 3110 1583 3155 autem
1620 3103 1868 3173 spiritus,

305 3186 418 3239 vita
448 3196 500 3240 et
532 3202 633 3256 pax
672 3192 966 3259 :quoniam
1003 3192 1292 3263 prudentia
1333 3193 1515 3247 carnis
1545 3191 1763 3249 inimica
1791 3206 1874 3249 est

307 3276 415 3331 Deo
443 3297 458 3332 :
489 3278 590 3349 legi
621 3281 766 3335 enim
800 3281 892 3337 Dei
924 3298 1026 3337 nou
1055 3293 1138 3339 est
1159 3284 1403 3349 subjecta
1434 3303 1447 3339 :
1479 3300 1580 3340 nec
1609 3286 1754 3341 enim
1779 3302 1873 3356 po.

305 3377 430 3423 test.
456 3368 557 3436 Qui
584 3380 762 3427 autem
795 3372 848 3427 iu
880 3388 1047 3429 carne
1071 3384 1196 3429 sunt
1221 3375 1356 3447 (7|),
1385 3375 1493 3429 Deo
1518 3375 1738 3445 placere
1762 3391 1867 3432 non

304 3471 551 3528 possunt.
586 3461 690 3518 Vos
721 3474 899 3519 autem
937 3466 989 3520 in
1018 3480 1186 3521 carne
1218 3482 1325 3522 non
1366 3466 1522 3534 estis,
1549 3468 1643 3523 sed
1668 3466 1724 3521 in
1751 3468 1867 3536 spi-

303 3549 407 3603 ritu
442 3568 457 3604 :
492 3551 538 3606 si
570 3561 745 3611 tamen
781 3554 1017 3625 Spiritus
1052 3556 1143 3611 Dei
1176 3558 1388 3613 habitat
1435 3557 1488 3614 in
1542 3558 1700 3613 vobis
1739 3556 1781 3612 ⁵.
1840 3575 1862 3611 s

298 3641 437 3697 Cum
473 3644 524 3696 in
556 3646 932 3715 superioribus
986 3656 1065 3703 tot
1102 3648 1250 3721 leges
1304 3650 1669 3705 nominaverit
1700 3649 1872 3719 (dixit

301 3733 446 3788 eriim
477 3745 533 3788 et
566 3736 736 3808 legem
769 3737 885 3804 Dei,
915 3748 970 3794 et
994 3740 1169 3811 legem
1201 3744 1419 3809 mentis,
1448 3752 1504 3797 et
1546 3742 1718 3812 legem
1754 3743 1872 3812 spi-

304 3823 440 3876 ritus
470 3824 635 3896 vitae),
675 3829 986 3884 econtrario
1021 3846 1236 3901 quoque
1269 3846 1389 3887 cum
1433 3831 1603 3902 legem
1641 3848 1761 3902 qua:
1813 3833 1865 3887 lu

305 3916 569 3972 membris
622 3930 729 3984 est,
773 3930 829 3975 et
867 3921 1037 3993 legem
1089 3924 1301 3990 mortis,
1346 3934 1400 3978 et
1445 3924 1620 3995 legem
1655 3925 1864 3994 peccati

301 4013 807 4067 commemoraverit
831 4014 969 4083 (72),
999 4015 1087 4071 hic
1115 4032 1256 4071 nunc
1284 4018 1349 4072 de
1390 4032 1495 4087 qua
1525 4017 1717 4072 harum
1744 4018 1865 4089 lege

301 4096 467 4160 dicat,
504 4114 523 4148 ι
552 4097 683 4154 Nam
712 4103 853 4170 quod
886 4103 1223 4173 impossibile
1251 4114 1371 4158 erat
1408 4104 1531 4173 legi,
1567 4103 1619 4157 in
1654 4119 1767 4174 quo
1792 4104 1867 4156 in-

302 4187 621 4247 ﬁrmabatur
650 4193 760 4264 (7'5)
794 4210 890 4264 per
916 4210 1158 4260 carnem,
1191 4215 1208 4247 ι
1244 4210 1349 4250 nou
1385 4206 1468 4252 est
1512 4211 1693 4267 parva:
1726 4196 1863 4253 deli-

369 4334 391 4363 ³
412 4330 548 4386 Gen.
572 4348 626 4395 ιι,
650 4334 702 4387 9.
778 4329 966 4385 'Juan.
986 4345 1106 4395 vin,
1136 4331 1226 4395 51,
1253 4331 1342 4387 52.
1417 4332 1439 4364 ⁸
1467 4333 1622 4388 Rom.
1654 4348 1773 4402 VIII,
1799 4333 1964 4402 5seq.

308 4467 449 4519 vitaz.
486 4464 673 4519 Dicere
711 4462 813 4517 hoc
848 4479 957 4517 non
999 4469 1228 4531 poterat,
1262 4460 1330 4514 de
1356 4475 1460 4531 qua
1502 4460 1557 4513 in
1595 4460 1715 4513 aliis
1753 4456 1938 4531 pro-D
1968 4476 2033 4517 co

309 4539 691 4597 nurttiaverat,
734 4533 859 4603 quia
918 4529 1098 4603 littera
1150 4529 1523 4603 occidit_.'_lloc
1559 4538 1615 4583 et
1662 4533 1713 4603 ir_t
1756 4530 1880 4603 aliis

312 4604 663 4658 ministerium
714 4599 899 4656 mortis
956 4602 1187 4656 dixerat.
1250 4618 1267 4650 ι
1324 4599 1474 4654 Alter
1525 4615 1626 4653 ms.
1682 4599 1879 4666 Regius

311 4690 462 4728 num.
502 4674 665 4728 1639:
696 4694 711 4721 ι
749 4673 939 4743 Legem
992 4686 1122 4725 sane
1167 4670 1402 4743 Spiritus
1432 4669 1553 4723 vitm
1573 4671 1672 4743 hic
1702 4671 1879 4743 nomi-

308 4752 423 4799 nat.
467 4743 541 4795 De
581 4744 694 4808 lege
735 4738 922 4796 littera:
961 4757 1055 4809 per
1090 4756 1253 4809 quam
1294 4738 1532 4793 diximus
1571 4740 1759 4809 ipsam
1784 4740 1867 4793 ιΙε-

308 4815 438 4867 here
478 4813 702 4883 intelligi
744 4814 911 4882 legem
954 4808 1584 4889 Dei_,_sccundu.nt.cam
1609 4808 1871 4889 _videlicet

598 4877 679 4935 ua?
718 4877 820 4936 les'
850 4896 973 4936 esse
1009 4880 1209 4934 dicitur
1247 4879 1526 4946 spiritalis.
1567 4877 1692 4934 Ideo
1728 4878 1873 4932 enim

308 4892 516 4953 partem
598 4898 678 4935 ua:
718 4892 801 4936 les
850 4896 973 4936 esse
1009 4892 1209 4934 (llClllll‘
1247 4892 1526 4946 sptrttatts.
1567 4892 1692 4934 Ideo
1728 4892 1873 4932 enim

308 4953 510 5007 addit:
558 4899 679 5006 (les
731 4952 951 5020 spiritus
1011 4952 1154 5006 vitw.
1211 4948 1397 5020 Dicere
1452 4949 1555 5001 hoc
1611 4963 1734 5020 ιιιιιιΔ
1775 4962 1874 5016 po-

307 4954 510 5007 atldit:
568 4954 679 5006 Leu:
731 4954 951 5020 spiritus
1011 4954 1154 5006 vitw.
1211 4954 1397 5002 Dicere
1452 4954 1555 5001 hoc
1614 4963 1718 5002 nou
1775 4962 1874 5016 po-

307 5022 554 5097 terat__de
607 5039 713 5092 qua
763 5023 816 5076 iu
856 5019 1491 5097 aliispronuutiaverat,
1533 5018 1662 5097 quia
1696 5015 1877 5097 littera

306 5094 532 5156 occidit;
574 5087 734 5161 quam
772 5101 827 5145 et
866 5092 917 5145 in
960 5087 1079 5149 aliis
1117 5088 1464 5145 ministerium
1504 5087 1688 5141 mortis
1725 5087 1877 5143 dixe-

306 5175 484 5312 τ’ᾘῦρό
521 5230 682 5294 Editi,
718 5249 739 5283 ι
772 5230 1076 5301 Utrumque
1107 5242 1237 5299 ergo
1276 5227 1328 5285 in
1356 5242 1465 5284 uno
1495 5227 1636 5287 sicut
1659 5224 1709 5281 in
1741 5223 1858 5297 lege

294 5312 628 5359 continetur.
657 5320 676 5353 s

367 5372 484 5441 (70)
511 5372 672 5435 Editi,
703 5389 722 5422 ι
745 5381 800 5441 ει
834 5385 997 5440 quem
1022 5368 1125 5425 sibi
1152 5367 1352 5425 Christi
1382 5368 1623 5441 Spiritus
1654 5365 1787 5439 agit.
1830 5384 1853 5422 s

366 5441 481 5512 (7i)
509 5442 678 5506 Alias,
716 5459 735 5492 ι
769 5440 1048 5512 Quicuim
1086 5441 1137 5493 in
1173 5453 1341 5512 carne
1367 5440 1512 5497 sunt.
1545 5458 1562 5491 ι

366 5442 451 5512 (71
509 5442 678 5506 Alias,
716 5459 735 5492 ι
769 5442 871 5507 Qui
905 5442 1048 5496 cutim
1086 5442 1137 5493 in
1173 5453 1341 5495 carne
1367 5447 1512 5497 sunt.
1545 5458 1562 5491 ι

366 5442 481 5583 (Ὠ)
514 5512 684 5587 alias,
726 5511 919 5587 «dixit
947 5510 1095 5566 enim
1125 5519 1178 5562 et
1202 5510 1379 5587 legem
1429 5509 1649 5587 mentis,
1687 5517 1742 5562 et
1775 5505 1852 5587 le-

294 5579 414 5650 gem
460 5579 688 5650 spiritus
731 5581 904 5658 vitaz;
943 5581 1257 5658 econtrario
1296 5593 1511 5658 quoque
1570 5579 1742 5643 legem
1799 5579 1850 5658 iu

295 5648 557 5710 membris
595 5666 737 5713 esse.
773 5663 827 5707 ct
873 5651 1043 5714 legem
1090 5648 1313 5711 mentis,
1349 5658 1404 5703 et
1430 5648 1600 5710 legem
1637 5648 1847 5714 peccati

1980 1828 2122 1881 stupe
2144 1813 2257 1882 jam
2291 1816 2527 1871 diximus
2552 1817 2574 1870 ‘.'
2604 1814 2835 1870 Jubetur
2865 1816 3008 1869 enim
3040 1832 3147 1871 non
3174 1820 3325 1872 exire
3352 1818 3463 1889 (76)
3491 1821 3557 1875 de

1979 1901 2140 1954 domo
2179 1917 2297 1963 sua,
2333 1919 2437 1957 non
2469 1919 2526 1958 se
2561 1918 2780 1958 movere
2809 1905 2875 1958 de
2900 1905 3018 1960 loco
3048 1920 3170 1972 suo,
3202 1908 3342 1964 nihil
3372 1912 3557 1965 oneris

1979 1992 2180 2047 levare.
2239 1993 2369 2060 Quae
2421 1996 2547 2063 quia
2600 1996 2959 2066 impossibilia
3009 1998 3197 2053 vident
3240 1999 3555 2071 Judaeit77)

1979 2086 2072 2151 qui
2124 2087 2424 2139 secundum
2486 2101 2709 2141 carnem
2773 2088 2944 2157 legem
2996 2088 3312 2155 observant,
3366 2092 3554 2161 inepta

1978 2177 2224 2244 quredam
2280 2184 2336 2230 et
2392 2176 2622 2230 ridicula
2679 2187 3145 2243 commentantur,
3199 2183 3398 2248 quibus
3453 2183 3556 2236 iut-

1979 2266 2390 2335 possibilitatem
2432 2267 2563 2334 legis
2608 2269 2817 2323 sarcire
2848 2270 3155 2324 videantur.
3196 2272 3337 2337 Quid
3389 2271 3557 2343 589

1978 2366 2157 2411 autem
2192 2356 2368 2410 dicam
2407 2360 2472 2411 de
2501 2357 2902 2413 sacriﬁciorum
2946 2361 3156 2414 ratione
3178 2402 3193 2426 ,
3236 2378 3356 2431 quze
3391 2366 3552 2419 simul

1978 2447 2153 2502 onmis
2182 2462 2244 2501 ex
2274 2449 2482 2519 integro
2504 2450 2858 2520 impossibilis
2891 2452 3007 2521 (78)
3032 2452 3175 2507 facta
3207 2456 3553 2526 estlQuippe

1980 2540 2068 2593 ubi
2102 2556 2198 2595 nec
2225 2542 2481 2610 templum
2517 2552 2618 2607 est,
2650 2557 2752 2597 nec
2795 2545 2993 2609 altare,
3032 2560 3131 2599 nec
3155 2545 3298 2601 ullus
3325 2563 3551 2616 prorsus

1978 2633 2337 2686 sacriﬁcando
2364 2634 2535 2688 locus.
2576 2634 2629 2687 lu
2650 2636 2849 2704 quibus
2878 2636 3103 2706 singulis
3132 2637 3213 2692 lex
3237 2652 3341 2692 non
3371 2639 3550 2694 dicant

1980 2725 2326 2793 impossibilia
2356 2736 2407 2780 et
2435 2726 2668 2790 inlirma,
2701 2729 2794 2783 sed
2815 2737 2869 2783 et
2895 2728 3053 2797 plane
3073 2728 3184 2798 jam
3210 2740 3421 2786 mortua
3444 2742 3547 2787 est.

1979 2815 2112 2870 Nam
2147 2829 2272 2871 ante
2296 2818 2437 2873 hanc
2470 2829 2698 2873 mortem
2733 2819 3115 2876 iuiirmabatur
3132 2820 3245 2893 (79)
3282 2833 3548 2879 tunccum

1977 2908 2244 2976 sanguine
2277 2910 2568 2965 vitulorum
2597 2920 2653 2966 et
2688 2911 2964 2967 hircorum
2992 2916 3316 2981 conabatur,
3358 2931 3455 2969 nec
3478 2926 3554 2969 ta-

1979 3015 2099 3054 men
2135 3011 2368 3069 poterat,
2396 3001 2618 3056 auferre
2644 3012 2862 3072 peccata
2896 3004 3010 3078 (80)
3042 3020 3060 3058 :
3090 3016 3144 3061 ει
3177 3007 3551 3065 inﬁrmahatur

1977 3094 2029 3147 in
2062 3094 2267 3165 legibus
2291 3094 2451 3165 leprae
2486 3096 2528 3162 ⁷,
2556 3109 2694 3161 quas
2726 3109 2826 3149 nec
2852 3097 3145 3165 explanare
3179 3112 3415 3167 unquam
3450 3114 3547 3168 po-

1978 3186 2099 3251 tuit,
2130 3201 2229 3241 nec
2259 3187 2505 3255 implere.
2544 3188 2598 3241 lu
2645 3189 2735 3244 his
2763 3203 2896 3261 ergo
2920 3189 3173 3244 omnibus
3193 3188 3423 3258 aliisque
3458 3189 3549 3245 in-

1974 3280 2214 3333 numeris
2246 3288 2300 3333 et
2340 3278 2692 3348 impossibilis
2742 3288 2861 3336 erat
2886 3280 2972 3335 lex
3004 3321 3020 3344 ,
3053 3289 3109 3336 et
3145 3281 3548 3345 inlirmabatur,

1971 3378 2233 3437 quantum
2268 3369 2338 3423 ad
2378 3370 2559 3424 carnis
2591 3369 3005 3437 intelligentiam
3051 3379 3294 3438 spectat:
3342 3377 3397 3424 et
3426 3368 3550 3426 ideo
3640 3418 3645 3421 .

1981 3471 2001 3507 ι
2037 3458 2176 3511 Deus
2217 3456 2409 3512 Filium
2443 3473 2601 3511 suum
2641 3458 2863 3512 mittens
2898 3458 2950 3513 iu
2978 3457 3388 3515 similitudinem
3424 3473 3552 3514 car-

1978 3549 2063 3602 nis
2090 3551 2319 3616 peccati,
2350 3559 2408 3605 et
2434 3548 2501 3603 de
2535 3558 2781 3617 peccato,
2816 3567 2837 3601 ι
2874 3549 2979 3617 vel,
3020 3560 3079 3604 ut
3105 3549 3290 3605 verius
3320 3550 3549 3606 habetur

1977 3643 2118 3711 apud
2140 3642 2379 3705 Graecos,
2411 3660 2429 3694 ι
2473 3651 2528 3694 ει
2565 3655 2663 3709 pro
2690 3652 2917 3712 peccato
2944 3642 3224 3696 damnavit
3259 3650 3543 3713 peccatum

1976 3734 2031 3789 in
2057 3748 2242 3791 carne.
2291 3751 2309 3784 ι
2348 3733 2503 3799 Quod
2532 3734 2705 3799 dixit,
2745 3751 2765 3785 ς
2811 3733 2864 3787 in
2908 3732 3318 3787 similitudinem
3361 3736 3549 3790 carnis

1975 3825 2207 3895 peccati,
2249 3843 2267 3876 ι
2300 3824 2542 3879 ostendit
2571 3840 2669 3879 nos
2695 3824 2912 3894 quidem
2946 3824 3149 3879 habere
3176 3838 3392 3880 carnem
3424 3840 3549 3895 pec-

1970 3919 2099 3986 cati,
2128 3915 2321 3972 Filium
2351 3931 2481 3972 vero
2516 3916 2608 3970 Dei
2635 3914 3046 3971 similitudinem
3077 3914 3335 3971 habuisse
3355 3917 3543 3971 carnis

1970 4010 2195 4082 peccati,
2239 4025 2344 4063 non
2377 4023 2602 4065 carnem
2630 4006 2861 4079 peccati.
2891 4005 3093 4062 Omnes
3132 4006 3278 4062 enim
3315 4022 3413 4063 nos
3444 4021 3544 4064 nu-

1971 4100 2143 4156 mincs
2172 4100 2261 4168 qui
2294 4115 2356 4154 es
2385 4099 2592 4153 semine
2623 4097 2723 4151 viri
2751 4111 2875 4151 cum
2901 4095 3125 4151 muliere
3161 4098 3545 4154 convenientis

1968 4191 2211 4259 concepti
2230 4204 2440 4255 suums,
2466 4187 2553 4241 illa
2584 4189 2895 4242 necessario
2918 4186 3269 4243 utimurvoce
3297 4202 3403 4257 qua
3425 4186 3539 4257 (8i)

2039 4326 2285 4383 'Coloss.
2324 4340 2383 4389 ιι,
2418 4324 2503 4379 18.
2568 4321 2649 4374 ‘ll
2671 4322 2797 4377 Cor.
2829 4336 2911 4386 Ill,
2935 4319 2988 4374 6.
3056 4321 3077 4352 '
3102 4319 3274 4373 Levit.
3305 4334 3426 4376 xm.
3449 4318 3538 4371 Μ.

2072 4457 2476 4520 nominaverit;
2518 4473 2536 4506 ι
2570 4454 2663 4516 al..
2693 4472 2713 4507 ι
2739 4452 3267 4509 commemoraverit.
3301 4473 3321 4507 ι

2063 4528 2152 4598 73)
2180 4529 2350 4591 Alias,
2373 4545 2410 4598 _s
2448 4526 2579 4598 legis
2606 4540 2725 4594 qua:
2755 4523 3152 4598 iulirtnabatur,
3180 4540 3198 4572 ι
3243 4531 3353 4598 etc.

2062 4591 2151 4667 74)
2203 4599 2292 4667 Sic
2334 4591 2577 4667 plerique
2624 4591 2875 4667 iussae}
2924 4593 3198 4645 Rabauus.
3254 4591 3353 4648 Ms.
3403 4611 3539 4649 vero

1966 4662 2141 4733 tutus,
2194 4687 2213 4718 ι
2266 4662 2497 4733 ,Ιιιιιιεοε
2537 4664 2735 4733 frustra
2786 4662 3002 4733 inﬂatos
3046 4675 3075 4712 ει
3125 4674 3285 4713 sensu
3350 4667 3532 4721 carnis
3630 4686 3635 4691 '

1961 4754 2091 4793 suae.
2113 4729 2145 4789 ἰ
2176 4736 2344 4797 Editi,
2390 4752 2409 4787 ι
2438 4732 2636 4788 Judwis
2675 4732 2878 4787 frustra
2912 4729 3128 4786 inﬂatos
3153 4746 3317 4784 sensu
3345 4738 3535 4792 carnis

1961 4824 2097 4861 Stlze.
2124 4826 2141 4856 ι

2055 4877 2143 4943 75)
2171 4874 2334 4941 Editi,
2372 4892 2391 4924 ι
2422 4874 2685 4943 nominat.
2719 4890 2737 4923 ι

2055 4881 2143 4943 75)
2172 4881 2334 4941 Editi,
2372 4892 2391 4924 ι
2422 4881 2685 4927 nominat.
2719 4890 2737 4923 ι

2031 4881 2144 5017 (76)
2178 4945 2286 5017 Ms.
2322 4942 2711 5017 unus,_s_.iubet
2738 4941 2883 4996 enim
2918 4942 3003 5017 lex
3030 4957 3138 5017 non
3176 4946 3349 5007 exire,
3374 4961 3398 4998 s
3419 4955 3529 5001 etc.

1961 5012 2068 5069 Sed
2107 5012 2290 5070 caeteri
2317 5030 2470 5079 IIISS.,
2500 5013 2754 5067 Rabauus
2783 5022 2837 5065 et
2866 5012 2998 5066 editi
3028 5013 3230 5070 habent
3263 5025 3322 5069 ut
3351 5018 3408 5070 in
3435 5031 3533 5070 no-

1963 5094 2077 5138 stro
2104 5094 2273 5139 textu.

2036 5153 2151 5226 (77)
2183 5155 2359 5226 Alias,
2399 5153 2722 5226 t_\'identttr,
2750 5149 2941 5226 Judrei.
2981 5171 3000 5204 s

2033 5222 2144 5294 (78)
2181 5224 2340 5288 Editi,
2363 5240 2382 5273 ι
2419 5222 2556 5289 Quid
2584 5231 2765 5276 autem
2785 5222 2853 5294 de
2876 5223 3529 5294 sacriﬁciorumyatione,

1963 5292 2083 5362 qua:
2114 5292 2273 5349 simul
2298 5296 2475 5347 omnis
2498 5294 2636 5347 facta
2667 5299 2750 5345 est
2785 5293 3181 5360 impossihitis?
3209 5311 3228 5345 ι
3253 5292 3352 5348 Ms.
3371 5310 3533 5357 unus,

1962 5382 1982 5415 ι
2021 5365 2159 5433 Quid
2190 5373 2367 5417 autem
2402 5363 2601 5433 dicent,
2641 5380 2661 5414 s
2703 5371 2893 5429 etc.,ut
2922 5364 2973 5416 in
3008 5374 3196 5418 nostro
3229 5374 3398 5417 textu.

2030 5432 2146 5503 (79)
2178 5434 2340 5497 Editi,
2376 5450 2395 5483 ι
2433 5432 2565 5503 Nam
2592 5441 2717 5503 ante
2740 5441 2967 5503 mortem
2994 5433 3396 5487 iuiirmshatttr.
3436 5451 3458 5485 s

2029 5502 2142 5571 (80)
2185 5503 2434 5558 Peccata.
2467 5502 2627 5556 Deest
2656 5502 2710 5556 in
2742 5502 2894 5557 libris
2922 5513 3079 5557 antea
3108 5504 3293 5557 editis.

2026 5576 2139 5645 (8t)
2177 5574 2341 5635 Editi,
2378 5590 2397 5623 ι
2450 5574 2759 5628 necessaria
2792 5572 2994 5627 utimur
3034 5587 3166 5630 voce
3193 5588 3330 5644 qua;
3373 5590 3394 5626 s
3434 5572 3530 5640 al.,

1960 5667 1977 5695 ι
2023 5662 2206 5707 quam.
2250 5662 2268 5694 ι
