3986 6206
335 192 475 261 ιυθῆ

1282 206 1636 265 COMMENT.
1671 204 1737 261 IN
1775 206 1991 263 EPlS’l‘.
2033 208 2122 262 AD
2160 205 2329 267 ROM.
2372 209 2503 265 LIB.
2547 209 2631 267 Vl.

3455 214 3592 271 1098

329 325 478 377 enim
510 321 639 391 quia
665 321 741 376 illi
770 322 884 395 (95)
927 325 1017 395 qui
1055 325 1351 379 secundum
1393 338 1613 380 carnem
1660 334 1788 380 sunt
1812 323 1909 379 Ju-
1940 328 1986 386 Α
2019 324 2105 379 hic
2149 340 2255 383 non
2293 336 2378 381 est
2421 326 2557 395 ejus.
2603 325 2658 383 Si
2698 336 2880 382 autem
2928 326 3180 383 Christus
3205 328 3257 383 in
3292 330 3446 389 vobis
3483 344 3590 395 est,

327 413 455 477 dmi,
488 425 896 484 persequuntur
919 430 1017 470 nos
1049 417 1139 485 qui
1173 430 1362 471 smnus
1393 432 1500 471 non
1526 417 1578 471 itt
1600 416 1909 481 manifesto,

327 507 425 561 sed
458 507 510 560 in
548 506 769 561 occulto
797 506 993 572 Judzei,
1020 517 1074 564 et
1107 507 1277 579 legem
1309 509 1609 562 secundum
1636 507 1909 577 spiritum,

325 612 436 651 non
469 599 771 652 secundum
793 614 1014 653 carnem
1047 599 1405 655 custodimus.
1440 599 1518 653 illi
1544 615 1675 673 ergo
1705 599 1796 668 qui
1827 615 1914 653 se-

324 693 565 746 cundum
594 706 812 746 carnem
845 692 1086 761 sapiunt,
1117 699 1515 763 consequenter
1536 692 1698 746 etiam
1726 707 1910 761 repro-

323 786 618 841 missinnes
661 786 803 855 legis
840 785 1140 841 carnaliter
1197 795 1443 855 sperant.
1497 784 1606 840 Nos
1640 800 1769 839 vero
1816 799 1910 839 eas

322 879 651 948 spiritaliter
679 887 1061 947 exspectamus
1088 878 1390 932 secundum
1421 892 1731 932 sermonem
1754 876 1906 932 Pauli

322 972 558 1026 dicentis
608 987 678 1024 ει
722 970 797 1028 Ut
848 969 1308 1041 repromissiones
1364 968 1604 1039 Spiritus
1665 970 1906 1039 accipia-

319 1073 447 1119 mus
480 1065 559 1129 ";
602 1083 623 1117 ι
675 1075 728 1119 ει
767 1063 966 1118 iterum
998 1082 1012 1119 :
1050 1080 1068 1115 ι
1110 1062 1435 1117 Benedictus
1479 1062 1624 1118 Deus
1657 1071 1711 1117 ct
1749 1062 1908 1117 Pater

322 1156 544 1211 Domini
596 1155 769 1211 nostri
817 1153 945 1209 Iesu
975 1153 1217 1218 Christi,
1253 1154 1344 1223 qui
1391 1153 1671 1208 benedixit
1715 1168 1814 1206 nos
1851 1151 1902 1207 in

317 1247 470 1302 emni
502 1240 886 1301 benedictione
934 1244 1163 1314 spiritali
1196 1244 1249 1299 in
1292 1243 1614 1300 calestibus
1653 1245 1705 1298 in
1740 1242 1902 1298 Chri-

316 1350 406 1395 sto
439 1339 512 1392 ¹⁸.
537 1357 556 1391 ο
588 1339 666 1392 Ex
695 1337 895 1408 quibus
928 1336 1181 1391 omnibus
1219 1346 1274 1390 et
1300 1352 1422 1405 qua:
1454 1336 1528 1390 sit
1577 1335 1661 1389 lex
1701 1350 1901 1390 secun-

314 1432 448 1485 dum
483 1440 728 1493 carnem,
770 1438 820 1481 et
860 1442 980 1496 qua:
1011 1426 1309 1481 secundmn
1340 1428 1622 1497 spiritum,
1655 1427 1735 1480 vel
1782 1442 1901 1497 qure

314 1534 445 1588 spes
478 1516 917 1588 repromissionis
946 1515 1205 1579 carnalis,
1223 1515 1304 1569 vel
1341 1531 1462 1583 quae
1490 1515 1758 1586 spiritalis
1786 1516 1897 1586 (θι)

313 1610 644 1665 Ostenditur.
670 1606 853 1665 Potest
883 1618 938 1662 et
970 1608 1269 1663 secundum
1296 1608 1455 1661 aliam
1476 1607 1897 1677 expositionem,

2017 431 2214 487 corpus
2254 419 2472 489 quidem
2532 430 2807 477 mortuum
2856 431 2942 478 est
2997 433 3217 492 propter
3268 432 3591 492 peccatum,

2015 506 2243 572 Spiritus
2271 523 2401 563 vero
2434 509 2540 562 vita
2572 509 2650 579 (2)
2683 520 2906 580 propter
2934 509 3406 581 jnstilicationem.
3435 511 3591 578 Quod

2014 597 2057 650 si
2093 595 2333 668 Spiritus
2364 600 2481 667 ejus
2507 600 2597 668 qui
2636 600 2919 654 suscitavit
2953 599 3143 656 Jesum
3179 615 3208 653 a
3241 603 3471 656 mortuis
3493 601 3591 656 ha-

2015 688 2154 743 bitat
2196 690 2248 744 in
2299 691 2482 753 vobis;
2532 692 2623 761 qui
2671 692 2961 747 suscitavit
3001 692 3183 748 Jesum
3235 693 3514 750 Christum
3557 711 3589 750 a

2012 783 2247 837 mortuis
2262 782 2563 838 vivitieabit
2579 794 2633 837 et
2648 784 2900 840 mortalia
2920 795 3101 840 vestra
3121 799 3351 855 corpora
3369 793 3590 856 propter

2012 876 2406 931 inhabitantem
2456 876 2723 945 Spiritum
2772 877 2889 947 ejus
2932 876 2985 931 in
3036 877 3190 933 vobis
3235 877 3299 933 ι’.
3357 896 3376 929 ι
3430 878 3585 945 Quod

2009 966 2391 1021 constantibus
2416 976 2470 1021 et
2514 966 2800 1021 dialectica
2832 978 2951 1023 arte
2981 968 3224 1024 collectis
3258 978 3442 1025 utetur
3472 971 3579 1041 syl-

2008 1054 2253 1125 logismis
2285 1056 2568 1126 apostolus
2602 1056 2803 1114 Paulus
2846 1058 2929 1113 vel
2966 1061 3017 1115 in
3060 1061 3164 1116 hoc
3209 1060 3367 1125 loco,
3404 1063 3488 1115 vel
3529 1063 3584 1116 in

2007 1147 2131 1201 aliis
2158 1146 2414 1216 Epistolis
2443 1150 2577 1213 suis,
2619 1166 2721 1203 non
2756 1150 2886 1205 mihi
2913 1167 3055 1206 nunc
3088 1151 3167 1224 (3)
3199 1153 3581 1223 exponendum

2006 1238 2243 1303 videtur,
2271 1255 2339 1295 ne
2380 1242 2518 1297 forte
2550 1257 2657 1297 non
2699 1252 2809 1299 tam
2844 1243 3086 1299 scientia:
3117 1244 3194 1316 (4)
3224 1249 3342 1316 ejus
3363 1284 3379 1310 ,
3413 1261 3581 1316 quam

2005 1331 2272 1385 sermonis
2301 1332 2352 1385 in
2383 1346 2491 1401 quo
2524 1348 2628 1388 non
2658 1334 2769 1389 vult
2800 1350 2859 1390 se
2883 1336 3119 1405 peritum
3156 1338 3261 1393 dici
3286 1338 3356 1404 ³⁸,
3395 1353 3579 1394 asser-

2007 1427 2152 1473 tores
2181 1421 2464 1476 videamur
2492 1437 2615 1477 esse
2639 1440 2653 1476 :
2682 1432 2737 1478 et
2782 1423 2903 1478 ideo
2933 1426 3195 1494 prepositi
3222 1427 3395 1499 magis
3425 1429 3577 1498 capi-

2011 1510 2105 1563 tuli
2132 1525 2348 1565 sensum
2376 1512 2648 1567 discutere
2662 1516 3099 1583 properabimus.
3122 1516 3177 1572 ln
3199 1520 3580 1587 superioribus

2003 1601 2093 1653 ubi
2111 1602 2283 1655 dixit:
2310 1620 2329 1653 ι
2355 1602 2459 1657 Vos
2475 1612 2659 1659 autem
2675 1606 2726 1659 in
2745 1621 2910 1662 carne
2934 1622 3039 1662 non
3058 1609 3214 1677 estis,
3230 1610 3325 1664 sed
3345 1609 3399 1665 in
3418 1611 3578 1682 spiri-

313 1702 359 1754 si
398 1712 709 1769 repetamus
737 1700 807 1755 ab
838 1700 1013 1763 initio,
1048 1717 1068 1751 ι
1095 1700 1247 1767 Quod
1282 1698 1748 1767 impossibileerat
1771 1698 1884 1769 legi,

2003 1695 2086 1750 tu;
2112 1689 2156 1741 si
2178 1696 2357 1742 tamen
2372 1689 2613 1761 Spiritus
2632 1691 2726 1747 Dei
2752 1694 2964 1749 habitat
2981 1696 3033 1748 in
3053 1698 3205 1753 vobis
3221 1699 3266 1730 ’ί
3289 1717 3305 1756 :
3331 1718 3352 1751 ι
3376 1676 3575 1769 duplici

312 1793 367 1845 in
392 1808 501 1863 quo
524 1792 905 1847 lnlirmabalttr
928 1807 1025 1861 per
1042 1806 1296 1859 carnem,
1326 1807 1344 1840 ι
1380 1799 1434 1845 ει
1460 1792 1526 1844 de
1551 1790 1668 1859 lege
1700 1790 1895 1844 mentis

312 1883 570 1952 intelligi,
606 1898 768 1953 quam
803 1898 966 1952 supra
994 1883 1132 1936 dixit
1153 1882 1266 1953 (95)
1297 1881 1434 1937 velle
1463 1880 1642 1937 facere
1669 1881 1890 1945 bonum,

309 1976 406 2029 sed
432 1990 531 2045 per
550 1974 928 2029 inﬁrmitatem
964 1983 1019 2028 et
1071 1972 1417 2045 fragilitatem
1446 1973 1629 2028 carnis
1670 1971 1895 2040 implere

308 2083 422 2121 non
453 2078 634 2137 posse,
660 2075 716 2120 et
739 2075 1032 2135 propterea
1059 2066 1279 2119 misisse
1313 2064 1481 2119 Deum
1502 2063 1702 2119 Filium
1731 2078 1891 2117 suum

309 2157 365 2211 in
401 2157 812 2212 similitudinem
839 2156 1019 2213 carnis
1042 2156 1282 2225 peccati,
1316 2166 1376 2211 et
1413 2156 1479 2210 de
1510 2165 1760 2226 peccato,
1792 2155 1892 2210 hoc

307 2258 396 2305 est
439 2264 542 2320 per
600 2250 835 2305 hostiam
885 2264 986 2320 pro
1025 2259 1254 2320 peccato
1301 2247 1565 2313 oblatam,
1605 2248 1891 2302 damnasse

303 2350 623 2412 peccatum.
667 2342 797 2396 Data
831 2343 977 2397 enim
1010 2342 1166 2397 nobis
1203 2339 1526 2395 remissione
1554 2337 1668 2410 (96)
1698 2353 1889 2409 pecca-

304 2441 488 2487 torum
522 2433 761 2503 lugatum
792 2443 872 2489 est
896 2442 952 2489 et
978 2433 1396 2488 exterminatum
1422 2432 1488 2487 de
1507 2446 1675 2485 carne
1703 2440 1887 2485 nostra

302 2533 613 2595 peccatum,
637 2534 686 2579 et
714 2524 881 2593 cmpit
898 2524 950 2578 in
969 2524 1127 2578 nobis
1152 2522 1470 2595 justillcatio
1488 2521 1622 2590 legis
1650 2519 1888 2590 impleri,

302 2616 453 2670 illius
476 2616 743 2669 duntaxat
767 2615 898 2686 legis
924 2630 1045 2685 qua:
1077 2613 1488 2669 condclectatur
1512 2612 1616 2682 legi
1634 2611 1746 2683 (97)
1771 2612 1883 2676 Dei,

302 2722 424 2776 qua:
454 2706 713 2776 impletur
738 2706 850 2761 cito
889 2722 1014 2761 cum
1043 2707 1155 2776 jam
1192 2721 1300 2760 non
1325 2705 1540 2761 resistit
1564 2704 1613 2759 ei
1644 2704 1725 2759 lex
1748 2717 1883 2774 pec»

299 2800 409 2855 cati
439 2814 564 2869 qua:
588 2808 708 2853 erat
736 2798 789 2853 in
815 2799 1079 2854 membris
1100 2799 1326 2861 nostris,
1358 2797 1402 2852 si
1438 2807 1620 2850 tamen
1655 2810 1760 2851 non
1794 2808 1882 2849 se-

296 2889 545 2945 cundum
576 2905 794 2945 carnem
836 2891 1203 2954 ambulemus,
1241 2890 1338 2943 sed
1377 2888 1674 2942 secundmn
1721 2886 1883 2955 spiri-

2002 1776 2161 1843 modo
2182 1778 2311 1846 quid
2355 1787 2438 1834 est
2470 1780 2523 1834 in
2554 1780 2759 1851 Spiritu
2799 1783 2879 1853 (5)
2910 1800 3033 1840 esse
3059 1787 3495 1859 explanavimus,
3525 1793 3576 1847 id

1997 1877 2101 1933 est,
2129 1870 2210 1925 vel
2229 1870 2401 1941 legem
2425 1887 2529 1928 non
2558 1877 2855 1931 secundum
2880 1876 3142 1947 litteram,
3158 1882 3253 1936 sed
3276 1884 3571 1939 secundum

1995 1961 2293 2029 spiritalem
2323 1978 2541 2018 sensum
2577 1965 2910 2036 intelligere;
2942 1968 3025 2023 vel
3054 1971 3221 2026 etiam
3245 1974 3570 2029 mortiﬁcato

1994 2066 2246 2120 Corpore.
2283 2055 2529 2123 spiritus,
2557 2066 2613 2108 et
2657 2072 2763 2109 nou
2795 2058 2979 2114 carnis
3015 2058 3229 2127 legibus
3270 2063 3475 2121 vivere.
3501 2063 3565 2117 Et

1996 2159 2137 2197 nunc
2153 2159 2283 2213 ergo
2305 2146 2448 2214 quod
2467 2146 2620 2212 dicit,
2644 2164 2665 2197 ε
2686 2148 2741 2202 Si
2755 2149 2875 2217 quis
2889 2160 3066 2205 autem
3087 2152 3347 2218 Spiritum
3368 2156 3567 2210 Christi

1994 2232 2151 2303 591
2184 2250 2289 2288 non
2329 2236 2510 2305 habet,
2548 2237 2635 2291 hic
2669 2251 2772 2291 non
2800 2250 2886 2295 est
2916 2240 3069 2309 ejus;
3115 2261 3134 2294 ι
3168 2252 3222 2298 ει
3252 2244 3558 2317 subjungit.

1997 2342 2017 2376 ε
2060 2326 2116 2379 Si
2151 2335 2333 2382 autem
2378 2326 2629 2384 Christus
2673 2330 2726 2383 in
2761 2330 2915 2387 vobis
2964 2344 3071 2400 est,
3117 2352 3137 2387 ι
3177 2337 3567 2407 requirendum

1990 2426 2075 2471 est
2102 2426 2283 2471 utrum
2317 2418 2591 2473 diversum
2622 2420 2694 2474 sit
2715 2420 2976 2491 Spiritum
3004 2423 3099 2480 Dei
3128 2440 3251 2482 esse
3277 2428 3331 2483 in
3357 2428 3565 2499 aliquo,

1987 2521 2057 2561 an
2093 2506 2355 2576 Spiritum
2381 2509 2458 2582 (6)
2478 2509 2684 2567 Christi
2721 2515 2838 2569 :vel
2862 2517 3029 2571 etiam
3058 2518 3235 2587 ipsum
3259 2519 3566 2589 Christum,

1989 2609 2083 2655 aut
2117 2598 2381 2671 Spiritum
2414 2602 2531 2670 ejus
2559 2611 2651 2676 qut
2694 2607 2983 2663 suscitavit
3023 2606 3209 2664 .Iesum
3241 2624 3269 2663 a
3308 2613 3561 2671 mortuis.

1989 2688 2095 2743 Sed
2122 2700 2383 2759 quantum
2426 2692 2508 2747 vel
2547 2698 2990 2766 consequentiam
3021 2698 3100 2769 (7)
3143 2698 3247 2755 loci
3278 2702 3565 2770 praesentis

1989 2782 2223 2848 intueor,
2276 2782 2358 2837 vel
2388 2783 2522 2845 illud
2558 2788 2699 2856 quod
2747 2790 3002 2845 Salvator
3050 2792 3103 2845 in
3158 2791 3453 2861 Evangelio
3492 2791 3559 2848 de

1986 2872 2190 2941 Spiritu
2224 2883 2417 2929 sancto
2446 2876 2595 2942 dicit,
2626 2878 2752 2948 quia
2794 2898 2815 2933 ε
2854 2896 2885 2935 a
2915 2880 3079 2937 Patre
3112 2884 3376 2952 procedit,
3423 2901 3444 2936 ι
3486 2896 3562 2948 et,

300 2989 441 3033 min.
478 2979 612 3033 Nam
644 2980 817 3034 donec
868 2978 922 3037 in
962 2993 1127 3035 carne
1167 2988 1250 3033 est
1278 2978 1404 3047 quis
1428 3016 1443 3040 ,
1487 2986 1542 3030 et
1582 2974 1878 3030 secundum
1910 3005 1954 3066 ο
1991 2981 2011 3015 ι
2042 2963 2120 3019 De
2149 2982 2269 3021 meo
2294 2970 2518 3039 accipiet
2548 2975 2614 3039 “,
2655 2992 2674 3027 ι
2713 2982 2767 3029 ει
2814 2973 2973 3041 hujus
3012 2975 3161 3030 verbi
3212 2976 3562 3045 explanatio-

296 3086 524 3127 carnem
541 3072 697 3137 vivit,
728 3086 851 3142 quae
872 3075 1052 3127 carnis
1085 3080 1208 3127 sunt
1229 3070 1371 3139 sapit
1403 3084 1418 3134 ;
1452 3083 1573 3122 cum
1595 3081 1723 3121 vero
1746 3082 1878 3121 con-

296 3166 529 3221 verterit
555 3180 616 3221 se
636 3165 703 3219 ad
737 3165 987 3235 spiritum
1013 3206 1030 3231 ,
1069 3173 1121 3218 et
1155 3172 1404 3217 mortuus
1431 3158 1593 3213 fuerit
1612 3158 1716 3228 legi
1753 3172 1880 3228 pec-

301 3257 412 3310 cati
444 3265 502 3311 et
530 3255 738 3320 carnis,
770 3271 891 3325 qua:
921 3264 1048 3310 sum
1076 3254 1303 3324 spiritus
1330 3251 1493 3321 sapit.
1528 3249 1662 3303 Nam
1687 3264 1881 3305 secuna

294 3346 425 3402 dum
465 3362 684 3402 carnem
720 3361 944 3417 sapere,
982 3360 1129 3401 mors
1176 3355 1259 3400 est
1293 3344 1488 3398 animae
1526 3358 1543 3407 ;
1574 3343 1876 3399 secundum

293 3439 552 3509 spiritum
599 3454 752 3504 vero,
800 3439 906 3493 vita
953 3448 1009 3493 et
1046 3452 1149 3507 pax
1187 3445 1275 3493 est
1326 3436 1498 3507 :quia
1533 3454 1553 3487 ι
1604 3433 1872 3505 sapientia

292 3532 478 3586 carnis
511 3530 727 3585 inimica
754 3537 839 3585 est
870 3531 1013 3593 Deo,
1054 3547 1074 3579 ι
1113 3529 1214 3583 hoc
1241 3536 1348 3592 est,
1395 3528 1523 3581 dum
1566 3538 1700 3579 caro
1740 3522 1877 3577 resi-

295 3624 392 3678 Stit
419 3622 656 3689 spiritui,
675 3630 730 3677 et
754 3636 860 3676 non
882 3630 964 3677 est
998 3618 1245 3689 subjecta
1280 3618 1383 3687 legi
1411 3616 1608 3673 mentis
1632 3630 1756 3685 qua:
1788 3616 1874 3670 lex

293 3710 387 3766 liei
416 3722 525 3777 est,
553 3712 775 3767 inimica
800 3721 884 3768 est
914 3711 1024 3767 Deo
1049 3729 1064 3766 :
1096 3720 1154 3767 et
1185 3710 1308 3766 ideo
1338 3708 1431 3779 qui
1468 3706 1764 3762 carnaliter
1791 3706 1873 3759 vi-

290 3812 451 3868 vunt,
481 3801 592 3858 Deo
621 3802 837 3873 placere
865 3817 970 3859 non
1000 3810 1249 3872 possunt.
1270 3799 1376 3855 Sed
1411 3819 1429 3851 α
1458 3814 1585 3866 vos,
1621 3817 1641 3851 s
1672 3797 1869 3868 inquit,

294 3910 316 3945 ι
339 3909 446 3949 non
464 3893 599 3948 estis
621 3892 676 3947 in
693 3907 879 3958 carne,
904 3911 925 3946 ο
946 3893 1050 3948 hoc
1069 3900 1154 3948 est
1177 3906 1283 3946 non
1315 3889 1618 3945 secundum
1648 3902 1869 3943 carnem

287 3983 475 4037 vivitis
507 3981 644 4052 (98),
695 3982 791 4037 sed
841 3979 1141 4037 secundum
1183 3978 1476 4045 spiritum,
1540 3992 1560 4027 ι
1598 3975 1643 4029 si
1685 3983 1869 4029 tamen

293 4075 532 4145 Spiritus
567 4074 661 4130 Dei
685 4074 897 4130 habitat
916 4074 974 4129 in
990 4073 1164 4129 vobis.
1176 4069 1328 4126 illam
1344 4078 1572 4141 possunt
1600 4077 1654 4123 et
1678 4081 1871 4122 secun-

288 4166 416 4220 dum
443 4166 639 4232 aliam,
668 4178 732 4221 ut
759 4167 1030 4229 diximus,
1068 4162 1469 4233 expositionem
1520 4159 1575 4214 in
1613 4160 1714 4213 hoc
1753 4155 1867 4226 (99)

286 4256 408 4313 loco
439 4259 702 4328 coaptari.
726 4258 902 4327 Eligat
936 4268 1112 4313 tamen
1131 4257 1222 4327 qui
1256 4255 1405 4326 legit,
1435 4263 1489 4307 et
1519 4250 1662 4323 quod
1690 4249 1869 4320 aptius

1986 3072 2109 3112 nem
2165 3058 2222 3111 in
2275 3065 2962 3137 consequentibnsjtmgit,
2993 3067 3184 3123 dicens
3227 3084 3242 3122 :
3289 3084 3311 3119 ι
3373 3068 3562 3134 Pater,

1981 3149 2162 3201 etesia
2195 3164 2312 3203 utea
2359 3160 2447 3206 tua
2494 3166 2642 3218 sunt,
2681 3165 2737 3211 et.
2779 3167 2869 3210 tua
2914 3171 3072 3211 mea:
3104 3166 3394 3227 prepterea
3444 3159 3555 3213 dixi

1980 3240 2107 3308 quia
2138 3243 2204 3295 de
2248 3258 2367 3298 meo
2407 3248 2707 3317 accipiet”
2732 3249 2813 3320 (8)
2847 3265 2861 3301 :
2894 3268 2915 3302 ι
2949 3263 3093 3312 cum,
3142 3250 3380 3320 inquam,
3442 3261 3563 3306 tau-

1984 3341 2093 3385 tam
2124 3331 2267 3389 hanc
2321 3336 2545 3393 unitatis
2591 3340 2742 3394 inter
2787 3338 3002 3395 Patrem
3034 3350 3090 3395 et
3124 3341 3316 3395 Filium
3349 3344 3558 3412 aspicio

1982 3424 2248 3480 rationem
2284 3426 2383 3496 (9),
2425 3428 2661 3497 Spiritus
2695 3431 2789 3485 Dei
2817 3442 2875 3485 et
2907 3429 3141 3501 Spiritus
3177 3431 3380 3487 Christi
3417 3450 3557 3489 unus

1978 3524 2141 3583 atque
2170 3515 2316 3570 idem
2361 3518 2495 3572 mihi
2534 3519 2772 3586 Spiritus
2816 3520 2922 3574 dici
2968 3521 3203 3575 videtur.
3260 3520 3555 3578 Possumus

1980 3614 2157 3660 tamen
2190 3616 2242 3661 et
2285 3608 2387 3662 hoc
2419 3612 2577 3665 modo
2602 3612 2904 3684 intelligere
2936 3616 3077 3682 quod
3105 3611 3261 3679 dixit,
3293 3629 3313 3663 α
3349 3612 3404 3666 Si
3431 3616 3556 3682 quis

1976 3699 2438 3766 autetn'Spiritutn
2464 3701 2668 3758 Christi
2693 3721 2798 3760 non
2822 3706 3006 3768 habet,
3035 3705 3121 3759 hic
3146 3720 3250 3758 non
3277 3713 3360 3758 est
3378 3704 3495 3771 ejus
3528 3722 3547 3756 ο

1976 3787 2125 3855 (quia
2154 3800 2211 3843 et
2243 3805 2431 3845 revera
2462 3793 2695 3863 abrupte
2726 3796 3137 3865 pronuntiatum
3176 3793 3433 3866 videtur),
3466 3806 3550 3859 ut,

1974 3878 2018 3932 si
2046 3879 2169 3947 quis
2198 3896 2303 3936 non
2334 3892 2521 3941 tantus
2566 3895 2621 3942 et
2654 3886 2777 3943 talis
2805 3902 2929 3944 esse
2971 3890 3230 3945 meruerit
3254 3889 3343 3959 qui
3375 3888 3550 3960 Spiri-

1975 3981 2085 4026 tum
2117 3974 2318 4028 Christi
2343 3976 2548 4033 habere
2575 3979 2770 4050 dignus
2792 3981 2889 4045 sit,
2910 3981 3171 4036 continuo
3195 3980 3401 4036 Christi
3431 3995 3554 4036 esse

1973 4064 2294 4133 denegetur,
2345 4081 2472 4122 cum
2536 4070 2590 4124 in
2656 4068 2885 4126 Psalmis
2940 4072 3133 4127 dicat:
3176 4090 3194 4124 ι
3242 4069 3375 4127 lea:
3421 4083 3553 4126 sunt

1972 4168 2163 4208 omnes
2184 4157 2313 4210 ferte
2338 4157 2623 4223 silvarum,
2655 4158 2905 4227 jumenta
2937 4162 2992 4216 in
3036 4160 3331 4223 montibus,
3362 4170 3418 4217 et
3449 4162 3550 4215 ho-

1974 4258 2070 4297 ves
2091 4244 2160 4298 “.
2198 4264 2217 4297 ι
2248 4246 2376 4302 Etsi
2407 4247 2533 4305 ferae
2558 4260 2615 4305 et
2648 4251 2891 4320 jumenta
2919 4254 3039 4322 ejus
3079 4266 3230 4319 sunt,
3275 4255 3553 4323 quomodo

286 4350 619 4419 probaverit,
651 4350 697 4405 si
732 4360 911 4405 tamen
947 4347 1264 4419 probaverit
1293 4344 1398 4415 (I),
1441 4345 1544 4397 hoc
1573 4348 1857 4409 sequatur.
1899 4339 1940 4394 D
1970 4335 2219 4396 homines
2245 4353 2349 4394 non
2374 4351 2501 4397 sunt
2529 4341 2682 4412 ejus?
2709 4342 2814 4399 Sed
2849 4353 3048 4414 potest,
3085 4355 3142 4399 ut
3168 4344 3306 4408 dixi,
3344 4345 3446 4399 hoc
3470 4346 3550 4398 sic

357 4442 449 4499 15.
499 4460 519 4495 t
558 4441 613 4498 Si
643 4443 766 4513 quis
792 4451 973 4496 autem
994 4439 1259 4509 Spiritum
1291 4436 1493 4492 Christi
1529 4449 1635 4488 non
1675 4429 1862 4494 habet,

1973 4429 2221 4501 intelligi,
2266 4442 2325 4487 ut
2373 4435 2503 4491 illud
2552 4439 2603 4492 in
2647 4438 2949 4509 Evangelia
2984 4456 2997 4491 :
3036 4457 3055 4491 ι
3105 4438 3206 4507 Qui
3258 4453 3364 4493 non
3408 4438 3547 4492 tollit

356 4606 400 4638 "
443 4603 623 4661 Galat.
656 4620 739 4667 ttt,
792 4603 882 4659 14.
961 4601 1003 4633 ¹⁸
1037 4599 1232 4670 Ephes.
1267 4616 1313 4655 ι.
1351 4599 1405 4652 5.
1482 4595 1525 4628 ¹⁹
1573 4591 1884 4670 ᾓρηι.“κέει.

1999 4605 2115 4660 seq.
2151 4594 2237 4670 ﬂ”
2274 4594 2316 4649 ll
2352 4596 2475 4653 Cor.
2508 4613 2560 4664 ι,
2607 4598 2661 4651 6.
2738 4598 2782 4631 ²¹
2818 4597 2975 4653 ltom.
3011 4611 3136 4662 vm,
3178 4597 3233 4656 9.
3309 4598 3355 4628 “
3383 4594 3541 4652 Joan.

284 4692 375 4739 xv,
403 4658 508 4741 Eli;
549 4658 777 4741 “1,”.
854 4674 899 4705 ¹³
931 4658 1095 4728 ,ἰυειιιί
1122 4685 1253 4736 xvtt,
1285 4670 1379 4735 10;
1412 4681 1522 4731 xvt,
1566 4662 1653 4717 15.
1726 4660 1771 4691 ³⁸
1800 4658 1884 4712 l‘s:

1994 4658 2116 4727 m,
2146 4664 2229 4718 ll).

354 4838 465 4910 (με)
500 4838 638 4910 Quia
668 4837 765 4891 illi.
811 4837 934 4910 Haec
960 4834 1137 4910 verba
1175 4835 1370 4910 assunt;
1408 4830 1459 4885 in
1487 4829 1640 4910 libris
1679 4829 1856 4910 editis.

356 4901 470 4976 ('94)
505 4901 594 4962 Vel
620 4924 737 4974 qua:
758 4906 1037 4976 spiritalis.
1073 4903 1195 4958 llzec
1213 4903 1593 4957 desiderantur
1616 4901 1667 4954 in
1699 4909 1856 4953 antea

280 4979 463 5037 editis.
487 4988 542 5032 et
573 4979 625 5031 in
660 4978 909 5046 pluribus
928 4992 1060 5031 mss.

354 5046 467 5117 (95)
504 5047 601 5102 bis.
634 5037 795 5107 unus,
827 5064 846 5097 ι
883 5039 1466 5117 impossibilitaslegis,
1488 5039 1541 5092 in
1574 5053 1681 5117 quo
1706 5037 1858 5117 iniit:-

283 5106 535 5172 maliaittr
560 5131 655 5182 per
687 5106 909 5181 carnem
935 5106 1046 5178 {de
1074 5113 1187 5181 lege
1214 5106 1580 5163 membrorum
1608 5106 1853 5176 intelligi,

282 5201 445 5257 quam
474 5202 636 5254 supra
671 5185 932 5257 diximus.
966 5203 984 5236 s
1017 5194 1128 5238 etc.

348 5257 464 5339 (εδ)
636 5271 845 5339 (ιιιιιδηι
888 5253 1061 5339 Tanta
1090 5251 1241 5339 enim
1256 5251 1411 5339 nobis
1443 5248 1792 5314 remissione;
1827 5265 1847 5298 ι

281 5319 490 5386 εᾶἷιί.’‹
525 5327 696 5380 Tanta
719 5325 865 5377 enim
899 5322 1346 5393 repr0missione.
1387 5339 1405 5393 ξ

350 5398 463 5467 (97)
490 5397 648 5467 Etliti,
679 5412 698 5445 ί
728 5387 1027 5449 delectatur
1056 5392 1193 5467 legi;
1230 5387 1531 5455 sal.,tleg.s

349 5458 465 5536 (98)
500 5465 614 5519 Hoc
646 5474 746 5527 est,
780 5480 884 5517 non
923 5458 1212 5518 secundum
1254 5476 1465 5516 carnem
1498 5461 1689 5514 vivitis.
1728 5458 1854 5517 llaec

274 5537 336 5592 in
368 5537 531 5592 editis
552 5536 899 5588 omittuntur.

351 5608 459 5685 (99)
488 5610 652 5664 Deest
683 5625 700 5659 ι
739 5605 842 5660 hoc
875 5625 893 5656 ι
925 5606 978 5659 in
1009 5605 1188 5660 editis.

564 5749 832 5807 Ps'ruoe.
873 5744 992 5804 Gn.
1034 5746 1200 5805 XIV.

2040 4823 2056 4889 (
2066 4821 2119 4889 l)
2142 4820 2205 4876 Si
2226 4830 2399 4876 tamen
2415 4821 2726 4889 probaverit.
2744 4819 2871 4875 Haec
2882 4818 3263 4875 desiderantur
3278 4818 3331 4873 in
3356 4819 3538 4876 editis.

2040 4888 2117 4960 (2)
2172 4888 2526 4947 Vita.Alias.t
2558 4888 2707 4943 vivit.
2738 4910 2757 4941 ι

2035 4963 2114 5031 (5)
2157 4962 2315 5016 Deest
2358 4980 2378 5014 ι
2418 4976 2559 5017 nunc
2593 4979 2612 5012 ι
2641 4976 2693 5015 ιη
2721 4960 2901 5015 editis.

2037 5026 2113 5104 (4)
2150 5032 2311 5104 Etiiti.
2352 5044 2370 5077 ι
2403 5033 2707 5104 sententiae,
2748 5049 2766 5083 s
2802 5030 3018 5104 tleinde,
3050 5048 3068 5079 α
3106 5038 3155 5082 «τι
3187 5026 3308 5079 ideo
3338 5043 3531 5104 propo-

1963 5104 2052 5173 siti
2077 5097 2249 5173 magis
2279 5102 2522 5170 Apostoli
2546 5117 2766 5173 sensum
2797 5101 3071 5154 discutere
3100 5097 3512 5167 properabinms

1962 5172 2020 5227 In
2050 5172 2446 5243 posterioribus
2468 5172 2570 5243 rubi
2602 5172 2759 5243 dixit,
2798 5189 2816 5221 ο
2853 5181 2959 5243 etc.

2035 5241 2112 5316 ('5)
2135 5244 2309 5316 Alias,
2336 5259 2357 5293 ι
2389 5242 2607 5316 quidem
2631 5242 2691 5316 in
2719 5241 2951 5310 Spiritu.
2983 5256 3003 5290 ι

2034 5312 2112 5382 (6)
2142 5314 2305 5377 Editi,
2348 5331 2366 5363 ‹
2407 5328 2469 5365 ac
2502 5312 2783 5382 Spiritum.
2821 5329 2841 5362 ι

2034 5381 2111 5456 (7)
2140 5384 2304 5456 Editi,
2341 5400 2359 5433 ι
2401 5381 2812 5456 consequentia.
2849 5399 2867 5430 ι

2038 5450 2116 5526 (8)
2156 5452 2321 5526 Editl,
2359 5469 2378 5502 ι
2426 5450 2599 5505 Pater
2628 5452 2809 5526 omnia
2859 5460 2948 5526 tua
2991 5465 3111 5526 mea
3159 5455 3391 5526 stntt..et_
3420 5465 3537 5502 mea

1964 5518 2056 5581 tua
2082 5518 2289 5586 omnia,
2318 5529 2606 5591 prepterea
2634 5521 2774 5574 dixit
2795 5521 2939 5589 quod
2972 5522 3039 5575 de
3068 5536 3189 5575 meo
3220 5518 3469 5585 accipiet.
3512 5538 3546 5569 ο.

2040 5602 2116 5671 (9)
2147 5599 2311 5661 Editi,
2344 5618 2363 5650 ι
2400 5600 2549 5671 hanc
2590 5598 2753 5654 audio
2794 5597 3019 5653 unitatis
3049 5595 3189 5650 inter
3224 5593 3439 5649 Patrem
3481 5601 3537 5646 et

1967 5669 2162 5726 Filium
2192 5669 2596 5742 aspirationem.
2639 5688 2658 5721 ι
3129 5698 3151 5742 _-

3124 5736 3203 5798 35
