3986 6206
401 305 539 360 {093

1835 277 2154 338 ORICEMS

3513 272 3660 326 usa

399 435 617 477 crucem
641 424 894 480 suam,et
917 411 1292 480 sequiturmu,
1317 425 1421 461 non
1443 417 1524 462 est
1548 421 1632 460 mc
1655 405 1848 472 dignus
1865 404 1964 459 η.»
1998 418 2045 474 Α
2075 401 2158 454 vel
2207 399 2449 467 Spiritus
2494 397 2722 457 Christi,
2779 394 2859 449 vel
2897 391 3290 463 Spiri‘tus'Dei,
3347 387 3432 443 vel
3485 389 3652 442 etiam

400 514 470 568 Ει
502 509 592 566 hic
620 523 751 576 ergo
801 506 892 575 qui
941 519 1044 556 non
1093 500 1252 553 habet
1285 499 1548 569 Spiritum
1603 494 1806 550 Christi
1835 493 1970 564 (10),

405 612 508 665 hoc
539 615 644 670 est,
673 603 766 671 qui
795 614 900 654 non
932 594 1122 650 eodem
1153 592 1356 662 Spiritu
1383 591 1580 661 agitur,
1605 593 1660 642 ιιι
1689 603 1786 657 pro
1811 585 1975 656 justi-

404 703 501 764 tin,
537 711 636 768 pro
657 694 911 754 veritate,
934 701 1042 758 pro
1079 687 1245 741 verbo
1291 683 1383 739 Dei
1427 680 1820 742 annuntiaudo,
1877 691 1976 746 pro

405 765 573 860 regno
609 784 872 842 cmlorum
900 777 1276 850 praedicando,
1312 789 1412 845 pro
1441 773 1620 828 littera
1672 770 1806 842 legis
1836 765 1976 834 ahji-

403 859 596 940 ciettda
623 888 680 934 et
723 876 980 947 spiritum
1021 873 1138 943 ejus
1184 866 1502 939 aperiendo,
1529 878 1626 935 pro
1677 859 1979 918 resistendo

405 977 694 1031 adversum
724 977 1026 1046 peccatum,
1054 978 1152 1035 pro
1178 959 1263 1017 bis
1289 958 1541 1014 omnibus
1561 953 1648 1024 qui
1676 967 1779 1007 non
1809 963 1980 1019 usque

405 1069 472 1122 ad
509 1072 735 1121 mortem
765 1041 946 1115 venire
968 1064 1191 1127 paratus
1214 1060 1328 1115 est,
1359 1064 1462 1104 non
1485 1058 1568 1102 est
1594 1045 1712 1115 ejus
1737 1041 1981 1111 discipu—

405 1161 489 1214 lus
518 1154 651 1230 (ιι).
703 1152 808 1220 Qui
843 1164 972 1219 ergo
1019 1161 1122 1202 non
1154 1153 1239 1199 est
1277 1141 1422 1206 talis,
1473 1153 1574 1192 nec
1631 1135 1793 1189 talem
1827 1133 1881 1187 in
1922 1145 1982 1185 se

409 1225 672 1322 Spiritum
730 1245 886 1314 gerit,
910 1241 1018 1295 hic
1048 1245 1300 1293 creatura
1331 1232 1550 1301 quidem
1593 1227 1710 1295 ejus
1733 1231 1816 1280 est
1840 1225 1982 1277 sicut

409 1315 539 1393 forte
564 1335 845 1392 silvarum,
885 1327 1207 1396 etjumenta
1261 1323 1313 1376 in
1357 1318 1654 1379 montibus,
1701 1326 1756 1370 et
1792 1315 1980 1374 boves,

409 1429 504 1484 sed
546 1419 838 1494 discipulus
871 1420 986 1486 ejus
1044 1431 1149 1471 non
1210 1423 1317 1469 est.
1367 1411 1462 1466 Sic
1521 1423 1672 1479 ergo,
1708 1426 1727 1459 ι
1768 1405 1826 1460 Si
1863 1403 1984 1494 quis

411 1491 909 1590 Spiritum'Cltristi
945 1524 1048 1562 non
1081 1505 1263 1570 habet,
1300 1503 1390 1558 hic
1442 1515 1546 1555 non
1596 1507 1674 1552 est
1733 1494 1895 1562 ejus;
1935 1491 1981 1546 si

411 1586 591 1664 autem
630 1602 878 1660 Christus
912 1599 962 1651 in
991 1594 1142 1650 vobis
1189 1601 1294 1656 est,
1347 1603 1546 1659 corpus
1582 1586 1801 1656 quidem
1838 1597 1984 1636 mor-

415 1714 563 1755 tuum
594 1705 677 1754 est
705 1705 921 1764 propter
951 1695 1254 1758 peccatum,
1309 1680 1542 1754 Spiritus
1569 1693 1695 1732 vero
1726 1677 1834 1729 vita
1871 1671 1984 1744 (l2)

2078 493 2189 559 ipse
2206 489 2455 543 Christus
2476 488 2530 540 in
2556 486 2711 540 nobis
2732 483 3174 552 habitare,qna'le
3197 483 3270 534 sit
3288 477 3656 547 intueri(l5):

2077 592 2384 632 utrumnam
2414 591 2484 630 es
2509 575 2664 628 initio
2684 573 2941 627 omnibus
2969 572 3074 626 istc
3100 570 3344 640 Spiritus
3389 568 3580 630 datur,
3604 573 3664 620 et

2077 668 2417 737 postmodum
2443 665 2696 735 pessimis
2726 667 2782 718 et
2811 677 2842 714 a
2883 663 2996 715 Deo
3049 661 3244 716 alienis
3275 659 3496 715 actibus
3523 654 3662 712 ellu-

2078 769 2258 828 gatur,
2311 757 2610 813 secundum
2661 754 2792 808 illud
2846 755 2990 822 quod
3025 752 3292 820 scriptum
3321 758 3453 806 est:
3490 767 3512 800 ι
3546 745 3664 802 Non

2080 849 2418 919 permanebit
2448 848 2690 917 Spiritus
2739 859 2894 901 meus
2922 844 3036 916 (16)
3085 844 3138 898 in
3178 841 3495 898 hominibus
3523 839 3662 902 istis.

2079 939 2208 1008 quia
2245 953 2376 993 caro
2400 946 2527 991 sunt
2551 936 2619 1000 ³⁸,
2652 955 2674 988 ο
2719 952 2790 990 an
2822 937 2949 990 vitae
2978 934 3200 996 merito,
3225 943 3282 987 et
3321 930 3449 987 ﬁdei
3487 928 3662 1000 gratia

2082 1028 2426 1100 postmodum
2467 1026 2650 1092 datur,
2707 1027 3011 1081 semiudum
3059 1039 3122 1077 ea
3161 1035 3284 1091 qua
3337 1021 3395 1076 in
3436 1020 3666 1075 Actibus

2081 1119 2442 1188 apostolorum
2468 1117 2734 1172 docentur
2762 1117 2830 1181 ",
2853 1117 2981 1184 quia
3012 1112 3252 1184 Spiritus
3283 1121 3522 1166 sanctus
3548 1119 3664 1163 tan.

2084 1226 2245 1279 quam
2289 1209 2484 1278 linguae
2510 1207 2682 1277 ignea:
2716 1207 2864 1260 venit
2891 1220 3056 1274 super
3088 1217 3540 1272 unumquemque
3571 1216 3665 1256 eo~

2085 1317 2236 1363 rum;
2278 1300 2360 1353 vel
2401 1309 2551 1354 certe
2595 1298 2736 1352 sicut
2781 1297 2836 1351 in
2875 1295 3172 1364 Evangelio
3205 1294 3491 1356 docemur,
3547 1307 3672 1345 cum

2086 1393 2198 1461 ipse
2232 1392 2482 1446 Salvator
2531 1403 2886 1461 posteaquam
2936 1386 3235 1442 resurrexit
3263 1403 3296 1440 a
3336 1386 3572 1450 mortuis
3607 1391 3677 1437 ad

2085 1483 2374 1552 discipulos
2411 1482 2594 1537 dixit:
2629 1501 2648 1532 ι
2686 1481 2934 1550 Accipite
2975 1479 3241 1548 Spiritum
3290 1487 3568 1538 sanctum,
3619 1487 3678 1530 et

2087 1574 2374 1628 insumavit
2403 1576 2456 1628 in
2489 1588 2813 1643 unoquoque
2855 1585 3046 1625 eorum
3077 1570 3146 1624 ³⁰.
3181 1587 3201 1620 θ
3234 1568 3395 1624 Unde
3429 1568 3560 1622 mihi
3591 1569 3677 1620 vi-

2089 1669 2244 1721 detur
2289 1667 2434 1736 quod
2485 1675 2540 1721 et
2575 1665 2784 1720 meritis
2814 1662 3180 1731 conquirantur
3223 1661 3330 1718 hoc
3358 1661 3592 1720 donum,
3621 1668 3682 1711 et

414 1753 634 1864 propter
661 1753 964 1855 ju'stit'iam,
991 1798 1010 1830 ι
1042 1777 1304 1847 Spiritum
1332 1771 1558 1833 Christi,
1598 1775 1654 1822 et
1681 1767 1980 1830 Christum,
2017 1769 2058 1829 Β
2090 1759 2212 1813 vitat
2241 1758 2551 1812 innocentia
2581 1765 2962 1820 conservetur,
3017 1762 3074 1808 et
3123 1753 3425 1820 unicuique
3477 1764 3680 1804 secun-

415 1856 470 1938 in
507 1856 610 1935 hoc
638 1878 758 1932 loco
791 1889 954 1927 unum
988 1869 1121 1925 mihi
1151 1877 1316 1936 atque
1359 1864 1501 1918 idem
1533 1859 1714 1914 dicere
1748 1856 1982 1911 videtur.

415 1975 470 2029 In
494 1986 604 2042 quo
629 1983 759 2037 ergo
781 1964 1029 2020 Christus
1062 1969 1164 2024 est,
1197 1959 1311 2028 ipse
1353 1953 1502 2018 dicit,
1549 1951 1674 2021 quin
1711 1969 1732 2000 σ
1770 1961 1986 2016 semper

418 2039 644 2119 mortem
666 2055 866 2114 Christi
893 2055 945 2109 in
969 2066 1198 2122 corpore
1221 2057 1410 2102 nostro
1435 2040 1868 2100 circuntlerimns
1882 2039 1982 2094 ⁸⁸.»

417 2154 561 2209 Mors
592 2160 773 2203 autent
805 2143 1020 2213 corpori
1083 2137 1287 2209 peccati
1321 2149 1508 2196 causa,
1547 2132 1597 2185 id
1626 2139 1730 2195 est,
1762 2143 1829 2182 ne
1862 2141 1988 2196 pec-

416 2253 526 2306 cet,
557 2237 873 2308 imponitur.
934 2232 1085 2299 Quod
1117 2229 1162 2284 si
1195 2239 1394 2294 corpus
1440 2229 1664 2292 peccato
1715 2229 1987 2274 mortuum

417 2345 528 2399 est,
560 2327 866 2386 necessario
901 2323 1126 2394 spiritus
1159 2320 1226 2374 ad
1275 2318 1577 2371 faciendam
1609 2313 1878 2384 justitiam
1910 2310 1992 2362 vi-

418 2424 516 2478 vit.
551 2421 653 2488 Qui
683 2418 827 2473 enim
862 2415 914 2469 iu
947 2399 1185 2483 corpore.
1217 2417 1464 2464 tuortuus
1507 2412 1610 2468 est,
1672 2417 1773 2457 nec
1819 2400 1990 2456 servit

421 2524 664 2588 peccato,
692 2521 917 2566 necesse
959 2515 1042 2560 est
1077 2515 1136 2558 ut
1173 2503 1226 2557 in
1255 2501 1447 2570 spiritu
1508 2497 1653 2550 vivat
1687 2503 1741 2550 et
1765 2493 1990 2588 iustitia-3

421 2579 646 2663 serviat.
700 2599 794 2657 Sic
824 2609 878 2654 et
909 2599 1049 2652 idem
1077 2592 1367 2665 Apostolus
1417 2590 1473 2645 itt
1503 2587 1735 2659 quodam
1793 2583 1912 2638 loco
1944 2579 1989 2613 "'

421 2699 554 2754 dicit
580 2693 871 2752 tradidisse
917 2703 976 2745 se
1020 2687 1304 2754 quemdam
1367 2682 1424 2737 in
1467 2678 1756 2734 interitum
1784 2671 1988 2735 carnis,

422 2799 481 2844 ut
510 2787 736 2856 spiritus
767 2780 950 2835 salvus
987 2778 1098 2830 ﬁat.
1135 2791 1156 2825 ‹
1203 2770 1356 2840 Quod
1401 2770 1445 2824 si
1498 2763 1872 2856 Spiritnsejus
1897 2761 1989 2856 qui

422 2851 706 2935 suscitavit
728 2869 914 2925 Iesum
943 2883 972 2921 a
1001 2862 1249 2929 mortuis,
1302 2860 1515 2916 habitat
1559 2859 1612 2913 in
1671 2855 1864 2920 vobis;
1897 2851 1991 2922 qui

422 2967 705 3026 suscitavit
732 2964 919 3020 Jesum
949 2957 1226 3016 Christum
1261 2969 1290 3008 a
1329 2948 1585 3016 mortuis,
1616 2946 1914 3002 viviﬁcabit
1939 2953 1993 3001 et

426 3059 676 3118 mortalia
703 3070 934 3126 corpora
963 3059 1138 3108 vestra
1169 3055 1389 3118 propter
1428 3041 1822 3098 lnhabitantem
1858 3037 1992 3108 Spi-

2092 1850 2218 1902 dttm
2249 1847 2546 1918 profectum
2575 1846 2702 1900 ﬁdei
2731 1856 2994 1914 augeatur
3021 1855 3075 1898 et
3123 1845 3348 1912 grauius;
3381 1851 3439 1896 et
3471 1850 3680 1909 quanto

2097 1941 2283 2008 purior
2320 1941 2500 1994 anima
2537 1939 2807 2002 redditur,
2841 1946 2991 1990 tanto
3018 1936 3222 2004 largior
3245 1937 3295 1990 ei
3319 1933 3563 2004 Spiritus
3587 1932 3682 1986 in-

2095 2033 2366 2087 fundatur.
2423 2031 2576 2097 Quod
2637 2039 2820 2084 autem
2877 2029 3048 2092 dixit,
3111 2050 3131 2079 ι
3169 2026 3288 2082 Non
3327 2023 3686 2096 permanebit

2095 2124 2333 2194 Spiritus
2357 2139 2509 2177 meus
2529 2124 2593 2198 in
2635 2122 2948 2176 hominibus
2975 2121 3113 2186 istis,
3147 2119 3278 2189 quia
3303 2133 3433 2174 caro
3460 2126 3616 2181 sunt,
3655 2132 3680 2168 ι

2096 2217 2222 2272 illuc
2256 2216 2474 2285 respicit
2505 2226 2585 2278 ut,
2620 2215 2878 2284 quoniam
2904 2213 3085 2266 anima
3113 2227 3323 2277 eorum,
3389 2210 3686 2280 repudiata

2096 2305 2333 2376 Spiritus
2371 2304 2660 2368 servitute,
2693 2303 2762 2357 ad
2791 2302 2974 2356 carnis
3023 2302 3246 2356 servitia
3291 2313 3352 2355 se
3402 2308 3519 2353 tota
3547 2313 3689 2352 con-

2096 2397 2276 2461 vertit,
2309 2395 2471 2465 592
2497 2397 2660 2450 etiam
2691 2395 2807 2464 ipsa
2835 2393 2954 2462 ejus
2978 2394 3064 2448 cui
3095 2408 3156 2448 se
3183 2391 3470 2461 conjunxit
3498 2391 3687 2458 carui,

2095 2497 2149 2542 et
2177 2503 2300 2542 eum
2334 2504 2439 2556 qua
2473 2503 2640 2542 unum
2673 2486 2868 2542 ell‘ecta
2905 2495 3012 2551 est,
3047 2500 3245 2540 nomen
3274 2483 3511 2553 accipiat
3539 2483 3688 2554 (Π).

2098 2578 2339 2634 ῡινετείε
2383 2593 2515 2648 ergo
2564 2579 2737 2633 modis
2788 2578 2975 2633 haberi
3025 2587 3202 2647 potest
3267 2576 3528 2647 Spiritus.
3578 2573 3690 2630 Vel

2099 2668 2340 2740 Spiritus
2387 2670 2592 2725 Christi
2630 2671 2886 2734 habetur.
2943 2671 3243 2725 secundum
3297 2670 3350 2722 id
3386 2668 3499 2739 (l8)
3529 2667 3690 2736 quod

2097 2775 2257 2828 supra
2313 2761 2570 2826 diximus,
2624 2779 2690 2816 ex
2753 2763 3113 2832 inspiratione
3162 2762 3370 2828 divina,
3404 2763 3496 2816 ubi
3544 2762 3632 2814 ait
3663 2776 3686 2814 :

2103 2867 2124 2903 ι
2147 2851 2388 2921 Accipite
2408 2851 2669 2920 Spiritum
2690 2862 2963 2919 sanctum,
2985 2862 3040 2907 et
3069 2851 3364 2906 insulil-avit
3389 2853 3442 2906 in
3464 2849 3686 2915 eis“;-~a

2098 2954 2152 2997 et
2187 2959 2401 2997 rursutn
2427 2959 2494 2998 eo
2515 2945 2674 2999 modo
2699 2961 2808 3015 quo
2850 2946 2902 2999 in
2936 2945 3160 3000 Actibus
3191 2944 3560 3014 apostolorum
3589 2945 3694 2999 di-

2099 3034 2240 3088 citur
2269 3044 2475 3103 gestum
2511 3035 2648 3105 (l9),
2706 3048 2763 3092 ut
2792 3038 3023 3092 diversis
3075 3037 3276 3106 linguis
3319 3036 3698 3105 loquerentur

428 3157 586 3210 ritum
625 3150 742 3218 ejus
782 3125 834 3202 in
880 3145 1052 3200 vobis.
1083 3161 1102 3194 ι
1135 3139 1398 3206 Quoniam
1453 3147 1616 3201 supra
1669 3131 1882 3185 dixerat
1925 3127 1992 3184 de
2016 3125 2060 3183 C
2093 3127 2422 3218 apostoli".
2458 3127 2556 3181 Est
2579 3137 2636 3182 et
2681 3129 2771 3183 ille
2805 3129 3018 3191 modus,
3055 3129 3144 3196 qui
3183 3128 3236 3183 in
3259 3126 3581 3198 Regnorum
3609 3126 3696 3182 Ii—

427 3248 513 3302 his
541 3244 633 3314 qui
663 3245 729 3297 ad
759 3235 1170 3296 similitudinem
1196 3229 1389 3285 mortis
1409 3223 1615 3280 Christi
1640 3234 1872 3291 corpora
1897 3233 1992 3274 sua

427 3308 756 3392 mort-ilicant
789 3342 855 3384 ne
912 3331 1156 3397 peccent,
1210 3315 1522 3374 necessario
1558 3326 1705 3368 nunc
1764 3308 1995 3364 mentio-

430 3443 550 3484 nem
579 3425 705 3478 facit
747 3421 865 3492 ejus
905 3418 997 3488 qni
1043 3410 1325 3470 suscitavit
1352 3406 1627 3462 Christum
1657 3417 1688 3458 ι
1739 3399 1993 3466 mortuis,

430 3533 487 3578 ut
511 3516 676 3576 simili
716 3513 874 3568 modo
898 3519 950 3565 et
976 3507 1089 3578 pari
1139 3505 1350 3558 ratione
1386 3514 1488 3569 qua
1519 3496 1634 3568 (l5)
1663 3492 1990 3550 commortui

429 3621 558 3669 sunt
578 3615 633 3663 et
655 3601 981 3672 consepulti,
1009 3597 1187 3652 sciant
1212 3611 1270 3649 se
1309 3607 1403 3662 per
1434 3589 1699 3658 Spiritum
1730 3583 1850 3655 ejus
1901 3583 1994 3651 qui

431 3698 712 3758 suscitavit
745 3694 927 3749 Jesum
957 3707 987 3744 a
1015 3686 1247 3743 mortuis
1272 3679 1629 3739 viviﬁcandos
1677 3689 1817 3738 esse,
1851 3683 1904 3727 et
1930 3672 1998 3725 ad

431 3790 630 3848 Christi
663 3784 1074 3844 similitudinem
1111 3773 1521 3832 resuscitandas
1571 3785 1600 3823 a
1653 3765 1903 3822 mortuis.
1933 3763 2002 3817 Et

429 3895 697 3955 quatenus
726 3879 778 3934 id
803 3879 895 3931 iiat
921 3871 1390 3939 ostendit,dicens
1416 3881 1431 3920 :
1475 3884 1494 3916 ι
1526 3862 1758 3931 Propter
1790 3857 2001 3955 limabi-

434 3948 637 4029 t-ante‘m
679 3969 941 4038 Spiritum
987 3965 1104 4032 ejus
1155 3964 1206 4015 in
1256 3961 1425 4014 vobis.
1479 3975 1497 4008 ι
1526 3955 1583 4009 Si
1629 3955 1772 4007 enim
1827 3948 2001 4018 Spiri-

435 4071 522 4114 tus
549 4055 755 4111 Christi
812 4053 1022 4106 habitat
1051 4051 1104 4102 in
1145 4049 1318 4110 vobis,
1371 4045 1736 4100 necessarium
1786 4041 1999 4093 videtur

435 4143 657 4216 Spiritui
721 4130 880 4194 reddi.
938 4139 1308 4192 habitaculum
1369 4151 1570 4197 suum,
1637 4131 2008 4200 templumque

434 4234 670 4292 restitui.
698 4232 872 4289 Velim
903 4242 1083 4285 tamen
1115 4231 1215 4284 hoc
1233 4229 1425 4297 ipsum
1459 4224 1576 4297 (ιι)
1631 4223 1777 4292 quod
1807 4222 2006 4276 dicitur

2101 3217 2216 3270 bris
2263 3217 2522 3283 refertur,
2573 3235 2697 3273 cum
2753 3220 2883 3274 dicit
2933 3218 3214 3288 Scriptura
3246 3237 3261 3273 :
3297 3238 3319 3271 ι
3355 3219 3424 3272 Et
3470 3218 3700 3274 insiluiﬂ

2101 3309 2343 3378 Spiritus
2372 3327 2536 3381 super
2565 3312 2718 3375 Sani,
2765 3323 2820 3366 ct
2855 3313 3025 3382 cmpit
3069 3313 3396 3382 prophetare
3422 3311 3488 3364 ⁸³.
3520 3331 3544 3363 s
3573 3309 3702 3367 Eat

2099 3409 2151 3453 ct
2187 3401 2276 3455 ille
2331 3403 2510 3457 adhuc
2539 3402 2678 3457 alius
2717 3405 2936 3468 modus,
2991 3414 3071 3469 ut,
3105 3419 3228 3456 cum
3284 3403 3530 3456 Salvator
3557 3411 3700 3472 post

2102 3492 2562 3546 resurrectionem
2595 3509 2718 3548 cum
2758 3494 2998 3560 Cleopha
3029 3504 3083 3548 et
3110 3494 3218 3548 alio
3268 3494 3535 3560 discipulo
3571 3495 3698 3550 iter

2102 3595 2268 3650 agens
2311 3591 2368 3636 et
2407 3584 2655 3650 aperiens
2699 3583 2779 3638 eis
2817 3582 3150 3651 Scripturas,
3205 3582 3395 3652 iguivit
3421 3580 3539 3652 (20)
3581 3597 3696 3638 eos

2099 3672 2292 3740 Spiritu
2333 3673 2447 3725 oris
2491 3673 2596 3737 sui,
2635 3673 2710 3728 ita
2759 3683 2815 3726 ut
2865 3673 2941 3728 illi
2975 3674 3220 3728 dicerent
3249 3688 3260 3721 :
3294 3691 3315 3724 ι
3355 3671 3546 3728 Nonne
3581 3689 3696 3728 cor

2102 3771 2344 3817 nostrum
2378 3773 2495 3818 erat
2526 3764 2728 3819 ardens
2751 3764 2892 3818 intra
2927 3779 3048 3830 nos,
3091 3779 3213 3818 cum
3251 3764 3484 3834 aperiret
3518 3765 3696 3820 nobis

2104 3852 2415 3923 Scripturns
2441 3855 2528 3908 ³⁵ἳ
2560 3875 2579 3908 ι
2615 3856 2710 3911 Vis
2756 3866 2936 3910 autem
2986 3857 3128 3912 scire
3173 3857 3298 3926 quia
3354 3873 3460 3912 non
3497 3858 3694 3913 solum

2102 3945 2260 4001 Jesus
2322 3945 2548 4014 loquens
2575 3947 2802 4002 tradidit
2827 3949 3177 4002 audientibus
3203 3949 3464 4018 Spiritum
3489 3965 3689 4016 mum,

2103 4039 2198 4091 sed
2224 4047 2278 4090 et
2301 4037 2394 4106 qui
2437 4039 2490 4090 in
2523 4038 2744 4092 nomine
2769 4037 2887 4107 ejus
2913 4038 3152 4108 loquitur
3177 4039 3400 4094 verbum
3425 4039 3545 4103 Dei,
3578 4049 3698 4093 tra-

2103 4127 2182 4181 dit
2207 4128 2550 4183 audientibus
2577 4130 2840 4197 Spiritum
2875 4131 3003 4183 Dei?
3053 4131 3190 4185 Vide
3221 4131 3274 4183 iu
3299 4130 3526 4185 Actibus
3547 4144 3694 4200 apo—

2103 4220 2366 4276 stolorum
2397 4221 2510 4292 (al)
2557 4224 2832 4292 quomodo
2873 4223 3133 4292 loquente
3165 4224 3330 4278 Petro
3373 4224 3439 4277 ad
3477 4223 3699 4278 Com-

504 4392 765 4448 ιιιιειιιι.
799 4387 970 4456 κ,58.
1041 4385 1160 4440 “ll
1203 4381 1544 4456 conlcto.
1617 4376 1705 4456 fit
1751 4375 1990 4456 Cor.v,.

2119 4373 2163 4404 ³⁸
2191 4373 2328 4456 99η,
2360 4391 2412 4430 τι
2437 4417 2451 4440 ,
2489 4376 2545 4431 3.
2621 4377 2665 4408 ¹⁹
2689 4377 2814 4431 Act.
2842 4393 2908 4442 ll,
2934 4375 2986 4428 5.
3068 4375 3112 4408 ³ο
3159 4371 3316 4433 Joan.
3360 4393 3425 4431 xx
3449 4420 3462 4440 .
3513 4378 3612 4432 Ἡ.

435 4465 480 4498 ³·
522 4445 776 4520 alii.“
823 4445 945 4516 Act.
1003 4473 1066 4523 ιι,
1103 4459 1157 4512 t.
1231 4453 1276 4486 ιι
1311 4445 1491 4523 ιιιεε.
1528 4466 1579 4516 ς,
1618 4450 1704 4503 ιο.
1780 4445 1974 4499 “Luc.

2105 4459 2156 4506 v,
2191 4445 2279 4498 5'2.

507 4597 618 4670 (ιθ)
640 4596 936 4670 Μεκιιηιηι
963 4595 1095 4670 1E}
1134 4593 1222 4670 hic
1247 4606 1374 4670 9!le
1395 4590 1539 4670 QPOd
1570 4587 1738 4670 ξῖίξίιί
1767 4583 1866 4670 ρυῖ
1895 4598 1999 4670 Ilo}!
2035 4562 2078 4616 θ
2114 4661 2125 4670 Ι
2166 4586 2292 4670 ’(17)
2316 4586 2484 4652 Alias,
2520 4605 2561 4668 ι.
2585 4585 2860 4670 ad‘raruis
2907 4584 3135 4666 servitia
3159 4593 3281 4670 ltqta
3310 4581 3684 4663 convertitur,

437 4658 612 4724 habet.
633 4667 892 4735 Spiritum
924 4658 1176 4721 'Cltristi.
1229 4683 1251 4716 ι
1285 4658 1484 4735 Deinde
1522 4659 1672 4723 editi,
1705 4675 1726 4709 ι
1767 4658 1867 4710 hoc
1896 4663 2000 4719 est,

438 4741 628 4794 eodem
664 4731 891 4805 Spiritu,
923 4754 942 4787 ι
973 4737 1198 4798 omisso,
1235 4752 1254 4805 ι
1285 4731 1375 4800 qui
1416 4745 1552 4805 non.
1581 4748 1598 4805 ξ

511 4807 624 4880 (li)
653 4800 744 4862 Sic
775 4821 874 4860 nts.
907 4822 1046 4880 unus
1069 4818 1123 4880 et
1155 4804 1430 4880 llahauus.
1463 4800 1601 4880 Editi
1630 4809 1774 4880 verti
1820 4803 2008 4880 etlege-

443 4863 545 4932 teri
603 4863 760 4940 iuss.,
813 4893 833 4926 ε
867 4884 922 4929 et
981 4876 1186 4944 Spiritu
1245 4874 1361 4944 ejus
1398 4866 1786 4944 amplectendo
1827 4884 1846 4916 ι
1879 4863 2002 4935 (aL,

448 4968 466 5000 ι
504 4946 827 5017 aperiendo;
863 4962 880 4994 ι
913 4940 1062 5017 al.,'t
1093 4941 1437 5017 appetendo),
1478 4940 1764 5017 adversum
1808 4949 2000 5017 pecca-

444 5008 578 5082 tuui,
611 5032 706 5084 pro
737 5008 821 5069 his
861 5008 1239 5082 omnibus-qui
1287 5008 1404 5084 non
1441 5023 1611 5084 usque
1647 5008 1712 5084 ad
1769 5015 2000 5058 mortem

443 5077 772 5157 ejns'v'cnire
805 5093 1055 5157 paratus,
1072 5077 1179 5137 non
1207 5091 1291 5136 est
1312 5081 1428 5157 ejus
1454 5077 1771 5157 discipulus.
1815 5093 1836 5127 ι

515 5155 626 5228 (ιζ)
655 5151 825 5228 Alias,
860 5172 881 5205 ς
917 5153 1150 5228 Spiritus
1171 5163 1347 5228 autem
1383 5151 1534 5204 vivit.
1573 5169 1594 5202 ι

516 5213 631 5297 (15)
682 5213 850 5285 Editi,
884 5243 902 5274 ι
940 5213 1016 5297 u't__
1063 5221 1418 5297 similitudine
1479 5229 1532 5297 et
1586 5217 1700 5286 pari
1751 5213 1999 5297 ratione,

445 5287 578 5367 qua,
613 5287 634 5348 ἰ
663 5303 924 5367 etc.',tnss.
949 5292 1172 5367 aliquot,
1209 5310 1229 5343 ‹
1267 5301 1326 5367 ut
1373 5291 1534 5346 simili
1566 5298 1622 5343 et
1649 5291 1762 5367 pari
1796 5287 2004 5367 ratione

446 5358 582 5434 qua;
623 5383 643 5418 ι
683 5364 779 5428 al.,
821 5380 840 5416 ι
897 5373 955 5434 ut
983 5358 1147 5434 simili
1193 5362 1358 5416 modo
1417 5375 1546 5434 quo,
1581 5378 1602 5411 δ
1641 5358 1845 5412 omissa
1891 5373 1912 5408 ε
1951 5362 2010 5408 et

445 5432 564 5505 pari
600 5436 830 5505 ratione.
861 5453 880 5486 δ
917 5432 1021 5488 Sed
1053 5433 1306 5487 Ilabanus
1336 5432 1476 5505 utin
1503 5440 1688 5505 nostro
1732 5435 1900 5505 textu.

519 5503 631 5574 (t4)
659 5503 1132 5573 Editi,perperatu,
1166 5520 1186 5554 ι
1220 5501 1454 5569 restitui,
1477 5500 1560 5558 vel
1586 5493 2012 5557 Jesuut.Tanten

446 5573 548 5642 hoc
577 5574 776 5642 ipsum,
816 5592 836 5623 ι
871 5582 979 5628 etc.

548 5641 630 5712 lii)
663 5641 826 5712 βαιῇ,
867 5658 887 5692 ι
922 5644 1150 5712 intuere.
1183 5659 1204 5695 θ

540 5705 622 5782 16)
654 5708 883 5779 Spiritus
905 5725 1070 5764 meus.
1107 5709 1310 5768 Desunt
1331 5709 1385 5766 itt
1437 5709 1591 5767 libris
1647 5717 1805 5764 antea
1829 5705 2008 5764 editis.

2108 4653 2223 4725 (all,
2316 4656 2589 4727 convertit
2621 4659 2671 4727 ι)
2709 4657 2873 4727 etiam
2907 4657 3018 4727 ipsa
3071 4656 3117 4707 ei
3153 4653 3340 4727 (sint
3367 4655 3478 4721 ipsa
3504 4654 3679 4727 655;)

2108 4722 2204 4788 al.,
2225 4743 2242 4776 t
2271 4726 2382 4794 ipse
2404 4725 2539 4796 ejus)
2567 4722 3032 4796 cui'sedcoujnnxit
3057 4722 3205 4796 carni
3235 4722 3391 4796 i(_;tl.,
3421 4741 3440 4773 ι
3467 4724 3685 4796 caute),

2109 4809 2163 4851 et
2188 4792 2308 4849 cum
2350 4792 2454 4864 qua
2486 4792 2652 4848 unum
2679 4794 2868 4848 elfecta
2907 4807 2989 4848 est
3014 4794 3131 4864 (aL,
3171 4811 3188 4842 ι
3228 4793 3456 4864 etfectus
3503 4802 3588 4845 cst
3631 4792 3687 4861 ι)

2112 4882 2216 4920 non
2276 4863 2502 4920 accedat
2543 4885 2562 4918 ι
2604 4865 2700 4928 al.,
2741 4883 2761 4914 ‹
2794 4880 2900 4917 non
2959 4863 3192 4927 acoedit,
3241 4883 3261 4915 ι
3291 4863 3388 4930 aL,
3427 4880 3448 4914 ι
3483 4878 3689 4915 nomen

2111 4937 2343 5004 accepit,
2381 4953 2399 4986 ο
2437 4934 2530 4998 aL,
2570 4955 2587 4986 ι
2623 4949 2816 4988 nomen
2845 4933 3062 5003 accipit.
3105 4953 3123 4983 ›

2181 5001 2294 5074 (18)
2331 5004 2426 5058 Ms.
2457 5022 2612 5062 unus.
2649 5022 2668 5055 ι
2709 5001 3121 5074 υἰίνεῖιςὶδθυιιέον
3165 5002 3342 5074 modis
3372 5001 3542 5072 accipi
3582 5013 3689 5070 po-

2109 5071 2219 5201 ti]:th
2268 5071 2505 5199 Spiritus
2541 5074 2658 5140 Dei,
2695 5073 2776 5129 vel
2815 5071 3048 5144 Spiritus
3099 5073 3345 5128 Christi:
3380 5071 3684 5128 secundum

2109 5163 2126 5201 ι
2170 5185 2184 5201 .
2219 5163 2238 5197 ι
2271 5161 2300 5198 e
2327 5161 2376 5200 c.

2109 5157 2184 5210 ιιι,
2219 5163 2238 5197 1
2271 5157 2376 5200 etc.

2181 5214 2292 5288 (l9)
2341 5215 2564 5288 Alias.)
2601 5213 2735 5267 dixit
2795 5223 3029 5282 gestum.
3086 5230 3108 5266 ι
3148 5207 3371 5274 Deinde,
3413 5229 3433 5264 ι
3469 5207 3562 5288 Ειῇ
3588 5209 3683 5264 illo

2112 5282 2403 5355 modoquo
2436 5286 2486 5338 in
2509 5283 2844 5355 Regnorum,
2876 5303 2894 5335 ι
2924 5295 3053 5355 etc.,
3083 5293 3137 5337 et
3165 5293 3375 5352 postea,
3412 5300 3441 5355 ε
3466 5292 3519 5355 et
3548 5282 3684 5334 item

2113 5357 2290 5412 adhuc
2315 5350 2428 5410 alio
2453 5350 2634 5419 modo,
2670 5363 2730 5408 ut
2761 5369 2887 5408 cum
2922 5350 3193 5420 Salvator,
3219 5371 3240 5404 ι
3271 5363 3375 5409 etc.
3409 5350 3518 5406 Sed
3543 5363 3682 5406 mss.

2114 5428 2220 5482 duo
2249 5436 2306 5480 ut
2339 5425 2392 5478 in
2425 5435 2611 5478 nostro
2654 5434 2827 5478 textu.

2188 5496 2298 5567 (20)
2325 5494 2488 5567 aditi,
2518 5492 2808 5567 ιὲξιίίιειιιίιζ
2831 5514 2850 5548 ι

2189 5559 2509 5638 (ΞΟΕάἰιίο
2543 5563 2744 5638 Veneta
2775 5562 3086 5638 Salodiani_,_
3107 5579 3126 5614 ι
3153 5559 3318 5638 _l_Jnde
3372 5561 3686 5638 itt_Actibt_n

2117 5628 2486 5704 apostolorum
2537 5636 2950 5705 conscripsisse.
2991 5653 3011 5686 ι
3042 5633 3322 5705 Merliuus,
3374 5648 3393 5680 ι
3435 5628 3592 5705 _Unde
3628 5631 3683 5705 i_n

2117 5697 2348 5761 A'ctibus
2373 5697 3019 5772 apostolormu'hahetur.
3063 5722 3083 5756 θ
3134 5701 3538 5757 Genebrardus.
3569 5719 3589 5750 ι
3629 5697 3685 5749 In
