3986 6206
322 332 467 386 Ἡσι

1294 325 1651 382 COMMENT.
1695 324 1759 379 lN
1800 322 2017 380 EPIST.
2066 327 2157 380 AD
2193 327 2361 384 ROM.
2399 328 2527 387 LIB.
2567 330 2652 386 Vl.

3457 340 3587 395 Hii:

330 448 460 500 Iinnt
506 446 742 517 repletur
768 430 971 513 Spiritu
1001 455 1189 499 sancto
1233 447 1345 515 ipse
1383 446 1691 506 Cornelius,
1737 454 1792 499 et
1821 444 1910 515 qui
1942 450 1986 504 Α
2017 448 2205 502 carnis
2237 449 2521 506 desideriis
2572 452 2872 519 indulgere.
2911 452 2966 505 Ιιι
3019 455 3119 506 hoc
3150 471 3279 520 ergo
3310 467 3467 521 negat
3495 476 3591 512 nos

326 557 450 593 cum
488 558 552 593 eo
574 550 730 594 erant
760 542 823 592 ³⁸.
852 540 1007 596 Unde
1037 550 1088 594 ei
1123 551 1176 593 tu
1204 541 1245 594 si
1279 541 1519 608 loquaris
1548 540 1662 610 (ΞΕ)
1689 542 1912 598 verbum

331 634 446 697 Dei,
487 646 536 687 et
576 634 817 703 loquaris
864 635 1094 690 fideliter
1123 651 1189 689 ex
1220 638 1551 690 conscientia
1603 653 1762 705 pura,
1813 650 1915 691 nec

326 726 445 792 ipse
480 727 833 793 redarguaris
865 742 931 780 ex
965 727 1144 781 verbis
1171 728 1278 783 luis
1308 729 1460 797 quasi
1492 730 1583 798 qui
1631 728 1788 783 aliter
1816 732 1913 782 do-

324 832 458 872 ceas
486 827 541 873 et
569 818 731 875 aliter
760 833 910 889 agas,
947 827 1125 887 potest
1160 820 1276 875 ﬁeri
1311 830 1367 873 ut
1396 821 1650 890 loquente
1680 833 1731 877 te
1757 824 1909 877 audi-

318 920 505 969 torum
532 911 696 967 corda
726 912 902 967 sancti
927 911 1164 979 Spiritus
1196 913 1336 982 ignis
1361 913 1677 978 inﬂammet,
1710 926 1764 969 et
1789 932 1915 971 cou-

328 1004 481 1058 linuu
510 1005 895 1063 concalescant
938 1005 1052 1071 (23)
1103 1014 1160 1060 et
1186 1006 1417 1063 ardeant
1466 1008 1534 1061 ad
1588 1008 1907 1072 complenda

323 1098 576 1153 universa
613 1114 735 1166 qua:
762 1100 952 1162 doces,
983 1110 1039 1151 ut
1073 1100 1233 1154 rebus
1261 1100 1521 1168 impleant
1546 1115 1669 1171 quae
1695 1116 1909 1154 sermo-

322 1189 486 1243 nibus
516 1189 821 1253 didicerint,
853 1198 909 1253 et
944 1208 963 1241 ι
1001 1205 1121 1258 qure
1151 1206 1368 1247 sursum
1410 1201 1539 1249 sunt
1580 1211 1599 1243 ι
1631 1202 1907 1260 qumraut,

314 1304 349 1329 -ι
383 1280 471 1333 ubi
502 1281 751 1337 Christus
771 1290 855 1334 est
884 1282 935 1334 in
963 1282 1187 1337 dextera
1222 1281 1312 1335 Dei
1358 1282 1555 1338 sedens
1583 1297 1598 1335 :
1640 1299 1763 1353 qua:
1788 1300 1908 1335 sur-

322 1387 445 1425 Sum
496 1381 621 1427 sunt
662 1390 682 1425 ι
728 1372 966 1442 sapiant,
995 1392 1014 1425 ι
1051 1389 1156 1429 non
1184 1388 1305 1443 qua:
1338 1388 1502 1444 super
1545 1384 1744 1431 terram
1777 1376 1842 1427 ³⁸.
1884 1394 1903 1429 ι

322 1466 433 1521 Sed
458 1477 512 1522 et
540 1469 620 1523 sie
658 1471 1029 1540 unusquisque
1062 1471 1264 1526 habere
1291 1472 1345 1525 iu
1375 1487 1436 1527 se
1489 1472 1755 1541 probatur
1784 1473 1908 1542 Spi-

327 1560 488 1613 ritum
515 1561 739 1616 Christi.
787 1561 1038 1618 Christus
1080 1563 1351 1633 sapientia
1392 1574 1477 1619 est
1520 1582 1535 1618 :
1569 1565 1615 1621 si
1672 1567 1742 1620 sit
1784 1566 1909 1633 quis

325 1650 547 1719 sapiens
570 1653 865 1707 secundum
913 1651 1226 1718 Christum,
1263 1661 1320 1708 et
1365 1669 1485 1722 qua}
1532 1655 1737 1711 Christi
1778 1665 1908 1713 sunt

324 1743 523 1811 sapiat,
552 1742 717 1798 habet
746 1744 797 1798 in
830 1760 1005 1815 seper
1026 1747 1349 1814 sapientiam
1380 1747 1647 1817 Spiritum
1676 1748 1900 1805 Christi.

323 1832 580 1888 Christus
593 1832 803 1900 justitia
835 1844 921 1889 est
952 1853 965 1889 :
1014 1836 1059 1891 si
1094 1837 1219 1905 quis
1244 1837 1441 1891 habeat
1473 1838 1526 1891 in
1553 1853 1611 1893 se
1636 1838 1902 1907 justitiam

322 1924 546 1987 Christi,
599 1943 696 1996 per
739 1927 1003 1997 justitiam
1041 1930 1205 1985 habet
1237 1929 1354 1998 (‘2‘)
1406 1932 1458 1985 iu
1516 1947 1578 1985 se
1636 1932 1904 2002 Spiritum

316 2018 551 2072 Christi.
581 2017 828 2073 Christus
862 2034 960 2088 pax
991 2029 1074 2074 est
1101 2036 1118 2075 :
1155 2021 1199 2076 si
1230 2021 1354 2092 quis
1396 2022 1596 2077 habeat
1642 2024 1695 2079 iu
1723 2039 1786 2079 se
1812 2040 1905 2096 pa-

315 2125 446 2164 cem
476 2110 701 2173 Christi,
734 2126 832 2180 per
876 2111 1138 2181 Spiritum
1171 2115 1321 2182 pacis
1347 2115 1513 2171 habet
1552 2116 1606 2170 in
1640 2131 1700 2172 se
1728 2116 1906 2187 Spiri-

328 2212 444 2255 tum
485 2199 711 2255 Christi.
740 2200 831 2259 Sic
858 2212 915 2257 et
943 2204 1297 2269 charitatem,
1325 2205 1405 2260 sic
1429 2216 1483 2260 et
1510 2206 1906 2263 sanctiﬁcatio-

325 2304 473 2357 nem,
503 2290 584 2345 sic
614 2300 668 2347 et
694 2291 908 2361 singula
944 2307 1193 2361 quaeque,
1232 2309 1354 2362 quae
1376 2293 1639 2350 Christus
1667 2311 1787 2352 esse
1824 2299 1905 2351 div

326 2383 470 2439 citur
498 2384 587 2453 qui
618 2384 797 2445 habet,
846 2385 934 2441 hic
963 2384 1225 2456 Spiritum
1252 2385 1458 2442 Christi
1490 2388 1605 2459 (25)
1634 2389 1688 2445 in
1722 2406 1779 2446 se
1810 2392 1907 2447 ha-

319 2472 455 2529 bere
481 2473 786 2527 credendus
812 2485 914 2533 est.
939 2484 995 2529 et
1024 2488 1248 2544 sperare
1280 2476 1423 2541 quod
1456 2477 1683 2532 mortale
1708 2494 1907 2551 corpus

316 2577 483 2620 suout
516 2564 884 2619 viviﬁcabitur
908 2574 1130 2634 propter
1178 2564 1570 2622 inhabitantetu
1600 2567 1656 2623 in
1692 2583 1752 2624 se
1780 2569 1904 2637 Spi-

324 2657 493 2710 ritum
521 2656 744 2711 Christi.

393 2746 486 2800 is.
522 2765 543 2798 ι
582 2748 739 2816 Ergo,
793 2746 1015 2811 fratres,
1065 2748 1340 2805 debitores
1389 2764 1597 2816 sumus,
1630 2767 1734 2807 non
1782 2768 1903 2811 car-

320 2841 428 2902 nis,
467 2848 527 2895 ut
550 2842 847 2894 secundum
878 2856 1102 2895 carnem
1133 2842 1397 2895 vivnuus.
1436 2843 1492 2897 Si
1528 2843 1676 2899 enim
1704 2860 1903 2899 secun-

322 2933 448 2984 dum
476 2946 704 2985 carnem
735 2932 1005 2993 vixeritis,
1040 2932 1347 2987 moriemini
1378 2949 1392 2998 ;
1426 2934 1473 2990 si
1503 2944 1684 2989 autem
1713 2935 1902 3002 spiritu

320 3034 478 3078 actus
506 3024 688 3077 carnis
712 3023 824 3092 (26)
866 3022 1225 3089 utortilicetis,
1256 3024 1451 3079 vivetis
1486 3024 1552 3078 ³⁷.
1591 3045 1611 3077 ι
1640 3025 1901 3094 Spiritum

314 3114 525 3169 Christi
562 3113 806 3167 habitare
853 3113 904 3167 in
954 3113 1129 3176 nobis,
1180 3122 1237 3168 et
1271 3114 1411 3169 dona
1448 3113 1691 3183 Spiritus
1742 3116 1903 3170 nobis
1931 3144 1975 3202 ε

312 3206 544 3271 collata,
580 3205 832 3274 superius
875 3205 1077 3260 docuit.
1121 3203 1540 3275 Consequenter
1586 3220 1721 3273 ergo
1755 3222 1901 3263 nunc

319 3298 469 3353 addit
495 3297 620 3366 quia
654 3315 673 3349 ι
715 3296 988 3351 debitores
1032 3310 1241 3359 sumus,
1282 3313 1301 3347 ι
1338 3310 1529 3351 eorum
1580 3297 1703 3351 sine
1734 3296 1900 3351 dubio

314 3403 442 3458 quae
469 3406 497 3441 a
523 3388 729 3457 Spiritu
780 3386 982 3442 Christi
1033 3388 1311 3442 consecuti
1342 3401 1552 3443 srunus.
1584 3406 1603 3438 ι
1639 3386 1837 3442 Carnis
1875 3409 1893 3438 ο

321 3486 528 3543 autem,
565 3478 758 3547 inquit,
792 3495 813 3528 ι
850 3477 1128 3533 debitores
1155 3491 1258 3531 non
1295 3493 1506 3533 sumus.
1555 3496 1575 3529 ι
1606 3477 1724 3532 Non
1752 3482 1897 3531 euitu

314 3578 608 3639 propterea
665 3585 763 3627 nos
811 3570 938 3624 fecit
988 3569 1128 3624 Deus
1167 3571 1235 3623 ad
1290 3569 1581 3638 imaginem
1621 3584 1799 3636 suam,
1842 3581 1898 3621 ut

320 3663 505 3716 carnis
532 3662 755 3719 servitio
788 3677 1034 3716 essemus
1056 3660 1297 3723 obnoxii,
1335 3662 1430 3717 sed
1461 3660 1641 3729 potius
1666 3669 1722 3715 ut
1745 3677 1900 3717 erea-

324 3754 427 3807 tori
466 3769 565 3808 suo
588 3756 767 3809 anima
802 3752 1136 3817 deserviens,
1159 3753 1510 3819 ipsaservitio
1539 3768 1605 3808 ac
1646 3754 1897 3811 ministe-

317 3847 408 3899 rio
448 3847 630 3900 carnis
685 3856 946 3899 uteretur.
1004 3844 1111 3901 Sed
1169 3846 1400 3900 fortasse
1447 3846 1597 3900 dicat
1643 3847 1895 3918 aliquis:

315 3937 604 4002 Quomodo
630 3939 815 3993 carnis
862 3955 970 3992 non
1024 3953 1213 3991 smnus
1240 3937 1532 4004 debitores,
1559 3954 1684 3993 cum
1712 3952 1769 3996 et
1820 3943 1901 3996 vi-

314 4039 469 4083 etum
512 4030 560 4084 ei
602 4040 662 4084 et
696 4030 1070 4084 indumentum
1098 4030 1383 4099 providere
1415 4040 1623 4087 natura)
1651 4034 1898 4088 necessi—

314 4131 435 4177 tate
460 4121 761 4187 cogamur?
810 4122 917 4175 Sed
971 4133 1028 4175 ut
1077 4121 1330 4175 ostendat
1359 4137 1461 4174 non
1504 4122 1655 4177 carni
1684 4122 1892 4190 aliquid

318 4213 592 4277 conferre,
643 4213 735 4267 sed
772 4214 943 4281 ipsam
978 4212 1140 4267 vitam
1168 4211 1322 4266 carni
1373 4212 1686 4281 mancipare
1710 4213 1897 4282 culpa-

319 4308 428 4362 bile
453 4307 662 4373 haberi,
688 4307 807 4361 ideo
829 4305 975 4358 addit
1002 4320 1014 4356 :
1051 4322 1069 4353 ι
1102 4303 1157 4357 Si
1182 4304 1325 4357 enim
1350 4304 1648 4359 secundum
1676 4319 1895 4360 carnem

320 4399 590 4465 vixerit'ts,
627 4396 952 4453 moriemini.
987 4416 1005 4447 ι
1040 4394 1183 4461 Quid
1227 4404 1410 4449 autent
1458 4395 1529 4449 sit
1556 4396 1672 4461 (27)
1701 4412 1897 4451 secun-

2021 554 2143 593 esse
2170 542 2349 597 carnis
2373 542 2666 606 debitores,
2694 542 2827 595 sicut
2860 552 2914 595 et
2940 542 3062 595 alibi
3093 543 3221 596 dicit
3256 561 3268 596 :
3310 563 3327 594 ι
3370 544 3438 598 Ει
3466 560 3589 599 car-

2022 630 2108 682 nis
2140 645 2322 683 curam
2354 646 2423 684 ne
2458 630 2693 684 feceritis
2733 632 2783 684 in
2816 632 3269 700 concupiscentiis
3304 633 3347 664 ³⁸
3381 635 3491 707 (9.8)
3522 652 3533 687 :
3570 654 3589 687 ι

2020 739 2123 775 non
2158 724 2340 791 utique
2371 738 2574 793 negans
2610 739 2797 777 curam
2848 725 3031 779 carnis
3080 725 3379 779 habendam
3413 730 3463 781 in
3499 747 3595 785 ne.

2016 815 2299 876 ccssariis.
2350 816 2442 869 sed
2497 814 2550 869 in
2599 817 3076 884 concupiscentiis.
3108 815 3181 872 Ita
3226 834 3353 888 ergo
3390 830 3447 874 et
3482 822 3590 885 hic,

2024 929 2042 959 ι
2105 907 2162 961 Si
2210 907 2378 969 enim,
2443 908 2636 977 inquit,
2700 910 2996 963 secundum
3052 925 3271 966 carnem
3322 913 3592 976 vixerit's,

2018 1000 2347 1057 moriemini.
2391 1022 2407 1050 ο
2444 1000 2506 1053 Et
2553 1000 2742 1055 addit:
2783 1020 2800 1051 ι
2845 1001 2900 1055 Si
2950 1013 3129 1059 autem
3186 1004 3382 1075 spiritu
3435 1018 3589 1063 actus

2014 1095 2197 1151 carnis
2231 1093 2715 1155 mortilicaverizis.
2776 1094 2970 1150 viretis
3012 1093 3149 1167 (29).
3195 1115 3214 1148 ι
3258 1098 3320 1152 Ει
3370 1099 3436 1152 de
3490 1100 3591 1153 hoc

2009 1188 2120 1255 iam
2153 1202 2316 1256 supra
2349 1187 2555 1245 dictum
2604 1196 2688 1241 est
2716 1186 2782 1251 ³⁹,
2816 1188 3087 1255 quomodo
3120 1204 3319 1258 corpus
3370 1193 3590 1260 quidem

2015 1286 2290 1340 mortuum
2326 1293 2451 1339 esse
2472 1278 2668 1333 debeat
2695 1288 2917 1347 propter
2949 1289 3191 1346 peccata,
3214 1282 3441 1350 spiritus
3465 1299 3592 1337 vero

2016 1371 2122 1423 vita
2150 1379 2377 1440 propter
2417 1368 2887 1440 justiﬁeatiouem.
2951 1370 3055 1437 Qui
3106 1387 3241 1443 ergo
3284 1375 3590 1428 secundum

2012 1462 2265 1531 Spiritum
2294 1476 2460 1528 agens
2483 1461 2777 1516 mortiﬁcat
2800 1473 2955 1517 actus
2976 1465 3180 1530 carnis,
3206 1465 3348 1520 vivet
3372 1476 3593 1536 propter

2013 1554 2413 1607 inhabitantem
2441 1554 2495 1607 iu
2524 1569 2585 1608 se
2608 1554 2863 1621 spiritum
2889 1555 3036 1608 vitat.
3082 1554 3372 1610 Mortilicat
3407 1567 3589 1614 autem

2010 1645 2133 1714 quis
2164 1657 2317 1700 actus
2349 1646 2532 1699 carnis
2561 1646 2663 1699 hoc
2716 1647 2900 1701 uredo.
2936 1646 3166 1705 Fructus
3223 1658 3307 1703 est
3353 1650 3593 1721 Spiritus

2011 1737 2252 1793 Charitas
2277 1737 2344 1801 δ’,
2376 1737 2561 1792 odium
2617 1736 2800 1789 carnis
2852 1747 2939 1791 cst
2983 1747 3138 1791 actus
3171 1757 3184 1792 :
3222 1743 3405 1797 odium
3460 1759 3594 1814 ergo

1940 1806 1982 1860 Β
2015 1842 2109 1895 per
2136 1825 2464 1881 charitatem
2519 1827 2878 1883 tuortiiiratur
2908 1839 2961 1882 et
3020 1832 3405 1902 exstinguitur.
3443 1806 3591 1891 Gai:-

2014 1918 2165 1972 dium
2197 1916 2450 1973 similiter
2500 1916 2707 1973 fructus
2755 1931 2839 1975 cst
2890 1922 3152 1989 spiritus,
3210 1925 3432 1981 tristitia
3460 1944 3592 1983 vero

2011 2008 2176 2078 hujus
2199 2008 2410 2071 sweuli,
2457 2025 2579 2078 quae
2631 2020 2858 2064 mortem
2905 2024 3169 2081 operatur
3192 2013 3263 2081 “,
3291 2019 3477 2075 carnis
3507 2033 3593 2077 est

2010 2111 2212 2153 actus:
2244 2099 2356 2155 haec
2403 2114 2533 2168 ergo
2557 2103 2941 2167 exstinguitur,
2990 2104 3034 2158 si
3070 2105 3143 2159 sit
3178 2107 3233 2159 in
3264 2109 3422 2162 nobis
3458 2126 3593 2177 gau-

2008 2190 2157 2249 dium
2192 2192 2437 2260 Spiritus.
2482 2192 2590 2247 Pax
2638 2192 2846 2251 fructus
2906 2202 2987 2249 est
3020 2194 3278 2262 spiritus;
3319 2199 3590 2255 dissensio

2009 2290 2065 2335 et
2086 2280 2361 2336 discordia
2391 2283 2580 2341 carnis
2626 2293 2711 2339 est
2756 2292 2908 2338 actus
2940 2308 2950 2338 λ
2989 2287 3082 2339 sed
3119 2298 3325 2341 certum
3358 2300 3443 2345 est
3488 2293 3593 2345 dis-

2010 2372 2252 2427 cordiam
2281 2372 2603 2427 mortiﬁcari
2628 2387 2788 2440 posse
2813 2388 2909 2442 per
2931 2390 3140 2442 pacem.
3166 2376 3259 2433 Sic
3288 2387 3343 2434 et
3374 2380 3589 2449 patien-

2015 2464 2091 2517 tia
2129 2462 2378 2532 spiritus,
2414 2463 2809 2531 impatientiam
2870 2465 3054 2521 carnis
3104 2467 3217 2538 (50)
3266 2472 3586 2543 exstinguit,

2006 2565 2065 2609 et
2098 2554 2317 2609 bonitas
2376 2554 2642 2610 malitiam
2697 2556 2933 2624 perimit,
2987 2566 3042 2611 et
3092 2563 3453 2617 mansuetudo
3507 2564 3588 2619 fe-

2013 2646 2217 2700 rociam
2247 2685 2263 2708 ,
2328 2656 2383 2701 et
2443 2647 2789 2702 continentia
2846 2648 3319 2719 intemperantiam
3372 2652 3532 2725 (51)
3567 2693 3585 2719 .

2007 2738 2168 2809 593
2196 2748 2249 2793 et
2279 2740 2503 2793 castitas
2522 2738 2918 2809 impudicitiam
2941 2748 3122 2807 necat,
3157 2741 3359 2811 talique
3380 2746 3573 2799 ordine

2007 2834 2098 2900 qui
2132 2845 2230 2900 per
2261 2830 2518 2900 spiritum
2562 2838 2718 2886 actus
2753 2831 2935 2886 carnis
2982 2832 3393 2889 mortiﬁcaverit
3443 2836 3583 2908 (52).

2007 2923 2177 2979 vivet.
2211 2922 2534 2979 intuendum
2565 2936 2698 2977 sane
2726 2930 2833 2987 est,
2860 2922 3005 2991 quod
3044 2924 3187 2979 sicut
3214 2935 3446 2982 mortem
3480 2944 3588 2983 non

2006 3015 2168 3075 istam
2188 3029 2561 3079 communem,
2587 3015 2683 3069 sed
2718 3015 2864 3068 illam
2889 3016 3091 3083 peccati
3122 3015 3277 3083 dicit,
3309 3037 3328 3069 ι
3354 3018 3411 3074 Si
3444 3022 3585 3074 (unm

2008 3105 2310 3161 scentulum
2356 3118 2581 3159 carnem
2648 3104 2918 3169 vixeritis,
2971 3106 3348 3169 moriemini,»
3411 3110 3484 3161 ita
3531 3122 3589 3163 et

2012 3198 2175 3252 vitam
2212 3212 2319 3251 non
2354 3197 2499 3250 hanc
2538 3211 2910 3259 couununem,
2941 3199 3036 3251 sed
3069 3196 3217 3251 illam
3260 3199 3392 3252 dicit
3427 3211 3587 3254 auer-

2008 3304 2133 3343 uam
2157 3326 2173 3353 ,
2201 3290 2268 3341 ad
2301 3304 2466 3358 quam
2516 3290 2797 3357 perveniet
2841 3293 3020 3343 omnis
3052 3290 3145 3357 qui
3174 3292 3470 3345 secundum
3520 3307 3585 3346 ea

2006 3397 2131 3452 quae
2152 3396 2315 3450 supra
2347 3382 2720 3451 exposuimus,
2757 3380 3032 3451 perfectus
3055 3383 3249 3452 spiritu
3285 3384 3583 3439 tuortiﬁca-

2009 3474 2149 3528 verit
2186 3471 2298 3543 (33)
2330 3484 2485 3526 aetus
2514 3473 2719 3527 carnis.
2749 3474 2853 3526 Sed
2877 3482 2928 3526 et
2959 3473 3090 3527 iiiud
3119 3474 3262 3529 scire
3298 3475 3584 3540 debemus,

2006 3564 2151 3635 quod
2205 3565 2306 3617 ista
2362 3563 2709 3618 mortiﬁcatio
2766 3575 2981 3617 actuum
3011 3564 3195 3619 carnis
3232 3580 3325 3632 per
3373 3567 3586 3634 patien-

2012 3655 2139 3708 tiam
2174 3653 2294 3717 ﬁat,
2322 3662 2377 3707 et
2407 3667 2513 3707 non
2541 3654 2608 3706 ad
2638 3654 2903 3719 subitum,
2947 3656 3039 3707 sed
3078 3655 3359 3722 paulatim.
3406 3655 3583 3708 Primo

2007 3734 2362 3813 languescere
2381 3758 2473 3796 eos
2498 3759 2720 3797 necesse
2754 3753 2837 3797 est
2864 3745 2916 3797 in
2936 3744 3020 3797 his
3044 3744 3139 3812 qui
3160 3745 3419 3813 incipiunt
3443 3746 3578 3815 (54);

2011 3846 2126 3889 tum
2160 3835 2353 3889 deinde
2394 3850 2518 3891 cum
2579 3836 2862 3890 at-deutius
2899 3835 3165 3903 proiicere
3202 3836 3496 3904 coaperiut,
3528 3850 3583 3890 et

2008 3927 2404 3981 abundantiore
2432 3926 2630 3993 Spiritu
2669 3926 2863 3995 repleri
2891 3965 2906 3989 ,
2941 3936 3097 3982 actus
3131 3928 3315 3980 carnis
3344 3942 3450 3980 non
3488 3944 3581 3983 so-

2009 4018 2121 4072 lum
2156 4018 2527 4089 languescere,
2582 4020 2677 4073 sed
2718 4029 2771 4074 et
2800 4020 3082 4077 tabescere
3147 4019 3407 4088 incipient
3443 4033 3460 4072 :
3493 4023 3580 4075 ubi

2011 4124 2139 4164 vero
2168 4108 2235 4164 ad
2260 4110 2566 4179 perfectum
2597 4110 2708 4177 jam
2747 4111 3018 4175 venerint,
3050 4110 3124 4164 ita
3150 4121 3207 4163 ut
3238 4111 3379 4163 uulia
3420 4112 3472 4166 in
3504 4116 3582 4168 eis

2008 4216 2230 4272 prorsus
2261 4200 2343 4255 vel
2374 4202 2426 4255 in
2467 4203 2637 4264 facto,
2680 4201 2763 4257 vel
2820 4203 2870 4262 in
2904 4203 3069 4266 dicto,
3109 4204 3187 4258 vel
3239 4204 3291 4256 iu
3343 4207 3582 4273 cogitatu

2006 4293 2218 4361 peccati
2260 4292 2509 4347 oriantur
2555 4292 2774 4358 iudicia,
2832 4301 2962 4346 tunc
2990 4294 3153 4361 plane
3188 4302 3343 4349 actus
3396 4297 3582 4349 carnis

2009 4380 2120 4454 (235)
2156 4385 2537 4447 mortiﬁcasse,
2576 4393 2635 4437 et
2672 4385 2739 4438 ad
2775 4386 3045 4453 integrum
3084 4386 3243 4441 morti
3280 4387 3581 4441 tradidisse

315 4491 447 4544 dum
480 4505 700 4545 carnem
756 4487 937 4545 vivere
966 4502 1108 4554 sepe
1131 4485 1242 4553 jam
1271 4487 1477 4539 dictum
1527 4496 1632 4542 est.
1676 4488 1789 4544 Hoc
1812 4503 1897 4545 est
1932 4497 1972 4550 ι)
2007 4480 2261 4533 θεωροίη
2288 4489 2438 4531 80M-

393 4654 439 4687 ³⁸
468 4655 586 4707 Act.
618 4668 671 4715 κ.
706 4652 794 4706 44.
874 4651 918 4683 ⁸⁸
946 4650 1152 4705 Coloss.
1190 4665 1271 4715 ut,
1308 4651 1353 4713 Ι,
1383 4648 1439 4702 2.
1514 4652 1554 4681 ³⁷
1583 4650 1739 4706 Rom.
1765 4668 1884 4720 vui,

2040 4652 2119 4703 13.
2199 4647 2243 4680 ³⁸
2261 4644 2420 4699 Rom.
2445 4658 2565 4707 xm,
2600 4642 2686 4695 H.
2736 4604 2809 4671 .³’
2837 4640 2993 4695 ιιοιη.
3020 4654 3140 4706 vm,
3171 4640 3250 4695 l0.
3330 4639 3375 4672 ⁵³
3400 4641 3575 4697 Galat.

320 4741 374 4794 ν,
396 4724 489 4780 22.
564 4724 608 4755 ⁸⁸
634 4724 673 4777 ll
705 4723 829 4777 Cor.
851 4736 945 4774 vn.
986 4722 1061 4774 l0.

318 4863 546 4919 Actibus
605 4860 974 4930 apostolorum
1009 4858 1262 4913 habetur.
1299 4878 1315 4909 ι
1373 4856 1479 4912 Sed
1525 4858 1728 4913 reetius
1762 4876 1892 4914 IIISS.

321 4933 577 4990 nostri‘ut
606 4933 661 4985 in
690 4940 879 4985 nostro
906 4937 1081 4982 textu.

413 5004 506 5067 22)
537 5001 703 5064 Editi,
729 5020 748 5052 ι
793 4999 1052 5067 loqueris.
1088 5016 1107 5049 ι

414 5004 483 5058 22
537 5004 703 5064 Editi,
729 5020 748 5052 ι
793 5004 1052 5067 loqueris.
1088 5016 1107 5049 ι

414 5004 507 5144 25)
563 5071 727 5144 Editi,
764 5087 793 5144 _«
856 5068 1271 5132 conralescant;
1309 5085 1328 5120 ι
1380 5078 1497 5122 tum
1532 5065 1696 5137 paulo
1752 5075 1893 5134 post,

325 5161 344 5195 ι
380 5139 435 5199 et
466 5139 626 5198 rebus
652 5139 935 5210 impleant.
971 5157 989 5210 ι

400 5212 512 5285 (24)
544 5205 757 5285 Ειιῇιί.ξ‹
903 5209 1025 5285 quis
1052 5206 1214 5261 habet
1257 5208 1312 5262 in
1362 5221 1423 5262 se
1474 5205 1763 5276 justitiam,
1796 5220 1895 5274 per

320 5278 584 5354 iusiitiaru
603 5279 816 5354 Christi
851 5278 1029 5354 habet,
1044 5346 1056 5354 .
1074 5296 1093 5328 ι
1124 5287 1233 5331 etc.

392 5352 504 5424 (25)
539 5351 710 5424 Editi,
747 5357 859 5424 ret
883 5346 1092 5424 singula
1128 5344 1742 5424 quau-anquechristus
1773 5357 1894 5399 esse

318 5416 550 5489 dicitur,
579 5421 671 5492 qui
702 5419 865 5475 habet
894 5418 1029 5482 hac,
1062 5416 1326 5492 Spiritum
1353 5417 1581 5492 Christi,
1619 5435 1638 5468 ι
1677 5425 1786 5492 etc:

393 5494 506 5563 (26)
537 5484 545 5489 ’
594 5484 759 5547 iactus
806 5492 999 5546 carnis.
1066 5485 1161 5540 Sic
1194 5501 1323 5542 nisa.
1361 5485 1499 5540 Editi
1533 5502 1680 5550 vero,
1709 5501 1728 5535 ι
1755 5484 1897 5538 facta

322 5580 522 5631 carnis.
567 5582 588 5617 ι

2095 4853 2184 4909 27)
2211 4852 2377 4915 Alias,
2415 4870 2433 4899 ι
2470 4848 2609 4915 Quid
2642 4848 2786 4901 enim
2813 4848 2901 4911 sit,
2941 4866 2959 4897 ι
2994 4858 3101 4900 etc.

2095 4858 2184 4909 27)
2211 4858 2377 4915 Alias,
2415 4870 2433 4899 ι
2470 4858 2609 4915 Quid
2642 4863 2786 4901 enim
2813 4858 2901 4911 su,
2941 4866 2959 4897 ι
2994 4858 3101 4900 etc.

2071 4858 2182 4995 i28)
2217 4921 2380 4995 Etliti,
2416 4936 2435 4969 ι
2477 4931 2544 4972 ue
2580 4919 2818 4971 feceritis
2848 4919 2899 4971 in
2931 4916 3213 4971 desideriis
3257 4924 3313 4970 et
3361 4916 3410 4967 in
3442 4929 3571 4967 cun-

2004 4991 2380 5062 cupiscentiis.
2420 5008 2438 5040 ι

2092 5062 2183 5133 22))
2211 5060 2373 5133 Etiiti,
2399 5074 2421 5111 ι
2445 5057 2806 5133 ntortiiicetis,
2821 5057 3035 5133 vivetis.
3057 5053 3165 5110 Sed
3188 5057 3254 5112 de
3272 5056 3396 5119 hoc,
3421 5074 3441 5109 ο
3462 5063 3575 5108 etc.

2092 5064 2183 5133 ‘29)
2211 5064 2373 5124 Editi,
2399 5074 2421 5111 ι
2445 5064 3035 5123 nmrtiticetis,vivetis.
3057 5064 3091 5110 s

2070 5064 2190 5204 i250)
2223 5130 2391 5204 Editi,
2423 5147 2442 5180 ι
2483 5128 2802 5204 _vio|eu_tiam
2825 5129 3035 5204 carnis.
3072 5147 3091 5178 ι

2070 5198 2184 5272 (51)
2219 5201 2391 5272 Alias,
2424 5218 2444 5252 ι
2482 5198 2954 5272 incontinentiam.
2988 5216 3006 5249 ι

2072 5268 2184 5343 (52)
2222 5270 2387 5343 l_‘3d_il_i,
2413 5288 2433 5318 ι
2463 5268 2773 5343 mortificat.
2806 5286 2825 5319 ι

2074 5339 2189 5409 (55)
2220 5340 2381 5403 Ειιίιί,
2413 5357 2433 5390 ι
2466 5339 2776 5409 utortiiicet.
2810 5355 2830 5409 ι

2077 5405 2188 5484 (ξι)
2216 5411 2383 5484 Alias,
2414 5427 2434 5460 ι
2466 5408 2518 5461 in
2544 5408 2629 5484 his
2666 5422 2785 5474 quae
2817 5405 3101 5484 incipiunt.
3131 5423 3151 5458 ι
3289 5475 3299 5484 _
3432 5444 3455 5459 ,ί

2077 5475 2190 5552 (55)
2248 5479 2411 5552 Editi,
2441 5495 2461 5529 ι
2499 5478 2711 5552 tandem
2745 5487 2898 5552 actus
2946 5476 3200 5538 carnis”
3253 5475 3347 5552 al._,
3412 5486 3577 5528 «tunc

2007 5545 2403 5615 actus'caruis;
2429 5567 2447 5601 ι
2484 5548 2578 5611 al.,
2617 5566 2635 5596 ι
2674 5555 2782 5600 ιιιιιι
2809 5545 2964 5614 plane
2990 5556 3148 5599 actus
3180 5548 3383 5601 carnis.
3415 5564 3435 5597 ι
