3986 6206
318 267 459 324 1105

1270 264 1627 320 COMMENT.
1668 265 1732 321 IN
1772 263 1989 322 EPIST.
2029 264 2117 321 AD
2154 266 2317 322 llOM.
2361 266 2486 320 LIB.
2525 266 2632 320 Vll.

3439 273 3457 324 l
3476 273 3567 325 lilii

312 384 624 455 praemissa,
657 400 802 441 nunc
840 384 984 455 quod
1025 384 1182 449 dixit,
1239 406 1255 437 ι
1283 384 1397 441 Νοιι
1429 388 1573 443 enim
1605 390 1894 459 accepistis
1925 393 1972 451 Α
2000 406 2121 442 mur
2172 389 2216 419 ⁸⁸
2255 390 2392 458 (49).
2424 408 2441 439 ι
2505 389 2622 458 Ipse
2671 403 2800 456 ergo
2861 387 3081 456 spiritus
3122 387 3425 459 adoptionis
3477 406 3570 457 per

308 481 566 552 spiritum
605 479 894 535 servitutis
924 480 1118 535 iterum
1149 480 1201 535 in
1237 480 1448 546 timore,
1481 484 1573 537 sed
1608 483 1895 554 accepistis

310 572 564 642 spiritum
619 570 929 639 adoptionis
985 571 1238 638 ﬁliorum,
1294 573 1346 627 in
1398 589 1506 643 quo
1558 572 1890 631 clamamus:

307 666 462 720 Abba
490 661 676 735 [Pater
706 661 749 696 °°
777 659 938 737 (45)],
969 684 988 717 ι
1012 662 1169 733 quale
1191 664 1261 718 sit
1288 665 1584 721 videamus.
1617 665 1891 735 Scriptum

308 769 393 811 est
423 768 478 812 et
508 758 563 812 in
602 756 864 811 Malachia
899 758 1158 825 propheta
1189 755 1232 788 ⁶¹
1266 774 1279 811 :
1318 778 1334 810 i
1362 756 1533 814 Filius
1566 760 1893 815 honorillcat

308 857 543 916 patrem,
580 856 635 901 et
664 863 858 902 servus
886 846 1162 902 dominum
1192 864 1349 903 suum
1380 863 1392 897 :
1422 860 1476 904 et
1502 850 1546 904 si
1582 849 1742 905 Pater
1770 866 1889 906 sum

306 952 432 1003 ego,
476 939 563 992 ubi
598 948 681 993 est
719 939 895 993 honor
922 940 1112 995 meus?
1137 954 1193 995 et
1226 941 1270 994 si
1316 940 1577 995 Dominus
1608 958 1710 1012 ego
1745 958 1886 1009 sum,

306 1029 399 1081 ubi
430 1037 513 1083 est
546 1029 707 1083 timor
742 1030 936 1084 meus?
994 1032 1125 1085 dicit
1172 1032 1429 1085 Dominus
1468 1034 1831 1103 omnipotens.
1864 1057 1881 1088 ι

304 1116 530 1172 Certum
553 1128 637 1173 est
677 1130 858 1173 autem
886 1122 1029 1189 quod
1061 1122 1204 1176 ﬁlius
1241 1124 1364 1190 quis
1394 1124 1482 1176 Dei
1513 1139 1607 1192 per
1636 1127 1883 1194 adoptio-

306 1209 395 1261 nis
419 1208 668 1276 spiritum
702 1209 832 1273 ﬁat,
888 1226 1079 1265 servus
1124 1221 1318 1265 autem.
1346 1212 1439 1266 Dei
1495 1228 1590 1283 per
1635 1213 1886 1283 spiritum

304 1298 605 1353 servitutis.
657 1298 872 1352 Initium
926 1317 1058 1372 ergo
1091 1302 1363 1357 serviendi
1404 1304 1533 1369 Deo,
1566 1305 1698 1373 quia
1732 1323 1750 1356 i
1780 1304 1887 1360 iiii-

306 1392 443 1445 tium
482 1390 760 1461 sapientia:
794 1393 953 1447 timor
978 1392 1188 1450 Domini
1221 1414 1239 1448 ι
1293 1406 1378 1450 est
1403 1396 1471 1461 ",
1506 1412 1602 1465 per
1634 1397 1882 1468 spiritum

309 1482 523 1536 timoris
551 1483 825 1552 impletur,
854 1499 973 1537 cum
1007 1486 1264 1553 parvulus
1295 1489 1471 1544 adhuc
1501 1491 1626 1561 quis
1659 1491 1881 1550 dicitur.

306 1573 375 1628 Et
399 1574 638 1643 parvulis
669 1576 888 1647 quidem
930 1577 1250 1648 paedagogus
1282 1588 1367 1634 est
1413 1580 1595 1636 timor.
1645 1581 1798 1639 Unde
1831 1565 1885 1638 et

306 1665 596 1734 Apostolus
631 1667 695 1721 de
743 1667 831 1721 tali
880 1669 1103 1737 parvulo
1152 1671 1283 1725 dicit
1320 1688 1333 1726 z
1380 1690 1397 1723 i
1424 1670 1669 1738 Quandiu
1708 1675 1882 1731 haeres

1997 497 2155 550 quem
2192 484 2245 536 in
2270 480 2437 536 illiilli:
2468 484 2587 550 quis
2619 482 2906 550 adoptatur
2948 483 3083 551 (50),
3121 484 3297 538 reddit
3325 486 3571 538 testium-

1996 570 2166 633 tiiuui,
2217 582 2271 625 et
2312 572 2602 625 conﬁrmat
2637 572 2891 640 spiritum
2925 581 3169 626 nostrum
3212 573 3341 641 quia
3385 589 3571 627 sumus

1995 662 2088 717 ﬁlii
2120 663 2234 727 Dei,
2277 674 2632 733 posteaquam
2662 678 2691 715 a
2723 662 2912 731 spiritu
2935 663 3210 717 servitutis
3240 663 3290 716 in
3326 664 3570 732 adoptio-

1994 746 2079 809 nis
2107 756 2360 824 spiritum
2400 753 2713 809 venerimus
2740 794 2754 817 ,
2785 768 2905 808 cuni
2931 752 3039 819 jam
3067 753 3205 808 nihil
3241 753 3379 808 inest
3408 755 3569 809 timo‘

1992 847 2085 910 ris,
2126 847 2178 901 id
2203 857 2283 901 est
2316 846 2446 901 nihil
2498 858 2721 917 propter
2745 856 2945 902 metum
2972 860 3145 917 piente
3161 848 3400 917 gerimus
3430 847 3566 918 (5i),

1989 938 2083 992 sed
2152 948 2379 1007 prapter
2440 952 2681 992 amorem
2750 938 2921 1008 patris
2974 948 3171 993 cuncta
3230 938 3564 1007 perﬁcinnis.

1991 1026 2132 1084 Bene
2160 1038 2340 1083 autem
2392 1044 2497 1083 non
2536 1029 2751 1093 animae,
2806 1032 2900 1083 sed
2929 1030 3166 1098 spiritui,
3226 1030 3317 1099 qui
3377 1029 3566 1083 melior

1990 1116 2103 1191 (ὃὲ)
2152 1120 2203 1172 in
2256 1118 2474 1172 homine
2522 1134 2646 1188 pars
2676 1130 2781 1185 est,
2828 1120 3028 1173 dicitur
3070 1121 3294 1175 reddere
3325 1122 3568 1176 testimo-

1988 1211 2136 1264 nium
2169 1208 2329 1278 595
2365 1208 2603 1277 Spiritus
2636 1210 2749 1263 Dei.
2800 1208 2983 1264 Potest
3035 1218 3215 1265 autem
3271 1210 3336 1263 ad
3367 1210 3571 1266 discre-

1989 1300 2186 1355 tionem
2227 1316 2415 1355 eoritm
2452 1301 2542 1369 qui
2580 1301 2769 1370 spiritu
2821 1299 3097 1354 servitutis
3142 1309 3377 1369 aguntur
3410 1302 3461 1354 iii
3493 1303 3560 1354 ti-

1988 1406 2161 1455 more,
2191 1402 2244 1446 et
2273 1406 2460 1446 eorum
2493 1392 2585 1461 qni
2621 1391 2813 1462 spiritu
2842 1391 3096 1455 liliorum,
3120 1392 3285 1445 etiam
3320 1392 3449 1445 illud
3470 1408 3564 1446 as-

1984 1482 2162 1546 sumi,
2211 1484 2353 1551 quod
2390 1483 2664 1536 Abraham
2726 1482 3098 1535 biereditatem
3153 1483 3369 1550 quidem
3407 1498 3561 1536 suain

1985 1572 2130 1625 dedit
2162 1572 2333 1635 Isaac,
2370 1572 2493 1626 liliis
2519 1587 2647 1627 vero
2673 1571 2995 1647 ancillarum
3027 1571 3110 1625 vel
3136 1573 3559 1627 concubinarum

1986 1680 2093 1718 non
2118 1664 2515 1731 hancditatem,
2553 1664 2646 1719 sed
2680 1665 2821 1717 dona
2853 1664 3052 1717 dicitur
3082 1664 3302 1719 dedisse
3325 1668 3408 1720 vel
3444 1684 3560 1721 mu—

306 1758 562 1825 parvulus
591 1767 695 1821 est,
723 1759 855 1813 nihil
886 1758 1066 1815 differt
1093 1777 1122 1814 a
1157 1777 1337 1830 servo,
1376 1778 1498 1818 cum
1529 1765 1599 1819 sit
1626 1764 1872 1823 dominus

1988 1773 2114 1810 nera
2150 1758 2216 1810 ⁸⁷.
2246 1756 2300 1810 lu
2340 1772 2450 1825 quo
2483 1758 2599 1811 sine
2652 1757 2813 1810 dubio
2847 1756 2963 1811 boc-
3006 1759 3361 1813 adimibi-atur
3402 1761 3519 1828 (55)
3543 1798 3561 1823 ,

302 1849 551 1904 omnium
588 1866 604 1915 ;
643 1850 737 1906 sed
786 1852 885 1906 sub
918 1853 1189 1908 tutoribus
1230 1863 1285 1908 et
1316 1856 1763 1923 procuratoribus
1802 1868 1882 1914 est

304 1954 478 2009 usque
517 1941 586 1995 ad
620 1941 945 2011 preﬁnitum
1002 1952 1213 2011 tempus
1254 1962 1282 1998 a
1329 1956 1479 2017 patre
1506 1948 1642 2015 ;‘ita.
1665 1960 1718 2004 et
1747 1966 1882 2013 nos.

301 2046 425 2083 cum
460 2047 706 2087 essemus
730 2036 960 2103 parvuli,
1006 2038 1106 2091 sub
1150 2038 1432 2095 elementis
1487 2039 1645 2109 hujus
1696 2045 1879 2100 mundi

299 2138 519 2178 eramus
548 2126 845 2181 servientes
879 2126 947 2180 ⁸⁸.
976 2146 996 2180 ι
1049 2127 1210 2184 Vides
1234 2132 1531 2188 secundum
1567 2150 1878 2191 concessam

300 2214 401 2267 sibi
427 2231 459 2267 a
494 2214 602 2269 Deo
633 2216 953 2285 sapientiam
997 2218 1194 2275 Paulus
1230 2225 1511 2289 quomodo.
1536 2224 1758 2297 spiritus
1786 2227 1876 2295 qui

301 2304 504 2360 dantur
531 2307 582 2359 in
616 2308 811 2362 timore
842 2308 976 2379 (46),
1020 2310 1108 2365 hic
1160 2321 1369 2369 tutores
1409 2314 1761 2382 parvulorum
1814 2332 1878 2372 ac

300 2406 687 2463 procuratores
733 2399 1106 2469 appellaverit,
1150 2404 1725 2480 quiutittmqiteniqite
1777 2423 1875 2462 no-

298 2498 477 2539 strum
527 2489 700 2544 donec
754 2494 1016 2560 parvulus
1050 2507 1153 2561 est,
1212 2498 1507 2552 secundum
1559 2499 1875 2554 interiorem

297 2578 572 2635 hominem
602 2581 654 2635 in
689 2581 885 2639 timore
911 2588 1223 2649 custodiant
1249 2587 1391 2660 (47),
1423 2605 1703 2663 usquequo
1724 2591 1791 2645 ad
1824 2592 1877 2647 id

293 2672 476 2726 tetatis
506 2673 688 2727 veniat
724 2689 833 2743 quo
866 2676 1115 2746 spiritum
1152 2678 1459 2749 ad0ptionis
1493 2681 1726 2738 ﬁliorum
1762 2698 1876 2736 me-

301 2772 491 2816 reatur
524 2766 793 2835 accipere,
844 2779 899 2823 et
929 2768 1138 2835 sitjam
1174 2770 1314 2829 ﬁlius
1363 2774 1713 2833 ac.d0tn'uius
1756 2790 1871 2827 oni-

295 2852 470 2907 nium.
500 2871 518 2903 t
547 2854 736 2909 Omnia
764 2858 1151 2930 cllilll,‘ill(|llil,
1179 2872 1355 2916 vestra
1378 2872 1507 2917 sunt
1533 2865 1631 2927 “,r
1664 2878 1717 2920 et
1747 2883 1871 2919 cum

292 2940 512 2998 Christo
538 2947 693 3002 nobis
729 2947 1080 3013 Deusonm'ta
1102 2954 1321 3007 donavit
1358 2955 1403 2986 "
1432 2954 1563 3026 (68).
1598 2956 1709 3011 Hoc
1743 2974 1872 3023 ergo

292 3042 375 3087 est
405 3034 734 3134 quod-docet
764 3038 1130 3134 Raulumcyda
1166 3055 1516 3114 posteaquam
1544 3049 1868 3102 commonui
1899 3075 1955 3134 Ct

291 3142 483 3181 sumus
502 3128 832 3197 Christo..et
865 3130 1106 3201 Spiritus
1127 3136 1247 3204 ejus
1272 3135 1446 3191 factus
1483 3149 1566 3192 est
1607 3139 1658 3192 iu
1691 3141 1867 3204 nobis,

293 3235 397 3272 non
424 3219 619 3280 iterum
645 3222 894 3289 spiritum
917 3225 1196 3282 servitutis
1222 3229 1531 3297 accepimus
1570 3230 1622 3283 in
1651 3232 1873 3298 timore,

292 3310 392 3364 hoc
422 3318 662 3377 esttnou
686 3327 875 3367 rursus
898 3316 1103 3384 parvuli
1135 3327 1188 3372 et
1215 3319 1365 3372 initia
1392 3319 1656 3377 habentes
1688 3324 1868 3383 ell'ecti

287 3400 640 3462 sumustsed
690 3402 845 3468 quasi
887 3404 1114 3473 perlecﬁ
1172 3408 1339 3463 semel
1395 3410 1509 3479 jam
1558 3416 1869 3484 accepimus

288 3490 540 3556 spiritum
574 3493 904 3563 adoptionis,
932 3513 951 3547 ι
979 3498 1031 3550 in
1055 3513 1162 3568 quo
1194 3518 1211 3551 ι
1251 3501 1445 3568 spiritu
1492 3506 1861 3563 «clamamus:

287 3581 447 3639 Abba
481 3582 664 3639 Pater.
698 3604 717 3637 ι
754 3585 939 3655 Neque
977 3590 1123 3644 enim
1164 3602 1372 3660 patrem
1416 3596 1553 3653 alius
1598 3601 1718 3667 quis
1759 3602 1862 3656 nisi

291 3673 436 3733 tilius
468 3685 643 3732 vocat.
676 3675 833 3744 Quod
871 3694 999 3733 vero
1028 3682 1197 3751 addit,
1237 3701 1255 3735 ι
1285 3684 1458 3748 Abba,
1486 3707 1503 3739 ι
1537 3692 1722 3759 patriis
1757 3693 1861 3750 liii-

289 3782 407 3841 gure
437 3766 701 3824 vocabulo
733 3770 785 3824 id
811 3771 983 3840 ipsum
1016 3773 1256 3843 iteravit,
1303 3778 1447 3833 velut
1485 3781 1530 3835 si
1593 3782 1820 3841 dixisset
1844 3802 1865 3843 '.

292 3859 472 3923 Pater,
506 3871 674 3927 pater.

360 3948 414 4005 5.
448 3966 466 3999 ι
496 3948 614 4017 Ipse
646 3950 791 4005 enim
825 3950 1063 4020 Spiritus
1100 3955 1466 4013 testimonium
1503 3960 1862 4032 redditspiri-

289 4040 362 4097 uti
405 4052 607 4105 nostro,
639 4044 782 4110 quod
821 4060 1008 4099 sumus
1050 4045 1141 4099 ﬁlii
1180 4045 1295 4104 Dei.
1342 4048 1399 4101 Si
1446 4058 1627 4107 autem
1656 4051 1775 4119 ﬁlii,
1806 4064 1862 4109 et

1985 1848 2126 1917 quod
2154 1864 2252 1902 nec
2289 1848 2364 1901 illi
2398 1848 2612 1917 quidem
2648 1848 2861 1918 penitus
2895 1859 3225 1916 sper-nuntur
3263 1850 3353 1919 qui
3383 1851 3563 1905 adhuc

1984 1938 2037 1992 in
2066 1937 2256 1992 timore
2288 1937 2530 1991 serviunt
2563 1934 2699 1999 Deo,
2745 1935 2839 1991 sed
2871 1945 2997 1989 sunt
3024 1935 3129 1990 illis
3163 1938 3328 2001 dona,
3358 1945 3565 1992 suntet

1985 2044 2239 2093 munera,
2282 2028 2576 2083 haereditas
2610 2037 2789 2081 tamen
2830 2042 2926 2095 per
2970 2041 3131 2096 quam
3165 2027 3380 2083 Christo
3427 2043 3559 2083 con-

1981 2118 2372 2187 glorilicaiititr,
2401 2133 2589 2172 eorum
2614 2127 2698 2170 est
2724 2117 2813 2186 qui
2843 2116 3150 2186 adoptionis
3166 2120 3414 2184 spiritum
3446 2132 3561 2173 me-

1984 2219 2171 2264 rentur
2204 2209 2476 2279 accipere.
2506 2207 2634 2261 Post
2691 2208 2805 2261 hac
2846 2208 2957 2275 jam
2992 2222 3057 2261 ex
3103 2209 3561 2277 consequentibus

1985 2300 2350 2371 syllogismum
2384 2299 2551 2354 nectit
2582 2298 2894 2368 Apostolus,
2925 2308 2980 2353 et
3006 2299 3179 2353 dicit:
3209 2299 3267 2353 Si
3304 2300 3555 2367 spiritum

1981 2378 2289 2459 adoptionis
2315 2388 2644 2457 accepimus,
2680 2404 2810 2459 ergo
2842 2388 2935 2442 lilii
2973 2404 3181 2444 sumus.
3214 2390 3366 2455 Quod
3390 2391 3434 2444 si
3490 2394 3552 2443 ti-

1979 2484 2269 2546 liisuiniis,
2297 2482 2415 2537 sine
2461 2480 2635 2536 dubio-
2667 2490 2720 2535 et
2775 2482 3020 2536 hiet-edes
3071 2482 3204 2552 (54).
3250 2481 3554 2538 Mercedem

1981 2588 2217 2643 namque
2237 2587 2429 2629 servus
2445 2582 2746 2642 exspectat,
2781 2575 3148 2629 haereditatem
3180 2574 3324 2630 ﬁlius
3350 2590 3552 2647 sperat.

1980 2664 2046 2719 Et
2080 2679 2264 2718 rursus
2286 2663 2433 2718 aliud
2463 2664 2615 2718 addit
2641 2664 2755 2735 (55)
2777 2664 3141 2719 conclusionis
3164 2677 3512 2735 augmentum
3537 2685 3550 2720 :

1984 2770 2003 2805 ι
2035 2752 2292 2808 lla-redes
2309 2754 2526 2822 quidem
2550 2754 2664 2820 Dei,
2693 2754 3003 2808 cohieredes
3020 2765 3197 2809 autem
3217 2756 3420 2810 Christi
3447 2757 3548 2811 ⁸⁸.»

1978 2843 2160 2898 Haeres
2193 2843 2316 2913 quis
2332 2842 2563 2899 edicitur
2592 2842 2707 2909 Dei,
2742 2858 2861 2897 cum
2898 2859 3017 2913 quae
3053 2843 3142 2897 Dei
3166 2856 3288 2897 sunt
3317 2855 3557 2900 meretur

1975 2937 2256 3005 accipere,
2312 2935 2365 2989 id
2422 2944 2505 2991 est
2559 2934 2984 3004 incorruptionis
3029 2947 3082 2987 et
3132 2936 3553 2990 immortalitatis

1977 3028 2235 3097 gloriam,
2271 3025 2557 3082 thesauros
2582 3026 2866 3097 sapientia:
2912 3034 2967 3080 et
3017 3026 3260 3080 scientiae
3307 3029 3556 3081 recondi-

1981 3129 2065 3174 tos
2089 3118 2176 3175 "z
2208 3120 2455 3174 cohaercs
2487 3117 2601 3190 (56)
2630 3131 2758 3171 vero
2787 3115 3023 3185 Christi,
3055 3135 3176 3174 cum
3226 3137 3244 3170 i
3288 3118 3552 3174 transfor-

1978 3210 2147 3266 mabit
2177 3224 2379 3280 corpus
2408 3210 2732 3265 humilitatis
2758 3219 2961 3264 nostri:
3001 3210 3288 3265 conformo
3330 3209 3550 3279 corpori

1978 3304 2243 3359 claritatis
2299 3320 2410 3358 sua:
2440 3303 2509 3367 7°,
2551 3322 2587 3356 ι».
2608 3303 2703 3359 sed
2730 3314 2783 3358 et
2826 3304 2940 3374 (57)
2967 3320 3091 3358 cum
3148 3303 3275 3357 illud
3320 3303 3549 3372 adipisci

1979 3394 2240 3449 meruerit
2261 3395 2405 3462 quod
2437 3393 2565 3447 dicit
2594 3394 2709 3462 ipse
2738 3392 2990 3447 Salvator
3016 3410 3031 3447 :
3073 3411 3092 3444 ι
3136 3392 3318 3459 Pater,
3346 3393 3469 3447 volo
3492 3400 3555 3445 ut

1980 3488 2067 3542 ubi
2103 3502 2220 3556 egm
2239 3502 2381 3550 sum,
2409 3494 2463 3539 et
2491 3486 2579 3539 isti
2621 3485 2729 3539 sint
2761 3500 2968 3539 mecum
2996 3486 3062 3537 τι.
3101 3504 3133 3537 ι.
3169 3484 3265 3539 Est
3291 3496 3549 3554 praeterea

1977 3578 2099 3649 (58)
2130 3588 2184 3631 et
2213 3577 2302 3631 illa
2329 3576 2563 3646 dignitas
2589 3577 2933 3630 cohaeredum
2958 3575 3187 3638 Christi,
3211 3576 3354 3644 quod
3383 3574 3547 3629 Pater

1960 3652 2191 3739 quidem
2220 3683 2440 3722 (orline
2463 3667 2729 3737 judicium
2759 3668 2904 3721 detlil
2932 3667 3066 3721 Filio
3088 3668 3152 3718 τι.
3192 3685 3211 3716 ι
3247 3666 3351 3720 Sed
3376 3678 3431 3720 et
3452 3666 3547 3720 ιη.-

1971 3762 2078 3815 lius
2134 3759 2265 3814 dicit
2307 3760 2373 3812 ad
2441 3756 2757 3813 coheredes
2793 3773 2921 3813 suos
2956 3775 2969 3812 :
3009 3776 3027 3809 ι
3066 3759 3335 3812 Sedehiiis
3363 3769 3417 3813 et
3452 3773 3547 3811 vos

1973 3866 2137 3921 super
2169 3849 2457 3905 duodecim
2490 3850 2743 3914 thronos,
2791 3848 3099 3917 judicantes
3141 3850 3423 3902 duodecim
3456 3850 3549 3901 tri-

1972 3942 2073 3997 bus
2094 3938 2258 3996 Israel
2288 3939 2357 3994 ⁷³.
2397 3958 2416 3993 ι
2456 3940 2521 3995 Et
2554 3940 2657 3994 hoc
2691 3941 2853 3995 modo
2891 3941 3206 3996 coheredes
3236 3956 3363 3996 suos
3389 3942 3545 3995 Chri-

1969 4046 2086 4090 stus
2123 4049 2228 4088 non
2253 4032 2429 4089 solum
2478 4032 2797 4103 inpartem
2854 4032 3210 4097 ita-rediistis,
3251 4032 3344 4086 sed
3377 4033 3544 4088 etiam

290 4132 563 4197 limredes;
623 4133 866 4189 lueredes
914 4136 1130 4204 quidem
1168 4138 1295 4203 Dei,
1330 4141 1641 4197 coiireredes
1681 4155 1860 4200 autem
1897 4136 1939 4191 D
1970 4128 2024 4181 in
2055 4126 2391 4182 consortium
2425 4126 2712 4196 potestatis
2741 4126 2980 4179 adducit.
3020 4142 3041 4175 ι
3074 4124 3137 4177 Si
3158 4134 3359 4188 tanien,
3404 4143 3424 4175 ι
3461 4127 3543 4178 ιιι-

283 4217 487 4272 Christi
515 4217 595 4271 :si
640 4227 817 4272 tamen
853 4226 1234 4292 compaiiiuur,
1285 4233 1341 4281 ut
1386 4234 1444 4291 et
1485 4226 1863 4296 congloriﬁce-

358 4362 403 4392 ‘°
436 4360 591 4415 Rom.
626 4379 746 4427 vttt,
784 4364 868 4418 15.

282 4431 374 4482 3:2.
454 4433 499 4462 “
526 4433 654 4485 ibid.
681 4437 767 4498 16,
796 4436 880 4491 17.
961 4435 1004 4467 ⁸⁷
1030 4436 1142 4490 Gen
1193 4431 1321 4500 xxv,
1348 4439 1403 4496 5.

284 4500 377 4554 26.
454 4503 497 4532 ⁷⁸
531 4499 686 4559 Joau.
716 4520 766 4570 ν,
796 4506 889 4560 22.
996 4506 1041 4537 "
1066 4506 1253 4563 Matth.
1288 4499 1378 4561 xix
1407 4548 1423 4575 ,
1463 4509 1553 4564 28.

288 4687 297 4696 _
359 4616 471 4689 (45)
515 4618 623 4696 Sed
655 4622 946 4696 accepistis
975 4623 1219 4696 spiritum
1265 4623 1563 4696 adoptionis
1604 4626 1858 4695 ﬁliorum,

280 4689 333 4738 in
360 4704 463 4755 quo
494 4689 787 4744 clamamus
808 4707 827 4748 :
846 4689 1013 4757 Abba,
1050 4689 1228 4746 Pater.
1263 4689 1389 4748 ﬂzec
1414 4689 1617 4749 desunt‘
1643 4697 1698 4752 in
1727 4689 1860 4753 mss'.

282 4757 569 4813 codicibus
595 4760 823 4823 nostris,
861 4761 957 4816 sed
995 4772 1211 4815 exstant
1234 4763 1286 4816 in
1318 4763 1501 4818 editis.

357 4826 663 4913 (iti)li2di.t‘i,
700 4846 719 4881 ι
744 4827 1133 4913 Vides(al.,_5
1185 4831 1345 4913 \fide)
1392 4838 1689 4913 secundum
1730 4854 1862 4913 con—

281 4911 495 4977 cessam
530 4898 700 4977 a_Deo
730 4898 1058 4977 sapientiam
1090 4901 1269 4977 Pauli,
1298 4898 1573 4977 quomodo
1608 4908 1859 4977 spiritum

283 4967 420 5034 (aL,
448 4987 466 5019 ι
499 4968 727 5039 spiritus
759 4967 831 5041 ιί)
856 4973 1137 5027 servitutis
1179 4972 1270 5044 qui
1315 4967 1477 5028 datur
1503 4975 1555 5033 in
1590 4967 1802 5044 tiinore,
1838 5000 1856 5030 ι

280 5047 388 5091 etc.

502 5108 673 5179 Editi,
703 5128 722 5161 ι
751 5111 1041 5167 custodiat.
1073 5131 1092 5164 ι

351 5177 944 5255 (18)_E_ditipleriqne,
974 5183 1209 5255 («omnia
1235 5185 1377 5237 enim
1409 5196 1591 5240 nostra
1624 5196 1773 5255 sunt,
1796 5198 1850 5244 et

278 5261 403 5305 cum
431 5247 653 5304 Christo
684 5247 866 5306 omnia
898 5253 1052 5309 nobis
1074 5254 1351 5310 donavit.»

355 5315 468 5394 (i9)
503 5317 625 5385 Ipse
651 5321 791 5377 enim
840 5319 1073 5391 Spiritus
1098 5326 1458 5379 testimonium
1503 5327 1673 5380 reddit
1701 5330 1857 5394 spiri-

280 5388 359 5464 tui
402 5397 608 5464 nostra,
646 5400 757 5446 etc.
792 5388 964 5464 usque
1004 5396 1093 5458 ad,
1138 5405 1185 5447 et
1221 5394 1697 5464 congloriﬁremur.
1726 5388 1858 5452 'lla'c

281 5458 474 5511 desunt
509 5458 561 5512 in
598 5475 726 5518 mss.
764 5458 1040 5518 codicibus
1075 5469 1295 5519 nostris.

376 5527 466 5665 50)
498 5528 659 5593 Editi,
697 5532 814 5601 «pii
848 5535 1159 5602 adoptatur,
1193 5553 1212 5586 ι
1267 5532 1425 5587 male.

376 5598 436 5651 51
514 5598 645 5652 Cum
677 5602 795 5665 jnm
847 5604 977 5655 iii/iit
1025 5604 1157 5658 inest
1210 5605 1425 5657 timoris.

376 5598 465 5665 51)
514 5598 645 5652 Cum
677 5598 795 5670 join
847 5598 977 5655 nihil
1025 5598 1157 5658 inest
1210 5605 1436 5669 (intotis,
1479 5604 1531 5655 id
1581 5617 1679 5668 cst,
1726 5608 1855 5659 nihil

285 5679 496 5741 propter
534 5680 723 5723 metum
774 5689 936 5741 poena:
992 5676 1239 5744 gerimus.
1307 5675 1360 5726 lii
1421 5675 1673 5730 omnibus
1718 5694 1845 5733 IIIS:.

948 4364 989 4396 "
1018 4364 1245 4422 Malacb.
1276 4384 1317 4432 l,
1354 4368 1406 4422 6.
1484 4370 1527 4401 "
1553 4368 1720 4425 Eccli.
1751 4387 1789 4435 ι.
1823 4373 1908 4428 16.

1481 4441 1525 4510 ἐξ
1553 4442 1711 4495 Rom.
1736 4456 1863 4510 viii',
1888 4443 1976 4497 l7.

1970 4220 2110 4291 quit,
2136 4240 2154 4273 ι
2183 4219 2567 4289 compatimur,
2601 4216 3346 4287 utet~congloriﬁcemur".r
3382 4216 3544 4271 Coin-

1980 4374 2025 4405 ”
2054 4373 2233 4429 Galat.
2268 4390 2346 4440 tv,
2383 4377 2498 4431 1-5.
2575 4376 2619 4407 ⁸⁸
2648 4374 2664 4427 l
2694 4375 2818 4429 Cor.
2858 4390 2945 4435 iii,
2976 4372 3067 4429 22.
3143 4372 3187 4403 ⁸⁵
3226 4370 3382 4440 llum.
3413 4387 3540 4431 vni,

2056 4445 2102 4475 ⁶⁹
2130 4439 2339 4502 Colossi.
2360 4460 2419 4512 ιι,
2450 4447 2504 4504 5.
2576 4446 2841 4514 "Philip.
2877 4460 2956 4508 iii,
2979 4442 3067 4495 2t.
3144 4443 3187 4472 ⁷¹
3219 4439 3378 4497 Joau.
3407 4456 3538 4503 xvii,

1656 4511 1701 4543 ⁷⁸
1724 4510 1882 4570 Rom.
1919 4530 2009 4569 vni
2041 4554 2055 4578 ,
2110 4516 2194 4568 l7.

1968 4626 2187 4697 nostris,
2217 4629 2357 4697 apud
2389 4628 2672 4682 Rabanttm
2701 4638 2755 4683 et
2789 4626 3136 4682 Saiodianum
3164 4641 3265 4680 vox
3302 4643 3319 4675 ι
3355 4625 3489 4679 inest
3514 4646 3531 4676 ι

1965 4696 2266 4767 omittitur.
2292 4699 2493 4753 Deinde
2523 4700 2677 4764 editi,
2715 4709 2965 4767 «propter
2994 4711 3208 4762 pinnam
3240 4696 3531 4763 gerimus.»

2039 4764 2153 4838 (52)
2204 4766 2379 4831 Alias,
2427 4784 2575 4838 «qua:
2641 4764 2892 4838 melior.)
2950 4766 3150 4820 Deinde
3211 4782 3313 4818 ins.
3376 4780 3535 4838 unus,

1970 4852 1990 4886 ι
2031 4834 2223 4890 Postea
2280 4834 2488 4890 autem’
2523 4838 2588 4891 ad
2652 4837 3035 4892 discretionem
3103 4850 3304 4889 eorum.
3347 4834 3533 4904 qui....

1965 4906 2130 4976 etiam
2163 4904 2289 4959 illitd
2316 4909 2566 4972 assumit,
2599 4909 2741 4976 quod
2768 4909 3067 4969 Abraham,
3095 4924 3112 4956 ι
3143 4917 3250 4960 etc.

2044 4974 2157 5045 (53)
2186 4975 2332 5031 Alias
2357 5017 2370 5041 ,
2409 4996 2425 5026 i
2465 4974 2895 5031 obuiiihrabatur
2930 4995 2948 5027 ι
2992 4976 3155 5045 (al.~,i
3177 4974 3535 5029 aditiitbraba-

2044 4976 2136 5045 (53
2186 4976 2332 5031 Alias
2357 5017 2370 5041 ,
2409 4996 2425 5026 i
2465 4977 2895 5031 obiiinhrabatur
2930 4995 2948 5027 ι
2992 4976 3534 5044 (al;,iailiiinbraba-

1974 5055 2062 5099 tur
2086 5064 2103 5097 ι
2138 4976 2176 5113 ζ,
2205 5055 2258 5101 et
2289 5062 2413 5102 mox
2438 5086 2450 5110 ,
2485 5066 2503 5098 i
2533 5058 2954 5117 spernerentur;
2996 5066 3013 5097 ι
3065 5044 3135 5100 al.
3164 5084 3179 5109 ,
3216 5063 3234 5094 ι
3271 5060 3534 5114 spernen-

1960 5124 2064 5169 tur.
2111 5133 2130 5166 ι

2029 5186 2144 5256 (54)
2180 5185 2336 5252 Quod
2376 5190 2418 5243 si
2462 5188 2562 5255 ﬁlii
2609 5203 2811 5250 sumus,
2854 5190 2966 5239 sine
3008 5187 3168 5239 dubio
3203 5195 3248 5238 et
3276 5186 3529 5239 [ια-τείως.

1955 5253 2077 5310 ΙΙιιὲο
2114 5253 2300 5311 nullibi
2336 5259 2388 5313 in
2425 5253 2583 5312 editis
2612 5266 2943 5324 comparent.

2033 5326 2147 5398 (55)
2185 5328 2363 5382 Addit.
2420 5330 2578 5382 Deest
2615 5329 2664 5379 in
2712 5327 2865 5381 libris
2896 5337 3055 5379 antea
3107 5326 3285 5380 editis.
3326 5325 3531 5379 Deinde

1966 5398 2419 5467 Itis.t_t_tius_ltabet
2445 5416 2462 5449 ι
2485 5407 2858 5467 argiititctttitiu
2880 5416 2899 5447 ι
2920 5413 3015 5466 pro
3041 5416 3057 5447 ι
3089 5406 3495 5465 ειιιξςιιιιειιῑιιιιι.»

2177 5465 2345 5537 ﬁlias,
2384 5487 2401 5519 i
2435 5463 2763 5521 eoliieiedes.
2803 5486 2821 5518 ι

2035 5532 2145 5603 (57)
2173 5532 2263 5590 Ει.
2302 5532 2356 5591 In
2392 5538 2550 5592 editis
2573 5537 2865 5591 omittitur.

2035 5604 2146 5675 (53)
2178 5604 2338 5670 Editi,
2377 5626 2393 5657 i
2426 5619 2477 5661 et
2508 5607 2603 5677 ipsi
2637 5607 2745 5660 sint
2783 5622 2990 5661 mecum
3017 5624 3030 5672 ;
3057 5625 3073 5656 ι
3099 5608 3190 5676 qui
3224 5616 3406 5676 postea
3438 5609 3532 5657 ha-

1961 5675 2087 5730 bent
2107 5692 2228 5731 cum
2253 5693 2356 5733 ms.
2386 5675 2733 5746 quibusdam,
2759 5696 2776 5730 i
2804 5678 2899 5732 Est
2925 5693 3056 5746 ergo
3080 5675 3398 5744 misi-ca,»
3422 5688 3527 5729 etc.
