3914 6352
209 265 284 321 Π
299 265 388 320 θεν

205 392 378 438 ctum
417 380 762 450 protulimus,
787 395 856 435 ex
885 388 1269 436 metue-taeeo
1285 387 1336 433 et
1362 375 1468 431 levi
1499 376 1814 432 tribulatio-

209 489 360 528 num
391 482 698 527 nostrarum
741 471 930 526 labore
972 471 1016 503 δ’
1053 469 1262 525 semina
1287 469 1540 538 quaedam
1580 469 1809 526 collecta

205 577 393 632 supra
427 565 641 624 nitidum
688 580 739 617 in
789 563 1114 617 immensum
1171 562 1332 616 nobis
1358 569 1578 616 acterna!
1601 563 1816 632 pondus

206 654 422 724 gloriae
451 653 564 723 (Π)
593 651 996 723 pmparabunt.
1035 651 1188 719 Quod
1221 667 1354 707 vero
1383 653 1550 708 etiam
1583 653 1636 706 in
1670 666 1810 720 pm-

207 743 372 798 sonti
408 744 518 795 vita
543 742 708 811 justi:
763 741 1061 798 secundum
1116 757 1434 796 mensuram
1494 739 1810 810 passionum

205 848 450 889 suarum
475 834 640 887 etiam
662 833 966 888 consolatio
989 833 1171 887 divina
1197 833 1490 893 tribuatur.
1518 830 1818 886 conﬁrmat

215 925 380 978 idem
439 925 734 994 Apostolus
781 925 838 978 iu
896 923 1133 978 secunda
1189 925 1256 976 ad
1300 922 1646 978 Corinthios.
1675 922 1813 978 seri-

205 1015 366 1074 licus
387 1015 434 1049 ⁸⁸
465 1033 481 1069 ι
521 1034 540 1068 ι
573 1016 713 1083 Quia
739 1018 877 1070 sicut
901 1016 1184 1070 abundant
1209 1017 1494 1083 passiones
1522 1014 1730 1070 Christi
1756 1015 1807 1070 in

209 1106 412 1172 nobis,
441 1107 516 1160 ita
563 1109 806 1162 abundat
835 1119 892 1162 et
923 1109 1230 1163 consolatio
1280 1116 1486 1164 nostra.
1527 1125 1548 1158 ι
1608 1107 1673 1162 Et
1700 1120 1808 1162 non

205 1197 396 1256 dixit:
419 1198 592 1262 Supra
617 1199 831 1254 modum
853 1201 1110 1260 abundat,
1133 1209 1224 1256 aut
1250 1199 1649 1256 inimtnensuin
1667 1197 1808 1264 (78);

207 1291 322 1344 sed
358 1301 622 1358 quantum
657 1292 936 1360 passiones
979 1300 1124 1354 sunt,
1151 1298 1360 1344 tantum
1385 1298 1442 1344 et
1473 1287 1808 1346 consolatio-

208 1391 345 1432 nes.
382 1379 534 1442 Quod
565 1388 746 1433 autem
781 1380 930 1442 dicit,
971 1396 992 1432 σ
1026 1380 1106 1434 Ad
1135 1378 1374 1434 futuram
1411 1376 1661 1445 gloriam,
1687 1389 1809 1444 qua

215 1466 565 1522 revelabitur
594 1469 652 1522 in
695 1467 854 1524 nobis
878 1467 948 1535 ⁸⁸,
980 1487 1000 1520 ι
1031 1483 1194 1535 supra
1220 1464 1332 1534 jam
1360 1476 1492 1535 puto
1519 1466 1664 1533 quod
1691 1464 1806 1522 suf-

215 1556 479 1612 ﬁcienter
497 1560 839 1614 ostendimus
861 1561 930 1614 de
971 1557 1280 1614 dillerentia
1332 1556 1656 1624 gloriarum,
1688 1571 1808 1625 quae

218 1648 300 1706 sit
331 1649 504 1716 glutis
527 1664 645 1718 quae
685 1651 798 1718 jam
831 1649 1068 1710 revelata
1099 1659 1204 1714 est,
1229 1659 1284 1706 ct
1317 1631 1439 1716 qua:
1471 1647 1542 1702 sit
1571 1662 1690 1716 qua:
1718 1663 1803 1702 re-

1177 245 1540 316 COWENT.
1566 255 1634 314 lN
1675 253 1894 316 EPIST.
1937 258 2029 316 AD
2067 257 2233 314 R0“.
2267 256 2392 312 L‘lB‘.
2427 255 2542 311 γη.

3364 245 3500 316 tito.

1927 378 2054 434 aliis
2087 379 2320 434 habetur
2343 371 2760 443 exemplaribus,
2798 389 2820 423 ι
2852 368 3200 439 eong-emiscit
3230 379 3503 438 tet-partu-

1931 470 2002 523 rir
2036 484 2208 536 usque
2255 467 2457 526 adhuc.
2503 484 2522 521 ι
2560 463 2975 533 Congcmiscere
3002 470 3182 534 autem
3213 463 3500 522 cicenda-

1916 561 2027 616 lere
2049 570 2133 616 est
2153 576 2273 616 eum
2301 560 2406 614 alio
2431 559 2647 612 dolente
2674 557 2754 612 vel
2781 566 3030 628 gemente
3050 569 3268 627 gemere
3289 555 3372 614 vel
3396 555 3494 610 do-

1913 653 2068 718 lere,
2101 654 2205 708 hoc
2237 661 2321 708 est
2344 690 2358 712 .
2391 665 2512 708 cum
2551 651 2666 720 ipse
2705 649 2922 722 quidem
2975 662 3192 702 causam
3242 648 3491 718 gemendi

1915 757 2019 796 non
2045 741 2245 794 haheat
2303 739 2386 796 vel
2445 739 2684 804 dolendi,
2746 737 2914 807 gemit
2949 746 3124 790 tamen
3149 752 3254 807 pro
3303 753 3367 792 eo
3395 738 3488 810 qui

1913 845 2136 887 causam
2171 830 2337 892 habet
2371 829 2624 904 gemendi
2659 828 2744 884 vel
2778 827 3019 884 dolendi.
3054 825 3169 884 Hoc
3193 838 3375 884 autem
3405 827 3490 884 di-

1914 923 1988 978 cit
2021 923 2204 979 facere
2230 933 2540 980 creaturam
2572 936 2670 989 pro
2697 935 2762 978 eo
2794 920 2937 990 quod
2974 918 3206 976 vanitati
3241 919 3491 988 subjecta

1909 1023 2013 1081 est,
2047 1021 2101 1066 ct
2139 1013 2192 1064 in
2257 1014 2520 1069 servitute
2569 1011 2940 1084 corruptionis
2970 1011 3144 1082 posita
3179 1019 3282 1073 est.
3320 1009 3447 1066 Haec
3474 1049 3492 1078 ,

1911 1113 2174 1172 quantum
2195 1103 2260 1160 ad
2281 1103 2450 1174 ipsius
2471 1103 2753 1172 apostolici
2778 1103 3308 1164 set'moitisordiuent
3325 1104 3491 1172 perti-

1910 1205 2023 1257 net,
2053 1193 2336 1260 explanata
2363 1194 2492 1250 sint.
2524 1207 2676 1250 hunc
2703 1205 3010 1263 repetentes
3031 1178 3395 1252 discutiamus
3415 1193 3494 1250 in-

1913 1285 2111 1340 tentius
2137 1300 2256 1358 qua:
2283 1295 2364 1342 est
2394 1286 2494 1344 ista
2523 1287 2738 1344 vanitas
2767 1288 2857 1342 cui
2886 1296 3140 1344 creatura
3157 1286 3354 1342 dicitur
3371 1299 3498 1354 esse

1910 1374 2176 1444 subjecta,
2207 1385 2392 1450 etquae
2423 1386 2506 1432 est
2537 1378 2639 1434 ista
2660 1379 2938 1448 corruptio
2966 1380 3031 1434 de
3054 1377 3209 1448 cujus
3225 1377 3490 1434 servitute

1910 1466 2244 1522 liberandam
2269 1485 2327 1528 se
2348 1468 2508 1540 597
2528 1479 2731 1540 sperat.
2747 1471 2874 1526 Mihi
2901 1471 3111 1526 videtur
3134 1470 3276 1540 quod
3298 1469 3366 1524 de
3391 1471 3490 1524 hac

1911 1561 2177 1618 niatetiali
2203 1569 2256 1614 et
2279 1563 2621 1630 corruptibili
2651 1563 2900 1632 corporis
2944 1563 3250 1618 substantia
3279 1565 3376 1617 ista
3401 1562 3488 1616 di-

1909 1661 2126 1706 cantur.
2154 1650 2340 1724 Neque
2373 1655 2518 1712 enim
2552 1656 2826 1723 corruptio
2856 1655 2947 1710 alii
2968 1655 3220 1724 cuiquam
3247 1653 3358 1724 (82)
3385 1653 3486 1708 nisi

215 1741 452 1798 velanda
499 1743 605 1808 sit;
633 1743 1121 1810 atqueinodo-qute
1155 1756 1301 1798 nunc
1335 1741 1580 1796 videmus
1605 1779 1622 1805 ,
1656 1757 1674 1791 ι
1712 1755 1805 1810 per
1835 1755 1878 1810 Β
1908 1741 2119 1809 corpori
2139 1742 2468 1798 dominatur.
2491 1741 2624 1798 Nam
2644 1744 2734 1804 ille
2758 1744 2987 1804 interior
3005 1745 3165 1798 homo
3183 1745 3275 1814 qui
3295 1761 3490 1802 secun-

212 1834 505 1902 SlWCllliull
525 1834 778 1890 videmus
791 1843 846 1888 et
871 1833 924 1890 in
948 1834 1257 1900 muigtnate,
1275 1841 1403 1890 tunc
1421 1847 1488 1890 au
1498 1842 1626 1897 tem,
1640 1851 1658 1883 ι
1677 1845 1808 1886 cum

213 1925 436 1980 Venerit
470 1923 637 1982 Filius
663 1924 900 1980 hominis
929 1923 982 1980 in
1013 1922 1185 1991 gloria
1206 1921 1382 1979 Patris
1408 1931 1460 1978 et
1491 1931 1807 1976 sanctorum

211 2013 562 2082 angelorum,
581 2009 911 2071 videbimusi
936 2013 1075 2068 facie
1101 2011 1170 2068 ad
1199 2010 1395 2068 faciem
1420 2011 1486 2074 ⁸⁸.
1523 2031 1542 2070 ο
1562 2045 1565 2047 -
1587 2011 1724 2068 sicut
1755 2019 1811 2068 et

211 2099 466 2160 Joannes
489 2102 628 2164 dixit
659 2119 674 2156 :
713 2120 734 2154 ι
769 2102 906 2168 Quia
938 2101 1240 2158 videbimus
1261 2116 1384 2158 eum
1407 2101 1566 2156 sicuti
1600 2101 1796 2155 οδω.»

212 2191 328 2246 Sed
351 2201 405 2250 et
422 2191 510 2246 illa
530 2203 710 2260 potest
729 2191 899 2248 videri
922 2189 1036 2262 (79)
1051 2189 1223 2260 gloria
1241 2203 1361 2256 qua:
1382 2187 1666 2246 revelanda
1699 2197 1806 2256 est,

212 2294 345 2336 cum
371 2283 437 2338 de
464 2280 698 2350 singulis
717 2281 1023 2349 quibusque
1043 2279 1345 2336 rationibus
1361 2279 1568 2344 mundi,
1601 2278 1682 2336 vel
1713 2294 1807 2334 eo-

215 2385 344 2426 rum
361 2387 480 2440 qna:
498 2387 661 2444 supra
679 2371 935 2431 tumulum
954 2371 1343 2440 suut,cmperit
1357 2371 1598 2428 doctrina
1615 2385 1810 2440 ceguo-

213 2461 320 2526 sci,
345 2469 398 2520 et
424 2461 665 2520 thesauri
696 2461 970 2528 sapientiae
989 2460 1102 2532 ejus
1123 2477 1184 2516 ac
1216 2460 1460 2516 scientize
1488 2459 1716 2516 revelari
1737 2460 1806 2513 θ’.

213 2550 347 2608 P051
372 2551 487 2610 hac
514 2551 684 2608 dicit:
719 2570 737 2602 ι
775 2552 906 2606 Nam
941 2551 1280 2622 exspectatio
1315 2558 1582 2606 creatura:
1603 2549 1811 2604 revela-

212 2643 424 2700 tionem
443 2643 682 2703 ﬁliorum
701 2645 788 2700 Dei
813 2652 1146 2714 eaSpcctam
1159 2641 1354 2700 Volens
1366 2642 1652 2698 ostendere
1672 2642 1810 2712 Apo-

210 2735 395 2790 stolus
411 2745 612 2805 quanta
645 2737 931 2810 qualisque
953 2736 1024 2791 sit
1051 2735 1221 2804 gloria
1256 2751 1376 2806 qua:
1405 2733 1695 2789 revelanda
1723 2744 1808 2790 est

209 2827 267 2878 in
294 2826 430 2894 ipso,
463 2826 546 2884 vel
572 2827 624 2880 in
658 2827 741 2884 bis
767 2828 858 2896 qui
878 2840 1084 2902 agones
1109 2827 1311 2884 Christi
1331 2827 1543 2897 integre
1569 2826 1806 2880 desuda-

216 2919 424 2982 vcrint,
455 2918 532 2976 ait
557 2919 721 2976 etiam
762 2930 1098 2984 creaturam,
1140 2927 1328 2988 utpote
1361 2918 1749 2978 rationabilem
1782 2955 1799 2984 ,

215 3009 421 3066 habere
451 3011 916 3086 esspeetatioucm
969 3011 1304 3082 quamdam,
1337 3021 1391 3070 et
1425 3024 1576 3082 spem
1613 3025 1804 3079 gerere

1914 1834 2040 1886 dum
2075 1833 2242 1886 Deum
2273 1842 2498 1890 creatus
2525 1843 2628 1899 est,
2657 1844 2714 1890 et
2737 1835 2802 1888 ad
2836 1835 3124 1905 imaginem
3160 1837 3250 1890 Dei
3290 1836 3492 1902 factus,

1912 1922 2343 1993 incorruptibilis
2390 1932 2474 1986 est
2503 1936 2556 1982 et
2589 1925 2880 1982 invisibilis
2905 1964 2924 1992 ,
2949 1936 3004 1982 et
3029 1927 3329 1998 secundum
3365 1942 3490 1996 pro-

1910 2015 2084 2080 nr-iam
2110 2015 2190 2072 sui
2219 2015 2488 2074 rationem
2518 2014 2630 2087 (85)
2659 2017 2824 2078 etiam
2860 2018 3217 2088 incorporeus
3251 2016 3359 2080 dici
3389 2031 3487 2086 po-

1913 2119 2038 2170 test.
2068 2109 2321 2166 Exterior
2345 2125 2478 2168 vero
2509 2112 2672 2168 homo
2706 2122 2762 2168 et
2801 2126 3095 2182 corporeus
3129 2123 3186 2168 et
3211 2113 3484 2182 corrupti-

1910 2201 2036 2256 bilis
2085 2200 2197 2274 (84)
2245 2201 2484 2270 dieitur;
2538 2213 2758 2276 propter
2790 2205 2935 2276 quod
2981 2215 3037 2258 et
3085 2205 3286 2260 Paulus
3336 2207 3484 2261 dice-

1911 2291 2002 2346 bat
2024 2292 2072 2322 ”
2103 2309 2116 2344 :
2149 2309 2168 2342 ι
2199 2289 2335 2348 Nam
2365 2302 2419 2348 et
2457 2294 2501 2350 si
2537 2293 2581 2348 is
2611 2295 2702 2363 qui
2734 2295 2942 2352 deforis
2991 2306 3073 2349 est
3101 2295 3266 2352 homo
3299 2305 3487 2354 noster

1911 2385 2278 2456 corrumpitur
2303 2425 2322 2452 ,
2352 2387 2448 2442 sed
2477 2389 2567 2457 qui
2599 2388 2747 2447 intus
2782 2397 2866 2444 est
2915 2399 3239 2450 renovatur.
3281 2407 3300 2442 ι
3340 2389 3487 2445 lute—

1915 2478 2074 2536 rioris
2129 2489 2310 2538 autem
2359 2479 2597 2537 hominis
2641 2481 2922 2540 renovatio
2952 2480 3064 2555 (85)
3091 2521 3107 2548 ,
3144 2489 3335 2550 utpote
3389 2482 3486 2551 qui

1909 2579 1992 2626 est
2024 2570 2361 2624 rationabilis
2409 2580 2462 2625 et
2495 2571 2607 2642 (86)
2654 2588 2806 2634 tuens
2831 2613 2848 2639 ,
2900 2573 2954 2628 in
2995 2574 3276 2643 agnitione
3304 2575 3400 2632 Dei
3429 2581 3488 2628 et

1909 2661 2211 2730 Capacitate
2241 2663 2416 2716 sancti
2446 2662 2682 2732 Spiritus
2712 2673 2947 2722 constat.
2975 2663 3174 2722 Verum
3211 2675 3272 2722 ut
3301 2665 3482 2731 aliqua

1910 2750 1977 2806 de
2032 2759 2142 2803 tam
2200 2751 2488 2820 profundis
2522 2753 2682 2806 rebus
2730 2753 2970 2806 breviter
2995 2768 3060 2810 ac
3098 2754 3330 2812 strictim
3368 2753 3482 2826 (87)

1907 2842 2072 2896 etiam
2116 2843 2382 2898 chartulis
2426 2846 2836 2904 committamus
2864 2883 2880 2908 ,
2911 2859 2979 2899 ex
3031 2846 3146 2922 ipsa
3203 2847 3482 2912 interioris

1909 2932 2167 3000 hominis,
2195 2933 2298 2988 hoc
2335 2943 2440 2998 est,
2477 2933 2672 2988 anima:
2700 2935 3014 3006 mentisque
3043 2937 3346 3000 substantia
3367 2937 3482 2994 col-

1907 3024 2140 3098 ligamus
2192 3025 2531 3096 imaginem,
2583 3027 2856 3095 quomodo
2889 3045 2908 3078 ‹
2948 3028 3174 3086 vanitati
3223 3039 3477 3090 creatura

214 3101 475 3171 temporis
494 3101 634 3155 illius
657 3115 764 3168 quo
790 3099 1079 3156 revelanda
1103 3109 1186 3154 851.
1215 3100 1384 3169 gloria
1416 3101 1651 3156 liiiOl‘tllll
1670 3099 1788 3167 Dei,
1902 3113 2142 3182 subjecta
2175 3126 2258 3170 est
2294 3131 2398 3170 ηοιι
2423 3115 2632 3184 volens,
2657 3117 2750 3172 sed
2779 3126 3000 3190 propter
3031 3132 3154 3172 eum
3303 3119 3482 3188 sume.

218 3193 323 3252 hoc
357 3203 460 3256 est.
489 3209 610 3249 cum
665 3193 1053 3254 revelabuntur
1085 3211 1148 3254 ea
1177 3209 1298 3268 quin
1325 3204 1626 3266 prteparata
1665 3205 1796 3260 sunt

216 3284 302 3338 Lis
325 3285 416 3355 qui
455 3285 546 3342 lilii
571 3287 667 3341 llei
696 3301 816 3346 esse
850 3289 1206 3350 merebuntur
1233 3286 1482 3359 (80),.aut
1502 3299 1650 3348 certe
1670 3304 1792 3350 cum

219 3375 404 3432 ablato
433 3378 500 3428 ab
528 3377 612 3434 his
638 3378 909 3436 velamine
942 3395 1049 3447 quo
1071 3379 1419 3452 obtegttntur,
1453 3378 1790 3438 manilestati

219 3465 422 3524 fuerint
453 3466 551 3538 ipsi
587 3469 712 3538 quia
742 3469 834 3528 lilii
868 3470 957 3528 Dei
981 3480 1126 3530 sunt.
1153 3469 1283 3537 Quae
1308 3481 1490 3526 autem
1519 3480 1603 3524 est
1641 3487 1794 3526 erea-

221 3566 338 3608 tura
369 3571 486 3624 quae
523 3573 541 3612 t
571 3556 958 3614 revelatiouem
1015 3559 1248 3614 liliorutn
1283 3559 1371 3613 Dei
1399 3561 1730 3632 exspectat?
1768 3579 1790 3613 ι

221 3641 363 3710 ΙΙειξο,
403 3645 615 3720 inquit,
673 3663 792 3718 qua:
829 3663 971 3703 nunc
1001 3667 1020 3700 ι
1057 3651 1285 3708 vanitati
1318 3648 1560 3718 subjecta
1591 3660 1719 3706 est:
1769 3669 1789 3704 ι

220 3732 462 3802 Subiecta
493 3744 671 3792 autem
709 3755 726 3788 ε
763 3753 866 3792 non
893 3738 1099 3808 volens,
1135 3759 1154 3791 ι
1187 3755 1287 3795 nec
1323 3748 1522 3810 sponte
1551 3741 1791 3812 propria,

221 3828 314 3882 sed
348 3827 628 3884 voluntate
657 3829 773 3899 ejus
813 3831 905 3900 qui
935 3831 1214 3904 dispansat
1254 3831 1535 3886 universa.
1564 3832 1794 3906 Propter

222 3919 392 3988 ipsum
426 3934 556 3990 ergo
589 3921 702 3990 (8|)
743 3921 984 3988 subjecta
1014 3932 1131 3986 est;
1185 3923 1426 3991 subjecta
1477 3933 1654 3982 autem
1687 3941 1791 3979 non

223 4023 285 4064 ea
313 4009 623 4066 conditione
657 4019 716 4071 ut
751 4021 967 4066 maneat
1001 4027 1220 4090 semper
1245 4013 1486 4085 subjecta
1524 4015 1791 4082 vanitati,

221 4099 312 4154 sed
361 4115 484 4156 cum
531 4101 768 4168 quadam
820 4117 934 4171 spe.
977 4103 1106 4168 Qua:
1139 4113 1322 4158 autent
1372 4103 1443 4156 sit
1482 4118 1612 4178 spes
1644 4105 1743 4158 ista
1777 4143 1792 4171 ,

221 4201 629 4256 commemorat,
661 4192 848 4246 dicens
875 4211 888 4246 :
923 4212 945 4246 ι
984 4193 1246 4266 Quoniam
1278 4207 1332 4251 et
1363 4197 1506 4265 ipsa,
1539 4214 1558 4246 ο
1595 4196 1788 4266 inquit,

227 4300 244 4333 c
285 4292 532 4342 creatura
564 4283 882 4340 liberabitur
924 4302 952 4337 a
987 4287 1252 4341 servitute
1306 4287 1705 4360 corruptionis,
1737 4287 1792 4342 in

224 4377 522 4436 lbertatetn
550 4378 735 4448 gloria:
777 4379 1013 4434 ﬁliorum
1051 4379 1163 4434 Dei.
1195 4398 1216 4431 ι
1253 4380 1340 4434 Alt
1375 4390 1556 4435 autem
1591 4380 1794 4434 Paulus

1903 3205 1980 3259 cit
2006 3221 2125 3260 eam
2171 3206 2224 3260 in
2256 3223 2350 3278 spe
2373 3208 2457 3280 9‘;
2496 3227 2516 3260 ο
2556 3219 2610 3264 et
2653 3209 2864 3286 ipsum,
2900 3209 2946 3266 si
2983 3211 3216 3278 videtur,
3247 3212 3474 3267 Paulum

1902 3311 2168 3367 ponamus
2208 3298 2259 3354 iit
2292 3299 2495 3366 medio,
2540 3299 2698 3374 cujus
2741 3303 2933 3374 utique
2970 3303 3152 3360 anima
3181 3303 3265 3357 vel
3301 3319 3480 3372 mens,

1901 3391 1992 3464 qui
2025 3399 2109 3447 est
2143 3389 2368 3448 interitir
2408 3391 2526 3466 ejus
2555 3395 2739 3461 homo,
2772 3397 3182 3468 supergreditur
3204 3407 3258 3450 et
3286 3411 3480 3451 ascen—

1902 3479 1980 3533 dit
2014 3495 2174 3534 omne
2199 3483 2344 3552 quod
2373 3497 2696 3553 corporeum
2733 3493 2816 3540 est
2838 3524 2854 3554 ,
2887 3485 3030 3554 quod
3066 3485 3305 3551 visihile,
3334 3488 3478 3562 quod

1901 3574 2088 3630 sensui
2120 3574 2366 3646 suhjaeet
2391 3583 2446 3628 et
2478 3575 2746 3646 aspectui,
2771 3585 2825 3629 et
2854 3576 3024 3650 ip‘sius
3051 3576 3246 3630 divina:
3270 3588 3481 3636 natura

1901 3664 2134 3720 cllicitur
2173 3680 2372 3738 capax.
2402 3663 2510 3720 Sed
2545 3667 2660 3719 lucc
2696 3675 2844 3719 tanta
2876 3676 2930 3719 et
2962 3665 3084 3718 talis
3119 3663 3233 3737 (88)
3281 3668 3480 3740 animze

1902 3755 2024 3825 ejus
2045 3755 2355 3812 substantia
2389 3769 2510 3826 (tunc
2543 3755 2786 3812 rationes
2821 3764 2877 3810 et
2907 3755 3322 3825 intelligentiam
3355 3773 3476 3813 cte—

1903 3847 2122 3904 lestium
2185 3848 2602 3920 divinorumque
2641 3861 2900 3901 sensuum
2953 3857 3098 3904 tenet
3147 3845 3363 3919 (quibus
3411 3865 3477 3904 ex

1902 3941 2103 4012 causis,
2137 3940 2278 3997 Deus
2309 3938 2548 4012 viderit),
2570 3939 2812 4014 subjecta
2843 3949 2926 3994 est
2959 3941 3204 3995 servituti
3231 3946 3479 4018 corporis

1902 4032 2308 4104 corruptibilis,
2359 4042 2416 4088 et
2443 4033 2670 4088 vanitati
2711 4029 2828 4101 ejus
2856 4032 3104 4088 devineta
3145 4042 3251 4088 est.
3284 4035 3477 4091 Causi-

1905 4126 2036 4184 dera
2065 4126 2212 4180 enim
2263 4125 2617 4182 necessitates
2645 4125 2929 4198 corporis,
2951 4126 3312 4202 appetentiam
3343 4129 3473 4194 cibi,

1901 4216 2264 4290 digestionum
2292 4217 2556 4290 pudorem
2585 4215 2696 4288 (89)
2727 4256 2763 4284 ,i.
2781 4217 3117 4287 posteritatis
3160 4219 3477 4288 reparandae

1903 4311 2312 4377 verecundiam,
2364 4319 2421 4366 ut
2461 4310 2666 4366 seritur
2697 4309 2933 4376 soboles,
2967 4319 3023 4362 ut
3051 4309 3250 4378 editur,
3282 4320 3341 4364 ut
3376 4327 3477 4364 nu-

1903 4403 2065 4460 tritur
2105 4419 2120 4468 ;
2173 4413 2226 4458 et
2275 4403 2398 4458 vide
2441 4402 2495 4456 in
2542 4401 2627 4454 his
2671 4407 2876 4472 quanta
2929 4399 3140 4453 vanitas
3189 4399 3473 4467 habeatur,

225 4469 357 4524 scire
377 4485 435 4524 se
463 4479 517 4524 et
544 4470 750 4524 similes
786 4470 910 4533 sibi,
963 4490 982 4523 ι
1021 4472 1280 4541 quoniam
1315 4473 1497 4526 omnis
1538 4483 1789 4528 creatura
1826 4510 1872 4566 Β
1900 4509 2102 4564 quanta
2155 4495 2437 4564 corruptio
2462 4537 2475 4560 ,
2518 4493 2602 4548 cui
2653 4469 2903 4546 creatura
2951 4492 3147 4544 animai
3195 4491 3389 4546 nobilis
3415 4498 3473 4545 et

227 4561 571 4627 congemiscit
597 4570 653 4622 et
679 4562 927 4618 codolet
960 4578 1133 4636 usque
1163 4563 1366 4630 adhuc,
1403 4584 1426 4616 δ
1459 4563 1581 4632 vel,
1629 4576 1689 4622 ut
1733 4567 1784 4620 in

285 4676 324 4746 ξτ
355 4675 640 4746 noon",
674 4677 758 4734 t7.
833 4678 881 4710 θ’
914 4677 952 4732 ll
985 4678 1110 4735 Cor.
1142 4680 1256 4746 i,5.
1293 4680 1342 4711 ³ο
1406 4677 1564 4734 Rom.
1594 4693 1713 4746 vm.
1746 4680 1835 4736 18-

229 4745 324 4800 l"ll
351 4745 480 4802 Cor.
517 4763 588 4813 Iv,
616 4748 703 4802 l6.
802 4749 850 4781 “
878 4749 1034 4804 Rom.
1071 4745 1201 4813 vni,
1229 4751 1319 4803 20.

294 4839 402 4909 (77)
433 4839 600 4907 Alias,
635 4859 654 4892 ι
683 4841 738 4898 in
768 4842 1092 4897 immensum
1127 4843 1289 4898 nobis
1321 4851 1581 4898 mtcrnum
1609 4842 1796 4910 gloria:

229 4910 448 4978 pondus,
486 4928 505 4962 ι
539 4919 648 4966 etc.

298 4977 406 5049 (78)
445 4979 536 5035 Sic
558 4989 706 5036 recte
740 4998 844 5038 rus.
879 4997 1022 5039 unus
1051 4983 1256 5052 [legitis
1287 4998 1437 5038 nutu.
1476 4981 1638 5043 1659,
1670 4982 1790 5042 (ite-

231 5052 322 5104 tcri
345 5064 474 5104 vero
503 5065 633 5104 mss.
659 5061 717 5106 et
743 5053 895 5115 editi,
939 5069 958 5103 ι
991 5063 1086 5105 snt
1116 5053 1170 5106 in
1199 5067 1474 5107 mensura.
1515 5072 1536 5108 ο

293 5119 401 5189 (79)
432 5119 602 5192 Alias,
637 5139 658 5173 ι
699 5121 804 5178 Sed
837 5125 1004 5176 etiam
1036 5123 1121 5176 illa
1163 5133 1363 5192 (tutost,
1391 5142 1415 5180 ο
1453 5132 1566 5180 etc.
1593 5162 1610 5188 .
1667 5121 1740 5180 al.
1771 5161 1790 5190 ,

236 5205 254 5240 ι
283 5191 355 5260 sic
383 5189 556 5260 etilla
587 5201 787 5260 potest,
828 5211 847 5243 ι
879 5201 985 5246 etc.

294 5256 398 5327 (80)
430 5256 640 5327 Εειίιὶξι
675 5256 858 5316 vocari
884 5261 1256 5316 merebuntur.
1296 5279 1317 5314 ο

440 5317 601 5399 Ergo.
627 5329 792 5394 Etliti,
827 5349 847 5384 ι
880 5343 1082 5384 autem.
1121 5349 1141 5383 ι
1459 5387 1462 5391 .

430 5397 596 5471 ξᾴἶιὶ,
637 5417 657 5452 ι
689 5401 849 5454 alicui
880 5401 1196 5471 quidquam,
1237 5420 1258 5452 ι
1297 5401 1456 5458 male.

293 5467 405 5536 (8'5)
438 5468 605 5534 Editi,
642 5488 662 5521 ι
697 5471 800 5525 sibi
833 5467 1122 5525 rationem.
1161 5489 1182 5522 9
1403 5523 1409 5527 ,
1775 5531 1778 5534 ἠ

235 5537 402 5664 mist)
443 5537 590 5594 εάίιί
615 5581 630 5608 ν
673 5555 958 5611 Perpetem
986 5579 1003 5605 ,
1049 5557 1070 5592 ι
1119 5549 1173 5595 et
1208 5556 1438 5609 corpus
1465 5544 1794 5614 corruptibi-

251 5625 311 5664 ιε.
351 5627 369 5660 ι

299 5679 406 5747 (85)
436 5677 527 5734 Sic
555 5676 812 5736 Babanus
842 5691 898 5736 ct
928 5696 1028 5734 ms.
1057 5695 1197 5737 unus
1231 5680 1443 5750 Regius.
1479 5682 1619 5742 Editi
1643 5699 1793 5750 vero,

1899 4585 2237 4642 rationabilis
2271 4585 2400 4640 licet
2423 4598 2530 4636 non
2565 4582 2752 4638 volens
2800 4583 3040 4651 subjecta
3073 4587 3156 4636 est
3180 4619 3196 4644 ,
3227 4579 3474 4651 subjecta

1908 4681 1952 4711 ’°
1975 4682 1992 4735 Ι
2019 4679 2146 4736 Cor.
2188 4695 2308 4746 stu,
2337 4678 2424 4732 12.
2497 4677 2542 4710 “
2577 4674 2941 4740 lJoan.ttt,‘2.
3018 4674 3290 4734 "Coloss.
3321 4691 3382 4742 ll,
3416 4676 3470 4731 ’5.

1909 4860 1928 4892 ι
1974 4837 2252 4892 lnterioris
2286 4843 2464 4889 autem
2493 4834 2728 4888 hominis
2757 4835 2808 4888 in
2843 4833 2929 4886 his
2959 4833 3256 4888 renovatio.
3297 4853 3316 4883 ι
3343 4833 3472 4889 Mss.

1901 4910 2143 4981 quidam,
2179 4927 2202 4981 μ
2244 4905 2524 4960 lnterioris
2562 4915 2742 4964 autem
2774 4904 3009 4962 hominis
3040 4903 3194 4971 cujus
3236 4919 3471 4959 renova-

1903 4975 1999 5042 tio,
2033 4998 2051 5030 ι
2089 4975 2250 5030 male.

1969 5049 2081 5117 (86)
2121 5045 2208 5100 Et.
2243 5046 2401 5099 Deest
2432 5045 2484 5102 in
2511 5045 2690 5100 editis.

1971 5113 2084 5244 (87)
2114 5119 2276 5184 Eoiti,
2307 5134 2326 5170 .t
2367 5119 2574 5178 statim,
2605 5136 2625 5168 ι
2658 5117 2814 5174 male.
2854 5113 3058 5174 Deinde
3081 5132 3210 5172 mss.
3247 5116 3468 5185 quidam

2002 5193 2258 5244 iabanus.
2291 5208 2309 5240 ι
2343 5197 2398 5241 et
2428 5189 2600 5244 ipsum
2637 5187 2912 5240 inti-rioris
2939 5187 3206 5244 hominis.
3238 5187 3340 5242 hoc
3362 5187 3468 5244 est.

1895 5202 1950 5244 et
1980 5187 2258 5252 liabanus,
2291 5208 2309 5240 ι
2343 5197 2398 5241 et
2428 5189 2600 5256 ipsum
2637 5187 2912 5240 inti-rioris
2939 5187 3206 5247 hominis.
3238 5187 3340 5242 hoc
3362 5187 3470 5255 est,

1897 5263 2092 5316 anima:
2121 5261 2426 5327 mentisque
2462 5258 2802 5318 substantim,
2841 5275 2860 5312 ›
2896 5267 2998 5312 etc.
3030 5258 3134 5312 Sed
3172 5257 3361 5314 melior
3390 5259 3469 5310 vi-

1900 5333 2060 5388 detur
2093 5331 2252 5384 lectio
2281 5329 2487 5384 codicis
2521 5327 2668 5396 Regii
2723 5343 2874 5381 nunt.
2906 5327 3044 5383 1639
3073 5339 3126 5380 et
3153 5330 3421 5382 editorum
3449 5369 3466 5393 ,

1898 5400 2150 5472 quamin
2178 5410 2394 5472 teritum
2417 5397 2759 5472 retinuimus.

1971 5469 2082 5536 (88)
2117 5469 2280 5536 Editi,
2318 5485 2337 5519 α
2366 5469 2472 5526 Sed
2502 5477 2556 5522 et
2581 5476 2727 5526 tanta
2759 5477 2815 5522 et
2849 5467 2990 5534 talis,
3033 5487 3050 5522 ι
3081 5477 3186 5525 etc.

1971 5535 2084 5611 (89)
2127 5540 2218 5611 Sic
2252 5555 2353 5593 ms.
2385 5554 2526 5592 unus
2579 5536 2779 5611 Regius
2817 5556 2964 5594 nutu.
3003 5540 3138 5592 1659
3187 5551 3238 5593 ct
3292 5539 3467 5594 [laba-

1903 5610 2024 5667 nus.
2057 5610 2201 5664 Editi
2233 5624 2362 5664 vero
2390 5611 2442 5664 et
2473 5625 2600 5663 mss.
2629 5610 2896 5681 plerique,
2933 5629 2952 5664 ι
2983 5611 3348 5680 digestiouum
3373 5626 3470 5680 pit.-

1904 5692 2094 5737 ιοτειη.
2128 5698 2150 5736 1
