1957 3176
107 109 189 137 Hi3

591 107 768 141 εοδιδιΕΝτ.
787 112 820 140 ΙΝ
839 111 949 144 EPIST.
961 114 1007 142 AD
1024 114 1106 143 H03].
1127 113 1190 141 LIB.
1213 111 1267 160 Vll.

1673 115 1740 144 HM

108 167 163 193 stis
184 171 310 195 creatura
331 176 338 201 ;
366 167 401 195 ad
423 167 548 196 ultimum
568 177 633 199 vero
649 171 723 198 dicat
740 180 747 198 :
767 181 776 198 ι
795 172 903 201 Scimus
917 175 940 205 Α
958 183 967 200 ι
995 173 1054 202 Sed
1075 179 1101 202 el
1130 182 1179 202 nos
1197 175 1248 210 ipsi
1267 172 1400 209 primitias
1415 172 1532 207 Spiritus
1556 172 1696 201 habentes.
1727 184 1738 201 ι

106 212 192 239 enim
207 213 334 248 quoniam
353 213 441 241 omnis
455 215 578 242 creatura
597 216 784 252 congentiscit,
800 223 827 245 et
840 225 906 245 con-

107 256 194 284 dolet
212 257 235 274 “
248 257 287 293 (5)
304 269 310 286 :
327 267 336 284 ι
353 263 441 293 potest
464 259 504 286 sic
518 259 631 296 intelligi
645 281 652 294 ,
666 261 730 297 quia
746 269 799 289 non
817 263 906 290 omnis

106 302 227 337 quidem
243 304 281 339 (ι)
304 310 427 332 creatura
443 310 485 333 est
510 312 569 340 quae
596 306 750 342 ingemiscit
769 313 796 335 et
819 308 902 342 dolet,

108 347 171 375 hoc
185 353 227 376 est
251 356 311 384 qua;
334 351 490 378 necessitati
503 352 626 386 corporis
639 353 826 388 corruptibilis
839 354 905 381 sub-

103 392 192 427 iacet
207 403 214 421 :
231 395 320 422 omnis
343 401 435 424 autem
453 402 578 425 creatura
603 402 644 426 est
661 406 722 433 qua:
751 399 906 427 dolentibus

107 439 245 467 condolet
258 461 266 473 ,
291 445 318 468 et
337 448 398 476 qua:
421 442 592 477 gementibus
606 444 793 478 congemiselt.
809 443 905 472 Omnis

105 490 210 513 autem
226 492 352 514 creatura
374 488 499 522 superior
520 495 621 523 agones
636 493 663 515 et
684 489 833 516 certamina
854 497 904 517 no-

106 535 177 558 ειη
190 536 305 566 spectat.
318 537 346 559 et
359 532 434 560 dolet
448 540 510 559 cum
525 532 671 566 vincimur,
687 541 749 561 cum
768 541 833 561 vero
847 534 905 561 vin-

106 576 207 604 cimus
222 577 321 611 gaudet
335 577 428 613 (5);et
442 577 529 605 multo
544 577 695 612 plusquam
709 578 797 611 nobis,
807 578 904 613 illis(ti)

110 621 193 649 inest
208 622 325 657 gaudere
338 630 399 650 cum
423 622 602 657 gaudentibus
622 628 650 650 et
672 623 763 651 dolere
775 632 836 651 cum
857 626 906 651 do-

111 666 241 694 lentibus
254 667 287 695 ³⁸.

153 712 182 740 5.
198 721 208 738 ι
227 712 285 740 Non
299 713 387 741 solum
405 718 509 747 autem,
526 714 573 742 sed
592 719 620 742 et
636 721 685 742 nos
703 714 753 749 ipsi
772 714 905 750 primitias

112 757 240 792 Spiritus
263 758 418 794 habentes,
442 761 524 788 etiam
540 761 591 796 ipsi
618 760 688 788 intra
710 768 758 789 nos
773 761 906 796 gemimus

113 804 295 839 adoptionem
319 805 434 833 filiorum
449 806 488 842 (Ἰ)
509 810 701 841 exspectantes
712 826 721 839 ,
736 806 904 840 redemptio-

957 219 1065 247 Scimus
1090 220 1163 248 enim
1190 220 1324 256 scriptum
1353 225 1415 247 esse
1442 218 1469 245 in
1496 217 1554 252 lege
1579 218 1600 233 "
1628 218 1705 254 (10)
1729 227 1741 247 τ

958 273 968 290 ι
986 264 1125 292 Primitias
1141 272 1223 298 are-.e,
1240 269 1267 292 et
1282 264 1421 298 primitias
1435 263 1579 291 torcularls
1593 271 1645 290 non
1667 264 1742 290 fran.

956 309 1032 337 dabis
1052 318 1059 337 :
1080 319 1090 335 ι
1108 315 1135 337 et
1151 310 1173 326 ⁸⁸
1187 320 1193 337 :
1209 320 1219 336 ε
1242 310 1381 338 Primitias
1404 308 1524 336 omnium
1549 308 1654 343 frugqu
1679 313 1740 336 tua-

957 361 1016 381 rum
1030 353 1135 382 inferes
1153 354 1179 381 in
1195 354 1303 381 domum
1324 352 1431 380 Domini
1454 351 1500 378 Dei
1517 352 1565 378 tui.
1590 360 1599 376 ι
1614 351 1682 384 Quid
1697 359 1743 378 er-

955 406 989 433 go
1008 399 1022 426 ἲ
1038 399 1115 427 Sicut
1139 399 1267 434 primitia:
1291 405 1363 425 areze
1390 402 1416 424 et
1444 396 1571 431 primitiae
1597 396 1743 424 torcularis

955 445 1078 480 ejusdem
1095 445 1182 481 frugis
1197 449 1270 477 sunt,
1285 444 1364 476 cujus
1386 448 1427 471 est
1448 448 1475 469 et
1494 443 1595 477 reliqua
1613 450 1686 474 area,
1699 442 1743 470 vel

955 491 1076 526 ejusdem
1091 490 1147 525 (Η)
1172 491 1286 525 liquoris
1309 490 1386 523 cujus
1408 494 1437 516 et
1460 488 1590 520 torcular,
1612 488 1685 515 itane
1701 489 1743 515 vi-

955 536 1061 564 debitur
1084 535 1168 571 599
1184 540 1211 563 et
1232 535 1303 570 quod
1325 534 1392 561 dicit
1415 532 1540 568 primitite
1570 531 1688 566 Spiritus
1709 539 1743 559 ex

957 581 1048 609 multis
1065 582 1178 616 reliquis
1189 581 1333 616 spiritibus
1349 580 1452 606 sanctis
1465 583 1492 606 et
1509 578 1596 605 beatis
1610 585 1679 604 unus
1694 577 1745 604 alip

955 625 1017 662 quis
1031 633 1093 654 esse
1120 626 1296 661 praecipuus?
1312 625 1352 652 An
1370 624 1436 651 illud
1450 624 1540 658 potius
1551 622 1745 658 inteliigctnus,

955 673 1028 707 quod
1037 691 1045 705 ,
1058 672 1210 700 secundum
1223 679 1255 699 ea
1269 671 1325 706 (l2)
1345 678 1406 706 qua:
1416 669 1540 705 superius
1555 669 1745 700 disseruimus,

956 717 1034 745 multi
1059 717 1115 744 sint
1143 717 1259 752 spiritus
1283 716 1480 744 ministeriales
1505 714 1692 742 ministrantes
1717 713 1745 741 in

957 763 1112 791 ministerio
1138 767 1252 798 propter
1276 769 1324 790 eos
1349 762 1394 796 qui
1421 761 1610 788 hereditatem
1634 760 1745 794 capiunt

956 808 1054 836 salutis
1068 809 1101 840 ",
1117 809 1168 836 sub
1190 808 1290 843 quibus
1312 814 1398 842 agens
1421 807 1609 842 unusquisque
1630 807 1744 834 creden-

115 857 183 878 nem
202 851 327 886 corporis
349 851 447 879 nostri.
468 851 524 886 Spe
537 852 609 880 enim
625 851 692 879 salvi
718 851 781 879 facti
799 859 903 880 smnus.
921 842 942 869 Β
958 854 1024 881 tium
1047 853 1122 880 velut
1141 842 1351 880 subtutoribus
1370 857 1397 879 et
1421 852 1644 886 procuratoribus
1667 852 1745 878 insti-

116 894 191 930 Spcs
205 900 295 923 autem
310 904 371 931 qua:
384 896 499 928 videtur,
517 905 570 924 non
589 902 631 924 est
655 905 726 932 spes.
742 897 818 930 Quod
832 897 904 924 enim

117 941 197 969 videt
210 941 273 976 quis
285 962 293 974 ,
309 942 372 976 quid
388 942 502 977 sperat?
517 942 570 970 Sed
587 942 611 969 si
624 943 695 977 quod
712 950 764 970 non
782 943 905 971 videmus

115 992 264 1020 speraturos
275 1006 284 1019 ,
300 994 348 1021 per
364 987 524 1021 patientiam
540 992 732 1023 exspectamus
756 988 788 1016 “.
809 998 818 1015 ι
835 989 906 1016 Con-

113 1031 290 1059 suetudinem
303 1033 457 1067 apostolics
469 1033 634 1061 elocutionis
647 1041 709 1061 esse
721 1041 792 1069 sa-pe
810 1034 905 1062 docui-

114 1084 190 1109 rnus,
201 1085 262 1105 cum
278 1079 354 1111 dicit,
371 1088 381 1105 ι
398 1079 456 1107 Non
472 1079 558 1107 solum
575 1085 680 1112 autem,
694 1089 704 1106 ι
718 1085 746 1108 et
761 1080 826 1108 nihil
841 1082 906 1108 sub-

104 1121 208 1158 jungit
228 1124 273 1151 cui
297 1125 383 1159 aptari
409 1125 504 1153 debeat
518 1145 527 1158 ,
544 1126 732 1161 superioribus
749 1127 830 1153 dictis
846 1134 907 1154 csse

109 1168 295 1196 referendum
308 1191 316 1203 ,
335 1170 407 1198 sicut
422 1176 449 1198 et
468 1172 494 1199 in
515 1172 642 1207 praesenti
657 1171 777 1206 capitulo
793 1172 905 1207 intelligi

110 1213 213 1241 datur.
236 1214 303 1242 Tale
317 1223 433 1251 namque
447 1221 489 1244 est
504 1217 575 1252 quod
597 1217 689 1245 dicere
705 1217 832 1244 videtur:
848 1217 906 1244 Non

109 1259 208 1287 solum
222 1261 312 1287 omnis
329 1266 454 1289 creatura
470 1262 646 1297 congemiscit
659 1268 686 1290 et
702 1263 828 1291 condolet
839 1271 846 1296 :
859 1263 907 1291 sed

113 1308 147 1331 et
163 1312 214 1331 nos
231 1304 281 1339 ipsi
306 1305 441 1339 primitias
465 1305 583 1341 Spiritus
596 1305 727 1334 habentes
739 1325 748 1338 ,
770 1306 838 1333 intra
858 1314 907 1334 nos

118 1350 264 1382 gemimus.
283 1349 317 1377 Et
333 1358 382 1378 nos
400 1351 472 1378 enim
486 1357 675 1386 exspectamus
688 1351 863 1386 adoptionem
877 1352 908 1378 ll-

118 1394 218 1421 liorum
232 1394 290 1427 Dei,
303 1399 331 1421 et
348 1396 560 1429 redemptionem
571 1395 693 1431 corporis
703 1396 800 1423 nostri.
808 1396 908 1429 Qum-

119 1440 161 1467 vis
182 1440 234 1467 hoc
251 1440 311 1475 ipso
322 1439 377 1474 iatn
396 1441 467 1475 quod
481 1441 592 1469 Christo
614 1443 752 1470 credimus
765 1461 775 1474 ,
790 1442 906 1471 salutem

118 1485 209 1536 nobis.
228 1486 374 1520 praestilam
401 1487 567 1519 noverimus,
585 1492 681 1536 .tamen
697 1488 724 1515 in
746 1494 795 1522 spe
819 1487 906 1515 adhuc
918 1507 940 1536 ο

116 1536 159 1559 est
169 1531 244 1560 salus
256 1532 318 1565 ista,
330 1540 383 1560 non
400 1533 426 1560 in
441 1537 553 1568 aspectu
568 1532 714 1560 visibilium
731 1533 780 1569 (8).
795 1533 823 1559 Si
832 1533 904 1560 enim

115 1577 172 1612 jam
188 1577 336 1611 videretur.
355 1586 406 1606 non
422 1579 515 1613 utique
528 1584 697 1613 speraretur.
716 1579 813 1613 Sperat
829 1579 903 1606 cnim

116 1623 181 1657 quis
197 1627 227 1650 ut
242 1623 341 1651 videat.
355 1624 383 1651 Si
396 1632 458 1651 vero
467 1625 558 1652 videat
572 1632 632 1659 qnze
649 1626 787 1660 sperabat,
804 1632 903 1658 super-

118 1669 201 1696 uum
216 1673 259 1697 est
276 1671 345 1697 ultra
361 1677 472 1704 sperare
489 1678 550 1705 quae
572 1671 648 1698 videt
669 1670 719 1706 (9).
735 1670 790 1698 Nos
811 1675 901 1698 atttem

119 1722 196 1749 spem
212 1722 266 1742 non
279 1715 414 1742 habemus
428 1715 455 1742 in
475 1715 517 1743 his
531 1723 591 1751 qua:
606 1716 747 1749 videntur,
764 1725 797 1744 ne
815 1715 903 1744 inanis

120 1761 157 1787 sit
173 1768 235 1796 spes
254 1765 359 1794 nostra,
373 1762 419 1789 sed
440 1761 467 1789 in
483 1762 524 1789 Itis
548 1770 609 1797 qua:
633 1770 685 1790 non
709 1763 846 1790 videntur.
869 1762 904 1790 Et

122 1807 181 1834 ideo
194 1807 256 1842 quia
270 1814 331 1842 quae
345 1815 398 1835 non
415 1808 542 1835 videntur
556 1816 711 1843 speramus,
731 1813 759 1837 et
774 1814 828 1836 tant
844 1817 902 1836 ma-

122 1860 172 1887 gna
196 1858 259 1881 sunt
284 1858 394 1889 tamque
413 1854 530 1889 gloriosa
546 1874 555 1887 .
575 1860 603 1882 ut
621 1856 714 1883 multis
739 1856 879 1884 laboribus
893 1876 902 1890 ,

122 1898 265 1934 multisque
289 1899 510 1928 tribulationibus
531 1906 560 1929 et
585 1901 715 1936 periculis
740 1902 903 1937 capiantur,

122 1945 223 1972 idcirco
246 1952 276 1973 ea
294 1953 343 1979 per
366 1946 525 1981 patientiam
551 1953 756 1982 exspectamus,
774 1953 903 1982 tanquam

121 1989 164 2016 vix
194 1989 341 2025 aliquando
373 1997 497 2019 ventura.
529 1992 593 2020 Haec
622 1992 742 2021 diximus
770 1993 902 2021 directum

120 2036 274 2069 quemdam,
286 2041 312 2063 et
328 2035 485 2065 lucidiorem
498 2038 671 2066 sermonibus
693 2039 759 2073 ipsis
772 2038 904 2073 apostoli-

119 2080 158 2107 cis
171 2080 295 2109 ordinem
311 2081 419 2110 dantes.
429 2082 516 2116 Nunc.
531 2083 554 2111 si
570 2084 688 2117 videtur,
700 2085 766 2120 quid
778 2085 902 2120 estquod

958 900 1044 927 tuitur
1062 906 1150 934 usque
1167 898 1200 925 ad
1216 898 1381 932 praefinitum
1397 902 1503 932 tempus
1522 905 1536 925 a
1549 897 1629 925 Patre
1640 898 1675 929 η,
1693 898 1745 924 hoc

956 947 1018 975 est,
1043 950 1186 977 usqueqno
1208 942 1241 968 ad
1266 941 1414 976 legitimam
1432 946 1539 969 mtatetu
1559 941 1657 969 anitum
1681 947 1744 976 pcr-

955 986 1082 1015 fectionis
1095 986 1252 1019 advenerit,
1269 987 1314 1014 ubi
1329 986 1390 1021 quls
1404 986 1459 1020 jam
1482 992 1674 1020 supergressus
1688 984 1746 1021 (ιὸ)

956 1031 1082 1066 spiritum
1107 1032 1249 1059 servitutis
1271 1039 1351 1067 quem
1374 1036 1518 1066 acceperat
1539 1031 1565 1058 in
1586 1031 1703 1064 timore,
1728 1038 1745 1058 a

956 1084 1011 1111 quo
1033 1076 1106 1103 velut
1123 1076 1272 1111 pmdagogo
1294 1081 1469 1108 servaretur,
1489 1076 1586 1111 dignus
1608 1076 1746 1103 clliciatur

956 1122 1081 1157 accipere
1092 1121 1249 1157 adoptionis
1261 1121 1385 1156 spiritum
1399 1121 1535 1156 primitias
1546 1121 1663 1156 Spiritus
1676 1121 1699 1156 (l
1705 1121 1744 1156 4),

957 1175 1006 1203 per
1020 1175 1100 1203 quem
1117 1168 1262 1203 adoptatus
1277 1167 1304 1195 in
1322 1167 1407 1194 lilium
1428 1167 1514 1202 possit
1528 1168 1609 1194 etiam
1625 1166 1745 1202 printiti.

957 1222 1053 1242 rerum
1067 1213 1198 1241 Ecclesia:
1214 1221 1275 1249 qua:
1291 1213 1318 1240 in
1337 1213 1414 1241 caelis
1430 1218 1472 1240 est
1486 1213 1609 1240 sociari?
1625 1213 1657 1240 Et
1671 1213 1743 1241 sicut

959 1259 1043 1287 multo
1068 1258 1159 1287 differt
1180 1258 1265 1286 ﬁliuni
1290 1265 1351 1285 esse
1365 1265 1445 1292 quam
1461 1265 1570 1285 servum
1582 1277 1590 1290 ,
1606 1257 1643 1284 ita
1660 1257 1746 1285 multo

958 1304 1077 1333 differta
1095 1304 1326 1332 ministerialibus
1337 1303 1477 1338 spiritibus
1490 1303 1609 1337 Spiritus
1622 1308 1744 1335 sanctusI

957 1350 1036 1386 cujus
1056 1350 1194 1385 primitias
1209 1349 1309 1381 Paulus
1331 1357 1391 1376 cum
1414 1349 1471 1375 suis
1496 1349 1631 1376 similibus
1645 1349 1746 1377 habere

957 1402 988 1423 se
1002 1395 1079 1423 dicit.
1103 1394 1179 1423 Unus
1198 1394 1246 1422 hic
1264 1394 1363 1421 modus
1384 1394 1420 1421 sit
1435 1401 1489 1427 quo
1510 1393 1646 1421 sermonis
1664 1393 1745 1428 hujus

958 1441 1167 1476 intelligentiam
1191 1441 1330 1476 potuimus
1351 1440 1490 1474 indagare.
1514 1439 1660 1467 Videamus
1673 1447 1745 1467 nunc

957 1490 985 1514 et
1000 1486 1094 1515 alium.
1118 1485 1246 1521 Legimus
1263 1487 1334 1520 apud
1351 1486 1440 1520 ipsum
1457 1485 1611 1521 apostolum
1627 1484 1744 1514 Paulum

957 1531 1027 1558 dona
1047 1531 1089 1558 vel
1105 1531 1207 1567 gratias
1221 1531 1310 1560 sancti
1324 1530 1442 1565 Spiritus
1456 1531 1554 1559 multus
1568 1531 1678 1566 spiritus
1696 1539 1746 1558 no-

957 1577 1067 1609 minari,
1083 1583 1112 1604 ut
1125 1585 1186 1604 cum
1199 1578 1265 1605 dicit
1279 1585 1286 1604 :
1306 1585 1316 1603 t
1327 1577 1403 1604 Nunc
1414 1581 1505 1607 autem
1519 1577 1648 1612 quoniam
1660 1584 1745 1604 annu-

956 1622 1057 1651 latores
1071 1623 1139 1651 estis
1153 1623 1301 1659 spirituum
1314 1643 1323 1657 ,
1339 1624 1373 1651 ad
1387 1623 1597 1653 adiﬁcationem
1615 1623 1745 1652 Ecclesiae

956 1669 1071 1704 quaerite
1089 1673 1119 1696 ut
1138 1669 1284 1698 abundetis
1295 1670 1317 1690 ιι
1329 1677 1337 1702 ;
1349 1678 1359 1696 ι
1376 1674 1403 1697 et
1418 1669 1482 1697 item
1496 1669 1561 1698 alibi
1578 1679 1587 1700 :
1604 1679 1613 1697 ι
1625 1669 1744 1705 Spiritus

957 1714 1150 1749 prophetarum
1165 1715 1307 1749 prophetis
1317 1715 1434 1749 subjecti
1449 1720 1514 1744 sunt
1527 1716 1566 1749 υς
1580 1724 1591 1742 ι
1607 1716 1745 1750 subjectos

956 1760 1051 1789 dicens
1063 1760 1176 1795 spiritus
1190 1759 1247 1796 (l5)
1268 1761 1483 1795 prophetarum,
1507 1768 1561 1788 non
1587 1762 1665 1795 quasi
1685 1769 1744 1788 me-

957 1805 1018 1833 liori
1035 1805 1194 1839 inferiores,
1217 1805 1264 1832 sed
1284 1812 1334 1840 pro
1350 1813 1383 1832 co
1398 1805 1469 1840 quod
1486 1805 1589 1835 habens
1604 1806 1666 1840 quis
1680 1813 1745 1840 pro-

957 1851 1056 1887 phetize
1072 1852 1197 1888 spiritum
1223 1859 1276 1879 non
1300 1852 1404 1879 invitus
1424 1852 1498 1887 loqui
1514 1852 1640 1886 cogitur,
1665 1857 1694 1879 ut
1707 1852 1744 1880 illi

956 1899 1002 1934 qui
1030 1899 1131 1927 habent
1147 1898 1261 1935 spiritus
1285 1897 1463 1929 immundos.
1486 1898 1533 1925 sed
1556 1905 1617 1926 cum
1639 1897 1695 1925 vult
1716 1901 1745 1924 et

958 1945 1027 1972 ratio
1049 1945 1170 1981 postulat
1186 1944 1255 1973 dicit
1269 1953 1276 1972 :
1293 1952 1355 1973 cum
1371 1950 1436 1974 vero
1452 1942 1545 1970 dicere
1560 1947 1743 1978 opportunum

957 1998 1010 2018 non
1028 1991 1182 2024 videbitur,
1208 1990 1286 2024 silet,
1312 1991 1383 2019 bene
1397 1991 1488 2018 sciens
1506 1989 1573 2026 quia
1588 1994 1693 2023 tempus
1707 1989 1744 2018 sit

959 2036 1064 2064 tacendi
1079 2042 1107 2064 et
1122 2041 1228 2072 tempus
1240 2036 1369 2072 loquendi
1384 2037 1416 2064 “.
1440 2037 1472 2064 Et
1489 2037 1552 2066 ideo
1567 2045 1619 2066 non
1639 2036 1675 2065 ad
1698 2035 1743 2064 iu-

952 2083 1053 2118 juriam
1069 2083 1187 2117 dicitur,
1202 2083 1265 2119 quia
1290 2084 1429 2119 prophetis
1442 2084 1560 2119 subjecti
1573 2088 1636 2115 sunt
1657 2083 1742 2119 spiris

119 2131 189 2155 novo
206 2125 258 2154 hoc
272 2132 402 2155 sermone
427 2127 529 2155 indicet
551 2127 693 2157 videamus
706 2148 715 2162 ,
731 2137 786 2165 quo
806 2129 876 2161 dixit
893 2138 900 2157 :
919 2126 941 2155 D
957 2134 1015 2162 tus,
1030 2128 1077 2157 sed
1089 2128 1123 2156 ad
1139 2129 1370 2164 dispensationem
1381 2150 1389 2163 ,
1414 2130 1483 2157 sicut
1508 2135 1536 2157 et
1559 2129 1623 2159 illud
1637 2130 1739 2160 dictum

155 2207 181 2243 ’ξ
194 2207 273 2237 Rom.
285 2215 345 2240 vui,
358 2208 405 2236 22.
454 2208 476 2225 ¹⁸
490 2209 570 2237 Rom.
584 2218 640 2243 xu,
656 2210 700 2238 15.

750 2211 773 2228 ¹⁶
787 2211 866 2239 Rom.
880 2218 926 2239 vm
936 2232 944 2243 .
958 2211 1053 2239 22-25.
1101 2212 1122 2228 "
1146 2210 1224 2239 Num.
1237 2219 1302 2238 xvut
1315 2231 1323 2244 ,
1341 2211 1385 2238 27.

1435 2211 1456 2227 ⁸⁸
1469 2210 1543 2240 Exod
1556 2232 1563 2241 .
1579 2216 1676 2245 xxxiv,
1693 2211 1741 2240 26.

123 2241 147 2261 "
160 2241 242 2270 Hebr.
259 2251 280 2277 ι,
296 2244 340 2275 ιι.
375 2245 397 2265 κ’
411 2243 501 2273 Galat.
514 2252 552 2278 tv,
566 2245 594 2276 2.
629 2241 651 2266 ίι
666 2245 676 2276 Ι
689 2246 753 2274 Cor.
768 2254 806 2279 tv,
825 2246 870 2279 12.
885 2247 903 2263 ¹¹

958 2248 990 2275 κα.
1003 2246 1049 2277 53.
1087 2247 1110 2265 ²³
1127 2246 1217 2279 Eccle.
1234 2254 1276 2281 ut,
1291 2241 1319 2278 Ἰ.

155 2331 193 2395 (ἒ
210 2331 293 2367 Editi,
307 2342 317 2360 ι
330 2334 544 2369 congemiscitet
558 2335 686 2370 parturit,
698 2341 726 2364 et
739 2336 875 2371 condoiet,
888 2346 898 2364 ι

116 2373 199 2395 male.

154 2401 194 2437 (ι)
206 2401 331 2437 Quidam.
345 2403 372 2433 In
388 2403 471 2431 editis
486 2404 633 2432 omittitur.

203 2436 398 2477 EdiiiLI‘CIim
414 2439 625 2477 ergovincituus
640 2441 749 2477 gaudet.
768 2450 778 2467 ι

165 2471 192 2503 ϐ)
212 2472 242 2499 In
257 2472 341 2501 editis
352 2472 430 2501 deest
446 2471 460 2500 ἵ
473 2474 537 2503 illis.
556 2483 567 2501 ι

209 2506 291 2546 ξξᾱίιί,
310 2513 371 2546 ι-ςξι⁸
381 2507 432 2543 ipsi
449 2509 517 2536 intra
534 2517 584 2537 nos
607 2511 757 2546 gemimus.
775 2511 901 2546 adoptio-

115 2548 178 2573 nem
194 2541 309 2582 filiorum
326 2541 406 2574 Dei.)
422 2549 488 2577 etc.,
503 2549 531 2573 et
545 2541 652 2580 pOStEa,
664 2554 674 2571 ι
687 2545 716 2573 Si
727 2541 899 2582 autemquod

118 2584 170 2603 llOII
184 2577 318 2609 videmus,
338 2587 348 2603 ι
362 2582 416 2605 etc.

152 2611 191 2649 (_8)
210 2610 273 2639 Non
294 2612 448 2649 inhospeeltt
471 2614 623 2642 visibilium.
644 2613 692 2643 Sic
714 2623 780 2644 mss.
795 2623 902 2649 omnes.

121 2646 247 2684 [tabanus
260 2651 288 2674 et
297 2647 377 2684 editi,
389 2648 438 2675 nisi
453 2649 526 2684 quod
542 2649 799 2684 pleriqueomittant
815 2660 825 2677 ι
838 2651 875 2679 in.
889 2646 899 2678 ἰ

121 2679 281 2742 sSitla’cilntat’nen
302 2679 443 2718 legendum
460 2679 578 2717 iidett'tr,
596 2693 606 2710 ε
620 2679 676 2713 ὶιοη
693 2685 720 2713 in
736 2692 846 2721 aspectu
861 2686 901 2714 ri-

121 2723 198 2743 ειυιιι.
223 2725 233 2742 ι

289 2771 297 2783 ,
312 2760 321 2776 α
339 2759 392 2779 non
407 2758 449 2780 est
464 2753 536 2781 ultra
552 2761 676 2791 sperare_
683 2755 756 2791 quod
772 2755 855 2783 videt.
883 2766 891 2781 ι

154 2785 208 2821 (l0)
232 2786 280 2813 Sic
299 2793 393 2814 omnes
409 2795 475 2815 mss.
503 2785 587 2817 nostri
612 2794 639 2816 ct
662 2785 798 2821 Rihanns.
823 2791 893 2819 Editi

123 2827 193 2855 Vero,
215 2829 224 2847 ε
241 2821 377 2859 Scriptum
391 2823 527 2857 cstenim,
542 2829 571 2851 ut
586 2824 699 2858 scimus,
714 2825 740 2855 in
756 2825 826 2862 lege.
843 2834 853 2852 ›

991 2336 1047 2372 (Η)
1065 2335 1139 2372 Editi
1153 2340 1180 2364 et
1193 2343 1244 2363 ms.
1260 2343 1330 2372 unus
1347 2335 1447 2371 Regius
1463 2336 1651 2372 nrum.lb'r39.c
1663 2335 1739 2370 ejus-

957 2372 1017 2398 dem
1037 2370 1158 2406 liquoris
1173 2375 1216 2398 est
1229 2370 1306 2406 cujus
1327 2370 1552 2406 torcularpitaue
1564 2371 1708 2403 videbitur.
1729 2381 1738 2398 ι
1768 2382 1770 2385 ·

953 2411 1018 2439 etc.,
1032 2411 1060 2433 et
1073 2405 1150 2441 deest
1161 2415 1199 2441 ,κε
1224 2405 1311 2440 frugis
1329 2410 1391 2434 sunt
1405 2426 1413 2439 ,
1436 2405 1513 2440 cujus
1528 2411 1571 2434 est
1584 2410 1612 2434 et
1637 2406 1740 2441 reliqua

954 2448 1031 2472 area,
1047 2441 1089 2468 vel
1105 2440 1239 2475 ejusdem.
1255 2449 1265 2466 ι
1282 2444 1336 2468 etc.

988 2475 1046 2511 (η)
1064 2475 1143 2511 Εάἱιίν
1159 2479 1188 2503 et
1207 2482 1274 2502 mss.
1299 2475 1428 2511 quidam,
1448 2485 1458 2502 ι
1471 2475 1647 2510 intelligimus
1668 2476 1739 2511 quod

952 2517 1025 2543 cum,
1043 2510 1192 2538 secundum
1207 2517 1249 2537 ea.
1264 2519 1273 2536 ι
1299 2510 1401 2538 Deinde
1417 2519 1467 2538 ms.
1485 2518 1571 2541 unus.
1596 2519 1605 2536 ι
1617 2511 1740 2538 ministe-

951 2545 1033 2573 riales
1048 2545 1074 2572 itt
1091 2545 1271 2573 ministerium
1293 2546 1380 2572 Inissi~
1401 2555 1410 2571 ο
1434 2551 1487 2573 etc.
1500 2566 1507 2578 ,
1529 2550 1556 2573 et
1577 2546 1656 2580 paulo
1680 2550 1741 2580 post

950 2580 1027 2611 editi.
1047 2589 1056 2606 ι
1071 2580 1227 2612 instruitur,
1242 2588 1251 2605 ι
1276 2587 1326 2614 pro
1351 2588 1360 2605 ι
1375 2581 1536 2608 instituitur.
1550 2590 1559 2606 ι

987 2613 1044 2649 (l3)
1065 2614 1111 2642 Sic
1137 2615 1200 2642 editi
1227 2619 1255 2642 et
1277 2613 1343 2641 mss.
1363 2615 1420 2642 fere
1441 2622 1548 2644 omnes.
1572 2614 1623 2643 Ms.
1649 2618 1739 2642 tamen

952 2657 1021 2685 nuth
1037 2650 1136 2685 Regius
1151 2657 1227 2685 num.
1242 2649 1328 2685 1639.
1349 2657 1358 2675 ι
1376 2657 1516 2684 usquequo
1530 2650 1564 2678 ad
1588 2649 1738 2685 legitimam

952 2679 1138 2720 han-'edita'iem
1155 2684 1254 2711 animae
1267 2679 1439 2719 perfectioris
1452 2679 1604 2720 advenerit,
1614 2679 1652 2712 ‘ut
1672 2692 1737 2720 gra-

951 2719 1036 2746 datim
1052 2726 1260 2753 supergressus.
1275 2728 1285 2745 ›
1301 2723 1355 2746 etc.

985 2754 1041 2788 (td)
1058 2754 1196 2781 Primitias
1214 2753 1341 2788 Spiritus.
1359 2754 1421 2783 lucc
1435 2754 1516 2782 verba
1533 2755 1629 2784 desunt
1645 2755 1670 2784 in
1686 2763 1736 2787 ms.

948 2788 1033 2824 Regio
1047 2796 1121 2816 num.
1142 2788 1217 2824 l65l1.

982 2823 1039 2859 (15)
1055 2823 1183 2859 Spiritus.
1200 2823 1373 2853 Desideratur
1386 2824 1413 2854 iu
1429 2825 1520 2854 editis.
