3986 6206
379 217 531 273 ιιιτ

1322 219 1677 279 COMMENT.
1719 219 1786 276 IN
1825 217 2044 276 EPIST.
2084 219 2173 275 AD
2214 221 2379 279 R011.
2418 221 2544 279 LIB.
2588 221 2698 278 VII.

3492 228 3616 283 Il'IR

373 333 461 389 ris
482 336 679 404 nostri,
716 351 878 409 rego
904 340 1146 395 arbitror
1191 343 1336 411 quod
1388 342 1554 396 totius
1585 340 1837 396 Ecclesia:
1868 342 1949 395 in-
1977 344 2023 402 Α
2052 356 2175 395 cum
2210 351 2453 413 tempore
2486 343 2766 405 ﬁniuntur,
2810 358 2830 393 ο
2858 355 2981 411 quae
3002 350 3183 396 autem
3209 356 3313 397 non
3348 342 3616 410 videntur,

371 426 517 482 dicet
546 444 768 496 corpus,
796 432 939 485 sicut
958 439 1014 486 et
1037 432 1162 488 alibi
1195 433 1326 487 dicit
1358 449 1373 488 :
1416 451 1435 483 ι
1470 431 1576 486 Vos
1601 443 1779 487 autem
1810 433 1943 487 estis

367 530 569 588 corpus
589 519 816 585 Christi,
848 531 901 575 et
925 524 1164 577 membra
1188 538 1252 578 ex
1285 535 1439 594 parte
1472 525 1537 577 “.
1573 543 1591 576 ι
1621 523 1795 579 Omne
1812 541 1944 595 ergo

368 623 566 678 corpus
599 609 853 665 Ecclesiae
887 613 1256 666 redimendum
1286 624 1468 681 sperat
1499 616 1806 684 Apostolus.
1840 630 1939 671 nec

369 707 522 765 putat
551 714 711 765 posse
739 716 860 769 qum
889 700 1129 768 perfecta
1161 711 1285 756 sunt
1312 704 1431 758 dari
1463 705 1689 772 singulis
1719 708 1941 774 quibus-

366 802 472 858 que
492 790 775 858 membris,
805 792 907 847 nisi
932 793 1243 848 universum
1269 808 1470 863 corpus
1498 797 1549 849 iu
1584 812 1746 851 unum
1777 798 1941 855 fuerit

367 890 779 948 congregatum.
813 880 994 937 Potest
1026 892 1205 937 autent
1234 893 1288 938 et
1314 885 1393 940 sic
1436 886 1703 956 intelligi,
1747 898 1809 943 ut
1847 904 1937 945 re-

365 970 735 1038 demptionem
763 976 1007 1042 corporis
1042 976 1212 1030 nostri
1248 976 1393 1029 dicat
1426 977 1571 1030 illaut
1603 994 1723 1047 qua:
1756 981 1807 1034 in
1846 995 1935 1035 re-

361 1059 704 1113 surrectione
745 1061 922 1115 futura
956 1074 1064 1127 est,
1093 1079 1216 1117 cum
1253 1080 1358 1118 non
1387 1066 1560 1119 solum
1592 1068 1804 1129 animai.
1842 1069 1934 1124 sed

360 1158 413 1199 et
460 1165 692 1216 caritura
734 1154 951 1206 venient
992 1173 1009 1204 ι
1042 1166 1167 1210 ante
1198 1157 1432 1212 tribunal
1467 1159 1669 1213 Christi
1700 1201 1715 1226 ,
1750 1169 1806 1214 ut
1845 1177 1933 1216 re-

362 1248 539 1305 portet
558 1243 932 1310 unusquisque
956 1246 1172 1312 propria
1189 1248 1435 1314 corporis
1463 1258 1622 1315 prout
1646 1249 1891 1316 gessit",
1907 1267 1925 1300 ι

357 1338 411 1381 ει
454 1329 750 1384 secundum
783 1331 913 1385 illud
945 1336 1085 1402 quod
1116 1336 1319 1391 dictum
1351 1347 1437 1392 est
1463 1352 1478 1391 :
1521 1355 1542 1389 r
1574 1339 1784 1393 Timete
1816 1355 1931 1393 ma-

358 1422 440 1490 gis
469 1437 593 1475 eum
621 1422 712 1491 qui
756 1434 932 1491 potest
959 1436 1012 1478 et
1039 1441 1238 1496 corpus
1269 1437 1320 1483 et
1346 1429 1584 1483 animam
1617 1431 1843 1498 perdere
1874 1433 1928 1485 in

355 1514 655 1578 gehennam
690 1514 753 1568 ⁸⁸.
788 1534 807 1566 ι
854 1517 917 1570 Et
948 1518 1068 1571 ideo
1109 1519 1400 1574 dolendum
1440 1521 1728 1589 unicuique
1758 1531 1843 1575 est
1872 1523 1925 1575 in

356 1603 457 1657 hoc
479 1603 678 1658 sscqu
702 1615 751 1659 et
780 1608 1134 1673 gemendum.
1166 1623 1233 1663 ne
1262 1609 1400 1664 forte
1430 1626 1529 1679 per
1557 1612 1733 1665 malos
1763 1621 1921 1667 actus

353 1702 407 1746 et
458 1696 742 1762 prasentis
785 1698 906 1751 vitae
943 1699 1321 1769 negligentiam
1369 1716 1473 1756 non
1523 1713 1799 1756 mereatur
1839 1719 1922 1758 re-

352 1785 714 1852 demptionem
758 1790 1003 1856 eurporis
1055 1791 1139 1843 sui
1191 1792 1490 1860 consequi;
1541 1793 1637 1847 sed
1686 1793 1924 1847 inveniat

349 1889 473 1926 eum
503 1877 604 1928 ista
630 1878 899 1931 sententia
930 1894 1049 1946 qua:
1082 1894 1277 1951 corpus
1306 1889 1356 1934 et
1390 1881 1626 1934 animam
1660 1882 1922 1950 gehennte

353 1965 568 2033 ignibus
607 1968 829 2021 damnat
870 1969 1003 2039 (50).
1051 1970 1176 2025 Post
1211 1972 1325 2027 haec
1360 1971 1491 2026 dicit
1524 1988 1541 2026 :
1579 1990 1598 2023 ι
1632 1970 1741 2042 Spe
1775 1976 1920 2026 enim

352 2056 488 2111 salvi
517 2055 644 2111 facti
675 2074 883 2114 sumus.
919 2059 1055 2129 Spes
1081 2071 1261 2116 autem
1292 2078 1412 2131 quae
1436 2062 1668 2126 videtur,
1698 2078 1803 2118 non
1838 2074 1920 2119 est

350 2162 494 2215 spes.
517 2167 543 2199 ι
568 2149 719 2203 Sicut
747 2153 995 2219 superius
1018 2154 1085 2207 de
1106 2161 1354 2208 creatura
1381 2154 1616 2218 dixerat,
1638 2154 1763 2223 quia
1795 2171 1815 2206 α
1835 2168 1922 2207 va-

348 2239 505 2293 nitati
562 2242 803 2311 subjecta
860 2253 943 2298 est
992 2254 1214 2314 propter
1262 2259 1384 2300 eum
1436 2246 1530 2313 qui
1576 2245 1805 2313 subjecit
1863 2246 1917 2300 in

346 2346 440 2398 spe
467 2330 551 2389 "z
594 2355 609 2381 ι
643 2332 713 2386 ita
745 2344 802 2388 et
850 2336 939 2390 hic
986 2339 1051 2390 de
1096 2337 1390 2404 semetipso
1434 2336 1520 2390 vel
1562 2351 1916 2406 quoscunque

346 2434 531 2473 εεςιιιιιι
566 2426 912 2479 annumerari
952 2428 1139 2492 novit,
1184 2426 1358 2480 dicit:
1397 2444 1419 2479 ι
1450 2426 1558 2495 Spe
1590 2427 1733 2481 enim
1779 2429 1917 2483 salvi

348 2514 476 2571 tacti
520 2533 709 2572 sumus
744 2536 759 2572 :
805 2538 824 2571 ι
863 2519 1004 2573 sicut
1038 2529 1096 2574 et
1142 2519 1434 2589 gemitibus
1470 2530 1739 2576 creatum
1784 2536 1917 2576 suos

346 2618 563 2674 quoque
598 2609 831 2675 gemitus
878 2610 1131 2664 sociavit.
1172 2608 1452 2675 Quomodo
1490 2620 1669 2665 autem
1720 2612 1773 2664 in
1818 2626 1915 2682 spe

344 2698 414 2751 sit
447 2697 596 2750 salus
625 2698 736 2769 (δι)
772 2715 787 2751 :
821 2714 946 2768 spes
989 2715 1117 2754 vero
1146 2714 1251 2753 non
1278 2701 1349 2754 sit
1392 2700 1445 2754 in
1480 2700 1563 2754 his
1592 2702 1764 2770 posita
1790 2717 1913 2770 quae

341 2793 618 2859 videntur,
650 2795 741 2849 sed
768 2809 889 2862 qua:
916 2809 1023 2849 non
1054 2795 1335 2857 videntur,
1368 2797 1480 2865 jam
1510 2797 1758 2865 superius
1785 2800 1914 2854 edo-

340 2885 575 2940 coimus.
606 2886 738 2940 Illud
769 2887 947 2941 solum
974 2885 1210 2943 breviter
1250 2890 1511 2944 addemus
1534 2929 1548 2952 ,
1579 2891 1719 2958 quod
1750 2900 1803 2944 et
1844 2906 1912 2947 ex

340 2977 424 3031 bis
449 2979 793 3032 sermonibus
816 3018 832 3045 ,
864 2988 918 3033 et
946 2993 1014 3032 ex
1063 2978 1169 3033 illis
1212 2981 1262 3033 iu
1303 2981 1502 3049 quibus
1533 2982 1693 3048 dicit,
1742 3000 1765 3032 r
1794 2981 1909 3036 Non

339 3070 817 3138 respicientes’illa
848 3086 967 3140 quae
1004 3072 1276 3135 videntur,
1308 3075 1400 3128 sed
1434 3089 1554 3142 qua:
1589 3089 1694 3127 non
1727 3074 1910 3130 viden-

337 3171 424 3215 tur
453 3160 520 3226 ⁵⁸,
551 3179 571 3213 ι
603 3162 795 3217 edocet
841 3178 939 3218 nos
986 3164 1037 3218 in
1084 3164 1285 3218 futuris
1340 3166 1497 3220 bonis
1537 3166 1670 3220 nihil
1725 3181 1908 3222 eorum

334 3264 455 3317 quae
490 3266 634 3307 nunc
664 3252 938 3318 videntur,
972 3253 1251 3308 vel‘videri
1283 3266 1529 3323 possunt,
1558 3270 1782 3325 sperare
1812 3258 1908 3313 deo

334 3336 487 3399 here,
538 3339 751 3393 etiamsi
789 3341 989 3395 calum
1031 3342 1214 3396 videas
1247 3342 1390 3397 istud
1427 3344 1658 3411 visibile,
1694 3347 1905 3403 etiamsi

332 3436 554 3481 terram.
584 3428 723 3482 Audi
751 3429 817 3484 de
848 3430 958 3494 bis,
987 3432 1113 3500 quia
1148 3432 1382 3487 «coelum
1414 3442 1468 3487 et
1510 3443 1648 3488 terra
1680 3445 1906 3504 praeter-

331 3516 485 3570 ibuut
522 3517 601 3581 δ’,
635 3537 655 3569 ι
727 3519 958 3573 visibilia
1017 3523 1161 3576 enim
1222 3532 1388 3581 sunt;
1446 3534 1502 3577 et
1547 3525 1688 3592 quod
1733 3526 1903 3591 vides,

328 3609 461 3677 quid
485 3624 673 3678 speras
703 3610 793 3664 "?
828 3611 972 3667 Nihil
1008 3629 1140 3683 ergo
1181 3631 1403 3683 prorsus
1453 3618 1778 3685 sperandum
1818 3627 1902 3673 est

328 3700 382 3752 in
404 3700 588 3755 futttto
611 3705 676 3756 de
704 3703 787 3758 his
809 3718 928 3772 quae
952 3705 1227 3760 videntur.
1259 3724 1281 3756 ο
1299 3705 1497 3759 Oculus
1522 3724 1542 3758 ο
1578 3709 1721 3761 enim
1748 3724 1768 3757 ι
1795 3724 1899 3763 non

328 3793 460 3845 vidit
485 3806 606 3863 qua:
632 3797 956 3865 pra-paravit
982 3798 1122 3851 Deus
1158 3796 1242 3850 his
1267 3797 1360 3866 qui
1388 3797 1623 3867 diligunt
1652 3813 1774 3851 eum
1790 3798 1894 3850 “.a

330 3882 485 3937 Videt
523 3895 703 3938 autem
750 3885 939 3940 oculus
983 3885 1179 3939 oculum
1222 3896 1275 3940 et
1319 3897 1565 3949 terram;
1612 3904 1719 3942 non
1770 3905 1899 3958 ergo

326 3984 542 4043 oportet
572 3976 672 4030 hoc
707 3977 848 4045 quod
882 3977 1114 4041 videtur,
1145 3976 1291 4032 credi
1327 3988 1685 4047 praeparatum
1716 3995 1836 4034 esse
1866 3997 1896 4035 a

329 4065 437 4121 Deo
460 4067 544 4121 his
585 4069 675 4132 qui
722 4068 949 4137 diligunt
980 4083 1102 4123 eum
1129 4083 1145 4133 ;
1176 4069 1269 4122 sed
1288 4068 1487 4123 coelum
1513 4071 1753 4140 quidem,
1787 4072 1897 4126 into

326 4157 507 4225 potius
556 4159 724 4212 caelos
775 4158 943 4212 multo
994 4158 1386 4214 eminentiores
1436 4168 1492 4213 et
1543 4160 1893 4227 excelsiores.

324 4264 483 4316 quam
517 4259 598 4302 est
626 4249 751 4304 illud
781 4251 1175 4303 ﬁrmamentum
1216 4251 1359 4319 quod
1395 4251 1561 4305 videri
1591 4252 1765 4307 oculis
1798 4270 1892 4323 po-

2042 442 2245 487 :eterna
2277 443 2436 498 sunt,
2463 451 2483 485 ι
2523 447 2645 502 qua:
2684 433 2950 503 speranda
2986 432 3276 500 Apostolus
3318 432 3495 487 docet;
3537 434 3619 489 ld~

2041 523 2188 577 circo
2230 539 2464 593 namque
2502 533 2557 579 et
2599 524 2714 594 ipsa
2751 524 2997 592 corporis
3031 525 3205 578 nostri
3251 526 3521 594 reparatio
3549 542 3625 580 cxi

2040 615 2387 681 corruptibili
2423 615 2867 685 iucorruptibilis,
2899 625 2953 670 et
2979 630 3047 671 ex
3077 616 3289 670 mortali
3327 617 3613 671 iminorta-

2040 705 2127 767 lis.
2151 714 2204 759 et
2226 722 2296 761 ex
2325 707 2637 760 inﬁrmitate
2668 708 2720 760 iu
2747 708 2943 763 virtute
2972 708 3297 772 restituitur,
3324 720 3376 763 et
3395 724 3457 762 ex
3490 711 3609 763 aui-

2039 794 2162 849 mali
2191 810 2417 865 corpore
2449 810 2642 865 corpus
2670 795 2900 850 elIicitur
2921 796 3186 867 spiritale,
3209 807 3286 860 ut,
3307 814 3429 851 cum
3452 800 3610 866 spiri-

2039 882 2144 938 tale
2173 881 2373 937 factum
2403 881 2587 948 fuerit,
2617 884 2790 954 possit
2817 885 2977 938 etiam
3008 884 3373 939 invisibilihus
3405 887 3608 954 perfrui

2036 972 2193 1027 bonis
2232 987 2247 1025 :
2291 988 2411 1042 qum
2447 973 2586 1028 bona
2616 975 2667 1029 in
2700 976 2948 1044 praesenti
2976 976 3171 1031 steculo
3203 992 3306 1031 non
3340 978 3607 1041 videntes,

2036 1080 2131 1133 per
2148 1079 2297 1135 spem
2320 1080 2623 1133 speramus,
2641 1075 2691 1120 et
2711 1082 2806 1134 per
2823 1066 3135 1133 patientiam
3156 1070 3607 1138 exspectamus“.

2145 1152 2200 1206 6.
2273 1155 2592 1210 «Similiter
2666 1167 2718 1211 rt
2791 1157 3025 1223 Spiritus
3094 1157 3308 1225 adjuvat
3383 1161 3610 1214 inﬁrmi.

2034 1251 2196 1298 tatem
2272 1254 2536 1300 nostram.
2612 1246 2745 1301 Nam
2818 1248 2949 1317 quid
3020 1264 3239 1304 oremus
3310 1253 3605 1305 secundum

2031 1335 2173 1400 quod
2227 1344 2443 1404 oportet
2504 1338 2813 1401 nescimus;
2868 1339 2959 1391 sed
3023 1341 3144 1408 ipse
3206 1340 3444 1411 Spiritus
3506 1359 3604 1412 pro

2031 1424 2188 1493 θοι
2239 1426 2396 1479 nobis
2449 1427 2757 1496 interpellat
2795 1431 3088 1497 gemitibus
3125 1431 3599 1486 inenarrabilihus.

2030 1515 2130 1581 Qui
2157 1527 2333 1568 autem
2370 1527 2644 1571 scrutatur
2672 1522 2858 1584 corda,
2892 1523 2994 1572 scit
3021 1522 3147 1588 quid
3180 1523 3452 1575 desideret
3483 1524 3604 1594 Spi-

2030 1607 2195 1669 ritus;
2243 1608 2367 1675 quia
2426 1610 2718 1663 seeuudum
2771 1610 2935 1663 [humi
2974 1612 3273 1680 interpellat
3320 1630 3415 1682 pro
3471 1632 3600 1667 san.

1954 1680 1997 1734 Β
2023 1697 2122 1749 etis
2147 1696 2210 1750 ’⁸.
2234 1718 2252 1749 ι
2285 1697 2418 1752 Cum
2453 1700 2504 1751 in
2537 1700 3149 1768 superioribusdixisset
3173 1702 3239 1766 ⁸⁸,
3269 1706 3394 1771 quia
3424 1705 3602 1756 onuiii

2026 1792 2273 1839 creatura
2316 1786 2401 1840 his
2440 1788 2531 1857 qui
2564 1786 2615 1842 iu
2654 1803 2825 1857 agone
2887 1788 3045 1856 hujus
3090 1792 3212 1844 vita:
3263 1803 3387 1845 sunt
3441 1796 3601 1861 positi

2024 1879 2456 1948 congemisceret
2486 1889 2539 1932 et
2575 1881 2923 1944 coudoleret,
2957 1883 3057 1936 hoc
3095 1893 3178 1937 est
3210 1883 3597 1946 collaboraret.

2024 1970 2276 2039 viresque
2324 1968 2617 2037 conferret,
2674 1979 2784 2023 tmn
2833 1971 2996 2025 etiam
3030 1972 3267 2042 seipsunt
3296 1973 3500 2029 Paulus
3535 1991 3599 2028 at:

2021 2062 2101 2113 sui
2137 2060 2344 2114 similes
2379 2060 2620 2130 proferre
2648 2062 2883 2130 gemitus
2920 2076 3016 2129 pro
3064 2063 3439 2120 laborantibus
3479 2081 3595 2118 me-

2023 2161 2289 2205 morasset
2310 2149 2377 2216 "’,
2402 2159 2460 2203 ut
2492 2166 2588 2219 per
2620 2152 2735 2206 bzee
2770 2151 3042 2205 solaretur
3087 2153 3139 2206 in
3174 2156 3475 2209 certamine
3496 2172 3595 2224 po-

2020 2243 2172 2304 situs,
2222 2256 2347 2296 cum
2390 2242 2635 2295 viderent
2666 2257 2857 2295 omnes
2905 2254 3125 2298 sanctos
3172 2245 3597 2314 universumque

2020 2340 2328 2383 creaturam
2364 2330 2560 2385 all‘ectu
2593 2346 2774 2386 secum
2809 2332 3083 2397 laborare,
3108 2335 3453 2404 gemitusque
3476 2335 3593 2405 (52)

2017 2421 2372 2491 conjungere;
2401 2422 2550 2478 addit
2592 2437 2737 2476 nunc
2776 2423 3044 2477 excelsius
3078 2424 3279 2493 aliquid
3325 2435 3380 2478 et
3416 2426 3589 2479 subli-
3647 2490 3653 2498 _

2018 2511 2178 2564 mius.
2205 2509 2303 2576 Ne,
2335 2511 2531 2581 inquit,
2569 2526 2796 2581 parvum
2827 2512 2940 2582 (33)
2977 2514 3176 2581 putetis
3212 2514 3354 2583 quod
3408 2516 3590 2567 omnis

2019 2601 2301 2655 nobiscum
2350 2600 2708 2670 congemiscit
2766 2611 2818 2655 et
2865 2603 3118 2656 condolet
3168 2614 3465 2669 creatura:
3522 2624 3589 2658 ne

2016 2711 2239 2767 parvum
2268 2694 2515 2750 videatur
2555 2694 2701 2763 quod
2739 2710 2837 2748 nos
2867 2693 2967 2762 ipsi
2998 2696 3266 2763 gemimus
3302 2711 3399 2765 pro
3439 2696 3588 2749 labo-

2016 2789 2164 2844 ribus
2192 2790 2408 2845 vestris.
2443 2789 2617 2844 Etiam
2644 2788 2842 2843 divinze
2869 2788 2967 2857 ipsi
3000 2797 3203 2841 naturzc
3228 2804 3354 2857 erga
3383 2805 3603 2858 agones

2016 2890 2229 2935 nostros
2253 2880 2559 2949 (vobiscum
2584 2881 2727 2935 enim
2764 2895 2848 2934 me
2879 2879 3405 2951 quoquecunjuagn)
3447 2882 3584 2933 inest

2013 2972 2230 3039 quidam
2261 2969 2626 3025 miserationis
2659 2968 2904 3033 allectus,
2936 2981 2991 3024 et.
3020 2971 3134 3038 ipse
3171 2986 3188 3017 ‹
3219 2966 3460 3037 Spiritus
3483 2972 3578 3020 ad-

1966 3051 1980 3072 ⁸
2007 3062 2157 3130 juvat
2184 3060 2299 3133 (3i)
2328 3062 2699 3116 inﬁrmitatem
2730 3073 2991 3115 nostram.
3021 3080 3040 3113 ι
3073 3060 3315 3130 Denique
3336 3063 3461 3128 quid
3487 3078 3607 3112 nos.

2010 3169 2189 3219 orare,
2216 3154 2347 3225 quid
2378 3168 2406 3206 a
2439 3154 2545 3208 Deo
2588 3165 2773 3222 petere
2817 3164 3086 3223 uporteat,
3130 3153 3463 3223 ignoramus.
3498 3152 3585 3205 Iu—

2011 3246 2223 3299 terdum
2256 3244 2400 3298 enini
2439 3260 2559 3313 qua:
2598 3245 2867 3299 contraria
2919 3244 3079 3297 saluti
3131 3252 3257 3297 sunt
3306 3244 3603 3312 cupimus,

2010 3333 2325 3388 inﬁrmitate
2356 3343 2605 3404 cogente.
2642 3334 2793 3387 Sicut
2822 3332 2967 3386 enim
3010 3334 3133 3400 quis
3168 3333 3221 3385 in
3262 3334 3578 3402 :rgritudiue

2006 3423 2249 3490 corporis
2280 3422 2488 3489 positus
2517 3437 2620 3474 non
2658 3438 2719 3474 ea
2752 3436 2871 3489 qum
2899 3422 3116 3474 sanitati
3154 3431 3459 3490 congruunt
3496 3422 3576 3474 vel

2004 3516 2336 3577 conducunt,
2365 3514 2458 3568 sed
2484 3528 2544 3568 ea
2583 3527 2703 3581 qua:
2748 3513 3032 3581 praesentis
3072 3513 3404 3565 inﬁrmitatis
3431 3513 3576 3564 desi-

2005 3606 2211 3658 derium
2246 3601 2605 3672 suggesserit,
2640 3602 2813 3671 poscit
2839 3620 2867 3655 a
2899 3603 3149 3657 medico:
3187 3602 3257 3655 ita
3293 3612 3348 3656 ct
3388 3618 3486 3657 nos
3520 3604 3571 3656 iu

2004 3693 2162 3763 hujus
2190 3693 2313 3746 vita:
2360 3691 2491 3762 (35).
2526 3691 2844 3745 inﬁrmitate
2880 3691 3195 3761 languentes
3234 3691 3499 3744 interdum
3544 3709 3571 3744 a

2003 3782 2113 3837 Deo
2143 3783 2373 3852 petimus
2404 3782 2548 3851 quod
2594 3796 2701 3835 non
2734 3784 2952 3850 expedit
2986 3782 3161 3834 nobis.
3193 3780 3435 3849 Denique
3472 3799 3595 3852 egon

2002 3873 2115 3941 ipse
2154 3871 2353 3927 Paulus
2384 3872 2473 3941 qui
2501 3871 2616 3925 haec
2655 3871 2847 3940 loquor
2876 3872 2942 3925 ad
2968 3887 3083 3934 vos,
3125 3888 3247 3925 cuin
3278 3874 3406 3926 mihi
3448 3891 3574 3941 pro-

2001 3973 2118 4033 pzer
2146 3964 2531 4018 sublimitatem
2568 3961 2959 4016 revelationum
2988 3979 3054 4018 ne
3088 3965 3380 4019 extollerer
3413 3966 3572 4020 datus

2002 4054 2189 4108 luisset
2216 4071 2243 4107 a
2293 4053 2518 4107 Domino
2553 4071 2569 4103 ι
2602 4053 2827 4124 angelus
2866 4054 3079 4109 Satanze
3116 4057 3208 4124 qui
3252 4073 3333 4109 me
3361 4075 3378 4107 ι
3421 4058 3569 4111 cula-

1999 4147 2258 4215 phizaret,
2314 4162 2332 4195 ι
2366 4154 2448 4199 ter
2505 4144 2791 4199 Dominum
2846 4147 3027 4217 rogavi
3083 4159 3140 4200 ut
3193 4148 3496 4202 discederet
3540 4166 3587 4201 a-

1999 4253 2083 4290 me
2112 4238 2175 4299 ⁸⁸,
2204 4257 2222 4288 ›
2258 4237 2507 4291 nesciens
2572 4236 2699 4305 quid
2746 4253 2957 4291 orarem
2992 4255 3005 4291 :
3044 4249 3097 4291 et
3137 4239 3256 4292 ideo
3298 4240 3420 4307 quia
3478 4258 3587 4294 uer

325 4344 447 4393 test.
474 4336 578 4393 Sed
604 4350 657 4393 et
687 4351 832 4395 terra
862 4340 1128 4410 speranda
1153 4351 1255 4407 est,
1285 4357 1389 4395 non
1422 4352 1601 4397 tamen
1634 4344 1746 4399 hinc
1772 4361 1892 4415 φατε

2013 4332 2235 4387 sciebam
2263 4335 2555 4389 secundum
2580 4333 2722 4403 quod
2755 4341 2970 4400 oportet
3005 4345 3181 4393 orare,
3214 4346 3320 4383 non
3358 4345 3443 4383 uie
3475 4347 3601 4411 au-v

321 4428 473 4482 arida
505 4430 707 4484 dicitur
738 4440 791 4485 et
819 4431 992 4484 oculis
1028 4430 1299 4499 subiacet,
1337 4433 1430 4486 sed
1462 4433 1549 4485 illa
1586 4435 1690 4487 erit
1726 4451 1885 4488 man-

321 4530 596 4574 suetoruin
624 4530 768 4574 terra
796 4536 959 4590 quam
991 4522 1177 4576 oculus
1211 4537 1316 4575 non
1350 4523 1507 4576 vidit.
1543 4522 1775 4576 Evideus
1804 4533 1903 4580 est.

318 4611 465 4666 enim
495 4611 735 4680 Apostoli
769 4614 1062 4677 setitentia,
1097 4629 1217 4681 quze
1245 4614 1401 4668 docet
1436 4629 1539 4666 non
1570 4615 1803 4669 visibilia
1832 4627 1888 4671 et

317 4705 619 4773 corporalia
677 4707 945 4777 Sperando
996 4708 1049 4761 iu
1102 4705 1325 4771 futuris,
1375 4706 1467 4759 sed
1518 4707 1784 4773 spiritalia
1833 4721 1888 4761 et

316 4808 515 4850 :etcrna
548 4812 563 4851 :
593 4799 719 4868 quia
762 4818 779 4850 ι
811 4815 933 4869 qua:
960 4799 1212 4854 videntur
1264 4796 1577 4865 temporalia
1609 4810 1751 4863 sunt,
1777 4807 1886 4852 i-ct

380 4887 427 4918 ³⁸
454 4887 616 4942 lCor.
637 4905 728 4951 xu,
752 4890 843 4942 27.

920 4889 962 4920 ³⁷
987 4888 1027 4942 ll
1057 4890 1181 4941 Cor.
1210 4888 1370 4950 v.10.
1448 4886 1493 4919 ³⁸
1516 4886 1703 4941 Matth.
1733 4905 1786 4948 ι.
1810 4889 1905 4943 28.

1994 4427 2127 4480 divit
2161 4426 2442 4491 Dominus,
2491 4427 2587 4483 sed
2625 4427 2764 4481 dixit
2798 4427 2928 4479 mihi
2973 4424 3083 4496 (56)
3118 4441 3129 4475 :
3167 4442 3185 4474 ι
3214 4424 3424 4477 δειΠὶιτὶι
3466 4423 3587 4476 libis

1993 4521 2162 4589 gratia
2190 4535 2331 4583 mea,
2364 4536 2485 4575 nam
2517 4519 2688 4571 virtus
2713 4518 2763 4570 in
2804 4516 3121 4570 inﬁrmitate
3146 4516 3428 4584 perﬁcitur
3457 4514 3579 4574 δί’.»

1995 4614 2085 4668 Sic
2110 4628 2237 4681 ergo
2270 4630 2288 4662 ι
2312 4611 2440 4682 quid
2470 4625 2689 4665 oremus
2717 4609 3011 4662 secundum
3050 4608 3191 4677 quod
3222 4619 3439 4677 Oportet
3464 4626 3560 4661 ne-

1992 4706 2234 4769 scimus;
2265 4704 2359 4757 sed
2392 4704 2506 4772 ipse
2548 4699 2785 4770 Spiritus
2817 4699 3123 4768 interpellat
3155 4714 3251 4767 pro
3285 4700 3438 4751 nobis
3468 4715 3563 4768 gen

1995 4791 2745 4849 mitibusineuarrabilibus.i
2777 4791 3027 4861 Magnum
3056 4790 3242 4844 nescio
3263 4792 3391 4858 quid
3416 4790 3559 4843 l’au-

1980 4888 2023 4917 ³ο
2051 4886 2097 4939 R
2120 4902 2208 4939 un.
2244 4883 2470 4945 vut.20.
2539 4883 2583 4915 ⁸ο
2612 4882 2648 4936 ιι
2679 4884 2804 4937 Cor.
2836 4898 2911 4948 tv,
2949 4882 3036 4937 18.
3110 4883 3155 4913 “
3187 4880 3376 4935 Matth.
3410 4897 3558 4943 xxuv,

314 4956 403 5010 35.
483 4960 528 4989 δ’
556 4958 713 5014 Rom.
741 4958 971 5017 vut.2l.
1042 4959 1087 4991 “
1112 4960 1128 5013 I
1159 4958 1283 5011 Cor.
1310 4973 1378 5023 tt,
1405 4957 1460 5011 9.
1525 4957 1571 4987 “
1592 4956 1748 5011 llum.
1774 4975 1895 5024 vui,
1923 4958 2016 5012 25.
2087 4957 2131 4987 ⁸³
2154 4954 2291 5010 Ibid.
2322 4969 2471 5020 xxvi,
2497 4953 2591 5008 27.
2664 4951 2711 4985 “
2734 4956 2892 5008 llom.
2916 4968 3041 5018 vui,
3068 4953 3160 5009 22.
3237 4952 3281 4982 ⁸⁷
3312 4952 3420 5006 ibid
3464 4954 3581 5005 25..

316 5025 363 5058 “
385 5024 427 5079 Il
451 5027 575 5084 Cor.
604 5045 701 5095 xit,
734 5030 783 5093 7,
819 5030 875 5084 8.
951 5028 995 5060 δ’
1029 5029 1160 5085 ibid.
1191 5028 1246 5083 9.

386 5120 502 5191 (30)
535 5122 714 5190 Editi,
763 5142 782 5175 ι
813 5124 907 5179 sed
942 5124 1253 5180 inveniatur
1291 5134 1414 5176 eum
1458 5121 1563 5177 ista
1605 5126 1877 5179 sententia

419 5230 432 5243 .
466 5232 479 5245 .
511 5196 800 5248 damnet.»

387 5261 502 5337 (5i)
530 5264 705 5337 Alias,
734 5283 755 5316 '
780 5264 1275 5337 gemitussociaut.
1306 5261 1586 5329 Quomodo
1608 5273 1792 5319 autem
1816 5264 1874 5320 in

313 5344 409 5400 spe
436 5334 508 5387 sit
556 5334 685 5401 (aL,
718 5351 743 5385 r
772 5333 831 5388 fit
858 5338 907 5400 ι)
956 5333 1178 5395 salvus,
1203 5350 1221 5383 ι
1256 5344 1367 5385 etc.

381 5403 491 5471 (52‘)
520 5403 681 5473 Editi,
758 5428 776 5457 ι
819 5421 1003 5460 secum
1060 5401 1269 5459 labores
1320 5403 1678 5473 gemitusque,
1710 5422 1727 5455 ο
1755 5411 1869 5457 etc.

380 5473 494 5540 (33)
520 5472 689 5539 Alias,
728 5488 978 5540 «parum,
1009 5492 1026 5522 ι
1059 5476 1203 5526 sicut
1228 5479 1286 5523 et
1315 5472 1482 5527 iul'ra.

380 5474 472 5537 (35
520 5474 689 5539 Alias,
728 5488 978 5540 «parum,
1009 5492 1026 5522 ι
1059 5476 1203 5526 sicut
1228 5479 1286 5523 et
1315 5475 1482 5527 iul'ra.

380 5474 494 5611 (Mi
515 5541 609 5595 Sic
626 5557 815 5596 omnes
838 5558 966 5596 mss.
984 5543 1152 5596 nostri
1170 5549 1230 5595 et
1250 5540 1530 5597 ilabanns.
1551 5541 1693 5595 Editi
1720 5556 1867 5608 vero,

314 5630 341 5662 ι
370 5612 740 5668 miserationis
768 5612 1011 5668 aliut-tus.
1042 5612 1159 5681 ipse
1188 5613 1357 5676 enim,
1392 5614 1597 5683 inquit,
1636 5611 1874 5680 Spiritus

1984 5123 2224 5191 adjuvat.
2254 5141 2280 5176 τ
2310 5132 2421 5179 etc.

2053 5188 2165 5266 (35)
2194 5193 2367 5260 Alias,
2419 5210 2438 5244 t
2478 5190 2695 5266 sanitati
2742 5190 3049 5266 conducunt
3093 5188 3210 5266 (a_l.,
3254 5207 3277 5240 ε
3313 5190 3377 5243 ad
3404 5189 3579 5266 sani-p

1980 5261 2154 5318 tatem
2169 5267 2507 5327 conducunt;
2539 5282 2557 5314 ι
2596 5262 2689 5323 al.,
2721 5280 2737 5311 ι
2772 5262 3059 5314 sanitatem
3080 5261 3352 5313 adducunt
3386 5270 3433 5326 ι)
3460 5262 3559 5313 sed

1974 5350 2037 5387 ea
2092 5349 2212 5401 qua:
2250 5349 2489 5413 praesens
2540 5331 2874 5413 desiderium
2924 5331 3258 5413 suggesserit
3301 5331 3478 5397 poscit
3522 5345 3559 5383 ο

1980 5400 2220 5463 medico;
2249 5400 2321 5454 ita
2350 5411 2403 5455 et
2435 5417 2531 5454 nos
2565 5402 2614 5451 iu
2649 5401 2803 5466 hujus
2834 5400 3041 5462 smenli,
3070 5417 3088 5448 ι
3127 5408 3237 5455 etc.

2048 5472 2162 5553 (βὸ)
2190 5472 2357 5533 Eiiti,
2387 5490 2405 5521 ι
2438 5486 2523 5525 itte
2548 5471 2751 5526 audivit
2794 5469 3071 5535 Dominus,
3106 5478 3160 5523 et
3192 5470 3332 5527 dixit
3358 5469 3575 5535 ttiilti,r

1978 5558 2203 5608 omisso,
2232 5560 2252 5593 ι
2284 5558 2410 5595 uoti.
2437 5559 2454 5590 ι
