3914 6352
170 293 197 347 t
228 296 344 349 t3!
1165 284 1517 343 conatum.
1556 282 1622 340 1N
1663 270 1716 332 El

1932 284 2020 337 AD
2063 281 2228 338 ROM.
2265 284 2392 339 LIB.
2432 282 2543 340 VII.
3336 290 3474 347 H22

169 413 594 469 incarnatione
623 408 903 482 magnifica
928 415 1193 479 geruntur
1217 408 1382 461 etiam
1411 420 1509 477 per
1529 404 1793 476 Spiritum
1826 412 1869 466 Α
1901 405 2065 468 bono,
2091 403 2240 473 quod
2273 418 2553 472 nunquam
2582 410 2756 471 potest
2785 401 3232 471 permutationem
3263 406 3477 477 recipe-

165 516 485 559 sauctnm.
518 503 749 556 Tantum
775 512 854 557 est
884 502 1027 571 quod
1056 500 1146 555 ille
1172 515 1268 567 pro
1289 499 1473 568 impiis
1504 497 1615 569 (50)
1646 512 1791 553 mor-
1901 510 1980 560 re,
2010 496 2368 549 constituant.
2389 493 2540 560 Quod
2566 493 2609 547 si
2639 493 2726 546 alii
2755 503 2880 547 sunt
2910 494 2999 563 qui
3020 493 3249 564 diligunt
3277 496 3470 561 Deum,

170 602 340 650 tuus
372 604 458 649 est
496 594 596 665 (sic
626 596 769 649 enim
796 602 852 647 et
889 593 1002 662 ipse
1024 589 1226 647 Paulus
1269 594 1510 647 ostendit
1547 607 1672 646 cum
1707 592 1792 645 di.
1895 594 1948 639 et
1981 584 2069 639 alii
2099 585 2188 654 qui
2237 584 2488 653 spiritum
2539 583 2821 637 servitutis
2855 582 3146 651 accipiunt,
3180 584 3470 640 videndum

167 686 275 741 cit
317 704 333 742 :
378 706 396 738 r
425 688 614 742 Adhuc
644 686 789 741 enim
822 686 1092 752 Christus,
1131 701 1256 740 cum
1289 684 1491 740 infirmi
1523 698 1713 740 essem:

1924 683 1980 728 st
2023 690 2090 728 ne
2117 673 2256 728 forte
2294 681 2348 726 et
2389 672 2490 726 hoc
2519 670 2661 740 quod
2692 670 2841 732 dicit.
2877 689 2894 722 ι
2928 670 3022 726 llis
3050 673 3139 741 qui
3175 676 3470 729 secundum

164 777 516 829 secundum
550 785 764 844 tempus
789 790 889 845 pro
915 774 1096 845 impiis
1124 784 1372 829 mortuus
1397 783 1479 830 est
1496 775 1584 844 ⁸⁸),
1624 794 1643 828 ι
1670 789 1794 828 san.
1895 767 2227 836 propositum
2269 763 2445 820 vocati
2491 772 2638 828 sunt,
2673 781 2691 814 ι
2728 773 2804 829 et,
2840 782 2860 817 ι
2894 766 3042 833 Quos
3101 764 3395 855 prreseivit,
3421 777 3478 822 et

162 876 331 922 ctus
365 876 547 922 autem
576 867 813 936 Spiritus
838 882 941 922 non
974 882 1073 935 pro
1098 866 1282 937 impiis
1305 867 1419 938 jam
1460 868 1790 939 interpellat,
1894 857 2299 928 prtedestinavit
2344 856 2656 914 eonformes
2710 858 2823 912 fieri
2868 856 3122 926 imaginis
3156 857 3276 912 Filii
3306 859 3414 924 sui,
3449 877 3469 911 ι

160 958 292 1012 secl
338 979 357 1009 ι
393 973 491 1027 pro
535 958 777 1013 sanctis:
815 977 833 1010 ι
885 968 940 1013 et
984 958 1294 1028 interpellat
1337 974 1443 1016 non
1494 959 1706 1015 secundi

1923 961 2001 1000 non
2034 946 2331 1002 conveniat
2368 946 2473 1001 illis
2526 947 2617 1016 qui
2652 948 2704 1000 in
2743 947 2938 1013 spiritu
2989 947 3271 1001 set-vitatis
3322 960 3469 1003 sunt.

160 1066 243 1102 ca
259 1024 460 1115 τηείη,
507 1050 601 1105 sed
638 1067 656 1101 ε
681 1049 983 1104 secundum
1013 1024 1215 1105 οευξηε
1243 1068 1262 1102 ,
1315 1048 1573 1105 Chrisms
1610 1058 1789 1104 autem
1894 1024 2130 1089 Possunt
2156 1034 2298 1088 enim
2331 1042 2385 1089 et
2417 1033 2491 1088 illi
2526 1035 2703 1088 vocati
2734 1033 2953 1104 quidem
2997 1036 3126 1103 diei,
3156 1052 3260 1090 non
3294 1046 3471 1091 tamen

161 1156 307 1194 non
362 1141 658 1196 secundum
695 1139 863 1195 Deum
900 1149 1145 1194 mortuus
1192 1140 1425 1204 dicitur,
1457 1140 1553 1195 sed
1600 1154 1707 1194 sect

1948 1126 2243 1181 secundum
2291 1127 2622 1196 pr0positttm
2648 1143 2667 1177 ι
2706 1129 2879 1180 vocati
2912 1145 2926 1181 :
2962 1136 3016 1180 et
3058 1142 3160 1196 pro
3220 1143 3284 1182 eo
3324 1131 3468 1200 quod

168 1230 344 1286 tium
369 1246 607 1287 carnem.
637 1230 762 1286 Ideo
785 1244 889 1285 non
913 1230 1094 1285 verbis
1119 1228 1315 1284 offerre
1336 1229 1534 1284 dicitur
1554 1228 1791 1298 Spiritus
1893 1217 2071 1272 adhuc
2106 1216 2157 1271 Ῐη
2184 1216 2375 1285 ειιίτίιιι
2407 1216 2687 1272 senium“
2711 1228 2862 1279 ³¹¹¹¹ῑι
2897 1234 3005 1272 που
3041 1230 3267 1288 υοεευηι
3305 1221 3470 1275 ειειιυῖ

170 1321 710 1393 interpellationem
741 1336 836 1389 pro
876 1321 1114 1382 sanctis.
1141 1320 1233 1375 sed
1269 1339 1288 1372 ι
1323 1320 1651 1391 gemitibus:
1683 1338 1702 1372 ι
1735 1327 1793 1374 et
1894 1311 2032 1365 inter
2060 1309 2257 1364 multos
2287 1309 2488 1365 fratres
2519 1326 2751 1380 quorum
2784 1312 3177 1381 primogenitus
3203 1302 3286 1368 est
3326 1313 3471 1368 filius

169 1424 324 1463 non
358 1409 736 1465 communibus
766 1408 885 1463 istis
910 1406 1228 1477 gemitibus,
1263 1409 1355 1462 sed
1393 1426 1410 1458 ι
1445 1406 1788 1461 inenarrabi-
1892 1401 2203 1467 charitatis,
2236 1409 2293 1454 et
2323 1419 2340 1452 t
2372 1400 2554 1472 imago
2605 1394 2893 1455 invi5tbilis
2939 1394 3053 1466 Dei,
3078 1418 3097 1454 ι
3137 1417 3201 1458 ac
3232 1402 3471 1472 (primm

167 1499 376 1554 libus.
410 1518 429 1552 ι
460 1500 740 1569 Quomodo
766 1500 910 1555 enim
942 1500 1191 1553 enarrari
1225 1508 1408 1568 potest
1448 1497 1590 1569 quod
1617 1498 1791 1569 Spiri-
1893 1492 2111 1563 genitus
2136 1490 2316 1546 omnis
2332 1501 2601 1546 creaturae
2621 1492 2687 1547 ⁸⁸.
2715 1512 2735 1546 ι
2778 1492 2884 1547 Sed
2913 1502 2966 1547 et
2996 1494 3098 1548 hoc
3119 1495 3263 1564 quod
3296 1494 3424 1550 dixit
3455 1510 3467 1549 ι

173 1598 289 1644 tus
323 1590 418 1645 Dei
471 1591 712 1662 loquitur
738 1591 870 1652 Deo.
904 1604 1027 1643 cum
1064 1588 1333 1644 interdum
1367 1604 1466 1644 nec
1499 1589 1615 1657 ipse
1663 1589 1788 1659 qui-
1898 1581 2253 1639 «Conformes
2274 1583 2438 1654 603
2462 1584 2712 1652 imaginis
2730 1578 2851 1638 Filii
2872 1584 2977 1648 sui,
3000 1602 3018 1635 ι
3046 1579 3170 1640 volo
3187 1586 3472 1655 requirere

175 1680 330 1733 dem
357 1688 541 1735 noster
561 1680 789 1750 spiritus
816 1678 961 1750 quod
992 1679 1160 1734 sentit
1187 1677 1511 1750 etintelligit
1532 1692 1789 1734 sermone
1893 1674 2047 1743 cujus
2071 1674 2258 1729 forma:
2287 1674 2597 1731 conformes
2632 1676 2746 1732 fleri
2774 1676 3026 1731 dicantur
3050 1676 3187 1749 (56).
3214 1678 3469 1749 Legimus

176 1773 383 1840 possit
408 1786 687 1841 exponere
708 1772 731 1828 2
1819 1765 1862 1814 ὓ
1890 1766 2037 1823 enim
2058 1765 2255 1821 Filium
2279 1766 2374 1821 Dei
2394 1767 2687 1836 aliquando
2706 1766 2757 1821 itt
2780 1768 2949 1821 forma
2967 1768 3083 1834 Dei,
3100 1770 3395 1839 aliquando
3417 1772 3469 1824 in

268 1864 330 1919 7.
380 1882 399 1915 ι
441 1864 656 1919 Scimus
709 1875 889 1917 autem
934 1862 1193 1934 quoniam
1233 1862 1585 1934 diligentibus
1613 1863 1780 1918 Deum
1890 1850 2065 1906 Ῑοτπιθ
2089 1850 2233 1906 senii
2262 1865 2382 1907 esse
2414 1852 2648 1923 Ροείιιιῐη
2677 1853 2742 1907 ⁶⁹ο
2763 1853 2859 1908 συί
2893 1870 3023 1921 eri-70
3060 1855 3250 1911 Γυτωίέ
3280 1858 3469 1912 harum

171 1956 392 2009 omnia
455 1966 825 2026 cooperantur
868 1956 918 2009 in
971 1955 1191 2017 bonum,
1242 1954 1326 2010 his
1357 1954 1451 2024 qui
1484 1955 1717 2009 secttndu

1921 1946 2119 1997 Iuarum
2152 1944 2463 2000 conformes
2496 1945 2640 2000 dicat
2690 1945 2903 2001 futuros
2931 1948 3218 2015 Apostolus
3249 1964 3343 2005 eos
3376 1946 3467 2022 qui

171 2045 543 2114 ρι-οροείιιηη
577 2044 755 2099 vocali
786 2053 911 2098 sunt
941 2045 1138 2098 sancli,
1164 2043 1295 2097 Nam
1322 2058 1460 2114 quos
1483 2043 1780 2112 prmscivil,
1889 2033 2122 2104 diligi)!“
2157 2034 2348 2099 Deum,
2384 2046 2437 2090 et
2464 2037 2660 2106 quibus
2685 2037 2865 2091 omnia
2896 2047 3260 2108 cooperantur
3292 2040 3345 2094 in
3374 2041 3471 2095 btt-

167 2144 235 2189 ει
279 2134 701 2203 ρτωάρειίηθνίι
731 2136 1043 2191 ο(,,ιι“οηηρε
1072 2136 1187 2191 ﬁeri
1222 2135 1334 2209 (5|)
1365 2135 1621 2206 imaginis
1656 2134 1779 2191 Filii
1892 2140 2045 2189 num,
2088 2141 2196 2178 non
2232 2127 2393 2180 otiosi
2429 2126 2558 2180 mihi
2583 2127 2798 2180 videtur
2832 2141 2955 2182 esse
2982 2127 3337 2184 discriminis.
3362 2130 3469 2183 Ar-

168 2222 295 2286 sui,
344 2232 401 2275 nt
429 2223 499 2276 sit
530 2222 641 2290 ipse
670 2223 1062 2291 primogenitus
1086 2226 1137 2279 in
1172 2225 1359 2279 multis
1389 2224 1652 2280 fratribus
1674 2223 1775 2278 ⁸⁸.»
1890 2212 2065 2267 bium”
2098 2228 2227 2282 0'80
2262 2215 2560 2268 secundum
2600 2230 2663 2269 ea
2698 2230 2818 2284 (1³³αἱ
2855 2216 2906 2270 ί¹¹
2948 2215 3071 2270 aliis
3098 2215 3237 2271 idem
3269 2217 3469 2271 Paulus

165 2312 233 2364 Si
274 2311 552 2380 Spiritus,
587 2314 784 2382 inquit.
821 2314 1130 2384 interpellat
1161 2331 1260 2385 pro
1291 2314 1453 2370 nobis
1487 2316 1710 2385 gemitih

1921 2304 2162 2374 Iesignat,
2208 2306 2295 2359 ubi
2323 2306 2495 2360 dicit:
2536 2326 2553 2358 t
2578 2307 2752 2362 Filioli
2790 2311 2897 2363 mei
2937 2324 3074 2380 quos
3104 2310 3298 2364 iterum
3342 2325 3467 2381 par-

164 2400 682 2465 inenarrabilibus,
715 2412 769 2457 et
819 2402 1072 2459 universa
1101 2415 1352 2458 creatura
1404 2405 1710 2474 congcmisc

1920 2395 2055 2459 ιιι-1ο,
2076 2396 2249 2451 donec
2276 2396 2547 2451 formetur
2572 2397 2823 2455 Christus
2841 2399 2895 2454 in
2920 2399 3157 2466 vobis",
3190 2418 3211 2453 ι
3239 2399 3466 2456 formari

173 2501 237 2544 (ιι
272 2489 542 2545 contlolel
597 2506 767 2560 usque
812 2506 974 2559 nunc,
1022 2507 1142 2562 qua:
1166 2492 1489 2548 liberabitur
1529 2507 1657 2548 tunc
1687 2494 1779 2547 dc.
1890 2486 1944 2540 in
1981 2486 2062 2540 his
2097 2487 2190 2557 qui
2242 2487 2308 2541 ad
2356 2480 2749 2557 perfectionem
2796 2489 3026 2546 tendunt
3065 2490 3342 2547 Christum
3386 2495 3469 2545 tli-

183 2595 351 2634 num
382 2594 411 2633 a
463 2580 721 2635 servitute
769 2582 1158 2653 corruptionis,
1201 2598 1325 2638 cum
1385 2581 1607 2638 libertas
1662 2582 1780 2654 glo-
1886 2586 1975 2631 cat
2003 2575 2135 2647 (57),
2162 2579 2461 2633 secundum
2497 2578 2600 2634 hoc
2627 2581 2769 2650 quod
2797 2579 3035 2636 Verbum
3067 2593 3169 2647 est,
3200 2594 3256 2637 ut
3302 2585 3352 2637 in
3387 2586 3468 2639 eis

185 2670 298 2725 rite
360 2670 595 2726 filiorum
652 2671 747 2727 Dei
785 2672 1086 2736 advenerit,
1136 2674 1409 2742 quomodo
1456 2689 1560 2733 non
1624 2688 1777 2728 com-
1892 2667 2050 2724 Verbi
2086 2669 2177 2724 Dei
2219 2670 2510 2725 sinceritas
2556 2671 2623 2724 ad
2668 2687 2861 2741 purum
2909 2672 3265 2739 informetur;
3301 2684 3355 2729 et
3388 2691 3467 2728 se-

180 2770 448 2830 petenter
500 2762 938 2832 pronuntiabitur
986 2762 1112 2835 quia
1169 2763 1284 2834 (52)
1320 2782 1338 2816 ι
1376 2764 1581 2819 scimus
1632 2764 1779 2834 quod
1886 2760 2122 2814 cundum
2152 2761 2634 2831 hocquodveritas
2652 2772 2756 2831 est,
2778 2773 2835 2818 ut
2858 2766 3061 2820 veritas
3086 2765 3137 2819 in
3161 2767 3465 2839 eisabsque

182 2850 547 2921 diligentibus
623 2852 787 2907 Deum
869 2854 1051 2909 omnia
1120 2863 1488 2924 cooperantur
1566 2855 1619 2909 in
1679 2856 1777 2910 bo-
1888 2855 2049 2909 ullius
2081 2855 2187 2909 fuci
2226 2856 2551 2910 admistionc
2580 2856 2882 2920 consistat;
2927 2866 2983 2912 et
3034 2860 3462 2914 secundumhoe

184 2941 371 2995 num?
403 2961 421 2994 ι
457 2940 513 2995 ln
543 2949 754 2996 tantum
780 2942 928 2998 enim
960 2944 1143 3000 omnia
1190 2954 1558 3017 cooperantur
1586 2946 1638 3001 in
1673 2946 1774 3001 bo-
1885 2946 2027 3015 quod
2049 2946 2314 3017 sapientia
2347 2956 2449 3014 est,
2476 2957 2535 3003 ut
2572 2948 2835 3018 sapientia
2868 2949 2957 3003 Dei
2988 2950 3041 3003 in
3071 2951 3149 3004 eis
3182 2949 3271 3005 illa
3300 2966 3463 3020 quant

1817 1758 1862 1814 Β

184 3048 324 3087 num
350 3031 485 3102 (55),
516 3044 568 3088 et
598 3033 935 3088 collaborant
980 3035 1065 3091 bis
1104 3036 1198 3105 qui
1225 3036 1459 3108 diligttnt
1495 3037 1687 3103 Deum,
1716 3047 1777 3093 ut
1820 3107 1849 3111 _
1887 3038 2030 3091 inter
2060 3038 2333 3107 perfectos
2366 3038 2607 3108 loquitur
2653 3038 2940 3107 Paulus",
2979 3055 3113 3111 pura
3164 3051 3220 3096 et
3255 3042 3465 3109 absque

183 3132 244 3175 et
278 3122 398 3191 ipse
430 3121 667 3192 Spiritus
697 3123 935 3193 adjuvet,
969 3140 1068 3181 nec
1100 3107 1428 3195 dedignetur
1461 3126 1639 3181 divina
1674 3143 1775 3181 na-
1806 3107 1851 3167 ο
1886 3128 1994 3182 ullo
2009 3129 2213 3183 erroris
2230 3107 2553 3184 diverticulo
2571 3143 2949 3185 conservetur.
2977 3107 3069 3187 Sic
3084 3143 3138 3187 et
3161 3135 3460 3188 secundum

189 3223 318 3265 tura
348 3214 456 3268 dux
487 3228 608 3269 esse
635 3213 848 3269 itineris
882 3214 947 3269 ad
982 3215 1206 3270 bonum.
1239 3215 1629 3271 Verumtamen
1658 3217 1774 3290 (51)
1882 3220 2063 3274 omnia
2095 3236 2214 3290 quae
2241 3218 2493 3275 Christus
2521 3230 2623 3285 est,
2653 3221 2737 3275 vel
2768 3222 3003 3291 justitia,
3030 3222 3112 3278 vel
3149 3225 3461 3279 sanctifica-

182 3306 228 3359 si
275 3315 404 3360 sunt
439 3307 602 3377 aliqui
626 3307 889 3363 habentes
920 3308 1172 3374 spiritum
1214 3308 1499 3364 servitutis
1533 3310 1585 3365 in
1615 3310 1776 3365 timo-
1883 3311 1983 3375 tio,
2013 3311 2097 3365 vel
2125 3320 2336 3366 caeterre
2378 3326 2610 3381 quaeque
2644 3312 2881 3366 virtutes
2913 3311 3049 3383 (58),
3078 3312 3121 3368 si
3151 3314 3202 3367 in
3236 3315 3315 3368 eis
3347 3314 3461 3367 for-

190 3413 278 3460 re,
314 3398 405 3451 alii
451 3413 580 3453 vero
608 3409 733 3452 sunt
761 3400 1072 3468 superiores
1125 3399 1234 3466 bis,
1279 3402 1369 3470 qtti
1402 3402 1653 3471 spiritum
1678 3404 1774 3456 ad-
1882 3408 2099 3455 mentur
2123 3401 2198 3467 ad
2234 3400 2522 3469 liquidum,
2559 3400 2648 3457 isti
2699 3401 3030 3458 videbuntur
3059 3404 3126 3457 ad
3164 3404 3310 3458 illam
3344 3404 3459 3459 for-

184 3488 434 3559 optionis
447 3490 741 3561 accipiunt,
772 3505 836 3545 ex
857 3504 920 3545 eo
937 3491 1076 3561 quod
1097 3508 1201 3547 non
1228 3490 1340 3560 jam
1358 3495 1551 3549 timore
1578 3494 1767 3560 Deum,
1881 3505 2045 3554 mam,
2073 3505 2177 3559 qua
2206 3489 2257 3543 in
2285 3489 2459 3545 forma
2490 3490 2582 3545 Dei
2610 3500 2712 3557 est,
2735 3492 3043 3546 c0nformes
3067 3492 3319 3563 imaginis
3340 3508 3460 3549 esse

186 3581 289 3636 sed
332 3595 518 3637 amore
560 3591 909 3647 venerantur,
940 3592 995 3637 et
1038 3586 1186 3654 quod
1214 3602 1232 3636 ι
1259 3584 1546 3656 perfectas
1588 3588 1639 3642 in
1692 3589 1772 3641 cis
1876 3579 2079 3634 effecti.
2113 3579 2171 3635 Si
2199 3596 2328 3634 vero
2382 3582 2562 3635 adhuc
2610 3582 2662 3635 in
2714 3581 2883 3637 initiis
2931 3583 3054 3651 quis
3106 3596 3459 3641 conversetur

190 3689 212 3726 ι
242 3673 493 3729 cbaritas
532 3672 679 3729 foras
707 3674 872 3729 mittit
917 3674 1167 3729 timorem
1191 3675 1273 3730 ’τε
1310 3695 1328 3729 ι
1366 3676 1655 3732 videndum
1686 3688 1772 3733 est
1878 3675 1937 3743 (ι
1971 3673 2182 3727 initium
2215 3692 2233 3723 ι
2268 3682 2447 3727 autem
2477 3690 2496 3723 ι
2521 3672 2805 3742 sapientiae
2828 3674 2992 3727 timor
3019 3673 3114 3728 Dei
3143 3674 3255 3745 (59)
3281 3695 3299 3727 ι
3326 3677 3457 3748 est),

185 3778 261 3818 ne
293 3763 431 3817 forte
462 3782 564 3819 non
595 3765 779 3820 omnia
828 3775 1196 3835 cooperentur
1226 3767 1279 3821 in
1311 3768 1512 3822 bonum
1544 3769 1629 3824 bis
1678 3769 1770 3839 qui
1875 3773 1931 3819 et
1968 3765 2021 3817 in
2051 3765 2245 3818 timore
2266 3764 2311 3795 "
2342 3763 2521 3818 adlmc
2576 3764 2784 3832 positus
2820 3765 2995 3833 prima
3024 3763 3201 3819 cultus
3234 3764 3326 3821 Dei
3356 3767 3457 3821 ele~

186 3850 373 3903 adhuc
420 3850 471 3904 in
506 3852 699 3921 spiritu
738 3861 1062 3920 permanent
1112 3855 1428 3921 servitutis;
1460 3856 1555 3911 sed
1586 3856 1769 3927 aliqua
1878 3865 2059 3909 menta
2111 3855 2397 3925 suscipiat,
2449 3854 2748 3909 secundum
2784 3854 3015 3909 formam
3070 3857 3239 3925 servi,
3289 3873 3454 3927 quam

184 3942 409 4011 quidem
436 3954 797 4012 cooperentur
818 3947 982 4000 etiam
1016 3946 1164 4014 ipsis,
1201 3963 1307 4001 non
1340 3957 1521 4002 tamen
1547 3950 1766 4015 omnia;
1872 3948 2114 4017 suscepit
2161 3949 2229 4001 ad
2269 3948 2372 4001 hoc
2410 3959 2469 4002 ιιι
2504 3949 2663 4002 rudes
2699 3958 2756 4001 et
2796 3947 3021 4017 ignaros
3050 3947 3166 4020 (60)
3205 3950 3454 4004 timorrm

186 4043 244 4087 et
276 4035 461 4089 nescio
495 4035 539 4090 si
573 4036 639 4089 ad
676 4037 849 4106 ipsum
878 4036 1102 4103 bonum,
1128 4053 1223 4093 seu
1254 4038 1458 4109 potius,
1494 4048 1550 4092 ut
1586 4039 1657 4092 ita
1686 4038 1770 4093 di-
1871 4038 1970 4093 Dei
2005 4041 2251 4106 doceret,
2274 4038 2587 4094 conformes
2615 4038 2729 4092 licri
2761 4039 3095 4110 intelligendi
3129 4050 3256 4096 sunt
3281 4042 3333 4097 hi
3362 4042 3456 4110 qui

186 4124 390 4192 xerim,
416 4126 696 4197 adjanuas
730 4127 851 4183 boni
884 4129 1205 4200 perducant.
1237 4128 1333 4185 llis
1361 4145 1490 4185 vero
1522 4130 1614 4200 qui
1644 4131 1767 4185 dili-
1870 4130 2047 4200 prima
2090 4130 2244 4185 initia
2274 4131 2325 4184 in
2353 4128 2445 4184 Dei
2476 4128 2668 4183 timore
2701 4130 3031 4199 suscipiunt.
3063 4130 3222 4198 Quia,
3254 4132 3454 4201 inquit.

182 4226 319 4286 gunt
360 4217 550 4285 Deum,
577 4228 627 4272 et
671 4228 783 4273 toto
830 4222 881 4276 ei
913 4221 1181 4276 inhzerent
1221 4222 1509 4277 charitatis
1544 4221 1763 4286 affectu,
1874 4236 2053 4290 tquos
2092 4220 2386 4290 pratscivit,
2418 4228 2472 4274 et
2523 4219 2924 4289 praedestinavit
2977 4220 3287 4276 ronformes
3333 4222 3452 4278 fieri

179 4310 367 4363 omnia
401 4308 539 4381 (55),
559 4320 616 4366 ttt
646 4312 903 4377 diximus,
932 4312 1272 4368 collaborant
1295 4324 1349 4369 et
1371 4314 1583 4385 juvant,
1603 4325 1765 4384 atque
1873 4312 2129 4382 imaginis
2167 4312 2287 4367 Filii
2311 4314 2414 4366 sui.
2438 4330 2456 4361 ι
2486 4311 2600 4366 Non
2635 4313 2952 4367 omittamus
2983 4327 3081 4366 nec
3113 4313 3177 4365 de
3207 4327 3273 4365 eo
3306 4316 3450 4381 quod

184 4399 395 4467 aliquid
426 4401 507 4456 sui
555 4401 716 4455 studii
748 4402 1061 4467 conferunt,
1114 4413 1388 4473 quatenus
1418 4419 1512 4460 eos
1541 4405 1592 4457 in
1643 4404 1760 4473 ipso
1793 4398 1839 4453 D
1869 4403 2042 4458 dixit:
2072 4421 2090 4453 ι
2114 4401 2400 4457 Praescivit
2420 4411 2473 4457 et
2499 4401 2907 4471 prtedestinavit
2933 4400 3068 4470 (61).
3102 4417 3120 4450 ι
3147 4399 3283 4454 Ριιιο
3305 4402 3451 4455 enim

253 4519 296 4548 "
332 4516 493 4571 Rom.
519 4534 570 4573 ν.
595 4516 649 4570 11.
727 4520 771 4550 ⁵⁸
802 4520 954 4573 Rom.
981 4536 1094 4583 vnt,
1128 4520 1220 4579 28.
1246 4519 1335 4575 29.
1413 4523 1455 4553 ⁸⁷
1486 4521 1502 4575 1
1532 4521 1686 4577 Joatt.
1719 4537 1793 4587 ιν,

1900 4560 1915 4577 .
1993 4522 2039 4555 ⁸⁸
2064 4521 2274 4579 Coloss.
2311 4537 2350 4585 ι,
2382 4520 2472 4584 15,
2503 4518 2587 4573 15.
2662 4519 2707 4550 ⁸⁸
2730 4516 2924 4587 Philip.
2963 4534 3021 4581 ιι,
3058 4518 3111 4581 6,
3144 4516 3197 4571 7.
3274 4516 3321 4550 "°
3342 4516 3446 4571 Gn-

186 4584 493 4652 lat.IV,19.
573 4590 614 4618 ⁷⁸
644 4589 657 4641 Ι
687 4587 814 4643 Cor.
854 4607 914 4655 ll,
966 4591 1020 4646 6.
1100 4592 1145 4622 ⁷¹
1187 4591 1345 4646 Prov.
1384 4593 1574 4654 tx.10.

251 4724 371 4796 (50)
404 4724 480 4781 lta
510 4736 656 4798 recte
684 4743 784 4781 ms.
811 4744 951 4782 unus
980 4729 1178 4798 Regius
1200 4746 1348 4784 num.
1383 4730 1543 4786 1659.
1566 4729 1757 4784 Ctrteri
1940 4729 2056 4798 (57)
2087 4729 2250 4790 Editi.
2279 4745 2297 4779 t
2324 4726 2467 4797 quod
2494 4725 2714 4798 formari
2742 4726 2795 4781 in
2827 4726 2912 4782 bis
2939 4727 3028 4796 qui
3061 4731 3127 4779 ad
3157 4727 3445 4796 perfectio.

179 4808 304 4868 vero
359 4813 543 4861 mss.,t
580 4797 779 4851 Tamen
814 4800 939 4866 quia
977 4796 1080 4852 ille
1108 4815 1206 4868 pro
1234 4800 1437 4868 impiis,
1462 4820 1479 4851 ι
1513 4811 1617 4853 etc.
1653 4801 1759 4853 lia-
1868 4796 1990 4853 nem
2029 4796 2260 4851 tendunt
2287 4796 2539 4854 Christus
2580 4796 2813 4853 dicatur.
2865 4815 2884 4849 ι
2922 4798 3028 4851 Sed
3075 4812 3265 4852 omnes
3313 4815 3448 4853 tnss.

178 4863 377 4924 bantls.
410 4885 428 4918 t
462 4870 582 4934 quia
604 4868 775 4937 etiille
809 4863 904 4937 pro
937 4863 1137 4935 impiis,
1169 4889 1188 4919 ι
1222 4863 1353 4930 citi,
1385 4870 1589 4923 omisso
1623 4889 1642 4919 ι
1673 4879 1754 4924 ιιι-
1866 4878 1922 4923 et
1957 4868 2214 4923 Rabztnus
2250 4875 2306 4920 ιιι
2334 4869 2386 4921 in
2412 4876 2596 4937 ilexltt.

178 4948 317 5009 tuen.
340 4955 360 4986 ι
381 4937 543 4998 ΕιΙίιί,
580 4956 597 4987 ι
634 4934 835 4993 Tamen
867 4939 993 5007 quia
1024 4938 1143 5007 (a|.,
1178 4956 1196 4988 t
1226 4939 1425 5008 quod»)
1455 4949 1508 4993 et
1543 4940 1630 4993 ille
1660 4953 1759 5009 pro
1943 4936 2057 5009 (58)
2089 4937 2254 5001 Editi,
2296 4955 2316 4988 ι
2344 4936 2427 5009 vel
2462 4949 2610 5009 certe
2656 4950 2886 5005 quasque
2922 4934 3168 4991 virtutes.
3197 4954 3214 4988 ι
3244 4935 3444 4992 Deinde

180 5002 384 5071 impiis,
422 5025 439 5056 ι
476 5021 580 5060 ete.
883 5002 897 5007 ’
1032 5002 1041 5007 ’
1244 5002 1258 5008 ⁷
1408 5002 1417 5008 ⁷
1661 5002 1674 5009 ⁷
1867 5002 1970 5063 ms.
2009 5002 2166 5069 unus,
2206 5021 2364 5075 tqum
2392 5008 2443 5060 in
2470 5002 2712 5066 forma.)
2752 5002 2861 5060 etc.

250 5075 495 5156 (5l)‘ili.c
532 5086 586 5131 et
612 5078 748 5132 infra
777 5079 829 5131 in
859 5094 960 5133 ms.
991 5080 1159 5149 Regio
1194 5094 1344 5134 num.
1381 5077 1520 5133 1659
1546 5078 1756 5133 omitti-
1936 5077 2049 5149 (59)
2089 5076 2182 5156 Sic
2223 5073 2429 5156 omnes
2468 5092 2599 5130 mss.
2618 5091 2706 5156 _no
2728 5076 2836 5156 ιιιτίΔο
2862 5083 2915 5129 et
2979 5073 3253 5156 [tabanus
3301 5074 3444 5156 Editi

190 5144 277 5199 tur
312 5168 329 5198 ι
359 5146 497 5200 fieri.
523 5166 541 5199 ι
1074 5144 1098 5149 ⁷
1866 5144 2074 5212 ver-0,}
2099 5148 2261 5201 timor
2304 5146 2526 5201 dicitur.
2552 5164 2570 5197 ι
2604 5145 2716 5209 ΔΙ..
2752 5162 2771 5196 ι
2802 5147 2962 5199 timor
3015 5144 3252 5210 Dotnini,
3295 5154 3349 5198 et
3387 5146 3440 5198 in

276 5215 365 5287 52)
400 5214 559 5287 Quia.
589 5217 748 5272 Deest
779 5217 831 5270 in
866 5217 1046 5271 editis.
1079 5218 1247 5283 Alias,
1281 5235 1300 5268 t
1326 5215 1605 5285 quoniam.
1628 5235 1648 5269 ι
1867 5216 2125 5287 timore.)
2156 5227 2263 5287 etc.

275 5281 368 5364 55)
398 5283 465 5364 _In
498 5286 709 5345 bonum.
760 5288 884 5341 llaec
914 5281 1297 5364 verba_d_esunt
1335 5281 1386 5342 in
1425 5287 1586 5343 editis
1620 5298 1674 5343 et
1700 5287 1754 5342 in
1938 5285 2050 5357 (60)
2092 5286 2254 5364 galiti,
2291 5303 2311 5337 ι
2339 5293 2398 5338 ιιι
2438 5283 2670 5364 rudibus
2697 5285 3025 5364 et‘ignaris.
3056 5302 3076 5335 ι
3111 5281 3217 5336 Sed
3250 5296 3441 5364 omnes

188 5354 505 5426 quibusdam
541 5372 700 5422 mss.,
726 5372 935 5412 necnon
956 5356 1097 5426 apud
1130 5357 1437 5412 Rabannm.
1863 5372 1993 5410 mss.
2022 5354 2074 5410 et
2104 5356 2363 5410 ﬂabanus
2390 5364 2446 5408 ut
2474 5355 2526 5407 in
2561 5365 2730 5409 testu.
2762 5354 2962 5408 Deinde
2986 5369 3087 5408 ms.
3117 5368 3278 5417 unus,
3308 5370 3327 5404 t
3361 5354 3437 5407 in-

254 5423 364 5492 (51)
412 5422 510 5480 bis.
561 5442 702 5482 unus
754 5427 952 5498 Regius
973 5422 1135 5481 habet
1160 5446 1178 5479 t
1211 5442 1397 5483 verum
1426 5442 1445 5480 ι
1492 5441 1592 5499 pro
1620 5444 1638 5478 ι
1663 5442 1758 5482 ve-
1862 5427 2037 5499 telligi
2071 5434 2316 5499 possunt,
2344 5442 2362 5475 ι
2394 5437 2500 5478 etc.

189 5503 507 5567 murtamgn.
532 5514 559 5567 r
653 5565 672 5567 _
835 5491 862 5567 7'
986 5566 991 5567 γ
1050 5565 1058 5567 _
1492 5491 1508 5499 ’
1933 5494 2046 5567 (61)
2073 5491 2177 5550 ’δίο
2200 5510 2304 5567 ms.
2338 5492 2719 5567 unusnegius
2745 5510 2894 5567 num.
2929 5491 3087 5567 1659.
3116 5493 3313 5548 Ctetcri
3348 5509 3433 5548 ve-

255 5562 367 5626 (55)
404 5562 617 5622 Omnia.
652 5565 812 5619 Deest
840 5566 892 5620 in
931 5565 1116 5621 editis.
1861 5579 1923 5618 ro
1942 5562 2087 5618 mss.
2122 5572 2177 5617 et
2222 5563 2353 5616 editi
2398 5563 2698 5617 omittunt:
2733 5583 2751 5615 t
2780 5564 2895 5617 Non
2926 5564 3243 5618 omittamus
3270 5567 3335 5618 de
3375 5582 3437 5616 ee

255 5562 342 5626 (55
404 5562 617 5622 Omnia.
652 5565 812 5619 Deest
840 5566 892 5620 in
931 5565 1116 5621 editis.
1861 5561 2087 5618 ro'tttss.
2122 5572 2177 5617 et
2222 5563 2353 5616 editi
2398 5561 2698 5617 omittunt:
2733 5583 2751 5615 t
2780 5564 2895 5617 Non
2926 5564 3243 5618 omittamus
3270 5567 3335 5618 de
3375 5582 3433 5616 ee

255 5561 367 5703 (56)
392 5631 560 5705 Εύίιί.
586 5652 605 5686 ι
629 5635 907 5701 dicuntur,
934 5655 953 5689 ι
974 5646 1026 5691 et
1052 5644 1262 5705 postea,
1288 5637 1384 5693 t-in
1412 5635 1582 5692 forma
1607 5637 1750 5694 servi
1858 5634 2003 5705 quod
2029 5634 2188 5696 dixit,
2217 5631 2501 5705 Praseivit
2529 5644 2581 5686 et
2626 5634 3052 5704 prtedestiuavit,
3071 5650 3090 5686 ι
3131 5644 3183 5688 et
3238 5649 3433 5691 vocem

196 5711 302 5753 esse
326 5700 688 5771 propositum.
705 5724 722 5754 ι
894 5700 901 5701 ⁷
1053 5700 1069 5705 “
1252 5700 1259 5701 “
1863 5700 1890 5755 ι’
1914 5703 2060 5756 enitn
2082 5720 2101 5755 ι
2136 5712 2259 5760 post
2302 5719 2321 5755 t
2347 5700 2504 5758 Puto.
2529 5721 2549 5754 ι
