3986 6206
409 281 554 336 119.3

1891 266 2052 318 UNG
2062 264 2216 316 LMS

3541 257 3672 314 "Si.

408 395 552 461 quod
599 392 740 444 sicut
776 406 880 443 non
913 389 977 442 de
1012 386 1266 440 omnibus
1300 385 1435 437 dixit
1473 383 1570 454 qui
1607 381 1978 453 przedestiuali
2011 389 2055 442 Α
2086 382 2180 449 qui
2220 394 2279 434 se
2308 379 2374 431 ad
2407 394 2528 431 eam
2566 379 2800 433 formam
2843 391 3004 446 quam
3049 389 3214 444 supra
3253 371 3538 444 posuimus
3577 390 3676 431 ei.

401 496 556 548 sunt,
589 486 659 537 ita
695 497 793 535 nec
823 483 888 533 de
915 479 1166 531 omnibus
1204 491 1344 545 quos
1391 476 1652 544 prazsciit.
1690 473 1807 528 Non
1839 475 1985 528 enim

409 577 702 630 secundum
733 583 1072 625 communem
1098 569 1235 635 \ttlgi
1259 568 1566 636 opinionem
1589 568 1884 636 putandum
1904 574 1988 618 est

407 669 546 722 bona
573 664 814 730 malaque
834 661 1088 728 prwscire
1109 660 1297 720 Deum,
1316 659 1410 712 sed
1423 659 1726 713 secundum
1743 655 1989 724 Scriptu-

405 775 481 812 τευ
493 765 695 813 sancta:
713 751 1158 808 consuetudinem
1180 751 1518 806 sentiendum
1539 761 1618 804 est
1639 750 1772 820 (σε).
1788 748 1989 804 Obser-

409 859 495 902 vet
510 848 652 901 enim
673 848 762 916 qni
781 847 1050 900 studiosus
1073 858 1150 900 est
1176 848 1226 898 in
1247 843 1565 912 Scriptnris.
1592 842 1764 896 sicubi
1783 841 1989 895 invenit

405 938 742 1008 Scripturam
765 939 1106 1008 dicere,quia
1136 937 1308 991 malos
1327 935 1632 1005 przescierit
1663 933 1824 994 Deus,
1846 932 1988 987 sicut

405 1031 462 1086 in
487 1031 736 1102 prazsenti
756 1031 873 1085 loco
895 1032 959 1084 dc
980 1032 1136 1084 bonis
1161 1030 1444 1084 manifeste
1473 1028 1624 1092 dicit,
1653 1028 1774 1094 quia
1805 1045 1823 1076 ι
1853 1040 1988 1094 quos

406 1124 701 1194 pra-scivit,
734 1133 786 1176 et
817 1123 1220 1192 prtedestinavit
1248 1123 1557 1176 conformes
1574 1119 1687 1172 fieri
1713 1117 1823 1188 (63)
1855 1118 1979 1171 ima~

406 1217 546 1282 ginis
597 1214 715 1268 Filii
762 1216 912 1268 sui.»
957 1213 1014 1267 Si
1071 1214 1215 1268 enim
1266 1230 1402 1282 quos
1449 1211 1742 1279 pra-scivit,
1799 1213 1898 1264 bos
1933 1221 1986 1264 et

408 1304 819 1371 pi-attleslinavit
871 1306 1179 1359 confortnes
1236 1321 1357 1358 esse
1409 1304 1662 1372 imaginis
1709 1303 1825 1356 Filii
1879 1303 1983 1369 sui,

409 1400 588 1452 nullus
613 1407 794 1450 autem
829 1397 1004 1451 malus
1051 1396 1350 1451 conformis
1381 1405 1560 1463 potest
1590 1395 1840 1464 imaginis
1862 1409 1986 1450 esse

405 1491 526 1544 Filii
567 1481 682 1551 Dei,
717 1487 1065 1542 manifestum
1096 1498 1181 1542 est
1218 1488 1340 1556 quia
1373 1489 1438 1540 de
1472 1485 1628 1540 bonis
1661 1495 1866 1540 tantum
1903 1487 1984 1540 tli-

407 1588 526 1637 cit:
561 1601 580 1634 ι
611 1582 854 1635 Praesi-iit
913 1597 1050 1650 quos
1103 1592 1156 1635 ct
1207 1580 1619 1651 praedestinavit
1675 1579 1986 1634 confiirines

409 1677 523 1730 lieri
575 1676 825 1743 imaginis
873 1673 999 1726 Filii
1051 1674 1173 1738 sui;
1207 1693 1224 1723 ν
1267 1682 1498 1726 ra'teros
1531 1687 1659 1724 vero
1687 1688 1790 1726 non
1829 1672 1984 1725 moi-lo

406 1767 683 1833 praescire,
721 1767 816 1819 sed
865 1765 1076 1819 nescire
1110 1765 1329 1833 quidem
1393 1765 1593 1816 dicitur
1634 1762 1791 1816 Dens.
1828 1785 1845 1814 ι
1876 1761 1983 1814 Νο-

407 1861 482 1910 vit
505 1877 523 1909 ι
559 1857 702 1911 enim
736 1875 754 1908 ι
782 1857 922 1911 Dens
955 1872 1051 1910 eos
1084 1857 1174 1926 qui
1210 1868 1336 1910 sunt
1363 1855 1478 1924 ejus
1501 1855 1581 1920 ⁷³;
1609 1875 1628 1908 ι
1661 1855 1726 1908 ad
1760 1871 1856 1908 eos
1883 1870 1984 1908 au-

405 1965 512 2003 ti-in
547 1949 636 2018 qui
667 1964 769 2001 non
797 1958 923 2001 sunt
949 1947 1095 2018 digni
1122 1956 1180 2000 ut
1228 1948 1481 2002 sciantur
1510 1961 1538 2000 a
1571 1947 1701 2011 Deo,
1732 1946 1987 2000 Salvator

400 2043 577 2096 dicit:
612 2040 928 2095 «Discedite
983 2055 1013 2092 a
1070 2054 1175 2102 me,
1231 2039 1358 2108 quia
1421 2054 1693 2106 nunquam
1751 2036 1983 2107 cognovi

406 2149 502 2187 vos
537 2131 672 2201 (tit),
699 2129 934 2200 Operarii
974 2128 1364 2196 iniquitatis”.
1391 2149 1411 2180 ι
1448 2128 1537 2182 Sic
1556 2141 1687 2196 ergo
1737 2127 1902 2181 etiam
1931 2126 1986 2182 in

409 2227 509 2277 hnc
534 2221 787 2292 pra-senti
820 2221 942 2276 ἰοί-ο
969 2239 989 2271 ‹
1020 2235 1155 2288 quos
1177 2220 1446 2288 przescivit
1474 2241 1490 2272 ο
1522 2221 1682 2280 Deus.
1712 2218 1856 2287 ipsos
1882 2236 1903 2268 ι
1934 2227 1988 2272 et

405 2315 812 2378 nrzedestinavit
863 2311 1175 2366 conformes
1213 2313 1327 2366 fieri
1372 2311 1625 2381 imaginis
1671 2309 1792 2364 Filii
1833 2309 1980 2364 sui.»

405 2405 603 2460 (Ia-teri
666 2417 844 2459 autetn
903 2402 1146 2473 prazsciri
1211 2419 1318 2457 non
1365 2402 1794 2456 dicunturznon
1845 2400 1990 2470 quod

405 2499 611 2568 aliquid
642 2499 812 2552 latere
842 2496 1012 2567 possit
1040 2496 1186 2549 illam
1222 2504 1477 2549 naturain
1502 2510 1624 2563 quae
1649 2493 1851 2563 ubique
1881 2502 1984 2561 est,

406 2601 461 2641 et
494 2608 758 2659 nusquam
785 2592 971 2656 deest;
1003 2589 1096 2643 sed
1127 2587 1253 2656 quia
1292 2602 1452 2641 omne
1481 2587 1622 2654 quod
1651 2589 1847 2640 malum
1880 2596 1986 2652 est,

405 2683 637 2735 scientia
689 2683 806 2749 ejus
859 2680 944 2734 vel
988 2679 1329 2750 pra-scientia
1390 2676 1624 2731 habetur
1683 2677 1982 2746 indignum.

413 2786 434 2817 ι
464 2770 609 2833 Quos
637 2789 654 2818 ι
691 2783 819 2838 ergo
851 2787 868 2818 ι
892 2767 1152 2835 ρτωεεὶἰι,
1179 2776 1235 2821 et
1281 2765 1706 2838 prtedestinavit.
1735 2785 1752 2818 ν
1793 2764 1898 2820 Sed
1932 2777 1988 2823 et

410 2864 514 2913 hoc
559 2861 794 2920 intuere.
825 2859 867 2912 si
897 2859 1152 2928 praescire
1179 2867 1232 2912 et
1257 2857 1647 2926 przedestinare
1669 2856 1774 2910 dici
1807 2867 1987 2926 potest

407 2951 552 3002 Deus
587 2949 651 3002 de
688 2948 774 3001 his
815 2950 906 3018 qui
955 2949 1196 3003 nondum
1223 2959 1388 3015 sunt;
1431 2964 1500 3003 an
1533 2949 1599 3003 de
1629 2948 1712 3003 liis
1747 2948 1864 3019 (65)
1889 2948 1984 3018 qui

2089 471 2340 537 coluerit,
2376 470 2554 540 imago
2581 470 2655 524 sit
2690 470 2804 532 Dei,
2837 470 2938 524 hoc
2964 476 3046 522 est
3080 468 3410 537 inagoFilii
3447 467 3566 530 Dei,
3591 479 3674 522 ta-

2091 577 2213 616 nien
2243 561 2495 630 Spei-iulia
2523 577 2584 614 at:
2612 562 2834 630 propria
2859 562 3038 630 imago
3063 559 3182 627 ejus
3210 575 3334 630 qua:
3347 574 3478 614 eum
3500 569 3676 614 totum

2089 663 2253 721 atque
2275 667 2340 705 ex
2369 651 2870 720 integrosuseepit,
2904 661 2959 704 et
2987 652 3040 705 iu
3071 654 3364 720 semetipsa
3394 652 3676 716 formavit,

2090 746 2205 815 ipsa
2244 745 2373 801 Jesu
2423 746 2604 798 anima
2649 744 2882 800 dicenda
2917 754 3039 808 est,
3082 761 3206 814 quae
3239 761 3302 800 se
3343 760 3444 815 per
3493 746 3676 800 omnia

2097 839 2269 892 Verbo
2304 854 2366 893 ac
2410 838 2708 908 Sapientia
2751 839 2844 891 Dei
2877 840 2953 892 ita
2999 839 3300 906 coaptavit,
3335 848 3397 890 ut
3431 838 3487 891 in
3525 837 3678 891 nullo

2091 944 2318 999 prorsus
2346 930 2414 984 ab
2452 928 2568 997 eius
2599 929 2960 986 similitudine
2993 929 3215 984 decolor
3245 929 3574 994 haberetur,
3605 930 3675 983 ita

2092 1030 2151 1073 ut
2177 1021 2485 1089 quicunque
2514 1035 2781 1075 summam
2817 1021 3171 1089 perfectionis
3209 1035 3274 1073 ac
3315 1020 3680 1074 beatitudinis

2088 1122 2454 1175 consectatur,
2493 1111 2560 1165 ad
2605 1111 2751 1166 illius
2798 1127 2857 1166 se
2903 1113 3197 1181 imaginem
3226 1129 3291 1168 ac
3323 1112 3496 1184 604
3518 1113 3674 1168 simi-

2094 1207 2379 1260 litudinem
2408 1207 2520 1276 (68)
2538 1211 2745 1271 tendat,
2765 1221 2884 1276 quae
2898 1209 3075 1276 primo
3088 1207 3210 1260 loco
3224 1219 3276 1262 et
3295 1223 3464 1278 super
3481 1225 3677 1262 omnes

2088 1311 2318 1352 cmteros
2349 1297 2468 1352 Filii
2503 1299 2596 1352 Dei
2630 1299 2807 1364 imago
2838 1309 2918 1354 est
2948 1300 3060 1356 :ita
3085 1319 3106 1350 ι
3132 1311 3188 1353 ut
3219 1299 3289 1353 sit
3321 1300 3438 1365 ipse
3468 1303 3679 1368 primo-

2089 1391 2304 1456 genitns
2326 1391 2375 1442 in
2399 1390 2583 1443 multis
2603 1389 2920 1452 fratribus.»
2953 1392 3004 1444 in
3042 1392 3127 1444 his
3165 1393 3416 1447 videlicet
3444 1411 3679 1462 quorum

2089 1483 2141 1537 in
2175 1480 2616 1535 conformatione
2645 1482 2896 1552 imaginis
2929 1481 3048 1535 lt‘ilii
3071 1483 3163 1536 Dei
3181 1485 3476 1549 primatum
3508 1496 3678 1542 tenet.

2158 1572 2213 1626 ’8.
2261 1590 2280 1624 ι
2308 1573 2456 1638 Quos
2487 1581 2665 1626 autem
2707 1573 3140 1641 prmdestinavit,
3167 1574 3287 1629 illos
3319 1586 3376 1630 et
3404 1579 3627 1632 vocavit
3661 1595 3674 1628 :

2087 1676 2136 1719 et
2153 1681 2291 1731 quos
2311 1668 2542 1730 vocavit,
2564 1666 2683 1721 illos
2706 1675 2759 1718 et
2777 1665 3130 1735 jtistilicavit;
3158 1683 3295 1736 quos
3315 1669 3682 1740 autemjusti-

2091 1759 2295 1824 ticavit,
2331 1759 2450 1814 illos
2473 1769 2531 1814 et
2571 1758 2963 1828 glorificavit"
2985 1757 3122 1826 (69).
3154 1778 3174 1812 ›
3213 1759 3392 1830 Supra
3427 1761 3632 1816 dixit”
3662 1781 3678 1817 :

2089 1871 2113 1903 4
2127 1851 2270 1918 Quos
2293 1850 2588 1920 praescivit,
2602 1851 2703 1905 hos
2720 1860 2771 1904 et
2787 1850 3216 1919 praedestinavit,
3230 1861 3314 1905 ret
3331 1868 3478 1907 nunc
3491 1853 3676 1908 addit:

2095 1959 2113 1994 ι
2144 1943 2291 2008 Quos
2307 1953 2488 1996 autem
2515 1940 2945 2012 prtedestinavit,
2975 1941 3096 1996 illos
3118 1950 3173 1997 et
3191 1945 3404 1998 vocavit
3428 1954 3515 1998 :et
3535 1961 3684 2015 quos

2089 2033 2323 2096 vocavit,
2349 2031 2474 2086 illos
2508 2031 2920 2103 etjustiflcavit.
2943 2051 2966 2083 ο
3002 2030 3064 2085 Et
3101 2032 3149 2087 si
3203 2051 3224 2085 ‹
3255 2034 3526 2104 praescivit
3550 2057 3573 2090 ι
3627 2049 3686 2092 et

2091 2140 2114 2175 ι
2140 2123 2545 2193 praedestinavit
2569 2142 2587 2174 ι
2624 2122 2901 2178 c0mmuui
2931 2124 3193 2193 opinione
3226 2126 3559 2195 sentiamus,
3593 2130 3680 2184 vi—

2089 2215 2307 2270 debitur
2337 2216 2525 2285 utique
2564 2214 2654 2284 qui
2684 2215 3014 2285 justifieatus
3052 2229 3159 2280 est.
3191 2230 3480 2289 propterea
3505 2221 3680 2291 justi-

2091 2306 2282 2361 ficatus
2321 2322 2441 2361 esse
2475 2308 2602 2376 quia
2629 2318 2852 2362 vocatus
2897 2319 3015 2374 est;
3048 2319 3103 2362 et
3151 2312 3243 2380 qui
3294 2326 3526 2368 meatus
3576 2325 3682 2375 cst,

2088 2409 2375 2470 propterea
2417 2399 2751 2470 justifieatus
2781 2415 2902 2455 esse
2947 2402 3061 2472 (70)
3087 2405 3213 2473 quia
3257 2406 3685 2475 pratdestiua-tus

2087 2497 2204 2555 est;
2235 2496 2290 2542 et
2329 2489 2420 2560 qui
2461 2488 2878 2558 przedestinalus
2910 2503 3014 2557 est,
3059 2505 3355 2562 propterea
3395 2500 3680 2565 prmdcsti-

2090 2589 2248 2634 natus
2275 2595 2398 2634 esse
2433 2582 2560 2651 quia
2597 2583 2965 2651 przecognitus
3000 2593 3104 2636 est.
3149 2585 3213 2638 Et
3267 2602 3486 2640 rursum
3513 2604 3684 2642 econ-

2091 2671 2257 2723 trario
2288 2670 2558 2736 intelliges
2585 2668 2698 2741 (7|)
2737 2686 2750 2722 :
2781 2670 2970 2742 siqnis
3000 2683 3180 2727 autem
3201 2674 3541 2743 justifii-atus
3575 2694 3682 2730 una

2088 2771 2194 2825 cst,
2237 2763 2357 2817 ideo
2396 2779 2499 2816 non
2533 2771 2614 2818 est
2640 2761 2974 2830 justificatus
3010 2764 3137 2832 quia
3173 2780 3277 2819 non
3315 2777 3400 2819 est
3430 2778 3681 2828 vocatus;

2087 2865 2142 2908 et
2177 2855 2271 2925 qui
2307 2867 2528 2911 voratus
2579 2874 2682 2910 non
2712 2868 2818 2922 est,
2854 2859 2976 2914 ideo
3007 2868 3234 2914 vocatus
3275 2874 3383 2912 non
3425 2868 3506 2912 est
3549 2860 3682 2928 quia

2089 2960 2194 2999 non
2226 2957 2304 3000 est
2337 2948 2788 3017 praedestinatus;
2813 2959 2866 3003 et
2887 2950 2982 3019 qui
3009 2949 3427 3018 praedestinatns
3448 2965 3554 3003 non
3575 2962 3684 3014 est,

407 3051 534 3097 sunt
567 3041 807 3110 quidem,
845 3041 1084 3095 nondum
1121 3050 1300 3096 tamen
1347 3039 1661 3095 conformes
1691 3049 1820 3095 sunt
1852 3041 1986 3095 ima-
2013 3076 2056 3134 ο
2091 3035 2219 3089 ideo
2254 3053 2358 3090 non
2400 3053 2480 3092 eSt
2508 3039 2927 3106 praedestinatus
2962 3043 3087 3112 quia
3119 3056 3222 3094 non
3252 3049 3340 3094 est
3367 3043 3680 3111 preciigiii-

407 3133 549 3201 ginis
578 3131 693 3186 Filii
723 3131 804 3184 sui
831 3149 844 3183 :
871 3141 926 3185 et
959 3131 1002 3185 si
1037 3132 1442 3202 prtescieutiam
1476 3132 1529 3184 in
1573 3131 1675 3185 hoc
1707 3146 1830 3185 esse
1865 3147 1984 3185 ma-

406 3223 494 3288 gis
526 3220 799 3285 convenit,
834 3235 998 3290 quam
1039 3220 1091 3272 in
1123 3235 1188 3274 eo
1212 3220 1356 3289 quod
1387 3218 1628 3273 futurum
1669 3220 1738 3274 sit
1765 3221 1817 3275 id
1844 3224 1987 3290 quod

408 3315 648 3367 nondum
683 3325 785 3368 est.
817 3311 872 3365 In
915 3311 1014 3365 hoc
1044 3311 1189 3364 enim
1229 3311 1476 3364 voluntas
1515 3312 1687 3381 magis
1713 3324 1797 3367 est
1827 3329 1985 3382 quam

412 3405 751 3472 pratscientia
803 3403 1126 3458 conditaris.
1167 3402 1298 3456 Nam
1368 3403 1708 3470 prtescieutia
1767 3404 1821 3456 in
1880 3421 1986 3473 quo

411 3496 706 3562 videbitur,
747 3513 870 3550 cuin
915 3497 964 3550 id
1008 3495 1150 3566 quod
1201 3495 1444 3548 futurum
1485 3502 1588 3554 est,
1641 3497 1872 3562 pendeat
1926 3495 1979 3550 iu

411 3589 646 3643 factoris
700 3588 971 3644 arbitrio?
1016 3588 1296 3643 Videbitur
1345 3584 1594 3640 fortassis
1641 3585 1708 3637 ab
1765 3587 1988 3642 attentis

409 3679 712 3733 lectbrihus
745 3680 912 3734 etiam
951 3683 1050 3734 hoc
1097 3679 1323 3749 requiri,
1349 3695 1450 3734 cur
1477 3695 1580 3735 non
1603 3680 1824 3745 dixerit,
1860 3695 1990 3734 cou-

411 3771 614 3823 fornies
657 3770 780 3824 Filii
828 3770 944 3835 sui;
988 3771 1108 3834 sed,
1153 3788 1174 3819 4
1201 3768 1512 3824 conformcs
1559 3769 1814 3838 imaginis
1867 3767 1987 3822 Filii

409 3861 517 3913 sui.
544 3880 563 3912 ι
604 3859 754 3914 Dicet
788 3862 934 3915 enim
964 3861 1054 3928 qni
1094 3861 1208 3914 ha‘c
1253 3861 1478 3925 excitat,
1519 3861 1644 3929 quia
1691 3861 1834 3914 sicut
1875 3861 1990 3931 ipse

406 3950 585 4006 Filius
615 3953 708 4019 qui
754 3970 771 4002 ι
803 3953 983 4020 imago
1019 3951 1110 4004 Dei
1144 3950 1434 4005 invisibilis
1461 3970 1478 4002 ι
1507 3951 1788 4015 dicitur",
1815 3966 1987 4021 quau-

411 4051 525 4092 tum
580 4042 646 4092 ad
701 4056 987 4109 personam
1037 4050 1249 4110 spectat
1293 4040 1438 4110 (66):,
1488 4040 1628 4095 alius
1677 4051 1762 4097 est
1790 4044 1860 4096 ab
1897 4042 1986 4097 illo

411 4131 568 4196 cujus
593 4132 767 4200 imago
795 4141 880 4185 est
913 4149 926 4186 :
965 4132 1035 4184 ita
1064 4143 1117 4185 ct
1148 4133 1237 4185 hic
1271 4149 1393 4201 qute
1422 4133 1624 4187 dicitur
1665 4134 1840 4207 imago
1866 4135 1986 4190 Filii

411 4222 553 4287 ejus,
586 4220 689 4273 alia
741 4221 898 4274 debet
944 4238 1062 4274 esse
1095 4223 1287 4284 abillo
1325 4223 1437 4295 (67)
1469 4227 1624 4294 cujus
1673 4227 1852 4298 imago
1883 4241 1985 4282 est.

415 4311 477 4364 Et
509 4313 755 4380 quamvis
778 4313 942 4366 ardua
980 4314 1098 4368 haec
1130 4315 1418 4369 videantur
1437 4326 1490 4369 et
1511 4315 1767 4382 dillicilia,
1806 4330 1986 4372 tamen

2089 3135 2197 3182 tus.
2231 3127 2298 3181 Et
2332 3129 2451 3181 vide
2490 3130 2600 3201 (7‘2)
2657 3133 2707 3184 in
2759 3148 2922 3201 quam
2984 3131 3277 3186 absurdam
3347 3133 3685 3187 sententiam

2092 3221 2346 3275 decidant
2395 3222 2447 3276 hi
2493 3223 2586 3291 qui
2633 3225 3030 3291 prtescientiani
3087 3224 3182 3278 Dci
3228 3225 3279 3278 in
3327 3225 3428 3276 hoe
3467 3237 3681 3279 tantum

2090 3313 2392 3382 accipiunt,
2431 3315 2585 3382 quasi
2610 3315 2700 3383 qui
2721 3330 2784 3370 ea
2814 3331 2932 3384 quae
2947 3317 3290 3384 postmodum
3321 3313 3506 3368 futura
3529 3327 3682 3382 sunt,

2090 3416 2218 3458 ante
2254 3415 2577 3474 praenoscat.
2610 3405 2889 3460 Invenitur
2909 3407 3052 3460 enim
3077 3406 3377 3460 secundum
3412 3407 3514 3459 hoc
3533 3409 3682 3476 quod

2091 3511 2253 3564 Supra
2296 3499 2647 3566 exposuimus
2680 3497 2816 3567 (75),
2867 3514 2974 3551 non
3020 3493 3302 3567 praescisse
3355 3497 3501 3552 Dens
3541 3515 3685 3566 quos

2093 3601 2200 3639 non
2258 3587 2688 3656 prmdestinavit.
2748 3587 2814 3640 Et
2874 3601 3094 3640 rursum
3125 3587 3168 3640 si
3209 3587 3277 3639 ad
3327 3601 3680 3640 communem

2094 3678 2368 3732 referatur
2402 3677 2818 3748 intelligentiam
2847 3678 2948 3732 hoc
2977 3678 3117 3748 quod
3141 3677 3294 3742 dicit,
3320 3679 3452 3746 quia
3490 3696 3508 3728 ι
3541 3693 3680 3748 quos

2091 3771 2330 3835 vocavit,
2361 3770 2486 3826 illos
2507 3781 2562 3826 et
2578 3771 2901 3840 justiﬁcavit
2922 3770 2990 3834 ’⁸,
3025 3790 3042 3820 ι
3081 3770 3350 3839 ingentem
3377 3771 3675 3825 fenestram

2092 3862 2486 3930 patefaciemus
2536 3864 2620 3916 his
2663 3863 2752 3932 qui
2787 3873 2986 3930 negant
3013 3879 3133 3917 esse
3162 3863 3213 3917 in
3249 3863 3494 3918 hominis
3519 3873 3672 3931 pote-

2093 3963 2236 4007 state
2292 3962 2351 4006 ut
2401 3953 2584 4007 salvus
2632 3953 2745 4007 fiat.
2784 3951 2952 4006 Aiunt
2993 3953 3138 4006 enini
3189 3950 3294 4006 :Si
3351 3950 3499 4005 Deus
3542 3965 3680 4018 quos

2095 4045 2390 4114 prmscivit,
2426 4044 2545 4099 illos
2575 4053 2632 4099 et
2675 4043 3113 4113 praadestiuavit;
3144 4051 3198 4096 et
3223 4057 3361 4110 quos
3392 4042 3679 4110 przedcsti-

2098 4136 2272 4202 navit,
2307 4136 2430 4190 illos
2453 4143 2506 4188 et
2545 4135 2787 4198 vocavit;
2818 4141 2870 4188 et
2900 4147 3036 4202 quos
3071 4131 3304 4196 vocavit,
3349 4133 3473 4185 illos
3505 4142 3560 4184 et
3585 4132 3674 4200 jn-

2095 4228 2386 4294 stificavit;
2431 4227 2564 4282 nihil
2596 4227 2765 4296 cnlpze
2796 4225 2996 4281 habent
3021 4225 3073 4278 hi
3103 4223 3193 4294 qui
3227 4240 3334 4276 non
3365 4222 3674 4291 iustificati-

2097 4328 2204 4376 tur.
2251 4319 2377 4390 quia
2439 4334 2540 4372 nec
2585 4319 2762 4372 vocati
2807 4327 2953 4380 sunt,
3004 4333 3104 4372 nec
3142 4315 3543 4386 praedestinati,
3580 4329 3675 4366 nec

412 4405 532 4459 vide
565 4407 606 4458 si
634 4408 1063 4474 possumusillud
1094 4408 1298 4474 dicere,
1331 4409 1478 4478 quia,
1520 4409 1770 4477 quamvis
1807 4411 1986 4464 omnis
2020 4405 2062 4459 D
2093 4409 2428 4480 prmi-oguiti.
2458 4409 2593 4463 Tum
2623 4409 2786 4462 etiam
2825 4407 2954 4461 illud
2998 4417 3182 4475 aperte
3222 4405 3385 4459 nobis
3418 4406 3675 4458 adversa-

479 4518 524 4548 ⁷³
546 4517 586 4572 ιι
626 4519 764 4572 Tim.
797 4537 857 4582 it,
893 4520 982 4577 i9.
1057 4522 1103 4554 “
1131 4521 1322 4577 Matth.
1350 4539 1448 4588 vn,
1473 4523 1562 4578 25.

484 4635 598 4690 (62)
627 4633 794 4699 Editi,
841 4652 860 4685 t
885 4634 1165 4688 sciendum
1207 4648 1308 4690 est.
1343 4657 1363 4689 ο

484 4701 788 4775 (615)7Fieri.
841 4705 1002 4758 Deest
1050 4707 1104 4758 in
1157 4723 1288 4761 mss.
1333 4707 1612 4762 codicibus
1671 4709 1895 4775 nostris,
1931 4719 1989 4762 et

413 4776 556 4842 apud
590 4774 895 4842 Baliarium,
917 4776 1012 4827 sed
1048 4788 1228 4830 exstat
1259 4778 1312 4830 in
1346 4778 1527 4831 editis.

489 4842 603 4911 (64)
638 4840 728 4896 Sic
757 4859 888 4899 mss.
918 4853 971 4896 et
1001 4844 1283 4900 “altanus.
1314 4847 1453 4900 Editi
1491 4863 1635 4910 vero,
1673 4866 1690 4898 ι
1720 4847 1990 4902 Discedite

415 4931 564 4987 ante
594 4929 706 4973 vos,
727 4915 960 4987 operarii
991 4915 1308 4982 iniquitatis,
1335 4917 1459 4986 quia
1485 4933 1590 4970 non
1610 4917 1841 4987 cognovi
1874 4933 1991 4970 vos.

416 4985 507 5037 Sic
542 4999 672 5051 ergo
695 4994 748 5035 et
779 4983 830 5034 in
865 4984 983 5047 hoc,
1012 5003 1030 5035 ι
1070 4995 1174 5039 etc.

489 5053 601 5122 (65)
638 5051 805 5114 Editi,
849 5053 940 5104 alii
978 5071 992 5104 :
1028 5073 1045 5104 ι
1075 5053 1227 5108 Unde
1258 5053 1368 5116 his,
1395 5073 1414 5105 ι
1459 5055 1618 5118 alius,
1659 5076 1676 5107 ι
1701 5056 1779 5110 vcl
1837 5057 1943 5110 his.
1968 5075 1988 5107 ι

421 5123 482 5196 _I-It
517 5134 724 5190 postea,
758 5140 778 5172 ι
805 5123 1057 5194 imaginis
1095 5124 1213 5179 Filii
1261 5126 1400 5191 ejus,
1429 5135 1484 5178 et
1508 5125 1908 5196 pra'scientiam
1936 5127 1990 5179 in

415 5193 519 5244 huc
542 5209 682 5250 esse,
704 5210 726 5242 ι
751 5202 858 5246 etc.

487 5263 599 5330 (n6)
629 5259 722 5316 Sic
757 5274 902 5316 recte
933 5279 1033 5316 nis.
1062 5279 1200 5318 unus
1244 5263 1444 5334 Regius
1493 5280 1640 5318 unm.
1676 5265 1832 5318 1659.
1865 5265 1990 5317 (Iae-

417 5341 521 5404 ti-ri
559 5348 688 5404 vero
719 5348 870 5404 mss...
910 5350 928 5383 ι
953 5346 1217 5401 quantum
1247 5339 1312 5388 ad
1357 5351 1641 5404 personant
1687 5336 1977 5404 specialius

419 5403 592 5471 (editi,
625 5417 646 5451 ο
672 5403 946 5471 specialis)
978 5415 1061 5458 est
1094 5404 1162 5456 ab
1193 5405 1304 5468 illo,
1332 5403 1492 5462 rete.

417 5470 842 5591 milia.
879 5470 1004 5528 Htec
1031 5475 1139 5528 duo
1165 5477 1330 5530 verba
1384 5476 1577 5531 desunt
1605 5474 1658 5530 in
1696 5474 1852 5531 libris
1891 5489 1990 5530 tnt-

435 5553 502 5589 ea
533 5551 716 5592 editis.

459 5607 603 5687 .(68)
637 5608 762 5662 Mss.
784 5613 963 5689 nostri
987 5622 1042 5689 et
1069 5613 1412 5689 Salodianus,
1458 5633 1478 5668 ι
1503 5615 1572 5689 a_il
1606 5614 1748 5689 illius
1769 5631 1828 5670 se
1853 5617 1988 5670 ima-

419 5680 600 5744 ginem
635 5693 700 5730 ac
753 5680 1160 5737 similitudinem
1215 5688 1459 5739 tendat.»
1513 5683 1620 5740 Sed
1661 5695 1838 5740 tamen
1883 5701 1986 5742 vox

1647 4523 1694 4556 ⁷⁸
1717 4526 1927 4579 Coloss.
1965 4524 2116 4590 1,15.

2763 4524 2808 4562 1'
2837 4522 2966 4576 ibid.
3002 4521 3090 4576 99.
3164 4520 3208 4551 ⁷⁸
3229 4519 3366 4576 ibid.
3398 4520 3490 4575 30.

2101 4658 2117 4689 ι
2141 4654 2196 4692 se
2222 4639 2556 4692 H't‘tllllld-lre
2577 4638 2803 4696 videtur,
2825 4649 2877 4691 et
2901 4652 3019 4690 eam
3044 4637 3302 4692 omittunt
3321 4636 3670 4690 etetericditi.

2167 4709 2278 4779 (69)
2310 4709 2476 4779 ljjditi,
2502 4727 2524 4759 ι
2559 4707 2939 4776 magnillcavit.
2961 4726 2980 4758 ι

2169 4777 2279 4846 (70)
2300 4777 2439 4843 Quia
2465 4789 2673 4832 vocatus
2692 4789 2790 4840 est;
2835 4787 2882 4830 et
2911 4777 2998 4846 qui
3023 4785 3233 4830 vocatus
3263 4784 3364 4836 est,
3398 4788 3672 4844 prapterea

2090 4846 2421 4918 jnstiﬁcatus
2447 4864 2574 4901 esse.
2612 4846 2735 4918 Haec
2750 4849 3136 4918 desiderantur
3167 4850 3234 4918 in
3261 4856 3420 4918 antea
3457 4847 3636 4900 editis.

2177 4919 2289 4987 (Ἠ)
2309 4920 2474 4983 Alias,
2506 4917 2811 4984 (intelligis.
2828 4934 2848 4966 ι
2870 4915 3134 4985 Etpostea
3153 4916 3334 4980 editi,t
3355 4927 3410 4968 et
3427 4918 3554 4984 quia
3573 4930 3674 4967 non

2105 5000 2187 5041 est
2211 4999 2453 5050 vocatus,
2473 4988 2593 5041 ideo
2620 5004 2726 5040 non
2749 4996 2833 5039 est
2851 4987 3267 5054 priedestinatus
3284 5001 3299 5046 ;
3315 4998 3372 5038 et
3392 4987 3520 5054 quia
3543 5001 3674 5055 prr-

2102 5058 2412 5111 destinatns
2451 5073 2556 5110 non
2590 5066 2693 5119 est,
2722 5057 2841 5109 ideo
2865 5071 2968 5109 non
3006 5065 3092 5110 est
3123 5056 3512 5122 prtecoguitus.
3539 5077 3558 5107 ι
3589 5057 3673 5106 Sit:

2102 5126 2264 5180 etiam
2287 5142 2415 5180 mss.
2437 5127 2604 5180 nostri
2629 5128 2728 5181 nisi
2752 5127 2893 5195 quod
2912 5127 3145 5179 habeant
3163 5125 3315 5192 «qui»
3338 5127 3666 5194 procquiaa

2103 5199 2208 5250 Sed
2243 5197 2497 5249 Itahanus
2551 5206 2610 5249 ut
2656 5198 2706 5249 in
2743 5207 2926 5264 nostrn
2950 5207 3120 5260 textu,
3158 5205 3210 5247 et
3238 5206 3386 5247 recte
3429 5198 3666 5264 quidem.

2175 5266 2289 5330 (7‘2)
2323 5264 2391 5318 Et
2434 5266 2569 5319 vide.
2599 5265 2762 5320 Editi.
2800 5283 2821 5316 ‹
2850 5263 3000 5329 Vide,
3026 5284 3048 5316 ο
3088 5278 3142 5319 et
3173 5279 3323 5330 mox,
3357 5283 3375 5315 ε
3399 5263 3560 5334 quasi
3582 5266 3671 5332 qui

2094 5348 2148 5391 ct
2183 5352 2324 5392 nltal'.
2349 5355 2368 5385 ο
2407 5347 2515 5390 etc.

2163 5405 2280 5474 (73)
2322 5406 2484 5468 l-Iiliti,
2531 5406 2874 5460 «seetmdum
2924 5405 3036 5458 hare
3091 5413 3276 5472 postea
3331 5419 3454 5472 quae
3511 5419 3674 5472 supra

2095 5476 2462 5542 exposuimus.
2496 5493 2514 5526 ι
2565 5476 2663 5528 Ms.
2715 5492 2876 5537 unus,
2915 5493 2938 5525 ‹
2963 5476 3264 5527 secundum
3305 5476 3422 5530 hare
3460 5491 3560 5544 per
3611 5491 3673 5526 ea

2095 5561 2215 5614 qna-
2250 5561 2410 5610 supra
2446 5546 2816 5614 exposuimus.
2849 5563 2868 5596 ο
2909 5547 3000 5600 Sic
3052 5545 3218 5598 etiam
3249 5543 3535 5606 Rabanus.
3572 5546 3673 5596 nisi

2095 5615 2238 5682 quod
2281 5616 2497 5668 omittat
2534 5632 2554 5666 ι
2581 5615 2905 5672 secundum.
2938 5635 2958 5666 ι
2996 5614 3103 5670 Sed
3139 5615 3324 5670 cat-teri
3367 5629 3501 5668 mss.
3532 5625 3588 5668 ut
3623 5615 3676 5667 iu

2095 5695 2278 5739 nostra
2319 5696 2493 5739 textu.

2193 4525 2241 4557 ’⁵
2274 4525 2426 4578 Itoni.
2459 4540 2574 4585 vin,
2599 4522 2689 4577 50.
