3986 6206
328 252 475 305 Ηἐῦ

1288 258 1648 317 COMMENT.
1686 262 1750 316 IN
1795 261 2012 321 EPIST.
2058 268 2148 322 AD
2186 270 2352 328 ROM.
2396 273 2526 332 LIB.
2566 275 2677 331 Vll.

3464 294 3600 349 “illi

326 376 438 431 tur,
479 368 626 437 quod
676 384 781 424 non
819 386 1012 427 omnes
1060 373 1155 442 qui
1187 389 1474 441 vocantur,
1514 382 1680 435 etiam
1704 382 1913 453 justiti-
1945 394 1991 450 Α
2031 390 2268 444 cundum
2320 395 2659 464 propositum
2687 414 2706 447 ι
2761 399 2938 452 vocati
2980 401 3190 455 sunt".
3240 402 3374 457 Nam
3426 407 3479 461 hi
3507 412 3598 477 qui

324 468 545 511 cantur.
581 458 715 514 Nam
751 473 802 516 et
847 462 1017 518 ludas
1072 467 1352 533 apostolus
1401 483 1629 526 vocatus
1676 484 1783 539 est,
1811 477 1907 531 sed

324 566 435 603 non
484 561 569 605 est
614 551 960 617 justitiratus.
1003 555 1156 621 Quod
1203 570 1259 613 ct
1299 560 1345 614 si
1382 560 1740 629 justiﬁeatum
1782 582 1905 621 eum

320 644 618 698 contendat
662 646 861 715 aliquis
886 661 954 701 eo
988 648 1107 716 ipso
1130 664 1238 718 quo
1279 662 1504 708 vocatos
1532 665 1651 723 est;
1680 673 1785 711 non
1823 669 1901 714 est

319 744 471 790 certe
506 735 863 805 gloriﬁcatus.
912 739 1021 794 Sed
1068 750 1124 796 et
1163 742 1237 796 illi
1270 744 1339 799 de
1371 746 1569 813 quibus
1606 749 1736 803 dicit
1759 750 1906 819 Apo.

318 822 547 898 stolus,‘
569 832 697 900 quia
761 849 778 883 ι
808 833 1267 904 naufragaverunt
1317 854 1346 891 a
1402 840 1505 892 lide
1532 840 1602 902 "',
1638 862 1656 893 ι
1724 843 1900 895 vocati

317 924 541 991 quidem
571 922 813 987 fuerunt,
846 928 941 980 sed
974 942 1078 980 non
1113 938 1240 982 sunt
1263 927 1573 997 iustiﬁcati.
1610 934 1676 988 Et
1708 950 1903 988 secun-

315 1015 449 1067 dum
486 1014 762 1086 Evangelii
793 1017 1080 1085 parabolas
1099 1018 1166 1077 °°,
1201 1019 1275 1073 illi
1299 1022 1365 1073 ad
1397 1037 1535 1090 quos
1584 1025 1739 1078 missi
1786 1026 1902 1079 fue-

315 1117 445 1160 rant
477 1108 644 1168 servi,
677 1115 732 1160 et
762 1122 1166 1163 excusaverunt
1195 1126 1276 1175 se,
1310 1114 1490 1167 vocati
1522 1113 1773 1182 fuerunt;
1805 1119 1900 1171 sed

315 1213 426 1251 non
458 1209 584 1252 sunt
605 1200 888 1267 iustiﬁcati
918 1218 931 1254 :
958 1212 1014 1255 et
1046 1202 1134 1256 ille
1160 1204 1251 1272 qui
1281 1206 1555 1273 ingressus
1586 1210 1896 1263 convivium

317 1290 467 1356 regis
499 1306 603 1343 non
648 1292 835 1346 habuit
867 1302 1073 1347 vestem
1103 1294 1489 1363 nuptialem“,
1521 1310 1746 1353 vocatus
1776 1311 1895 1365 cst;

312 1383 415 1435 sed
455 1398 561 1436 non
593 1393 679 1436 est
712 1382 1063 1449 justiticatus.
1098 1385 1231 1439 Cum
1268 1401 1401 1457 ergo
1441 1387 1556 1444 inec
1587 1390 1796 1461 singula
1828 1395 1895 1447 ita

314 1490 379 1528 se
416 1475 665 1534 habeant,
708 1479 978 1543 quomodo
1011 1477 1282 1531 videbitur
1338 1495 1497 1536 verus
1546 1496 1668 1537 esse
1718 1499 1897 1537 sermo

314 1566 586 1635 Apostoli,
628 1582 786 1636 quem
826 1567 907 1621 vel
960 1570 1025 1621 de
1066 1573 1475 1638 prmnosceudo,
1525 1574 1606 1628 vel
1653 1575 1720 1629 de
1758 1591 1896 1644 prze-

314 1657 661 1718 destinando,
698 1656 777 1710 vel
825 1658 890 1711 de
938 1660 1206 1723 vocando,
1255 1661 1341 1715 vel
1388 1663 1551 1717 ctiam
1589 1664 1657 1717 de
1695 1666 1894 1733 justifi-

2018 483 2316 537 secundmn
2361 489 2699 555 preposition
2752 492 2977 555 bonum,
3006 502 3063 545 et
3115 496 3308 550 bonam
3351 498 3600 553 volunta-

2017 580 2122 626 tem
2167 590 2330 641 quam
2377 579 2525 633 circa
2556 582 2647 633 Dei
2683 583 2893 637 eultum
2935 594 3152 654 gerunt,
3181 602 3464 656 vocantur,
3498 594 3599 663 ipsi

2014 674 2137 716 sunt
2168 668 2259 733 qui
2293 685 2313 717 ι
2341 674 2637 725 secundum
2673 679 3014 745 propositum
3043 699 3061 731 ι
3101 683 3281 735 vocati
3319 683 3596 755 dicuntur,

2014 766 2063 808 et
2131 757 2219 810 isti
2260 771 2387 814 sunt
2431 764 2523 831 qui
2576 768 2752 820 vocati
2791 768 3186 837 justiticantur.
3240 773 3392 829 Bono
3448 780 3595 834 enim

2016 862 2207 901 eorum
2255 855 2537 921 proposito
2561 857 2752 916 deerat
2797 862 2913 914 sola
2974 865 3208 919 vocatio.
3242 866 3304 920 lli
3343 884 3471 923 vero
3501 873 3594 939 qui

2009 939 2171 1010 605
2202 957 2305 995 non
2344 945 2542 999 habent
2576 948 2774 1002 bonum
2804 953 3085 1024 lixmnque
3136 964 3473 1026 propositum
3508 963 3596 1017 Vel

2011 1046 2138 1103 erga
2172 1035 2415 1090 divinum
2444 1038 2674 1104 cultum,
2710 1043 2789 1096 vel
2824 1060 2951 1114 erga
2982 1062 3117 1113 opus
3151 1049 3373 1116 bonum,
3398 1067 3595 1107 vocan-

2011 1133 2099 1177 tur
2122 1127 2342 1193 quidem
2374 1138 2428 1182 et
2456 1131 2583 1198 ipsi.
2613 1148 2678 1187 ne
2708 1135 2786 1188 eis
2812 1140 3096 1193 excusatio
3135 1140 3497 1210 relinquatur,
3540 1156 3596 1199 et

2010 1215 2124 1269 haec
2156 1218 2266 1285 ipsa
2296 1220 2505 1285 possint
2546 1224 2762 1278 causari
2806 1239 2928 1280 cum
2967 1228 3326 1295 judicantur:
3357 1233 3493 1298 Quia
3538 1247 3593 1291 et

2009 1321 2109 1360 nos
2148 1309 2193 1362 si
2231 1312 2407 1365 vocati
2436 1313 2747 1380 fuissemus,
2776 1320 3141 1385 potuissemus
3173 1324 3360 1392 utique
3394 1325 3593 1393 justiti-

2006 1402 2151 1463 cari;
2177 1412 2230 1455 et
2256 1418 2360 1456 non
2384 1406 2555 1459 solum
2576 1408 2887 1476 justiticari,
2915 1414 3008 1466 sed
3038 1424 3090 1467 et
3115 1416 3439 1485 glorilicari.
3470 1420 3593 1472 ldco

2004 1504 2134 1558 ergo
2166 1504 2432 1546 vocantur
2459 1495 2675 1562 quidem
2709 1507 2764 1550 et
2797 1498 2931 1566 ipsi;
2966 1501 3059 1554 sed
3095 1504 3251 1571 quasi
3285 1506 3329 1558 si
3359 1507 3410 1558 in
3445 1518 3589 1560 terra

2005 1592 2222 1648 petrosa
2258 1585 2561 1638 seminelur
2609 1601 2816 1652 semen,
2874 1592 2984 1644 cito
3036 1595 3257 1661 quidem
3305 1600 3586 1664 esuritor;

2006 1668 2346 1722 increscente
2394 1682 2577 1726 autem
2626 1676 3037 1733 tribuiatiotmm
3092 1684 3239 1748 Sole,
3298 1687 3424 1754 quia
3480 1706 3587 1744 non

314 1748 495 1799 cando
527 1749 884 1802 memoravit?
931 1750 1037 1803 Sed
1076 1766 1177 1819 ego
1216 1756 1518 1808 secundum
1558 1771 1621 1809 ea
1660 1772 1777 1824 qua:
1807 1776 1896 1812 su-
1931 1754 1969 1811 Β
2002 1758 2201 1811 habent
2234 1765 2399 1814 altam
2429 1765 2666 1818 radicem
2708 1768 2831 1822 boui
2863 1776 3147 1841 propositi,
3175 1782 3437 1832 continuo
3462 1795 3588 1834 are.

311 1852 409 1905 pra
461 1843 836 1907 cxptisttitttus,
886 1843 1157 1910 quomodo
1215 1854 1405 1898 noscat
1444 1847 1526 1901 vel
1592 1863 1894 1916 przenoscat

316 1928 481 1990 Deus,
515 1930 581 1982 ad
624 1932 1072 1987 consuetudinem
1110 1934 1405 2003 Scriptura:
1430 1936 1760 1992 redeundum
1797 1956 1895 2007 pu-

316 2030 393 2083 tu,
425 2035 548 2090 quae
573 2023 861 2076 vernacula
888 2025 1122 2093 quadam
1161 2026 1523 2096 appellatione
1551 2029 1603 2083 in
1642 2029 1745 2084 hoc
1773 2047 1892 2086 ser-

313 2130 500 2175 mone,
534 2115 583 2166 id
619 2124 694 2167 est
762 2113 815 2168 in
849 2118 1222 2184 cognoscendo
1275 2117 1350 2170 uti
1393 2117 1530 2171 solet
1558 2136 1572 2173 :
1598 2120 1741 2175 velut
1769 2139 1889 2177 cum

309 2204 473 2257 dicit:
503 2223 521 2255 l
547 2203 612 2259 Et
632 2205 1063 2274 cognovitAdam
1095 2206 1261 2261 Evam
1285 2224 1512 2263 uxorem
1532 2227 1683 2265 suam
1710 2211 1842 2283 (Ἠ),
1868 2231 1886 2264 ι

308 2311 412 2364 pro
457 2310 522 2352 eo
555 2307 613 2351 ut
648 2298 882 2364 dicat“,
932 2299 1197 2353 adinistus
1247 2309 1329 2354 est
1420 2303 1578 2357 uxori
1636 2319 1767 2359 suae.
1824 2305 1891 2359 Et

310 2389 512 2441 iterum
540 2388 607 2443 de
641 2388 883 2443 Rebecca
910 2389 1083 2444 dicit:
1118 2410 1136 2442 ι
1175 2390 1339 2462 Virgo
1367 2403 1509 2458 erat,
1545 2395 1630 2449 vir
1658 2411 1761 2450 nou
1794 2413 1888 2451 co-

309 2490 575 2550 gnoverat
604 2497 722 2535 eam
746 2482 812 2535 ⁸³.
838 2501 857 2535 ι
888 2481 993 2538 Sed
1024 2494 1078 2539 et
1107 2486 1174 2540 de
1206 2485 1331 2542 iiliis
1358 2486 1488 2541 Levi
1514 2489 1732 2552 dicitur,
1763 2506 1885 2544 cum

304 2570 762 2636 prrevaricatores
789 2572 1067 2640 punirent,
1096 2574 1222 2641 quia
1253 2589 1355 2628 non
1374 2576 1687 2643 cognoverit
1718 2590 1888 2630 unus-

304 2661 539 2730 quisque
579 2671 789 2731 patrem
840 2678 995 2717 suum
1028 2673 1122 2716 aut
1148 2674 1381 2727 matrem
1425 2679 1577 2718 suam
1593 2664 1661 2718 “.
1693 2665 1746 2719 In
1783 2683 1888 2735 quo

307 2755 430 2808 sine
458 2754 623 2808 dubio
647 2756 749 2809 hoc
770 2756 1096 2820 ostenditur,
1122 2755 1248 2824 quia
1274 2772 1377 2810 non
1397 2756 1585 2826 juuxit
1632 2756 1885 2811 allectum

303 2863 466 2901 Suum
490 2855 547 2900 et
574 2861 811 2901 amorem
830 2863 952 2902 cum
976 2857 1131 2916 patre
1153 2848 1237 2902 vel
1276 2856 1473 2903 matre.
1511 2849 1617 2903 Sed
1640 2859 1694 2903 et
1717 2852 1883 2905 multa

303 2942 607 2994 secundum
652 2943 794 2994 hunc
839 2956 1059 2993 sensum
1105 2941 1155 2993 in
1222 2941 1521 3011 Scripturis
1564 2942 1630 2996 de
1678 2958 1884 3011 cogno-

304 3034 508 3087 scendo
547 3032 789 3086 invenies
834 3032 979 3085 dicta
1010 3043 1102 3087 :et
1150 3035 1272 3087 ideo
1322 3035 1486 3087 etiam
1521 3034 1574 3089 in
1626 3037 1881 3105 praesenti

304 3127 428 3180 loco
457 3135 665 3181 constat
706 3124 1020 3193 Aposmlunt
1050 3125 1349 3179 secundum
1386 3124 1683 3196 Scriptura:
1712 3142 1881 3181 sat-rte
1912 3109 1954 3166 (ἶ
1988 3123 2115 3188 (illia
2149 3124 2197 3175 id
2231 3126 2332 3177 scil
2366 3126 2505 3181 Deus
2538 3129 2778 3185 futurum
2819 3150 2832 3186 :

301 3220 754 3273 consuetudinem
794 3218 1157 3285 cognoscendi
1195 3217 1442 3285 posuisse
1464 3232 1794 3277 sermonem,
1822 3226 1880 3272 ut

300 3310 428 3364 illos
481 3312 792 3365 ostenderet
844 3309 1203 3379 praecognitos
1252 3323 1281 3360 a
1348 3308 1479 3373 Deo,
1541 3310 1592 3361 in
1659 3310 1876 3377 quibus,

299 3404 484 3457 sciens
510 3402 696 3471 quales
728 3411 929 3465 essent,
965 3413 1206 3453 antorem
1242 3414 1398 3452 suum
1428 3401 1567 3452 Deus
1596 3397 1878 3454 allectum.-

300 3511 411 3565 qne
438 3494 728 3564 posuisset,
761 3493 1059 3547 sccmidum
1094 3492 1238 3559 quod
1267 3491 1430 3545 etiam
1466 3490 1592 3545 illud
1616 3492 1875 3561 scriptum

299 3598 383 3640 est
412 3603 424 3637 :
456 3606 474 3636 ι
503 3584 765 3655 Cognovit
804 3584 1060 3637 Dominus
1082 3600 1175 3637 eos
1201 3583 1292 3653 qui
1324 3592 1448 3636 sunt
1474 3583 1677 3653 ejus”;
1708 3603 1726 3635 ι
1755 3601 1874 3637 cum

301 3681 515 3749 utique,
551 3690 809 3748 quantum
856 3678 923 3731 ad
967 3677 1128 3731 istam
1204 3691 1542 3730 communem
1593 3677 1873 3731 scientiam

300 3774 561 3839 pertinet,
605 3774 747 3825 Deus
797 3786 900 3825 non
933 3770 1105 3824 Soitlttl
1155 3784 1249 3847 cgs
1279 3768 1370 3837 qui
1406 3769 1489 3822 sui
1520 3779 1667 3833 sunt,
1700 3773 1791 3823 sed
1819 3778 1874 3822 et

295 3882 392 3919 eos
431 3865 520 3933 qui
566 3873 754 3918 errant
807 3879 835 3916 a
888 3878 944 3915 se
995 3874 1100 3913 non
1150 3861 1382 3927 ignoret.
1417 3861 1523 3913 Sed
1550 3862 1872 3931 cognovisse

295 3971 425 4009 suos
463 3956 663 4010 dicitur
699 3954 838 4025 (75),
878 3955 977 4007 Iioc
1023 3964 1106 4007 cst
1158 3954 1210 4005 in
1261 3951 1547 4004 dilectione
1592 3952 1868 4015 habuisse,

293 4049 511 4116 sibique
541 4049 798 4101 soriasse.
853 4047 926 4100 Ita
973 4062 1101 4113 ergo
1138 4064 1154 4094 ι
1184 4058 1321 4114 quos
1354 4042 1625 4111 prmscivit
1648 4061 1664 4091 ι
1706 4044 1866 4107 Dens,

297 4158 317 4190 ι
344 4139 464 4194 illos
498 4150 552 4193 et
579 4139 1014 4209 praedestinavit:
1043 4149 1097 4190 et
1127 4153 1262 4203 quos
1291 4134 1714 4202 przedestinavit,
1749 4134 1866 4188 ilius

290 4243 346 4286 et
396 4232 647 4295 vocavit;
674 4239 729 4284 ct
760 4245 898 4300 quos
941 4231 1175 4291 vocavit,
1225 4227 1343 4279 illos
1388 4233 1442 4278 ct
1475 4224 1811 4292 justiﬁuavit.
1841 4244 1859 4276 ι

291 4327 559 4394 Superest
596 4322 751 4376 nobis
790 4322 968 4375 adhuc
1014 4321 1156 4373 illius
1205 4317 1523 4387 quazstionis
1571 4316 1862 4383 absolutio,

290 4414 559 4481 quomodo
595 4432 614 4464 ι
639 4428 772 4482 quos
810 4413 1044 4477 vocavit,
1077 4411 1196 4466 illos
1229 4422 1281 4463 ct
1316 4409 1657 4479 instilicavit,
1680 4425 1701 4460 ι
1739 4424 1860 4461 cum

289 4505 585 4563 secundum
622 4521 683 4559 ea
731 4522 850 4574 qua:
883 4520 1047 4572 supra
1094 4504 1348 4566 diximus,
1403 4511 1611 4555 constet
1663 4500 1860 4553 multos

286 4615 409 4653 esse
439 4611 679 4663 vocatos,
708 4613 904 4662 paucos
952 4607 1134 4650 autem
1183 4594 1474 4648 electos“.
1509 4592 1613 4646 Sed
1652 4592 1861 4644 videtur

286 4693 417 4746 mihi
448 4706 568 4746 esse
600 4690 839 4758 qtnrdam
872 4688 1171 4742 vocationis
1198 4687 1527 4747 dim-rentia,
1560 4687 1859 4738 secundum

284 4783 415 4837 illud
444 4782 587 4852 quod
641 4781 693 4834 in
744 4780 1012 4849 superiori
1045 4777 1285 4847 capitulo
1320 4776 1690 4846 exposuimus,
1730 4776 1856 4844 quia

281 4888 471 4925 omnes
506 4870 723 4939 quidem
762 4868 936 4923 vocati
972 4879 1115 4929 sunt,
1146 4882 1249 4921 non
1286 4877 1465 4920 tamen
1503 4884 1691 4920 omnes
1719 4885 1736 4917 ‹
1763 4880 1850 4919 sc~

343 5006 389 5035 ⁷⁹
426 5005 439 5057 Ι
471 5003 608 5057 Tim.
635 5020 672 5059 ι.
710 5005 794 5059 i9.
865 5004 909 5036 ⁸ο
936 5003 1062 5056 Luc.
1090 5019 1202 5063 xw,
1241 5003 1322 5056 l7.

277 5077 326 5131 9.
405 5076 452 5106 ⁸⁸
481 5076 518 5127 il
549 5076 688 5129 'l'tm.
725 5090 783 5131 tt.
824 5076 903 5128 l9.
972 5075 1018 5104 ⁸⁵
1044 5074 1229 5127 Matth.
1264 5088 1356 5135 xx,
1390 5072 1475 5125 ιϐ.

281 5163 405 5209 ιιιι,
441 5146 533 5200 28.
609 5146 703 5198 “l
748 5146 872 5198 Cor.
920 5159 993 5206 is,
1044 5144 1135 5197 ‘27.

346 5263 457 5335 (⁸14)
499 5263 589 5318 Sic
638 5276 740 5317 ms.
799 5278 957 5335 unus
1015 5261 1215 5333 Regius
1267 5262 1605 5335 ititin.163@
1643 5262 1839 5317 (ἶνιςγί

276 5332 403 5388 Vero
440 5332 597 5389 ’tnss.
646 5343 700 5387 et
748 5332 878 5385 editi
935 5332 1194 5388 omittunt
1249 5350 1269 5385 ι
1297 5332 1479 5387 Evam.
1514 5353 1533 5385 ι
1570 5332 1847 5390 Ralmnus,

278 5422 299 5455 ι
323 5404 589 5484 cognovit
618 5412 799 5457 autem
822 5403 994 5457 Adam
1029 5418 1253 5457 uxorem
1281 5417 1456 5469 suam,
1497 5420 1593 5472 pro
1612 5417 1677 5457 eo
1707 5401 1851 5469 quod

274 5476 714 5611 'Il(ggdi‘3tiil?ttfl.
741 5557 841 5599 ius.
878 5558 1039 5608 unus,
1079 5563 1097 5595 ι
1123 5541 1230 5602 Sed
1258 5544 1574 5613 cognovisse
1598 5557 1692 5598 cos
1717 5541 1855 5597 dici-

1398 5001 1439 5033 “
1468 5000 1661 5054 Matth.
1697 5016 1830 5065 χχιι,
1869 5001 1954 5054 ll.

1550 5070 1593 5101 ⁸⁷
1622 5071 1778 5125 ltum.
1810 5086 1929 5135 vitt,
1958 5070 2049 5126 28.

1998 1860 2157 1904 scunt
2206 1862 2259 1905 et
2298 1866 2525 1920 pereunt
2563 1858 2629 1911 ⁸⁸.
2688 1860 2745 1913 Et
2783 1862 2879 1930 ipsi
2926 1876 3051 1920 sunt
3099 1870 3164 1922 de
3218 1872 3417 1938 quibus
3452 1875 3588 1930 dicit

1995 1937 2308 2008 Apostolus,
2342 1943 2468 2012 quia
2511 1963 2530 1996 ο
2565 1948 3030 2020 nattl'ragaverunt
3071 1972 3099 2010 a
3156 1937 3261 2014 lide
3281 1961 3348 2015 ”.
3377 1983 3395 2015 ι
3436 1963 3584 2032 Quos

1995 2042 2126 2097 ergo
2151 2033 2386 2095 vocavit,
2415 2033 2465 2086 id
2494 2044 2597 2098 est,
2631 2052 2769 2104 quos
2798 2045 3096 2098 secundum
3123 2052 3461 2118 propositum
3485 2070 3583 2107 vo-

1996 2121 2136 2171 cavit
2168 2119 2316 2185 boni,
2367 2123 2489 2178 illos
2518 2136 2572 2177 et
2600 2127 2943 2193 justiiicavit.
2985 2135 3137 2201 Quod
3182 2141 3286 2195 etsi
3331 2161 3350 2193 ‹
3381 2157 3583 2199 secun-

1996 2206 2123 2261 dum
2157 2214 2490 2279 propositum
2519 2214 2596 2266 ⁹⁰ο
2622 2218 2688 2269 ad
2725 2218 2891 2274 Deum
2930 2225 3224 2294 referatur,
3264 2232 3365 2286 hoc
3396 2246 3503 2300 est,
3526 2250 3585 2290 tit

1994 2302 2295 2354 secundum
2342 2303 2435 2356 Dei
2482 2307 2843 2374 propositum,
2896 2315 2987 2381 qui
3016 2318 3200 2373 sciens
3239 2320 3293 2374 iu
3330 2323 3413 2377 eis
3446 2326 3577 2381 reli-

1993 2390 2199 2457 giosam
2229 2404 2489 2459 mentem,
2514 2406 2571 2450 et
2595 2397 2788 2454 salutis
2814 2401 2993 2458 inesse
3012 2405 3364 2476 desiderium,
3393 2390 3574 2471 ιιυοῖιί

1993 2481 2266 2548 dicantur,
2309 2500 2416 2538 non
2456 2487 2732 2543 videbitur
2768 2492 2852 2547 his
2883 2511 3002 2561 qua:
3025 2502 3377 2563 exposuimus
3405 2508 3572 2561 etiam

1994 2572 2095 2626 hoc
2125 2588 2249 2628 esse
2275 2578 2634 2634 contrarium.
2677 2582 2790 2638 Hoc
2819 2599 2947 2654 ergo
2982 2599 3137 2655 pacto
3168 2607 3341 2663 neque
3368 2597 3418 2649 in
3440 2613 3579 2666 pne-

1990 2664 2221 2718 scientia
2250 2665 2340 2720 Dei
2373 2668 2456 2721 vel
2494 2670 2684 2725 salutis
2711 2674 2793 2727 vel
2830 2679 3154 2744 perditionis
3187 2695 3385 2743 nostra:
3410 2664 3576 2745 causa

1991 2758 2279 2825 consistit;
2313 2775 2489 2830 neque
2511 2761 2831 2830 justiticatio
2858 2784 2923 2824 ex
2956 2770 3074 2825 sola
3109 2778 3394 2834 vocatione
3438 2798 3571 2850 pen-

1991 2848 2175 2910 debit;
2208 2865 2384 2920 neque
2412 2854 2708 2923 gloritieari
2738 2861 2804 2913 de
2836 2870 3021 2916 nostra
3052 2867 3269 2933 penitus
3299 2848 3573 2938 potestate

1990 2939 2262 2993 sublatum
2305 2953 2410 3001 est.
2459 2943 2595 3000 Nam
2652 2956 2706 3001 et
2753 2949 2799 3003 si
2852 2959 3127 3010 communi
3180 2959 3456 3016 intellectu
3504 2965 3572 3019 de

1992 3032 2339 3097 praascientia
2382 3038 2707 3103 sentiamus,
2742 3056 2849 3096 non
2882 3057 3175 3115 propterea
3201 3052 3306 3104 erit
3344 3054 3569 3123 aliquid,

2875 3138 2970 3189 sed
3011 3140 3136 3207 quia
3185 3141 3425 3198 futurum
3462 3159 3568 3213 est,

1988 3218 2160 3267 scitur
2190 3232 2217 3268 a
2256 3217 2369 3270 Deo
2401 3230 2688 3286 autc-quam
2734 3225 2843 3279 liat.
2882 3227 3013 3282 Nam
3044 3242 3097 3284 et
3124 3234 3192 3301 si,
3245 3238 3393 3291 verbi
3438 3255 3567 3308 gra-

1990 3307 2083 3370 tia,
2120 3308 2294 3378 linger
2332 3327 2450 3364 mus
2487 3314 2600 3383 (76)
2635 3315 2799 3370 Deum
2828 3335 2931 3371 non
2968 3337 3307 3388 prmuowere
3333 3307 3567 3398 aliqual,

1988 3397 2228 3453 futurum
2254 3401 2375 3455 sine
2399 3403 2565 3458 dubio
2585 3417 2707 3460 erat
2734 3411 2877 3472 quod
2913 3422 3016 3477 est,
3046 3415 3117 3468 ita
3149 3425 3208 3470 ut
3242 3430 3361 3473 est:
3398 3397 3455 3474 ut
3476 3439 3567 3492 ptio

1988 3500 2058 3556 ta,
2103 3491 2271 3546 Judas
2312 3494 2556 3559 proditor
2597 3497 2776 3553 factus
2823 3511 2927 3565 est,
2958 3512 3009 3556 et
3052 3505 3151 3559 hoc
3202 3509 3272 3561 ita
3324 3491 3566 3569 futurum

1984 3584 2261 3649 propheta:
2310 3585 2706 3650 prtedixeruut.
2766 3588 2880 3642 Non
2923 3608 3052 3661 ergo
3097 3598 3225 3661 quia
3282 3602 3559 3667 prophetas

1983 3674 2370 3739 pra-dixerunt,
2402 3674 2605 3728 ideirco
2637 3679 2875 3743 prodidit
2925 3680 3130 3748 Judas;
3164 3686 3258 3739 sed
3302 3688 3432 3755 quia
3479 3691 3564 3743 [ιιι-

1985 3768 2135 3811 turus
2163 3770 2308 3816 esset
2350 3763 2615 3832 proditor,
2666 3782 2727 3820 ea
2759 3784 2878 3835 quze
2913 3771 3001 3824 ille
3042 3790 3109 3827 ex
3157 3780 3422 3845 propositi
3475 3784 3559 3837 sui

1982 3853 2221 3920 nequitia
2255 3868 2509 3924 gesturus
2538 3871 2653 3912 erat
2688 3863 3060 3927 praedixerunt
3090 3870 3403 3935 prophetae:
3436 3888 3560 3929 cum

1981 3946 2168 4012 utique
2202 3945 2373 4001 Judas
2407 3950 2459 4003 in
2494 3962 2763 4018 potestate
2792 3955 3066 4010 habuisset
3098 3970 3154 4013 ut
3188 3974 3329 4017 esset
3366 3966 3559 4022 similis

1978 4034 2138 4089 Petro
2167 4047 2220 4091 et
2239 4036 2453 4103 Joanni,
2484 4043 2526 4094 si
2555 4043 2811 4096 voluisset
2836 4061 2849 4096 ε
2883 4050 2975 4100 sed
3014 4049 3173 4120 elegit
3201 4057 3443 4122 pecunia:
3464 4074 3560 4113 cu-

1976 4128 2259 4195 piditatem
2292 4130 2464 4199 magis
2496 4147 2657 4199 quatit
2684 4136 3256 4202 apostolicicousortii
3282 4144 3516 4212 gloriam
3542 4172 3552 4204 :

1974 4228 2028 4270 et
2067 4218 2205 4271 hanc
2244 4219 2360 4288 ejus
2398 4220 2726 4279 voluntatem
2756 4223 2997 4282 futuram
3040 4234 3397 4299 pra-videntes
3427 4254 3556 4306 pro-

1974 4311 2167 4381 phetat,
2209 4310 2472 4367 librorum
2517 4315 2788 4370 tradidere
2834 4323 3222 4377 monmnentis.
3276 4323 3344 4378 Ut
3371 4339 3549 4381 autem

1973 4404 2118 4457 scias
2146 4404 2271 4472 quia
2305 4410 2411 4458 non
2452 4404 2506 4456 in
2538 4406 2885 4473 praescicutia
2919 4408 3011 4463 Dei
3045 4413 3336 4481 unicuique
3357 4416 3551 4471 Salutis

1970 4510 2132 4549 eausa
2168 4496 2386 4562 ponitur
2410 4493 2543 4563 ('77),
2577 4496 2669 4549 sed
2706 4498 2757 4549 in
2789 4503 3064 4566 proposito
3096 4513 3148 4556 et
3170 4506 3387 4559 actibus
3412 4508 3547 4573 suis,

1971 4589 2090 4642 vide
2120 4588 2342 4641 Paulum
2380 4600 2655 4642 verentem
2683 4608 2748 4643 ne
2790 4592 2931 4646 forte
2961 4610 3080 4647 cum
3121 4596 3240 4648 aliis
3277 4598 3544 4666 praedica-

1970 4679 2128 4741 vcrit,
2191 4678 2304 4746 ipse
2355 4681 2616 4746 reprobus
2667 4682 2963 4745 eiliciatur,
3017 4698 3297 4739 macerare
3348 4702 3545 4757 t-Orpns

1968 4783 2146 4832 SttUttl,
2186 4778 2243 4821 et
2290 4771 2562 4838 subjicere
2598 4772 2849 4825 servituti
2892 4773 2960 4825 “.
3017 4775 3209 4828 Adhuc
3254 4777 3542 4833 adversum

1967 4874 2062 4914 eos
2090 4859 2179 4929 qtti
2217 4860 2369 4913 nobis
2408 4860 2716 4929 ltnjnsmodi
2742 4864 3069 4931 quaestiones
3102 4865 3370 4934 objiciunt
3402 4868 3537 4937 (78),

2030 5001 2075 5031 θ’
2099 4999 2233 5055 Gen.
2268 5013 2338 5058 tv.
2376 5000 2425 5052 i.

2127 5072 2171 5101 ⁸⁸
2191 5071 2383 5124 Matth.
2417 5084 2537 5136 xm,
2565 5071 2619 5134 5,
2652 5072 2706 5125 6.

2518 4999 3005 5074 ἰ’-βενικικιν-,Ῐᾶ
3082 5002 3129 5033 ⁸³
3165 5003 3314 5058 Deut.
3346 5021 3538 5074 nunt,

2788 5074 2836 5103 ⁸³
2865 5071 3042 5126 lTim.
3076 5089 3109 5137 ι,
3139 5074 3225 5127 l9.
3302 5076 3347 5106 ⁹⁰
3376 5071 3536 5133 liom.

2022 5256 2135 5328 (76)
2170 5257 2339 5325 Alias,
2382 5275 2409 5331 ιγ
2439 5258 2714 5331 ﬁngimus.
2752 5277 2772 5310 ι
2810 5259 3012 5331 Deinde
3038 5262 3191 5324 editi,
3243 5279 3263 5312 α
3307 5264 3533 5331 aliquid,

1952 5329 2195 5404 futurum
2230 5332 2349 5404 sine
2382 5329 2547 5381 dubio
2571 5338 2715 5392 erat,
2742 5334 2886 5398 quod
2919 5329 3015 5393 ita,
3061 5343 3117 5385 ut
3151 5341 3280 5402 puto
3311 5329 3433 5404 (ab,
3478 5346 3537 5387 ut

1951 5404 2102 5467 puta)
2143 5392 2373 5456 ludas,»
2411 5407 2517 5467 etc.

2024 5467 2141 5539 (π)
2176 5467 2343 5539 Editi,
2378 5485 2396 5517 ι
2436 5465 2712 5539 Utautem
2750 5467 2895 5521 scias
2943 5485 3048 5522 non
3092 5472 3143 5524 iit
3187 5472 3531 5536 prtescientia

1956 5539 2050 5593 Dei
2095 5536 2389 5601 unicuique
2438 5536 2633 5589 salutis
2680 5553 2899 5595 causam
2946 5542 3091 5604 poni.
3124 5560 3142 5592 ι
3177 5541 3287 5594 Sed
3335 5559 3533 5597 omnes

1955 5621 2086 5660 mss.
2122 5615 2178 5658 et
2213 5606 2468 5659 llalianus
2504 5617 2559 5657 ut
2596 5608 2646 5658 in
2683 5616 2867 5660 nostro
2896 5618 3069 5662 b-xtu.

2029 5676 2141 5732 (78)
2175 5675 2346 5735 Alias.
2387 5696 2404 5727 ι
2443 5686 2495 5730 ct
2523 5677 2789 5741 subjicere
2824 5680 3101 5736 servituti.
3129 5679 3239 5737 lloc
3272 5684 3532 5737 adversus
