  <div class='ocr_page' id='page_1' title='image "/cluster/home/n/w/nwhite01/storage/ocr_20150623/14/hvd.32044073501363/569.png"; bbox 0 0 3986 6206; ppageno 0'>
   <div class='ocr_carea' id='block_1_1' title="bbox 493 274 626 328">
    <p class='ocr_par' dir='ltr' id='par_1_1' title="bbox 493 274 626 328">
     <span class='ocr_line' id='line_1_1' title="bbox 493 274 626 328; baseline -0.023 0"><span class='ocrx_word' id='word_1_1' title='bbox 493 274 626 328; x_wconf 69' lang='grc' dir='ltr'><strong>Ηίὶῗ</strong></span> 
     </span>
    </p>
   </div>
   <div class='ocr_carea' id='block_1_2' title="bbox 1962 258 2291 326">
    <p class='ocr_par' dir='ltr' id='par_1_2' title="bbox 1962 258 2291 326">
     <span class='ocr_line' id='line_1_2' title="bbox 1962 258 2291 326; baseline 0.009 -3"><span class='ocrx_word' id='word_1_2' title='bbox 1962 258 2291 326; x_wconf 63' lang='grc' dir='ltr'>οιιιοΕΝιε</span> 
     </span>
    </p>
   </div>
   <div class='ocr_carea' id='block_1_3' title="bbox 3621 262 3765 328">
    <p class='ocr_par' dir='ltr' id='par_1_3' title="bbox 3621 262 3765 328">
     <span class='ocr_line' id='line_1_3' title="bbox 3621 262 3765 328; baseline 0.035 -5"><span class='ocrx_word' id='word_1_3' title='bbox 3621 262 3765 328; x_wconf 63' lang='lat' dir='ltr'><strong>liii!</strong></span> 
     </span>
    </p>
   </div>
   <div class='ocr_carea' id='block_1_4' title="bbox 484 380 3761 463">
    <p class='ocr_par' dir='ltr' id='par_1_4' title="bbox 484 380 3761 463">
     <span class='ocr_line' id='line_1_4' title="bbox 484 380 3761 463; baseline -0.002 -14"><span class='ocrx_word' id='word_1_4' title='bbox 484 398 653 449; x_wconf 88' lang='lat' dir='ltr'><strong>etiam</strong></span> <span class='ocrx_word' id='word_1_5' title='bbox 692 394 805 448; x_wconf 77' lang='lat' dir='ltr'><strong>lucc</strong></span> <span class='ocrx_word' id='word_1_6' title='bbox 831 406 1120 463; x_wconf 81' lang='lat' dir='ltr'><strong>possumus</strong></span> <span class='ocrx_word' id='word_1_7' title='bbox 1150 390 1374 445; x_wconf 92' lang='lat' dir='ltr'><strong>dicere:</strong></span> <span class='ocrx_word' id='word_1_8' title='bbox 1410 388 1467 444; x_wconf 90' lang='lat' dir='ltr'><strong>Si</strong></span> <span class='ocrx_word' id='word_1_9' title='bbox 1499 402 1638 457; x_wconf 86' lang='lat' dir='ltr'><strong>quos</strong></span> <span class='ocrx_word' id='word_1_10' title='bbox 1660 386 1956 458; x_wconf 61' lang='lat' dir='ltr'><strong>praescii-it,</strong></span> <span class='ocrx_word' id='word_1_11' title='bbox 1997 387 2066 442; x_wconf 81' lang='lat' dir='ltr'><strong>il-</strong></span> <span class='ocrx_word' id='word_1_12' title='bbox 2099 394 2143 451; x_wconf 83' lang='grc' dir='ltr'><strong>Α</strong></span> <span class='ocrx_word' id='word_1_13' title='bbox 2177 386 2268 440; x_wconf 91' lang='lat' dir='ltr'><strong>Dei</strong></span> <span class='ocrx_word' id='word_1_14' title='bbox 2324 382 2531 441; x_wconf 89' lang='lat' dir='ltr'><strong>habitat</strong></span> <span class='ocrx_word' id='word_1_15' title='bbox 2584 380 2636 436; x_wconf 91' lang='lat' dir='ltr'><strong>in</strong></span> <span class='ocrx_word' id='word_1_16' title='bbox 2669 382 2925 451; x_wconf 80' lang='lat' dir='ltr'><strong>nobis”,</strong></span> <span class='ocrx_word' id='word_1_17' title='bbox 2961 392 3018 440; x_wconf 92' lang='lat' dir='ltr'><strong>et</strong></span> <span class='ocrx_word' id='word_1_18' title='bbox 3052 383 3200 455; x_wconf 90' lang='lat' dir='ltr'><strong>quod</strong></span> <span class='ocrx_word' id='word_1_19' title='bbox 3236 382 3475 455; x_wconf 76' lang='lat' dir='ltr'><strong>Spiritus</strong></span> <span class='ocrx_word' id='word_1_20' title='bbox 3520 383 3761 454; x_wconf 82' lang='lat' dir='ltr'><strong>Christi,</strong></span> 
     </span>
    </p>
   </div>
   <div class='ocr_carea' id='block_1_5' title="bbox 488 480 2066 556">
    <p class='ocr_par' dir='ltr' id='par_1_5' title="bbox 488 480 2066 556">
     <span class='ocr_line' id='line_1_5' title="bbox 488 480 2066 556; baseline -0.004 -15"><span class='ocrx_word' id='word_1_21' title='bbox 488 488 572 543; x_wconf 84' lang='lat' dir='ltr'><strong>los</strong></span> <span class='ocrx_word' id='word_1_22' title='bbox 600 497 656 542; x_wconf 88' lang='lat' dir='ltr'><strong>et</strong></span> <span class='ocrx_word' id='word_1_23' title='bbox 682 484 1127 556; x_wconf 65' lang='lat' dir='ltr'><strong>praedestinavit;</strong></span> <span class='ocrx_word' id='word_1_24' title='bbox 1180 497 1287 536; x_wconf 92' lang='lat' dir='ltr'><strong>non</strong></span> <span class='ocrx_word' id='word_1_25' title='bbox 1334 490 1517 536; x_wconf 89' lang='lat' dir='ltr'><strong>autem</strong></span> <span class='ocrx_word' id='word_1_26' title='bbox 1550 495 1744 535; x_wconf 88' lang='lat' dir='ltr'><strong>oumes</strong></span> <span class='ocrx_word' id='word_1_27' title='bbox 1782 480 2066 549; x_wconf 68' lang='lat' dir='ltr'><strong>praadesti-</strong></span> 
     </span>
    </p>
   </div>
   <div class='ocr_carea' id='block_1_6' title="bbox 488 572 2067 646">
    <p class='ocr_par' dir='ltr' id='par_1_6' title="bbox 488 572 2067 646">
     <span class='ocr_line' id='line_1_6' title="bbox 488 572 2067 646; baseline -0.006 -9"><span class='ocrx_word' id='word_1_28' title='bbox 488 581 638 637; x_wconf 84' lang='lat' dir='ltr'><strong>navit</strong></span> <span class='ocrx_word' id='word_1_29' title='bbox 662 595 678 644; x_wconf 89' lang='lat'><strong>;</strong></span> <span class='ocrx_word' id='word_1_30' title='bbox 704 592 833 646; x_wconf 83' lang='lat' dir='ltr'><strong>ergo</strong></span> <span class='ocrx_word' id='word_1_31' title='bbox 859 590 963 630; x_wconf 92' lang='lat' dir='ltr'><strong>non</strong></span> <span class='ocrx_word' id='word_1_32' title='bbox 990 588 1183 629; x_wconf 91' lang='lat' dir='ltr'><strong>omnes</strong></span> <span class='ocrx_word' id='word_1_33' title='bbox 1217 573 1529 641; x_wconf 74' lang='lat' dir='ltr'><strong>pra-scivit:</strong></span> <span class='ocrx_word' id='word_1_34' title='bbox 1565 581 1621 629; x_wconf 90' lang='lat' dir='ltr'><strong>et</strong></span> <span class='ocrx_word' id='word_1_35' title='bbox 1648 572 1948 628; x_wconf 89' lang='lat' dir='ltr'><strong>secundum</strong></span> <span class='ocrx_word' id='word_1_36' title='bbox 1971 586 2067 627; x_wconf 87' lang='lat' dir='ltr'><strong>eos</strong></span> 
     </span>
    </p>
   </div>
   <div class='ocr_carea' id='block_1_7' title="bbox 487 665 2067 737">
    <p class='ocr_par' dir='ltr' id='par_1_7' title="bbox 487 665 2067 737">
     <span class='ocr_line' id='line_1_7' title="bbox 487 665 2067 737; baseline -0.006 -9"><span class='ocrx_word' id='word_1_37' title='bbox 487 682 647 728; x_wconf 88' lang='lat' dir='ltr'><strong>erunt</strong></span> <span class='ocrx_word' id='word_1_38' title='bbox 682 670 859 737; x_wconf 83' lang='lat' dir='ltr'><strong>aliqua</strong></span> <span class='ocrx_word' id='word_1_39' title='bbox 883 683 1007 737; x_wconf 75' lang='lat' dir='ltr'><strong>qum</strong></span> <span class='ocrx_word' id='word_1_40' title='bbox 1032 668 1242 737; x_wconf 87' lang='lat' dir='ltr'><strong>ignoret</strong></span> <span class='ocrx_word' id='word_1_41' title='bbox 1279 667 1438 720; x_wconf 85' lang='lat' dir='ltr'><strong>Deus.</strong></span> <span class='ocrx_word' id='word_1_42' title='bbox 1471 665 1527 720; x_wconf 89' lang='lat' dir='ltr'><strong>Si</strong></span> <span class='ocrx_word' id='word_1_43' title='bbox 1557 680 1691 720; x_wconf 89' lang='lat' dir='ltr'><strong>vero</strong></span> <span class='ocrx_word' id='word_1_44' title='bbox 1721 678 2067 735; x_wconf 65' lang='lat' dir='ltr'><strong>praenoscere</strong></span> 
     </span>
    </p>
   </div>
   <div class='ocr_carea' id='block_1_8' title="bbox 486 753 2066 826">
    <p class='ocr_par' dir='ltr' id='par_1_8' title="bbox 486 753 2066 826">
     <span class='ocr_line' id='line_1_8' title="bbox 486 753 2066 826; baseline -0.006 -9"><span class='ocrx_word' id='word_1_45' title='bbox 486 763 787 817; x_wconf 85' lang='lat' dir='ltr'><strong>secundum</strong></span> <span class='ocrx_word' id='word_1_46' title='bbox 809 760 918 815; x_wconf 68' lang='lat' dir='ltr'><strong>hoc</strong></span> <span class='ocrx_word' id='word_1_47' title='bbox 948 757 1254 825; x_wconf 87' lang='lat' dir='ltr'><strong>accipiatur</strong></span> <span class='ocrx_word' id='word_1_48' title='bbox 1285 756 1429 824; x_wconf 88' lang='lat' dir='ltr'><strong>quod</strong></span> <span class='ocrx_word' id='word_1_49' title='bbox 1471 770 1633 826; x_wconf 92' lang='lat' dir='ltr'><strong>supra</strong></span> <span class='ocrx_word' id='word_1_50' title='bbox 1672 753 1933 818; x_wconf 77' lang='lat' dir='ltr'><strong>diximus,</strong></span> <span class='ocrx_word' id='word_1_51' title='bbox 1962 753 2066 808; x_wconf 89' lang='lat' dir='ltr'><strong>Itoc</strong></span> 
     </span>
    </p>
   </div>
   <div class='ocr_carea' id='block_1_9' title="bbox 482 845 2063 917">
    <p class='ocr_par' dir='ltr' id='par_1_9' title="bbox 482 845 2063 917">
     <span class='ocr_line' id='line_1_9' title="bbox 482 845 2063 917; baseline -0.007 -10"><span class='ocrx_word' id='word_1_52' title='bbox 482 862 590 917; x_wconf 86' lang='lat' dir='ltr'><strong>est,</strong></span> <span class='ocrx_word' id='word_1_53' title='bbox 629 851 683 905; x_wconf 91' lang='lat' dir='ltr'><strong>in</strong></span> <span class='ocrx_word' id='word_1_54' title='bbox 714 849 967 904; x_wconf 86' lang='lat' dir='ltr'><strong>allectum</strong></span> <span class='ocrx_word' id='word_1_55' title='bbox 1028 847 1275 916; x_wconf 89' lang='lat' dir='ltr'><strong>recipere</strong></span> <span class='ocrx_word' id='word_1_56' title='bbox 1324 846 1537 913; x_wconf 87' lang='lat' dir='ltr'><strong>sibique</strong></span> <span class='ocrx_word' id='word_1_57' title='bbox 1582 845 1816 907; x_wconf 80' lang='lat' dir='ltr'><strong>sociare,</strong></span> <span class='ocrx_word' id='word_1_58' title='bbox 1873 858 2063 897; x_wconf 87' lang='lat' dir='ltr'><strong>verum</strong></span> 
     </span>
    </p>
   </div>
   <div class='ocr_carea' id='block_1_10' title="bbox 482 934 2065 1013">
    <p class='ocr_par' dir='ltr' id='par_1_10' title="bbox 482 934 2065 1013">
     <span class='ocr_line' id='line_1_10' title="bbox 482 934 2065 1013; baseline -0.006 -14"><span class='ocrx_word' id='word_1_59' title='bbox 482 944 594 999; x_wconf 92' lang='lat' dir='ltr'><strong>erit</strong></span> <span class='ocrx_word' id='word_1_60' title='bbox 625 942 755 1013; x_wconf 86' lang='lat' dir='ltr'><strong>quia</strong></span> <span class='ocrx_word' id='word_1_61' title='bbox 788 941 932 1001; x_wconf 83' lang='lat' dir='ltr'><strong>sicut</strong></span> <span class='ocrx_word' id='word_1_62' title='bbox 961 956 1070 994; x_wconf 74' lang='lat' dir='ltr'><strong>non</strong></span> <span class='ocrx_word' id='word_1_63' title='bbox 1104 953 1293 993; x_wconf 85' lang='lat' dir='ltr'><strong>omnes</strong></span> <span class='ocrx_word' id='word_1_64' title='bbox 1327 934 1755 1008; x_wconf 68' lang='lat' dir='ltr'><strong>prmdcstinavit,</strong></span> <span class='ocrx_word' id='word_1_65' title='bbox 1790 934 1864 989; x_wconf 90' lang='lat' dir='ltr'><strong>ita</strong></span> <span class='ocrx_word' id='word_1_66' title='bbox 1890 947 2065 1002; x_wconf 85' lang='lat' dir='ltr'><strong>neque</strong></span> 
     </span>
    </p>
   </div>
   <div class='ocr_carea' id='block_1_11' title="bbox 482 1026 2065 1106">
    <p class='ocr_par' dir='ltr' id='par_1_11' title="bbox 482 1026 2065 1106">
     <span class='ocr_line' id='line_1_11' title="bbox 482 1026 2065 1106; baseline -0.008 -14"><span class='ocrx_word' id='word_1_67' title='bbox 482 1052 673 1092; x_wconf 90' lang='lat' dir='ltr'><strong>omnes</strong></span> <span class='ocrx_word' id='word_1_68' title='bbox 698 1035 1080 1106; x_wconf 74' lang='lat' dir='ltr'><strong>pneeognovit.</strong></span> <span class='ocrx_word' id='word_1_69' title='bbox 1130 1031 1224 1087; x_wconf 90' lang='lat' dir='ltr'><strong>Sic</strong></span> <span class='ocrx_word' id='word_1_70' title='bbox 1270 1032 1418 1085; x_wconf 88' lang='lat' dir='ltr'><strong>enim</strong></span> <span class='ocrx_word' id='word_1_71' title='bbox 1446 1040 1498 1085; x_wconf 91' lang='lat' dir='ltr'><strong>et</strong></span> <span class='ocrx_word' id='word_1_72' title='bbox 1527 1028 1686 1083; x_wconf 67' lang='lat' dir='ltr'><strong>Iesus</strong></span> <span class='ocrx_word' id='word_1_73' title='bbox 1722 1026 1833 1097; x_wconf 80' lang='lat'><strong>(79)</strong></span> <span class='ocrx_word' id='word_1_74' title='bbox 1863 1027 2065 1082; x_wconf 89' lang='lat' dir='ltr'><strong>dicitur</strong></span> 
     </span>
    </p>
   </div>
   <div class='ocr_carea' id='block_1_12' title="bbox 482 1118 2048 1197">
    <p class='ocr_par' dir='ltr' id='par_1_12' title="bbox 482 1118 2048 1197">
     <span class='ocr_line' id='line_1_12' title="bbox 482 1118 2048 1197; baseline -0.008 -14"><span class='ocrx_word' id='word_1_75' title='bbox 482 1144 591 1183; x_wconf 88' lang='lat' dir='ltr'><strong>non</strong></span> <span class='ocrx_word' id='word_1_76' title='bbox 623 1125 940 1197; x_wconf 80' lang='lat' dir='ltr'><strong>cognovisse</strong></span> <span class='ocrx_word' id='word_1_77' title='bbox 975 1134 1255 1192; x_wconf 79' lang='lat' dir='ltr'><strong>peccatum</strong></span> <span class='ocrx_word' id='word_1_78' title='bbox 1288 1120 1356 1177; x_wconf 69' lang='grc' dir='ltr'><strong>θ’.</strong></span> <span class='ocrx_word' id='word_1_79' title='bbox 1395 1119 1774 1189; x_wconf 70' lang='lat' dir='ltr'><strong>Numquidnam</strong></span> <span class='ocrx_word' id='word_1_80' title='bbox 1799 1118 2048 1174; x_wconf 82' lang='lat' dir='ltr'><strong>dicemus</strong></span> 
     </span>
    </p>
   </div>
   <div class='ocr_carea' id='block_1_13' title="bbox 482 1210 2059 1288">
    <p class='ocr_par' dir='ltr' id='par_1_13' title="bbox 482 1210 2059 1288">
     <span class='ocr_line' id='line_1_13' title="bbox 482 1210 2059 1288; baseline -0.005 -17"><span class='ocrx_word' id='word_1_81' title='bbox 482 1219 611 1288; x_wconf 90' lang='lat' dir='ltr'><strong>quia</strong></span> <span class='ocrx_word' id='word_1_82' title='bbox 647 1216 901 1272; x_wconf 67' lang='lat' dir='ltr'><strong>nesciet-it</strong></span> <span class='ocrx_word' id='word_1_83' title='bbox 934 1213 1093 1270; x_wconf 68' lang='lat' dir='ltr'><strong>Iesus</strong></span> <span class='ocrx_word' id='word_1_84' title='bbox 1126 1214 1256 1283; x_wconf 82' lang='lat' dir='ltr'><strong>quid</strong></span> <span class='ocrx_word' id='word_1_85' title='bbox 1286 1222 1433 1268; x_wconf 81' lang='lat' dir='ltr'><strong>esset</strong></span> <span class='ocrx_word' id='word_1_86' title='bbox 1465 1220 1773 1281; x_wconf 84' lang='lat' dir='ltr'><strong>peccatum,</strong></span> <span class='ocrx_word' id='word_1_87' title='bbox 1817 1210 1920 1264; x_wconf 87' lang='lat' dir='ltr'><strong>hoc</strong></span> <span class='ocrx_word' id='word_1_88' title='bbox 1953 1218 2059 1276; x_wconf 87' lang='lat' dir='ltr'><strong>est,</strong></span> 
     </span>
    </p>
   </div>
   <div class='ocr_carea' id='block_1_14' title="bbox 481 1303 2061 1379">
    <p class='ocr_par' dir='ltr' id='par_1_14' title="bbox 481 1303 2061 1379">
     <span class='ocr_line' id='line_1_14' title="bbox 481 1303 2061 1379; baseline -0.004 -17"><span class='ocrx_word' id='word_1_89' title='bbox 481 1312 608 1379; x_wconf 87' lang='lat' dir='ltr'><strong>quia</strong></span> <span class='ocrx_word' id='word_1_90' title='bbox 642 1309 900 1363; x_wconf 81' lang='lat' dir='ltr'><strong>nescierit</strong></span> <span class='ocrx_word' id='word_1_91' title='bbox 923 1306 1276 1362; x_wconf 80' lang='lat' dir='ltr'><strong>homicidium</strong></span> <span class='ocrx_word' id='word_1_92' title='bbox 1308 1315 1590 1374; x_wconf 81' lang='lat' dir='ltr'><strong>peccatum</strong></span> <span class='ocrx_word' id='word_1_93' title='bbox 1618 1319 1766 1369; x_wconf 86' lang='lat' dir='ltr'><strong>esse,</strong></span> <span class='ocrx_word' id='word_1_94' title='bbox 1803 1303 1883 1358; x_wconf 91' lang='lat' dir='ltr'><strong>vel</strong></span> <span class='ocrx_word' id='word_1_95' title='bbox 1911 1303 2061 1358; x_wconf 87' lang='lat' dir='ltr'><strong>adul-</strong></span> 
     </span>
    </p>
   </div>
   <div class='ocr_carea' id='block_1_15' title="bbox 480 1396 2059 1465">
    <p class='ocr_par' dir='ltr' id='par_1_15' title="bbox 480 1396 2059 1465">
     <span class='ocr_line' id='line_1_15' title="bbox 480 1396 2059 1465; baseline -0.004 -9"><span class='ocrx_word' id='word_1_96' title='bbox 480 1402 701 1465; x_wconf 88' lang='lat' dir='ltr'><strong>terium,</strong></span> <span class='ocrx_word' id='word_1_97' title='bbox 737 1400 822 1456; x_wconf 89' lang='lat' dir='ltr'><strong>vel</strong></span> <span class='ocrx_word' id='word_1_98' title='bbox 842 1399 1070 1464; x_wconf 80' lang='lat' dir='ltr'><strong>lurtum,</strong></span> <span class='ocrx_word' id='word_1_99' title='bbox 1099 1408 1153 1454; x_wconf 90' lang='lat' dir='ltr'><strong>et</strong></span> <span class='ocrx_word' id='word_1_100' title='bbox 1183 1398 1270 1452; x_wconf 90' lang='lat' dir='ltr'><strong>his</strong></span> <span class='ocrx_word' id='word_1_101' title='bbox 1298 1396 1536 1451; x_wconf 77' lang='lat' dir='ltr'><strong>similia?</strong></span> <span class='ocrx_word' id='word_1_102' title='bbox 1564 1397 1644 1449; x_wconf 77' lang='lat' dir='ltr'><strong>An</strong></span> <span class='ocrx_word' id='word_1_103' title='bbox 1675 1396 1779 1450; x_wconf 86' lang='lat' dir='ltr'><strong>hoc</strong></span> <span class='ocrx_word' id='word_1_104' title='bbox 1804 1404 1887 1450; x_wconf 89' lang='lat' dir='ltr'><strong>est</strong></span> <span class='ocrx_word' id='word_1_105' title='bbox 1918 1396 2059 1463; x_wconf 88' lang='lat' dir='ltr'><strong>quod</strong></span> 
     </span>
    </p>
   </div>
   <div class='ocr_carea' id='block_1_16' title="bbox 480 1488 2058 1561">
    <p class='ocr_par' dir='ltr' id='par_1_16' title="bbox 480 1488 2058 1561">
     <span class='ocr_line' id='line_1_16' title="bbox 480 1488 2058 1561; baseline -0.004 -14"><span class='ocrx_word' id='word_1_106' title='bbox 480 1494 681 1548; x_wconf 89' lang='lat' dir='ltr'><strong>dicitur</strong></span> <span class='ocrx_word' id='word_1_107' title='bbox 737 1494 948 1547; x_wconf 88' lang='lat' dir='ltr'><strong>nescire</strong></span> <span class='ocrx_word' id='word_1_108' title='bbox 1004 1499 1319 1561; x_wconf 84' lang='lat' dir='ltr'><strong>peccatum.</strong></span> <span class='ocrx_word' id='word_1_109' title='bbox 1374 1488 1502 1556; x_wconf 89' lang='lat' dir='ltr'><strong>quia</strong></span> <span class='ocrx_word' id='word_1_110' title='bbox 1560 1496 1784 1557; x_wconf 75' lang='lat' dir='ltr'><strong>pectato</strong></span> <span class='ocrx_word' id='word_1_111' title='bbox 1836 1501 1896 1540; x_wconf 91' lang='lat' dir='ltr'><strong>se</strong></span> <span class='ocrx_word' id='word_1_112' title='bbox 1952 1500 2058 1540; x_wconf 91' lang='lat' dir='ltr'><strong>non</strong></span> 
     </span>
    </p>
   </div>
   <div class='ocr_carea' id='block_1_17' title="bbox 482 1575 2057 1652">
    <p class='ocr_par' dir='ltr' id='par_1_17' title="bbox 482 1575 2057 1652">
     <span class='ocr_line' id='line_1_17' title="bbox 482 1575 2057 1652; baseline -0.007 -13"><span class='ocrx_word' id='word_1_113' title='bbox 482 1586 720 1649; x_wconf 86' lang='lat' dir='ltr'><strong>miscuit,</strong></span> <span class='ocrx_word' id='word_1_114' title='bbox 744 1598 922 1652; x_wconf 84' lang='lat' dir='ltr'><strong>neque</strong></span> <span class='ocrx_word' id='word_1_115' title='bbox 956 1576 1183 1636; x_wconf 64' lang='lat' dir='ltr'><strong>adhaesit</strong></span> <span class='ocrx_word' id='word_1_116' title='bbox 1201 1582 1250 1634; x_wconf 91' lang='lat' dir='ltr'><strong>ei</strong></span> <span class='ocrx_word' id='word_1_117' title='bbox 1274 1575 1586 1649; x_wconf 73' lang='lat' dir='ltr'><strong>peccatum?</strong></span> <span class='ocrx_word' id='word_1_118' title='bbox 1620 1578 1709 1633; x_wconf 79' lang='lat' dir='ltr'><strong>Sic</strong></span> <span class='ocrx_word' id='word_1_119' title='bbox 1724 1589 1780 1633; x_wconf 80' lang='lat' dir='ltr'><strong>et</strong></span> <span class='ocrx_word' id='word_1_120' title='bbox 1801 1578 1925 1632; x_wconf 86' lang='lat' dir='ltr'><strong>alibi</strong></span> <span class='ocrx_word' id='word_1_121' title='bbox 1945 1576 2057 1648; x_wconf 82' lang='lat'><strong>(80)</strong></span> 
     </span>
    </p>
   </div>
   <div class='ocr_carea' id='block_1_18' title="bbox 480 1670 2054 1745">
    <p class='ocr_par' dir='ltr' id='par_1_18' title="bbox 480 1670 2054 1745">
     <span class='ocr_line' id='line_1_18' title="bbox 480 1670 2054 1745; baseline -0.006 -13"><span class='ocrx_word' id='word_1_122' title='bbox 480 1678 743 1745; x_wconf 88' lang='lat' dir='ltr'><strong>scriptum</strong></span> <span class='ocrx_word' id='word_1_123' title='bbox 779 1684 865 1730; x_wconf 84' lang='lat' dir='ltr'><strong>est</strong></span> <span class='ocrx_word' id='word_1_124' title='bbox 887 1674 972 1727; x_wconf 81' lang='lat'><strong>&quot;:</strong></span> <span class='ocrx_word' id='word_1_125' title='bbox 1014 1690 1032 1723; x_wconf 86' lang='grc' dir='ltr'><strong>ι</strong></span> <span class='ocrx_word' id='word_1_126' title='bbox 1067 1671 1167 1737; x_wconf 85' lang='lat' dir='ltr'><strong>Qui</strong></span> <span class='ocrx_word' id='word_1_127' title='bbox 1200 1679 1385 1724; x_wconf 82' lang='lat' dir='ltr'><strong>servat</strong></span> <span class='ocrx_word' id='word_1_128' title='bbox 1419 1670 1757 1733; x_wconf 60' lang='lat' dir='ltr'><strong>mandatum,</strong></span> <span class='ocrx_word' id='word_1_129' title='bbox 1797 1684 1905 1723; x_wconf 79' lang='lat' dir='ltr'><strong>non</strong></span> <span class='ocrx_word' id='word_1_130' title='bbox 1956 1684 2054 1723; x_wconf 76' lang='lat' dir='ltr'><strong>co-</strong></span> 
     </span>
    </p>
   </div>
   <div class='ocr_carea' id='block_1_19' title="bbox 2172 475 3758 548">
    <p class='ocr_par' dir='ltr' id='par_1_19' title="bbox 2172 475 3758 548">
     <span class='ocr_line' id='line_1_19' title="bbox 2172 475 3758 548; baseline 0.004 -20"><span class='ocrx_word' id='word_1_131' title='bbox 2172 475 2255 530; x_wconf 84' lang='lat' dir='ltr'><strong>vel</strong></span> <span class='ocrx_word' id='word_1_132' title='bbox 2288 477 2539 532; x_wconf 80' lang='lat' dir='ltr'><strong>Christus</strong></span> <span class='ocrx_word' id='word_1_133' title='bbox 2573 478 2625 531; x_wconf 93' lang='lat' dir='ltr'><strong>in</strong></span> <span class='ocrx_word' id='word_1_134' title='bbox 2652 476 2807 531; x_wconf 89' lang='lat' dir='ltr'><strong>nobis</strong></span> <span class='ocrx_word' id='word_1_135' title='bbox 2836 486 2920 531; x_wconf 79' lang='lat' dir='ltr'><strong>est</strong></span> <span class='ocrx_word' id='word_1_136' title='bbox 2940 475 3020 540; x_wconf 66' lang='grc' dir='ltr'><strong>θ’,</strong></span> <span class='ocrx_word' id='word_1_137' title='bbox 3047 475 3131 530; x_wconf 89' lang='lat' dir='ltr'><strong>vel</strong></span> <span class='ocrx_word' id='word_1_138' title='bbox 3166 476 3310 545; x_wconf 91' lang='lat' dir='ltr'><strong>quod</strong></span> <span class='ocrx_word' id='word_1_139' title='bbox 3359 475 3607 545; x_wconf 82' lang='lat' dir='ltr'><strong>Spiritus</strong></span> <span class='ocrx_word' id='word_1_140' title='bbox 3640 479 3758 548; x_wconf 77' lang='lat' dir='ltr'><strong>ejus</strong></span> 
     </span>
    </p>
   </div>
   <div class='ocr_carea' id='block_1_20' title="bbox 2170 565 3757 638">
    <p class='ocr_par' dir='ltr' id='par_1_20' title="bbox 2170 565 3757 638">
     <span class='ocr_line' id='line_1_20' title="bbox 2170 565 3757 638; baseline 0.004 -21"><span class='ocrx_word' id='word_1_141' title='bbox 2170 566 2260 634; x_wconf 87' lang='lat' dir='ltr'><strong>qtti</strong></span> <span class='ocrx_word' id='word_1_142' title='bbox 2292 567 2576 621; x_wconf 77' lang='lat' dir='ltr'><strong>suscitavit</strong></span> <span class='ocrx_word' id='word_1_143' title='bbox 2611 565 2889 621; x_wconf 80' lang='lat' dir='ltr'><strong>Christum</strong></span> <span class='ocrx_word' id='word_1_144' title='bbox 2932 580 2963 617; x_wconf 85' lang='lat' dir='ltr'><strong>a</strong></span> <span class='ocrx_word' id='word_1_145' title='bbox 3015 566 3431 638; x_wconf 67' lang='lat' dir='ltr'><strong>mortuism</strong></span> <span class='ocrx_word' id='word_1_146' title='bbox 3455 566 3672 621; x_wconf 81' lang='lat' dir='ltr'><strong>habitat</strong></span> <span class='ocrx_word' id='word_1_147' title='bbox 3705 571 3757 623; x_wconf 90' lang='lat' dir='ltr'><strong>in</strong></span> 
     </span>
    </p>
   </div>
   <div class='ocr_carea' id='block_1_21' title="bbox 2170 646 3755 728">
    <p class='ocr_par' dir='ltr' id='par_1_21' title="bbox 2170 646 3755 728">
     <span class='ocr_line' id='line_1_21' title="bbox 2170 646 3755 728; baseline 0.001 -19"><span class='ocrx_word' id='word_1_148' title='bbox 2170 656 2327 711; x_wconf 91' lang='lat' dir='ltr'><strong>nobis</strong></span> <span class='ocrx_word' id='word_1_149' title='bbox 2356 646 2512 727; x_wconf 55' lang='grc' dir='ltr'><strong>ἰ(85)</strong></span> <span class='ocrx_word' id='word_1_150' title='bbox 2533 701 2547 726; x_wconf 87' lang='lat'><strong>,</strong></span> <span class='ocrx_word' id='word_1_151' title='bbox 2585 658 2672 712; x_wconf 85' lang='lat' dir='ltr'><strong>vel</strong></span> <span class='ocrx_word' id='word_1_152' title='bbox 2705 658 2850 727; x_wconf 84' lang='lat' dir='ltr'><strong>quod</strong></span> <span class='ocrx_word' id='word_1_153' title='bbox 2875 654 3079 725; x_wconf 82' lang='lat' dir='ltr'><strong>Spiritu</strong></span> <span class='ocrx_word' id='word_1_154' title='bbox 3109 656 3203 712; x_wconf 87' lang='lat' dir='ltr'><strong>Dei</strong></span> <span class='ocrx_word' id='word_1_155' title='bbox 3231 660 3463 728; x_wconf 88' lang='lat' dir='ltr'><strong>agimur,</strong></span> <span class='ocrx_word' id='word_1_156' title='bbox 3495 657 3583 713; x_wconf 88' lang='lat' dir='ltr'><strong>vel</strong></span> <span class='ocrx_word' id='word_1_157' title='bbox 3615 662 3755 727; x_wconf 81' lang='lat' dir='ltr'><strong>quod</strong></span> 
     </span>
    </p>
   </div>
   <div class='ocr_carea' id='block_1_22' title="bbox 2168 740 3756 819">
    <p class='ocr_par' dir='ltr' id='par_1_22' title="bbox 2168 740 3756 819">
     <span class='ocr_line' id='line_1_22' title="bbox 2168 740 3756 819; baseline 0.003 -18"><span class='ocrx_word' id='word_1_158' title='bbox 2168 747 2417 815; x_wconf 88' lang='lat' dir='ltr'><strong>spiritum</strong></span> <span class='ocrx_word' id='word_1_159' title='bbox 2467 750 2774 819; x_wconf 84' lang='lat' dir='ltr'><strong>adoptionis</strong></span> <span class='ocrx_word' id='word_1_160' title='bbox 2805 748 3120 817; x_wconf 79' lang='lat' dir='ltr'><strong>accepimus</strong></span> <span class='ocrx_word' id='word_1_161' title='bbox 3148 744 3208 817; x_wconf 63' lang='grc' dir='ltr'><strong>’ς</strong></span> <span class='ocrx_word' id='word_1_162' title='bbox 3256 740 3340 806; x_wconf 84' lang='lat' dir='ltr'><strong>vel</strong></span> <span class='ocrx_word' id='word_1_163' title='bbox 3368 749 3514 819; x_wconf 78' lang='lat' dir='ltr'><strong>quod</strong></span> <span class='ocrx_word' id='word_1_164' title='bbox 3558 765 3756 807; x_wconf 81' lang='lat' dir='ltr'><strong>sumus</strong></span> 
     </span>
    </p>
   </div>
   <div class='ocr_carea' id='block_1_23' title="bbox 2169 832 3753 912">
    <p class='ocr_par' dir='ltr' id='par_1_23' title="bbox 2169 832 3753 912">
     <span class='ocr_line' id='line_1_23' title="bbox 2169 832 3753 912; baseline 0.003 -20"><span class='ocrx_word' id='word_1_165' title='bbox 2169 838 2261 892; x_wconf 84' lang='lat' dir='ltr'><strong>lilii</strong></span> <span class='ocrx_word' id='word_1_166' title='bbox 2296 839 2384 894; x_wconf 86' lang='lat' dir='ltr'><strong>Dei</strong></span> <span class='ocrx_word' id='word_1_167' title='bbox 2411 850 2467 896; x_wconf 90' lang='lat' dir='ltr'><strong>et</strong></span> <span class='ocrx_word' id='word_1_168' title='bbox 2490 840 2731 895; x_wconf 72' lang='lat' dir='ltr'><strong>baeredes</strong></span> <span class='ocrx_word' id='word_1_169' title='bbox 2753 850 2807 894; x_wconf 89' lang='lat' dir='ltr'><strong>et</strong></span> <span class='ocrx_word' id='word_1_170' title='bbox 2826 838 3138 894; x_wconf 78' lang='lat' dir='ltr'><strong>colueredes</strong></span> <span class='ocrx_word' id='word_1_171' title='bbox 3168 840 3372 896; x_wconf 77' lang='lat' dir='ltr'><strong>Christi</strong></span> <span class='ocrx_word' id='word_1_172' title='bbox 3399 841 3456 908; x_wconf 73' lang='grc' dir='ltr'><strong>’ς</strong></span> <span class='ocrx_word' id='word_1_173' title='bbox 3493 841 3580 896; x_wconf 86' lang='lat' dir='ltr'><strong>vel</strong></span> <span class='ocrx_word' id='word_1_174' title='bbox 3604 832 3753 912; x_wconf 80' lang='lat' dir='ltr'><strong>quod</strong></span> 
     </span>
    </p>
   </div>
   <div class='ocr_carea' id='block_1_24' title="bbox 2169 928 3751 1005">
    <p class='ocr_par' dir='ltr' id='par_1_24' title="bbox 2169 928 3751 1005">
     <span class='ocr_line' id='line_1_24' title="bbox 2169 928 3751 1005; baseline 0.004 -22"><span class='ocrx_word' id='word_1_175' title='bbox 2169 930 2442 998; x_wconf 80' lang='lat' dir='ltr'><strong>primitias</strong></span> <span class='ocrx_word' id='word_1_176' title='bbox 2484 928 2724 1000; x_wconf 76' lang='lat' dir='ltr'><strong>Spiritus</strong></span> <span class='ocrx_word' id='word_1_177' title='bbox 2746 929 3118 1001; x_wconf 63' lang='lat' dir='ltr'><strong>accipimus‘;</strong></span> <span class='ocrx_word' id='word_1_178' title='bbox 3159 931 3244 986; x_wconf 80' lang='lat' dir='ltr'><strong>vel</strong></span> <span class='ocrx_word' id='word_1_179' title='bbox 3281 933 3424 1002; x_wconf 90' lang='lat' dir='ltr'><strong>quod</strong></span> <span class='ocrx_word' id='word_1_180' title='bbox 3455 935 3574 1005; x_wconf 82' lang='lat' dir='ltr'><strong>ipse</strong></span> <span class='ocrx_word' id='word_1_181' title='bbox 3618 934 3751 1005; x_wconf 70' lang='grc' dir='ltr'><strong>ει)Ῐὸ</strong></span> 
     </span>
    </p>
   </div>
   <div class='ocr_carea' id='block_1_25' title="bbox 2168 1023 3752 1093">
    <p class='ocr_par' dir='ltr' id='par_1_25' title="bbox 2168 1023 3752 1093">
     <span class='ocr_line' id='line_1_25' title="bbox 2168 1023 3752 1093; baseline 0.006 -18"><span class='ocrx_word' id='word_1_182' title='bbox 2168 1023 2306 1076; x_wconf 89' lang='lat' dir='ltr'><strong>ritus</strong></span> <span class='ocrx_word' id='word_1_183' title='bbox 2363 1023 2667 1090; x_wconf 83' lang='lat' dir='ltr'><strong>interpellat</strong></span> <span class='ocrx_word' id='word_1_184' title='bbox 2712 1039 2811 1093; x_wconf 90' lang='lat' dir='ltr'><strong>pro</strong></span> <span class='ocrx_word' id='word_1_185' title='bbox 2861 1023 3015 1077; x_wconf 85' lang='lat' dir='ltr'><strong>nobis</strong></span> <span class='ocrx_word' id='word_1_186' title='bbox 3059 1025 3351 1092; x_wconf 77' lang='lat' dir='ltr'><strong>gemitibus</strong></span> <span class='ocrx_word' id='word_1_187' title='bbox 3408 1026 3752 1084; x_wconf 85' lang='lat' dir='ltr'><strong>inenarrabi-</strong></span> 
     </span>
    </p>
   </div>
   <div class='ocr_carea' id='block_1_26' title="bbox 2166 1113 3739 1190">
    <p class='ocr_par' dir='ltr' id='par_1_26' title="bbox 2166 1113 3739 1190">
     <span class='ocr_line' id='line_1_26' title="bbox 2166 1113 3739 1190; baseline 0.005 -25"><span class='ocrx_word' id='word_1_188' title='bbox 2166 1113 2308 1168; x_wconf 82' lang='lat' dir='ltr'><strong>libus</strong></span> <span class='ocrx_word' id='word_1_189' title='bbox 2335 1113 2395 1179; x_wconf 72' lang='grc' dir='ltr'><strong>’ς</strong></span> <span class='ocrx_word' id='word_1_190' title='bbox 2447 1114 2529 1169; x_wconf 86' lang='lat' dir='ltr'><strong>vel</strong></span> <span class='ocrx_word' id='word_1_191' title='bbox 2569 1117 2711 1184; x_wconf 81' lang='lat' dir='ltr'><strong>quod</strong></span> <span class='ocrx_word' id='word_1_192' title='bbox 2767 1117 3022 1170; x_wconf 63' lang='lat' dir='ltr'><strong>universa</strong></span> <span class='ocrx_word' id='word_1_193' title='bbox 3056 1129 3309 1173; x_wconf 82' lang='lat' dir='ltr'><strong>creatura</strong></span> <span class='ocrx_word' id='word_1_194' title='bbox 3346 1119 3505 1175; x_wconf 89' lang='lat' dir='ltr'><strong>nobis</strong></span> <span class='ocrx_word' id='word_1_195' title='bbox 3545 1136 3739 1190; x_wconf 76' lang='lat' dir='ltr'><strong>c0nge-</strong></span> 
     </span>
    </p>
   </div>
   <div class='ocr_carea' id='block_1_27' title="bbox 2173 1201 3751 1273">
    <p class='ocr_par' dir='ltr' id='par_1_27' title="bbox 2173 1201 3751 1273">
     <span class='ocr_line' id='line_1_27' title="bbox 2173 1201 3751 1273; baseline 0.002 -16"><span class='ocrx_word' id='word_1_196' title='bbox 2173 1202 2357 1257; x_wconf 88' lang='lat' dir='ltr'><strong>miscit</strong></span> <span class='ocrx_word' id='word_1_197' title='bbox 2402 1213 2456 1257; x_wconf 90' lang='lat' dir='ltr'><strong>et</strong></span> <span class='ocrx_word' id='word_1_198' title='bbox 2506 1201 2837 1270; x_wconf 71' lang='lat' dir='ltr'><strong>condolet‘;</strong></span> <span class='ocrx_word' id='word_1_199' title='bbox 2898 1203 2982 1258; x_wconf 89' lang='lat' dir='ltr'><strong>vel</strong></span> <span class='ocrx_word' id='word_1_200' title='bbox 3024 1206 3169 1273; x_wconf 88' lang='lat' dir='ltr'><strong>quod</strong></span> <span class='ocrx_word' id='word_1_201' title='bbox 3217 1206 3399 1258; x_wconf 86' lang='lat' dir='ltr'><strong>omnia</strong></span> <span class='ocrx_word' id='word_1_202' title='bbox 3455 1206 3618 1260; x_wconf 88' lang='lat' dir='ltr'><strong>nobis</strong></span> <span class='ocrx_word' id='word_1_203' title='bbox 3658 1221 3751 1260; x_wconf 88' lang='lat' dir='ltr'><strong>co-</strong></span> 
     </span>
    </p>
   </div>
   <div class='ocr_carea' id='block_1_28' title="bbox 2163 1282 3747 1368">
    <p class='ocr_par' dir='ltr' id='par_1_28' title="bbox 2163 1282 3747 1368">
     <span class='ocr_line' id='line_1_28' title="bbox 2163 1282 3747 1368; baseline 0.001 -20"><span class='ocrx_word' id='word_1_204' title='bbox 2163 1302 2463 1363; x_wconf 85' lang='lat' dir='ltr'><strong>operantur</strong></span> <span class='ocrx_word' id='word_1_205' title='bbox 2489 1294 2543 1347; x_wconf 93' lang='lat' dir='ltr'><strong>iu</strong></span> <span class='ocrx_word' id='word_1_206' title='bbox 2572 1295 2771 1348; x_wconf 89' lang='lat' dir='ltr'><strong>bonum</strong></span> <span class='ocrx_word' id='word_1_207' title='bbox 2805 1296 3158 1368; x_wconf 78' lang='lat' dir='ltr'><strong>diligentibus</strong></span> <span class='ocrx_word' id='word_1_208' title='bbox 3192 1282 3403 1349; x_wconf 74' lang='lat' dir='ltr'><strong>Deum&quot;</strong></span> <span class='ocrx_word' id='word_1_209' title='bbox 3433 1314 3448 1361; x_wconf 89' lang='lat'><strong>;</strong></span> <span class='ocrx_word' id='word_1_210' title='bbox 3477 1296 3560 1351; x_wconf 90' lang='lat' dir='ltr'><strong>vel</strong></span> <span class='ocrx_word' id='word_1_211' title='bbox 3605 1292 3747 1364; x_wconf 86' lang='lat' dir='ltr'><strong>quod</strong></span> 
     </span>
    </p>
   </div>
   <div class='ocr_carea' id='block_1_29' title="bbox 2163 1384 3746 1456">
    <p class='ocr_par' dir='ltr' id='par_1_29' title="bbox 2163 1384 3746 1456">
     <span class='ocr_line' id='line_1_29' title="bbox 2163 1384 3746 1456; baseline 0 -18"><span class='ocrx_word' id='word_1_212' title='bbox 2163 1384 2462 1438; x_wconf 84' lang='lat' dir='ltr'><strong>secundum</strong></span> <span class='ocrx_word' id='word_1_213' title='bbox 2494 1384 2829 1453; x_wconf 90' lang='lat' dir='ltr'><strong>propositum</strong></span> <span class='ocrx_word' id='word_1_214' title='bbox 2860 1386 3034 1440; x_wconf 86' lang='lat' dir='ltr'><strong>vocati</strong></span> <span class='ocrx_word' id='word_1_215' title='bbox 3070 1401 3284 1449; x_wconf 62' lang='lat' dir='ltr'><strong>suums,</strong></span> <span class='ocrx_word' id='word_1_216' title='bbox 3314 1396 3372 1440; x_wconf 90' lang='lat' dir='ltr'><strong>et</strong></span> <span class='ocrx_word' id='word_1_217' title='bbox 3401 1388 3746 1456; x_wconf 66' lang='lat' dir='ltr'><strong>prrecoguiti.</strong></span> 
     </span>
    </p>
   </div>
   <div class='ocr_carea' id='block_1_30' title="bbox 2161 1466 3746 1548">
    <p class='ocr_par' dir='ltr' id='par_1_30' title="bbox 2161 1466 3746 1548">
     <span class='ocr_line' id='line_1_30' title="bbox 2161 1466 3746 1548; baseline 0.001 -19"><span class='ocrx_word' id='word_1_218' title='bbox 2161 1484 2214 1529; x_wconf 91' lang='lat' dir='ltr'><strong>et</strong></span> <span class='ocrx_word' id='word_1_219' title='bbox 2242 1476 2633 1544; x_wconf 70' lang='lat' dir='ltr'><strong>prmdestinati,</strong></span> <span class='ocrx_word' id='word_1_220' title='bbox 2660 1476 3035 1545; x_wconf 85' lang='lat' dir='ltr'><strong>etjttstilicati,</strong></span> <span class='ocrx_word' id='word_1_221' title='bbox 3066 1487 3121 1533; x_wconf 93' lang='lat' dir='ltr'><strong>et</strong></span> <span class='ocrx_word' id='word_1_222' title='bbox 3148 1477 3437 1548; x_wconf 84' lang='lat' dir='ltr'><strong>glorilicaIi</strong></span> <span class='ocrx_word' id='word_1_223' title='bbox 3460 1468 3506 1531; x_wconf 60' lang='grc' dir='ltr'><strong>δ.</strong></span> <span class='ocrx_word' id='word_1_224' title='bbox 3537 1466 3746 1531; x_wconf 78' lang='lat' dir='ltr'><strong>Horum</strong></span> 
     </span>
    </p>
   </div>
   <div class='ocr_carea' id='block_1_31' title="bbox 2161 1560 3749 1641">
    <p class='ocr_par' dir='ltr' id='par_1_31' title="bbox 2161 1560 3749 1641">
     <span class='ocr_line' id='line_1_31' title="bbox 2161 1560 3749 1641; baseline 0.001 -21"><span class='ocrx_word' id='word_1_225' title='bbox 2161 1569 2365 1621; x_wconf 92' lang='lat' dir='ltr'><strong>etenim</strong></span> <span class='ocrx_word' id='word_1_226' title='bbox 2393 1568 2632 1622; x_wconf 89' lang='lat' dir='ltr'><strong>omnium</strong></span> <span class='ocrx_word' id='word_1_227' title='bbox 2663 1568 2825 1622; x_wconf 72' lang='lat' dir='ltr'><strong>Veluti</strong></span> <span class='ocrx_word' id='word_1_228' title='bbox 2857 1569 3126 1640; x_wconf 78' lang='lat' dir='ltr'><strong>epilogum</strong></span> <span class='ocrx_word' id='word_1_229' title='bbox 3158 1569 3369 1623; x_wconf 60' lang='lat' dir='ltr'><strong>faetens</strong></span> <span class='ocrx_word' id='word_1_230' title='bbox 3405 1560 3544 1641; x_wconf 60' lang='lat'><strong>(85),</strong></span> <span class='ocrx_word' id='word_1_231' title='bbox 3571 1580 3633 1623; x_wconf 92' lang='lat' dir='ltr'><strong>et</strong></span> <span class='ocrx_word' id='word_1_232' title='bbox 3673 1570 3749 1622; x_wconf 72' lang='lat' dir='ltr'><strong>si-</strong></span> 
     </span>
    </p>
   </div>
   <div class='ocr_carea' id='block_1_32' title="bbox 2165 1658 3745 1732">
    <p class='ocr_par' dir='ltr' id='par_1_32' title="bbox 2165 1658 3745 1732">
     <span class='ocr_line' id='line_1_32' title="bbox 2165 1658 3745 1732; baseline 0.001 -21"><span class='ocrx_word' id='word_1_233' title='bbox 2165 1658 2274 1711; x_wconf 90' lang='lat' dir='ltr'><strong>mul</strong></span> <span class='ocrx_word' id='word_1_234' title='bbox 2304 1658 2485 1711; x_wconf 89' lang='lat' dir='ltr'><strong>omnia</strong></span> <span class='ocrx_word' id='word_1_235' title='bbox 2527 1668 2778 1728; x_wconf 79' lang='lat' dir='ltr'><strong>repetens</strong></span> <span class='ocrx_word' id='word_1_236' title='bbox 2808 1660 2885 1712; x_wconf 85' lang='lat' dir='ltr'><strong>ait</strong></span> <span class='ocrx_word' id='word_1_237' title='bbox 2919 1678 2933 1714; x_wconf 88' lang='lat'><strong><em>:</em></strong></span> <span class='ocrx_word' id='word_1_238' title='bbox 2994 1679 3013 1711; x_wconf 87' lang='grc' dir='ltr'><strong>ι</strong></span> <span class='ocrx_word' id='word_1_239' title='bbox 3045 1660 3185 1727; x_wconf 88' lang='lat' dir='ltr'><strong>Quid</strong></span> <span class='ocrx_word' id='word_1_240' title='bbox 3228 1675 3360 1732; x_wconf 83' lang='lat' dir='ltr'><strong>ergo</strong></span> <span class='ocrx_word' id='word_1_241' title='bbox 3398 1662 3651 1715; x_wconf 85' lang='lat' dir='ltr'><strong>dicemus</strong></span> <span class='ocrx_word' id='word_1_242' title='bbox 3679 1663 3745 1715; x_wconf 82' lang='lat' dir='ltr'><strong>ad</strong></span> 
     </span>
    </p>
   </div>
   <div class='ocr_carea' id='block_1_33' title="bbox 477 1747 3744 1834">
    <p class='ocr_par' dir='ltr' id='par_1_33' title="bbox 477 1747 3744 1834">
     <span class='ocr_line' id='line_1_33' title="bbox 477 1747 3744 1834; baseline -0.002 -19"><span class='ocrx_word' id='word_1_243' title='bbox 477 1775 700 1834; x_wconf 84' lang='lat' dir='ltr'><strong>gnoscet</strong></span> <span class='ocrx_word' id='word_1_244' title='bbox 756 1766 955 1815; x_wconf 85' lang='lat' dir='ltr'><strong>malum</strong></span> <span class='ocrx_word' id='word_1_245' title='bbox 1004 1761 1253 1820; x_wconf 85' lang='lat' dir='ltr'><strong>verbum,</strong></span> <span class='ocrx_word' id='word_1_246' title='bbox 1302 1779 1319 1809; x_wconf 80' lang='grc' dir='ltr'><strong>ι</strong></span> <span class='ocrx_word' id='word_1_247' title='bbox 1377 1759 1478 1812; x_wconf 92' lang='lat' dir='ltr'><strong>hoc</strong></span> <span class='ocrx_word' id='word_1_248' title='bbox 1533 1768 1617 1812; x_wconf 86' lang='lat' dir='ltr'><strong>est</strong></span> <span class='ocrx_word' id='word_1_249' title='bbox 1670 1774 1777 1813; x_wconf 82' lang='lat' dir='ltr'><strong>non</strong></span> <span class='ocrx_word' id='word_1_250' title='bbox 1827 1760 2057 1830; x_wconf 75' lang='lat' dir='ltr'><strong>recipiet</strong></span> <span class='ocrx_word' id='word_1_251' title='bbox 2091 1747 2134 1808; x_wconf 81' lang='grc' dir='ltr'><strong>Β</strong></span> <span class='ocrx_word' id='word_1_252' title='bbox 2164 1752 2278 1806; x_wconf 66' lang='lat' dir='ltr'><strong>haec</strong></span> <span class='ocrx_word' id='word_1_253' title='bbox 2293 1751 2340 1804; x_wconf 82' lang='lat'><strong>’?</strong></span> <span class='ocrx_word' id='word_1_254' title='bbox 2369 1771 2388 1803; x_wconf 80' lang='grc' dir='ltr'><strong>ι</strong></span> <span class='ocrx_word' id='word_1_255' title='bbox 2417 1751 2518 1806; x_wconf 87' lang='lat' dir='ltr'><strong>hoc</strong></span> <span class='ocrx_word' id='word_1_256' title='bbox 2544 1761 2649 1815; x_wconf 88' lang='lat' dir='ltr'><strong>est,</strong></span> <span class='ocrx_word' id='word_1_257' title='bbox 2687 1753 2753 1805; x_wconf 90' lang='lat' dir='ltr'><strong>ad</strong></span> <span class='ocrx_word' id='word_1_258' title='bbox 2775 1750 2888 1804; x_wconf 63' lang='lat' dir='ltr'><strong>haec</strong></span> <span class='ocrx_word' id='word_1_259' title='bbox 2911 1754 3089 1806; x_wconf 84' lang='lat' dir='ltr'><strong>omnia</strong></span> <span class='ocrx_word' id='word_1_260' title='bbox 3120 1767 3239 1821; x_wconf 63' lang='lat' dir='ltr'><strong>quae</strong></span> <span class='ocrx_word' id='word_1_261' title='bbox 3264 1770 3429 1824; x_wconf 82' lang='lat' dir='ltr'><strong>supra</strong></span> <span class='ocrx_word' id='word_1_262' title='bbox 3456 1754 3744 1808; x_wconf 76' lang='lat' dir='ltr'><strong>diximus:</strong></span> 
     </span>
    </p>
   </div>
   <div class='ocr_carea' id='block_1_34' title="bbox 480 1849 2055 1929">
    <p class='ocr_par' dir='ltr' id='par_1_34' title="bbox 480 1849 2055 1929">
     <span class='ocr_line' id='line_1_34' title="bbox 480 1849 2055 1929; baseline 0.002 -26"><span class='ocrx_word' id='word_1_263' title='bbox 480 1864 705 1929; x_wconf 67' lang='lat' dir='ltr'><strong>verbum</strong></span> <span class='ocrx_word' id='word_1_264' title='bbox 759 1852 987 1914; x_wconf 86' lang='lat' dir='ltr'><strong>malum,</strong></span> <span class='ocrx_word' id='word_1_265' title='bbox 1029 1865 1133 1904; x_wconf 84' lang='lat' dir='ltr'><strong>non</strong></span> <span class='ocrx_word' id='word_1_266' title='bbox 1179 1850 1386 1911; x_wconf 88' lang='lat' dir='ltr'><strong>credet,</strong></span> <span class='ocrx_word' id='word_1_267' title='bbox 1425 1865 1531 1904; x_wconf 81' lang='lat' dir='ltr'><strong>non</strong></span> <span class='ocrx_word' id='word_1_268' title='bbox 1575 1849 1811 1903; x_wconf 89' lang='lat' dir='ltr'><strong>libenter</strong></span> <span class='ocrx_word' id='word_1_269' title='bbox 1851 1852 2055 1912; x_wconf 79' lang='lat' dir='ltr'><strong>audiet.</strong></span> 
     </span>
    </p>
   </div>
   <div class='ocr_carea' id='block_1_35' title="bbox 482 1940 2060 2014">
    <p class='ocr_par' dir='ltr' id='par_1_35' title="bbox 482 1940 2060 2014">
     <span class='ocr_line' id='line_1_35' title="bbox 482 1940 2060 2014; baseline -0.002 -17"><span class='ocrx_word' id='word_1_270' title='bbox 482 1960 658 2014; x_wconf 87' lang='lat' dir='ltr'><strong>neque</strong></span> <span class='ocrx_word' id='word_1_271' title='bbox 693 1943 942 1995; x_wconf 79' lang='lat' dir='ltr'><strong>admittet</strong></span> <span class='ocrx_word' id='word_1_272' title='bbox 969 1942 1177 2010; x_wconf 81' lang='lat' dir='ltr'><strong>ingredi</strong></span> <span class='ocrx_word' id='word_1_273' title='bbox 1214 1952 1452 1995; x_wconf 83' lang='lat' dir='ltr'><strong>mentem</strong></span> <span class='ocrx_word' id='word_1_274' title='bbox 1483 1955 1662 1994; x_wconf 88' lang='lat' dir='ltr'><strong>suam.</strong></span> <span class='ocrx_word' id='word_1_275' title='bbox 1698 1956 1720 1990; x_wconf 75' lang='grc' dir='ltr'><strong>ι</strong></span> <span class='ocrx_word' id='word_1_276' title='bbox 1750 1940 1897 2005; x_wconf 88' lang='lat' dir='ltr'><strong>Quos</strong></span> <span class='ocrx_word' id='word_1_277' title='bbox 1927 1959 1945 1992; x_wconf 80' lang='grc' dir='ltr'><strong>ι</strong></span> <span class='ocrx_word' id='word_1_278' title='bbox 1967 1952 2060 1996; x_wconf 84' lang='lat' dir='ltr'><strong>er-</strong></span> 
     </span>
    </p>
   </div>
   <div class='ocr_carea' id='block_1_36' title="bbox 480 2030 2061 2104">
    <p class='ocr_par' dir='ltr' id='par_1_36' title="bbox 480 2030 2061 2104">
     <span class='ocr_line' id='line_1_36' title="bbox 480 2030 2061 2104; baseline -0.001 -18"><span class='ocrx_word' id='word_1_279' title='bbox 480 2050 550 2104; x_wconf 75' lang='lat' dir='ltr'><strong>go</strong></span> <span class='ocrx_word' id='word_1_280' title='bbox 580 2034 875 2088; x_wconf 86' lang='lat' dir='ltr'><strong>secundum</strong></span> <span class='ocrx_word' id='word_1_281' title='bbox 919 2034 1064 2087; x_wconf 90' lang='lat' dir='ltr'><strong>ltttuc</strong></span> <span class='ocrx_word' id='word_1_282' title='bbox 1092 2031 1311 2086; x_wconf 88' lang='lat' dir='ltr'><strong>modum</strong></span> <span class='ocrx_word' id='word_1_283' title='bbox 1342 2050 1360 2083; x_wconf 85' lang='grc' dir='ltr'><strong>ι</strong></span> <span class='ocrx_word' id='word_1_284' title='bbox 1396 2030 1671 2099; x_wconf 69' lang='lat' dir='ltr'><strong>prarscivit</strong></span> <span class='ocrx_word' id='word_1_285' title='bbox 1708 2050 1726 2083; x_wconf 77' lang='grc' dir='ltr'><strong>ι</strong></span> <span class='ocrx_word' id='word_1_286' title='bbox 1764 2030 1925 2094; x_wconf 89' lang='lat' dir='ltr'><strong>Deus,</strong></span> <span class='ocrx_word' id='word_1_287' title='bbox 1956 2050 1975 2083; x_wconf 80' lang='grc' dir='ltr'><strong>ι</strong></span> <span class='ocrx_word' id='word_1_288' title='bbox 2001 2032 2061 2085; x_wconf 88' lang='lat' dir='ltr'><strong>il-</strong></span> 
     </span>
    </p>
   </div>
   <div class='ocr_carea' id='block_1_37' title="bbox 480 2123 2061 2195">
    <p class='ocr_par' dir='ltr' id='par_1_37' title="bbox 480 2123 2061 2195">
     <span class='ocr_line' id='line_1_37' title="bbox 480 2123 2061 2195; baseline 0 -16"><span class='ocrx_word' id='word_1_289' title='bbox 480 2128 560 2181; x_wconf 88' lang='lat' dir='ltr'><strong>los</strong></span> <span class='ocrx_word' id='word_1_290' title='bbox 591 2136 647 2180; x_wconf 89' lang='lat' dir='ltr'><strong>et</strong></span> <span class='ocrx_word' id='word_1_291' title='bbox 676 2126 1124 2195; x_wconf 62' lang='lat' dir='ltr'><strong>praedestinavit;</strong></span> <span class='ocrx_word' id='word_1_292' title='bbox 1158 2135 1215 2180; x_wconf 90' lang='lat' dir='ltr'><strong>et</strong></span> <span class='ocrx_word' id='word_1_293' title='bbox 1236 2138 1375 2193; x_wconf 85' lang='lat' dir='ltr'><strong>quos</strong></span> <span class='ocrx_word' id='word_1_294' title='bbox 1405 2123 1833 2192; x_wconf 65' lang='lat' dir='ltr'><strong>praedestinavit.</strong></span> <span class='ocrx_word' id='word_1_295' title='bbox 1866 2123 1985 2179; x_wconf 87' lang='lat' dir='ltr'><strong>illos</strong></span> <span class='ocrx_word' id='word_1_296' title='bbox 2004 2132 2061 2179; x_wconf 85' lang='lat' dir='ltr'><strong>et</strong></span> 
     </span>
    </p>
   </div>
   <div class='ocr_carea' id='block_1_38' title="bbox 477 2215 2054 2284">
    <p class='ocr_par' dir='ltr' id='par_1_38' title="bbox 477 2215 2054 2284">
     <span class='ocr_line' id='line_1_38' title="bbox 477 2215 2054 2284; baseline 0.001 -15"><span class='ocrx_word' id='word_1_297' title='bbox 477 2220 711 2282; x_wconf 82' lang='lat' dir='ltr'><strong>vocavit,</strong></span> <span class='ocrx_word' id='word_1_298' title='bbox 737 2235 757 2268; x_wconf 87' lang='grc' dir='ltr'><strong>ι</strong></span> <span class='ocrx_word' id='word_1_299' title='bbox 799 2233 863 2272; x_wconf 89' lang='lat' dir='ltr'><strong>ea</strong></span> <span class='ocrx_word' id='word_1_300' title='bbox 899 2217 1200 2271; x_wconf 87' lang='lat' dir='ltr'><strong>vocationis</strong></span> <span class='ocrx_word' id='word_1_301' title='bbox 1249 2216 1606 2270; x_wconf 83' lang='lat' dir='ltr'><strong>distinctione</strong></span> <span class='ocrx_word' id='word_1_302' title='bbox 1635 2230 1741 2284; x_wconf 89' lang='lat' dir='ltr'><strong>qua</strong></span> <span class='ocrx_word' id='word_1_303' title='bbox 1778 2215 2054 2271; x_wconf 74' lang='lat' dir='ltr'><strong>diximus:</strong></span> 
     </span>
    </p>
   </div>
   <div class='ocr_carea' id='block_1_39' title="bbox 480 2308 2055 2377">
    <p class='ocr_par' dir='ltr' id='par_1_39' title="bbox 480 2308 2055 2377">
     <span class='ocr_line' id='line_1_39' title="bbox 480 2308 2055 2377; baseline 0.001 -17"><span class='ocrx_word' id='word_1_304' title='bbox 480 2328 509 2360; x_wconf 75' lang='grc' dir='ltr'>ι’</span> <span class='ocrx_word' id='word_1_305' title='bbox 538 2321 594 2363; x_wconf 89' lang='lat' dir='ltr'><strong>et</strong></span> <span class='ocrx_word' id='word_1_306' title='bbox 618 2324 754 2377; x_wconf 87' lang='lat' dir='ltr'><strong>quos</strong></span> <span class='ocrx_word' id='word_1_307' title='bbox 801 2310 1042 2374; x_wconf 87' lang='lat' dir='ltr'><strong>vocavit,</strong></span> <span class='ocrx_word' id='word_1_308' title='bbox 1076 2308 1198 2362; x_wconf 88' lang='lat' dir='ltr'><strong>illos</strong></span> <span class='ocrx_word' id='word_1_309' title='bbox 1230 2318 1284 2361; x_wconf 87' lang='lat' dir='ltr'><strong>et</strong></span> <span class='ocrx_word' id='word_1_310' title='bbox 1312 2308 1635 2375; x_wconf 86' lang='lat' dir='ltr'><strong>jnstilicavit</strong></span> <span class='ocrx_word' id='word_1_311' title='bbox 1667 2327 1679 2361; x_wconf 88' lang='lat'><strong>:</strong></span> <span class='ocrx_word' id='word_1_312' title='bbox 1713 2317 1766 2362; x_wconf 91' lang='lat' dir='ltr'><strong>et</strong></span> <span class='ocrx_word' id='word_1_313' title='bbox 1792 2323 1932 2377; x_wconf 83' lang='lat' dir='ltr'><strong>quos</strong></span> <span class='ocrx_word' id='word_1_314' title='bbox 1967 2308 2055 2377; x_wconf 83' lang='lat' dir='ltr'><strong>ju-</strong></span> 
     </span>
    </p>
   </div>
   <div class='ocr_carea' id='block_1_40' title="bbox 473 2396 2060 2469">
    <p class='ocr_par' dir='ltr' id='par_1_40' title="bbox 473 2396 2060 2469">
     <span class='ocr_line' id='line_1_40' title="bbox 473 2396 2060 2469; baseline -0.002 -14"><span class='ocrx_word' id='word_1_315' title='bbox 473 2400 751 2463; x_wconf 87' lang='lat' dir='ltr'><strong>stilicavit,</strong></span> <span class='ocrx_word' id='word_1_316' title='bbox 780 2400 899 2457; x_wconf 88' lang='lat' dir='ltr'><strong>illos</strong></span> <span class='ocrx_word' id='word_1_317' title='bbox 919 2408 975 2454; x_wconf 89' lang='lat' dir='ltr'><strong>et</strong></span> <span class='ocrx_word' id='word_1_318' title='bbox 1000 2397 1371 2469; x_wconf 64' lang='lat' dir='ltr'><strong>gloriarm-it.»</strong></span> <span class='ocrx_word' id='word_1_319' title='bbox 1409 2397 1481 2452; x_wconf 90' lang='lat' dir='ltr'><strong>De</strong></span> <span class='ocrx_word' id='word_1_320' title='bbox 1509 2396 1902 2469; x_wconf 69' lang='lat' dir='ltr'><strong>glorior-alioue</strong></span> <span class='ocrx_word' id='word_1_321' title='bbox 1933 2412 2060 2468; x_wconf 85' lang='lat' dir='ltr'><strong>pos-</strong></span> 
     </span>
    </p>
   </div>
   <div class='ocr_carea' id='block_1_41' title="bbox 474 2488 2057 2561">
    <p class='ocr_par' dir='ltr' id='par_1_41' title="bbox 474 2488 2057 2561">
     <span class='ocr_line' id='line_1_41' title="bbox 474 2488 2057 2561; baseline -0.001 -16"><span class='ocrx_word' id='word_1_322' title='bbox 474 2506 665 2545; x_wconf 85' lang='lat' dir='ltr'><strong>sumus</strong></span> <span class='ocrx_word' id='word_1_323' title='bbox 690 2500 745 2544; x_wconf 91' lang='lat' dir='ltr'><strong>et</strong></span> <span class='ocrx_word' id='word_1_324' title='bbox 779 2490 834 2544; x_wconf 90' lang='lat' dir='ltr'><strong>in</strong></span> <span class='ocrx_word' id='word_1_325' title='bbox 877 2490 1134 2559; x_wconf 67' lang='lat' dir='ltr'><strong>pra&#39;seuti</strong></span> <span class='ocrx_word' id='word_1_326' title='bbox 1186 2488 1385 2543; x_wconf 61' lang='lat' dir='ltr'><strong>saeculo</strong></span> <span class='ocrx_word' id='word_1_327' title='bbox 1439 2492 1737 2543; x_wconf 85' lang='lat' dir='ltr'><strong>secundum</strong></span> <span class='ocrx_word' id='word_1_328' title='bbox 1787 2489 1897 2561; x_wconf 89' lang='lat'><strong>(8|)</strong></span> <span class='ocrx_word' id='word_1_329' title='bbox 1926 2488 2057 2543; x_wconf 91' lang='lat' dir='ltr'><strong>illud</strong></span> 
     </span>
    </p>
   </div>
   <div class='ocr_carea' id='block_1_42' title="bbox 476 2580 2055 2653">
    <p class='ocr_par' dir='ltr' id='par_1_42' title="bbox 476 2580 2055 2653">
     <span class='ocr_line' id='line_1_42' title="bbox 476 2580 2055 2653; baseline -0.001 -16"><span class='ocrx_word' id='word_1_330' title='bbox 476 2583 779 2653; x_wconf 71' lang='lat' dir='ltr'><strong>intelligere</strong></span> <span class='ocrx_word' id='word_1_331' title='bbox 818 2582 962 2651; x_wconf 91' lang='lat' dir='ltr'><strong>quod</strong></span> <span class='ocrx_word' id='word_1_332' title='bbox 1010 2581 1140 2636; x_wconf 88' lang='lat' dir='ltr'><strong>dicit</strong></span> <span class='ocrx_word' id='word_1_333' title='bbox 1186 2580 1485 2649; x_wconf 84' lang='lat' dir='ltr'><strong>Apostolus</strong></span> <span class='ocrx_word' id='word_1_334' title='bbox 1509 2580 1554 2612; x_wconf 74' lang='lat'><strong>“</strong></span> <span class='ocrx_word' id='word_1_335' title='bbox 1595 2597 1609 2634; x_wconf 91' lang='lat'><strong>:</strong></span> <span class='ocrx_word' id='word_1_336' title='bbox 1670 2598 1689 2631; x_wconf 79' lang='grc' dir='ltr'><strong>ι</strong></span> <span class='ocrx_word' id='word_1_337' title='bbox 1724 2580 1831 2635; x_wconf 76' lang='lat' dir='ltr'><strong>Nos</strong></span> <span class='ocrx_word' id='word_1_338' title='bbox 1873 2590 2055 2636; x_wconf 88' lang='lat' dir='ltr'><strong>autem</strong></span> 
     </span>
    </p>
   </div>
   <div class='ocr_carea' id='block_1_43' title="bbox 470 2672 2054 2744">
    <p class='ocr_par' dir='ltr' id='par_1_43' title="bbox 470 2672 2054 2744">
     <span class='ocr_line' id='line_1_43' title="bbox 470 2672 2054 2744; baseline -0.003 -13"><span class='ocrx_word' id='word_1_339' title='bbox 470 2690 663 2731; x_wconf 89' lang='lat' dir='ltr'><strong>omnes</strong></span> <span class='ocrx_word' id='word_1_340' title='bbox 698 2674 936 2730; x_wconf 79' lang='lat' dir='ltr'><strong>revelata</strong></span> <span class='ocrx_word' id='word_1_341' title='bbox 970 2672 1112 2728; x_wconf 87' lang='lat' dir='ltr'><strong>lacie</strong></span> <span class='ocrx_word' id='word_1_342' title='bbox 1142 2674 1372 2742; x_wconf 83' lang='lat' dir='ltr'><strong>gloriam</strong></span> <span class='ocrx_word' id='word_1_343' title='bbox 1426 2674 1637 2729; x_wconf 91' lang='lat' dir='ltr'><strong>Domini</strong></span> <span class='ocrx_word' id='word_1_344' title='bbox 1684 2673 2054 2744; x_wconf 82' lang='lat' dir='ltr'><strong>speculantes.</strong></span> 
     </span>
    </p>
   </div>
   <div class='ocr_carea' id='block_1_44' title="bbox 469 2764 2050 2836">
    <p class='ocr_par' dir='ltr' id='par_1_44' title="bbox 469 2764 2050 2836">
     <span class='ocr_line' id='line_1_44' title="bbox 469 2764 2050 2836; baseline -0.001 -15"><span class='ocrx_word' id='word_1_345' title='bbox 469 2767 660 2821; x_wconf 87' lang='lat' dir='ltr'><strong>eadem</strong></span> <span class='ocrx_word' id='word_1_346' title='bbox 689 2766 926 2835; x_wconf 82' lang='lat' dir='ltr'><strong>imagine</strong></span> <span class='ocrx_word' id='word_1_347' title='bbox 956 2765 1416 2819; x_wconf 77' lang='lat' dir='ltr'><strong>transformamur</strong></span> <span class='ocrx_word' id='word_1_348' title='bbox 1452 2782 1480 2819; x_wconf 93' lang='lat' dir='ltr'><strong>a</strong></span> <span class='ocrx_word' id='word_1_349' title='bbox 1511 2764 1685 2836; x_wconf 76' lang='lat' dir='ltr'><strong>gloria</strong></span> <span class='ocrx_word' id='word_1_350' title='bbox 1716 2765 1770 2819; x_wconf 89' lang='lat' dir='ltr'><strong>itt</strong></span> <span class='ocrx_word' id='word_1_351' title='bbox 1797 2764 2050 2835; x_wconf 77' lang='lat' dir='ltr'><strong>gloriam,</strong></span> 
     </span>
    </p>
   </div>
   <div class='ocr_carea' id='block_1_45' title="bbox 472 2856 2052 2927">
    <p class='ocr_par' dir='ltr' id='par_1_45' title="bbox 472 2856 2052 2927">
     <span class='ocr_line' id='line_1_45' title="bbox 472 2856 2052 2927; baseline 0.003 -21"><span class='ocrx_word' id='word_1_352' title='bbox 472 2870 725 2925; x_wconf 82' lang='lat' dir='ltr'><strong>tauquam</strong></span> <span class='ocrx_word' id='word_1_353' title='bbox 751 2872 779 2909; x_wconf 94' lang='lat' dir='ltr'><strong>a</strong></span> <span class='ocrx_word' id='word_1_354' title='bbox 808 2856 1017 2911; x_wconf 90' lang='lat' dir='ltr'><strong>Domini</strong></span> <span class='ocrx_word' id='word_1_355' title='bbox 1052 2856 1281 2927; x_wconf 89' lang='lat' dir='ltr'><strong>Spiritu.</strong></span> <span class='ocrx_word' id='word_1_356' title='bbox 1318 2876 1334 2907; x_wconf 81' lang='grc' dir='ltr'><strong>ι</strong></span> <span class='ocrx_word' id='word_1_357' title='bbox 1380 2857 1469 2911; x_wconf 84' lang='lat' dir='ltr'><strong>Est</strong></span> <span class='ocrx_word' id='word_1_358' title='bbox 1496 2871 1627 2926; x_wconf 81' lang='lat' dir='ltr'><strong>ergo</strong></span> <span class='ocrx_word' id='word_1_359' title='bbox 1652 2867 1705 2911; x_wconf 91' lang='lat' dir='ltr'><strong>et</strong></span> <span class='ocrx_word' id='word_1_360' title='bbox 1733 2857 1847 2911; x_wconf 69' lang='lat' dir='ltr'><strong>han:</strong></span> <span class='ocrx_word' id='word_1_361' title='bbox 1877 2856 2052 2926; x_wconf 86' lang='lat' dir='ltr'><strong>gloria</strong></span> 
     </span>
    </p>
   </div>
   <div class='ocr_carea' id='block_1_46' title="bbox 469 2950 2048 3020">
    <p class='ocr_par' dir='ltr' id='par_1_46' title="bbox 469 2950 2048 3020">
     <span class='ocr_line' id='line_1_46' title="bbox 469 2950 2048 3020; baseline 0.003 -19"><span class='ocrx_word' id='word_1_362' title='bbox 469 2964 632 3019; x_wconf 77' lang='lat' dir='ltr'><strong>quam</strong></span> <span class='ocrx_word' id='word_1_363' title='bbox 650 2950 934 3019; x_wconf 79' lang='lat' dir='ltr'><strong>justiticati</strong></span> <span class='ocrx_word' id='word_1_364' title='bbox 969 2952 1171 3020; x_wconf 84' lang='lat' dir='ltr'><strong>quique</strong></span> <span class='ocrx_word' id='word_1_365' title='bbox 1197 2952 1249 3004; x_wconf 92' lang='lat' dir='ltr'><strong>iu</strong></span> <span class='ocrx_word' id='word_1_366' title='bbox 1278 2951 1529 3020; x_wconf 75' lang='lat' dir='ltr'><strong>praesenti</strong></span> <span class='ocrx_word' id='word_1_367' title='bbox 1560 2951 1670 3005; x_wconf 85' lang='lat' dir='ltr'><strong>vita</strong></span> <span class='ocrx_word' id='word_1_368' title='bbox 1702 2950 2048 3020; x_wconf 83' lang='lat' dir='ltr'><strong>percipiunt:</strong></span> 
     </span>
    </p>
   </div>
   <div class='ocr_carea' id='block_1_47' title="bbox 469 3041 2048 3113">
    <p class='ocr_par' dir='ltr' id='par_1_47' title="bbox 469 3041 2048 3113">
     <span class='ocr_line' id='line_1_47' title="bbox 469 3041 2048 3113; baseline 0 -17"><span class='ocrx_word' id='word_1_369' title='bbox 469 3050 554 3097; x_wconf 66' lang='lat' dir='ltr'><strong>est</strong></span> <span class='ocrx_word' id='word_1_370' title='bbox 586 3051 640 3095; x_wconf 91' lang='lat' dir='ltr'><strong>et</strong></span> <span class='ocrx_word' id='word_1_371' title='bbox 679 3043 768 3095; x_wconf 89' lang='lat' dir='ltr'><strong>illa</strong></span> <span class='ocrx_word' id='word_1_372' title='bbox 805 3059 924 3110; x_wconf 76' lang='lat' dir='ltr'><strong>qua:</strong></span> <span class='ocrx_word' id='word_1_373' title='bbox 965 3052 1220 3112; x_wconf 85' lang='lat' dir='ltr'><strong>speratur</strong></span> <span class='ocrx_word' id='word_1_374' title='bbox 1255 3042 1306 3094; x_wconf 92' lang='lat' dir='ltr'><strong>itt</strong></span> <span class='ocrx_word' id='word_1_375' title='bbox 1342 3041 1546 3106; x_wconf 80' lang='lat' dir='ltr'><strong>futuro,</strong></span> <span class='ocrx_word' id='word_1_376' title='bbox 1580 3058 1703 3097; x_wconf 88' lang='lat' dir='ltr'><strong>cum</strong></span> <span class='ocrx_word' id='word_1_377' title='bbox 1723 3058 1924 3113; x_wconf 89' lang='lat' dir='ltr'><strong>corpus</strong></span> <span class='ocrx_word' id='word_1_378' title='bbox 1947 3043 2048 3096; x_wconf 80' lang='lat' dir='ltr'><strong>hoc</strong></span> 
     </span>
    </p>
   </div>
   <div class='ocr_carea' id='block_1_48' title="bbox 470 3133 2048 3203">
    <p class='ocr_par' dir='ltr' id='par_1_48' title="bbox 470 3133 2048 3203">
     <span class='ocr_line' id='line_1_48' title="bbox 470 3133 2048 3203; baseline -0.003 -14"><span class='ocrx_word' id='word_1_379' title='bbox 470 3135 792 3189; x_wconf 83' lang='lat' dir='ltr'><strong>humilitatis</strong></span> <span class='ocrx_word' id='word_1_380' title='bbox 820 3145 1018 3188; x_wconf 77' lang='lat' dir='ltr'><strong>nostra:</strong></span> <span class='ocrx_word' id='word_1_381' title='bbox 1061 3134 1202 3203; x_wconf 88' lang='lat' dir='ltr'><strong>quod</strong></span> <span class='ocrx_word' id='word_1_382' title='bbox 1238 3153 1255 3182; x_wconf 78' lang='grc' dir='ltr'><strong>ι</strong></span> <span class='ocrx_word' id='word_1_383' title='bbox 1282 3134 1587 3187; x_wconf 90' lang='lat' dir='ltr'><strong>seminatur</strong></span> <span class='ocrx_word' id='word_1_384' title='bbox 1614 3134 1667 3187; x_wconf 88' lang='lat' dir='ltr'><strong>itt</strong></span> <span class='ocrx_word' id='word_1_385' title='bbox 1691 3133 2048 3193; x_wconf 86' lang='lat' dir='ltr'><strong>contumelia.</strong></span> 
     </span>
    </p>
   </div>
   <div class='ocr_carea' id='block_1_49' title="bbox 469 3225 2048 3296">
    <p class='ocr_par' dir='ltr' id='par_1_49' title="bbox 469 3225 2048 3296">
     <span class='ocr_line' id='line_1_49' title="bbox 469 3225 2048 3296; baseline 0.002 -19"><span class='ocrx_word' id='word_1_386' title='bbox 469 3235 656 3295; x_wconf 88' lang='lat' dir='ltr'><strong>surget</strong></span> <span class='ocrx_word' id='word_1_387' title='bbox 694 3226 746 3279; x_wconf 88' lang='lat' dir='ltr'><strong>itt</strong></span> <span class='ocrx_word' id='word_1_388' title='bbox 775 3226 946 3296; x_wconf 81' lang='lat' dir='ltr'><strong>gloria</strong></span> <span class='ocrx_word' id='word_1_389' title='bbox 976 3227 1021 3258; x_wconf 80' lang='lat'><strong>&quot;’</strong></span> <span class='ocrx_word' id='word_1_390' title='bbox 1054 3244 1065 3279; x_wconf 91' lang='lat'><strong>:</strong></span> <span class='ocrx_word' id='word_1_391' title='bbox 1106 3246 1123 3278; x_wconf 84' lang='grc' dir='ltr'><strong>ι</strong></span> <span class='ocrx_word' id='word_1_392' title='bbox 1156 3237 1356 3281; x_wconf 89' lang='lat' dir='ltr'><strong>etcum</strong></span> <span class='ocrx_word' id='word_1_393' title='bbox 1400 3244 1419 3275; x_wconf 86' lang='grc' dir='ltr'><strong>ι</strong></span> <span class='ocrx_word' id='word_1_394' title='bbox 1453 3226 1586 3278; x_wconf 85' lang='lat' dir='ltr'><strong>sicut</strong></span> <span class='ocrx_word' id='word_1_395' title='bbox 1617 3225 1719 3278; x_wconf 82' lang='lat' dir='ltr'><strong>alia</strong></span> <span class='ocrx_word' id='word_1_396' title='bbox 1755 3236 1837 3278; x_wconf 81' lang='lat' dir='ltr'><strong>est</strong></span> <span class='ocrx_word' id='word_1_397' title='bbox 1876 3226 2048 3295; x_wconf 83' lang='lat' dir='ltr'><strong>gloria</strong></span> 
     </span>
    </p>
   </div>
   <div class='ocr_carea' id='block_1_50' title="bbox 468 3311 2050 3383">
    <p class='ocr_par' dir='ltr' id='par_1_50' title="bbox 468 3311 2050 3383">
     <span class='ocr_line' id='line_1_50' title="bbox 468 3311 2050 3383; baseline 0.002 -19"><span class='ocrx_word' id='word_1_398' title='bbox 468 3311 619 3376; x_wconf 88' lang='lat' dir='ltr'><strong>solis,</strong></span> <span class='ocrx_word' id='word_1_399' title='bbox 651 3321 705 3365; x_wconf 86' lang='lat' dir='ltr'><strong>et</strong></span> <span class='ocrx_word' id='word_1_400' title='bbox 753 3313 857 3365; x_wconf 90' lang='lat' dir='ltr'><strong>alia</strong></span> <span class='ocrx_word' id='word_1_401' title='bbox 902 3312 1069 3382; x_wconf 81' lang='lat' dir='ltr'><strong>gloria</strong></span> <span class='ocrx_word' id='word_1_402' title='bbox 1109 3312 1271 3377; x_wconf 69' lang='lat' dir='ltr'><strong>ltttttlr,</strong></span> <span class='ocrx_word' id='word_1_403' title='bbox 1305 3323 1357 3367; x_wconf 84' lang='lat' dir='ltr'><strong>et</strong></span> <span class='ocrx_word' id='word_1_404' title='bbox 1389 3313 1494 3365; x_wconf 85' lang='lat' dir='ltr'><strong>alia</strong></span> <span class='ocrx_word' id='word_1_405' title='bbox 1528 3313 1697 3383; x_wconf 87' lang='lat' dir='ltr'><strong>gloria</strong></span> <span class='ocrx_word' id='word_1_406' title='bbox 1742 3314 2050 3379; x_wconf 74' lang='lat' dir='ltr'><strong>stellarum,</strong></span> 
     </span>
    </p>
   </div>
   <div class='ocr_carea' id='block_1_51' title="bbox 467 3401 2051 3473">
    <p class='ocr_par' dir='ltr' id='par_1_51' title="bbox 467 3401 2051 3473">
     <span class='ocr_line' id='line_1_51' title="bbox 467 3401 2051 3473; baseline 0.004 -19"><span class='ocrx_word' id='word_1_407' title='bbox 467 3411 521 3454; x_wconf 87' lang='lat' dir='ltr'><strong>et</strong></span> <span class='ocrx_word' id='word_1_408' title='bbox 554 3401 693 3455; x_wconf 85' lang='lat' dir='ltr'><strong>sicut.</strong></span> <span class='ocrx_word' id='word_1_409' title='bbox 737 3403 891 3458; x_wconf 80' lang='lat' dir='ltr'><strong>stella</strong></span> <span class='ocrx_word' id='word_1_410' title='bbox 925 3419 953 3456; x_wconf 88' lang='lat' dir='ltr'><strong>a</strong></span> <span class='ocrx_word' id='word_1_411' title='bbox 987 3402 1143 3456; x_wconf 84' lang='lat' dir='ltr'><strong>stella</strong></span> <span class='ocrx_word' id='word_1_412' title='bbox 1186 3403 1366 3457; x_wconf 75' lang='lat' dir='ltr'><strong>dillert</strong></span> <span class='ocrx_word' id='word_1_413' title='bbox 1415 3403 1466 3457; x_wconf 89' lang='lat' dir='ltr'><strong>itt</strong></span> <span class='ocrx_word' id='word_1_414' title='bbox 1497 3404 1691 3473; x_wconf 83' lang='lat' dir='ltr'><strong>gloria,</strong></span> <span class='ocrx_word' id='word_1_415' title='bbox 1740 3405 1811 3458; x_wconf 87' lang='lat' dir='ltr'><strong>ita</strong></span> <span class='ocrx_word' id='word_1_416' title='bbox 1857 3405 1963 3459; x_wconf 88' lang='lat' dir='ltr'><strong>erit</strong></span> <span class='ocrx_word' id='word_1_417' title='bbox 1995 3414 2051 3460; x_wconf 87' lang='lat' dir='ltr'><strong>et</strong></span> 
     </span>
    </p>
   </div>
   <div class='ocr_carea' id='block_1_52' title="bbox 468 3494 1441 3562">
    <p class='ocr_par' dir='ltr' id='par_1_52' title="bbox 468 3494 1441 3562">
     <span class='ocr_line' id='line_1_52' title="bbox 468 3494 1441 3562; baseline -0.005 -15"><span class='ocrx_word' id='word_1_418' title='bbox 468 3494 797 3549; x_wconf 85' lang='lat' dir='ltr'><strong>resurrectio</strong></span> <span class='ocrx_word' id='word_1_419' title='bbox 826 3505 1162 3548; x_wconf 90' lang='lat' dir='ltr'><strong>mortuorum</strong></span> <span class='ocrx_word' id='word_1_420' title='bbox 1185 3494 1231 3525; x_wconf 78' lang='lat'><strong>’°</strong></span> <span class='ocrx_word' id='word_1_421' title='bbox 1260 3494 1401 3562; x_wconf 73' lang='grc'><strong>(82),</strong></span> <span class='ocrx_word' id='word_1_422' title='bbox 1426 3512 1441 3542; x_wconf 82' lang='grc' dir='ltr'><strong>ι</strong></span> 
     </span>
    </p>
   </div>
   <div class='ocr_carea' id='block_1_53' title="bbox 530 3585 2045 3657">
    <p class='ocr_par' dir='ltr' id='par_1_53' title="bbox 530 3585 2045 3657">
     <span class='ocr_line' id='line_1_53' title="bbox 530 3585 2045 3657; baseline 0.001 -17"><span class='ocrx_word' id='word_1_423' title='bbox 530 3585 587 3640; x_wconf 82' lang='lat'><strong>9.</strong></span> <span class='ocrx_word' id='word_1_424' title='bbox 634 3602 653 3636; x_wconf 85' lang='grc' dir='ltr'><strong>ι</strong></span> <span class='ocrx_word' id='word_1_425' title='bbox 687 3585 824 3652; x_wconf 88' lang='lat' dir='ltr'><strong>Quid</strong></span> <span class='ocrx_word' id='word_1_426' title='bbox 873 3600 1003 3655; x_wconf 86' lang='lat' dir='ltr'><strong>ergo</strong></span> <span class='ocrx_word' id='word_1_427' title='bbox 1052 3586 1298 3639; x_wconf 90' lang='lat' dir='ltr'><strong>dicemus</strong></span> <span class='ocrx_word' id='word_1_428' title='bbox 1333 3587 1397 3639; x_wconf 90' lang='lat' dir='ltr'><strong>ad</strong></span> <span class='ocrx_word' id='word_1_429' title='bbox 1452 3586 1611 3642; x_wconf 67' lang='lat' dir='ltr'><strong>haec?</strong></span> <span class='ocrx_word' id='word_1_430' title='bbox 1647 3585 1702 3640; x_wconf 91' lang='lat' dir='ltr'><strong>Si</strong></span> <span class='ocrx_word' id='word_1_431' title='bbox 1759 3588 1898 3640; x_wconf 69' lang='lat' dir='ltr'><strong>Deus</strong></span> <span class='ocrx_word' id='word_1_432' title='bbox 1947 3604 2045 3657; x_wconf 70' lang='lat' dir='ltr'><strong>pro</strong></span> 
     </span>
    </p>
   </div>
   <div class='ocr_carea' id='block_1_54' title="bbox 464 3677 2046 3749">
    <p class='ocr_par' dir='ltr' id='par_1_54' title="bbox 464 3677 2046 3749">
     <span class='ocr_line' id='line_1_54' title="bbox 464 3677 2046 3749; baseline 0.004 -20"><span class='ocrx_word' id='word_1_433' title='bbox 464 3677 644 3741; x_wconf 75' lang='lat' dir='ltr'><strong>nobis,</strong></span> <span class='ocrx_word' id='word_1_434' title='bbox 674 3678 796 3747; x_wconf 82' lang='lat' dir='ltr'><strong>quis</strong></span> <span class='ocrx_word' id='word_1_435' title='bbox 824 3686 1012 3732; x_wconf 80' lang='lat' dir='ltr'><strong>contra</strong></span> <span class='ocrx_word' id='word_1_436' title='bbox 1041 3679 1180 3732; x_wconf 87' lang='lat' dir='ltr'><strong>nos?</strong></span> <span class='ocrx_word' id='word_1_437' title='bbox 1207 3677 1307 3744; x_wconf 88' lang='lat' dir='ltr'><strong>Qtti</strong></span> <span class='ocrx_word' id='word_1_438' title='bbox 1337 3679 1501 3733; x_wconf 90' lang='lat' dir='ltr'><strong>etiam</strong></span> <span class='ocrx_word' id='word_1_439' title='bbox 1537 3679 1757 3749; x_wconf 87' lang='lat' dir='ltr'><strong>proprio</strong></span> <span class='ocrx_word' id='word_1_440' title='bbox 1781 3680 1920 3733; x_wconf 77' lang='lat' dir='ltr'><strong>Filio</strong></span> <span class='ocrx_word' id='word_1_441' title='bbox 1945 3695 2046 3736; x_wconf 92' lang='lat' dir='ltr'><strong>suo</strong></span> 
     </span>
    </p>
   </div>
   <div class='ocr_carea' id='block_1_55' title="bbox 465 3767 2042 3836">
    <p class='ocr_par' dir='ltr' id='par_1_55' title="bbox 465 3767 2042 3836">
     <span class='ocr_line' id='line_1_55' title="bbox 465 3767 2042 3836; baseline 0.003 -16"><span class='ocrx_word' id='word_1_442' title='bbox 465 3782 573 3820; x_wconf 88' lang='lat' dir='ltr'><strong>non</strong></span> <span class='ocrx_word' id='word_1_443' title='bbox 605 3768 863 3834; x_wconf 82' lang='lat' dir='ltr'><strong>pepercit,</strong></span> <span class='ocrx_word' id='word_1_444' title='bbox 896 3767 989 3823; x_wconf 85' lang='lat' dir='ltr'><strong>sed</strong></span> <span class='ocrx_word' id='word_1_445' title='bbox 1018 3784 1114 3836; x_wconf 90' lang='lat' dir='ltr'><strong>pro</strong></span> <span class='ocrx_word' id='word_1_446' title='bbox 1141 3768 1297 3822; x_wconf 87' lang='lat' dir='ltr'><strong>nobis</strong></span> <span class='ocrx_word' id='word_1_447' title='bbox 1329 3769 1585 3823; x_wconf 87' lang='lat' dir='ltr'><strong>omnibus</strong></span> <span class='ocrx_word' id='word_1_448' title='bbox 1624 3770 1845 3824; x_wconf 87' lang='lat' dir='ltr'><strong>tradidit</strong></span> <span class='ocrx_word' id='word_1_449' title='bbox 1871 3769 2042 3835; x_wconf 90' lang='lat' dir='ltr'><strong>illum,</strong></span> 
     </span>
    </p>
   </div>
   <div class='ocr_carea' id='block_1_56' title="bbox 464 3857 2043 3924">
    <p class='ocr_par' dir='ltr' id='par_1_56' title="bbox 464 3857 2043 3924">
     <span class='ocr_line' id='line_1_56' title="bbox 464 3857 2043 3924; baseline 0.004 -17"><span class='ocrx_word' id='word_1_450' title='bbox 464 3857 737 3924; x_wconf 89' lang='lat' dir='ltr'><strong>quomodo</strong></span> <span class='ocrx_word' id='word_1_451' title='bbox 776 3875 880 3911; x_wconf 92' lang='lat' dir='ltr'><strong>nou</strong></span> <span class='ocrx_word' id='word_1_452' title='bbox 931 3858 1091 3911; x_wconf 76' lang='lat' dir='ltr'><strong>etiam</strong></span> <span class='ocrx_word' id='word_1_453' title='bbox 1143 3876 1267 3913; x_wconf 86' lang='lat' dir='ltr'><strong>cum</strong></span> <span class='ocrx_word' id='word_1_454' title='bbox 1315 3860 1408 3914; x_wconf 89' lang='lat' dir='ltr'><strong>illo</strong></span> <span class='ocrx_word' id='word_1_455' title='bbox 1441 3860 1624 3914; x_wconf 79' lang='lat' dir='ltr'><strong>omnia</strong></span> <span class='ocrx_word' id='word_1_456' title='bbox 1681 3860 1839 3914; x_wconf 80' lang='lat' dir='ltr'><strong>nobis</strong></span> <span class='ocrx_word' id='word_1_457' title='bbox 1872 3861 2043 3914; x_wconf 89' lang='lat' dir='ltr'><strong>dona-</strong></span> 
     </span>
    </p>
   </div>
   <div class='ocr_carea' id='block_1_57' title="bbox 464 3946 2039 4020">
    <p class='ocr_par' dir='ltr' id='par_1_57' title="bbox 464 3946 2039 4020">
     <span class='ocr_line' id='line_1_57' title="bbox 464 3946 2039 4020; baseline 0.004 -20"><span class='ocrx_word' id='word_1_458' title='bbox 464 3946 654 4002; x_wconf 77' lang='lat' dir='ltr'><strong>bit”?</strong></span> <span class='ocrx_word' id='word_1_459' title='bbox 682 3966 701 3999; x_wconf 84' lang='grc' dir='ltr'><strong>ι</strong></span> <span class='ocrx_word' id='word_1_460' title='bbox 756 3947 895 4001; x_wconf 85' lang='lat' dir='ltr'><strong>Deus</strong></span> <span class='ocrx_word' id='word_1_461' title='bbox 937 3951 1212 4016; x_wconf 86' lang='lat' dir='ltr'><strong>quomodo</strong></span> <span class='ocrx_word' id='word_1_462' title='bbox 1239 3967 1338 4020; x_wconf 91' lang='lat' dir='ltr'><strong>pro</strong></span> <span class='ocrx_word' id='word_1_463' title='bbox 1376 3952 1530 4006; x_wconf 84' lang='lat' dir='ltr'><strong>nobis</strong></span> <span class='ocrx_word' id='word_1_464' title='bbox 1563 3952 1654 4013; x_wconf 88' lang='lat' dir='ltr'><strong>sit,</strong></span> <span class='ocrx_word' id='word_1_465' title='bbox 1692 3952 2039 4006; x_wconf 61' lang='lat' dir='ltr'><strong>manili-stum</strong></span> 
     </span>
    </p>
   </div>
   <div class='ocr_carea' id='block_1_58' title="bbox 464 4036 2040 4111">
    <p class='ocr_par' dir='ltr' id='par_1_58' title="bbox 464 4036 2040 4111">
     <span class='ocr_line' id='line_1_58' title="bbox 464 4036 2040 4111; baseline 0.005 -22"><span class='ocrx_word' id='word_1_466' title='bbox 464 4045 549 4089; x_wconf 85' lang='lat' dir='ltr'><strong>est</strong></span> <span class='ocrx_word' id='word_1_467' title='bbox 583 4051 649 4088; x_wconf 79' lang='lat' dir='ltr'><strong>ex</strong></span> <span class='ocrx_word' id='word_1_468' title='bbox 676 4036 760 4089; x_wconf 85' lang='lat' dir='ltr'><strong>his</strong></span> <span class='ocrx_word' id='word_1_469' title='bbox 784 4053 908 4105; x_wconf 75' lang='lat' dir='ltr'><strong>quae</strong></span> <span class='ocrx_word' id='word_1_470' title='bbox 938 4053 1100 4105; x_wconf 83' lang='lat' dir='ltr'><strong>supra</strong></span> <span class='ocrx_word' id='word_1_471' title='bbox 1128 4042 1398 4108; x_wconf 73' lang='lat' dir='ltr'><strong>exposuit,</strong></span> <span class='ocrx_word' id='word_1_472' title='bbox 1434 4041 1590 4095; x_wconf 90' lang='lat' dir='ltr'><strong>idest</strong></span> <span class='ocrx_word' id='word_1_473' title='bbox 1628 4041 1774 4111; x_wconf 88' lang='lat' dir='ltr'><strong>quod</strong></span> <span class='ocrx_word' id='word_1_474' title='bbox 1799 4042 2040 4111; x_wconf 78' lang='lat' dir='ltr'><strong>Spiritus</strong></span> 
     </span>
    </p>
   </div>
   <div class='ocr_carea' id='block_1_59' title="bbox 2161 1843 3745 1913">
    <p class='ocr_par' dir='ltr' id='par_1_59' title="bbox 2161 1843 3745 1913">
     <span class='ocr_line' id='line_1_59' title="bbox 2161 1843 3745 1913; baseline 0.004 -18"><span class='ocrx_word' id='word_1_475' title='bbox 2161 1844 2286 1913; x_wconf 86' lang='lat' dir='ltr'><strong>quia</strong></span> <span class='ocrx_word' id='word_1_476' title='bbox 2320 1844 2365 1898; x_wconf 90' lang='lat' dir='ltr'><strong>si</strong></span> <span class='ocrx_word' id='word_1_477' title='bbox 2393 1845 2474 1898; x_wconf 88' lang='lat' dir='ltr'><strong>sic</strong></span> <span class='ocrx_word' id='word_1_478' title='bbox 2516 1843 2656 1897; x_wconf 84' lang='lat' dir='ltr'><strong>Deus</strong></span> <span class='ocrx_word' id='word_1_479' title='bbox 2687 1859 2785 1911; x_wconf 92' lang='lat' dir='ltr'><strong>pro</strong></span> <span class='ocrx_word' id='word_1_480' title='bbox 2813 1845 2971 1899; x_wconf 87' lang='lat' dir='ltr'><strong>nobis</strong></span> <span class='ocrx_word' id='word_1_481' title='bbox 2999 1854 3105 1911; x_wconf 87' lang='lat' dir='ltr'><strong>est,</strong></span> <span class='ocrx_word' id='word_1_482' title='bbox 3134 1855 3194 1900; x_wconf 92' lang='lat' dir='ltr'><strong>ut</strong></span> <span class='ocrx_word' id='word_1_483' title='bbox 3216 1846 3332 1901; x_wconf 67' lang='lat' dir='ltr'><strong>hinc</strong></span> <span class='ocrx_word' id='word_1_484' title='bbox 3364 1846 3525 1901; x_wconf 83' lang='lat' dir='ltr'><strong>nobis</strong></span> <span class='ocrx_word' id='word_1_485' title='bbox 3546 1857 3745 1901; x_wconf 82' lang='lat' dir='ltr'><strong>cuncta</strong></span> 
     </span>
    </p>
   </div>
   <div class='ocr_carea' id='block_1_60' title="bbox 2161 1935 3743 2007">
    <p class='ocr_par' dir='ltr' id='par_1_60' title="bbox 2161 1935 3743 2007">
     <span class='ocr_line' id='line_1_60' title="bbox 2161 1935 3743 2007; baseline 0.003 -18"><span class='ocrx_word' id='word_1_486' title='bbox 2161 1936 2525 1998; x_wconf 86' lang='lat' dir='ltr'><strong>concesserit,</strong></span> <span class='ocrx_word' id='word_1_487' title='bbox 2567 1935 2691 2005; x_wconf 88' lang='lat' dir='ltr'><strong>quis</strong></span> <span class='ocrx_word' id='word_1_488' title='bbox 2724 1949 2848 1990; x_wconf 84' lang='lat' dir='ltr'><strong>esse</strong></span> <span class='ocrx_word' id='word_1_489' title='bbox 2890 1936 3178 1990; x_wconf 82' lang='lat' dir='ltr'><strong>adversum</strong></span> <span class='ocrx_word' id='word_1_490' title='bbox 3214 1952 3311 1992; x_wconf 88' lang='lat' dir='ltr'><strong>nos</strong></span> <span class='ocrx_word' id='word_1_491' title='bbox 3336 1939 3587 2007; x_wconf 75' lang='lat' dir='ltr'><strong>poterit?</strong></span> <span class='ocrx_word' id='word_1_492' title='bbox 3626 1937 3743 1993; x_wconf 74' lang='lat' dir='ltr'><strong>Non</strong></span> 
     </span>
    </p>
   </div>
   <div class='ocr_carea' id='block_1_61' title="bbox 2161 2028 3743 2096">
    <p class='ocr_par' dir='ltr' id='par_1_61' title="bbox 2161 2028 3743 2096">
     <span class='ocr_line' id='line_1_61' title="bbox 2161 2028 3743 2096; baseline 0.005 -17"><span class='ocrx_word' id='word_1_493' title='bbox 2161 2043 2268 2096; x_wconf 87' lang='lat' dir='ltr'><strong>quo</strong></span> <span class='ocrx_word' id='word_1_494' title='bbox 2307 2028 2526 2082; x_wconf 87' lang='lat' dir='ltr'><strong>omnino</strong></span> <span class='ocrx_word' id='word_1_495' title='bbox 2550 2029 2822 2083; x_wconf 79' lang='lat' dir='ltr'><strong>neminem</strong></span> <span class='ocrx_word' id='word_1_496' title='bbox 2845 2029 2999 2083; x_wconf 90' lang='lat' dir='ltr'><strong>nobis</strong></span> <span class='ocrx_word' id='word_1_497' title='bbox 3020 2044 3142 2084; x_wconf 82' lang='lat' dir='ltr'><strong>esse</strong></span> <span class='ocrx_word' id='word_1_498' title='bbox 3167 2030 3311 2084; x_wconf 83' lang='lat' dir='ltr'><strong>dicat</strong></span> <span class='ocrx_word' id='word_1_499' title='bbox 3333 2032 3743 2087; x_wconf 86' lang='lat' dir='ltr'><strong>adversarium:</strong></span> 
     </span>
    </p>
   </div>
   <div class='ocr_carea' id='block_1_62' title="bbox 2160 2120 3747 2196">
    <p class='ocr_par' dir='ltr' id='par_1_62' title="bbox 2160 2120 3747 2196">
     <span class='ocr_line' id='line_1_62' title="bbox 2160 2120 3747 2196; baseline 0.003 -22"><span class='ocrx_word' id='word_1_500' title='bbox 2160 2120 2404 2189; x_wconf 89' lang='lat' dir='ltr'><strong>alioquin</strong></span> <span class='ocrx_word' id='word_1_501' title='bbox 2444 2121 2718 2192; x_wconf 82' lang='lat' dir='ltr'><strong>quomodo</strong></span> <span class='ocrx_word' id='word_1_502' title='bbox 2749 2122 2917 2177; x_wconf 86' lang='lat' dir='ltr'><strong>stabit</strong></span> <span class='ocrx_word' id='word_1_503' title='bbox 2944 2123 3073 2177; x_wconf 91' lang='lat' dir='ltr'><strong>illud</strong></span> <span class='ocrx_word' id='word_1_504' title='bbox 3102 2122 3217 2196; x_wconf 84' lang='lat'><strong>(85)</strong></span> <span class='ocrx_word' id='word_1_505' title='bbox 3243 2127 3387 2193; x_wconf 90' lang='lat' dir='ltr'><strong>quod</strong></span> <span class='ocrx_word' id='word_1_506' title='bbox 3419 2126 3631 2178; x_wconf 88' lang='lat' dir='ltr'><strong>dictum</strong></span> <span class='ocrx_word' id='word_1_507' title='bbox 3661 2133 3747 2178; x_wconf 83' lang='lat' dir='ltr'><strong>est</strong></span> 
     </span>
    </p>
   </div>
   <div class='ocr_carea' id='block_1_63' title="bbox 2160 2209 3744 2270">
    <p class='ocr_par' dir='ltr' id='par_1_63' title="bbox 2160 2209 3744 2270">
     <span class='ocr_line' id='line_1_63' title="bbox 2160 2209 3744 2270; baseline 0.003 -6"><span class='ocrx_word' id='word_1_508' title='bbox 2160 2226 2189 2264; x_wconf 88' lang='lat' dir='ltr'><strong>a</strong></span> <span class='ocrx_word' id='word_1_509' title='bbox 2217 2209 2421 2267; x_wconf 84' lang='lat' dir='ltr'><strong>Petro:</strong></span> <span class='ocrx_word' id='word_1_510' title='bbox 2464 2231 2482 2264; x_wconf 86' lang='grc' dir='ltr'><strong>ι</strong></span> <span class='ocrx_word' id='word_1_511' title='bbox 2525 2212 2890 2267; x_wconf 78' lang='lat' dir='ltr'><strong>Adversarius</strong></span> <span class='ocrx_word' id='word_1_512' title='bbox 2945 2222 3126 2269; x_wconf 80' lang='lat' dir='ltr'><strong>vester</strong></span> <span class='ocrx_word' id='word_1_513' title='bbox 3174 2214 3425 2270; x_wconf 85' lang='lat' dir='ltr'><strong>diabolus</strong></span> <span class='ocrx_word' id='word_1_514' title='bbox 3456 2215 3603 2268; x_wconf 82' lang='lat' dir='ltr'><strong>sicut</strong></span> <span class='ocrx_word' id='word_1_515' title='bbox 3659 2214 3744 2268; x_wconf 81' lang='lat' dir='ltr'><strong>leo</strong></span> 
     </span>
    </p>
   </div>
   <div class='ocr_carea' id='block_1_64' title="bbox 2160 2304 3742 2378">
    <p class='ocr_par' dir='ltr' id='par_1_64' title="bbox 2160 2304 3742 2378">
     <span class='ocr_line' id='line_1_64' title="bbox 2160 2304 3742 2378; baseline 0.003 -23"><span class='ocrx_word' id='word_1_516' title='bbox 2160 2304 2380 2373; x_wconf 78' lang='lat' dir='ltr'><strong>rugiens</strong></span> <span class='ocrx_word' id='word_1_517' title='bbox 2414 2305 2611 2360; x_wconf 88' lang='lat' dir='ltr'><strong>circuit</strong></span> <span class='ocrx_word' id='word_1_518' title='bbox 2644 2318 2903 2376; x_wconf 59' lang='lat' dir='ltr'><strong>quarens</strong></span> <span class='ocrx_word' id='word_1_519' title='bbox 2928 2323 3088 2378; x_wconf 90' lang='lat' dir='ltr'><strong>quem</strong></span> <span class='ocrx_word' id='word_1_520' title='bbox 3120 2316 3428 2363; x_wconf 74' lang='lat' dir='ltr'><strong>transvoret</strong></span> <span class='ocrx_word' id='word_1_521' title='bbox 3455 2308 3546 2361; x_wconf 79' lang='lat'><strong>&quot;?</strong></span> <span class='ocrx_word' id='word_1_522' title='bbox 3572 2326 3592 2360; x_wconf 75' lang='grc' dir='ltr'><strong>ι</strong></span> <span class='ocrx_word' id='word_1_523' title='bbox 3636 2306 3742 2362; x_wconf 88' lang='lat' dir='ltr'><strong>Sed</strong></span> 
     </span>
    </p>
   </div>
   <div class='ocr_carea' id='block_1_65' title="bbox 2159 2395 3738 2470">
    <p class='ocr_par' dir='ltr' id='par_1_65' title="bbox 2159 2395 3738 2470">
     <span class='ocr_line' id='line_1_65' title="bbox 2159 2395 3738 2470; baseline 0.001 -20"><span class='ocrx_word' id='word_1_524' title='bbox 2159 2395 2263 2450; x_wconf 91' lang='lat' dir='ltr'><strong>hoc</strong></span> <span class='ocrx_word' id='word_1_525' title='bbox 2286 2410 2371 2451; x_wconf 71' lang='grc' dir='ltr'><strong>εει</strong></span> <span class='ocrx_word' id='word_1_526' title='bbox 2402 2398 2547 2467; x_wconf 91' lang='lat' dir='ltr'><strong>quod</strong></span> <span class='ocrx_word' id='word_1_527' title='bbox 2586 2400 2847 2464; x_wconf 89' lang='lat' dir='ltr'><strong>ostendit,</strong></span> <span class='ocrx_word' id='word_1_528' title='bbox 2880 2400 3004 2469; x_wconf 88' lang='lat' dir='ltr'><strong>quia</strong></span> <span class='ocrx_word' id='word_1_529' title='bbox 3054 2401 3165 2454; x_wconf 89' lang='lat' dir='ltr'><strong>Deo</strong></span> <span class='ocrx_word' id='word_1_530' title='bbox 3194 2409 3393 2470; x_wconf 82' lang='lat' dir='ltr'><strong>agente</strong></span> <span class='ocrx_word' id='word_1_531' title='bbox 3426 2415 3529 2469; x_wconf 89' lang='lat' dir='ltr'><strong>pro</strong></span> <span class='ocrx_word' id='word_1_532' title='bbox 3560 2398 3738 2461; x_wconf 80' lang='lat' dir='ltr'><strong>nobis.</strong></span> 
     </span>
    </p>
   </div>
   <div class='ocr_carea' id='block_1_66' title="bbox 2156 2488 3742 2560">
    <p class='ocr_par' dir='ltr' id='par_1_66' title="bbox 2156 2488 3742 2560">
     <span class='ocr_line' id='line_1_66' title="bbox 2156 2488 3742 2560; baseline 0.001 -17"><span class='ocrx_word' id='word_1_533' title='bbox 2156 2488 2577 2559; x_wconf 81' lang='lat' dir='ltr'><strong>contemptibilis</strong></span> <span class='ocrx_word' id='word_1_534' title='bbox 2621 2499 2674 2544; x_wconf 93' lang='lat' dir='ltr'><strong>et</strong></span> <span class='ocrx_word' id='word_1_535' title='bbox 2718 2492 2899 2546; x_wconf 79' lang='lat' dir='ltr'><strong>nullus</strong></span> <span class='ocrx_word' id='word_1_536' title='bbox 2949 2491 3178 2546; x_wconf 84' lang='lat' dir='ltr'><strong>ellicitttr</strong></span> <span class='ocrx_word' id='word_1_537' title='bbox 3235 2491 3348 2560; x_wconf 85' lang='lat'><strong>(86)</strong></span> <span class='ocrx_word' id='word_1_538' title='bbox 3381 2493 3742 2547; x_wconf 79' lang='lat' dir='ltr'><strong>adversarius</strong></span> 
     </span>
    </p>
   </div>
   <div class='ocr_carea' id='block_1_67' title="bbox 2155 2576 3743 2636">
    <p class='ocr_par' dir='ltr' id='par_1_67' title="bbox 2155 2576 3743 2636">
     <span class='ocr_line' id='line_1_67' title="bbox 2155 2576 3743 2636; baseline 0.002 -3"><span class='ocrx_word' id='word_1_539' title='bbox 2155 2587 2356 2633; x_wconf 78' lang='lat' dir='ltr'><strong>noster.</strong></span> <span class='ocrx_word' id='word_1_540' title='bbox 2395 2576 2655 2633; x_wconf 75' lang='lat' dir='ltr'><strong>Similiter</strong></span> <span class='ocrx_word' id='word_1_541' title='bbox 2688 2589 2868 2633; x_wconf 89' lang='lat' dir='ltr'><strong>autem</strong></span> <span class='ocrx_word' id='word_1_542' title='bbox 2889 2579 3125 2635; x_wconf 87' lang='lat' dir='ltr'><strong>etDavid</strong></span> <span class='ocrx_word' id='word_1_543' title='bbox 3154 2580 3284 2636; x_wconf 85' lang='lat' dir='ltr'><strong>dicit</strong></span> <span class='ocrx_word' id='word_1_544' title='bbox 3306 2580 3345 2611; x_wconf 84' lang='lat'>&quot;</span> <span class='ocrx_word' id='word_1_545' title='bbox 3377 2598 3391 2634; x_wconf 90' lang='lat'><strong>:</strong></span> <span class='ocrx_word' id='word_1_546' title='bbox 3431 2598 3450 2631; x_wconf 80' lang='grc' dir='ltr'><strong>ι</strong></span> <span class='ocrx_word' id='word_1_547' title='bbox 3480 2580 3743 2636; x_wconf 84' lang='lat' dir='ltr'><strong>Dominus</strong></span> 
     </span>
    </p>
   </div>
   <div class='ocr_carea' id='block_1_68' title="bbox 2157 2667 3741 2741">
    <p class='ocr_par' dir='ltr' id='par_1_68' title="bbox 2157 2667 3741 2741">
     <span class='ocr_line' id='line_1_68' title="bbox 2157 2667 3741 2741; baseline 0.002 -18"><span class='ocrx_word' id='word_1_548' title='bbox 2157 2667 2487 2725; x_wconf 89' lang='lat' dir='ltr'><strong>illutninatio</strong></span> <span class='ocrx_word' id='word_1_549' title='bbox 2547 2684 2688 2736; x_wconf 87' lang='lat' dir='ltr'><strong>mea,</strong></span> <span class='ocrx_word' id='word_1_550' title='bbox 2717 2680 2772 2724; x_wconf 90' lang='lat' dir='ltr'><strong>et</strong></span> <span class='ocrx_word' id='word_1_551' title='bbox 2804 2671 3053 2725; x_wconf 78' lang='lat' dir='ltr'><strong>Salvator</strong></span> <span class='ocrx_word' id='word_1_552' title='bbox 3077 2687 3250 2737; x_wconf 82' lang='lat' dir='ltr'><strong>meus,</strong></span> <span class='ocrx_word' id='word_1_553' title='bbox 3285 2682 3447 2741; x_wconf 82' lang='lat' dir='ltr'><strong>quem</strong></span> <span class='ocrx_word' id='word_1_554' title='bbox 3480 2671 3741 2727; x_wconf 79' lang='lat' dir='ltr'><strong>timebo?</strong></span> 
     </span>
    </p>
   </div>
   <div class='ocr_carea' id='block_1_69' title="bbox 2155 2753 3738 2833">
    <p class='ocr_par' dir='ltr' id='par_1_69' title="bbox 2155 2753 3738 2833">
     <span class='ocr_line' id='line_1_69' title="bbox 2155 2753 3738 2833; baseline -0.001 -17"><span class='ocrx_word' id='word_1_555' title='bbox 2155 2759 2414 2816; x_wconf 81' lang='lat' dir='ltr'><strong>Dutniutts</strong></span> <span class='ocrx_word' id='word_1_556' title='bbox 2437 2772 2717 2829; x_wconf 78' lang='lat' dir='ltr'><strong>protertor</strong></span> <span class='ocrx_word' id='word_1_557' title='bbox 2734 2762 2857 2815; x_wconf 63' lang='lat' dir='ltr'><strong>vita?</strong></span> <span class='ocrx_word' id='word_1_558' title='bbox 2875 2778 3024 2823; x_wconf 67' lang='lat' dir='ltr'><strong>mem,</strong></span> <span class='ocrx_word' id='word_1_559' title='bbox 3041 2777 3068 2815; x_wconf 86' lang='lat' dir='ltr'><strong>a</strong></span> <span class='ocrx_word' id='word_1_560' title='bbox 3092 2778 3199 2832; x_wconf 90' lang='lat' dir='ltr'><strong>quo</strong></span> <span class='ocrx_word' id='word_1_561' title='bbox 3228 2753 3546 2833; x_wconf 77' lang='lat' dir='ltr'><strong>trepidabo?</strong></span> <span class='ocrx_word' id='word_1_562' title='bbox 3562 2782 3584 2815; x_wconf 79' lang='grc' dir='ltr'><strong>ι</strong></span> <span class='ocrx_word' id='word_1_563' title='bbox 3620 2760 3738 2816; x_wconf 79' lang='lat' dir='ltr'><strong>Non</strong></span> 
     </span>
    </p>
   </div>
   <div class='ocr_carea' id='block_1_70' title="bbox 2151 2852 3742 2925">
    <p class='ocr_par' dir='ltr' id='par_1_70' title="bbox 2151 2852 3742 2925">
     <span class='ocr_line' id='line_1_70' title="bbox 2151 2852 3742 2925; baseline 0.001 -20"><span class='ocrx_word' id='word_1_564' title='bbox 2151 2866 2281 2921; x_wconf 86' lang='lat' dir='ltr'><strong>ergo</strong></span> <span class='ocrx_word' id='word_1_565' title='bbox 2324 2852 2529 2905; x_wconf 91' lang='lat' dir='ltr'><strong>nullum</strong></span> <span class='ocrx_word' id='word_1_566' title='bbox 2559 2853 2691 2906; x_wconf 71' lang='lat' dir='ltr'><strong>dicit</strong></span> <span class='ocrx_word' id='word_1_567' title='bbox 2724 2869 2844 2907; x_wconf 88' lang='lat' dir='ltr'><strong>esse</strong></span> <span class='ocrx_word' id='word_1_568' title='bbox 2879 2870 3039 2922; x_wconf 88' lang='lat' dir='ltr'><strong>quem</strong></span> <span class='ocrx_word' id='word_1_569' title='bbox 3071 2863 3295 2916; x_wconf 89' lang='lat' dir='ltr'><strong>metuat.</strong></span> <span class='ocrx_word' id='word_1_570' title='bbox 3333 2863 3391 2908; x_wconf 87' lang='lat' dir='ltr'><strong>et</strong></span> <span class='ocrx_word' id='word_1_571' title='bbox 3423 2854 3519 2925; x_wconf 89' lang='lat' dir='ltr'><strong>qui</strong></span> <span class='ocrx_word' id='word_1_572' title='bbox 3551 2856 3742 2909; x_wconf 82' lang='lat' dir='ltr'><strong>adver-</strong></span> 
     </span>
    </p>
   </div>
   <div class='ocr_carea' id='block_1_71' title="bbox 2151 2940 3740 3014">
    <p class='ocr_par' dir='ltr' id='par_1_71' title="bbox 2151 2940 3740 3014">
     <span class='ocr_line' id='line_1_71' title="bbox 2151 2940 3740 3014; baseline 0 -19"><span class='ocrx_word' id='word_1_573' title='bbox 2151 2950 2302 2996; x_wconf 84' lang='lat' dir='ltr'><strong>setur</strong></span> <span class='ocrx_word' id='word_1_574' title='bbox 2332 2940 2404 3003; x_wconf 87' lang='lat' dir='ltr'><strong>ei,</strong></span> <span class='ocrx_word' id='word_1_575' title='bbox 2446 2940 2541 2995; x_wconf 88' lang='lat' dir='ltr'><strong>sed</strong></span> <span class='ocrx_word' id='word_1_576' title='bbox 2576 2945 2847 3011; x_wconf 87' lang='lat' dir='ltr'><strong>quamvis,</strong></span> <span class='ocrx_word' id='word_1_577' title='bbox 2898 2944 3106 3011; x_wconf 89' lang='lat' dir='ltr'><strong>inquit,</strong></span> <span class='ocrx_word' id='word_1_578' title='bbox 3148 2961 3168 2995; x_wconf 87' lang='grc' dir='ltr'><strong>ι</strong></span> <span class='ocrx_word' id='word_1_579' title='bbox 3199 2945 3523 3014; x_wconf 89' lang='lat' dir='ltr'><strong>appropient</strong></span> <span class='ocrx_word' id='word_1_580' title='bbox 3571 2960 3740 3013; x_wconf 76' lang='lat' dir='ltr'><strong>super</strong></span> 
     </span>
    </p>
   </div>
   <div class='ocr_carea' id='block_1_72' title="bbox 2153 3032 3736 3103">
    <p class='ocr_par' dir='ltr' id='par_1_72' title="bbox 2153 3032 3736 3103">
     <span class='ocr_line' id='line_1_72' title="bbox 2153 3032 3736 3103; baseline 0.001 -16"><span class='ocrx_word' id='word_1_581' title='bbox 2153 3047 2242 3087; x_wconf 92' lang='lat' dir='ltr'><strong>me</strong></span> <span class='ocrx_word' id='word_1_582' title='bbox 2270 3041 2327 3085; x_wconf 91' lang='lat' dir='ltr'><strong>ut</strong></span> <span class='ocrx_word' id='word_1_583' title='bbox 2354 3032 2521 3087; x_wconf 89' lang='lat' dir='ltr'><strong>edant</strong></span> <span class='ocrx_word' id='word_1_584' title='bbox 2544 3048 2738 3088; x_wconf 80' lang='lat' dir='ltr'><strong>carnes</strong></span> <span class='ocrx_word' id='word_1_585' title='bbox 2771 3049 2917 3088; x_wconf 89' lang='lat' dir='ltr'><strong>meas</strong></span> <span class='ocrx_word' id='word_1_586' title='bbox 2944 3034 3035 3103; x_wconf 91' lang='lat' dir='ltr'><strong>qui</strong></span> <span class='ocrx_word' id='word_1_587' title='bbox 3083 3034 3350 3089; x_wconf 89' lang='lat' dir='ltr'><strong>tribulant</strong></span> <span class='ocrx_word' id='word_1_588' title='bbox 3384 3050 3473 3089; x_wconf 87' lang='lat' dir='ltr'><strong>me</strong></span> <span class='ocrx_word' id='word_1_589' title='bbox 3520 3035 3736 3089; x_wconf 85' lang='lat' dir='ltr'><strong>inimici</strong></span> 
     </span>
    </p>
   </div>
   <div class='ocr_carea' id='block_1_73' title="bbox 2157 3123 3733 3189">
    <p class='ocr_par' dir='ltr' id='par_1_73' title="bbox 2157 3123 3733 3189">
     <span class='ocr_line' id='line_1_73' title="bbox 2157 3123 3733 3189; baseline 0.003 -12"><span class='ocrx_word' id='word_1_590' title='bbox 2157 3123 2260 3177; x_wconf 90' lang='lat' dir='ltr'><strong>mei</strong></span> <span class='ocrx_word' id='word_1_591' title='bbox 2297 3124 2361 3187; x_wconf 79' lang='lat'><strong>“,</strong></span> <span class='ocrx_word' id='word_1_592' title='bbox 2400 3143 2419 3176; x_wconf 79' lang='grc' dir='ltr'><strong>ι</strong></span> <span class='ocrx_word' id='word_1_593' title='bbox 2462 3132 2642 3178; x_wconf 89' lang='lat' dir='ltr'><strong>tamen</strong></span> <span class='ocrx_word' id='word_1_594' title='bbox 2677 3125 2907 3179; x_wconf 90' lang='lat' dir='ltr'><strong>Domino</strong></span> <span class='ocrx_word' id='word_1_595' title='bbox 2941 3124 3267 3181; x_wconf 81' lang='lat' dir='ltr'><strong>defendente</strong></span> <span class='ocrx_word' id='word_1_596' title='bbox 3315 3127 3481 3182; x_wconf 82' lang='lat' dir='ltr'><strong>vitam</strong></span> <span class='ocrx_word' id='word_1_597' title='bbox 3528 3141 3733 3189; x_wconf 69' lang='lat' dir='ltr'><strong>meam.</strong></span> 
     </span>
    </p>
   </div>
   <div class='ocr_carea' id='block_1_74' title="bbox 2157 3214 3732 3289">
    <p class='ocr_par' dir='ltr' id='par_1_74' title="bbox 2157 3214 3732 3289">
     <span class='ocr_line' id='line_1_74' title="bbox 2157 3214 3732 3289; baseline 0.003 -22"><span class='ocrx_word' id='word_1_598' title='bbox 2157 3232 2177 3267; x_wconf 82' lang='grc' dir='ltr'><strong>ι</strong></span> <span class='ocrx_word' id='word_1_599' title='bbox 2210 3214 2465 3269; x_wconf 77' lang='lat' dir='ltr'><strong>inﬁrmati</strong></span> <span class='ocrx_word' id='word_1_600' title='bbox 2496 3214 2609 3286; x_wconf 89' lang='lat'><strong>(87)</strong></span> <span class='ocrx_word' id='word_1_601' title='bbox 2647 3224 2798 3280; x_wconf 79' lang='lat' dir='ltr'><strong>sunt,</strong></span> <span class='ocrx_word' id='word_1_602' title='bbox 2827 3224 2881 3270; x_wconf 88' lang='lat' dir='ltr'><strong>et</strong></span> <span class='ocrx_word' id='word_1_603' title='bbox 2917 3217 3285 3273; x_wconf 63' lang='lat' dir='ltr'><strong>cecideruuta</strong></span> <span class='ocrx_word' id='word_1_604' title='bbox 3326 3220 3425 3273; x_wconf 87' lang='lat' dir='ltr'><strong>Dat</strong></span> <span class='ocrx_word' id='word_1_605' title='bbox 3467 3232 3732 3289; x_wconf 45' lang='lat' dir='ltr'><strong>praeterea</strong></span> 
     </span>
    </p>
   </div>
   <div class='ocr_carea' id='block_1_75' title="bbox 2154 3303 3729 3375">
    <p class='ocr_par' dir='ltr' id='par_1_75' title="bbox 2154 3303 3729 3375">
     <span class='ocr_line' id='line_1_75' title="bbox 2154 3303 3729 3375; baseline 0.008 -18"><span class='ocrx_word' id='word_1_606' title='bbox 2154 3303 2410 3357; x_wconf 85' lang='lat' dir='ltr'><strong>iudicium</strong></span> <span class='ocrx_word' id='word_1_607' title='bbox 2443 3304 2739 3357; x_wconf 76' lang='lat' dir='ltr'><strong>maximum</strong></span> <span class='ocrx_word' id='word_1_608' title='bbox 2786 3303 3026 3373; x_wconf 87' lang='lat' dir='ltr'><strong>ingentis</strong></span> <span class='ocrx_word' id='word_1_609' title='bbox 3069 3312 3199 3375; x_wconf 78' lang='lat' dir='ltr'><strong>erga</strong></span> <span class='ocrx_word' id='word_1_610' title='bbox 3241 3322 3339 3362; x_wconf 90' lang='lat' dir='ltr'><strong>nos</strong></span> <span class='ocrx_word' id='word_1_611' title='bbox 3369 3310 3581 3363; x_wconf 90' lang='lat' dir='ltr'><strong>amoris</strong></span> <span class='ocrx_word' id='word_1_612' title='bbox 3616 3311 3729 3369; x_wconf 87' lang='lat' dir='ltr'><strong>Dei.</strong></span> 
     </span>
    </p>
   </div>
   <div class='ocr_carea' id='block_1_76' title="bbox 2153 3386 3733 3472">
    <p class='ocr_par' dir='ltr' id='par_1_76' title="bbox 2153 3386 3733 3472">
     <span class='ocr_line' id='line_1_76' title="bbox 2153 3386 3733 3472; baseline 0.008 -27"><span class='ocrx_word' id='word_1_613' title='bbox 2153 3396 2244 3465; x_wconf 90' lang='lat' dir='ltr'><strong>qui</strong></span> <span class='ocrx_word' id='word_1_614' title='bbox 2274 3395 2327 3448; x_wconf 89' lang='lat' dir='ltr'><strong>itt</strong></span> <span class='ocrx_word' id='word_1_615' title='bbox 2358 3404 2590 3459; x_wconf 88' lang='lat' dir='ltr'><strong>tantum,</strong></span> <span class='ocrx_word' id='word_1_616' title='bbox 2630 3395 2805 3464; x_wconf 88' lang='lat' dir='ltr'><strong>inquit</strong></span> <span class='ocrx_word' id='word_1_617' title='bbox 2829 3386 2894 3460; x_wconf 69' lang='grc' dir='ltr'><strong>η,</strong></span> <span class='ocrx_word' id='word_1_618' title='bbox 2935 3413 3032 3451; x_wconf 90' lang='lat' dir='ltr'><strong>nos</strong></span> <span class='ocrx_word' id='word_1_619' title='bbox 3074 3401 3292 3467; x_wconf 77' lang='lat' dir='ltr'><strong>dilexit,</strong></span> <span class='ocrx_word' id='word_1_620' title='bbox 3324 3412 3382 3454; x_wconf 92' lang='lat' dir='ltr'><strong>ut</strong></span> <span class='ocrx_word' id='word_1_621' title='bbox 3420 3418 3521 3456; x_wconf 84' lang='lat' dir='ltr'><strong>nec</strong></span> <span class='ocrx_word' id='word_1_622' title='bbox 3556 3422 3575 3454; x_wconf 81' lang='grc' dir='ltr'><strong>ι</strong></span> <span class='ocrx_word' id='word_1_623' title='bbox 3608 3410 3733 3472; x_wconf 55' lang='lat' dir='ltr'><strong>pro.</strong></span> 
     </span>
    </p>
   </div>
   <div class='ocr_carea' id='block_1_77' title="bbox 2153 3486 3726 3566">
    <p class='ocr_par' dir='ltr' id='par_1_77' title="bbox 2153 3486 3726 3566">
     <span class='ocr_line' id='line_1_77' title="bbox 2153 3486 3726 3566; baseline 0.007 -26"><span class='ocrx_word' id='word_1_624' title='bbox 2153 3490 2270 3556; x_wconf 87' lang='lat' dir='ltr'><strong>prio</strong></span> <span class='ocrx_word' id='word_1_625' title='bbox 2286 3489 2423 3543; x_wconf 79' lang='lat' dir='ltr'><strong>Filio</strong></span> <span class='ocrx_word' id='word_1_626' title='bbox 2442 3504 2541 3544; x_wconf 90' lang='lat' dir='ltr'><strong>suo</strong></span> <span class='ocrx_word' id='word_1_627' title='bbox 2570 3507 2592 3544; x_wconf 78' lang='grc' dir='ltr'><strong>ι</strong></span> <span class='ocrx_word' id='word_1_628' title='bbox 2621 3490 2942 3560; x_wconf 83' lang='lat' dir='ltr'><strong>pepercerit,</strong></span> <span class='ocrx_word' id='word_1_629' title='bbox 2972 3512 2990 3545; x_wconf 83' lang='grc' dir='ltr'><strong>ι</strong></span> <span class='ocrx_word' id='word_1_630' title='bbox 3018 3486 3112 3549; x_wconf 80' lang='lat' dir='ltr'><strong>sed</strong></span> <span class='ocrx_word' id='word_1_631' title='bbox 3136 3512 3232 3566; x_wconf 83' lang='lat' dir='ltr'><strong>pro</strong></span> <span class='ocrx_word' id='word_1_632' title='bbox 3262 3497 3419 3551; x_wconf 86' lang='lat' dir='ltr'><strong>nobis</strong></span> <span class='ocrx_word' id='word_1_633' title='bbox 3443 3500 3726 3553; x_wconf 65' lang='lat' dir='ltr'><strong>omnibus:</strong></span> 
     </span>
    </p>
   </div>
   <div class='ocr_carea' id='block_1_78' title="bbox 2153 3582 3729 3659">
    <p class='ocr_par' dir='ltr' id='par_1_78' title="bbox 2153 3582 3729 3659">
     <span class='ocr_line' id='line_1_78' title="bbox 2153 3582 3729 3659; baseline 0.006 -23"><span class='ocrx_word' id='word_1_634' title='bbox 2153 3584 2219 3636; x_wconf 92' lang='lat' dir='ltr'><strong>ad</strong></span> <span class='ocrx_word' id='word_1_635' title='bbox 2262 3584 2573 3652; x_wconf 88' lang='lat' dir='ltr'><strong>passionem</strong></span> <span class='ocrx_word' id='word_1_636' title='bbox 2606 3587 2890 3641; x_wconf 86' lang='lat' dir='ltr'><strong>tradiderit</strong></span> <span class='ocrx_word' id='word_1_637' title='bbox 2944 3603 2965 3639; x_wconf 84' lang='grc' dir='ltr'><strong>ι</strong></span> <span class='ocrx_word' id='word_1_638' title='bbox 3006 3602 3128 3642; x_wconf 89' lang='lat' dir='ltr'><strong>eum</strong></span> <span class='ocrx_word' id='word_1_639' title='bbox 3157 3583 3292 3659; x_wconf 57' lang='grc' dir='ltr'><strong>(με).</strong></span> <span class='ocrx_word' id='word_1_640' title='bbox 3331 3608 3349 3642; x_wconf 79' lang='grc' dir='ltr'><strong>ι</strong></span> <span class='ocrx_word' id='word_1_641' title='bbox 3409 3582 3475 3644; x_wconf 80' lang='lat' dir='ltr'><strong>Et</strong></span> <span class='ocrx_word' id='word_1_642' title='bbox 3505 3600 3565 3644; x_wconf 90' lang='lat' dir='ltr'><strong>ut</strong></span> <span class='ocrx_word' id='word_1_643' title='bbox 3610 3598 3729 3645; x_wconf 76' lang='lat' dir='ltr'><strong>aia-</strong></span> 
     </span>
    </p>
   </div>
   <div class='ocr_carea' id='block_1_79' title="bbox 2147 3671 3723 3748">
    <p class='ocr_par' dir='ltr' id='par_1_79' title="bbox 2147 3671 3723 3748">
     <span class='ocr_line' id='line_1_79' title="bbox 2147 3671 3723 3748; baseline 0.005 -23"><span class='ocrx_word' id='word_1_644' title='bbox 2147 3672 2272 3743; x_wconf 85' lang='lat' dir='ltr'><strong>jore</strong></span> <span class='ocrx_word' id='word_1_645' title='bbox 2319 3688 2420 3728; x_wconf 89' lang='lat' dir='ltr'><strong>uos</strong></span> <span class='ocrx_word' id='word_1_646' title='bbox 2462 3673 2829 3732; x_wconf 88' lang='lat' dir='ltr'><strong>admiratione</strong></span> <span class='ocrx_word' id='word_1_647' title='bbox 2867 3679 3304 3748; x_wconf 84' lang='lat' dir='ltr'><strong>constringeret,</strong></span> <span class='ocrx_word' id='word_1_648' title='bbox 3346 3671 3556 3734; x_wconf 79' lang='lat' dir='ltr'><strong>addidit</strong></span> <span class='ocrx_word' id='word_1_649' title='bbox 3608 3696 3723 3735; x_wconf 61' lang='lat' dir='ltr'><strong>ser.</strong></span> 
     </span>
    </p>
   </div>
   <div class='ocr_carea' id='block_1_80' title="bbox 2154 3766 3724 3842">
    <p class='ocr_par' dir='ltr' id='par_1_80' title="bbox 2154 3766 3724 3842">
     <span class='ocr_line' id='line_1_80' title="bbox 2154 3766 3724 3842; baseline 0.006 -24"><span class='ocrx_word' id='word_1_650' title='bbox 2154 3780 2367 3820; x_wconf 79' lang='lat' dir='ltr'><strong>mortem</strong></span> <span class='ocrx_word' id='word_1_651' title='bbox 2389 3766 2628 3836; x_wconf 89' lang='lat' dir='ltr'><strong>ingentis</strong></span> <span class='ocrx_word' id='word_1_652' title='bbox 2650 3768 2839 3823; x_wconf 89' lang='lat' dir='ltr'><strong>arcani</strong></span> <span class='ocrx_word' id='word_1_653' title='bbox 2871 3770 3149 3824; x_wconf 88' lang='lat' dir='ltr'><strong>conscium</strong></span> <span class='ocrx_word' id='word_1_654' title='bbox 3183 3771 3390 3832; x_wconf 86' lang='lat' dir='ltr'><strong>dicens,</strong></span> <span class='ocrx_word' id='word_1_655' title='bbox 3411 3773 3542 3841; x_wconf 89' lang='lat' dir='ltr'><strong>quia</strong></span> <span class='ocrx_word' id='word_1_656' title='bbox 3564 3792 3582 3824; x_wconf 90' lang='grc' dir='ltr'><strong>ι</strong></span> <span class='ocrx_word' id='word_1_657' title='bbox 3607 3788 3724 3842; x_wconf 87' lang='lat' dir='ltr'><strong>pro-</strong></span> 
     </span>
    </p>
   </div>
   <div class='ocr_carea' id='block_1_81' title="bbox 2151 3855 3719 3931">
    <p class='ocr_par' dir='ltr' id='par_1_81' title="bbox 2151 3855 3719 3931">
     <span class='ocr_line' id='line_1_81' title="bbox 2151 3855 3719 3931; baseline 0.006 -22"><span class='ocrx_word' id='word_1_658' title='bbox 2151 3855 2273 3926; x_wconf 91' lang='lat' dir='ltr'><strong>prio</strong></span> <span class='ocrx_word' id='word_1_659' title='bbox 2299 3856 2439 3912; x_wconf 86' lang='lat' dir='ltr'><strong>Filio</strong></span> <span class='ocrx_word' id='word_1_660' title='bbox 2482 3872 2582 3913; x_wconf 88' lang='lat' dir='ltr'><strong>suo</strong></span> <span class='ocrx_word' id='word_1_661' title='bbox 2613 3874 2716 3914; x_wconf 92' lang='lat' dir='ltr'><strong>non</strong></span> <span class='ocrx_word' id='word_1_662' title='bbox 2747 3862 3010 3931; x_wconf 90' lang='lat' dir='ltr'><strong>pepercit.</strong></span> <span class='ocrx_word' id='word_1_663' title='bbox 3048 3878 3066 3913; x_wconf 78' lang='grc'><strong>»</strong></span> <span class='ocrx_word' id='word_1_664' title='bbox 3108 3861 3327 3919; x_wconf 77' lang='lat' dir='ltr'><strong>Dixerat</strong></span> <span class='ocrx_word' id='word_1_665' title='bbox 3366 3865 3514 3918; x_wconf 89' lang='lat' dir='ltr'><strong>enim</strong></span> <span class='ocrx_word' id='word_1_666' title='bbox 3564 3880 3719 3931; x_wconf 86' lang='lat' dir='ltr'><strong>supe-</strong></span> 
     </span>
    </p>
   </div>
   <div class='ocr_carea' id='block_1_82' title="bbox 2150 3947 3718 4025">
    <p class='ocr_par' dir='ltr' id='par_1_82' title="bbox 2150 3947 3718 4025">
     <span class='ocr_line' id='line_1_82' title="bbox 2150 3947 3718 4025; baseline 0.004 -23"><span class='ocrx_word' id='word_1_667' title='bbox 2150 3947 2266 4002; x_wconf 88' lang='lat' dir='ltr'><strong>rius</strong></span> <span class='ocrx_word' id='word_1_668' title='bbox 2301 3948 2365 4013; x_wconf 76' lang='lat'><strong>“,</strong></span> <span class='ocrx_word' id='word_1_669' title='bbox 2420 3950 2545 4018; x_wconf 85' lang='lat' dir='ltr'><strong>quia</strong></span> <span class='ocrx_word' id='word_1_670' title='bbox 2602 3950 2767 4006; x_wconf 87' lang='lat' dir='ltr'><strong>etiam</strong></span> <span class='ocrx_word' id='word_1_671' title='bbox 2825 3968 2925 4007; x_wconf 89' lang='lat' dir='ltr'><strong>nos</strong></span> <span class='ocrx_word' id='word_1_672' title='bbox 2971 3954 3065 4023; x_wconf 91' lang='lat' dir='ltr'><strong>qui</strong></span> <span class='ocrx_word' id='word_1_673' title='bbox 3118 3954 3372 4023; x_wconf 89' lang='lat' dir='ltr'><strong>spiritum</strong></span> <span class='ocrx_word' id='word_1_674' title='bbox 3419 3955 3718 4025; x_wconf 83' lang='lat' dir='ltr'><strong>adeptionis</strong></span> 
     </span>
    </p>
   </div>
   <div class='ocr_carea' id='block_1_83' title="bbox 2148 4040 3713 4115">
    <p class='ocr_par' dir='ltr' id='par_1_83' title="bbox 2148 4040 3713 4115">
     <span class='ocr_line' id='line_1_83' title="bbox 2148 4040 3713 4115; baseline 0.003 -22"><span class='ocrx_word' id='word_1_675' title='bbox 2148 4040 2473 4110; x_wconf 75' lang='lat' dir='ltr'><strong>accipimus,</strong></span> <span class='ocrx_word' id='word_1_676' title='bbox 2502 4040 2597 4096; x_wconf 85' lang='lat' dir='ltr'><strong>lilii</strong></span> <span class='ocrx_word' id='word_1_677' title='bbox 2629 4040 2723 4097; x_wconf 91' lang='lat' dir='ltr'><strong>Dei</strong></span> <span class='ocrx_word' id='word_1_678' title='bbox 2769 4057 2975 4098; x_wconf 86' lang='lat' dir='ltr'><strong>sumus.</strong></span> <span class='ocrx_word' id='word_1_679' title='bbox 3031 4042 3109 4099; x_wconf 86' lang='lat' dir='ltr'><strong>Ne</strong></span> <span class='ocrx_word' id='word_1_680' title='bbox 3137 4058 3269 4115; x_wconf 85' lang='lat' dir='ltr'><strong>ergo</strong></span> <span class='ocrx_word' id='word_1_681' title='bbox 3308 4046 3588 4099; x_wconf 88' lang='lat' dir='ltr'><strong>communi</strong></span> <span class='ocrx_word' id='word_1_682' title='bbox 3621 4046 3713 4098; x_wconf 83' lang='lat' dir='ltr'><strong>ista</strong></span> 
     </span>
    </p>
   </div>
   <div class='ocr_carea' id='block_1_84' title="bbox 532 4158 2049 4241">
    <p class='ocr_par' dir='ltr' id='par_1_84' title="bbox 532 4158 2049 4241">
     <span class='ocr_line' id='line_1_84' title="bbox 532 4158 2049 4241; baseline 0.012 -32"><span class='ocrx_word' id='word_1_683' title='bbox 532 4161 576 4191; x_wconf 81' lang='lat'><strong>&quot;</strong></span> <span class='ocrx_word' id='word_1_684' title='bbox 606 4158 836 4241; x_wconf 50' lang='lat' dir='ltr'><strong>ll.Cor._</strong></span> <span class='ocrx_word' id='word_1_685' title='bbox 862 4176 938 4241; x_wconf 39' lang='lat' dir='ltr'><strong>v.‘_</strong></span> <span class='ocrx_word' id='word_1_686' title='bbox 969 4162 1080 4241; x_wconf 40' lang='lat'><strong>2|;</strong></span> <span class='ocrx_word' id='word_1_687' title='bbox 1124 4165 1383 4241; x_wconf 44' lang='grc' dir='ltr'><strong>χήμας.</strong></span> <span class='ocrx_word' id='word_1_688' title='bbox 1415 4182 1532 4241; x_wconf 83' lang='lat' dir='ltr'><strong>vttt,</strong></span> <span class='ocrx_word' id='word_1_689' title='bbox 1556 4169 1613 4241; x_wconf 72' lang='grc'><strong>5.</strong></span> <span class='ocrx_word' id='word_1_690' title='bbox 1668 4171 1738 4241; x_wconf 46' lang='grc' dir='ltr'><strong>ξι</strong></span> <span class='ocrx_word' id='word_1_691' title='bbox 1765 4168 1809 4223; x_wconf 86' lang='grc' dir='ltr'><strong>ιι</strong></span> <span class='ocrx_word' id='word_1_692' title='bbox 1834 4171 1962 4225; x_wconf 76' lang='lat' dir='ltr'><strong>Cur.</strong></span> <span class='ocrx_word' id='word_1_693' title='bbox 2000 4188 2049 4227; x_wconf 86' lang='grc' dir='ltr'><strong>ιιι</strong></span> 
     </span>
    </p>
   </div>
   <div class='ocr_carea' id='block_1_85' title="bbox 2158 4158 3710 4241">
    <p class='ocr_par' dir='ltr' id='par_1_85' title="bbox 2158 4171 3710 4241">
     <span class='ocr_line' id='line_1_85' title="bbox 2158 4171 3710 4241; baseline 0 -15"><span class='ocrx_word' id='word_1_694' title='bbox 2158 4172 2204 4227; x_wconf 78' lang='grc' dir='ltr'><strong>Β.</strong></span> <span class='ocrx_word' id='word_1_695' title='bbox 2278 4173 2325 4206; x_wconf 78' lang='grc'><strong><em>⁸⁵</em></strong></span> <span class='ocrx_word' id='word_1_696' title='bbox 2356 4171 2374 4227; x_wconf 83' lang='grc'><strong>1</strong></span> <span class='ocrx_word' id='word_1_697' title='bbox 2403 4173 2532 4229; x_wconf 91' lang='lat' dir='ltr'><strong>Cor.</strong></span> <span class='ocrx_word' id='word_1_698' title='bbox 2560 4189 2654 4241; x_wconf 76' lang='lat' dir='ltr'><strong>av,</strong></span> <span class='ocrx_word' id='word_1_699' title='bbox 2688 4173 2779 4230; x_wconf 61' lang='lat'><strong>£5.</strong></span> <span class='ocrx_word' id='word_1_700' title='bbox 2800 4175 2847 4207; x_wconf 83' lang='lat'><strong>&quot;</strong></span> <span class='ocrx_word' id='word_1_701' title='bbox 2882 4175 3011 4228; x_wconf 86' lang='lat' dir='ltr'><strong>ibid.</strong></span> <span class='ocrx_word' id='word_1_702' title='bbox 3043 4175 3135 4231; x_wconf 69' lang='lat' dir='ltr'><strong>ll.</strong></span> <span class='ocrx_word' id='word_1_703' title='bbox 3209 4175 3255 4208; x_wconf 84' lang='lat'><strong>&quot;</strong></span> <span class='ocrx_word' id='word_1_704' title='bbox 3299 4173 3458 4230; x_wconf 79' lang='lat' dir='ltr'><strong>Rom.</strong></span> <span class='ocrx_word' id='word_1_705' title='bbox 3491 4191 3606 4238; x_wconf 81' lang='lat' dir='ltr'><strong>vtu,</strong></span> <span class='ocrx_word' id='word_1_706' title='bbox 3628 4176 3710 4241; x_wconf 78' lang='lat' dir='ltr'><strong>5t,</strong></span> 
     </span>
    </p>
   </div>
   <div class='ocr_carea' id='block_1_86' title="bbox 462 4228 1744 4294">
    <p class='ocr_par' dir='ltr' id='par_1_86' title="bbox 462 4228 1744 4294">
     <span class='ocr_line' id='line_1_86' title="bbox 462 4228 1744 4294; baseline 0.009 -11"><span class='ocrx_word' id='word_1_707' title='bbox 462 4229 551 4283; x_wconf 66' lang='lat' dir='ltr'><strong>se.</strong></span> <span class='ocrx_word' id='word_1_708' title='bbox 628 4228 677 4263; x_wconf 72' lang='grc' dir='ltr'><strong>ν·</strong></span> <span class='ocrx_word' id='word_1_709' title='bbox 732 4231 862 4284; x_wconf 57' lang='lat' dir='ltr'><strong>iniit.</strong></span> <span class='ocrx_word' id='word_1_710' title='bbox 908 4232 960 4285; x_wconf 86' lang='lat'><strong>9.</strong></span> <span class='ocrx_word' id='word_1_711' title='bbox 1038 4234 1082 4265; x_wconf 75' lang='grc' dir='ltr'><strong>σο</strong></span> <span class='ocrx_word' id='word_1_712' title='bbox 1124 4235 1251 4288; x_wconf 84' lang='lat' dir='ltr'><strong>ibid.</strong></span> <span class='ocrx_word' id='word_1_713' title='bbox 1293 4237 1374 4291; x_wconf 86' lang='grc' dir='ltr'><strong>ιο.</strong></span> <span class='ocrx_word' id='word_1_714' title='bbox 1451 4228 1625 4291; x_wconf 79' lang='lat' dir='ltr'><strong>‘ibid.</strong></span> <span class='ocrx_word' id='word_1_715' title='bbox 1660 4239 1744 4294; x_wconf 89' lang='lat' dir='ltr'><strong>tt.</strong></span> 
     </span>
    </p>
   </div>
   <div class='ocr_carea' id='block_1_87' title="bbox 462 4298 1678 4368">
    <p class='ocr_par' dir='ltr' id='par_1_87' title="bbox 462 4298 1678 4368">
     <span class='ocr_line' id='line_1_87' title="bbox 462 4298 1678 4368; baseline 0.011 -17"><span class='ocrx_word' id='word_1_716' title='bbox 462 4300 482 4328; x_wconf 91' lang='lat'>&quot;</span> <span class='ocrx_word' id='word_1_717' title='bbox 520 4301 645 4354; x_wconf 88' lang='lat' dir='ltr'><strong>ibid.</strong></span> <span class='ocrx_word' id='word_1_718' title='bbox 695 4298 785 4353; x_wconf 73' lang='grc'><strong>28.</strong></span> <span class='ocrx_word' id='word_1_719' title='bbox 860 4302 882 4333; x_wconf 85' lang='grc'><strong>⁸</strong></span> <span class='ocrx_word' id='word_1_720' title='bbox 913 4303 1041 4356; x_wconf 84' lang='lat' dir='ltr'><strong>ibid.</strong></span> <span class='ocrx_word' id='word_1_721' title='bbox 1084 4303 1173 4368; x_wconf 73' lang='lat' dir='ltr'><strong>2i,</strong></span> <span class='ocrx_word' id='word_1_722' title='bbox 1212 4304 1302 4359; x_wconf 79' lang='lat'><strong>50.</strong></span> <span class='ocrx_word' id='word_1_723' title='bbox 1378 4308 1398 4339; x_wconf 81' lang='lat'>&#39;</span> <span class='ocrx_word' id='word_1_724' title='bbox 1429 4306 1559 4362; x_wconf 88' lang='lat' dir='ltr'><strong>ibid.</strong></span> <span class='ocrx_word' id='word_1_725' title='bbox 1589 4309 1678 4364; x_wconf 82' lang='lat'><strong>5|.</strong></span> 
     </span>
    </p>
   </div>
   <div class='ocr_carea' id='block_1_88' title="bbox 464 4369 919 4434">
    <p class='ocr_par' dir='ltr' id='par_1_88' title="bbox 464 4369 919 4434">
     <span class='ocr_line' id='line_1_88' title="bbox 464 4369 919 4434; baseline 0.011 -12"><span class='ocrx_word' id='word_1_726' title='bbox 464 4369 509 4399; x_wconf 80' lang='lat'><strong>&quot;</strong></span> <span class='ocrx_word' id='word_1_727' title='bbox 534 4372 662 4425; x_wconf 88' lang='lat' dir='ltr'><strong>ibid.</strong></span> <span class='ocrx_word' id='word_1_728' title='bbox 701 4370 788 4434; x_wconf 81' lang='lat' dir='ltr'><strong>l5,</strong></span> <span class='ocrx_word' id='word_1_729' title='bbox 832 4372 919 4428; x_wconf 80' lang='grc'><strong>16.</strong></span> 
     </span>
    </p>
   </div>
   <div class='ocr_carea' id='block_1_89' title="bbox 1825 4242 2951 4307">
    <p class='ocr_par' dir='ltr' id='par_1_89' title="bbox 1825 4242 2951 4307">
     <span class='ocr_line' id='line_1_89' title="bbox 1825 4242 2951 4307; baseline 0.004 -15"><span class='ocrx_word' id='word_1_730' title='bbox 1825 4243 1844 4271; x_wconf 85' lang='grc'>¹</span> <span class='ocrx_word' id='word_1_731' title='bbox 1870 4243 1998 4296; x_wconf 85' lang='lat' dir='ltr'><strong>ibid.</strong></span> <span class='ocrx_word' id='word_1_732' title='bbox 2031 4243 2119 4307; x_wconf 65' lang='lat' dir='ltr'><strong>l4,</strong></span> <span class='ocrx_word' id='word_1_733' title='bbox 2144 4243 2230 4298; x_wconf 75' lang='grc'><strong>15.</strong></span> <span class='ocrx_word' id='word_1_734' title='bbox 2309 4244 2330 4276; x_wconf 86' lang='grc'><em>³</em></span> <span class='ocrx_word' id='word_1_735' title='bbox 2355 4242 2594 4298; x_wconf 79' lang='lat' dir='ltr'><strong>ibid.l7.</strong></span> <span class='ocrx_word' id='word_1_736' title='bbox 2672 4245 2827 4299; x_wconf 61' lang='lat' dir='ltr'><strong>‘ibid.</strong></span> <span class='ocrx_word' id='word_1_737' title='bbox 2858 4244 2951 4298; x_wconf 72' lang='grc'><strong>25.</strong></span> 
     </span>
    </p>
   </div>
   <div class='ocr_carea' id='block_1_90' title="bbox 1760 4309 2780 4382">
    <p class='ocr_par' dir='ltr' id='par_1_90' title="bbox 1760 4309 2780 4382">
     <span class='ocr_line' id='line_1_90' title="bbox 1760 4309 2780 4382; baseline 0.002 -17"><span class='ocrx_word' id='word_1_738' title='bbox 1760 4312 1803 4342; x_wconf 87' lang='grc'><strong>¹⁶</strong></span> <span class='ocrx_word' id='word_1_739' title='bbox 1838 4309 2029 4367; x_wconf 84' lang='lat' dir='ltr'><strong>lPetr.</strong></span> <span class='ocrx_word' id='word_1_740' title='bbox 2063 4328 2117 4380; x_wconf 87' lang='lat' dir='ltr'><strong>v,</strong></span> <span class='ocrx_word' id='word_1_741' title='bbox 2158 4313 2213 4369; x_wconf 92' lang='lat'><strong>8.</strong></span> <span class='ocrx_word' id='word_1_742' title='bbox 2290 4315 2331 4346; x_wconf 82' lang='grc'>¹¹</span> <span class='ocrx_word' id='word_1_743' title='bbox 2359 4313 2502 4369; x_wconf 87' lang='lat' dir='ltr'><strong>Psal.</strong></span> <span class='ocrx_word' id='word_1_744' title='bbox 2538 4328 2687 4382; x_wconf 80' lang='lat' dir='ltr'><strong>xxvt,</strong></span> <span class='ocrx_word' id='word_1_745' title='bbox 2728 4314 2780 4367; x_wconf 82' lang='grc'><strong>1.</strong></span> 
     </span>
    </p>
   </div>
   <div class='ocr_carea' id='block_1_91' title="bbox 3034 4245 3709 4304">
    <p class='ocr_par' dir='ltr' id='par_1_91' title="bbox 3034 4245 3709 4304">
     <span class='ocr_line' id='line_1_91' title="bbox 3034 4245 3709 4304; baseline 0.004 -4"><span class='ocrx_word' id='word_1_746' title='bbox 3034 4246 3054 4277; x_wconf 85' lang='grc'>⁸</span> <span class='ocrx_word' id='word_1_747' title='bbox 3092 4246 3107 4299; x_wconf 91' lang='lat' dir='ltr'><strong>i</strong></span> <span class='ocrx_word' id='word_1_748' title='bbox 3150 4246 3225 4300; x_wconf 93' lang='lat' dir='ltr'><strong>id.</strong></span> <span class='ocrx_word' id='word_1_749' title='bbox 3259 4245 3346 4299; x_wconf 74' lang='grc'><strong>26.</strong></span> <span class='ocrx_word' id='word_1_750' title='bbox 3405 4246 3427 4276; x_wconf 79' lang='grc'><strong><em>⁸</em></strong></span> <span class='ocrx_word' id='word_1_751' title='bbox 3459 4247 3591 4299; x_wconf 87' lang='lat' dir='ltr'><strong>ibid.</strong></span> <span class='ocrx_word' id='word_1_752' title='bbox 3625 4245 3709 4304; x_wconf 64' lang='lat'><strong>39.</strong></span> 
     </span>
    </p>
   </div>
   <div class='ocr_carea' id='block_1_92' title="bbox 2858 4313 3705 4381">
    <p class='ocr_par' dir='ltr' id='par_1_92' title="bbox 2858 4313 3705 4381">
     <span class='ocr_line' id='line_1_92' title="bbox 2858 4313 3705 4381; baseline 0.004 -13"><span class='ocrx_word' id='word_1_753' title='bbox 2858 4315 2902 4345; x_wconf 86' lang='lat'>“</span> <span class='ocrx_word' id='word_1_754' title='bbox 2929 4317 3055 4371; x_wconf 90' lang='lat' dir='ltr'><strong>ibid.</strong></span> <span class='ocrx_word' id='word_1_755' title='bbox 3088 4316 3144 4370; x_wconf 77' lang='grc'><strong>2.</strong></span> <span class='ocrx_word' id='word_1_756' title='bbox 3221 4316 3265 4348; x_wconf 79' lang='grc'>⁸⁸</span> <span class='ocrx_word' id='word_1_757' title='bbox 3296 4313 3457 4369; x_wconf 76' lang='lat' dir='ltr'><strong>Rom.</strong></span> <span class='ocrx_word' id='word_1_758' title='bbox 3489 4330 3604 4381; x_wconf 90' lang='lat' dir='ltr'><strong>vttt,</strong></span> <span class='ocrx_word' id='word_1_759' title='bbox 3626 4315 3705 4371; x_wconf 65' lang='grc'><strong>52.</strong></span> 
     </span>
    </p>
   </div>
   <div class='ocr_carea' id='block_1_93' title="bbox 460 4486 3705 4570">
    <p class='ocr_par' dir='ltr' id='par_1_93' title="bbox 460 4486 3705 4570">
     <span class='ocr_line' id='line_1_93' title="bbox 460 4486 3705 4570; baseline 0.005 -32"><span class='ocrx_word' id='word_1_760' title='bbox 460 4500 580 4570; x_wconf 71' lang='lat' dir='ltr'><strong>eos.</strong></span> <span class='ocrx_word' id='word_1_761' title='bbox 610 4486 698 4554; x_wconf 90' lang='lat' dir='ltr'><strong>qui</strong></span> <span class='ocrx_word' id='word_1_762' title='bbox 729 4487 884 4570; x_wconf 83' lang='lat' dir='ltr'><strong>nobis</strong></span> <span class='ocrx_word' id='word_1_763' title='bbox 932 4487 1238 4558; x_wconf 72' lang='lat' dir='ltr'><strong>huiusmodi</strong></span> <span class='ocrx_word' id='word_1_764' title='bbox 1287 4493 1619 4561; x_wconf 63' lang='lat' dir='ltr'><strong>quaestiones</strong></span> <span class='ocrx_word' id='word_1_765' title='bbox 1669 4496 1957 4563; x_wconf 86' lang='lat' dir='ltr'><strong>suscitant,</strong></span> <span class='ocrx_word' id='word_1_766' title='bbox 2012 4517 2030 4552; x_wconf 74' lang='grc' dir='ltr'><strong>ι</strong></span> <span class='ocrx_word' id='word_1_767' title='bbox 2069 4507 2117 4566; x_wconf 80' lang='grc' dir='ltr'>ο</span> <span class='ocrx_word' id='word_1_768' title='bbox 2211 4499 2325 4569; x_wconf 81' lang='lat' dir='ltr'><strong>(8i)</strong></span> <span class='ocrx_word' id='word_1_769' title='bbox 2368 4498 2647 4570; x_wconf 72' lang='lat' dir='ltr'><strong>h‘pilogum</strong></span> <span class='ocrx_word' id='word_1_770' title='bbox 2680 4498 2900 4570; x_wconf 73' lang='lat' dir='ltr'><strong>faciens.</strong></span> <span class='ocrx_word' id='word_1_771' title='bbox 2937 4500 3139 4556; x_wconf 85' lang='lat' dir='ltr'><strong>Omnes</strong></span> <span class='ocrx_word' id='word_1_772' title='bbox 3170 4512 3301 4553; x_wconf 85' lang='lat' dir='ltr'><strong>mss.</strong></span> <span class='ocrx_word' id='word_1_773' title='bbox 3333 4501 3503 4554; x_wconf 87' lang='lat' dir='ltr'><strong>nostri</strong></span> <span class='ocrx_word' id='word_1_774' title='bbox 3526 4512 3579 4554; x_wconf 90' lang='lat' dir='ltr'><strong>et</strong></span> <span class='ocrx_word' id='word_1_775' title='bbox 3604 4501 3705 4555; x_wconf 78' lang='lat' dir='ltr'><strong>lla-</strong></span> 
     </span>
    </p>
   </div>
   <div class='ocr_carea' id='block_1_94' title="bbox 458 4555 1077 4621">
    <p class='ocr_par' dir='ltr' id='par_1_94' title="bbox 458 4555 1077 4621">
     <span class='ocr_line' id='line_1_94' title="bbox 458 4555 1077 4621; baseline 0.003 -13"><span class='ocrx_word' id='word_1_776' title='bbox 458 4555 555 4615; x_wconf 87' lang='lat' dir='ltr'><strong>al..</strong></span> <span class='ocrx_word' id='word_1_777' title='bbox 598 4574 615 4605; x_wconf 87' lang='grc' dir='ltr'><strong>ι</strong></span> <span class='ocrx_word' id='word_1_778' title='bbox 652 4568 892 4621; x_wconf 79' lang='lat' dir='ltr'><strong>tttOVcttl,</strong></span> <span class='ocrx_word' id='word_1_779' title='bbox 922 4576 941 4608; x_wconf 82' lang='grc' dir='ltr'><strong>ι</strong></span> <span class='ocrx_word' id='word_1_780' title='bbox 971 4555 1077 4615; x_wconf 76' lang='lat' dir='ltr'><strong>etc.</strong></span> 
     </span>
    </p>
   </div>
   <div class='ocr_carea' id='block_1_95' title="bbox 532 4624 2031 4702">
    <p class='ocr_par' dir='ltr' id='par_1_95' title="bbox 532 4624 2031 4702">
     <span class='ocr_line' id='line_1_95' title="bbox 532 4624 2031 4702; baseline 0.011 -26"><span class='ocrx_word' id='word_1_781' title='bbox 532 4624 646 4695; x_wconf 77' lang='grc'><strong>(⁸79)</strong></span> <span class='ocrx_word' id='word_1_782' title='bbox 679 4624 767 4680; x_wconf 92' lang='lat' dir='ltr'><strong>Sic</strong></span> <span class='ocrx_word' id='word_1_783' title='bbox 797 4638 943 4702; x_wconf 60' lang='lat' dir='ltr'><strong>recte</strong></span> <span class='ocrx_word' id='word_1_784' title='bbox 968 4644 1067 4683; x_wconf 88' lang='lat' dir='ltr'><strong>tus.</strong></span> <span class='ocrx_word' id='word_1_785' title='bbox 1101 4646 1237 4702; x_wconf 80' lang='lat' dir='ltr'><strong>unus</strong></span> <span class='ocrx_word' id='word_1_786' title='bbox 1262 4630 1458 4702; x_wconf 79' lang='lat' dir='ltr'><strong>Regius</strong></span> <span class='ocrx_word' id='word_1_787' title='bbox 1482 4649 1631 4690; x_wconf 91' lang='lat' dir='ltr'><strong>nttm.</strong></span> <span class='ocrx_word' id='word_1_788' title='bbox 1658 4633 1812 4690; x_wconf 69' lang='lat'><strong>1659.</strong></span> <span class='ocrx_word' id='word_1_789' title='bbox 1838 4635 2031 4693; x_wconf 60' lang='lat' dir='ltr'><strong>(Sceleri</strong></span> 
     </span>
    </p>
   </div>
   <div class='ocr_carea' id='block_1_96' title="bbox 461 4697 2027 4775">
    <p class='ocr_par' dir='ltr' id='par_1_96' title="bbox 461 4697 2027 4775">
     <span class='ocr_line' id='line_1_96' title="bbox 461 4697 2027 4775; baseline 0.01 -29"><span class='ocrx_word' id='word_1_790' title='bbox 461 4710 590 4775; x_wconf 58' lang='lat' dir='ltr'><strong>vero</strong></span> <span class='ocrx_word' id='word_1_791' title='bbox 614 4712 765 4775; x_wconf 65' lang='lat' dir='ltr'><strong>mss,</strong></span> <span class='ocrx_word' id='word_1_792' title='bbox 796 4697 1054 4775; x_wconf 75' lang='lat' dir='ltr'><strong>llabauus</strong></span> <span class='ocrx_word' id='word_1_793' title='bbox 1076 4707 1130 4754; x_wconf 86' lang='lat' dir='ltr'><strong>et</strong></span> <span class='ocrx_word' id='word_1_794' title='bbox 1150 4701 1278 4755; x_wconf 89' lang='lat' dir='ltr'><strong>editi</strong></span> <span class='ocrx_word' id='word_1_795' title='bbox 1304 4697 1390 4758; x_wconf 80' lang='lat' dir='ltr'><strong>hic</strong></span> <span class='ocrx_word' id='word_1_796' title='bbox 1416 4714 1471 4759; x_wconf 92' lang='lat' dir='ltr'><strong>et</strong></span> <span class='ocrx_word' id='word_1_797' title='bbox 1494 4704 1633 4760; x_wconf 80' lang='lat' dir='ltr'><strong>infra</strong></span> <span class='ocrx_word' id='word_1_798' title='bbox 1662 4705 1861 4762; x_wconf 87' lang='lat' dir='ltr'><strong>habent</strong></span> <span class='ocrx_word' id='word_1_799' title='bbox 1883 4725 1902 4758; x_wconf 82' lang='grc' dir='ltr'><strong>ι</strong></span> <span class='ocrx_word' id='word_1_800' title='bbox 1929 4708 2027 4775; x_wconf 81' lang='lat' dir='ltr'><strong>is,t</strong></span> 
     </span>
    </p>
   </div>
   <div class='ocr_carea' id='block_1_97' title="bbox 460 4765 1252 4835">
    <p class='ocr_par' dir='ltr' id='par_1_97' title="bbox 460 4765 1252 4835">
     <span class='ocr_line' id='line_1_97' title="bbox 460 4765 1252 4835; baseline 0.005 -18"><span class='ocrx_word' id='word_1_801' title='bbox 460 4765 554 4835; x_wconf 83' lang='lat' dir='ltr'><strong>aL,</strong></span> <span class='ocrx_word' id='word_1_802' title='bbox 591 4765 743 4835; x_wconf 73' lang='lat' dir='ltr'><strong>t__|t_i_s,</strong></span> <span class='ocrx_word' id='word_1_803' title='bbox 777 4785 794 4818; x_wconf 82' lang='grc' dir='ltr'><strong>ι</strong></span> <span class='ocrx_word' id='word_1_804' title='bbox 834 4784 929 4835; x_wconf 88' lang='lat' dir='ltr'><strong>pro</strong></span> <span class='ocrx_word' id='word_1_805' title='bbox 972 4787 992 4819; x_wconf 79' lang='grc' dir='ltr'><strong>ι</strong></span> <span class='ocrx_word' id='word_1_806' title='bbox 1019 4768 1197 4825; x_wconf 81' lang='lat' dir='ltr'><strong>Jesus.</strong></span> <span class='ocrx_word' id='word_1_807' title='bbox 1233 4789 1252 4821; x_wconf 76' lang='grc' dir='ltr'><strong>ι</strong></span> 
     </span>
    </p>
   </div>
   <div class='ocr_carea' id='block_1_98' title="bbox 532 4832 1382 4905">
    <p class='ocr_par' dir='ltr' id='par_1_98' title="bbox 532 4832 1382 4905">
     <span class='ocr_line' id='line_1_98' title="bbox 532 4832 1382 4905; baseline 0.008 -17"><span class='ocrx_word' id='word_1_808' title='bbox 532 4832 645 4905; x_wconf 81' lang='grc'><strong>(80)</strong></span> <span class='ocrx_word' id='word_1_809' title='bbox 671 4832 844 4905; x_wconf 52' lang='lat' dir='ltr'><strong>E_diti,&#39;</strong></span> <span class='ocrx_word' id='word_1_810' title='bbox 870 4852 890 4885; x_wconf 86' lang='grc' dir='ltr'><strong>ι</strong></span> <span class='ocrx_word' id='word_1_811' title='bbox 922 4838 1068 4892; x_wconf 88' lang='lat' dir='ltr'><strong>Sicut</strong></span> <span class='ocrx_word' id='word_1_812' title='bbox 1099 4849 1153 4893; x_wconf 90' lang='lat' dir='ltr'><strong>et</strong></span> <span class='ocrx_word' id='word_1_813' title='bbox 1175 4841 1324 4897; x_wconf 89' lang='lat' dir='ltr'><strong>alibi.</strong></span> <span class='ocrx_word' id='word_1_814' title='bbox 1363 4860 1382 4895; x_wconf 81' lang='grc' dir='ltr'><strong>ι</strong></span> 
     </span>
    </p>
   </div>
   <div class='ocr_carea' id='block_1_99' title="bbox 534 4903 1877 4985">
    <p class='ocr_par' dir='ltr' id='par_1_99' title="bbox 534 4903 1877 4985">
     <span class='ocr_line' id='line_1_99' title="bbox 534 4903 1877 4985; baseline 0.013 -32"><span class='ocrx_word' id='word_1_815' title='bbox 674 4903 1005 4985; x_wconf 57' lang='lat' dir='ltr'><strong>Secundum.</strong></span> <span class='ocrx_word' id='word_1_816' title='bbox 1042 4909 1197 4964; x_wconf 82' lang='lat' dir='ltr'><strong>Deest</strong></span> <span class='ocrx_word' id='word_1_817' title='bbox 1236 4910 1472 4985; x_wconf 76' lang='lat' dir='ltr'><strong>inlibris</strong></span> <span class='ocrx_word' id='word_1_818' title='bbox 1502 4923 1660 4971; x_wconf 89' lang='lat' dir='ltr'><strong>antea</strong></span> <span class='ocrx_word' id='word_1_819' title='bbox 1697 4916 1877 4973; x_wconf 88' lang='lat' dir='ltr'><strong>editis.</strong></span> 
     </span>
    </p>
   </div>
   <div class='ocr_carea' id='block_1_100' title="bbox 531 4974 2031 5055">
    <p class='ocr_par' dir='ltr' id='par_1_100' title="bbox 531 4974 2031 5055">
     <span class='ocr_line' id='line_1_100' title="bbox 531 4974 2031 5055; baseline 0.008 -26"><span class='ocrx_word' id='word_1_820' title='bbox 531 4974 645 5045; x_wconf 74' lang='grc'><strong>(82)</strong></span> <span class='ocrx_word' id='word_1_821' title='bbox 672 4974 939 5055; x_wconf 47' lang='grc' dir='ltr'>ξξιιμιᾩρίε</span> <span class='ocrx_word' id='word_1_822' title='bbox 974 4993 1076 5031; x_wconf 90' lang='lat' dir='ltr'><strong>ms.</strong></span> <span class='ocrx_word' id='word_1_823' title='bbox 1111 4994 1250 5035; x_wconf 85' lang='lat' dir='ltr'><strong>unus</strong></span> <span class='ocrx_word' id='word_1_824' title='bbox 1284 4981 1481 5055; x_wconf 82' lang='lat' dir='ltr'><strong>llegitts</strong></span> <span class='ocrx_word' id='word_1_825' title='bbox 1505 5001 1652 5038; x_wconf 90' lang='lat' dir='ltr'><strong>utttn.</strong></span> <span class='ocrx_word' id='word_1_826' title='bbox 1683 4987 1819 5045; x_wconf 72' lang='lat'><strong>“539</strong></span> <span class='ocrx_word' id='word_1_827' title='bbox 1846 4997 1899 5043; x_wconf 84' lang='lat' dir='ltr'><strong>et</strong></span> <span class='ocrx_word' id='word_1_828' title='bbox 1923 4988 2031 5041; x_wconf 78' lang='lat' dir='ltr'><strong>lla-</strong></span> 
     </span>
    </p>
   </div>
   <div class='ocr_carea' id='block_1_101' title="bbox 460 5043 2035 5126">
    <p class='ocr_par' dir='ltr' id='par_1_101' title="bbox 460 5043 2035 5126">
     <span class='ocr_line' id='line_1_101' title="bbox 460 5043 2035 5126; baseline 0.011 -31"><span class='ocrx_word' id='word_1_829' title='bbox 460 5043 668 5126; x_wconf 67' lang='lat' dir='ltr'><strong>ltanus.</strong></span> <span class='ocrx_word' id='word_1_830' title='bbox 700 5043 837 5124; x_wconf 72' lang='lat' dir='ltr'><strong>liditi</strong></span> <span class='ocrx_word' id='word_1_831' title='bbox 874 5061 1001 5101; x_wconf 86' lang='lat' dir='ltr'><strong>vero</strong></span> <span class='ocrx_word' id='word_1_832' title='bbox 1033 5058 1088 5101; x_wconf 91' lang='lat' dir='ltr'><strong>et</strong></span> <span class='ocrx_word' id='word_1_833' title='bbox 1121 5064 1252 5126; x_wconf 84' lang='lat' dir='ltr'><strong>mss.</strong></span> <span class='ocrx_word' id='word_1_834' title='bbox 1298 5043 1414 5126; x_wconf 66' lang='lat' dir='ltr'><strong>alii,</strong></span> <span class='ocrx_word' id='word_1_835' title='bbox 1460 5071 1479 5103; x_wconf 77' lang='grc' dir='ltr'><strong>ι</strong></span> <span class='ocrx_word' id='word_1_836' title='bbox 1529 5069 1653 5109; x_wconf 91' lang='lat' dir='ltr'><strong>cum</strong></span> <span class='ocrx_word' id='word_1_837' title='bbox 1682 5043 1902 5126; x_wconf 83' lang='lat' dir='ltr'><strong>corpus</strong></span> <span class='ocrx_word' id='word_1_838' title='bbox 1935 5059 2035 5113; x_wconf 88' lang='lat' dir='ltr'><strong>hoc</strong></span> 
     </span>
    </p>
   </div>
   <div class='ocr_carea' id='block_1_102' title="bbox 460 5114 2033 5194">
    <p class='ocr_par' dir='ltr' id='par_1_102' title="bbox 460 5114 2033 5194">
     <span class='ocr_line' id='line_1_102' title="bbox 460 5114 2033 5194; baseline 0.011 -31"><span class='ocrx_word' id='word_1_839' title='bbox 460 5114 781 5194; x_wconf 74' lang='lat' dir='ltr'><strong>hntnilitatis</strong></span> <span class='ocrx_word' id='word_1_840' title='bbox 808 5126 1009 5194; x_wconf 80' lang='lat' dir='ltr'><strong>nostr:e_</strong></span> <span class='ocrx_word' id='word_1_841' title='bbox 1021 5117 1323 5194; x_wconf 80' lang='lat' dir='ltr'><strong>seminatur</strong></span> <span class='ocrx_word' id='word_1_842' title='bbox 1347 5114 1405 5175; x_wconf 90' lang='lat' dir='ltr'><strong>iu</strong></span> <span class='ocrx_word' id='word_1_843' title='bbox 1419 5124 1772 5191; x_wconf 84' lang='lat' dir='ltr'><strong>contumelia,</strong></span> <span class='ocrx_word' id='word_1_844' title='bbox 1792 5114 1838 5181; x_wconf 78' lang='lat' dir='ltr'><strong>et</strong></span> <span class='ocrx_word' id='word_1_845' title='bbox 1873 5146 1890 5178; x_wconf 86' lang='grc' dir='ltr'><strong>ι</strong></span> <span class='ocrx_word' id='word_1_846' title='bbox 1914 5128 2033 5194; x_wconf 83' lang='lat' dir='ltr'><strong>(aL,</strong></span> 
     </span>
    </p>
   </div>
   <div class='ocr_carea' id='block_1_103' title="bbox 459 5187 2035 5264">
    <p class='ocr_par' dir='ltr' id='par_1_103' title="bbox 459 5187 2035 5264">
     <span class='ocr_line' id='line_1_103' title="bbox 459 5187 2035 5264; baseline 0.009 -27"><span class='ocrx_word' id='word_1_847' title='bbox 459 5187 1049 5264; x_wconf 46' lang='lat' dir='ltr'><strong>tlctssttetsuisurgctiu</strong></span> <span class='ocrx_word' id='word_1_848' title='bbox 1085 5187 1285 5264; x_wconf 81' lang='lat' dir='ltr'><strong>gloria;</strong></span> <span class='ocrx_word' id='word_1_849' title='bbox 1316 5194 1477 5245; x_wconf 81' lang='lat' dir='ltr'><strong>etest</strong></span> <span class='ocrx_word' id='word_1_850' title='bbox 1502 5194 1604 5246; x_wconf 91' lang='lat' dir='ltr'><strong>alia</strong></span> <span class='ocrx_word' id='word_1_851' title='bbox 1635 5187 1805 5261; x_wconf 61' lang='lat' dir='ltr'><strong>gloria</strong></span> <span class='ocrx_word' id='word_1_852' title='bbox 1839 5214 1859 5248; x_wconf 79' lang='grc' dir='ltr'><strong>ι</strong></span> <span class='ocrx_word' id='word_1_853' title='bbox 1915 5187 2035 5264; x_wconf 67' lang='lat' dir='ltr'><strong>(ab,</strong></span> 
     </span>
    </p>
   </div>
   <div class='ocr_carea' id='block_1_104' title="bbox 470 5255 2033 5335">
    <p class='ocr_par' dir='ltr' id='par_1_104' title="bbox 470 5255 2033 5335">
     <span class='ocr_line' id='line_1_104' title="bbox 470 5255 2033 5335; baseline 0.013 -36"><span class='ocrx_word' id='word_1_854' title='bbox 470 5261 685 5335; x_wconf 51' lang='lat' dir='ltr'><strong>retento</strong></span> <span class='ocrx_word' id='word_1_855' title='bbox 703 5255 805 5306; x_wconf 86' lang='lat' dir='ltr'><strong>alia</strong></span> <span class='ocrx_word' id='word_1_856' title='bbox 846 5256 1065 5335; x_wconf 50' lang='lat' dir='ltr'><strong>gloriati</strong></span> <span class='ocrx_word' id='word_1_857' title='bbox 1098 5255 1115 5310; x_wconf 77' lang='grc' dir='ltr'><strong>ι</strong></span> <span class='ocrx_word' id='word_1_858' title='bbox 1154 5261 1249 5335; x_wconf 87' lang='lat' dir='ltr'><strong>a_l.,</strong></span> <span class='ocrx_word' id='word_1_859' title='bbox 1284 5278 1311 5335; x_wconf 79' lang='lat' dir='ltr'><strong>t_</strong></span> <span class='ocrx_word' id='word_1_860' title='bbox 1343 5274 1398 5335; x_wconf 87' lang='lat' dir='ltr'><strong>et</strong></span> <span class='ocrx_word' id='word_1_861' title='bbox 1427 5266 1567 5318; x_wconf 85' lang='lat' dir='ltr'><strong>sicut</strong></span> <span class='ocrx_word' id='word_1_862' title='bbox 1605 5255 1711 5335; x_wconf 73' lang='lat' dir='ltr'><strong>alia</strong></span> <span class='ocrx_word' id='word_1_863' title='bbox 1746 5255 2033 5335; x_wconf 69' lang='lat' dir='ltr'><strong>gloria)....</strong></span> 
     </span>
    </p>
   </div>
   <div class='ocr_carea' id='block_1_105' title="bbox 458 5324 2035 5403">
    <p class='ocr_par' dir='ltr' id='par_1_105' title="bbox 458 5324 2035 5403">
     <span class='ocr_line' id='line_1_105' title="bbox 458 5324 2035 5403; baseline 0.01 -27"><span class='ocrx_word' id='word_1_864' title='bbox 458 5324 690 5403; x_wconf 62' lang='lat' dir='ltr'><strong>cistella</strong></span> <span class='ocrx_word' id='word_1_865' title='bbox 719 5339 747 5376; x_wconf 89' lang='lat' dir='ltr'><strong>a</strong></span> <span class='ocrx_word' id='word_1_866' title='bbox 783 5326 935 5403; x_wconf 77' lang='lat' dir='ltr'><strong>stella</strong></span> <span class='ocrx_word' id='word_1_867' title='bbox 964 5328 1143 5382; x_wconf 78' lang='lat' dir='ltr'><strong>dili‘ert</strong></span> <span class='ocrx_word' id='word_1_868' title='bbox 1180 5329 1243 5403; x_wconf 71' lang='lat' dir='ltr'><strong>in</strong></span> <span class='ocrx_word' id='word_1_869' title='bbox 1266 5330 1515 5387; x_wconf 88' lang='lat' dir='ltr'><strong>claritate</strong></span> <span class='ocrx_word' id='word_1_870' title='bbox 1547 5352 1565 5383; x_wconf 77' lang='grc' dir='ltr'><strong>ι</strong></span> <span class='ocrx_word' id='word_1_871' title='bbox 1601 5334 1717 5403; x_wconf 82' lang='lat' dir='ltr'><strong>(aL,</strong></span> <span class='ocrx_word' id='word_1_872' title='bbox 1746 5324 1775 5387; x_wconf 69' lang='grc' dir='ltr'><strong>’ὅ</strong></span> <span class='ocrx_word' id='word_1_873' title='bbox 1812 5351 1842 5389; x_wconf 94' lang='lat' dir='ltr'><strong>a</strong></span> <span class='ocrx_word' id='word_1_874' title='bbox 1870 5324 2035 5391; x_wconf 76' lang='lat' dir='ltr'><strong>clari-</strong></span> 
     </span>
    </p>
   </div>
   <div class='ocr_carea' id='block_1_106' title="bbox 463 5393 1779 5459">
    <p class='ocr_par' dir='ltr' id='par_1_106' title="bbox 463 5393 1779 5459">
     <span class='ocr_line' id='line_1_106' title="bbox 463 5393 1779 5459; baseline 0.009 -14"><span class='ocrx_word' id='word_1_875' title='bbox 463 5393 595 5459; x_wconf 83' lang='lat' dir='ltr'><strong>tate)</strong></span> <span class='ocrx_word' id='word_1_876' title='bbox 624 5393 701 5445; x_wconf 89' lang='lat' dir='ltr'><strong>sic</strong></span> <span class='ocrx_word' id='word_1_877' title='bbox 730 5394 837 5446; x_wconf 87' lang='lat' dir='ltr'><strong>erit</strong></span> <span class='ocrx_word' id='word_1_878' title='bbox 868 5396 918 5447; x_wconf 86' lang='lat' dir='ltr'><strong>iu</strong></span> <span class='ocrx_word' id='word_1_879' title='bbox 955 5401 1357 5456; x_wconf 85' lang='lat' dir='ltr'><strong>resurrectione</strong></span> <span class='ocrx_word' id='word_1_880' title='bbox 1389 5393 1779 5459; x_wconf 79' lang='lat' dir='ltr'><strong>mortuoruth</strong></span> 
     </span>
    </p>
   </div>
   <div class='ocr_carea' id='block_1_107' title="bbox 527 5460 2030 5543">
    <p class='ocr_par' dir='ltr' id='par_1_107' title="bbox 527 5460 2030 5543">
     <span class='ocr_line' id='line_1_107' title="bbox 527 5460 2030 5543; baseline 0.011 -30"><span class='ocrx_word' id='word_1_881' title='bbox 527 5460 734 5543; x_wconf 49' lang='lat' dir='ltr'><strong>(85).Et</strong></span> <span class='ocrx_word' id='word_1_882' title='bbox 761 5469 899 5543; x_wconf 58' lang='grc' dir='ltr'><strong>σιιοςζ</strong></span> <span class='ocrx_word' id='word_1_883' title='bbox 928 5464 1159 5543; x_wconf 64' lang='lat' dir='ltr'><strong>Spiritus</strong></span> <span class='ocrx_word' id='word_1_884' title='bbox 1182 5467 1398 5536; x_wconf 77' lang='lat' dir='ltr'><strong>Christi,</strong></span> <span class='ocrx_word' id='word_1_885' title='bbox 1430 5472 1506 5527; x_wconf 84' lang='lat' dir='ltr'><strong>vel</strong></span> <span class='ocrx_word' id='word_1_886' title='bbox 1534 5472 1775 5527; x_wconf 81' lang='lat' dir='ltr'><strong>Christus</strong></span> <span class='ocrx_word' id='word_1_887' title='bbox 1800 5476 1851 5528; x_wconf 82' lang='lat' dir='ltr'><strong>in</strong></span> <span class='ocrx_word' id='word_1_888' title='bbox 1882 5476 2030 5529; x_wconf 71' lang='lat' dir='ltr'><strong>nobis</strong></span> 
     </span>
    </p>
   </div>
   <div class='ocr_carea' id='block_1_108' title="bbox 458 5529 2030 5613">
    <p class='ocr_par' dir='ltr' id='par_1_108' title="bbox 458 5529 2030 5613">
     <span class='ocr_line' id='line_1_108' title="bbox 458 5529 2030 5613; baseline 0.011 -32"><span class='ocrx_word' id='word_1_889' title='bbox 458 5540 553 5590; x_wconf 79' lang='lat' dir='ltr'><strong>est,</strong></span> <span class='ocrx_word' id='word_1_890' title='bbox 582 5529 662 5613; x_wconf 62' lang='lat' dir='ltr'><strong>re!</strong></span> <span class='ocrx_word' id='word_1_891' title='bbox 685 5535 826 5613; x_wconf 46' lang='lat' dir='ltr'><strong>qn‘od.</strong></span> <span class='ocrx_word' id='word_1_892' title='bbox 850 5529 1085 5613; x_wconf 39' lang='lat' dir='ltr'><strong>.Spitft&#39;tus</strong></span> <span class='ocrx_word' id='word_1_893' title='bbox 1111 5538 1223 5613; x_wconf 69' lang='lat' dir='ltr'><strong>ejus</strong></span> <span class='ocrx_word' id='word_1_894' title='bbox 1254 5544 1344 5613; x_wconf 66' lang='lat' dir='ltr'><strong>qui</strong></span> <span class='ocrx_word' id='word_1_895' title='bbox 1377 5529 1650 5597; x_wconf 70' lang='lat' dir='ltr'><strong>suscitavit</strong></span> <span class='ocrx_word' id='word_1_896' title='bbox 1686 5543 1950 5598; x_wconf 66' lang='lat' dir='ltr'><strong>Chrisium</strong></span> <span class='ocrx_word' id='word_1_897' title='bbox 1997 5563 2030 5598; x_wconf 89' lang='lat' dir='ltr'><strong>a</strong></span> 
     </span>
    </p>
   </div>
   <div class='ocr_carea' id='block_1_109' title="bbox 458 5600 2030 5685">
    <p class='ocr_par' dir='ltr' id='par_1_109' title="bbox 458 5600 2030 5685">
     <span class='ocr_line' id='line_1_109' title="bbox 458 5600 2030 5685; baseline 0.015 -39"><span class='ocrx_word' id='word_1_898' title='bbox 458 5600 702 5685; x_wconf 46' lang='lat' dir='ltr'><strong>mortuis,</strong></span> <span class='ocrx_word' id='word_1_899' title='bbox 732 5600 937 5685; x_wconf 41' lang='lat' dir='ltr'><strong>itu-bitat</strong></span> <span class='ocrx_word' id='word_1_900' title='bbox 963 5606 1017 5685; x_wconf 71' lang='lat' dir='ltr'><strong>in</strong></span> <span class='ocrx_word' id='word_1_901' title='bbox 1039 5600 1223 5684; x_wconf 63' lang='lat' dir='ltr'><strong>nobis.</strong></span> <span class='ocrx_word' id='word_1_902' title='bbox 1253 5600 1373 5666; x_wconf 41' lang='lat' dir='ltr'><strong>l&#39;lzcc</strong></span> <span class='ocrx_word' id='word_1_903' title='bbox 1411 5629 1675 5683; x_wconf 88' lang='lat' dir='ltr'><strong>nusquam</strong></span> <span class='ocrx_word' id='word_1_904' title='bbox 1711 5625 2030 5685; x_wconf 84' lang='lat' dir='ltr'><strong>comparent</strong></span> 
     </span>
    </p>
   </div>
   <div class='ocr_carea' id='block_1_110' title="bbox 456 5666 1100 5727">
    <p class='ocr_par' dir='ltr' id='par_1_110' title="bbox 456 5666 1100 5727">
     <span class='ocr_line' id='line_1_110' title="bbox 456 5666 1100 5727; baseline 0.014 -9"><span class='ocrx_word' id='word_1_905' title='bbox 456 5667 510 5719; x_wconf 88' lang='lat' dir='ltr'><strong>in</strong></span> <span class='ocrx_word' id='word_1_906' title='bbox 541 5666 694 5720; x_wconf 85' lang='lat' dir='ltr'><strong>libris</strong></span> <span class='ocrx_word' id='word_1_907' title='bbox 727 5679 883 5722; x_wconf 87' lang='lat' dir='ltr'><strong>antca</strong></span> <span class='ocrx_word' id='word_1_908' title='bbox 924 5675 1100 5727; x_wconf 81' lang='lat' dir='ltr'><strong>editis.</strong></span> 
     </span>
    </p>
   </div>
   <div class='ocr_carea' id='block_1_111' title="bbox 2146 4568 3705 4636">
    <p class='ocr_par' dir='ltr' id='par_1_111' title="bbox 2146 4568 3705 4636">
     <span class='ocr_line' id='line_1_111' title="bbox 2146 4568 3705 4636; baseline 0.001 -14"><span class='ocrx_word' id='word_1_909' title='bbox 2146 4568 2339 4633; x_wconf 88' lang='lat' dir='ltr'><strong>bautts,</strong></span> <span class='ocrx_word' id='word_1_910' title='bbox 2378 4587 2396 4620; x_wconf 82' lang='grc' dir='ltr'><strong>ι</strong></span> <span class='ocrx_word' id='word_1_911' title='bbox 2427 4568 2880 4636; x_wconf 33' lang='lat' dir='ltr'><strong>aua‘cepltalcosiu</strong></span> <span class='ocrx_word' id='word_1_912' title='bbox 2969 4571 3196 4623; x_wconf 78' lang='lat' dir='ltr'><strong>faciens.</strong></span> <span class='ocrx_word' id='word_1_913' title='bbox 3247 4588 3265 4622; x_wconf 80' lang='grc' dir='ltr'><strong>ι</strong></span> <span class='ocrx_word' id='word_1_914' title='bbox 3324 4571 3477 4636; x_wconf 90' lang='lat' dir='ltr'><strong>Quod</strong></span> <span class='ocrx_word' id='word_1_915' title='bbox 3530 4570 3705 4624; x_wconf 63' lang='lat' dir='ltr'><strong>Graue</strong></span> 
     </span>
    </p>
   </div>
   <div class='ocr_carea' id='block_1_112' title="bbox 2143 4637 3703 4710">
    <p class='ocr_par' dir='ltr' id='par_1_112' title="bbox 2143 4637 3703 4710">
     <span class='ocr_line' id='line_1_112' title="bbox 2143 4637 3703 4710; baseline 0.001 -19"><span class='ocrx_word' id='word_1_916' title='bbox 2143 4638 2283 4710; x_wconf 79' lang='lat' dir='ltr'><strong>idem</strong></span> <span class='ocrx_word' id='word_1_917' title='bbox 2312 4651 2396 4693; x_wconf 86' lang='lat' dir='ltr'><strong>est</strong></span> <span class='ocrx_word' id='word_1_918' title='bbox 2426 4653 2490 4692; x_wconf 91' lang='lat' dir='ltr'><strong>ac</strong></span> <span class='ocrx_word' id='word_1_919' title='bbox 2527 4637 2720 4695; x_wconf 83' lang='lat' dir='ltr'><strong>Latine</strong></span> <span class='ocrx_word' id='word_1_920' title='bbox 2756 4657 2775 4691; x_wconf 84' lang='grc' dir='ltr'><strong>ι</strong></span> <span class='ocrx_word' id='word_1_921' title='bbox 2809 4638 3103 4710; x_wconf 82' lang='lat' dir='ltr'><strong>epilogum,</strong></span> <span class='ocrx_word' id='word_1_922' title='bbox 3137 4657 3156 4691; x_wconf 81' lang='grc' dir='ltr'><strong>ι</strong></span> <span class='ocrx_word' id='word_1_923' title='bbox 3192 4654 3297 4694; x_wconf 84' lang='lat' dir='ltr'><strong>seu</strong></span> <span class='ocrx_word' id='word_1_924' title='bbox 3332 4658 3354 4692; x_wconf 83' lang='grc' dir='ltr'><strong>ι</strong></span> <span class='ocrx_word' id='word_1_925' title='bbox 3387 4654 3572 4695; x_wconf 86' lang='lat' dir='ltr'><strong>rerum</strong></span> <span class='ocrx_word' id='word_1_926' title='bbox 3601 4642 3703 4695; x_wconf 81' lang='lat' dir='ltr'><strong>col-</strong></span> 
     </span>
    </p>
   </div>
   <div class='ocr_carea' id='block_1_113' title="bbox 2141 4708 2498 4763">
    <p class='ocr_par' dir='ltr' id='par_1_113' title="bbox 2141 4708 2498 4763">
     <span class='ocr_line' id='line_1_113' title="bbox 2141 4708 2498 4763; baseline -0.006 -2"><span class='ocrx_word' id='word_1_927' title='bbox 2141 4708 2447 4763; x_wconf 86' lang='lat' dir='ltr'><strong>lectionem.</strong></span> <span class='ocrx_word' id='word_1_928' title='bbox 2479 4725 2498 4759; x_wconf 80' lang='grc' dir='ltr'><strong>ι</strong></span> 
     </span>
    </p>
   </div>
   <div class='ocr_carea' id='block_1_114' title="bbox 2213 4776 3701 4850">
    <p class='ocr_par' dir='ltr' id='par_1_114' title="bbox 2213 4776 3701 4850">
     <span class='ocr_line' id='line_1_114' title="bbox 2213 4776 3701 4850; baseline 0 -20"><span class='ocrx_word' id='word_1_929' title='bbox 2213 4777 2325 4850; x_wconf 83' lang='grc'><strong>(85)</strong></span> <span class='ocrx_word' id='word_1_930' title='bbox 2368 4778 2529 4842; x_wconf 79' lang='lat' dir='ltr'><strong>Edtti,</strong></span> <span class='ocrx_word' id='word_1_931' title='bbox 2587 4794 2605 4828; x_wconf 80' lang='grc' dir='ltr'><strong>ι</strong></span> <span class='ocrx_word' id='word_1_932' title='bbox 2640 4776 2919 4850; x_wconf 85' lang='lat' dir='ltr'><strong>Quomodo</strong></span> <span class='ocrx_word' id='word_1_933' title='bbox 2963 4777 3109 4831; x_wconf 89' lang='lat' dir='ltr'><strong>enim</strong></span> <span class='ocrx_word' id='word_1_934' title='bbox 3160 4777 3325 4850; x_wconf 72' lang='lat' dir='ltr'><strong>stabit</strong></span> <span class='ocrx_word' id='word_1_935' title='bbox 3367 4777 3526 4843; x_wconf 71' lang='lat' dir='ltr'><strong>illud,</strong></span> <span class='ocrx_word' id='word_1_936' title='bbox 3555 4791 3701 4836; x_wconf 70' lang='lat' dir='ltr'><strong>sete.</strong></span> 
     </span>
    </p>
   </div>
   <div class='ocr_carea' id='block_1_115' title="bbox 2142 4846 3703 4918">
    <p class='ocr_par' dir='ltr' id='par_1_115' title="bbox 2142 4846 3703 4918">
     <span class='ocr_line' id='line_1_115' title="bbox 2142 4846 3703 4918; baseline 0.001 -16"><span class='ocrx_word' id='word_1_937' title='bbox 2142 4846 2341 4902; x_wconf 84' lang='lat' dir='ltr'><strong>omissa</strong></span> <span class='ocrx_word' id='word_1_938' title='bbox 2380 4861 2531 4918; x_wconf 69' lang='lat' dir='ltr'><strong>voce,</strong></span> <span class='ocrx_word' id='word_1_939' title='bbox 2574 4865 2593 4897; x_wconf 82' lang='grc' dir='ltr'><strong>ι</strong></span> <span class='ocrx_word' id='word_1_940' title='bbox 2628 4849 2891 4917; x_wconf 82' lang='lat' dir='ltr'><strong>alioquin,</strong></span> <span class='ocrx_word' id='word_1_941' title='bbox 2925 4864 2944 4900; x_wconf 73' lang='grc' dir='ltr'><strong>ι</strong></span> <span class='ocrx_word' id='word_1_942' title='bbox 2982 4860 3143 4918; x_wconf 87' lang='lat' dir='ltr'><strong>quam</strong></span> <span class='ocrx_word' id='word_1_943' title='bbox 3177 4846 3480 4917; x_wconf 66' lang='lat' dir='ltr'><strong>pralerunt</strong></span> <span class='ocrx_word' id='word_1_944' title='bbox 3528 4861 3703 4903; x_wconf 79' lang='lat' dir='ltr'><strong>omnes</strong></span> 
     </span>
    </p>
   </div>
   <div class='ocr_carea' id='block_1_116' title="bbox 2143 4916 2676 4973">
    <p class='ocr_par' dir='ltr' id='par_1_116' title="bbox 2143 4916 2676 4973">
     <span class='ocr_line' id='line_1_116' title="bbox 2143 4916 2676 4973; baseline 0.004 -2"><span class='ocrx_word' id='word_1_945' title='bbox 2143 4933 2277 4971; x_wconf 65' lang='lat' dir='ltr'><strong>mss.</strong></span> <span class='ocrx_word' id='word_1_946' title='bbox 2309 4928 2363 4973; x_wconf 91' lang='lat' dir='ltr'><strong>et</strong></span> <span class='ocrx_word' id='word_1_947' title='bbox 2402 4916 2676 4973; x_wconf 80' lang='lat' dir='ltr'><strong>llahauus.</strong></span> 
     </span>
    </p>
   </div>
   <div class='ocr_carea' id='block_1_117' title="bbox 2218 4986 3700 5057">
    <p class='ocr_par' dir='ltr' id='par_1_117' title="bbox 2218 4986 3700 5057">
     <span class='ocr_line' id='line_1_117' title="bbox 2218 4986 3700 5057; baseline -0.001 -16"><span class='ocrx_word' id='word_1_948' title='bbox 2218 4987 2331 5057; x_wconf 88' lang='grc'><strong>(86)</strong></span> <span class='ocrx_word' id='word_1_949' title='bbox 2358 4988 2495 5041; x_wconf 84' lang='lat' dir='ltr'><strong>Editi</strong></span> <span class='ocrx_word' id='word_1_950' title='bbox 2529 4988 2803 5055; x_wconf 84' lang='lat' dir='ltr'><strong>plerique.</strong></span> <span class='ocrx_word' id='word_1_951' title='bbox 2863 5004 2882 5038; x_wconf 88' lang='grc' dir='ltr'><strong>ι</strong></span> <span class='ocrx_word' id='word_1_952' title='bbox 2912 4986 3026 5057; x_wconf 80' lang='lat' dir='ltr'><strong>Sed</strong></span> <span class='ocrx_word' id='word_1_953' title='bbox 3046 4986 3150 5041; x_wconf 88' lang='lat' dir='ltr'><strong>hoc</strong></span> <span class='ocrx_word' id='word_1_954' title='bbox 3181 4986 3443 5052; x_wconf 85' lang='lat' dir='ltr'><strong>ostendit,</strong></span> <span class='ocrx_word' id='word_1_955' title='bbox 3468 4988 3700 5056; x_wconf 86' lang='lat' dir='ltr'><strong>quia.....</strong></span> 
     </span>
    </p>
   </div>
   <div class='ocr_carea' id='block_1_118' title="bbox 2139 5055 3394 5125">
    <p class='ocr_par' dir='ltr' id='par_1_118' title="bbox 2139 5055 3394 5125">
     <span class='ocr_line' id='line_1_118' title="bbox 2139 5055 3394 5125; baseline -0.003 -14"><span class='ocrx_word' id='word_1_956' title='bbox 2139 5067 2191 5111; x_wconf 87' lang='lat' dir='ltr'><strong>et</strong></span> <span class='ocrx_word' id='word_1_957' title='bbox 2223 5055 2355 5111; x_wconf 88' lang='lat' dir='ltr'><strong>nihil</strong></span> <span class='ocrx_word' id='word_1_958' title='bbox 2388 5076 2405 5107; x_wconf 80' lang='grc' dir='ltr'><strong>ι</strong></span> <span class='ocrx_word' id='word_1_959' title='bbox 2439 5057 2557 5125; x_wconf 85' lang='lat' dir='ltr'><strong>(al.,</strong></span> <span class='ocrx_word' id='word_1_960' title='bbox 2590 5074 2609 5108; x_wconf 85' lang='grc' dir='ltr'><strong>ι</strong></span> <span class='ocrx_word' id='word_1_961' title='bbox 2644 5066 2698 5110; x_wconf 88' lang='lat' dir='ltr'><strong>et</strong></span> <span class='ocrx_word' id='word_1_962' title='bbox 2733 5057 2913 5124; x_wconf 86' lang='lat' dir='ltr'><strong>uiltili)</strong></span> <span class='ocrx_word' id='word_1_963' title='bbox 2947 5055 3198 5119; x_wconf 83' lang='lat' dir='ltr'><strong>ellicitur,</strong></span> <span class='ocrx_word' id='word_1_964' title='bbox 3233 5075 3251 5107; x_wconf 81' lang='grc' dir='ltr'><strong>ι</strong></span> <span class='ocrx_word' id='word_1_965' title='bbox 3285 5069 3394 5110; x_wconf 85' lang='lat' dir='ltr'><strong>etc.</strong></span> 
     </span>
    </p>
   </div>
   <div class='ocr_carea' id='block_1_119' title="bbox 2213 5122 3708 5198">
    <p class='ocr_par' dir='ltr' id='par_1_119' title="bbox 2213 5122 3708 5198">
     <span class='ocr_line' id='line_1_119' title="bbox 2213 5122 3708 5198; baseline -0.002 -17"><span class='ocrx_word' id='word_1_966' title='bbox 2213 5127 2327 5198; x_wconf 84' lang='lat'><strong>(87)</strong></span> <span class='ocrx_word' id='word_1_967' title='bbox 2359 5122 2456 5180; x_wconf 83' lang='lat' dir='ltr'><strong>Sic</strong></span> <span class='ocrx_word' id='word_1_968' title='bbox 2481 5127 2725 5198; x_wconf 78' lang='lat' dir='ltr'><strong>plerique</strong></span> <span class='ocrx_word' id='word_1_969' title='bbox 2757 5122 2911 5191; x_wconf 83' lang='lat' dir='ltr'><strong>mss.,</strong></span> <span class='ocrx_word' id='word_1_970' title='bbox 2938 5125 3206 5198; x_wconf 10' lang='lat' dir='ltr'><strong>illabanus</strong></span> <span class='ocrx_word' id='word_1_971' title='bbox 3236 5135 3294 5198; x_wconf 89' lang='lat' dir='ltr'><strong>et</strong></span> <span class='ocrx_word' id='word_1_972' title='bbox 3320 5128 3473 5181; x_wconf 88' lang='lat' dir='ltr'><strong>editi.</strong></span> <span class='ocrx_word' id='word_1_973' title='bbox 3501 5122 3598 5181; x_wconf 66' lang='lat' dir='ltr'><strong>his.</strong></span> <span class='ocrx_word' id='word_1_974' title='bbox 3632 5133 3708 5198; x_wconf 73' lang='lat' dir='ltr'><strong>ta-</strong></span> 
     </span>
    </p>
   </div>
   <div class='ocr_carea' id='block_1_120' title="bbox 2142 5194 3702 5264">
    <p class='ocr_par' dir='ltr' id='par_1_120' title="bbox 2142 5194 3702 5264">
     <span class='ocr_line' id='line_1_120' title="bbox 2142 5194 3702 5264; baseline -0.003 -15"><span class='ocrx_word' id='word_1_975' title='bbox 2142 5194 2264 5250; x_wconf 89' lang='lat' dir='ltr'><strong>men</strong></span> <span class='ocrx_word' id='word_1_976' title='bbox 2309 5194 2448 5250; x_wconf 84' lang='lat' dir='ltr'><strong>unus</strong></span> <span class='ocrx_word' id='word_1_977' title='bbox 2484 5194 2691 5262; x_wconf 77' lang='lat' dir='ltr'><strong>Regius</strong></span> <span class='ocrx_word' id='word_1_978' title='bbox 2726 5211 2873 5249; x_wconf 91' lang='lat' dir='ltr'><strong>num.</strong></span> <span class='ocrx_word' id='word_1_979' title='bbox 2929 5194 3087 5259; x_wconf 80' lang='lat' dir='ltr'><strong>l659,</strong></span> <span class='ocrx_word' id='word_1_980' title='bbox 3128 5212 3149 5247; x_wconf 77' lang='grc' dir='ltr'><strong>ι</strong></span> <span class='ocrx_word' id='word_1_981' title='bbox 3184 5197 3276 5249; x_wconf 91' lang='lat' dir='ltr'><strong>sed</strong></span> <span class='ocrx_word' id='word_1_982' title='bbox 3325 5211 3472 5260; x_wconf 85' lang='lat' dir='ltr'><strong>cum,</strong></span> <span class='ocrx_word' id='word_1_983' title='bbox 3521 5195 3702 5264; x_wconf 89' lang='lat' dir='ltr'><strong>inquit,</strong></span> 
     </span>
    </p>
   </div>
   <div class='ocr_carea' id='block_1_121' title="bbox 2142 5267 3701 5337">
    <p class='ocr_par' dir='ltr' id='par_1_121' title="bbox 2142 5267 3701 5337">
     <span class='ocr_line' id='line_1_121' title="bbox 2142 5267 3701 5337; baseline -0.002 -19"><span class='ocrx_word' id='word_1_984' title='bbox 2142 5267 2464 5337; x_wconf 88' lang='lat' dir='ltr'><strong>appropiant</strong></span> <span class='ocrx_word' id='word_1_985' title='bbox 2480 5279 2641 5333; x_wconf 89' lang='lat' dir='ltr'><strong>super</strong></span> <span class='ocrx_word' id='word_1_986' title='bbox 2659 5275 3021 5337; x_wconf 69' lang='lat' dir='ltr'><strong>mettocentcs</strong></span> <span class='ocrx_word' id='word_1_987' title='bbox 3049 5275 3108 5337; x_wconf 82' lang='lat' dir='ltr'><strong>ut</strong></span> <span class='ocrx_word' id='word_1_988' title='bbox 3131 5268 3302 5319; x_wconf 89' lang='lat' dir='ltr'><strong>edant</strong></span> <span class='ocrx_word' id='word_1_989' title='bbox 3325 5280 3519 5320; x_wconf 82' lang='lat' dir='ltr'><strong>carnes</strong></span> <span class='ocrx_word' id='word_1_990' title='bbox 3544 5278 3701 5337; x_wconf 79' lang='lat' dir='ltr'><strong>meas,</strong></span> 
     </span>
    </p>
   </div>
   <div class='ocr_carea' id='block_1_122' title="bbox 2141 5334 3704 5404">
    <p class='ocr_par' dir='ltr' id='par_1_122' title="bbox 2141 5334 3704 5404">
     <span class='ocr_line' id='line_1_122' title="bbox 2141 5334 3704 5404; baseline -0.001 -16"><span class='ocrx_word' id='word_1_991' title='bbox 2141 5334 2327 5404; x_wconf 56' lang='lat' dir='ltr'><strong>q&#39;ui....</strong></span> <span class='ocrx_word' id='word_1_992' title='bbox 2365 5336 2485 5402; x_wconf 89' lang='lat' dir='ltr'><strong>ipsi,</strong></span> <span class='ocrx_word' id='word_1_993' title='bbox 2521 5350 2698 5390; x_wconf 88' lang='lat' dir='ltr'><strong>meam</strong></span> <span class='ocrx_word' id='word_1_994' title='bbox 2731 5334 2963 5389; x_wconf 89' lang='lat' dir='ltr'><strong>Domino</strong></span> <span class='ocrx_word' id='word_1_995' title='bbox 2987 5334 3313 5391; x_wconf 78' lang='lat' dir='ltr'><strong>defendente</strong></span> <span class='ocrx_word' id='word_1_996' title='bbox 3338 5338 3527 5398; x_wconf 84' lang='lat' dir='ltr'><strong>vitam,</strong></span> <span class='ocrx_word' id='word_1_997' title='bbox 3564 5335 3704 5388; x_wconf 86' lang='lat' dir='ltr'><strong>iullr—</strong></span> 
     </span>
    </p>
   </div>
   <div class='ocr_carea' id='block_1_123' title="bbox 2141 5417 2479 5465">
    <p class='ocr_par' dir='ltr' id='par_1_123' title="bbox 2141 5417 2479 5465">
     <span class='ocr_line' id='line_1_123' title="bbox 2141 5417 2479 5465; baseline -0.003 -7"><span class='ocrx_word' id='word_1_998' title='bbox 2141 5417 2294 5465; x_wconf 75' lang='lat' dir='ltr'><strong>lllall,</strong></span> <span class='ocrx_word' id='word_1_999' title='bbox 2320 5424 2339 5458; x_wconf 82' lang='grc' dir='ltr'><strong>ι</strong></span> <span class='ocrx_word' id='word_1_1000' title='bbox 2375 5417 2479 5457; x_wconf 54' lang='grc' dir='ltr'><strong>σξιο.</strong></span> 
     </span>
    </p>
   </div>
   <div class='ocr_carea' id='block_1_124' title="bbox 2210 5469 3707 5542">
    <p class='ocr_par' dir='ltr' id='par_1_124' title="bbox 2210 5469 3707 5542">
     <span class='ocr_line' id='line_1_124' title="bbox 2210 5469 3707 5542; baseline -0.002 -15"><span class='ocrx_word' id='word_1_1001' title='bbox 2210 5474 2323 5542; x_wconf 82' lang='grc'><strong>(88)</strong></span> <span class='ocrx_word' id='word_1_1002' title='bbox 2363 5469 2530 5540; x_wconf 84' lang='lat' dir='ltr'><strong>Editi,</strong></span> <span class='ocrx_word' id='word_1_1003' title='bbox 2583 5492 2602 5526; x_wconf 84' lang='grc' dir='ltr'><strong>ι</strong></span> <span class='ocrx_word' id='word_1_1004' title='bbox 2644 5474 2867 5528; x_wconf 87' lang='lat' dir='ltr'><strong>tradidit</strong></span> <span class='ocrx_word' id='word_1_1005' title='bbox 2898 5488 3043 5528; x_wconf 90' lang='lat' dir='ltr'><strong>eum.</strong></span> <span class='ocrx_word' id='word_1_1006' title='bbox 3088 5489 3108 5524; x_wconf 78' lang='grc' dir='ltr'><strong>ι</strong></span> <span class='ocrx_word' id='word_1_1007' title='bbox 3161 5474 3367 5531; x_wconf 87' lang='lat' dir='ltr'><strong>Deinde</strong></span> <span class='ocrx_word' id='word_1_1008' title='bbox 3415 5489 3516 5529; x_wconf 80' lang='lat' dir='ltr'><strong>tua.</strong></span> <span class='ocrx_word' id='word_1_1009' title='bbox 3575 5485 3707 5527; x_wconf 91' lang='lat' dir='ltr'><strong>unus</strong></span> 
     </span>
    </p>
   </div>
   <div class='ocr_carea' id='block_1_125' title="bbox 2143 5543 3705 5613">
    <p class='ocr_par' dir='ltr' id='par_1_125' title="bbox 2143 5543 3705 5613">
     <span class='ocr_line' id='line_1_125' title="bbox 2143 5543 3705 5613; baseline 0 -16"><span class='ocrx_word' id='word_1_1010' title='bbox 2143 5544 2340 5613; x_wconf 77' lang='lat' dir='ltr'><strong>Regius</strong></span> <span class='ocrx_word' id='word_1_1011' title='bbox 2374 5560 2522 5599; x_wconf 90' lang='lat' dir='ltr'><strong>ttutn.</strong></span> <span class='ocrx_word' id='word_1_1012' title='bbox 2575 5544 2738 5607; x_wconf 74' lang='grc'><strong>1659,</strong></span> <span class='ocrx_word' id='word_1_1013' title='bbox 2784 5562 2803 5596; x_wconf 74' lang='grc' dir='ltr'>ς</span> <span class='ocrx_word' id='word_1_1014' title='bbox 2834 5544 2900 5597; x_wconf 78' lang='lat' dir='ltr'><strong>Et</strong></span> <span class='ocrx_word' id='word_1_1015' title='bbox 2932 5554 2989 5596; x_wconf 82' lang='grc' dir='ltr'><strong>ιιι</strong></span> <span class='ocrx_word' id='word_1_1016' title='bbox 3018 5544 3083 5597; x_wconf 86' lang='lat' dir='ltr'><strong>ad</strong></span> <span class='ocrx_word' id='word_1_1017' title='bbox 3116 5544 3373 5610; x_wconf 79' lang='lat' dir='ltr'><strong>maiorem</strong></span> <span class='ocrx_word' id='word_1_1018' title='bbox 3408 5560 3507 5598; x_wconf 83' lang='lat' dir='ltr'><strong>nos</strong></span> <span class='ocrx_word' id='word_1_1019' title='bbox 3537 5543 3705 5597; x_wconf 84' lang='lat' dir='ltr'><strong>adtul-</strong></span> 
     </span>
    </p>
   </div>
   <div class='ocr_carea' id='block_1_126' title="bbox 2140 5614 3708 5684">
    <p class='ocr_par' dir='ltr' id='par_1_126' title="bbox 2140 5614 3708 5684">
     <span class='ocr_line' id='line_1_126' title="bbox 2140 5614 3708 5684; baseline -0.001 -19"><span class='ocrx_word' id='word_1_1020' title='bbox 2140 5624 2405 5684; x_wconf 84' lang='lat' dir='ltr'><strong>rattoneut</strong></span> <span class='ocrx_word' id='word_1_1021' title='bbox 2430 5615 2851 5684; x_wconf 65' lang='lat' dir='ltr'><strong>constt-ingeret,</strong></span> <span class='ocrx_word' id='word_1_1022' title='bbox 2876 5614 3045 5678; x_wconf 88' lang='lat' dir='ltr'><strong>addit,</strong></span> <span class='ocrx_word' id='word_1_1023' title='bbox 3074 5631 3094 5666; x_wconf 81' lang='grc' dir='ltr'><strong>ι</strong></span> <span class='ocrx_word' id='word_1_1024' title='bbox 3123 5624 3236 5667; x_wconf 86' lang='lat' dir='ltr'><strong>etc.</strong></span> <span class='ocrx_word' id='word_1_1025' title='bbox 3256 5615 3363 5671; x_wconf 87' lang='lat' dir='ltr'><strong>Sed</strong></span> <span class='ocrx_word' id='word_1_1026' title='bbox 3379 5615 3561 5672; x_wconf 69' lang='lat' dir='ltr'><strong>caueri</strong></span> <span class='ocrx_word' id='word_1_1027' title='bbox 3587 5629 3708 5675; x_wconf 78' lang='lat' dir='ltr'><strong>ms.,</strong></span> 
     </span>
    </p>
   </div>
   <div class='ocr_carea' id='block_1_127' title="bbox 2144 5683 3233 5741">
    <p class='ocr_par' dir='ltr' id='par_1_127' title="bbox 2144 5683 3233 5741">
     <span class='ocr_line' id='line_1_127' title="bbox 2144 5683 3233 5741; baseline 0.002 -4"><span class='ocrx_word' id='word_1_1028' title='bbox 2144 5683 2401 5740; x_wconf 79' lang='lat' dir='ltr'><strong>liabauus</strong></span> <span class='ocrx_word' id='word_1_1029' title='bbox 2426 5694 2478 5737; x_wconf 88' lang='lat' dir='ltr'><strong>et</strong></span> <span class='ocrx_word' id='word_1_1030' title='bbox 2505 5684 2637 5741; x_wconf 82' lang='lat' dir='ltr'><strong>editi</strong></span> <span class='ocrx_word' id='word_1_1031' title='bbox 2670 5694 2727 5739; x_wconf 90' lang='lat' dir='ltr'><strong>ttt</strong></span> <span class='ocrx_word' id='word_1_1032' title='bbox 2757 5683 2809 5737; x_wconf 88' lang='lat' dir='ltr'><strong>itt</strong></span> <span class='ocrx_word' id='word_1_1033' title='bbox 2840 5694 3026 5739; x_wconf 87' lang='lat' dir='ltr'><strong>nostro</strong></span> <span class='ocrx_word' id='word_1_1034' title='bbox 3062 5692 3233 5739; x_wconf 74' lang='lat' dir='ltr'><strong>textu.</strong></span> 
     </span>
    </p>
   </div>
  </div>
