3986 6206
205 286 348 344 1129

1130 297 1474 356 [ΖΟΜΜΕΝΤ.
1520 301 1584 357 ΙΝ
1627 304 1846 362 EPIST.
1889 307 1978 361 AD
2019 308 2182 365 ROM.
2227 311 2352 368 LIB.
2399 314 2508 370 V’il.

3324 332 3458 387 “50

199 404 566 473 appellatione
615 407 846 462 ﬁliorum
896 427 1062 465 unum
1107 414 1343 484 aliquem
1387 434 1451 474 ex
1493 420 1577 474 his
1607 423 1780 476 tradi-
1811 431 1858 486 Α
1889 427 1975 480 nia
2015 428 2174 481 nobis
2208 430 2428 487 donabit
2457 449 2471 485 :
2500 453 2516 486 ι
2565 437 2664 488 hoc
2691 445 2793 503 est,
2840 439 2938 508 ipsi
2971 441 3189 510 quidem
3240 456 3298 500 ut
3345 451 3458 502 ha!-

198 493 346 550 disse
379 506 665 564 putaretur
688 501 778 568 qui
810 501 861 555 in
899 502 1040 557 ﬁlios
1075 505 1399 562 videbantur
1429 511 1648 575 adsciti,
1684 513 1779 568 ad-

198 585 340 639 didit
384 603 404 637 t
442 590 662 656 proprio
709 589 870 656 Filio,
906 611 924 642 ι
971 603 1028 648 ut
1077 610 1200 649 eum
1233 599 1322 666 qui
1359 600 1507 656 solus
1553 618 1619 656 ex
1661 605 1779 673 ipso

199 674 310 731 Deo
341 675 596 732 incﬂ'abili
627 681 908 736 uativitate
927 695 1239 752 generatur,
1277 694 1607 747 ostenderet.
1635 712 1654 744 ι
1677 693 1797 749 Pro-

154 758 158 767 ’
194 767 358 822 nobis
403 784 534 840 ergo
575 772 828 826 omnibus
871 775 1090 829 tradidit
1129 793 1276 844 eum,
1311 798 1331 831 ι
1367 797 1470 835 non
1523 784 1612 837 illa
1670 797 1777 839 tra-

192 858 404 914 ditione
434 875 538 930 qua
566 863 831 933 scriptum
875 877 956 920 est
983 869 1027 899 ¹⁸
1067 888 1081 922 :
1116 886 1135 920 α
1174 868 1372 926 Tradet
1399 881 1576 927 autem
1612 875 1778 930 frater

194 949 424 1006 fratrem
458 955 508 1006 in
545 965 801 1023 mortem,
845 969 898 1011 et
932 970 1184 1028 parentes
1219 963 1381 1027 ﬁlios,
1412 982 1431 1016 ι
1475 967 1570 1020 sed
1604 969 1774 1022 tradi-

190 1043 346 1098 disse
371 1059 494 1100 eum
518 1046 721 1101 dicitur
754 1049 853 1104 hoc
883 1050 1022 1118 ipso,
1053 1054 1196 1120 quod
1231 1070 1356 1109 cum
1395 1056 1446 1110 in
1475 1057 1644 1111 forma
1678 1059 1771 1114 Dei

190 1147 363 1198 esset.
389 1153 582 1207 passus
613 1149 700 1194 est
728 1155 850 1194 eum
873 1142 1150 1199 exinanire
1179 1145 1438 1214 seipsum,
1461 1156 1516 1200 et
1545 1146 1770 1204 formam

189 1229 339 1282 servi
373 1232 674 1299 suscipere,
707 1240 757 1286 et
799 1247 966 1301 usque
995 1237 1063 1288 ad
1099 1246 1328 1291 mortem
1369 1239 1548 1292 crucis
1578 1253 1774 1308 perve-

188 1320 314 1373 nire
338 1320 422 1374 “:
453 1331 511 1376 ut
551 1323 604 1376 in
637 1323 753 1392 ipso
792 1328 1044 1382 omnibus
1081 1327 1388 1397 exemplum
1443 1329 1771 1386 obedientia:

189 1417 444 1472 poneret,
464 1419 515 1461 et
540 1409 678 1464 viam
699 1415 1116 1468 resnrrectionis
1136 1417 1361 1470 mortuis
1377 1419 1614 1486 aperiret
1631 1420 1766 1490 (89).

193 1512 214 1545 t
249 1494 358 1549 Pro
417 1498 668 1554 omnibus
729 1515 859 1572 ergo
918 1503 1138 1558 tradidit
1200 1520 1345 1579 eum.
1381 1524 1400 1557 ι
1441 1505 1556 1562 Non
1595 1508 1767 1564 solum

187 1601 290 1653 pro
322 1589 552 1655 sanctis,
586 1608 694 1646 non
727 1592 898 1648 solum
930 1609 1028 1664 pro
1060 1599 1291 1666 magnis,
1323 1599 1418 1653 sed
1455 1608 1508 1654 et
1535 1614 1633 1668 pro
1663 1601 1768 1656 tui-

188 1677 378 1742 nimis,
411 1687 468 1732 et
506 1695 602 1749 pro
642 1683 894 1737 omnibus
933 1682 1043 1756 (90)
1101 1688 1324 1741 Omnino
1380 1689 1470 1756 qui
1531 1697 1661 1744 sunt
1711 1691 1764 1745 in

188 1767 436 1824 Ecclesia
481 1772 706 1827 tradidit
737 1772 933 1828 Filium
966 1777 1242 1846 proprium
1293 1777 1456 1834 Pater
1490 1795 1503 1831 :
1538 1790 1590 1834 et
1639 1779 1762 1836 ideo
1794 1784 1838 1838 Β
1868 1767 2061 1854 “ben-1
2091 1767 2430 1870 διίεφιίιειεηί
2474 1767 3115 1867 ειεεῖοτυηέ’έί;ζ,’τι]ξη“ξέ

187 1859 354 1913 etiam
399 1861 445 1914 si
495 1862 846 1918 minimorum
874 1865 1108 1934 aliquem
1143 1875 1200 1922 et
1231 1867 1568 1924 inﬁrmorum
1603 1870 1764 1926 laidat

186 1951 334 2018 quis,
385 1956 699 2022 percutiens
749 1957 866 2026 ejus
922 1957 1193 2012 inﬁrmam
1255 1961 1668 2028 conscientiam,
1707 1962 1760 2016 in

184 2041 470 2100 Christum
507 2061 737 2114 peccare
775 2049 992 2112 dicitur,
1029 2049 1286 2117 quoniam
1339 2051 1556 2121 quidem
1599 2068 1758 2107 scan-

183 2134 391 2189 dalizat
418 2138 655 2192 animam
687 2155 784 2209 pro
814 2150 918 2210 qua
939 2141 1189 2196 Christus
1217 2153 1462 2198 mortuus
1489 2153 1593 2200 est.
1623 2145 1758 2213 Quia

180 2245 314 2298 ergo
341 2245 440 2299 pro
471 2231 725 2288 omnibus
764 2231 923 2286 nobis
957 2232 1180 2287 tradidit
1207 2233 1403 2288 Filium
1440 2236 1761 2299 Pater.nul-

183 2321 268 2375 lns
300 2323 550 2388 omnino,
584 2337 652 2378 ne
684 2323 944 2378 minimus
981 2324 1198 2394 quidem
1231 2325 1322 2395 qui
1354 2335 1434 2380 est
1469 2327 1522 2380 in
1574 2327 1758 2384 Eccle-

179 2413 286 2476 sia,
333 2413 764 2469 contemnendus
801 2423 920 2469 est:
956 2423 1010 2469 et
1048 2416 1170 2471 ideo
1216 2417 1474 2472 Dominus
1512 2417 1626 2488 ipse
1678 2420 1761 2475 di-

178 2503 341 2558 cebat
373 2521 460 2570 at
499 2501 555 2558 Si
587 2505 710 2572 quis
751 2506 1204 2560 seandalizaverit
1233 2523 1398 2563 unum
1432 2525 1499 2564 ex
1543 2511 1756 2579 pusillis

177 2595 302 2650 istis
335 2596 599 2664 minimis,
635 2597 858 2666 expedit
884 2599 1080 2652 molam
1115 2599 1226 2670 (9|)
1253 2601 1545 2655 asinariam
1594 2603 1757 2673 ligari

174 2685 323 2740 circa
355 2685 554 2739 collum
587 2685 726 2755 ejus,
755 2695 810 2740 et
830 2687 1152 2756 praacipitari
1172 2704 1292 2742 eum
1324 2692 1374 2744 in
1399 2707 1567 2757 mare,
1595 2708 1753 2762 quam

172 2787 234 2831 ut
263 2778 604 2832 scandalizet
631 2795 797 2834 unum
818 2795 885 2835 ex
910 2782 994 2835 his
1020 2781 1083 2834 ⁸⁷.
1115 2798 1134 2832 ι
1182 2781 1322 2836 Deus
1349 2797 1498 2852 ergo,
1529 2785 1617 2855 qui
1657 2803 1756 2843 nos

171 2870 447 2937 pretiosos
499 2873 703 2941 proprii
757 2872 877 2927 Filii
926 2888 1026 2943 pro
1072 2874 1226 2930 nobis
1279 2875 1579 2944 pretiosum
1633 2878 1754 2932 fnn-

170 2961 354 3016 dendo
395 2965 715 3032 sanguinem
768 2963 921 3027 fecit,
957 2982 977 3016 ι
1012 2967 1286 3034 quomodo
1335 2982 1444 3022 non
1475 2983 1595 3023 cum
1634 2969 1752 3038 ipso

166 3054 356 3108 omnia
393 3054 549 3110 nobis
580 3056 844 3112 donabit?
873 3077 892 3111 ι
932 3057 1076 3113 Nihil
1107 3068 1192 3115 est
1233 3059 1377 3114 enim
1417 3063 1532 3114 sive
1563 3062 1751 3116 visibi-

166 3145 262 3210 lis,
304 3147 426 3200 sive
449 3147 740 3204 invisibilis
771 3148 884 3220 (92)
919 3159 1208 3216 creaturae,
1235 3153 1376 3219 quod
1404 3152 1541 3206 Filio
1577 3154 1752 3221 possit

167 3237 456 3308 adaquari
483 3254 499 3292 :
528 3238 674 3293 nullo
711 3243 856 3294 enim
891 3250 1050 3309 pacto
1073 3241 1307 3296 creatori
1353 3257 1450 3298 suo
1498 3254 1748 3298 creatura

163 3339 354 3396 potest
377 3329 652 3392 conferri;
680 3339 734 3382 et
757 3328 803 3382 si
834 3339 1052 3384 creator
1073 3331 1188 3398 ipse
1216 3333 1446 3386 donatus
1467 3342 1549 3387 est
1570 3333 1748 3398 nobis,

163 3420 452 3487 quomodo
492 3435 594 3474 non
629 3437 752 3475 cum
788 3422 908 3490 ipso
937 3423 1096 3478 nobis
1126 3423 1303 3476 omnis
1341 3421 1452 3494 (93)
1496 3435 1747 3481 creatura

163 3507 500 3562 donabitur?
535 3508 795 3575 Quamvis
823 3525 1008 3564 sermo
1043 3510 1132 3564 hic
1162 3511 1452 3580 dupliciter
1473 3516 1643 3581 possit
1666 3516 1750 3570 in-

165 3599 367 3669 telligi,
390 3601 441 3654 id
463 3611 568 3667 est,
593 3605 739 3671 quod
774 3620 792 3652 ι
820 3619 942 3658 cum
970 3602 1060 3657 illo
1087 3602 1243 3657 nobis
1264 3605 1446 3659 omnia
1471 3605 1744 3660 donabit.»

161 3689 308 3750 Nam
342 3691 524 3758 ethoc
551 3703 729 3762 potest
755 3693 926 3748 videri
971 3694 1113 3762 quod
1143 3694 1190 3748 si
1227 3693 1522 3750 habeamus
1564 3697 1616 3750 in
1648 3713 1750 3750 no-

165 3785 255 3836 bis
289 3781 570 3837 Christum
611 3785 911 3840 secundum
958 3785 1060 3840 hoc
1091 3785 1235 3852 quod
1284 3784 1519 3841 Verbum
1561 3797 1618 3842 et
1657 3803 1748 3844 sa-

163 3875 402 3944 pientia,
435 3887 488 3928 et
513 3877 737 3938 veritas,
761 3877 1064 3946 etjustitia,
1092 3889 1150 3934 et
1188 3893 1291 3948 pax
1317 3888 1423 3942 est,
1451 3888 1504 3932 et
1550 3890 1747 3934 caztera

162 3969 354 4023 omnia
383 3983 502 4037 qua:
532 3971 598 4024 de
625 3985 690 4024 eo
721 3973 924 4040 scripta
951 3981 1098 4036 sunt,
1131 3987 1254 4027 cum
1281 3971 1382 4026 hac
1409 3973 1746 4041 plenitudine

163 4063 436 4116 virtutum
495 4065 650 4118 nobis
701 4064 886 4118 omnia
943 4064 1310 4130 donabantur,
1364 4074 1424 4117 ut
1470 4064 1580 4132 jam
1639 4082 1746 4120 non

165 4167 338 4206 unum
365 4167 430 4206 ex
466 4155 727 4209 omnibus
749 4154 1038 4220 creaturis,
1068 4163 1123 4208 et
1151 4168 1378 4223 parvum
1412 4162 1569 4209 terra;
1599 4155 1745 4210 hunc

165 4243 348 4298 locum
377 4259 536 4310 quem
563 4260 708 4298 nunc
733 4245 980 4298 videmur
1013 4243 1282 4307 habitare,
1315 4253 1595 4298 teneamus
1609 4245 1742 4317 (94),

163 4333 265 4388 sed
291 4335 472 4387 omnia
499 4349 838 4403 quaecunque
859 4334 1070 4388 creavit
1091 4333 1232 4388 Deus
1264 4333 1496 4387 visibilia
1523 4344 1577 4387 et
1608 4337 1743 4388 invi-

1888 519 2024 583 redi,
2062 521 2218 576 nobis
2247 537 2378 578 vero
2417 535 2475 579 ut
2505 527 2880 586 colueredihus
2913 532 3032 601 ejus
3073 536 3282 604 pariter
3330 555 3453 596 cum

1887 607 2002 680 ipso
2035 613 2237 680 perfrui
2271 616 2520 672 universa
2552 617 2768 674 dabitur
2799 631 3077 680 creatura.

1957 701 2040 756 lo.
2082 722 2102 756 t
2135 703 2269 770 Quis
2296 709 2580 763 accusabit
2607 712 2871 769 adversus
2895 715 3100 773 electos
3133 717 3272 774 Dei?
3315 719 3456 776 Dens

1883 791 1972 860 qui
2022 789 2330 861 iustiﬁcat;
2383 797 2505 867 quis
2566 808 2649 854 est
2703 804 2794 870 qui
2861 804 3229 861 condemnet?
3287 809 3450 880 607

1881 882 2134 939 Christus
2197 883 2354 942 Jesus
2418 891 2511 959 qui
2581 903 2834 949 mortuus
2890 906 3012 962 est,
3081 897 3189 954 imo
3270 912 3451 956 autem

1883 973 1974 1042 qui
2011 977 2329 1038 resurrexit.
2369 981 2459 1045 qui
2491 991 2573 1036 est
2600 983 2668 1037 ad
2699 984 2977 1042 dexteram
3007 980 3126 1057 Dei,
3159 993 3250 1062 qui
3287 994 3451 1050 etiam

1883 1061 2190 1130 interpellat
2220 1079 2318 1133 pro
2347 1065 2501 1122 nobis
2526 1071 2589 1123 η.
2633 1089 2651 1122 ι
2703 1074 2930 1130 Videtur
2962 1078 3090 1134 mihi
3142 1061 3284 1151 quod
3327 1085 3450 1140 ait:

1886 1169 1904 1199 t
1936 1151 2067 1218 Quis
2098 1156 2378 1212 accusabit
2413 1158 2676 1217 adversus
2693 1163 2898 1222 electos
2923 1167 3064 1223 Dei?
3097 1189 3118 1222 ι
3149 1171 3214 1227 de
3239 1173 3458 1230 diabolo
3555 1207 3562 1210 -

1879 1241 2311 1338 dicere.l‘lullus
2346 1251 2492 1304 enim
2529 1252 2601 1308 ita
2634 1255 2839 1313 electus
2863 1269 2918 1315 et
2946 1261 3014 1315 ita
3052 1277 3277 1333 magnus
3311 1265 3450 1338 (95),

1879 1348 2036 1401 quem
2091 1335 2182 1390 ille
2217 1355 2324 1392 non
2373 1342 2569 1398 audeat
2613 1360 2912 1418 accusare,
2950 1353 3052 1408 nisi
3096 1355 3243 1411 illum
3276 1335 3449 1414 solum

1883 1443 1902 1475 ι
1939 1427 2030 1520 qui
2059 1440 2341 1496 pcecattun
2379 1447 2482 1488 non
2509 1433 2637 1490 fecit
2667 1440 2734 1503 ",
2770 1457 2792 1493 ι
2829 1443 2921 1512 qui
2953 1454 3008 1499 et
3041 1445 3252 1503 dicebat
3288 1449 3399 1520 (96)
3429 1468 3446 1505 :

1883 1533 1902 1566 ς
1941 1514 2095 1570 Nunc
2122 1521 2267 1574 venit
2307 1522 2560 1593 princeps
2587 1528 2746 1597 hujus
2776 1533 2982 1600 mundi,
3021 1544 3074 1590 et
3107 1536 3159 1591 in
3197 1514 3446 1595 me'nihil

1878 1609 2082 1665 invenit
2111 1614 2177 1668 ὀ.
2217 1633 2235 1666 ι
2276 1614 2382 1670 Sed
2431 1622 2679 1688 quamvis
2729 1623 2816 1678 ille
2858 1634 3050 1683 exerat
3097 1627 3209 1702 (97)
3257 1635 3449 1702 nequi-

1877 1703 2004 1757 tiam
2034 1706 2294 1774 propositi
2327 1709 2433 1775 sui,
2464 1711 2573 1766 Deo
2598 1712 2936 1782 justiﬁeanle
2958 1727 3014 1774 et
3041 1720 3255 1780 delente
3302 1725 3446 1780 sicut

3125 1855 3140 1880 ,
3191 1827 3246 1872 et
3296 1818 3444 1874 sicut

1865 1887 2148 1956 caliginem
2185 1900 2404 1960 peccata
2457 1909 2686 1962 eorum,
2735 1908 2790 1952 et.
2837 1914 2867 1955 a
2913 1903 3188 1970 prioribus
3230 1905 3444 1964 delictis

1863 1993 1959 2034 eos
1988 1980 2274 2035 dealbante
2305 1993 2363 2039 ut
2399 1984 2615 2050 nivem,
2656 1996 2710 2042 et
2766 1991 2906 2044 sicut
2936 1992 3110 2048 lanam
3157 1995 3444 2055 candidam

1862 2069 2096 2124 faciente
2126 2073 2194 2138 ",
2239 2073 2368 2142 quid
2415 2076 2662 2144 proﬁciet
2715 2085 3038 2138 accusator?
3083 2086 3187 2141 Sed
3233 2099 3287 2144 et
3314 2105 3441 2145 cum

1862 2159 2117 2217 Christus
2141 2178 2240 2232 pro
2267 2165 2347 2218 eis
2379 2176 2626 2223 mortuus
2655 2169 2760 2236 sit,
2793 2171 2904 2227 imo
2929 2176 3110 2242 potius
3141 2193 3168 2232 a
3211 2179 3440 2240 mortuis

1863 2255 2224 2308 resurrexerit
2247 2295 2264 2319 ,
2291 2265 2347 2310 et
2371 2266 2478 2311 stet
2507 2273 2536 2311 a
2569 2260 2776 2317 dextris
2805 2263 3016 2333 Patris,
3047 2277 3103 2324 et
3129 2269 3437 2340 interpellet

1861 2353 1961 2408 pro
1992 2339 2112 2406 his,
2143 2342 2266 2410 quis
2303 2357 2398 2398 eos
2424 2348 2624 2414 poterit
2656 2350 3061 2410 condemnare?
3088 2357 3148 2412 In
3192 2339 3436 2424 superio-

1862 2429 2015 2487 ribus
2049 2443 2272 2488 sanctus
2308 2451 2328 2484 ι
2356 2432 2592 2506 Spiritus
2650 2439 2980 2510 interpellat,
3014 2445 3186 2517 inquit
3208 2443 3277 2512 “,
3337 2465 3436 2521 pro

1860 2523 2016 2578 nobis
2049 2525 2338 2594 gemitibus
2389 2527 2846 2588 ineuarrabilibus
2872 2535 2962 2590 ’δε
3020 2556 3040 2590 ο
3087 2541 3173 2596 hic
3211 2561 3232 2594 ι
3267 2541 3433 2599 ΟΙιτῖο

1857 2620 1974 2668 stus
2025 2611 2182 2668 Jesus
2215 2616 2304 2684 qui
2343 2628 2590 2674 mortuus
2621 2630 2702 2675 est
2739 2631 2795 2675 et
2856 2628 3189 2696 resurrexit,
3231 2649 3251 2683 ι
3319 2617 3434 2702 ipse

1860 2717 1884 2754 ι
1922 2702 2229 2772 interpellat
2260 2721 2353 2774 pro
2393 2705 2546 2762 nobis
2580 2707 2646 2762 ".
2685 2728 2705 2762 ι
2747 2713 2886 2768 Deus
2915 2715 3004 2784 qui
3030 2719 3310 2788 proprium
3340 2717 3433 2776 Fi-

1857 2793 1986 2848 lium
2043 2796 2265 2850 tradidit
2316 2815 2413 2866 pro
2467 2799 2655 2867 nobis,
2717 2802 2831 2871 ipse
2871 2803 3134 2872 justilicat
3179 2809 3428 2867 electos:

1854 2883 1978 2953 quis
2008 2883 2112 2939 erit
2141 2886 2278 2940 ultra
2311 2887 2401 2956 qui
2460 2889 2657 2942 audeat
2705 2893 3068 2953 condemnare
3093 2897 3118 2951 2
3143 2895 3249 2954 Sed
3305 2901 3428 2957 dili-

1855 2976 2066 3045 gentius
2113 2976 2331 3032 intuere
2378 2982 2649 3048 quomodo
2693 2982 2986 3051 Apostolus
3060 3005 3325 3060 nusquam
3373 2994 3430 3050 in

1857 3065 2200 3120 sermonibus
2253 3066 2365 3120 suis
2406 3067 2474 3120 ab
2503 3068 2688 3122 insita
2734 3071 2834 3125 sibi
2895 3074 3105 3130 cautela
3163 3069 3440 3134 discedat.‘

1855 3153 1971 3208 Non
2012 3155 2191 3209 dixit:
2226 3173 2246 3207 t
2282 3156 2414 3222 Quis
2462 3159 2743 3214 accusabit
2777 3177 2796 3212 ι
2845 3161 3128 3218 adversum
3184 3165 3438 3234 vocatos,’

1853 3246 1944 3300 sed
1973 3263 1992 3298 t
2028 3247 2313 3302 adversum
2345 3247 2543 3303 electos
2569 3249 2592 3302 τ
2626 3267 2646 3302 ι
2692 3248 2802 3305 Nisi
2833 3254 2976 3308 enim
3005 3254 3176 3311 fueris
3199 3255 3438 3328 electus,‘

1853 3337 1956 3390 nisi
1983 3337 2046 3390 in
2077 3339 2328 3393 omnibus
2363 3347 2414 3393 te
2443 3339 2757 3396 esbibueris
2791 3343 3130 3412 probabilem
3168 3346 3297 3414 Deo,
3331 3346 3438 3406 ha-'

1853 3426 2005 3482 bebis
2034 3438 2427 3483 accusatorem.
2475 3428 2534 3484 Si
2584 3431 2730 3486 enim
2771 3448 2936 3488 causa
2985 3444 3071 3490 tua
3117 3438 3262 3493 mala
3317 3417 3438 3507 est,l

1851 3511 1895 3572 si
1926 3527 1977 3572 te
2006 3519 2210 3572 crimen
2242 3529 2389 3574 tuum
2423 3522 2714 3592 astringit,
2747 3525 2876 3594 quid
2912 3527 3006 3579 tihi
3051 3529 3296 3595 proderit
3327 3513 3438 3585 ad-l

1851 3616 2105 3671 vocatus,
2149 3609 2359 3662 etiamsi
2403 3607 2562 3664 Jesus
2605 3612 2674 3665 sit
2720 3613 2811 3680 qui
2860 3613 3209 3684 interpellat?
3259 3615 3422 3674 Iesus

1850 3700 1994 3753 enim
2025 3699 2226 3752 veritas
2253 3708 2335 3752 est
2367 3699 2411 3728 ⁸⁸
2438 3715 2451 3749 :
2484 3714 2591 3753 non
2624 3710 2803 3768 potest
2829 3717 2960 3768 ergo
2993 3721 3090 3773 pro
3133 3716 3184 3759 te
3215 3708 3424 3762 veritas

1851 3787 2057 3842 fallere.
2095 3785 2148 3840 lu
2182 3788 2281 3841 hoc
2315 3787 2407 3841 tibi
2455 3788 2807 3857 opitulabitur
2845 3792 2956 3862 (98)
2987 3797 3306 3863 advocatus,
3341 3803 3416 3852 ne

1849 3880 2188 3935 accusatoris
2230 3878 2514 3933 calumniis
2567 3879 2897 3948 iuvolvaris,
2930 3900 2995 3939 ne
3027 3886 3118 3940 tibi
3147 3889 3418 3955 praeterita

1848 3981 2093 4042 peccata,
2127 3985 2244 4040 quae
2274 3985 2369 4039 per
2392 3971 2721 4039 baptismum
2749 3973 2922 4028 deleta
2954 3987 3114 4042 sunt,
3147 3980 3420 4048 imputen-

1849 4074 1956 4120 tur.
1988 4063 2044 4118 Si
2079 4078 2206 4117 vero
2234 4073 2353 4133 post
2392 4064 2506 4117 haec
2543 4063 2736 4118 iterum
2789 4067 3070 4137 delinquas
3092 4109 3108 4134 ,
3143 4085 3242 4125 nec
3293 4071 3419 4128 ullis

1847 4156 1962 4211 haec
2007 4155 2344 4224 poenitentia:
2397 4155 2648 4225 lacrymis
2702 4156 2910 4223 diluas,
2964 4160 3270 4216 accusatori
3327 4172 3420 4220 tuo

1845 4247 2170 4302 criminandi
2209 4259 2259 4302 te
2297 4246 2581 4300 materiam
2634 4246 2790 4304 dabis
2819 4269 2832 4304 :
2861 4261 2916 4304 et
2958 4254 3208 4320 quamvis
3258 4252 3419 4310 Iesus

1845 4339 2149 4408 interpellet
2181 4355 2276 4409 pro
2310 4339 2490 4406 nobis,
2526 4357 2629 4396 non
2661 4351 2841 4412 potest
2877 4352 3056 4398 tamen
3088 4345 3199 4416 (99)
3231 4345 3416 4403 dicere

164 4425 375 4490 sibilia,
409 4425 620 4480 occulta
648 4436 702 4480 et
740 4425 1048 4488 manifesta,
1079 4424 1401 4494 temporalia
1440 4435 1493 4480 et
1536 4434 1737 4481 interna
1772 4452 1820 4508 ο
1845 4431 2000 4487 Jesus
2031 4431 2286 4487 tenebras
2306 4432 2480 4488 lucem
2506 4449 2647 4496 esse,
2680 4448 2855 4502 neque
2883 4449 3129 4488 amarum
3159 4437 3318 4492 dulce
3341 4437 3413 4493 ".

164 4532 291 4571 cum
326 4517 545 4572 Christo
595 4518 804 4588 pariter
869 4514 1182 4570 habeamus.
1223 4513 1411 4569 Potest
1460 4527 1635 4570 autem
1687 4528 1741 4572 et

163 4609 276 4664 alio
316 4609 479 4662 modo
515 4610 595 4664 sic
631 4607 854 4677 intelligi
882 4608 1026 4676 quod
1058 4607 1231 4660 dixit:
1280 4623 1299 4658 t
1329 4607 1462 4661 Cum
1489 4609 1606 4677 ipso
1624 4625 1738 4664 om-

235 4701 282 4733 ¹⁸
314 4699 504 4754 Matth.
537 4717 589 4766 ς,
617 4702 706 4756 21.
784 4702 828 4732 ¹⁸
851 4699 1046 4769 Philip.
1070 4714 1129 4760 Il,
1159 4698 1214 4764 6,
1251 4698 1302 4752 7.

162 4788 226 4828 it.
253 4771 346 4826 ‘22.
420 4772 464 4802 ³⁸
495 4769 652 4825 Joau.
677 4787 790 4836 xiv,
813 4771 904 4825 50.
1017 4770 1060 4801 "
1095 4769 1218 4822 lsai.
1251 4784 1397 4832 thv,
1434 4770 1523 4823 22.

161 4843 210 4874 ²⁶
231 4839 391 4895 Joan.
417 4855 527 4906 xiv,
549 4840 602 4894 6.
677 4843 723 4873 ⁸⁷
747 4839 872 4896 lsai.
894 4853 946 4905 v,
969 4837 1061 4892 ‘20.
1132 4839 1178 4870 ³⁸
1197 4838 1342 4894 Psal.
1367 4855 1419 4903 L,
1442 4839 1497 4894 6.

235 4931 350 5002 (89)
385 4931 548 4996 Editi,
591 4950 608 4983 t
650 4941 700 4987 et
736 4932 878 4985 viam
913 4930 1332 4988 resurrectionis
1367 4947 1394 5002 a
1429 4932 1676 4995 mortuis,
1710 4953 1725 4984 ι

157 5001 270 5056 etc.
291 5003 568 5068 Ms.uuus,
606 5020 624 5052 t
652 5017 802 5072 spem
823 5003 985 5056 etiam
1013 5001 1426 5057 resurrectionis
1451 5004 1728 5068 mortuis,»

158 5083 268 5126 etc.

235 5141 352 5210 (90)
389 5140 454 5194 Et
481 5158 574 5205 pro
599 5141 855 5194 omnibus.
877 5139 1003 5195 Hinc
1025 5140 1185 5210 verba
1216 5140 1412 5194 desunt
1449 5140 1501 5195 itt
1541 5138 1731 5210 pleris-

158 5225 270 5272 que
302 5209 435 5266 mss.
465 5213 598 5264 etin
624 5212 895 5280 editis,iet
937 5212 1076 5280 apud
1100 5209 1413 5276 Rabanum;
1449 5209 1551 5265 sed
1575 5212 1733 5265 resti-

163 5289 399 5332 tuuntur
430 5282 496 5333 ab
530 5295 637 5333 uno
669 5295 770 5334 ms.
813 5279 998 5349 Regio.

234 5351 348 5416 (9|)
387 5349 549 5412 Editi,
583 5368 602 5401 t
642 5351 832 5403 melius
865 5347 948 5404 est
977 5347 1192 5407 mulam.
1230 5369 1249 5399 ι
1277 5356 1382 5402 etc.

236 5420 350 5490 (92)
389 5420 555 5484 Editi,
601 5437 619 5470 ι
650 5419 816 5474 dedit.
854 5417 997 5474 Nihil
1025 5429 1108 5473 est
1146 5418 1393 5485 visibilis,
1437 5419 1552 5475 sive
1597 5421 1738 5476 invi-

156 5491 361 5553 sibilis,
389 5509 411 5540 ι
449 5497 556 5544 etc.

255 5559 350 5680 95)
394 5558 600 5639 omnis.
635 5558 912 5640 Omittitur
960 5560 1012 5613 in
1049 5567 1202 5638 antea
1237 5557 1418 5613 editis.

257 5630 328 5680 94
391 5628 554 5680 Editi.
596 5647 614 5680 t
660 5638 717 5680 ut
762 5644 868 5680 tam
910 5645 1014 5680 non
1062 5644 1114 5680 in
1167 5645 1332 5680 unum
1373 5643 1418 5680 ei

257 5628 350 5697 94)
391 5628 554 5692 Editi,
596 5647 614 5680 α
660 5638 717 5681 ut
757 5629 868 5697 jam
910 5645 1014 5682 non
1062 5630 1114 5682 in
1167 5645 1332 5682 unum
1373 5643 1439 5683 ex
1480 5629 1735 5685 omnibus

332 5684 344 5699 Ι

155 5697 455 5760 creaturis,
488 5707 544 5752 et
577 5713 798 5767 parvum
829 5709 987 5752 terrae
1018 5700 1164 5752 hunc
1194 5697 1368 5753 locum
1409 5713 1574 5768 quem
1622 5713 1728 5753 non

361 5791 636 5853 Panos.
679 5789 796 5849 Gn.
845 5790 1010 5853 XIV.

1849 4520 1904 4577 Si
1937 4536 2065 4592 ergo
2089 4522 2169 4576 vis
2187 4523 2403 4576 vincere
2423 4536 2543 4576 cum
2571 4522 2830 4589 judicaris
2855 4524 2902 4556 "
2935 4523 3033 4596 (l),
3068 4525 3152 4580 fac
3177 4529 3319 4596 quod
3344 4527 3415 4584 de

1840 4611 1986 4680 justo
2013 4612 2274 4680 scriptum
2303 4620 2386 4665 est
2420 4629 2434 4665 :
2473 4628 2493 4663 ‹
2532 4612 2763 4682 Dispoue
2792 4629 3074 4670 sermones
3110 4625 3230 4671 tuos
3253 4615 3308 4671 in
3330 4616 3415 4686 ju-

1383 4699 1630 4774 "hlatth.
1663 4720 1812 4770 xvi-ti,
1847 4706 1914 4770 6;
1978 4705 2109 4759 Luc.
2143 4720 2275 4769 xvii,
2308 4703 2361 4758 2.
2432 4705 2473 4735 ’⁸⁸
2517 4704 2668 4759 Rom.
2703 4722 2822 4767 vitt.
2850 4705 2940 4774 53,
2969 4707 3058 4762 34.
3137 4709 3180 4741 "
3217 4707 3410 4764 lPetr.

1629 4774 1672 4804 "
1707 4774 1830 4830 lsai.
1861 4793 1898 4843 l,
1949 4776 2032 4830 18.
2109 4774 2156 4805 ³³
2183 4775 2338 4828 liotu.
2367 4790 2482 4836 viti,
2537 4776 2624 4828 26.
2703 4777 2750 4807 "
2776 4777 2907 4832 ibid.
2931 4775 3024 4833 54.
3097 4779 3142 4810 ³⁸
3164 4779 3292 4834 ibid.
3315 4779 3405 4835 52.

1840 4933 2106 4992 videmus,
2135 4929 2388 4985 habitare
2415 4929 2720 4984 timeamus.
2753 4949 2774 4982 ο

1913 5001 2028 5072 (95)
2078 5001 2169 5054 Sic
2213 5015 2343 5053 mss.
2397 5001 2664 5074 plerique.
2710 5000 3065 5074 Ptahanus'et
3107 5005 3261 5057 editi.
3305 5004 3404 5074 Ms.

1841 5068 2018 5126 tamen
2074 5084 2240 5131 unus,
2305 5086 2324 5119 ι
2401 5068 2586 5122 Nullus
2637 5069 2780 5124 enim
2809 5080 2892 5126 est
2935 5072 3142 5128 electus
3182 5074 3258 5128 ita
3293 5071 3410 5128 ma-

1839 5157 1996 5212 gnus,
2027 5149 2188 5212 t__etrc.

1911 5211 2023 5279 (96)
2049 5209 2208 5270 Etliti,
2246 5227 2264 5259 ‹
2297 5207 2397 5262 nisi
2429 5207 2513 5260 ille
2544 5208 2693 5280 solus
2729 5246 2744 5262 .
2772 5245 2788 5262 .
2813 5246 2830 5262 .
2863 5210 2952 5280 qui
2980 5211 3196 5266 dicebat
3216 5211 3354 5279 haec,
3380 5233 3402 5266 ι

1844 5292 1949 5334 etc.
1994 5280 2196 5333 Deinde
2225 5295 2325 5332 ms.
2356 5292 2514 5341 unus,
2549 5295 2568 5328 ι
2603 5287 2658 5333 et
2685 5279 2736 5332 in
2769 5295 2854 5334 tne
2881 5279 2985 5334 non
3018 5281 3221 5337 invenit
3246 5285 3405 5353 quid-

1881 5365 2026 5402 nam.
2063 5367 2103 5420 ι
2317 5413 2346 5420 _
2457 5416 2468 5420 _
2603 5415 2614 5420 Α
3345 5391 3372 5420 -ι

1842 5365 2026 5486 (Iulii?)
2056 5367 2273 5472 Exorat.
2307 5413 2704 5482 Geuebrardns,
2745 5434 2764 5469 α
2799 5425 3068 5479 exerceat.
3107 5437 3128 5471 ι
3165 5419 3328 5475 male.

1913 5488 2026 5556 (98)
2061 5489 2153 5542 Sic
2175 5501 2362 5556 omnes
2385 5502 2514 5538 mss.
2543 5497 2596 5539 et
2631 5486 2908 5544 Rabanns.
2939 5487 3077 5540 Editi
3109 5503 3257 5554 vero,
3295 5508 3315 5540 ι
3343 5487 3403 5548 In

1842 5555 1956 5627 quo,
1979 5555 2476 5627 tibi_opitulahitu_r_,
2519 5573 2538 5604 ι
2575 5566 2685 5610 etc.
2721 5583 2726 5587 ·

1937 5626 2026 5694 99)
2064 5624 2275 5680 Tamen.
2311 5624 2656 5694 Desideratur
2696 5627 2749 5680 in
2775 5627 2957 5682 editis;

1937 5629 2026 5694 99)
2064 5629 2275 5680 Tamen.
2311 5629 2656 5678 Desideratur
2696 5629 2776 5680 int

1911 5629 1989 5766 il)
2021 5695 2184 5761 Editi,
2209 5711 2231 5744 ι
2270 5693 2410 5762 quod
2434 5692 2726 5765 judicaris.
2757 5714 2776 5748 ι

3050 5788 3127 5848 36
