1993 3103
115 199 184 225 H55

572 202 750 230 COMMENT.
771 203 804 230 IN
825 203 932 230 EPIST.
952 204 997 230 AD
1018 204 1099 233 R0“.
1122 206 1184 233 LIB.
1208 206 1262 233 νη.

1668 210 1736 236 1134

148 258 194 286 12.
210 267 219 284 ι
234 259 348 288 Conﬁdo
361 261 433 287 enim
447 262 508 295 quia
520 269 607 297 neque
628 272 710 297 mors.
727 272 814 300 neque
834 265 899 298 vita,
915 266 938 295 Α
953 265 1125 300 hyperbolice
1138 267 1194 294 hrc
1207 267 1363 302 Apostolum
1381 267 1479 299 dicere,
1497 268 1545 294 hoc
1557 271 1610 299 est.
1627 276 1678 295 nntt
1693 276 1739 295 so-

112 311 202 339 neqtte
217 305 322 340 angeli,
339 313 427 341 neque
440 307 611 342 principatus
622 329 629 340 .
644 317 732 344 neque
744 310 899 345 praesentia,

111 358 202 385 neque
215 351 319 384 l'utura,
333 359 419 386 neque
434 353 558 387 virtutes,
571 362 658 389 neque
671 355 796 388 altitudo,
811 363 899 390 neque

110 397 295 431 profundum.
315 406 404 433 neque
417 405 541 428 creatura
557 401 610 428 alia
630 402 729 436 poterit
751 409 799 428 nos
817 409 897 436 sepa-

111 448 174 468 rare
190 448 205 467 a
217 441 352 482 charitate
374 443 420 471 Dei
431 464 439 476 ,
453 452 513 479 qua:
529 450 571 473 est
595 445 622 472 in
637 445 746 473 Christo
765 444 828 474 Jesu
844 446 897 473 Do-

110 486 187 514 mitto
205 492 298 515 nostro
321 488 354 515 “.
369 497 380 515 ι
407 489 478 517 Duos
493 490 602 518 videtur
620 491 730 519 ordines
752 491 898 526 Apostolus

108 533 263 561 ostendisse
278 541 373 561 eorum
387 543 446 570 qua:
457 535 613 565 hominibus
626 538 788 566 tentationes
807 540 896 567 susci-

108 583 169 606 tare
181 585 391 608 consueverunt.
412 581 445 609 Et
458 582 483 609 in
501 582 543 610 his
560 583 670 618 quidem
683 591 743 618 quae
755 585 830 620 prius
842 586 896 613 dis-

108 625 257 657 Seruimus,
272 625 452 655 ltumanarum
468 629 646 656 tentationum
661 630 820 666 intelligitur
828 632 895 660 ordo

106 670 263 706 descriptus
277 680 285 698 :
301 672 335 700 de
349 672 448 706 quibus
459 673 541 700 etiam
556 673 705 703 Corinthiis
721 676 840 711 dicebat,
852 682 895 704 ut-

108 722 174 751 pote
187 717 232 753 qui
246 717 348 752 majora
363 718 436 746 lerre
455 726 507 747 non
519 725 646 755 poterant
660 731 666 749 :
685 732 695 748 (
709 723 834 751 Tentatio
846 731 894 752 vos

107 770 162 789 non
170 763 363 798 apprehendat,
371 765 422 793 nisi
432 766 557 794 humana:
568 768 749 797 ﬁdelisautem
758 769 894 806 Deus,qui

105 815 162 850 non
174 809 312 842 permittet
322 817 372 838 vos
384 813 482 839 tentari
496 820 577 848 supra
589 814 615 842 id
625 816 695 850 quod
707 816 818 850 potestis
832 816 865 843 ⁸³.
880 825 890 842 ι

107 846 188 881 Nunc
199 853 264 883 vero
276 856 302 882 in
316 855 358 884 his
373 846 545 887 sermonibus
555 867 623 895 quos
633 846 763 890 habemus
785 863 812 890 in
832 871 891 890 ma-

105 899 200 933 nibus,
219 907 271 927 non
289 900 423 930 humanas
440 904 603 932 tentationes
616 905 727 939 indicat,
745 907 794 935 sed
807 908 892 947 majo-

951 307 1004 335 luttt
1028 317 1077 344 per
1099 318 1130 337 ea
1147 318 1206 345 qua:
1222 311 1344 339 accidere
1365 317 1494 346 possunt,
1507 312 1553 339 sed
1575 320 1609 339 tte
1633 321 1680 348 per
1705 322 1735 341 ea

950 355 1059 388 quidem
1081 364 1141 391 qua:
1151 357 1259 384 evenire
1270 357 1378 384 omnino
1388 365 1440 384 non
1451 363 1573 392 possunt,
1589 358 1642 386 ullo
1657 365 1736 394 pacto

949 407 964 427 a
982 400 1029 428 Dei
1043 401 1176 430 charitate
1190 402 1379 430 deﬂectimur:
1398 404 1472 431 verbi
1489 412 1585 437 causa,
1601 409 1629 432 ut
1644 405 1667 433 sl
1680 407 1734 434 alia

949 447 1027 475 nobis
1035 448 1146 476 daretur
1156 449 1220 481 vita,
1231 457 1310 484 quam
1324 451 1447 484 Ineequte
1455 458 1470 476 a
1483 450 1537 478 Deo
1551 451 1612 479 data
1625 457 1674 482 est.
1687 458 1735 480 aut

947 492 971 519 si
983 492 1133 521 futurorum
1146 501 1207 529 spes
1219 495 1272 522 alia
1291 495 1369 522 nobis
1386 496 1603 530 ptomittcrctur,
1617 497 1659 524 vel
1673 498 1735 525 alti-

948 539 1029 571 tudo,
1044 539 1086 567 vcl
1098 540 1181 567 etiam
1195 544 1321 567 creatura
1340 540 1392 568 alia
1410 549 1490 575 quam
1500 548 1541 569 est
1555 542 1598 569 illa
1610 550 1670 577 quae
1684 552 1734 579 pro

946 582 1112 618 coenobiis
1119 585 1296 620 congeutiscit
1309 590 1336 613 et
1346 586 1505 620 condolel",
1519 588 1590 622 quod
1613 588 1670 616 ﬁeri
1684 590 1734 617 uti-

946 635 1000 663 que
1009 636 1061 656 uon
1072 634 1170 664 potest,
1180 638 1214 658 ne
1225 630 1281 658 hate
1294 631 1401 665 quidem
1414 639 1428 658 a
1445 632 1581 660 charitatc
1594 633 1638 662 Dei
1653 642 1733 669 sepa-

946 681 1008 701 rare
1016 680 1064 702 nos
1073 679 1195 710 possent.
1209 675 1257 703 Est
1266 684 1331 712 ergo
1345 677 1389 704 hic
1402 685 1469 705 unus
1480 679 1659 713 expOsitiouis
1676 688 1731 707 nm-

945 719 1152 749 dttsNideamuS
1162 726 1251 750 tamen
1262 731 1295 750 ne
1307 722 1375 750 forte
1384 724 1556 758 possitetiam
1567 725 1616 753 iste
1624 726 1732 754 intelle-

944 769 1004 792 ctus
1020 766 1135 794 admitti.
1152 776 1161 794 ι
1172 767 1244 796 Mors
1256 778 1265 794 ι
1282 776 1362 804 quant
1378 770 1421 796 hic
1435 770 1500 797 dicit
1515 770 1583 806 (l6),
1600 771 1644 799 ille
1657 772 1730 799 acci-

943 811 1058 845 piendus
1087 817 1131 840 est
1162 820 1243 847 quem
1272 822 1353 848 supra
1383 817 1557 851 exposuimus
1588 817 1727 846 iuimicttm

942 857 1043 885 Christi
1058 858 1251 888 destruendum
1266 860 1442 888 netissimum
1456 861 1508 889 dici
1522 862 1556 890 ".
1569 862 1620 896 Qui
1636 864 1729 898 utique

942 907 1084 938 propterea
1102 912 1176 932 mors
1194 905 1304 937 dicitur,
1323 906 1386 940 quia
1405 906 1474 933 sicut
1491 907 1548 935 haec
1572 910 1727 936 communis

102 943 150 972 res
165 945 300 974 humanis.
320 946 353 974 Et
363 947 422 976 ideo
446 953 510 984 puto
534 951 606 985 quod
626 951 653 977 in
667 951 805 985 prioribus
826 939 887 981 cum
904 939 926 967 Β
941 955 1014 976 mors
1029 949 1148 976 animant
1160 954 1270 985 separat
1286 958 1300 977 a
1319 939 1443 985 corpore,
1459 951 1494 978 ita
1510 956 1537 979 ct
1553 952 1598 979 ille
1612 948 1726 981 conten-

101 991 289 1020 c'ntnuerasset
310 993 417 1028 singula
440 1002 571 1030 quaeque,
594 997 627 1026 ad
650 998 773 1026 ultimum
797 1000 886 1027 dicit:

103 1036 115 1060 ἁ
136 1035 191 1063 Sed
209 1036 237 1063 in
252 1037 294 1065 Itis
307 1036 434 1067 omnibus
446 1046 615 1076 superamus.
632 1052 642 1069 ι
661 1043 689 1071 in
707 1044 748 1072 his
766 1053 831 1074 vero
845 1053 888 1074 se-

99 1081 185 1109 cundi
197 1082 299 1111 ordinis
315 1081 509 1114 tentationibus
531 1088 587 1115 non’
606 1088 642 1116 ita
665 1090 833 1119 conﬁdenter
846 1092 887 1119 di-

97 1127 155 1160 cit,
185 1136 195 1153 (
211 1127 376 1163 Superamus
387 1149 395 1161 ,
412 1138 421 1156 ι
452 1132 499 1159 sed
523 1133 600 1161 valde
615 1136 734 1163 tenuiter
748 1136 795 1170 ait,
821 1138 885 1173 quia

98 1171 171 1200 nihil
186 1173 280 1200 horum
296 1183 305 1200 ι
317 1176 417 1209 poterit
433 1184 483 1204 nos
503 1185 631 1212 separare
649 1187 663 1207 a
683 1181 815 1210 charitate
827 1171 884 1216 Dei.

95 1216 161 1253 qua;
175 1224 218 1247 est
232 1219 258 1247 in
270 1220 379 1248 Christo
392 1221 465 1250 Jesu.
487 1232 496 1249 ι
516 1223 553 1251 De
568 1225 694 1254 humanis
708 1227 781 1255 enim
801 1232 886 1256 tenta-

97 1263 224 1293 tionibus
240 1270 368 1301 tanquam
386 1268 479 1303 parvis
492 1273 520 1296 et
535 1269 637 1299 levibus
652 1272 822 1301 conﬁdenter
836 1282 884 1302 nos

94 1309 145 1339 cas
168 1319 297 1346 superare
313 1312 470 1348 pronuntiat
488 1324 495 1343 :
511 1315 572 1344 illas
585 1324 649 1345 vero
666 1319 820 1354 superiores
832 1341 839 1353 ,
856 1326 884 1349 et

94 1357 158 1393 plus
172 1366 254 1392 quam
270 1359 413 1393 humanas,
429 1361 537 1389 etiamsi
562 1369 692 1398 superare
715 1368 742 1392 et
762 1370 883 1400 proster-

94 1410 164 1430 nere
177 1411 230 1431 non
242 1402 361 1432 valemus
374 1405 437 1439 (hoc
451 1406 523 1433 enim
538 1407 621 1436 solius
633 1408 736 1437 Christi
748 1418 816 1445 opus
829 1417 880 1445 est,

92 1448 142 1484 qui
167 1449 263 1477 texuit
281 1449 450 1485 principatus
472 1456 498 1479 et
521 1457 684 1488 potestates,
709 1457 882 1491 triumphans

92 1501 142 1521 eas
162 1493 188 1521 in
202 1495 348 1529 semetipso
362 1495 408 1531 "),
422 1505 431 1521 t
446 1496 535 1525 tamen
548 1502 574 1525 et
588 1499 639 1526 hoc
651 1499 677 1527 in
691 1500 810 1529 victoria:
822 1501 882 1530 loco

91 1545 135 1568 est
148 1539 219 1575 (12),
232 1541 255 1568 si
268 1548 329 1568 cum
342 1544 436 1569 omnes
452 1542 479 1569 in
501 1550 549 1571 ttos
572 1544 803 1581 impugnationum
823 1555 881 1576 sua-

92 1594 156 1614 tum
170 1587 312 1615 machinas
327 1587 456 1615 torserint
467 1609 474 1621 ,
487 1597 501 1616 a
514 1589 648 1618 charitate
666 1596 756 1621 tanten
771 1593 817 1622 Dei
830 1602 880 1623 nos

90 1637 225 1667 separare
246 1640 298 1660 non
319 1633 438 1661 valeant.
463 1634 515 1662 Sed
535 1633 591 1668 jam
612 1640 746 1665 tentemus
775 1638 879 1674 singula

89 1679 243 1711 discutere,
256 1683 283 1706 et
301 1680 366 1714 quid
385 1681 418 1707 de
440 1688 606 1717 unoquoque
618 1690 744 1711 sermone
757 1684 878 1719 Apostoli

87 1725 266 1763 sentiendum
284 1726 319 1754 sit
329 1735 379 1762 pro
390 1728 493 1757 viribus
505 1730 621 1764 aperire.
635 1732 764 1765 Quamvis
779 1733 878 1761 altiora

87 1771 116 1798 in
136 1770 184 1798 his
201 1772 352 1806 conlegisse
366 1773 490 1802 videatur
504 1776 668 1810 Apostolus,
691 1785 772 1812 quant
791 1786 877 1814 expo-

84 1815 199 1843 sitionis
211 1821 310 1843 nostra:
322 1816 393 1844 ferre
402 1818 516 1847 suiliciat
529 1820 628 1853 virtus,
641 1821 683 1848 vel
700 1822 769 1849 ratio
789 1823 877 1851 brevi-

86 1856 156 1889 tatis
178 1860 303 1889 admittat.
324 1861 402 1897 (l3);
430 1865 598 1899 requiramus
624 1872 717 1894 tamen
739 1867 761 1894 si
784 1868 876 1896 omnia

84 1909 140 1937 ista
155 1916 216 1943 qum
226 1910 394 1937 enumer’avit
404 1911 558 1946 Apostolus,
570 1920 602 1941 an
614 1914 736 1948 quaedam
752 1922 785 1942 ex
799 1915 878 1950 ipsis,

84 1956 140 1982 hoc
160 1955 242 1982 studii
255 1956 295 1983 vel
314 1956 472 1986 intentionis
486 1961 601 1993 gerunt,
620 1965 648 1986 ut
663 1959 796 1988 humanas
817 1961 874 1996 (Η)

83 2002 196 2029 animas
224 2009 238 2029 a
263 2002 397 2030 charitate
420 2003 467 2031 Dei
494 2011 623 2039 separare
644 2007 822 2039 contendant,
846 2012 875 2034 et

81 2051 231 2081 propterea
244 2047 390 2075 moliantur
400 2048 427 2076 in
440 2056 489 2076 nos
498 2054 594 2077 cuncta
604 2057 663 2084 qua:
674 2051 794 2084 patimur
804 2051 872 2086 (l5).

81 2090 201 2119 Videtur
211 2092 282 2119 enim
297 2100 378 2128 posse
390 2094 498 2128 quidem
526 2094 577 2121 hoc
589 2101 682 2129 agere,
697 2100 724 2122 ut
746 2103 761 2123 a
783 2096 874 2124 chari-

82 2142 142 2165 tate
162 2137 209 2165 Dei
228 2145 406 2173 separemur,
428 2146 501 2167 mors
519 2140 660 2172 fortassis,
673 2147 701 2168 et
725 2141 833 2176 angeli,
846 2146 873 2169 et

80 2183 272 2218 principatus,
285 2189 311 2211 et
324 2184 438 2211 virtutes
452 2185 629 2213 adversantes
650 2186 730 2214 nobis
742 2187 801 2214 sine
823 2188 871 2216 du-

79 2229 138 2260 bio,
152 2233 179 2255 et
195 2229 337 2263 prasentia
350 2237 409 2264 qua:
422 2234 485 2257 sunt
497 2230 589 2264 utique
603 2231 706 2258 lubrica
718 2236 744 2258 et
756 2231 867 2260 caduca.

939 995 980 1023 dit
993 995 1110 1023 animam
1122 1003 1253 1032 separare
1269 1004 1284 1025 a
1300 997 1432 1025 charitate
1447 998 1491 1025 Dei
1502 1007 1509 1024 :
1520 1003 1547 1025 et
1565 999 1621 1027 haec
1633 1000 1727 1035 utique

938 1046 980 1069 est
995 1042 1094 1070 animae
1111 1049 1194 1070 mors.
1219 1041 1313 1071 Potest
1328 1051 1394 1079 ergo
1411 1045 1467 1071 lieri
1486 1049 1515 1071 ut
1536 1044 1572 1072 sit
1586 1050 1613 1072 et
1631 1046 1722 1080 aliqua

938 1088 995 1115 vita
1018 1089 1052 1116 de
1075 1094 1152 1123 parte
1168 1089 1251 1121 illius,
1269 1097 1329 1124 qua:
1352 1097 1413 1116 cum
1438 1090 1496 1125 ipso
1514 1091 1571 1126 agit
1589 1095 1618 1118 ut
1640 1099 1689 1119 nos
1707 1100 1722 1118 a

937 1133 1073 1161 charita‘le
1088 1139 1196 1168 separet
1219 1134 1288 1162 Dei:
1304 1142 1363 1170 quae
1388 1135 1442 1162 vita
1469 1141 1510 1163 est
1533 1137 1648 1171 peccati.
1667 1137 1722 1164 Nisi

937 1179 1009 1207 enim
1025 1178 1095 1206 mala
1113 1184 1187 1208 esset
1207 1180 1267 1208 haec
1288 1180 1354 1213 vita,
1372 1189 1507 1216 nunquam
1530 1189 1579 1209 nos
1596 1183 1722 1210 suaderet

936 1224 1083 1258 Apostolus
1092 1228 1122 1253 ut
1132 1232 1300 1253 moreremur
1310 1231 1434 1261 peccato,
1445 1231 1472 1253 et
1482 1227 1508 1253 in
1523 1231 1609 1254 tnortc
1621 1224 1721 1255 Christi

936 1269 1148 1303 haptizaremur,
1167 1274 1195 1297 et
1214 1270 1450 1305 consepeliremur
1464 1271 1488 1298 ei
1500 1271 1533 1297 ³³.
1548 1267 1640 1298 Potest
1655 1279 1723 1304 ergo

935 1314 995 1341 ﬁeri
1010 1318 1038 1341 ut
1054 1314 1112 1342 haec
1125 1314 1180 1342 vita
1197 1315 1301 1350 peccati
1314 1315 1359 1347 sit,
1374 1322 1434 1350 qua:
1447 1322 1496 1342 nos
1508 1315 1582 1349 cupit
1595 1322 1721 1348 separare

934 1367 949 1387 a
964 1360 1097 1388 charitate
1124 1359 1181 1388 Dei.
1201 1360 1258 1395 Ego
1280 1366 1368 1387 autem
1385 1366 1450 1396 puto
1473 1360 1543 1395 quod
1569 1355 1596 1388 et
1615 1360 1719 1395 singula

934 1413 1048 1441 quaque
1062 1410 1173 1441 peccata
1189 1406 1306 1434 habeant
1321 1406 1438 1441 aliquam
1456 1406 1538 1433 vitam
1554 1413 1631 1433 suam
1647 1406 1718 1433 intra

933 1458 982 1479 nos
997 1460 1004 1478 :
1020 1459 1082 1478 nam
1100 1452 1312 1487 unumquodque
1336 1452 1431 1479 vitium
1456 1451 1510 1477 vita
1534 1450 1639 1486 peccati
1666 1456 1717 1479 est.

933 1496 1039 1530 Quanto
1055 1505 1120 1532 ergo
1136 1497 1213 1532 plura
1228 1497 1299 1524 intra
1317 1504 1366 1524 nos
1385 1497 1452 1524 vitia
1467 1497 1717 1531 deprehenduntur,

933 1547 1007 1569 tanto
1022 1542 1112 1577 plures
1135 1549 1195 1569 esse
1220 1547 1391 1577 peccatorum
1419 1541 1480 1569 vita:
1507 1541 1671 1570 videbuntur
1691 1542 1718 1569 iu

932 1588 1019 1617 nobis.
1039 1588 1072 1614 Et
1087 1594 1240 1623 propterea_
1249 1587 1318 1615 forte
1337 1588 1439 1615 dictum
1455 1588 1580 1623 sit:quia
1598 1598 1607 1614 ‹
1623 1588 1719 1616 ntclior

931 1638 973 1660 est
987 1632 1172 1660 misericordia
1189 1637 1234 1660 tua
1250 1639 1330 1667 super
1343 1632 1412 1659 vitas
1420 1632 1469 1660 “.t

934 1704 939 1708 ,
967 1677 1084 1713 «Neque
1108 1678 1206 1714 angeli,
1232 1684 1319 1713 neque
1344 1678 1523 1713 principatus,
1547 1682 1635 1714 neque
1661 1679 1717 1708 vir-

930 1724 1042 1751 tutes".
1055 1733 1064 1750 I
1090 1723 1119 1751 In
1133 1728 1258 1759 promptu
1276 1727 1319 1750 est
1342 1723 1401 1750 illos
1418 1724 1528 1759 angelos
1553 1725 1715 1761 intelligere,

929 1770 1027 1803 quibus
1045 1770 1114 1804 ignis
1139 1768 1257 1797 aeternus
1274 1776 1288 1795 a
1308 1768 1450 1796 Salvatore
1465 1772 1526 1796 cum
1545 1770 1655 1798 diabolo
1670 1771 1715 1798 di-

928 1816 999 1843 citur
1016 1820 1182 1851 pmparatus
1196 1816 1220 1832 ⁵⁸
1233 1823 1240 1842 z
1253 1815 1421 1850 principatus
1436 1820 1523 1842 autem
1539 1822 1566 1843 et
1588 1817 1713 1850 virtutes,

928 1860 987 1888 illas
1013 1861 1071 1888 sine
1096 1860 1177 1888 dubio
1205 1860 1348 1888 adversum
1378 1869 1445 1895 quas
1469 1861 1549 1888 nobis
1573 1867 1712 1889 certamen

926 1910 967 1934 est
980 1905 1002 1921 "
1017 1915 1023 1933 :
1037 1905 1078 1932 vel
1094 1905 1154 1933 illos
1165 1906 1333 1941 prittcipatus
1348 1911 1374 1933 et
1392 1911 1550 1940 potestates,
1565 1907 1597 1934 de
1613 1907 1713 1942 quibus

925 1951 1014 1979 dicit:
1034 1951 1120 1981 (Cum
1136 1956 1227 1979 autem
1247 1951 1413 1979 destruxerit
1437 1959 1545 1979 omnem
1572 1953 1711 1988 principa-

926 2001 997 2030 tum,
1012 2001 1039 2024 et
1054 2001 1214 2032 potestatem
1232 1997 1299 2032 (l7),
1319 2002 1343 2023 et
1359 1999 1486 2031 virtutem
1496 1997 1544 2024 ⁸⁸.»
1562 1997 1599 2025 Ex
1614 1999 1712 2033 quibus

924 2047 952 2069 et
973 2043 1099 2077 princeps
1120 2042 1199 2077 hujus
1224 2043 1315 2070 tttundi
1342 2043 1534 2077 appellatur”.
1555 2043 1616 2071 Post
1641 2045 1709 2077 haec,

927 2099 936 2115 ι
952 2090 1043 2125 Neque
1059 2090 1235 2125 praesentia,»
1254 2090 1350 2124 inquit,
1375 2090 1433 2117 sive
1450 2089 1613 2117 «instantia.
1625 2100 1633 2115 ι
1658 2089 1709 2118 Po-

924 2142 974 2165 test
987 2137 1039 2165 hoc
1055 2137 1087 2164 dc
1101 2136 1143 2163 his
1156 2136 1257 2163 dictum
1281 2136 1378 2169 videri,
1396 2143 1465 2171 quos
1482 2136 1509 2163 in
1524 2136 1585 2164 aliis
1597 2137 1620 2152 “
1636 2137 1708 2166 idem

922 2184 1065 2220 Apostolus
1083 2193 1092 2209 ‹
1104 2188 1225 2211 rectores
1249 2183 1340 2210 tuundi
1359 2183 1438 2218 hujus
1451 2187 1479 2210 et
1504 2184 1676 2211 tenebrarum
1694 2193 1705 2210 ι

923 2231 1072 2258 nominavit
1088 2239 1094 2257 :
1111 2231 1152 2257 vel
1167 2231 1248 2257 etiatn
1264 2229 1335 2264 qttod
1349 2229 1522 2264 praesentium
1548 2237 1637 2256 rerum
1656 2237 1706 2257 vo-

78 2275 136 2303 Sed
153 2279 181 2302 et
197 2275 360 2309 profundunt
379 2279 469 2310 potest
491 2275 617 2303 similiter
651 2275 777 2312 intelligi.
809 2277 868 2305 \"ita
886 2272 907 2299 Ῐ)
921 2276 1011 2311 luptas
1030 2282 1058 2304 ct
1075 2276 1227 2307 delectatio,
1252 2280 1278 2302 et
1304 2282 1374 2302 vana
1398 2274 1478 2309 hujus
1502 2274 1595 2301 mundi
1620 2274 1707 2310 gloria

76 2326 173 2349 autem
184 2341 193 2353 ,
207 2326 233 2349 et
244 2321 344 2354 futura,
357 2326 383 2348 et
399 2321 526 2353 altitudo,
542 2326 569 2349 et
581 2326 706 2349 creatura
720 2322 782 2356 alia,
798 2330 867 2358 quo-

77 2367 193 2394 modoa
218 2367 265 2395 Dei
294 2367 428 2395 charitate
452 2374 578 2402 separare
606 2375 656 2395 nos
685 2371 790 2395 certent
814 2376 867 2396 non

74 2414 199 2441 otiosum
222 2413 329 2441 videtur
347 2421 492 2449 exponere.
512 2412 569 2441 Nisi
595 2413 619 2440 si
634 2413 694 2448 quis
709 2412 779 2441 forte
791 2414 866 2441 dicat

920 2322 1027 2349 studeat
1041 2330 1090 2349 nos
1107 2331 1116 2347 ‹
1127 2330 1140 2348 a
1162 2322 1206 2348 Dei
1224 2321 1356 2348 charitate
1369 2330 1378 2346 ι
1407 2319 1551 2353 deducere,
1571 2328 1649 2354 «quae
1665 2326 1707 2347 est

921 2369 947 2396 in
967 2367 1075 2395 Christo
1092 2367 1155 2395 Jesu
1182 2367 1294 2393 Domino
1319 2370 1413 2393 ttostro
1422 2367 1455 2392 ⁶¹,
1469 2375 1478 2390 ι
1504 2365 1568 2392 Post
1587 2365 1646 2392 haec
1665 2366 1706 2392 vi-

920 2414 1034 2441 deamus"
1054 2420 1113 2447 qua:
1137 2412 1191 2439 sittt
1215 2411 1361 2443 tl'utura,t
1381 2419 1441 2446 qua:
1465 2411 1559 2438 volunt
1581 2412 1704 2446 quidem,

130 2489 245 2529 “illam.
260 2504 317 2528 vnt,
338 2497 383 2529 58,
399 2497 444 2525 59.
480 2496 502 2512 ⁸³
515 2496 523 2524 l
536 2495 598 2524 Cor.
614 2504 641 2528 κ,
654 2496 698 2524 l5.
737 2495 920 2525 l“Colossut.
938 2496 982 2523 l5.
1011 2495 1032 2511 ¹¹
1043 2494 1121 2521 Rom.
1134 2494 1247 2524 "p.22.
1285 2493 1326 2519 "l
1347 2493 1481 2529 μοι-λη,
1497 2492 1546 2529 26.
1586 2492 1609 2507 ¹¹
1622 2491 1701 2529 Βιρῃ.

71 2541 111 2563 vt.
130 2533 191 2561 2-6.
229 2533 252 2549 ⁸³
264 2533 363 2559 Psalut.
390 2540 457 2564 LXII,
469 2531 495 2559 ι.
533 2531 556 2548 ³³
568 2529 645 2558 Rou't.
662 2538 720 2562 vtlt,
736 2530 781 2557 58.
820 2531 843 2546 "
856 2531 878 2557 Μ

934 2540 950 2558 I.
969 2530 1090 2562 xval.

352 2564 588 2602 6"l§1phes.v1,12.
626 2566 647 2582 σε
666 2565 743 2596 llum.
766 2572 825 2598 vnt,
847 2566 891 2594 39.

71 2569 96 2584 "
110 2568 192 2596 Joan.
207 2575 255 2600 xu,
268 2568 313 2595 51.

109 2622 170 2661 με)
192 2621 278 2661 Editi,
295 2625 322 2661 e_t
339 2628 406 2658 mss.
429 2621 717 2661 plttres_._per|tepam,
742 2629 751 2646 ι
772 2624 861 2661 tamen

71 2655 166 2684 adhuc
180 2656 299 2683 victoria:
311 2655 385 2683 locus
404 2662 465 2687 est;
482 2665 491 2681 ι
511 2655 608 2683 deinde
618 2656 681 2683 editi
696 2676 705 2689 ,
728 2665 736 2680 ι
753 2655 861 2683 etiamsi

71 2699 172 2719 omnes
189 2691 216 2718 itt
236 2698 286 2718 nos
302 2710 308 2718 .
323 2711 329 2717 .
343 2711 349 2717 .
364 2710 371 2716 .
392 2691 520 2718 torserint
535 2709 543 2722 ,
566 2691 675 2725 quando
698 2699 712 2717 a
726 2691 861 2718 cltaritate

71 2727 122 2754 Dei
141 2733 191 2753 nos
205 2726 318 2753 m‘ittime
331 2732 498 2759 separamur.
518 2735 528 2752 ι
554 2726 586 2753 Et
609 2730 719 2760 pOstca.
736 2734 745 2751 ι
765 2733 861 2760 quam-

70 2762 113 2788 vis
140 2761 235 2788 altiora
251 2761 396 2795 contigisse
414 2770 423 2787 ι
441 2760 505 2795 (ms.
521 2768 591 2788 ttttus
609 2769 619 2786 ι
636 2760 808 2795 congessisse
824 2761 860 2795 ι),

68 2801 125 2824 etc.
144 2796 196 2823 Sed
212 2795 371 2829 potior'es‘et
384 2795 511 2823 Rabanus
531 2801 559 2823 ιιι
572 2797 597 2822 itt
616 2801 710 2823 nostro
724 2800 810 2822 textu.

105 2830 166 2866 (15)
182 2830 294 2866 Sicnts.
309 2838 378 2857 unus
392 2830 491 2865 Regius
506 2838 580 2857 num.
594 2831 673 2858 1659.
686 2830 780 2857 (iaateri
797 2837 860 2866 vero

67 2864 138 2893 mss.
151 2864 179 2892 et
195 2865 339 2896 Rahanus,
360 2874 370 2891 ε
391 2864 470 2900 quam
485 2865 663 2897 cxpositimtis
679 2871 779 2892 nostra:
800 2864 859 2891 suf-

69 2901 129 2928 ticit
145 2901 233 2928 virtus
247 2918 256 2927 .
273 2920 280 2927 .
300 2918 308 2925 .
321 2920 329 2928 .
347 2901 474 2928 admittit.
487 2910 496 2927 ι
517 2901 585 2927 Ε·ίὶιί
603 2900 733 2935 plerique,
749 2909 757 2925 ι
777 2907 859 2934 expo-

1128 2529 1148 2544 ¹⁷
1164 2528 1259 2564 Ephes.
1277 2535 1312 2560 γι,
1328 2528 1368 2554 l2.
1408 2527 1430 2543 "
1455 2528 1464 2554 l
1491 2528 1553 2555 Cor.
1579 2535 1624 2560 xv,
1654 2526 1701 2554 2i.

916 2620 1008 2648 sttioni
1025 2621 1067 2647 vel
1086 2624 1179 2647 nostra
1196 2618 1292 2646 sullicit
1306 2618 1391 2645 virtus
1404 2636 1413 2645 .
1425 2635 1434 2643 .
1448 2637 1455 2644 .
1471 2636 1478 2643 .
1500 2618 1628 2645 admittit.
1653 2627 1663 2644 I

952 2655 1011 2690 (14)
1027 2656 1106 2686 Editi,
1125 2664 1134 2680 ε
1153 2662 1186 2681 an
1202 2654 1325 2688 quaedam
1338 2661 1371 2680 ex
1387 2653 1452 2688 ipsis
1467 2653 1532 2687 (huc
1544 2653 1615 2680 enim
1638 2658 1698 2680 stu-

916 2689 986 2717 diosi
999 2689 1133 2725 quaerunt)
1150 2690 1292 2716 humanas.
1313 2698 1321 2725 ι

965 2721 1017 2759 15)’
1029 2724 1078 2753 Ms.
1098 2721 1196 2758 Régius
1215 2731 1290 2750 ttttttt.
1310 2721 1389 2756 I639,
1406 2731 1416 2748 ι
1435 2729 1496 2758 qua:
1522 2723 1668 2756 potuerint.
1686 2732 1696 2750 ι

917 2759 1019 2787 Deinde
1035 2759 1110 2792 editi,
1126 2768 1135 2784 ι
1155 2759 1212 2785 lucc
1227 2765 1316 2793 agere.
1336 2768 1346 2784 ι
1542 2791 1564 2794 Α
1704 2790 1709 2794 _

950 2794 1006 2834 (μὶ)
1026 2794 1070 2822 Sic
1086 2794 1167 2826 editi;
1186 2798 1213 2820 at
1230 2791 1294 2820 νει-ο
1311 2799 1377 2820 mss.
1394 2799 1502 2825 omnes,
1518 2802 1526 2818 ‹
1541 2791 1612 2819 Mors
1626 2793 1699 2830 quod

914 2829 1059 2898 dlc(lll'i)’Et
1081 2847 1243 2898 potestatem.
1263 2862 1325 2891 Haec
1350 2863 1450 2891 desunt
1479 2863 1506 2890 in
1528 2863 1602 2890 libris
1617 2868 1696 2891 antea

912 2899 1003 2928 editis.

1689 2928 1701 2938 ψ

1717 2942 1736 2962 ι.
