3986 6206
302 312 439 369 “37

1211 320 1567 377 COMMEST.
1611 321 1675 375 ΙΝ
1718 319 1932 376 EPIST.
1975 319 2063 374 AD
2102 319 2269 373 llU‘M.
2312 317 2439 372 LIB.
2485 316 2576 369 ΥΠ

3398 322 3536 375 11δῖ

297 432 428 487 teris
458 433 714 489 omnibus
746 435 925 488 carnis
974 435 1180 490 insidiae
1232 436 1602 491 fortttidamlze
1629 447 1778 501 sunt,
1812 446 1863 491 et
1892 442 1934 498 Α
1970 452 2111 489 unus
2140 436 2403 488 moriatur
2443 434 2604 486 homo
2654 445 2753 500 pro
2789 430 3009 501 populo,
3046 440 3097 485 et
3142 447 3245 484 non
3283 427 3531 484 animm

294 521 385 575 ille
422 521 513 591 qui
549 522 615 575 de
646 522 800 576 nobis
834 525 1081 591 procedit
1105 524 1276 577 hostis
1310 525 1424 593 ipse
1453 526 1725 579 cavendus
1753 535 1855 592 est,

290 613 466 667 donec
496 612 547 664 in
585 621 791 665 tantum
817 613 1117 681 profectum
1146 615 1324 667 veniat
1356 615 1556 677 anima,
1590 625 1643 670 ut
1675 615 1858 669 dulce-

290 702 418 757 dine
444 703 733 758 charitatis
772 703 881 757 Deo
915 704 1161 767 astricta,
1199 706 1448 774 corporis
1492 707 1859 762 blandintenla

287 802 341 846 et
370 793 552 847 carnis
581 792 870 848 illecebras
901 795 1253 850 abhorrescat
1283 812 1419 851 unus
1450 813 1570 850 cum
1618 798 1728 852 Deo
1756 800 1859 868 spi-

285 885 429 937 ritus
455 882 622 938 facta.

360 975 444 1029 l3.
482 974 820 1029 «Veritatem
862 977 984 1030 dico
1038 978 1090 1030 in
1143 976 1386 1043 Christo,
1435 994 1542 1034 non
1603 982 1855 1043 mentior,

281 1068 653 1121 testimonium
705 1067 837 1121 mihi
886 1069 1208 1136 perbibente
1255 1070 1591 1125 conscientia
1642 1088 1757 1127 mea
1802 1074 1852 1127 in

278 1157 488 1227 Spiritu
520 1168 732 1222 sancto,
778 1159 1036 1226 quoniam
1070 1160 1289 1214 tristitia
1326 1170 1413 1214 est
1463 1162 1593 1215 mihi
1632 1178 1851 1232 magna,

274 1259 331 1304 et
367 1249 663 1303 continuus
691 1249 845 1303 dolor
875 1250 1026 1304 cordi
1069 1264 1209 1303 meo.
1248 1246 1512 1318 Optabam
1546 1252 1689 1307 enim
1723 1267 1855 1305 ana-

279 1342 464 1394 thema
509 1356 631 1395 esse
678 1342 794 1410 ipse
836 1356 935 1412 ego
962 1356 991 1394 a
1022 1342 1235 1396 Christo
1269 1356 1365 1412 pro
1404 1342 1665 1396 fratrilms
1696 1344 1851 1408 meis,

274 1434 371 1500 qui
412 1442 540 1486 sunt
579 1433 792 1501 cognati
842 1433 946 1487 mei
979 1433 1273 1487 secundum
1302 1449 1544 1495 carnem,
1588 1434 1679 1501 qui
1728 1447 1855 1490 sunt

275 1522 561 1585 lsraclitm,
599 1538 831 1592 quorum
868 1523 1091 1591 adoptio
1141 1532 1227 1578 est
1269 1524 1525 1590 ﬁliorum,
1560 1534 1614 1579 et
1653 1524 1849 1595 gloria,

273 1624 335 1668 et
370 1623 714 1680 testamenta,
753 1624 807 1669 et
858 1614 1143 1682 legislatio,
1180 1622 1234 1669 et
1271 1615 1609 1683 obsequium,
1643 1628 1697 1671 et
1727 1634 1851 1687 pro-

274 1702 591 1767 missiones,
639 1717 869 1771 quorum
921 1712 1124 1773 patres,
1153 1714 1203 1759 et
1237 1719 1302 1759 ex
1336 1705 1533 1774 quibus
1560 1707 1670 1773 (54)
1700 1708 1853 1761 Chri-

268 1804 393 1849 stus
426 1794 719 1848 secundum
768 1808 1013 1858 carnem,
1042 1796 1132 1863 qui
1171 1804 1253 1849 est
1284 1811 1448 1865 super
1482 1799 1666 1851 omnia
1710 1800 1850 1855 Dens

268 1887 593 1940 benedictus
624 1886 677 1940 in
705 1887 901 1942 saicnla
924 1889 1024 1941 ".i
1053 1887 1251 1944 Videtis
1290 1889 1488 1943 Paulus
1514 1892 1657 1960 quod
1689 1894 1733 1947 si
1761 1909 1849 1947 se-

265 1980 509 2033 cundum
540 1993 601 2033 ea
634 1978 686 2031 in
716 1979 911 2047 quibus
940 1995 1102 2050 supra
1144 1983 1391 2050 exposuit
1412 1983 1550 2053 (35),
1596 1984 1740 2037 nulla
1773 1986 1846 2050 vi,

264 2068 589 2125 cmlestibus
610 2069 695 2125 vel
724 2071 1102 2138 terrestribus,
1136 2074 1495 2142 praesentibus
1530 2074 1612 2128 vel
1652 2076 1850 2132 futuris

264 2162 686 2217 adversantibus
730 2163 860 2225 sibi,
888 2164 1058 2233 possit
1086 2179 1115 2217 a
1142 2164 1346 2219 Christi
1379 2165 1649 2221 cltaritate
1691 2183 1850 2237 sepa-

264 2254 407 2319 rari,
436 2255 773 2308 contrarium
798 2264 854 2309 et
885 2256 1201 2310 incredibile
1233 2256 1348 2310 vide
1362 2266 1510 2309 retur
1536 2259 1680 2326 quod
1708 2275 1849 2314 nunc

262 2347 454 2400 dicere
484 2347 836 2416 proponebat,
870 2357 1060 2416 optare
1105 2362 1162 2402 se
1211 2364 1239 2401 a
1287 2350 1507 2405 Christo
1545 2366 1703 2420 quem
1739 2361 1846 2406 tant

262 2438 706 2507 lnsrparabiliter
745 2439 1024 2509 diligebat,
1065 2440 1356 2495 anathema
1404 2442 1542 2506 fieri,
1588 2444 1691 2498 hoc
1740 2453 1844 2511 est,

259 2530 510 2584 alienum
531 2529 708 2596 ellici;
743 2546 810 2584 ne
837 2531 1105 2585 mendacii
1139 2541 1322 2586 notam
1344 2532 1454 2603 (36)
1481 2534 1664 2588 subire
1693 2536 1846 2589 vide-

261 2630 444 2685 retur,
480 2620 910 2677 satisfactionem
962 2622 1266 2692 praemittit,
1318 2633 1377 2677 ut
1409 2639 1747 2695 nequaquam
1778 2629 1847 2683 de

261 2713 389 2781 ejus
423 2727 677 2769 sermone
714 2716 1010 2780 dubitetur,
1045 2727 1100 2770 et
1140 2717 1313 2772 dicit:
1344 2736 1363 2769 ι
1385 2719 1682 2774 Veritatem
1724 2722 1847 2777 dico

261 2802 323 2857 in
359 2803 598 2869 Christo,
630 2820 736 2860 non
783 2809 1039 2872 mentior,
1074 2810 1443 2864 testimonium
1484 2810 1613 2864 ntihi
1656 2812 1843 2879 perhi-

259 2895 431 2949 bente
458 2897 791 2951 conscientia
826 2913 943 2952 mea
994 2899 1046 2953 in
1083 2899 1287 2969 Spiritu
1325 2912 1533 2957 sancto.
1563 2920 1580 2952 ι
1627 2901 1731 2957 Sed
1766 2905 1844 2957 vi-

258 2991 495 3043 deamus
525 3005 693 3059 quare
719 2990 935 3055 dixerit,
971 3010 989 3042 ι
1015 2992 1299 3047 veritatem
1321 2995 1441 3048 dico
1472 2995 1525 3048 in
1558 2995 1796 3060 Christo,
1819 3016 1838 3049 ι

253 3083 423 3151 quasi
473 3085 763 3139 ostendens
812 3099 933 3139 esse
977 3085 1213 3153 aliquam
1249 3086 1531 3140 veritatem
1571 3104 1689 3158 qua:
1732 3106 1839 3144 non
1870 3118 1911 3176 ρ

254 3175 339 3228 sit
392 3173 444 3227 iu
492 3173 729 3229 Christo.
784 3175 846 3227 Et
896 3176 1017 3229 vide
1068 3176 1112 3229 si
1168 3177 1437 3244 possimus
1481 3179 1571 3232 tali
1605 3182 1837 3247 quodam

252 3263 426 3317 modo
459 3264 743 3317 veritatem
769 3279 889 3332 qua:
935 3265 986 3318 in
1026 3264 1242 3320 Christo
1272 3277 1377 3329 est,
1404 3267 1471 3320 ab
1498 3282 1557 3321 ea
1585 3284 1705 3337 quin
1734 3286 1837 3324 non

251 3362 349 3408 est
375 3354 426 3406 in
457 3353 696 3420 Christo,
727 3354 1062 3423 distinguere
1089 3372 1103 3410 :
1134 3356 1260 3424 quia
1285 3363 1340 3410 et
1367 3356 1497 3410 alibi
1531 3358 1672 3412 idem
1696 3359 1840 3427 Apo-

251 3443 437 3499 stolus
472 3444 602 3498 dicit
633 3462 647 3498 :
677 3464 694 3497 t
721 3445 813 3499 Est
842 3446 1046 3499 veritas
1082 3446 1285 3501 Christi
1324 3447 1378 3500 in
1427 3462 1531 3511 me,
1569 3448 1696 3515 quia
1733 3465 1835 3502 non

253 3536 615 3591 mentior".i
654 3535 869 3592 Veritas
908 3551 1036 3607 ergo
1062 3537 1266 3593 Christi
1310 3552 1430 3592 esse
1462 3539 1737 3593 credenda
1757 3548 1840 3594 est

252 3628 362 3693 ibi,
379 3627 468 3682 ubi
490 3627 742 3698 sunt('57)
758 3638 814 3683 et
834 3628 1055 3698 reliquae
1073 3630 1301 3683 virtutes
1316 3629 1700 3699 tittteCltristus
1719 3644 1840 3685 esse

249 3721 648 3775 describuntur
676 3737 687 3773 :
719 3720 770 3773 id
799 3729 908 3783 est,
950 3721 1037 3773 ubi
1065 3719 1300 3787 jnstitia.
1331 3722 1418 3775 ubi
1464 3736 1586 3790 pax,
1621 3722 1709 3774 ubi
1756 3732 1839 3776 est

250 3810 486 3863 verbum
515 3811 631 3875 Dei,
668 3812 740 3866 ibi
786 3822 871 3865 est
917 3821 968 3865 et
1005 3813 1208 3865 veritas
1237 3811 1464 3867 Cltristi.
1509 3812 1604 3865 Est
1651 3824 1834 3866 autem

250 3902 467 3957 veritas
503 3913 559 3956 et
598 3904 650 3956 in
685 3902 1012 3971 iniustitia"
1040 3921 1053 3956 :
1083 3914 1140 3956 ut
1177 3903 1245 3966 si,
1287 3904 1437 3957 verbi
1472 3918 1661 3967 causa,
1692 3904 1840 3958 dica-

250 4010 406 4057 mus,
436 3996 759 4048 da‘monium
807 3995 937 4049 illud
988 3994 1273 4065 Pythonis,
1320 3996 1466 4063 quod
1513 3995 1569 4049 in
1605 3996 1835 4050 Actibus

248 4085 692 4154 apostolorum"
740 4086 973 4140 refertur
1027 4087 1079 4140 in
1133 4086 1328 4139 ancilla
1382 4086 1612 4155 quadam
1674 4087 1830 4140 habi-

252 4186 426 4240 tasse,
468 4186 521 4230 et
565 4178 837 4231 clamasse
873 4186 997 4245 post
1049 4177 1347 4245 apostolos,
1396 4178 1519 4246 quia
1559 4178 1655 4231 «Ιιί
1693 4180 1833 4233 servi

251 4265 354 4319 Dei
389 4268 584 4319 summi
632 4279 783 4330 sunt,
820 4267 909 4335 qui
964 4267 1296 4321 aununtiant
1336 4268 1646 4322 hominibus
1687 4268 1827 4323 viam

251 4358 611 4420 Dei"i,erat
634 4358 834 4412 veritas
866 4359 917 4411 itt
956 4360 1040 4414 his
1074 4362 1251 4414 verbis
1279 4376 1293 4411 :
1321 4373 1505 4412 verum
1539 4360 1682 4414 enim
1716 4371 1836 4416 erat

1964 543 2093 597 gens
2129 537 2311 596 pereat
2335 524 2553 597 (39)”:
2583 542 2599 575 ι
2630 525 2723 577 sed
2747 533 2921 576 tamen
2955 524 3051 578 ista
3069 524 3271 576 veritas
3307 522 3535 577 nonfuit

1962 619 2015 672 in
2034 609 2271 671 Christo.
2290 617 2352 670 Et
2374 618 2492 670 ideo
2507 614 2810 684 Apostolus,
2831 615 2893 667 ad
2912 615 3313 669 distinetionem
3335 616 3531 669 verita-

1962 710 2030 764 tis
2050 710 2167 779 ejus
2191 722 2308 779 quae
2324 717 2478 763 extra
2498 707 2773 762 Christum
2796 716 2898 771 est,
2918 721 2975 761 se
2995 706 3124 761 dicit
3142 707 3193 759 in
3211 706 3432 761 Christo
3456 707 3533 761 lo-

1959 800 2047 868 qui
2073 801 2377 854 veritatem.
2403 797 2508 853 Sed
2534 809 2585 853 et
2609 800 2708 853 hoc
2734 800 2874 868 quod
2897 798 3064 851 dicit:
3092 796 3530 853 «Testimonium

1956 892 2092 949 mihi
2109 890 2421 961 perhibentc
2439 890 2773 944 conscientia
2789 903 2904 942 mea
2925 889 2976 941 itt
2993 888 3192 956 Spiritu
3214 899 3420 951 sancto,
3438 890 3536 942 isi-

1958 981 2137 1034 milem
2154 980 2281 1033 mihi
2300 980 2498 1032 habere
2517 978 2722 1031 videtur
2738 977 3164 1045 intelligentiam.
3184 977 3529 1032 liedditettim

1954 1072 2113 1143 611
2150 1071 2514 1126 testimonium
2550 1069 2880 1123 conscientia
2914 1069 3076 1122 etiam
3106 1070 3356 1139 gentibus
3390 1086 3405 1136 ;
3438 1084 3530 1125 se-

1956 1162 2348 1233 cundumquod
2385 1162 2435 1215 itt
2462 1162 3002 1231 superioribusidem
3041 1165 3330 1232 Aposmlus
3350 1166 3526 1220 ait":

1965 1273 1981 1305 ι
2021 1253 2412 1309 Testimonium
2466 1254 2728 1307 reddente
2767 1252 2847 1305 eis
2897 1256 3254 1316 conscientia,
3288 1264 3340 1309 ct
3389 1255 3531 1309 inter

1956 1362 2016 1401 se
2064 1346 2293 1400 invicem
2352 1345 2741 1414 cogitationum
2796 1346 3192 1411 accusantium,
3230 1358 3317 1399 ant
3361 1347 3526 1401 etiam

1955 1435 2384 1489 defendentium.
2425 1453 2442 1485 ι
2471 1432 2524 1485 Ιιι
2549 1433 2655 1487 illis
2696 1448 2829 1501 ergo
2859 1435 2911 1487 itt
2942 1435 3139 1503 quibus
3168 1435 3529 1501 cogitationes

1956 1542 2068 1581 sitae
2105 1528 2308 1579 habent
2354 1524 2558 1594 aliquid
2591 1524 2732 1592 quod
2768 1534 3049 1589 accusent,
3091 1534 3143 1576 et
3189 1523 3524 1577 conscientia

1954 1619 2020 1670 ad
2055 1617 2424 1670 testimonium
2478 1614 2646 1677 venit,
2702 1630 2809 1668 non
2852 1622 3028 1682 potest
3081 1614 3185 1668 dici
3240 1614 3383 1682 quod
3430 1627 3527 1680 pro

1957 1707 2117 1761 malis
2170 1706 2381 1761 actibus
2434 1705 2546 1774 (40)
2603 1705 2655 1757 in
2721 1704 2925 1773 Spiritu
2958 1713 3148 1758 sancto
3188 1704 3526 1758 conscientia

1883 1787 1926 1841 Β
1956 1797 2324 1852 testimonium
2360 1796 2574 1849 reddat.
2612 1793 2667 1847 In
2698 1793 2959 1863 Apostolo
3006 1809 3134 1849 vero
3181 1794 3274 1848 ubi
3318 1796 3527 1862 cogita-

1951 1890 2025 1943 tio
2048 1890 2159 1959 jam
2195 1904 2300 1943 non
2334 1887 2504 1941 habet
2536 1886 2678 1955 quod
2710 1894 2951 1950 accuset,
2986 1895 3133 1940 recte
3186 1886 3522 1940 conscientia

1950 1982 2002 2036 in
2028 1981 2232 2049 Spiritu
2269 1991 2464 2033 sancto
2520 1979 2895 2033 testimonium
2938 1979 3133 2033 reddit.
3164 1978 3300 2033 Vide
3338 1988 3518 2032 tamen

1949 2074 2380 2144 magnitudinem
2420 2074 2660 2141 pectoris
2694 2070 2999 2140 apostolici.
3042 2071 3085 2124 A
3122 2071 3217 2127 Dei
3254 2071 3524 2126 eharitate

1949 2182 2053 2220 non
2091 2175 2270 2235 potest
2302 2165 2545 2235 separari
2574 2181 2587 2218 :
2628 2165 2772 2233 quod
2803 2164 3066 2232 loquitur,
3102 2165 3154 2217 in
3187 2165 3413 2219 Christo
3446 2165 3525 2218 lo-

1947 2257 2137 2324 quitur
2174 2254 2287 2325 (4|)
2336 2271 2351 2307 :
2395 2254 2538 2322 quod
2593 2252 2645 2307 in
2694 2250 3027 2305 conscientia
3074 2250 3262 2314 habet,
3316 2249 3520 2318 Spiritu

1948 2356 2141 2401 sancto
2170 2346 2499 2399 continetur.
2545 2343 2673 2409 Qui,
2711 2356 2915 2411 quaeso,
2963 2341 3111 2407 cwli,
3169 2342 3259 2411 qui
3313 2342 3516 2404 throni,

1948 2454 2070 2508 qua:
2101 2436 2453 2505 autplissittta:
2499 2434 2758 2489 virtutum
2795 2432 3099 2487 caelestium
3149 2443 3358 2486 utentes
3408 2442 3516 2485 lani

1947 2528 2141 2597 amplis
2167 2529 2387 2582 sedibus
2418 2536 2584 2581 totam
2619 2534 2875 2595 poterunt
2932 2540 3127 2594 capere
3162 2524 3520 2579 Trinitatem!

1951 2641 1970 2674 ι
2008 2623 2295 2689 Quoniam,
2355 2620 2551 2690 inquit,
2608 2619 2829 2674 tristitia
2883 2627 2977 2674 est.
3015 2620 3149 2674 mihi
3204 2634 3427 2689 magna,
3465 2629 3520 2673 et

1945 2714 2242 2768 continuus
2269 2711 2420 2766 dolor
2458 2708 2607 2765 cordi
2645 2723 2792 2766 meo.
2829 2710 3061 2775 115510,.
3091 2710 3294 2764 habeas
3345 2711 3516 2764 tristi.-

1947 2805 2075 2859 tiam
2106 2822 2119 2858 :
2151 2811 2292 2867 esto,
2326 2802 2564 2856 dolorem
2599 2805 2781 2872 capias
2829 2802 2895 2857 de
2930 2802 3236 2871 perditione
3285 2801 3516 2855 fratrum

1950 2906 2169 2951 tuorum
2238 2913 2258 2947 ι
2304 2896 2396 2965 qui
2432 2904 2557 2948 sunt
2589 2893 2805 2962 cognati
2853 2895 3451 2948 secundumcarnem:
3491 2910 3512 2942 ι

1948 2989 2191 3057 nunquid
2218 3003 2284 3043 eo
2321 3002 2488 3055 usque
2513 2994 2571 3040 nt
2603 2994 2759 3055 optes
2787 2987 3072 3041 anathema
3121 2986 3235 3040 fieri
3280 3001 3308 3039 a
3356 2986 3519 3039 Cliti-

1947 3080 2075 3135 sto?
2106 3079 2172 3134 Et
2202 3079 2333 3149 quid
2358 3079 2452 3134 tibi
2491 3080 2709 3147 prodest
2742 3078 2956 3132 illorum
2990 3078 3158 3143 salus,
3191 3079 3233 3130 si
3268 3088 3322 3131 tu
3352 3091 3382 3130 a
3426 3093 3514 3132 sa-

1945 3171 2054 3226 lute
2085 3170 2400 3239 separeris?
2431 3180 2484 3223 et
2518 3170 2646 3239 quid
2670 3169 2915 3224 salvabis
2947 3169 3081 3222 alios
3128 3168 3264 3240 (42),
3309 3170 3353 3222 si
3402 3170 3518 3238 ipse

1943 3279 2130 3333 pereas
2156 3263 2341 3329 ?‘Non,
2376 3264 2572 3334 inquit,
2598 3264 2675 3318 ita
2712 3274 2793 3318 est
2826 3262 2976 3335 (45):
3015 3264 3106 3318 sed
3144 3278 3242 3333 ego
3288 3265 3447 3319 didici
3484 3281 3516 3319 τι

1942 3354 2205 3425 Magistro
2238 3366 2291 3409 et
2332 3355 2562 3409 Domino
2594 3370 2735 3421 meo,
2793 3355 2918 3424 quia
2954 3373 2972 3407 ι
3000 3355 3097 3424 qui
3134 3358 3243 3409 vult
3276 3358 3514 3409 animam

1940 3461 2103 3501 suam
2129 3446 2334 3500 salvam
2367 3446 2570 3510 facere,
2606 3448 2793 3515 perdet
2821 3461 2941 3500 eam
2974 3462 2988 3509 ;
3048 3456 3100 3500 et
3137 3449 3226 3515 qui
3265 3450 3517 3516 perdide-

1939 3537 2013 3592 rit
2064 3552 2223 3602 eam,
2258 3538 2495 3591 inveniet
2538 3550 2657 3590 eam
2709 3536 2779 3590 ⁸⁸.
2809 3554 2829 3588 ι
2884 3536 3023 3602 Quid
3071 3551 3205 3605 ergo
3237 3539 3436 3591 mirum
3469 3540 3516 3591 si

1938 3631 2227 3700 Apostolus
2259 3645 2358 3699 pro
2392 3629 2657 3684 fratribus
2699 3629 2813 3683 suis
2855 3630 3143 3683 anathema
3190 3627 3307 3681 ﬁeri
3361 3630 3514 3693 velit,

1938 3723 2029 3790 qui
2065 3722 2206 3775 sciat
2239 3736 2361 3776 eum
2389 3720 2479 3789 qui
2510 3731 2632 3772 erat
2669 3719 2723 3772 in
2758 3718 2930 3772 forma
2963 3718 3077 3781 Dei,
3110 3719 3424 3774 exinanisse
3455 3735 3516 3774 se

1938 3808 2003 3860 de
2058 3821 2144 3870 ea,
2178 3822 2244 3861 ac
2292 3806 2595 3874 suscepisse
2641 3804 2868 3860 formam
2916 3806 3060 3861 servi
3101 3807 3171 3871 ⁸⁸,
3212 3815 3267 3860 et
3313 3806 3515 3865 factum

1936 3913 2056 3954 esse
2102 3915 2200 3968 pro
2236 3900 2390 3954 nobis
2421 3899 2770 3954 maledictum
2803 3900 2849 3932 ⁸³
2890 3901 2914 3956 ?
2962 3901 3102 3967 Quid
3152 3904 3515 3971 ergomirum

1937 3991 1980 4047 si
2028 4006 2149 4045 cum
2213 3992 2469 4045 Dominus
2523 4007 2619 4061 pro
2672 3994 2847 4049 servis
2918 3995 3283 4050 maledictum;
3337 3996 3517 4052 factus

1936 4082 2007 4136 sit
2034 4081 2169 4155 (44),
2201 4098 2391 4139 servus
2423 4098 2521 4151 pro
2557 4084 2822 4142 fratribus
2866 4088 3159 4142 anathema
3192 4088 3290 4143 [iat
3333 4089 3358 4143 ?
3403 4089 3517 4145 llce

1937 4182 2117 4226 autem
2156 4174 2393 4228 arbitror
2425 4188 2546 4228 esse
2573 4176 2717 4245 quod
2747 4184 2804 4231 et
2836 4176 3076 4249 Moyses,
3120 4195 3242 4233 cum
3292 4196 3515 4249 peccas-

1936 4273 2019 4318 set
2050 4263 2315 4333 populus,
2342 4264 2558 4320 dicebat
2593 4268 2659 4321 ad
2692 4268 2976 4323 Dominum
3014 4269 3099 4323 ⁸³τ
3136 4288 3155 4321 ι
3192 4270 3257 4324 Ει
3286 4286 3431 4327 nunc
3465 4276 3509 4327 si

1936 4359 2152 4423 quidem
2196 4359 2425 4415 remittis
2453 4360 2533 4415 eis
2564 4370 2871 4430 peccatum,
2902 4363 3153 4419 remitte:
3188 4364 3270 4417 sin
3306 4376 3511 4429 autem,

246 4452 397 4520 quod
431 4449 753 4503 dicebatur:
794 4453 885 4504 sed
923 4467 1028 4506 non
1059 4462 1175 4505 erat
1211 4452 1311 4505 ista
1344 4453 1552 4507 veritas
1584 4452 1638 4507 in
1674 4453 1832 4507 Chri-
1864 4460 1907 4515 υ
1937 4450 2053 4503 dele
2083 4465 2168 4504 me
2196 4453 2265 4506 de
2292 4451 2433 4506 libro
2466 4452 2589 4505 vita:
2617 4468 2777 4521 quem
2812 4454 3105 4522 scripsisti.
3130 4473 3147 4507 ι
3178 4454 3314 4520 Quid
3339 4472 3468 4524 ergo
3490 4458 3529 4509 ?.

246 4553 373 4607 sto;
408 4550 463 4594 ct
502 4550 788 4611 propterea
825 4557 1122 4597 conversus
1156 4543 1222 4596 ad
1256 4558 1374 4596 eam
1410 4541 1611 4599 Paulus
1638 4544 1786 4598 ’dixit
1814 4562 1828 4599 :

252 4652 273 4685 ι
301 4634 647 4697 Obmutesce,
683 4642 739 4688 et
771 4636 856 4687 exi
894 4636 962 4688 ab
988 4649 1050 4687 ea
1071 4636 1138 4688 ⁷⁷.
1174 4653 1191 4685 ι
1228 4634 1334 4687 Sed
1367 4643 1420 4690 et
1460 4636 1589 4689 illud
1627 4636 1829 4691 veritas

249 4725 358 4780 fuit
403 4731 544 4793 quod
596 4726 732 4780 dixit
778 4725 1148 4796 Caiplias(58)
1188 4745 1201 4781 :
1244 4744 1262 4779 ι
1292 4726 1521 4798 Expedit
1568 4729 1719 4785 vobis
1771 4738 1829 4783 ut

318 4864 367 4896 τ’
393 4864 631 4933 ΒοιιιΛιε,
654 4867 675 4921 l
696 4881 808 4933 seq.
831 4867 877 4898 "
900 4866 939 4921 ll
975 4867 1098 4920 Cor.
1127 4883 1199 4931 xl,
1230 4867 1313 4920 l0.
1389 4867 1436 4899 ""
1456 4867 1613 4921 Rom.
1640 4884 1680 4931 I,
1710 4867 1793 4923 18.

1948 4868 2061 4922 Act.
2092 4885 2203 4930 XVI,
2234 4869 2358 4923 16.7
2397 4866 2442 4896 "
2466 4864 2590 4917 ibid.
2624 4866 2708 4921 ΓΙ.

618 4908 849 5000 iure.
900 4908 1313 5003 ’ὶοῖιζιὶὲ.”νιίἷ,’
1345 4937 1436 4991 at.
1456 4908 1798 5009 "3312:1313:

1948 4908 2397 5005 i‘,”i'.."e'-'d;ia.
2775 4908 3151 5009 “animi,
3193 4908 3401 5010 διῖυεῑέρ

245 4934 340 4989 50.
416 4935 460 4966 "
488 4934 644 4988 Rom.
674 4952 736 5000 tt,
761 4936 849 4991 15.
926 4939 972 4970 ⁸ο
996 4936 1163 4991 Marc.
1195 4953 1303 5003 vut,
1345 4937 1436 4991 54.

320 5048 652 5125 (54)_Editi,
700 5067 798 5107 tet
856 5064 1261 5116 testamentum,
1314 5064 1363 5108 et
1422 5054 1709 5125 legis-latio.
1768 5067 1823 5111 et

246 5118 589 5195 obsequium,
616 5134 669 5175 et
696 5126 983 5195 promissa,
1005 5140 1235 5193 quorum
1263 5135 1444 5191 patres
1465 5118 1528 5178 ἐκ
1554 5127 1772 5195 quibus.
1799 5146 1817 5180 ι

246 5188 315 5240 Et
346 5198 466 5254 post
499 5208 517 5240 ι
543 5190 596 5244 iit
632 5188 826 5247 saecula
852 5213 869 5245 ι
904 5188 1111 5247 addunt
1158 5214 1177 5246 ι
1200 5188 1543 5249 seculorum.
1573 5188 1766 5259 'Amen,
1796 5217 1815 5249 ι

247 5271 369 5327 quae
422 5270 697 5325 postrema
737 5265 900 5318 verba
947 5266 1272 5317 omittuntur
1322 5266 1375 5317 iit
1424 5281 1553 5319 mss.
1599 5268 1817 5321 nostris.

318 5327 431 5403 (55)
470 5329 755 5403 Ms.unus,
791 5352 809 5385 ι
840 5335 1134 5388 secundum
1164 5348 1227 5388 ea
1257 5349 1377 5402 qua:
1400 5350 1559 5403 supra
1586 5339 1814 5402 posuit.»

251 5393 450 5470 Deinde
495 5400 622 5454 editi
679 5393 1001 5470 perperam,
1061 5421 1079 5453 ι
1140 5393 1289 5457 nulla
1326 5404 1377 5457 itt
1408 5393 1817 5462 cdtlesiiltus....

249 5466 661 5542 adversantibus
680 5466 814 5535 sibi,
832 5466 1084 5526 creatura
1108 5474 1369 5540 possit....
1391 5476 1689 5542 separarip
1714 5486 1820 5531 etc.

316 5536 429 5605 ('56)
461 5538 626 5604 Editi,
665 5558 683 5590 ι
714 5551 768 5596 et
794 5543 1056 5597 mendacii
1089 5536 1294 5597 notam.
1333 5560 1349 5593 ι

340 5607 430 5680 ﬂ)
457 5607 619 5680 §nnt.
658 5610 820 5665 Deest
847 5612 898 5665 in
931 5612 1092 5667 editis
1114 5624 1171 5665 et
1196 5612 1247 5665 itt
1281 5610 1553 5680 plerisque
1583 5628 1712 5668 mss.

340 5675 430 5749 ἓξ)
456 5675 623 5749 Editi,
657 5697 674 5730 ι
704 5689 822 5734 erat
861 5684 1001 5749 quod
1028 5682 1159 5735 dixit
1188 5675 1440 5748 Cai’pltas.
1467 5675 1500 5733 ἰ

341 5746 431 5811 59}
469 5747 558 5805 Sic
594 5763 695 5804 ms.
745 5746 906 5817 unus,
950 5752 1079 5810 editi
1125 5759 1178 5808 et
1228 5746 1499 5809 llaibanus.
1532 5749 1656 5809 Mss.
1694 5769 1821 5811 vero

1934 4539 2253 4597 lnferiorem
2287 4543 2368 4597 vis
2401 4540 2584 4612 Moyse
2609 4542 2835 4597 Paulum
2873 4544 3089 4598 videri?
3117 4544 3209 4599 Ille
3255 4560 3313 4599 se
3342 4547 3512 4600 deleri

1938 4634 2073 4701 petit
2102 4637 2166 4688 de
2195 4635 2333 4687 libro
2366 4635 2489 4688 vitze
2523 4651 2621 4704 pro
2659 4635 2921 4690 fratribus
2952 4637 3066 4691 suis
3112 4652 3126 4701 ;
3169 4637 3368 4692 Paulus
3403 4654 3510 4691 non

1938 4730 2105 4785 debet
2147 4740 2339 4799 optare
2390 4728 2680 4781 anathema
2724 4741 2843 4782 esse
2889 4743 2987 4799 pro
3039 4730 3299 4784 fratribus
3344 4731 3511 4784 suis?

2788 4869 2833 4941 ξ’
2864 4867 2994 4923 ibid.
3022 4872 3107 4926 l8.
3184 4873 3230 4904 ⁷⁸
3255 4873 3506 4941 Joan.xt,

1933 5057 2176 5129 quidam,
2220 5076 2238 5109 ι
2274 5066 2386 5129 tota
2415 5073 2546 5129 gens
2572 5069 2777 5127 pereat.
2821 5080 2839 5112 ι

2005 5128 2117 5197 (40)
2146 5128 2307 5192 Editi,
2342 5145 2362 5180 ι
2394 5128 2492 5197 pro
2523 5140 2654 5197 quot
2685 5131 2839 5185 malis
2865 5131 3101 5187 actibus.
3130 5151 3149 5183 ι

2006 5198 2120 5267 (ιιι)
2153 5199 2245 5253 Sic
2273 5215 2371 5253 ms.
2412 5214 2549 5252 unus
2577 5210 2629 5253 et
2665 5198 2940 5259 “abantis.
2969 5202 3109 5256 Editi
3133 5217 3263 5257 vero
3283 5212 3338 5256 et
3369 5220 3503 5261 mss.

1930 5269 2171 5350 plerique
2205 5272 2486 5350 perperam
2524 5271 2746 5334 habent,
2776 5287 2800 5350 ξ
2834 5272 3003 5350 Quod
3032 5273 3241 5341 loquor,
3271 5274 3321 5328 itt
3350 5274 3510 5329 Chri-

1928 5350 2014 5392 sto
2044 5338 2316 5407 loquor,'i
2360 5350 2414 5393 et
2446 5350 2657 5408 postea,
2714 5358 2733 5391 ι
2775 5340 2827 5395 itt
2858 5342 3067 5412 Spiritu
3102 5338 3290 5397 Sancto
3332 5349 3508 5401 couti-

1925 5419 2105 5463 ιιειιιτ.
2145 5428 2163 5460 ι

2004 5477 2115 5599 g2)
2151 5477 2315 5541 Editi,
2360 5496 2379 5529 ι
2403 5486 2455 5531 et
2491 5493 2586 5532 cur
2613 5478 2851 5535 salvahis
2879 5481 3034 5539 alios.
3070 5502 3088 5535 ι
3123 5482 3249 5537 Mss.
3281 5486 3504 5555 quidam

2067 5552 2297 5599 abantis.
2339 5565 2356 5599 t
2388 5557 2440 5599 et
2475 5550 2619 5599 uttod
2660 5551 2896 5599 salvahis
2923 5555 3076 5599 alios-
3116 5574 3133 5599 ι

1931 5557 1987 5601 et
2014 5550 2297 5617 Rabanus,
2339 5565 2356 5599 ι
2388 5557 2440 5617 et
2475 5550 2619 5617 quod
2660 5551 2896 5605 salvahis
2923 5555 3076 5607 alios.
3115 5574 3133 5605 ι

2004 5616 2113 5686 (43)
2150 5617 2311 5681 Editi,
2345 5640 2361 5667 ι
2398 5616 2648 5686 Nunquid
2680 5621 2750 5673 ita
2782 5623 2907 5677 est?
2942 5642 2959 5674 ι
3005 5625 3177 5685 ιιιιιΙικ,

2002 5686 2314 5764 (44)_l§diti,
2348 5706 2366 5735 ι
2395 5688 2724 5764 sit_factnm.
2760 5710 2776 5743 ι
2815 5692 2877 5748 Et
2908 5705 3120 5764 postea,
3182 5714 3198 5745 ι
3245 5694 3367 5753 llam
3403 5713 3504 5752 att-

1933 5763 2040 5814 letn
2071 5756 2306 5813 arbitror
2341 5759 2507 5825 quod,
2557 5777 2570 5811 t
2606 5770 2713 5814 etc.
