3986 6206
503 302 643 376 H59

1939 315 2258 371 ORIGENIS

3643 316 3777 376 1140

506 439 612 494 Sed
657 438 892 492 fortassc
937 437 1082 491 dicat
1134 435 1355 506 aliquis,
1411 437 1534 504 quia
1579 435 1790 507 Moyses
1821 437 1925 491 hoc
1961 437 2094 492 οπε-
2123 445 2164 499 Α
2198 436 2529 507 propitiatus
2563 435 2704 490 Deus
2739 435 2849 505 (55)
2906 435 3180 488 revocavit
3209 448 3330 498 eos,
3355 443 3412 490 et
3446 435 3501 490 in
3536 435 3772 492 lmredi-

509 545 657 591 reus,
701 527 930 581 salutem
982 524 1182 595 populo
1234 525 1435 580 meruit
1477 526 1772 594 impetrare
1827 541 1842 581 :
1889 527 2087 584 Paulus

507 637 640 675 vero
676 627 830 688 optat
873 617 1114 685 quidem,
1173 617 1270 680 sed
1317 631 1423 672 non
1456 627 1543 674 est
1581 619 1822 677 auditus.
1862 618 2002 688 Quid
2038 620 2086 676 si

509 710 794 764 ustemlam
829 708 926 762 tibi
969 708 1144 778 magis
1175 706 1408 762 Paulum
1443 707 1688 764 auditum
1726 723 1872 776 esse,
1923 724 2087 780 quam

509 800 779 871 Moysen?
810 800 1012 856 Omnes
1047 800 1190 856 enim
1215 799 1290 856 illi
1315 801 1410 872 qui
1443 815 1540 871 per
1582 799 1807 872 Moysen
1841 800 2088 858 exierant

510 898 578 946 de
623 889 860 964 Egypto
912 891 1050 962 (l5),
1099 891 1410 948 ceciderunt
1466 892 1520 948 in
1575 893 1814 948 deserto.
1879 891 2084 949 Posteri

511 997 641 1039 vero
671 1000 862 1040 eorum
895 985 987 1056 qui
1021 993 1226 1040 terram
1260 986 1704 1056 repromissionis
1732 997 2084 1058 acceperunt,

509 1077 672 1131 etiam
715 1091 858 1131 nunc
887 1086 1152 1148 vagantur
1184 1079 1296 1150 (46)
1333 1080 1402 1136 ab
1449 1095 1515 1135 ea
1548 1082 1768 1136 exsules
1805 1091 1860 1136 et
1904 1089 2088 1137 exter-

513 1184 619 1222 res.
653 1167 854 1224 l‘aulus
882 1182 1012 1223 vero
1039 1167 1164 1222 audi
1191 1169 1320 1239 quid
1351 1172 1496 1226 dicat
1541 1171 1607 1227 de
1643 1171 1814 1227 Israel
1849 1190 1862 1226 :
1898 1189 1916 1223 ε
1951 1170 2086 1227 Nolo

511 1276 628 1324 vos,
663 1261 859 1330 inquit,
884 1260 1162 1332 ignorare,
1191 1262 1412 1327 fratres,
1444 1263 1765 1334 mysterium
1799 1263 1925 1330 hoc,
1959 1264 2084 1333 quia

508 1353 730 1409 caecitas
757 1368 824 1408 ex
855 1364 1009 1424 parte
1051 1353 1235 1410 lsraeli
1269 1355 1502 1427 contigit
1529 1355 1666 1426 (47),
1703 1356 1876 1410 donec
1916 1354 2088 1425 pleni-

511 1447 642 1498 tudo
672 1445 918 1515 gentium
946 1446 1306 1513 subintraret,
1355 1456 1408 1502 ct
1454 1447 1535 1502 sic
1563 1446 1741 1501 omnis
1782 1445 1946 1501 Israel
1979 1446 2088 1501 sal-

509 1553 607 1592 vus
640 1537 795 1591 fieret
827 1537 895 1589 ⁸⁵.
936 1556 955 1589 ι
1007 1537 1167 1593 Vides
1193 1551 1325 1610 ergo
1353 1538 1482 1607 quia
1519 1540 1807 1594 exauditus
1836 1546 1919 1592 est
1947 1537 2088 1592 Pau-

508 1631 592 1684 lus
637 1641 692 1686 et
725 1630 851 1699 quia
899 1645 960 1686 se
1007 1630 1206 1686 obtulit
1249 1632 1559 1696 anathema,
1615 1631 1844 1687 salutem
1891 1632 2088 1686 meruit

505 1720 787 1777 fratribus.
824 1722 889 1776 Et
916 1723 1038 1777 ideo
1086 1722 1218 1776 mihi
1271 1720 1494 1776 videtur
1523 1722 1612 1776 illa
1644 1725 1824 1778 omnia
1869 1723 2083 1794 praemi-

2191 536 2354 582 tatem
2409 541 2521 581 sine
2569 527 2936 596 possessionis
2985 526 3230 594 adduxit,
3269 526 3428 582 toties
3483 539 3774 596 reparasse

2191 630 2541 688 testamenta,
2596 630 2651 675 et
2685 622 2932 678 heredes
2981 637 3075 678 eos
3123 623 3414 693 scripsisse
3464 623 3776 678 credendus

2188 722 2291 768 est.
2328 732 2346 764 ι
2380 713 2444 767 Et
2471 713 2818 783 obsequium,
2845 723 2901 768 et
2932 713 3342 782 promissiones.
3377 732 3397 766 ι
3433 711 3773 782 Obsequio:

2190 806 2549 860 sacerdotalia
2589 805 2724 860 dicit
2752 805 2930 861 oﬂicia
2972 823 2986 859 :
3039 805 3204 877 612
3241 823 3260 856 ι
3299 803 3718 874 promissiones,
3747 826 3768 858 ι

2188 915 2328 968 quae.
2363 900 2612 970 patribus
2667 898 2826 953 factae
2869 909 3018 968 sunt,
3054 909 3108 954 et
3137 908 3429 968 sperantur
3463 899 3663 952 danda:
3688 899 3778 955 his

2190 992 2280 1060 qui
2319 1006 2418 1061 per
2455 991 2617 1046 fidem
2651 990 2748 1045 lilii
2783 992 3046 1048 dicuntur
3068 991 3302 1046 Abrahae
3327 989 3395 1045 ³⁸.
3425 989 3654 1045 Certum
3688 999 3775 1046 est

2193 1096 2372 1139 tamen
2410 1085 2552 1154 quod
2587 1085 2752 1138 etiam
2806 1084 3110 1140 secundum
3150 1099 3374 1140 carnem
3409 1099 3479 1139 ea:
3520 1085 3646 1154 ipso
3677 1099 3772 1154 ge-

2189 1192 2339 1240 nere,
2375 1177 2477 1231 hoc
2503 1185 2584 1231 est
2615 1191 2678 1230 es
2717 1175 3036 1242 Israelitico,
3081 1174 3282 1231 fuerint
3311 1191 3418 1230 non
3446 1174 3628 1230 solum
3677 1191 3771 1244 pa-

2192 1278 2322 1330 tres,
2355 1269 2447 1322 sed
2477 1277 2532 1321 et
2561 1267 2833 1334 Citt'isltts,
2879 1268 3024 1322 sicut
3067 1276 3122 1322 et
3177 1282 3274 1336 per
3313 1267 3641 1338 prophetam
3685 1268 3772 1321 di-

2189 1360 2268 1414 cit
2295 1359 2409 1429 (54)
2445 1377 2457 1412 :
2496 1379 2514 1409 ι
2563 1356 2650 1414 Vae
2679 1358 2808 1422 illis,
2829 1360 2956 1428 quia
2981 1372 3115 1413 caro
3138 1372 3257 1414 mea
3286 1373 3352 1413 ex
3388 1358 3524 1428 ipsis
3551 1358 3721 1412 est”.
3742 1375 3765 1412 a

2195 1451 2308 1506 Cur
2339 1461 2524 1505 autem
2560 1468 2581 1502 r
2621 1465 2700 1505 vae
2735 1450 2884 1505 illis?
2914 1469 2934 1504 ι
2972 1449 3112 1516 Quia
3149 1458 3313 1504 natus
3343 1460 3430 1506 est
3471 1447 3634 1504 Iesus
3665 1467 3686 1500 ι
3715 1450 3772 1504 in

2192 1542 2400 1600 ruinam
2457 1551 2513 1595 et
2570 1542 2622 1596 in
2688 1542 3144 1596 resurrectionem
3193 1549 3487 1596 multorum
3523 1542 3594 1607 ’⁸,
3649 1559 3670 1593 ι
3715 1548 3776 1596 et

2188 1633 2314 1702 quia
2345 1633 2412 1686 ab
2450 1631 2559 1685 illis
2595 1646 2826 1701 quorum
2859 1647 2989 1688 caro
3025 1642 3167 1698 erat,
3201 1631 3519 1701 repudiatus
3560 1640 3673 1692 est,
3713 1640 3776 1686 et.

2191 1740 2219 1775 a
2275 1725 2530 1794 gentibus
2563 1739 2591 1775 a
2629 1725 2831 1793 quibus
2885 1724 3258 1796 ignorabatur,
3314 1733 3605 1793 susceptus
3663 1731 3778 1790 est,

505 1815 663 1877 sisse,
693 1815 834 1884 quod
860 1814 1005 1868 nulla
1034 1816 1085 1868 vi
1111 1815 1326 1884 possita
1349 1813 1442 1870 Dei
1462 1815 1733 1872 charitate
1753 1816 1928 1872 divelli
1947 1816 2080 1886 (48),
2117 1803 2158 1856 Β
2187 1819 2328 1873 sicut
2357 1829 2406 1872 et
2447 1833 2541 1886 per
2571 1817 2736 1871 David
2771 1816 2943 1871 dicit:
2985 1834 3004 1866 ι
3037 1815 3294 1884 Populus,
3328 1828 3490 1884 quem
3525 1829 3636 1868 non
3667 1828 3770 1869 co-

507 1915 560 1956 ut
588 1919 710 1958 cmn
746 1919 804 1959 se
833 1902 990 1959 oﬂ'ert
1025 1905 1322 1960 anathema
1351 1919 1451 1974 pro
1499 1905 1766 1962 fratribus
1794 1907 1937 1970 suis,
1972 1922 2078 1960 non

2187 1912 2373 1982 gnavi,
2412 1909 2632 1963 servivit
2662 1909 2791 1962 mihi
2818 1911 2886 1963 ".
2920 1928 2939 1961 ι
2976 1909 3049 1962 Ex
3080 1907 3214 1977 ipsis
3243 1922 3376 1977 ergo
3407 1917 3493 1962 est
3525 1918 3584 1961 et
3611 1907 3778 1962 Clin"

506 1993 716 2064 lapsum
747 1995 862 2063 ejus
896 1994 1210 2066 possibileru
1254 1995 1469 2064 judices
1503 2010 1519 2050 :
1553 1997 1648 2052 sed
1684 1997 1827 2052 sicut
1872 1996 1960 2052 ille
1992 1971 2302 2066 qui";tus
2355 2001 2653 2056 secundum
2714 2013 2958 2055 carnem.
3007 2016 3025 2050 ι
3060 2000 3162 2066 Qui
3221 2009 3307 2054 est
3361 2012 3529 2067 super
3580 1999 3774 2052 omnia

505 2087 886 2156 inseparabilis
919 2101 947 2141 a
987 2088 1148 2144 Patre
1173 2095 1258 2143 est
1309 2103 1406 2158 per
1441 2101 1717 2154 naturam,
1759 2100 1814 2144 et
1855 2091 2080 2143 immor-

506 2179 631 2232 talis
663 2179 716 2232 in
754 2188 984 2233 mortem
1016 2179 1187 2243 venit,
1222 2187 1276 2234 et
1310 2180 1364 2238 itt
1395 2179 1609 2236 inferna
1640 2181 1951 2248 descendit;
2005 2179 2080 2234 ita

2190 2094 2330 2146 Deus
2365 2091 2688 2148 benedictus
2723 2091 2775 2145 in
2808 2087 3006 2148 saecula
3035 2089 3103 2144 ⁸³.
3137 2108 3156 2142 ι
3191 2088 3472 2145 Christum
3507 2085 3662 2142 aliud
3685 2102 3778 2142 se-

2186 2182 2422 2235 cundum
2459 2194 2681 2236 carnem
2715 2193 2860 2243 esse,
2901 2189 2958 2235 et
2980 2177 3127 2234 aliud
3157 2177 3456 2234 secundum
3478 2178 3774 2248 spiritum,

501 2279 557 2322 et
590 2267 692 2321 iste
717 2267 986 2323 imitando
1015 2270 1367 2339 magistrum,
1399 2285 1522 2324 cum
1555 2271 1798 2340 separari
1827 2286 1857 2325 a
1882 2270 2082 2326 Christi
2180 2272 2294 2342 jam
2321 2283 2375 2326 et
2408 2270 2462 2326 in
2491 2269 2769 2340 prioribus
2821 2268 2985 2340 huius
3031 2266 3292 2340 Epistula:
3325 2267 3572 2336 partibus
3620 2268 3774 2322 desi-

503 2361 777 2414 charitate
805 2375 915 2418 non
953 2361 1149 2432 possit,
1186 2376 1216 2415 a
1249 2361 1473 2417 Christo
1521 2363 1811 2418 anathema
1853 2363 1949 2418 fiat
1986 2377 2083 2432 pro

504 2450 767 2508 fratribus
808 2452 942 2517 suis,
989 2452 1278 2508 devotione
1331 2452 1539 2522 utique,
1602 2469 1709 2508 non
1759 2457 2084 2524 pravarica-

505 2549 673 2600 tione.
703 2545 858 2612 Quod
889 2555 1070 2603 autem
1100 2563 1119 2598 ε
1159 2545 1378 2617 cognati
1408 2547 1711 2602 secundum
1741 2560 1964 2602 carnem
1981 2547 2027 2579 ⁸³³
2058 2566 2076 2598 ι

502 2639 614 2693 sint
653 2637 820 2694 Paulo
851 2637 1135 2702 lsraelitae,
1156 2638 1493 2709 expositione
1526 2654 1629 2694 non
1657 2639 1878 2708 indiget.
1903 2658 1921 2691 ι
1947 2638 2087 2706 Quo-

503 2744 649 2792 rum,
690 2730 885 2799 inquit,
940 2729 1166 2799 adoptio
1216 2739 1299 2786 est
1354 2730 1472 2801 (19)
1518 2730 1751 2786 filiorum
1779 2732 1846 2786 “.
1899 2751 1920 2784 ο
1967 2731 2082 2786 Ad-

500 2822 670 2889 optati
703 2821 902 2875 etenim
930 2830 1058 2876 sunt
1087 2821 1180 2876 filii
1208 2823 1373 2880 Israel
1401 2839 1431 2876 a
1462 2825 1569 2879 Deo
1597 2834 1724 2879 tunc
1749 2842 1768 2876 r
1797 2839 1920 2880 cum
1945 2827 2082 2881 divi-

504 2915 654 2964 deret
684 2911 944 2968 Excelsus
971 2923 1179 2983 gentes,
1236 2924 1294 2969 et
1353 2915 1692 2986 dispergeret
1734 2917 1874 2973 filios
1906 2919 2080 2974 Adam

506 3003 802 3057 secundum
851 3020 1139 3060 numerum
1191 3007 1512 3078 angelorum
1546 3009 1640 3063 Dei
1693 3009 1832 3081 (56)⁹
1859 3019 1912 3067 ει
1941 3011 2082 3068 facta

503 3103 587 3147 est
618 3094 794 3162 portio
838 3094 1053 3150 Domini
1107 3094 1298 3162 Jacob,
1329 3107 1383 3152 et
1414 3097 1690 3154 funiculus
1744 3101 2084 3158 hatreditatis

501 3186 622 3253 ejus
656 3185 821 3241 Israel
855 3188 923 3242 ⁸⁷.
965 3207 984 3240 ι
1019 3188 1124 3243 Ista
1161 3199 1246 3243 est
1275 3204 1408 3260 ergo
1437 3191 1657 3260 adoptio
1689 3192 1944 3248 filiorum.
1971 3213 1990 3246 ο
2016 3196 2084 3250 Et

499 3278 698 3348 gloria,
730 3289 783 3334 ει
814 3288 1136 3335 testamenta
1159 3280 1681 3351 (5|),etlegislatio.
1726 3301 1746 3336 ι
1805 3284 1879 3340 De
1912 3286 2081 3358 gloria

503 3369 626 3424 latae
669 3369 802 3441 legis
831 3386 973 3442 szepe
995 3371 1108 3440 jam
1141 3372 1344 3428 dictum
1377 3384 1486 3438 est,
1516 3374 1657 3429 sicut
1685 3385 1738 3430 et
1774 3376 1890 3446 ipse
1933 3377 2083 3448 Apo-

502 3461 676 3515 stolus
708 3461 885 3516 dicit:
923 3479 946 3513 ι
981 3461 1040 3516 Si
1081 3461 1228 3516 enim
1264 3463 1408 3531 quod
1455 3474 1775 3529 evacuatur,
1826 3482 1927 3536 per
1968 3468 2084 3538 glo-

509 3556 642 3607 riam
675 3563 782 3620 est,
827 3573 845 3606 ι
885 3555 989 3608 hoc
1021 3563 1106 3610 est
1137 3551 1303 3610 Vetus
1355 3554 1794 3627 Testamentum,
1847 3579 1866 3613 ι
1913 3565 2084 3618 multo

507 3645 679 3716 magis
707 3649 854 3716 quod
892 3655 1098 3711 manet,
1153 3647 1206 3700 in
1269 3645 1441 3717 gloria
1486 3658 1570 3705 est
1616 3649 1683 3716 ⁸⁸,
1723 3671 1744 3704 ι
1806 3652 2082 3724 Evangelii

503 3738 709 3793 scilicet
733 3739 1066 3806 praedicatio.
1118 3739 1224 3794 Sed
1274 3740 1420 3809 quod
1478 3742 1629 3807 dicit,
1669 3761 1688 3794 ‹
1727 3742 2080 3802 Testamenta

505 3842 554 3886 ει
591 3830 879 3901 Ιεείδιίιιὶο,
924 3849 942 3882 ι
979 3846 1147 3885 unum
1185 3829 1420 3887 fortasse
1447 3832 1632 3890 dicere
1667 3836 1943 3892 videatur.
1968 3839 2080 3892 Lex

497 3927 645 3978 enim
679 3941 800 3993 qum
835 3925 937 3978 lata
964 3933 1068 3989 est,
1101 3926 1218 3996 ipsa
1251 3926 1420 3980 etiam
1449 3923 1863 3986 Testamentum
1895 3931 2082 4001 appet.

501 4016 671 4070 latur.
705 4017 812 4069 Sed
850 4030 951 4083 ego
984 4017 1127 4070 hanc
1156 4023 1276 4071 esse
1306 4016 1714 4075 distinctionem
1746 4032 1898 4090 puto,
1934 4026 2079 4092 quod

505 4105 775 4174 legislatio
813 4106 1033 4172 quidem
1061 4105 1227 4160 fuerit
1267 4122 1398 4173 una,
1451 4118 1505 4161 et
1541 4113 1710 4166 semel
1748 4113 1929 4169 habita
1983 4133 2080 4186 per

500 4198 764 4268 Moysen;
797 4205 1120 4253 testamenta
1178 4211 1308 4251 vero
1345 4197 1458 4268 (5‘2)
1510 4198 1828 4271 frequenter
1873 4215 2076 4260 statuta

499 4301 647 4346 sunt.
682 4287 910 4357 Quoties
946 4289 1090 4343 enim
1140 4302 1526 4358 peccaverunt,
1577 4303 1629 4347 et
1677 4295 1873 4365 abjecti
1928 4310 2076 4364 smn,

501 4383 662 4437 toties
685 4382 1017 4436 eshmredati
1049 4381 1324 4436 videntur.
1365 4382 1429 4436 Et
1471 4397 1717 4449 rursum,
1745 4389 1960 4456 quoties
1990 4407 2078 4446 re-

601 4477 650 4510 ⁸⁵
675 4477 830 4532 Rom.
855 4494 933 4539 XI.
959 4476 1050 4538 95.
1085 4477 1173 4531 26.
1253 4477 1300 4510 ³⁸
1319 4479 1471 4532 Rom.
1506 4495 1580 4542 Ix,
1605 4480 1659 4534 3.
1737 4482 1782 4513 ⁸⁸
1808 4484 1934 4542 ibid.
1985 4487 2041 4542 ιι.

630 4549 676 4580 ⁸ο
707 4547 1072 4607 Osc.tx.12.
1150 4550 1193 4580 ⁸⁸
1222 4548 1354 4603 Luc.
1403 4565 1460 4610 Il,
1500 4551 1589 4602 51.
1706 4554 1750 4584 ⁹¹
1774 4552 1920 4612 Psal.
1951 4574 2082 4612 xvtt.

2190 4485 2340 4542 Deut.
2368 4501 2544 4550 xxxtt,
2571 4483 2624 4550 8,
2653 4485 2708 4540 9.

2195 4600 2210 4612 .
2322 4557 2368 4589 "
2392 4556 2549 4611 Rom.
2578 4570 2654 4612 Ix.
2681 4555 2708 4609 5

499 4549 556 4603 7t
630 4549 676 4580 ’°
707 4547 850 4602 Ose.
881 4549 1072 4607 "(.12.
1150 4550 1193 4580 ³⁸
1222 4548 1354 4603 Luc.
1403 4565 1460 4610 Il,
1500 4551 1589 4602 5t.

499 4617 554 4673 5.
629 4619 678 4651 ⁹⁶
703 4619 717 4673 Ι
747 4617 874 4674 Cor.
897 4635 1014 4686 vm,
1039 4618 1092 4674 6.
1169 4621 1213 4652 ⁸⁷
1242 4619 1381 4675 Psal.
1411 4636 1556 4686 xcrx,
1583 4621 1636 4676 5.

2185 2369 2397 2438 guavit,
2431 2365 2520 2420 ubi
2549 2364 2718 2420 dicit:
2752 2382 2772 2416 ι
2811 2362 2910 2431 Qui
2947 2363 3122 2419 factus
3145 2371 3231 2418 est
3259 2375 3323 2416 ex
3345 2361 3562 2416 semine
3601 2360 3775 2414 David

2185 2459 2484 2515 secundum
2537 2471 2781 2522 carnem,
2819 2455 2910 2526 qui
2968 2455 3272 2510 destinatus
3307 2463 3394 2509 est
3446 2451 3623 2509 Filius
3675 2450 3772 2506 Dei

2187 2551 2242 2604 in
2275 2550 2497 2615 virtute,
2528 2547 2832 2603 secundum
2870 2545 3121 2617 spiritum
3157 2544 3622 2600 sanctificationis
3653 2542 3722 2597 ’³.
3745 2559 3770 2595 ι

2185 2642 2251 2696 Et
2295 2640 2570 2711 quomodo
2616 2638 2917 2720 secundum
2956 2637 3208 2708 spiritum
3255 2635 3428 2692 Filius
3457 2635 3553 2690 Dei
3587 2634 3688 2698 sit,
3719 2643 3778 2689 et

2184 2734 2483 2790 secundum
2518 2746 2740 2787 carnem
2773 2729 2918 2786 illius
2946 2728 3139 2796 David,
3173 2728 3242 2784 ibi
3264 2728 3380 2798 (55)
3411 2727 3633 2798 plenius
3669 2741 3774 2795 pro

2189 2825 2397 2884 viribus
2428 2823 2806 2892 exposuimus.
2842 2822 3013 2890 Quem
3046 2835 3180 2892 ergo
3207 2820 3281 2875 ibi
3311 2820 3612 2875 secundum
3658 2819 3775 2886 spi-

2186 2917 2352 2972 ritum
2398 2915 2597 2970 Filium
2632 2913 2726 2968 Dei
2768 2913 2924 2978 dixit,
2989 2912 3078 2967 hic
3131 2909 3464 2980 procedente
3504 2908 3772 2964 doctrina:

2185 3009 2402 3076 ordine,
2450 3006 2864 3078 prolicieutibus
2921 3015 3110 3076 utpote
3165 3003 3532 3073 auditoribus,
3591 3003 3772 3058 Deum

2193 3121 2211 3153 ι
2247 3102 2339 3171 qui
2368 3111 2454 3156 est
2489 3115 2654 3171 super
2681 3099 2867 3155 omnia
2914 3098 3234 3165 benedictus
3271 3098 3318 3130 ⁸⁵
3363 3094 3475 3166 (56)
3510 3114 3530 3148 a
3587 3095 3772 3165 ipsum

2184 3210 2307 3251 esse
2338 3193 2683 3266 pronuntiat.
2719 3191 2788 3246 Et
2823 3191 2992 3254 miror
3018 3191 3291 3261 quomodo
3323 3189 3546 3259 quidam
3574 3187 3772 3257 legen-

2187 3294 2267 3340 tes
2302 3285 2445 3354 quud
2481 3282 2624 3337 idem
2675 3280 2972 3352 Apostolus
3020 3280 3073 3335 in
3115 3279 3240 3344 aliis
3294 3279 3429 3334 dicit
3477 3296 3492 3334 :
3551 3297 3570 3330 ι
3611 3276 3770 3333 Unus

2185 3375 2326 3428 Deus
2359 3373 2539 3438 Pater,
2563 3387 2632 3427 ex
2661 3386 2770 3442 quo
2802 3371 2983 3436 omnia
3014 3389 3030 3424 :
3061 3379 3117 3425 et
3147 3384 3288 3424 unus
3312 3367 3574 3424 Dominus
3605 3366 3771 3422 Iesus

2185 3467 2461 3530 Christus,
2495 3481 2594 3536 per
2627 3479 2789 3536 quem
2821 3465 3005 3520 omnia
3028 3464 3098 3530 ",
3133 3480 3154 3516 ι
3200 3471 3404 3532 negent
3431 3461 3632 3514 Filium
3670 3458 3770 3515 Dei

2188 3558 2358 3612 Deum
2385 3556 2586 3611 debere
2615 3553 2888 3625 profiteri,
2911 3556 3135 3610 neduos
3157 3555 3288 3609 deos
3317 3553 3502 3607 dicere
3536 3551 3768 3605 videan-

2187 3659 2295 3702 tur.
2337 3647 2401 3702 Et
2434 3645 2564 3715 quid
2616 3647 2684 3704 de
2725 3645 2830 3701 hoc
2875 3643 3000 3701 loco
3037 3643 3281 3716 Apostoli
3318 3643 3540 3708 facient,
3570 3641 3626 3696 in
3658 3654 3770 3710 quo

2187 3727 2373 3809 aperte
2404 3738 2658 3800 Christus
2696 3757 2716 3790 ι
2749 3753 2912 3807 super
2943 3737 3130 3794 omnia
3155 3736 3298 3792 Deus
3334 3754 3353 3790 ι
3405 3751 3532 3790 esse
3579 3735 3769 3806 perbi-

2186 3835 2344 3888 betur
2373 3831 2511 3900 (57).
2565 3830 2675 3886 Sed
2727 3847 2834 3886 non
2874 3831 3168 3886 advertunt
3211 3828 3306 3898 qui
3352 3828 3474 3882 hate
3510 3827 3581 3880 ita
3639 3842 3768 3881 sen-

2188 3925 2352 3989 tiuut,
2379 3922 2528 3992 quod
2571 3922 2716 3978 sicut
2761 3922 3048 3979 Dominum
3087 3919 3276 3977 Jesum
3330 3918 3609 3974 Christum
3659 3931 3764 3970 non

2185 4017 2259 4072 ita
2287 4031 2456 4068 unum
2487 4029 2612 4069 esse
2639 4013 2928 4072 Dominum
2959 4013 3118 4079 dixit,
3148 4021 3209 4065 ut
3233 4026 3301 4064 ex
3343 4010 3446 4064 hoc
3495 4010 3638 4064 Deus
3668 4007 3767 4061 Pa-

2188 4117 2269 4162 ter
2303 4107 2564 4162 Dominus
2595 4121 2702 4162 non
2730 4104 2987 4160 dicatur:
3017 4105 3094 4159 ita
3123 4113 3178 4158 et
3201 4103 3366 4158 Deum
3407 4100 3624 4157 Patrem
3659 4113 3763 4155 non

2185 4201 2258 4255 ita
2292 4199 2429 4254 dixit
2457 4213 2581 4254 esse
2609 4213 2777 4254 unum
2815 4196 3008 4260 Deum,
3041 4205 3099 4250 ut
3131 4194 3273 4250 Deus
3308 4193 3479 4249 Filius
3515 4210 3621 4249 non
3648 4207 3765 4248 cro-

2183 4295 2366 4346 datur.
2399 4291 2538 4347 Vera
2562 4304 2648 4347 est
2675 4291 2822 4346 enim
2847 4289 3128 4358 Scriptura
3155 4303 3277 4357 qua:
3293 4287 3426 4342 dicit
3453 4306 3466 4342 :
3505 4305 3526 4338 ι
3561 4285 3763 4340 Scitote

2183 4387 2440 4456 quoniam
2483 4385 2747 4440 Dominus
2779 4385 2897 4455 ipse
2929 4394 3016 4440 est
3045 4385 3187 4439 Deus
3226 4381 3294 4434 "'.
3334 4399 3353 4434 ι
3393 4379 3552 4435 Ultus
3581 4387 3757 4432 autem

2807 4483 2852 4515 ⁸⁸
2885 4481 2925 4536 ll
2954 4483 3078 4538 Cor.
3109 4497 3189 4541 ιιι,
3217 4479 3302 4532 11.
3379 4478 3426 4509 ⁸⁸
3467 4474 3645 4530 Galat.
3679 4488 3757 4536 In,

2322 4557 2368 4589 "
2392 4546 2549 4611 Rom.
2578 4546 2654 4619 ni,
2681 4555 2736 4609 5.
2829 4555 2876 4586 "
2897 4553 3054 4608 Rout.
3089 4569 3127 4617 ι,
3169 4553 3224 4617 5,
3251 4552 3305 4605 6.
3332 4599 3342 4612 ,
3412 4549 3461 4580 ⁹⁶
3500 4546 3658 4604 Rom.
3687 4559 3758 4608 ιι,

573 4711 686 4780 (45)
717 4711 795 4766 De
812 4712 1068 4782 Egypto.
1104 4712 1228 4768 Haec
1254 4713 1418 4770 verba
1445 4714 1638 4770 desunt
1663 4716 1715 4770 iu
1746 4714 1909 4769 editis
1933 4722 1987 4767 et
2025 4714 2076 4766 in
2114 4717 2157 4772 ι)
2187 4721 2458 4782 stameuta
2493 4732 2508 4762 ι
2541 4726 2662 4782 cum
2699 4725 2802 4772 ms.
2839 4725 2947 4763 uno
2972 4708 3164 4782 Regio.

499 4783 775 4853 plerisque
805 4799 962 4849 mss.,
1001 4799 1210 4836 necnon
1245 4794 1297 4836 et
1333 4783 1470 4853 apud
1521 4784 1832 4852 Rabanum,
1864 4785 1958 4841 sed
1998 4799 2078 4840 rc-

499 4854 808 4923 stituuntur
833 4868 898 4907 ex
935 4869 1042 4906 uno
1069 4869 1170 4908 nts.
1215 4853 1383 4923 Regio
1430 4870 1579 4910 num.
1615 4853 1769 4911 1659.

572 4921 684 5062 (46)
717 4923 880 4986 Editi,
914 4938 1224 4992 perperam,
1254 4941 1272 4975 ε
1297 4921 1592 4988 iactantur.
1631 4946 1648 4979 ι

572 4993 662 5062 (47
715 4990 816 5048 Ms.
848 4994 1050 5062 Regius
1083 5009 1234 5048 num.
1271 4993 1408 5048 1659
1434 5003 1484 5048 ει
1521 4995 1648 5051 Rab:

571 4990 684 5066 (47)
715 4990 1050 5066 Ms._Regius
1083 5009 1234 5048 num.
1271 4993 1408 5048 t639
1434 5003 1484 5048 et
1521 4995 1796 5066 Rabanus,
1846 5017 1865 5050 ι
1908 4998 1962 5053 in
2001 4993 2078 5050 ls‘

502 5063 620 5134 rael
641 5063 892 5134 contigit,
927 5084 945 5116 ι
979 5074 1087 5118 etc.

571 5132 688 5206 (48)
743 5131 836 5206 Sic
873 5147 1004 5206 mss.
1036 5142 1093 5188 ει
1128 5131 1408 5206 Rabanus.
1465 5137 1604 5192 Editi
1650 5153 1803 5198 vero,
1870 5155 1888 5187 ι
1933 5136 2079 5206 quod

504 5204 651 5258 nulla
705 5204 788 5259 vis
841 5205 1016 5272 possit
1064 5218 1189 5258 eum
1224 5221 1253 5257 a
1295 5205 1566 5260 charitatc
1611 5208 1704 5262 Dei
1741 5204 2024 5264 divellere.
2056 5225 2074 5258 ι

503 5275 710 5346 Deinde
750 5288 941 5330 omnes
991 5273 1480 5346 mss.,ARabanus,
1504 5284 1559 5331 et
1588 5278 1741 5340 editi,
1796 5296 1815 5327 ι
1853 5277 2083 5346 passibi-

658 5361 673 5409 ;
720 5363 739 5397 ι
780 5347 876 5402 sed
928 5355 1109 5399 tamen
1165 5343 1451 5416 legendum
1508 5348 1724 5402 videtur
1779 5366 1798 5399 ι
1846 5343 2083 5417 possibi-

618 5450 632 5464 ο
659 5431 678 5464 ι

524 5427 632 5466 CIII.
659 5431 678 5464 ι

575 5482 691 5622 (£9;
727 5483 843 5537 Est.
878 5484 1038 5540 Deest
1071 5485 1123 5539 in
1155 5495 1314 5540 antea
1344 5485 1526 5542 editis.

576 5552 668 5620 (50
744 5553 858 5607 Dei.
900 5555 1184 5610 Omittitur
1244 5557 1295 5610 iu
1350 5557 1511 5612 editis

576 5552 691 5622 (50)
744 5553 858 5628 Dei.
900 5555 1184 5628 Omittitur
1244 5557 1295 5610 iu
1350 5557 1619 5628 editisget
1676 5559 1728 5610 iu
1803 5556 2078 5628 plerisque

504 5624 1126 5698 tnssu.,‘se_d__t;estituitu_r
1155 5641 1220 5698 ex
1257 5642 1364 5681 uno
1387 5641 1488 5682 ms.
1526 5626 1716 5698 Regio.

574 5689 880 5771 (5|).Ediii,
915 5712 934 5745 ι
969 5693 1036 5748 Ει
1053 5695 1240 5762 gloria:
1264 5689 1669 5771 testamentum.
1706 5717 1724 5750 ι
1756 5697 1880 5771 Mss.
1916 5695 2078 5766 pleri-

502 5777 609 5833 que
645 5767 812 5818 etiam
868 5780 888 5815 i
937 5771 1320 5820 testamentum
1362 5783 1376 5834 ;
1413 5785 1430 5818 ι
1485 5769 1576 5826 sed
1612 5767 1898 5839 legendum
1943 5784 1961 5820 ι
1999 5776 2076 5823 te-

2262 4782 2373 4851 (52)
2422 4777 2573 4837 l’ero.
2615 4781 2776 4835 Deest
2811 4783 2862 4834 iu
2897 4777 3143 4834 editis'et
3179 4779 3228 4851 in
3267 4779 3543 4850 plerisque
3565 4792 3690 4851 mss.

2261 4854 2375 4924 (55)
2414 4851 2580 4924 Editi,
2617 4869 2636 4901 ι
2666 4851 3056 4920 repropitiatus
3078 4859 3166 4904 est
3186 4850 3347 4916 Deus,
3379 4870 3398 4902 ι
3437 4862 3543 4924 etc.
3581 4850 3648 4906 Et
3671 4865 3757 4924 pof
3803 4871 3810 4878 ·

2188 4920 2326 4989 stea,
2357 4920 2386 4975 ’σ
2423 4922 2583 4977 toties
2636 4935 2922 4988 reparasse
2966 4930 3373 4982 testamentum.
3416 4940 3436 4972 ι
3483 4921 3613 4978 Mss.
3648 4920 3760 4992 qui-

2188 4996 2335 5057 dam,
2372 5012 2390 5044 ι
2424 4994 2586 5046 toties
2619 5006 2906 5058 reparasse
2939 4999 3288 5044 testamento.
3317 5009 3336 5041 ι

2259 5064 2372 5138 (54)
2403 5063 2663 5138 Sic_ntss.
2697 5059 2842 5116 Editi
2871 5075 3022 5138 vero,
3069 5079 3087 5112 ι
3145 5061 3288 5138 sicut
3313 5075 3412 5131 per
3446 5062 3760 5138 prophetam

2187 5130 2409 5192 dicitur.
2449 5150 2468 5184 ι
2507 5131 2784 5189 Rabanus.
2825 5149 2844 5182 ς
2880 5132 3023 5186 sicut
3052 5140 3106 5184 et
3129 5130 3394 5198 propheta
3427 5130 3580 5197 dicit,
3621 5150 3640 5184 ι
3672 5130 3759 5198 qui

2194 5205 2389 5262 deinde
2419 5202 2646 5267 omittit,
2701 5219 2721 5254 ι
2753 5199 2846 5256 Vae
2875 5203 3008 5265 illis,
3038 5204 3166 5271 quia
3203 5214 3340 5256 caro
3377 5217 3498 5256 mea
3529 5217 3594 5257 ex
3637 5201 3760 5273 ipsis

2193 5286 2295 5332 cst.
2319 5274 2432 5330 Cur
2462 5282 2665 5331 autem.
2695 5290 2714 5324 ι

2266 5345 2396 5429 (55).
2425 5343 2530 5397 lbi.
2561 5342 2845 5429 Omittitur
2876 5343 2930 5398 in
2959 5342 3146 5400 editis.
3199 5339 3334 5397 Vide
3362 5340 3500 5398 lib.t
3531 5343 3586 5398 in
3625 5340 3759 5396 hanc

2195 5411 2510 5487 Epistolam,
2538 5429 2716 5487 num._

2265 5484 2382 5557 (56)
2410 5483 2489 5557 lta
2512 5485 2666 5540 editi.
2697 5482 2827 5541 Mss.
2858 5499 2988 5542 vero
3013 5485 3141 5552 duo,
3183 5504 3201 5557 ι
3231 5484 3399 5539 Deum
3429 5485 3518 5552 qui
3553 5491 3644 5557 est
3668 5497 3757 5536 su-

2185 5553 2285 5628 per
2305 5553 2487 5628 omnia
2518 5564 2862 5624 regnantem,
2908 5574 2927 5606 ι
2977 5565 3087 5610 etc.
3129 5556 3284 5611 Alter.
3320 5569 3422 5610 IIIS.
3470 5553 3673 5609 omittit
3707 5564 3759 5608 et

2191 5625 2210 5682 ᾖ
2246 5625 2565 5697 benedictus
2596 5645 2614 5678 ι
2645 5629 2702 5680 ct
2730 5640 2748 5674 ι
2772 5638 3099 5697 regnantem.
3128 5649 3144 5678 ι

2258 5693 2371 5767 (57)
2405 5695 2575 5761 Alias,
2615 5713 2632 5745 ι
2685 5693 3058 5764 perscribitur.
3093 5712 3114 5746 ι
