3986 6206
212 401 351 455 {HI

1139 400 1496 457 COMMENT.
1540 400 1603 455 IN
1646 398 1861 456 EPIST.
1901 400 1993 454 AD
2032 399 2199 456 [ωλι.
2240 399 2366 454 LIB.
2405 397 2517 454 V’II.

3336 398 3470 453 III!

215 531 451 590 uterque
476 528 558 575 est
597 520 759 585 Deus,
795 521 921 589 quia
959 534 1063 575 non
1097 531 1182 575 est
1204 523 1347 577 aliud
1375 523 1511 580 Filio
1540 524 1797 580 divinita-
1825 527 1873 584 Α
1902 523 1955 579 in
1983 522 2104 578 solo
2131 521 2281 577 Isaac
2310 520 2400 590 qui
2426 526 2544 576 erat
2574 516 3015 589 repromissionis
3042 516 3206 581 ﬁlius,
3239 517 3466 573 seminis

214 614 288 666 tis
330 612 542 666 initimu
577 626 743 681 quam
786 609 992 676 Pater;
1037 613 1136 667 sed
1169 613 1341 682 ipsius
1373 616 1534 670 unius
1571 614 1792 671 Paterni

218 703 411 768 fontis,
446 704 589 757 sicut
618 702 885 773 sapientia
908 704 1062 769 tIlCil,
1095 723 1113 757 ι
1145 708 1436 773 purissima
1466 726 1483 757 ι
1510 717 1595 761 est
1628 726 1648 759 ι
1683 724 1797 760 ma-

218 799 371 853 natio
401 794 451 829 ⁹⁸
484 815 503 848 ι
544 794 734 851 Filius.
786 796 885 852 Est
931 812 1065 865 ergo
1097 797 1348 853 Christus
1380 816 1399 849 ι
1444 797 1586 852 Deus
1634 813 1796 867 super

212 889 423 945 omnia.
460 906 480 940 ι
514 886 645 953 Quae
691 907 708 939 ι
755 889 988 942 omnia?
1026 908 1044 941 ι
1089 888 1185 943 Illa
1236 891 1355 944 sine
1392 891 1557 945 dubio
1590 906 1711 959 qua:
1741 900 1795 945 et

216 981 382 1049 paulo
413 990 539 1035 ante
562 981 820 1046 diximus,
883 1000 901 1032 ι
949 996 1113 1050 super
1164 982 1524 1052 principatus,
1557 994 1611 1037 et
1638 992 1791 1051 pote-

209 1082 408 1134 states,
435 1081 490 1125 et
527 1071 778 1134 virtutes,
810 1080 864 1125 et
894 1084 1058 1125 omne
1082 1086 1274 1125 nomen
1309 1074 1452 1142 quod
1482 1074 1793 1131 nominatur

209 1180 323 1219 non
352 1164 524 1218 solum
558 1164 612 1216 in
643 1164 744 1218 hoc
776 1164 997 1228 saeculo,
1028 1164 1123 1219 sed
1158 1166 1325 1220 etiam
1366 1165 1421 1219 in
1457 1164 1642 1220 futuro
1671 1166 1735 1218 ".
1766 1183 1784 1218 ι

208 1256 317 1322 Qui
352 1266 534 1309 autem
575 1269 737 1323 super
758 1256 937 1308 omnia
968 1263 1072 1320 est,
1105 1270 1272 1326 super
1308 1272 1369 1312 se
1400 1257 1671 1312 neminem
1696 1257 1789 1313 ha-

207 1343 325 1397 bet.
376 1343 490 1396 Non
539 1344 685 1397 enim
730 1352 853 1413 post
900 1344 1117 1398 Patrem
1154 1355 1236 1399 est
1279 1345 1391 1417 (58)
1434 1348 1568 1417 ipse,
1597 1349 1689 1403 sed
1721 1348 1787 1402 de

207 1430 400 1488 Patre.
443 1430 555 1487 Hoc
605 1433 747 1487 idem
786 1442 968 1488 autem
1022 1434 1300 1506 Sapientia
1359 1438 1453 1495 Dei
1508 1440 1673 1494 etiam
1719 1440 1786 1494 de

210 1522 421 1592 Spiritu
459 1537 652 1579 sancto
693 1525 917 1595 intelligi
952 1526 1120 1593 dedit,
1154 1529 1241 1584 ubi
1276 1531 1446 1586 dicit:
1489 1553 1507 1584 ι
1548 1531 1787 1602 Spiritus

213 1616 431 1669 Domini
465 1615 692 1686 replevit
721 1618 913 1671 orbem
950 1628 1217 1675 terrarqu
1263 1641 1276 1677 :
1324 1632 1377 1676 et
1411 1624 1507 1693 qui
1543 1625 1784 1679 continet

204 1706 420 1771 omnia,
471 1706 757 1759 scientiam
808 1707 972 1764 habet
1006 1711 1155 1764 vocis
1197 1712 1234 1764 ί.
1270 1730 1289 1764 ι
1355 1712 1410 1765 Si
1445 1726 1575 1783 ergo
1613 1712 1783 1770 Filius

208 1814 233 1849 ι
276 1795 420 1850 Deus
448 1810 611 1866 super
637 1798 820 1852 omnia
859 1818 876 1851 ι
912 1801 1132 1865 dicitur,
1171 1810 1226 1856 et
1270 1801 1503 1871 Spiritus
1561 1814 1781 1860 sanctus

204 1887 495 1941 continere
531 1891 714 1943 omnia
768 1901 1122 1960 memoratur,
1181 1893 1324 1947 Dens
1380 1903 1563 1949 autem
1617 1894 1780 1952 Pater
1812 1866 1852 1921 Β

199 1988 291 2032 est
325 1995 345 2030 ι
368 1995 432 2032 ex
463 1995 569 2047 quo
593 1982 798 2045 omnia,
833 2002 849 2034 ι
889 1983 1172 2037 evidenter
1197 1984 1502 2039 ostenditur
1532 1995 1776 2042 naturam

204 2070 493 2125 Trinitatis
525 2080 579 2127 ct
641 2072 1002 2129 substantiam
1032 2090 1191 2128 unam
1222 2091 1369 2143 esse,
1415 2092 1536 2146 quae
1573 2088 1655 2134 est
1688 2095 1778 2135 su-

202 2175 308 2228 per
340 2160 544 2218 omnia.

275 2251 367 2304 Η.
417 2270 436 2302 ι
464 2250 578 2307 Non
608 2262 788 2310 autem
820 2256 1023 2312 excidit
1052 2260 1275 2315 verbum
1320 2260 1434 2331 (59)
1486 2263 1599 2318 Dei.
1658 2263 1774 2320 Non

194 2341 349 2396 enim
377 2357 571 2399 omnes
604 2345 696 2415 qui
736 2356 867 2402 sunt
901 2364 966 2404 ex
1002 2350 1187 2414 Israel,
1222 2351 1274 2407 hi
1306 2361 1435 2408 sunt
1463 2353 1725 2410 Israelita;
1757 2378 1769 2412 :

194 2449 303 2490 nec
331 2436 429 2505 qui
459 2446 588 2492 sunt
617 2452 803 2495 semen
830 2441 1127 2511 Abraham,
1176 2459 1365 2502 onmes
1413 2445 1548 2502 lilii:
1588 2448 1683 2504 sed
1718 2450 1771 2504 in

194 2525 354 2581 Isaac
412 2528 698 2584 vocabitur
730 2532 825 2587 tibi
861 2548 1093 2591 semen:
1128 2537 1180 2591 id
1225 2546 1328 2601 est,
1382 2553 1490 2593 non
1535 2541 1629 2610 qui
1677 2541 1771 2595 lilii

195 2618 412 2685 carnis,
439 2619 494 2675 hi
526 2620 620 2677 ﬁlii
647 2632 773 2678 sunt
820 2624 911 2681 Dei
949 2643 964 2681 :
1015 2629 1109 2682 sed
1140 2631 1229 2698 qui
1264 2632 1360 2688 lilii
1393 2635 1772 2703 promissionis

192 2719 348 2775 sunt,
379 2710 711 2781 deputantur
740 2713 793 2768 in
824 2730 1011 2772 semen
1056 2719 1101 2773 ³.
1144 2736 1162 2771 ι
1196 2721 1458 2787 Quoniam
1493 2740 1654 2796 supra
1688 2726 1774 2781 di-

194 2811 351 2858 xerat
386 2802 411 2836 ⁸
433 2806 587 2877 quod
625 2821 722 2877 pro
753 2806 1017 2867 fratribus
1044 2814 1181 2878 suis,
1216 2832 1235 2867 ι
1267 2816 1358 2885 qui
1394 2826 1524 2872 sunt
1553 2821 1767 2887 cognati

190 2892 500 2951 secundum
555 2912 797 2965 carnem,
852 2902 945 2972 qui
995 2914 1121 2958 sunt
1172 2906 1451 2976 Israelitze,
1487 2927 1508 2962 ι
1554 2920 1771 2980 optaret

192 2989 364 3042 etiam
410 2990 697 3046 anathema
750 2993 895 3061 ﬁeri,
945 3010 1011 3050 eo
1057 3000 1201 3067 quod
1256 3000 1497 3071 ipsorum
1540 3015 1686 3060 esset
1715 3014 1770 3059 et

190 3077 419 3146 adoptio
475 3078 707 3136 ﬁliorum
757 3082 891 3153 (60),
920 3096 975 3139 et
1025 3086 1314 3158 Iegislatio,
1363 3104 1416 3147 et
1449 3095 1767 3163 promissio-

188 3184 329 3235 nes;
365 3169 433 3226 de
472 3170 557 3226 his
586 3187 729 3227 nunc
753 3174 885 3229 dicit
915 3177 1039 3245 quia
1106 3181 1332 3237 verbum
1362 3180 1455 3238 Dei
1484 3200 1590 3240 non
1616 3187 1764 3241 exci-
1794 3213 1835 3271 ο

191 3259 299 3323 dit,
334 3260 438 3313 hoc
465 3270 569 3326 est,
604 3265 890 3330 promissio
924 3281 1046 3337 quae
1074 3270 1154 3326 eis
1183 3271 1296 3342 (6|)
1329 3273 1470 3329 facta
1518 3286 1622 3343 est,
1658 3290 1761 3332 non

187 3351 443 3406 evanuit.
482 3350 584 3420 Qui
614 3356 759 3411 enim
788 3368 949 3416 verus
980 3360 1144 3417 fuerit
1178 3364 1370 3432 Israel,
1405 3383 1509 3423 non
1540 3385 1607 3423 ex
1644 3384 1764 3425 car-

184 3448 303 3502 nali
357 3463 559 3518 genere
618 3460 825 3506 tantum
884 3454 951 3509 de
998 3456 1275 3513 Abraham
1328 3475 1500 3531 genus
1557 3463 1762 3520 ducens

184 3543 234 3608 (ι
279 3540 398 3597 Non
430 3542 573 3598 enim
627 3545 721 3613 qni
771 3545 863 3599 lilii
917 3550 1099 3604 carnis
1146 3570 1165 3604 ι
1220 3562 1364 3620 sunt,
1414 3571 1433 3605 ι
1469 3556 1520 3609 hi
1571 3564 1626 3610 et
1668 3556 1761 3621 lilii

184 3632 283 3688 Dei
322 3650 344 3686 ο
401 3635 599 3704 ευιιι),
630 3637 727 3691 sed
780 3639 872 3707 qui
927 3642 1223 3699 secundum
1280 3648 1760 3714 repromissionem

184 3725 315 3779 ﬁdei
352 3726 419 3778 de
455 3728 731 3783 Abraham
764 3731 1062 3800 descendit,
1120 3736 1233 3806 ipse
1277 3739 1441 3793 etiam
1489 3741 1582 3795 Dei
1633 3756 1763 3812 pro-

181 3816 353 3869 missa
408 3822 780 3890 consequitur.
827 3824 960 3879 Nam
1023 3826 1089 3881 de
1130 3843 1329 3898 genere
1378 3832 1541 3887 Israel
1603 3835 1757 3889 multi

177 3915 335 3968 sunt,
399 3908 491 3961 sed
548 3924 655 3965 non
703 3926 891 3968 omnes
954 3917 1116 3972 Israel
1178 3923 1538 3992 appellantur.
1593 3924 1759 3982 Israel

178 4012 426 4066 namque
456 3999 619 4056 Deum
650 4004 884 4062 videndo
915 4010 1228 4067 nominatus
1261 4024 1364 4069 est.
1403 4015 1495 4072 Sic
1527 4018 1670 4072 enim
1703 4030 1759 4074 et

175 4089 300 4159 ipse
327 4087 499 4146 Jacoh
531 4094 665 4148 dicit
692 4113 705 4149 ;
742 4115 761 4150 ι
795 4096 910 4155 Vidi
945 4100 1230 4161 Dominum
1263 4106 1401 4163 facie
1431 4110 1498 4164 ad
1535 4110 1754 4179 faciem,

173 4189 237 4270 et
266 4180 416 4235 salva
446 4184 587 4241 facta
638 4197 723 4244 est
769 4193 949 4247 anima
984 4210 1102 4249 mea
1134 4195 1176 4249 ‘.
1206 4216 1226 4249 ι
1268 4197 1412 4268 Ergo
1456 4202 1584 4270 quia
1621 4203 1756 4258 vidit

174 4269 379 4337 Deum,
431 4274 594 4332 Israel
639 4281 938 4350 appellatus
984 4295 1088 4341 est.
1126 4288 1227 4354 Qui
1273 4304 1403 4345 vero
1449 4269 1554 4346 non
1611 4295 1756 4351 videt

172 4375 306 4451 eum
335 4365 427 4434 qni
462 4368 619 4435 dixit,
655 4388 675 4422 ι
709 4371 810 4439 Qui
840 4389 926 4429 me
957 4376 1123 4442 videt,
1161 4378 1303 4434 videt
1333 4389 1390 4435 et
1413 4380 1627 4437 Patrem
1650 4386 1699 4451 ',
1727 4403 1747 4436 ι

170 4449 347 4508 Israel
381 4471 489 4511 non
518 4468 693 4528 potest
721 4462 849 4519 dici.
885 4483 903 4517 ι
938 4464 1047 4523 Nec
1068 4472 1192 4538 quia
1217 4485 1400 4526 semen
1424 4449 1749 4532 suntAbra-

1900 615 1982 669 sui
2020 613 2311 685 posteritas
2342 620 2656 682 poneretur.
2697 610 2761 664 Et
2793 625 2939 666 nunc
2977 624 3107 680 ergo
3146 606 3237 678 qui
3268 625 3469 665 secun-

1899 708 2024 761 dum
2054 706 2203 760 Isaac
2231 704 2323 759 lilii
2356 702 2789 771 repromissionis
2815 712 2963 765 sunt,
2990 700 3039 757 id
3069 711 3151 758 est
3184 702 3306 757 ﬁdei
3330 701 3475 756 illius

1896 813 1993 868 per
2018 812 2191 867 -quam
2233 795 2657 869 promissionem
2714 793 2991 847 Abraham
3033 791 3233 846 meruit
3275 790 3472 845 futuras

1898 888 2228 943 haereditatis
2286 885 2568 954 accipere,
2624 884 2723 954 ipsi
2765 892 2974 938 tantum
3035 883 3362 952 deputantur
3416 884 3468 936 in

1895 995 2119 1035 semen:
2151 980 2203 1033 in
2234 978 2367 1048 ipsis
2404 977 2548 1031 enim
2590 975 2925 1032 hmreditatis
2977 976 3251 1031 successio
3292 973 3471 1031 decla-

1895 1085 2047 1128 ratur
2082 1072 2217 1143 (63).

1966 1165 2049 1219 l5.
2124 1182 2142 1216 ι
2202 1160 2592 1218 Promissionis
2646 1158 2794 1216 enim
2858 1159 3087 1214 verbum
3150 1158 3253 1213 hoc
3314 1166 3398 1214 est
3447 1175 3464 1214 :

1889 1258 1970 1313 Ad
2033 1257 2138 1312 hoc
2194 1265 2407 1325 tempus
2462 1252 2678 1309 veniam
2714 1292 2729 1315 ,
2792 1260 2846 1308 et
2900 1252 3002 1307 erit
3072 1250 3222 1306 Sara:
3297 1250 3463 1308 ﬁlius.

1887 1349 2049 1419 613
2095 1347 2210 1403 Non
2245 1346 2420 1402 solum
2465 1356 2679 1410 autem,
2710 1344 2801 1398 sed
2844 1351 2901 1398 et
2940 1342 3184 1398 Rebecca
3244 1357 3310 1398 ex
3358 1357 3466 1397 uno

1886 1440 2181 1497 concubitu
2233 1438 2464 1503 habens,
2511 1436 2662 1491 Isaac
2712 1435 2883 1505 patris
2934 1434 3107 1489 nostri
3145 1434 3278 1505 (64).
3330 1433 3462 1488 Nam

1886 1547 2011 1586 cum
2041 1531 2276 1585 nondum
2302 1528 2410 1583 nati
2446 1527 2695 1593 fuissent,
2731 1537 2825 1580 aut
2848 1526 3049 1596 aliquid
3080 1525 3463 1595 egisseutboni

1884 1625 1970 1681 vel
2003 1625 2151 1687 mali,
2194 1632 2254 1677 ut
2308 1623 2605 1678 secundum
2637 1619 2959 1676 electionem
2998 1621 3329 1689 propositum
3366 1618 3463 1675 Dei

1886 1725 2121 1780 maneat,
2156 1731 2261 1769 non
2284 1729 2349 1769 ex
2377 1715 2654 1783 operibus,
2681 1712 2775 1768 sed
2804 1725 2869 1765 ex
2900 1720 3127 1767 vocante
3153 1711 3353 1765 dictum
3378 1716 3465 1766 est

1883 1809 1954 1871 ei,
1980 1808 2104 1877 quia
2139 1804 2312 1875 major
2352 1805 2555 1861 serviet
2592 1803 2811 1867 minori,
2850 1803 2994 1859 sicut
3041 1801 3304 1871 scriptum
3332 1810 3414 1858 est
3444 1821 3459 1858 :

1880 1902 2046 1957 Jacob
2075 1901 2268 1966 dilexi,
2302 1901 2443 1956 Esau
2479 1910 2663 1955 aulem
2689 1898 2815 1953 odio
2864 1897 3029 1951 habui
3056 1897 3096 1949 ⁸.
3126 1916 3143 1949 ι
3176 1895 3466 1965 Proposuit

1879 1991 2168 2062 Apostolus
2197 1989 2473 2061 persequi,
2508 1986 2652 2058 quod
2679 1987 2806 2041 licet
2845 1987 3155 2056 repudiatus
3181 1987 3251 2041 sit
3289 2001 3460 2055 papu-

1879 2083 1965 2140 lus
1991 2083 2155 2140 Israel
2193 2098 2288 2154 per
2319 2081 2719 2147 inﬁdelitatem,
2752 2094 2857 2134 non
2900 2089 3079 2133 tamen
3106 2094 3183 2133 ea:
3227 2080 3461 2149 promis-

1878 2177 2061 2232 siones
2084 2176 2178 2231 Dei
2202 2188 2322 2245 quae
2368 2188 2495 2243 erga
2538 2187 2635 2229 eos
2664 2172 2862 2227 habita:
2895 2169 3133 2238 fuerant,
3160 2171 3461 2227 deciderint

1878 2273 1934 2318 et
1981 2264 2252 2318 frustrata:
2301 2262 2411 2318 sint
2444 2260 2557 2334 (65)
2595 2261 2906 2330 :docetque
2953 2261 3094 2329 quod
3146 2274 3268 2315 cmn
3303 2259 3471 2314 multi-

1878 2355 1969 2410 ﬁlii
1996 2354 2194 2411 fuerint
2225 2353 2551 2421 Abrahae,in
2578 2352 2692 2410 solo
2723 2351 2870 2410 Isaac
2896 2351 2968 2408 sit
2986 2352 3124 2407 facta
3150 2350 3454 2421 promissio.

1881 2468 1900 2503 ι
1925 2446 2040 2504 Νοιι
2063 2467 2080 2501 ι
2114 2448 2282 2514 enim,
2308 2447 2501 2517 inquit,
2532 2466 2551 2500 ι
2584 2444 2674 2516 qui
2715 2443 2807 2501 ﬁlii
2837 2445 3020 2501 carnis
3054 2452 3215 2508 sunt,
3243 2442 3295 2498 bi
3330 2453 3459 2498 sunt

1876 2539 1969 2594 ﬁlii
2003 2538 2115 2594 Dei.
2158 2557 2177 2591 ι
2210 2538 2275 2594 Ει.
2322 2537 2601 2594 contendit
2646 2538 2955 2601 ostendere,
2980 2535 3271 2606 'quomodo
3304 2533 3455 2589 Isaac

1874 2646 1980 2686 non
2008 2631 2080 2686 sit
2109 2630 2251 2687 ﬁlius
2270 2630 2473 2695 carnis,
2501 2629 2592 2684 sed
2621 2629 2688 2684 sit
2714 2628 2857 2684 ﬁlius
2884 2628 3007 2695 Dei;
3041 2636 3096 2682 ct
3127 2627 3268 2682 redit
3295 2626 3361 2681 ad
3389 2641 3455 2681 ea

1873 2737 1992 2791 qua:
2015 2721 2079 2777 de
2102 2718 2220 2790 ipso
2247 2720 2298 2776 in
2326 2720 2521 2777 Genesi
2554 2718 2753 2790 scripta
2789 2728 2935 2775 sunt.
2958 2736 2977 2771 ι
3009 2717 3447 2783 Ριοιιιὶεείοηίε,›

1871 2814 2070 2883 inquit,
2124 2830 2142 2865 t
2181 2816 2402 2868 verbum
2438 2812 2542 2868 hoc
2581 2820 2665 2868 est
2696 2828 2709 2864 :
2738 2811 2817 2866 Ad
2842 2812 2945 2866 hoc
2976 2821 3189 2880 tempus
3213 2812 3450 2874 veniam,

1869 2916 1925 2962 et
1951 2906 2057 2961 erit
2099 2906 2251 2961 Sara:
2290 2904 2432 2960 ﬁlius
2453 2906 2497 2959 ⁷.
2536 2923 2555 2957 ι
2597 2902 2711 2958 Non
2746 2917 2897 2973 ergo,
2931 2902 3129 2972 inquit,
3165 2918 3260 2971 per
3305 2904 3452 2958 ordi-

1872 3013 1995 3053 nem
2029 2998 2329 3053 nativitatis
2359 2996 2595 3052 carnalis
2618 2995 2771 3052 Isaac
2800 2994 3076 3060 nascitur;
3101 2994 3299 3064 quippe
3325 3009 3448 3051 cmn

1870 3100 1925 3145 et
1958 3089 2231 3144 Abraham
2279 3088 2512 3143 emortui
2564 3088 2678 3157 jam
2732 3086 2980 3156 corporis
3038 3087 3367 3151 haberetur,
3396 3097 3453 3143 et

1872 3183 2026 3237 vulva
2057 3182 2207 3237 Sara:
2247 3191 2390 3237 esset
2413 3180 2525 3249 jam
2553 3188 2800 3236 emortua
2823 3179 2867 3241 ⁸,
2894 3179 3037 3233 sicut
3060 3194 3219 3247 supra
3244 3180 3447 3236 dictutn

1873 3284 1955 3331 est
1984 3294 1999 3342 ;
2026 3274 2116 3330 sed
2157 3290 2252 3344 per
2279 3275 2537 3329 virtutem
2561 3274 2678 3344 ejus
2702 3271 2790 3342 qui
2822 3271 2980 3333 dixit,
3016 3289 3035 3322 ι
3075 3271 3154 3324 Ad
3187 3270 3292 3326 hoc
3320 3280 3451 3327 tents

1871 3383 1973 3438 pus
1996 3369 2228 3430 veniam.
2252 3376 2306 3422 et
2335 3367 2437 3423 erit
2466 3367 2612 3421 Sara:
2645 3366 2785 3421 ﬁlius
2809 3366 2851 3419 ’.
2892 3382 2911 3416 ι
2942 3363 3134 3418 Merito
3159 3364 3447 3433 igiturrnon

1869 3460 2070 3525 carnis,
2103 3461 2196 3516 sed
2221 3459 2313 3514 Dei
2351 3458 2494 3513 ﬁlius
2521 3458 2744 3522 dicitur,
2770 3455 2861 3526 qui
2894 3472 2958 3512 ex
2991 3460 3219 3512 adventu
3248 3467 3302 3511 et
3330 3472 3448 3513 ser-

1869 3566 2028 3607 mone
2060 3551 2298 3606 nascitur
2334 3547 2448 3606 Dei.
2489 3548 2609 3604 llaec
2641 3563 2791 3619 ergo,
2815 3549 3014 3617 inquit,
3045 3549 3183 3603 ratio
3213 3564 3319 3605 non
3355 3563 3443 3605 so-

1868 3645 1975 3699 lum
2013 3646 2080 3699 de
2112 3643 2282 3707 Isaac,
2320 3644 2417 3697 sed
2454 3652 2505 3696 et
2534 3642 2598 3697 de
2620 3641 2790 3697 Jacob
2828 3642 3132 3711 recipienda
3165 3651 3268 3695 est.
3305 3641 3439 3695 Nam

1864 3747 1918 3792 et
1941 3736 2204 3799 Rebecca,
2237 3734 2431 3803 inquit,
2459 3748 2564 3786 non
2599 3732 2897 3787 secundum
2934 3731 3170 3787 carnalis
3200 3730 3310 3803 (66)
3336 3748 3441 3786 na-

1868 3826 2090 3881 tivitatis
2112 3826 2354 3879 ordinem
2391 3823 2614 3893 protulit
2648 3830 2882 3893 partum.
2914 3822 3049 3877 Cum
3072 3823 3214 3878 enim
3239 3838 3440 3878 exuuo

1864 3914 2153 3971 concubitu
2180 3914 2327 3968 Isaac
2353 3913 2597 3983 geminos
2619 3911 2979 3982 concepisset,
3004 3913 3239 3968 nomium
3277 3923 3436 3984 partu

1862 4008 2035 4074 edito,
2070 4022 2243 4078 neque
2294 4006 2416 4060 ullis
2448 4004 2659 4060 actibus
2693 4019 2982 4075 puerorum
3012 4007 3169 4061 bonis
3211 4008 3437 4064 malisve

1862 4102 2004 4156 inter
2030 4101 2273 4155 homines
2304 4098 2501 4154 habitis
2534 4096 2673 4169 (67),
2705 4112 2833 4170 erga
2863 4097 3029 4154 Jacob
3059 4099 3240 4154 divina
3273 4101 3440 4157 habe-

1861 4203 1950 4248 tur
1977 4193 2170 4247 electio
2202 4190 2335 4262 (68),
2358 4200 2410 4245 et
2434 4190 2654 4255 dicitur,
2684 4209 2701 4243 ι
2743 4190 2871 4261 quia
2906 4191 3078 4261 major
3100 4193 3301 4249 serviet
3335 4196 3438 4250 mi-

1858 4285 1998 4350 nori,
2035 4304 2061 4337 ι
2084 4294 2159 4348 et,
2196 4301 2214 4335 t
2252 4281 2419 4339 Iacob
2449 4282 2638 4348 dilexi,
2672 4281 2808 4337 Esau
2833 4293 3013 4338 autem
3042 4285 3385 4340 odioihabui.
3410 4306 3457 4339 »-

1855 4378 1964 4434 Cur
1994 4386 2170 4432 autem
2208 4378 2320 4432 lucc
2370 4377 2441 4430 ita
2478 4376 2620 4430 dicta
2644 4376 2777 4437 sint,
2820 4376 2978 4432 docet
3003 4376 3114 4448 (69)
3149 4393 3163 4429 :
3200 4395 3217 4428 ι
3262 4378 3435 4433 υιεθ-

1853 4471 2087 4526 cundum
2123 4471 2466 4537 electionem,
2492 4472 2685 4540 inquit,
2711 4472 3044 4539 propositum
3072 4469 3161 4523 Dei
3191 4479 3429 4534 maneat,

168 4544 326 4609 liam,
360 4561 550 4605 omnes
593 4553 757 4608 etiam
818 4556 912 4613 ﬁlii
941 4576 961 4612 ι
998 4569 1142 4615 ειιηι.
1201 4562 1310 4619 Iloc
1342 4565 1589 4624 videlicet
1637 4569 1748 4639 jam
1783 4561 1786 4612 ἶ

1880 4579 1956 4619 ron
1984 4577 2057 4617 ex.
2075 4563 2350 4633 operibus,
2387 4562 2478 4617 sed
2510 4577 2578 4617 ex
2611 4572 2839 4617 vocante
2883 4564 3082 4616 dictum
3116 4569 3231 4626 est;
3274 4579 3293 4613 ι
3327 4562 3433 4619 hoc

168 4644 305 4692 tunc
345 4639 457 4712 (δὲ)
487 4641 874 4716 designabatur
900 4651 952 4705 in
983 4654 1282 4719 Abraham.
1314 4671 1434 4712 cum
1461 4661 1508 4713 ei
1546 4662 1747 4719 multos

1881 4664 1949 4719 st,
1980 4662 2037 4707 ut
2068 4669 2170 4707 non
2207 4653 2298 4722 qui
2326 4652 2418 4706 ﬁlii
2446 4653 2648 4717 carnis,
2670 4652 2762 4706 sed
2794 4654 2883 4721 qui
2918 4652 3010 4706 ﬁlii
3040 4651 3130 4706 Dei
3159 4661 3302 4717 sunt.
3328 4653 3427 4722 ipsi

166 4727 315 4785 ﬁlios
346 4729 585 4803 habenti,
628 4754 764 4809 quos
790 4742 1080 4812 Apostolus
1108 4746 1246 4803 ﬁlios
1271 4751 1453 4805 carnis
1483 4753 1744 4823 appellat,

237 4869 291 4900 ’³
315 4869 563 4946 ξεψηνιι,
586 4873 676 4931 25.
754 4878 799 4909 ⁹⁹
828 4876 1024 4946 Ephes.
1052 4894 1091 4945 ι,
1113 4880 1203 4933 ει.

161 4953 285 5005 ιιν,
320 4940 376 4995 9.
452 4941 473 4972 ⁶
499 4943 654 5001 Itoni.
688 4961 763 5011 rx,
808 4946 841 5000 9
872 4940 991 5018 seq.

235 5057 359 5139 (68)
414 5060 697 5139 Qmittitur
748 5075 893 5139 tuest
940 5088 959 5121 ι
1005 5069 1057 5123 in
1086 5072 1273 5129 editis.
1330 5073 1533 5130 Deinde
1582 5076 1741 5130 iidem

159 5127 376 5250 adcitin
412 5130 523 5187 Hoc
557 5144 737 5190 autem
767 5136 842 5207 (id
864 5147 948 5193 est
980 5127 1387 5214 sapientia‘Dei)
1411 5127 1734 5211 etiam”:ch

236 5265 355 5349 (59)
384 5267 549 5349 Editi,
591 5291 611 5325 ‹
642 5270 929 5349 evidenter
964 5282 1271 5336 ostenditur
1312 5294 1503 5339 natura
1552 5283 1733 5339 Trini-

162 5340 321 5422 tatis,
354 5347 410 5422 et
442 5340 744 5422 substantia
774 5361 904 5422 una,
937 5366 1059 5422 qua:
1082 5359 1165 5404 est
1198 5367 1359 5422 super
1374 5356 1575 5411 omnia.
1613 5356 1728 5410 Non

158 5418 346 5491 autem
383 5410 523 5491 ﬁtted.
559 5413 829 5491 exciderit
860 5410 1102 5491 verbum,
1142 5438 1159 5469 ι
1193 5410 1302 5477 etc.

160 5548 174 5560 ο
237 5476 351 5564 (60)
382 5477 594 5564 _Editi‘,‘t
621 5485 714 5564 sed
742 5487 830 5552 qui
863 5488 954 5541 ﬁlii
987 5476 1358 5564 promissionis
1388 5494 1726 5549 restituantur

158 5552 217 5603 in
243 5552 503 5630 semine.
521 5552 786 5615 Quoniam
813 5571 974 5625 supra
988 5552 1210 5613 dixerat
1244 5578 1347 5630 pro
1370 5564 1719 5619 l'ratrihus....

154 5617 255 5703 qui
291 5617 824 5703 ΔΙειτξιειίιιεε,ηρριιιω
879 5617 940 5680 se
988 5617 1275 5685 anathema
1320 5633 1460 5697 ﬁeri,
1495 5617 1725 5703 quorum

153 5696 323 5757 esset,
346 5687 563 5757 adoptio
594 5687 847 5757 ﬁliorum,
880 5715 897 5746 ι
931 5708 1037 5751 etc.

269 5756 360 5827 6i)
381 5755 547 5827 Ed‘iti,
579 5778 598 5812 ι
628 5776 748 5827 qua:
773 5755 841 5817 ex
867 5768 967 5820 eis.
1004 5786 1021 5818 ι

268 5825 357 5897 62)
386 5826 551 5897 Editi,
590 5849 608 5883 ι
636 5825 759 5890 Ifzec
789 5835 1044 5893 discretio
1067 5838 1178 5911 jam
1215 5849 1359 5908 tunc,
1403 5860 1420 5893 ι
1458 5850 1564 5899 etc.

1285 4882 1299 4913 ¹
1329 4883 1456 4952 Sap.
1487 4900 1526 4947 ι,
1548 4883 1596 4937 7.
1674 4887 1693 4916 ⁸
1717 4885 1786 4937 lin

1909 4902 1983 4947 ix,
2006 4884 2121 4939 6-8.
2198 4886 2218 4916 ³
2256 4885 2384 4938 ibid.
2412 4885 2466 4950 3,
2496 4886 2549 4938 ι.
2628 4885 2648 4917 ⁸
2671 4883 2806 4942 Gen.
2831 4902 3000 4953 χχχιι,
3027 4887 3115 4942 30.

1094 4951 1112 4981 ⁷
1136 4949 1331 5010 Genes.
1383 4949 1536 5020 imi,
1570 4954 1657 5010 ll).
1726 4956 1747 4987 ⁸
1777 4956 1929 5010 Rom.
1960 4971 2033 5020 tv,
2070 4956 2154 5009 l9.
2227 4956 2248 4986 ’
2280 4949 2459 5009 Itoni.
2484 4971 2558 5022 Ix,
2606 4956 2657 5010 9.

1845 4750 2173 4820 deputentur
2208 4745 2260 4799 in
2300 4760 2506 4800 semen.
2540 4744 2694 4799 Sicut
2722 4744 2863 4799 enim
2902 4745 2972 4801 ibi
3006 4760 3072 4801 ex
3101 4745 3281 4801 multis
3307 4747 3430 4801 ﬁliis

3226 4888 3248 4920 ⁸
3267 4883 3447 4943 Joan-

1928 5076 2042 5147 (65)
2072 5076 2239 5142 Editi,
2272 5094 2289 5127 ι
2321 5085 2376 5130 et
2414 5077 2545 5146 ipsis
2583 5079 2911 5132 Iunreditatis
2940 5078 3213 5133 successio
3246 5076 3423 5147 decla—

1854 5145 2022 5201 ratur.
2073 5167 2091 5199 ι
2132 5147 2229 5202 Ms.
2283 5145 2442 5214 unus,
2487 5167 2504 5198 ‹
2547 5150 2847 5203 collocatur
2892 5166 2910 5199 ι
2959 5162 3057 5218 pro
3109 5166 3129 5200 ι
3175 5145 3422 5202 declara-

1847 5228 1951 5271 llII‘.
1989 5237 2007 5270 ι

1915 5287 2028 5359 (ϐαι)
2073 5288 2172 5343 Ms.
2213 5288 2412 5359 Regius
2445 5303 2592 5359 nutu.
2624 5287 2782 5348 I659,
2812 5305 2831 5338 ι
2857 5289 2958 5359 sed
2984 5296 3039 5342 et
3062 5286 3323 5342 Rebeccae
3351 5300 3421 5343 ex

1840 5356 1949 5409 uno
1992 5356 2525 5412 concubitn‘habeus
2551 5357 2700 5411 Isaac
2729 5356 2867 5426 patri
2894 5368 3100 5411 nostro.
3138 5375 3159 5409 ι

1908 5427 2021 5495 (65)
2064 5429 2225 5491 Editi,
2268 5446 2286 5479 ‹
2347 5427 2664 5479 deciderunt
2697 5424 2750 5480 et
2799 5426 3073 5481 frustrata:
3119 5434 3261 5481 sunt.
3302 5443 3324 5479 ι
3354 5424 3419 5481 Et

1833 5506 2039 5563 postea,
2082 5516 2099 5547 ι
2140 5498 2276 5550 facta
2308 5506 2389 5550 est
2418 5498 2779 5563 repromissio.
2821 5515 2840 5547 ›

1906 5566 2019 5636 (66)
2062 5568 2223 5631 Editi,
2260 5584 2278 5617 ι
2311 5580 2414 5620 non
2444 5565 2614 5620 solum
2640 5566 2933 5621 secmnlum
2969 5565 3227 5627 carnalis,
3264 5585 3282 5618 ι
3309 5576 3420 5623 etc.

1908 5636 2023 5705 (67)
2067 5637 2227 5699 Editi,
2251 5654 2270 5686 ι
2300 5643 2455 5703 partu
2481 5636 2636 5699 editi,
2684 5649 2855 5706 neque
2884 5636 3007 5689 ullis
3036 5636 3247 5690 actibus
3279 5650 3416 5695 oue-

1839 5721 2021 5761 rorum
2052 5706 2178 5761 boni
2203 5706 2397 5759 malive
2424 5707 2561 5758 inter
2603 5707 2851 5761 homines
2877 5706 3042 5761 habiti

1933 5775 2025 5846 68)
2069 5775 2233 5838 eam,
2275 5794 2292 5826 ι
2333 5776 2571 5830 dilectio.
2616 5796 2633 5827 ι

1933 5776 2025 5846 68)
2069 5776 2233 5838 ΕιΙίΙὶ,
2275 5794 2292 5826 ι
2333 5776 2571 5830 dilectio.
2616 5796 2633 5827 ι

1912 5776 2027 5918 (69)
2071 5846 2280 5913 Editiu
2317 5847 2426 5904 Cur
2448 5855 2627 5902 autem
2654 5848 2725 5904 ita
2756 5847 2883 5913 sint,
2921 5848 3045 5903 decc
