3914 6352
321 309 480 365 aus

1256 298 1615 364 COMMENT.
1655 300 1723 356 IN
1767 301 1988 358 EPIST.
2031 302 2123 354 AD
2162 300 2330 357 BOM.
2375 301 2502 355 LIB.
2539 300 2651 359 VII.

3457 303 3593 357 H56

311 430 390 485 in
443 444 542 486 sua
584 438 852 501 potestate
891 437 951 484 ut
981 437 1075 484 aut
1117 427 1357 484 salvetur
1393 424 1532 498 (83),
1572 435 1667 482 aut
1705 435 1917 496 pereat.
1950 429 1995 486 Α
2025 423 2340 491 sagacitate,
2390 421 2843 490 contemplabitur
2889 434 3120 490 quorum
3149 435 3216 476 ex
3271 412 3356 470 his
3383 419 3595 476 animus

313 518 413 572 De
444 520 641 589 quibus
682 520 892 589 plenius
921 521 1140 590 quidem
1171 535 1201 574 a
1242 519 1398 574 nobis
1426 519 1479 572 in
1509 533 1574 574 eo
1617 519 1799 573 lihello
1826 516 1913 572 ubi

313 609 404 663 de
437 609 646 663 arbitrii
677 610 923 665 libertate
951 610 1326 675 disseruimus,
1347 624 1444 679 pro
1474 608 1680 664 viribus
1704 607 1916 677 singula

312 713 568 769 qna-que
610 701 852 756 discussa
893 713 1018 757 sunt
1049 701 1195 772 (84),
1224 717 1344 771 qua:
1385 703 1453 756 ad
1504 701 1913 756 instructionem

313 789 475 844 satis
509 805 779 859 superque
805 789 1096 845 sufﬁciant.
1125 790 1318 846 Paucis
1364 799 1544 845 tamen
1575 791 1738 844 etiam
1772 804 1916 844 nunc

311 879 402 934 de
435 881 523 936 his
547 896 666 950 qua:
696 882 766 936 ibi
799 883 940 937 dicta
985 892 1131 948 sunt,
1172 881 1604 937 admonebimus.
1638 881 1792 947 Quod
1831 880 1914 934 di-

308 969 435 1034 xit,
476 987 497 1022 ι
543 968 658 1024 Non
695 970 958 1035 volentis,
987 985 1164 1040 neque
1195 971 1488 1034 currentis,
1516 971 1612 1026 sed
1654 972 1912 1026 miseren-

307 1061 407 1116 tis
439 1070 523 1117 est
556 1062 670 1126 Dei,
700 1080 720 1114 ι
776 1062 847 1115 ita
881 1063 1180 1132 accipitur,
1217 1063 1357 1118 sicut
1379 1073 1434 1119 et
1480 1064 1647 1119 David
1698 1065 1829 1120 dicit
1857 1065 1910 1120 in

306 1151 552 1209 Psalmo
585 1154 628 1186 “
659 1171 673 1208 :
708 1171 730 1208 ι
770 1153 891 1209 Nisi
924 1154 1181 1208 Dominus
1210 1154 1564 1210 :edificaverit
1591 1157 1831 1220 domum,
1858 1158 1910 1210 in

305 1259 531 1299 vanum
569 1244 950 1300 laboraverunt
975 1245 1066 1316 qui
1095 1244 1365 1300 aedificant
1398 1262 1542 1302 eam.
1584 1245 1696 1302 Nisi
1728 1249 1910 1302 Domi-

308 1352 436 1393 nus
464 1339 785 1393 custodierit
818 1339 1117 1403 civitatem,
1162 1340 1363 1395 frustra
1393 1342 1576 1410 vigilat
1605 1343 1696 1413 qui
1728 1354 1912 1398 custo-

312 1429 409 1484 (Ιῗι
437 1444 579 1486 eam.
618 1447 636 1482 ι
669 1430 722 1484 In
760 1446 867 1501 quo
898 1431 1142 1486 ostendit
1183 1448 1286 1488 non
1323 1433 1449 1502 quia
1492 1435 1536 1488 is
1572 1435 1663 1505 qui
1691 1436 1908 1489 domum

315 1521 580 1588 aditicat,
616 1523 747 1577 nihil
776 1532 918 1594 agat,
947 1533 1000 1578 et
1043 1523 1250 1579 otiosus
1291 1525 1383 1592 sit,
1408 1535 1463 1580 et
1490 1526 1560 1579 ita
1591 1541 1709 1579 eam
1744 1525 1911 1579 rediti-

314 1621 419 1666 cet
451 1612 748 1678 Dominus;
787 1614 881 1668 sed
915 1613 1029 1682 ipse
1067 1613 1284 1684 quidem
1320 1623 1581 1684 quantum
1614 1624 1698 1670 est
1729 1615 1782 1669 in
1819 1617 1911 1669 ho-

316 1704 476 1758 mine
505 1704 886 1760 sollicitudinis
924 1715 980 1760 et
1023 1705 1222 1761 laboris
1252 1707 1554 1776 expendat;
1593 1709 1681 1762 Dei
1727 1719 1904 1761 autem

2020 523 2180 583 aptus
2209 514 2280 567 sit
2311 513 2378 567 ad
2415 529 2506 567 rus
2529 513 2842 577 colendum,
2869 525 2925 565 et
2947 512 3094 580 ipsos
3125 511 3235 564 ruri
3269 511 3545 581 deputahit
3570 512 3596 564 2

2016 607 2170 672 cujus
2197 620 2328 659 vero
2355 605 2420 658 ad
2450 604 2859 672 negotiandum,
2882 603 3034 672 cujus
3061 603 3224 656 etiam
3255 605 3320 654 ad
3350 602 3594 655 nutrien-

2017 697 2142 750 dum
2173 711 2336 765 pecus
2375 695 2508 763 (89),
2548 693 2702 760 cujus
2733 708 2860 746 vero
2902 695 2970 746 ad
3003 692 3396 754 ministerium,
3421 703 3473 746 et
3496 692 3594 745 ob-

2015 786 2267 841 servandi
2295 784 2458 856 615
2483 783 2712 838 cubiculi
2738 783 2820 837 sui
2847 793 3027 851 aptum
3050 782 3424 851 prohabit(90)
3453 785 3595 852 iuge-

2015 877 2160 931 niunt
2183 917 2198 941 ,
2232 885 2286 930 et
2324 877 2394 929 ita
2428 889 2865 942 unumquemque
2896 874 3328 940 competentibus
3367 873 3589 941 otfiriis,

2015 977 2201 1038 utpote
2246 967 2499 1037 sapiens,
2549 965 2916 1032 mancipahit?
2944 962 3138 1018 Verum
3189 965 3442 1034 quoniam
3485 983 3589 1020 non

2013 1062 2141 1115 latet
2177 1077 2321 1124 eum,
2350 1060 2463 1115 sive
2500 1056 2917 1128 paterfamilias,
2938 1058 3052 1111 sive
3080 1072 3176 1111 rex
3207 1059 3306 1111 iste
3335 1059 3424 1119 sit,
3448 1063 3588 1126 quod

2013 1163 2234 1204 necesse
2271 1159 2354 1204 est
2392 1150 2663 1204 interdum
2708 1146 2973 1201 rebellare
3012 1146 3306 1214 subjectos,
3337 1160 3390 1202 et
3420 1150 3587 1204 disci-

2011 1241 2172 1312 plinze
2210 1240 2330 1308 jura
2378 1254 2760 1307 corrumpere,
2811 1248 2862 1292 et
2891 1239 2960 1292 ob
3011 1241 3111 1293 hoc
3152 1242 3493 1309 correptione
3524 1257 3588 1294 ac

2013 1331 2332 1385 verberibus
2378 1331 2653 1400 indigere,
2685 1343 2904 1382 necesse
2935 1338 3019 1383 est
3052 1344 3182 1396 ergo
3215 1341 3273 1383 ut
3316 1331 3478 1399 eligat
3520 1347 3586 1386 ex

2010 1422 2261 1475 omnibus
2298 1431 2420 1489 apta
2458 1432 2514 1474 et
2546 1421 2612 1472 ad
2665 1421 2766 1472 hoc
2818 1420 3066 1487 ingenia,
3099 1420 3144 1474 si
3192 1437 3295 1491 qua
3340 1421 3428 1474 illa
3463 1431 3590 1475 sunt

2011 1512 2252 1566 atrocius
2286 1512 2537 1578 incitata,
2575 1528 2694 1580 qua:
2738 1513 2850 1566 suis
2887 1511 3103 1580 quidem
3141 1513 3376 1566 motibus
3411 1513 3592 1566 feran-

2014 1619 2118 1666 tur,
2134 1603 2563 1660 emendationem
2585 1614 2761 1656 tamen
2782 1602 3216 1670 delinquentibus
3230 1604 3589 1656 necessariam

2010 1697 2310 1750 conferant.
2349 1694 2621 1747 Ponamus
2654 1708 2787 1762 ergo
2811 1694 2894 1746 vel
2926 1693 3378 1760 patremfamilias
3407 1695 3588 1757 istum,

316 1793 422 1859 sit,
467 1803 529 1848 ut
570 1796 868 1850 obstaculis
897 1797 1147 1852 omnibus
1190 1767 1405 1860 arnoiis,
1439 1767 1574 1866 Opus
1622 1799 1908 1866 perveniat
1940 1767 1980 1820 Β
2011 1785 2094 1837 vel
2121 1800 2300 1852 regem
2337 1783 2534 1836 vidisse
2579 1792 2821 1850 tempus,
2856 1797 2964 1849 quo
3001 1784 3280 1836 emendari
3309 1784 3504 1837 debent
3531 1779 3590 1837 hi

322 1885 398 1938 ad
433 1884 684 1939 effectum
717 1883 852 1953 (85).
884 1884 1018 1939 Cum
1059 1900 1187 1956 ergo
1214 1900 1308 1954 per
1339 1886 1439 1940 hoc
1476 1887 1731 1939 doceatur
1758 1887 1905 1956 quod

319 1974 492 2030 homo
520 1975 736 2046 quidem
785 1975 1022 2031 laborem
1060 1977 1333 2046 impendat
1375 1986 1431 2032 et
1461 1977 1900 2044 sollicitudinem,

314 2063 471 2121 Deus
497 2076 677 2120 autem
715 2081 1023 2122 successum
1076 2068 1225 2136 operi
1282 2067 1486 2122 tribuat
1531 2077 1585 2122 et
1625 2066 1901 2133 ell'ectum,

313 2157 473 2225 pium
514 2159 696 2227 utique
723 2166 778 2212 et
800 2157 1112 2227 religiosum
1155 2168 1240 2211 est
1285 2157 1408 2212 ideo
1440 2167 1493 2211 et
1527 2159 1732 2212 homini
1760 2159 1904 2228 quod

315 2245 380 2299 in
416 2261 475 2300 se
499 2257 582 2302 est
603 2249 807 2317 operis,
834 2263 1101 2303 summam
1152 2249 1261 2302 Deo
1300 2249 1469 2316 magis
1500 2263 1664 2317 quam
1699 2249 1902 2303 homini

313 2337 592 2405 deputare
644 2337 780 2409 (86).
825 2337 917 2394 Sic
973 2349 1026 2395 et
1077 2354 1197 2393 cum
1255 2338 1456 2393 Paulus
1509 2340 1804 2410 plantabat,
1853 2350 1907 2396 et

309 2425 514 2496 Apollo
540 2428 766 2497 rigabat,
793 2429 930 2484 Deus
950 2429 1080 2484 dare
1097 2430 1296 2484 dicitur
1321 2431 1711 2485 incrementum
1736 2432 1776 2463 ⁸⁷
1808 2449 1821 2484 :
1849 2442 1906 2487 et

309 2518 538 2570 additur
567 2535 582 2572 :
628 2537 646 2568 ι
683 2517 872 2589 Itaque
902 2534 1076 2589 neque
1106 2520 1195 2588 qui
1232 2521 1465 2589 plantat,
1499 2535 1671 2589 neque
1696 2521 1787 2588 qui
1825 2522 1902 2576 ri-

312 2615 412 2674 gat
441 2606 770 2675 estaliquid,
796 2607 890 2662 sed
929 2607 1019 2676 qui
1045 2606 1441 2661 incrementum
1473 2607 1564 2659 dat
1597 2607 1738 2661 Deus
1772 2608 1835 2662 ⁸⁸.
1876 2627 1896 2660 ι

314 2692 396 2748 Ita
429 2710 562 2764 ergo
589 2697 755 2750 etiam
798 2698 856 2751 in
887 2698 1138 2765 praesenti
1185 2698 1306 2750 loco
1348 2712 1635 2767 possumus
1680 2699 1898 2765 dicere;

318 2785 504 2854 itaque
531 2799 707 2854 neque
732 2788 823 2858 qui
850 2789 1026 2842 currit
1053 2799 1137 2842 est
1164 2789 1389 2858 aliquid,
1420 2804 1594 2858 neque
1619 2789 1711 2859 qui
1747 2790 1897 2857 vult;

316 2875 414 2930 sed
452 2877 543 2945 qui
589 2875 840 2931 effectum
896 2881 988 2934 dat
1037 2880 1196 2934 Deus.
1254 2879 1356 2946 Qui
1398 2880 1542 2933 enim
1581 2881 1782 2944 vnlt,et
1805 2881 1898 2950 qui

313 2969 525 3033 currit,
569 2970 672 3024 hoc
701 2970 950 3025 videntur
981 2985 1104 3026 esse
1134 2972 1276 3039 quod
1307 2981 1388 3025 est
1421 2971 1510 3027 ille
1541 2974 1632 3042 qui
1667 2975 1896 3042 plantat,

311 3067 370 3114 et
395 3057 492 3113 ille
528 3059 619 3128 qui
666 3061 841 3130 rigat;
877 3063 970 3116 sed
1010 3077 1132 3117 eum
1171 3063 1262 3130 qui
1313 3062 1520 3130 plantat
1558 3063 1667 3132 (87)
1699 3074 1753 3118 et
1773 3081 1894 3120 eum
1923 3098 1966 3155 ο

310 3151 409 3220 qui
437 3151 576 3220 rigat
611 3151 742 3206 nihil
773 3153 902 3208 dicit
924 3169 1044 3208 esse
1069 3154 1360 3222 Apostolus
1390 3171 1404 3206 :
1439 3171 1546 3207 non
1575 3157 1720 3224 quod
1762 3157 1894 3210 nihil

311 3249 518 3308 agant;
550 3241 644 3294 sed
666 3243 808 3310 quod
853 3244 920 3297 ad
961 3244 1418 3312 comparationem
1455 3244 1547 3298 Dei
1593 3246 1686 3315 qui
1723 3246 1896 3300 incre-

318 3337 558 3386 mentum
590 3333 680 3386 dat
711 3335 882 3402 operi,
923 3335 1008 3389 vel
1054 3333 1328 3399 en‘ectnm,
1365 3335 1437 3389 illi
1483 3337 1614 3389 nihil
1660 3352 1780 3390 esse
1811 3338 1895 3391 di-

317 3424 534 3477 cantur.
581 3421 688 3478 Sed
742 3425 933 3479 ethoc
980 3428 1122 3494 quod
1171 3428 1369 3480 dicitur
1401 3427 1467 3480 ad
1523 3426 1891 3491 Pharaonem,

323 3531 344 3566 ι
373 3514 510 3579 Quia
539 3513 606 3567 ad
635 3515 735 3570 hoc
772 3516 946 3584 ipsum
981 3525 1034 3571 te
1077 3518 1359 3580 suscitari,
1399 3527 1458 3570 ut
1503 3517 1789 3571 ostendam
1839 3519 1892 3572 in

321 3613 373 3658 te
397 3604 653 3658 virtutem
692 3619 864 3660 meam
889 3606 954 3671 ",
998 3626 1017 3660 ι
1051 3609 1214 3676 quale
1244 3609 1316 3661 sit
1340 3609 1640 3661 videamus.
1669 3609 1890 3663 Certum

317 3702 400 3747 est
431 3694 596 3748 Deum
627 3709 732 3749 non
765 3697 936 3750 solum
980 3698 1124 3752 scire
1162 3698 1591 3768 uniuscujusque
1639 3699 1888 3766 proposi-

320 3796 431 3840 tum
455 3799 518 3840 ac
544 3786 900 3852 voluntatem,
929 3789 1024 3842 sed
1048 3797 1104 3843 et
1141 3790 1418 3858 praescire.
1469 3787 1662 3843 Sciens
1708 3797 1890 3844 autem

318 3888 372 3933 et
431 3891 811 3946 prmnoscens,
876 3891 1129 3949 tanquam
1198 3882 1372 3934 honus
1434 3883 1776 3949 dispensator
1837 3892 1892 3936 et

313 3966 516 4034 justus,
565 3968 996 4039 uniuscujusque
1037 3970 1274 4023 motibus
1307 3983 1361 4024 et
1400 3971 1678 4040 proposito
1722 3972 1892 4025 utitur

316 4058 383 4110 ad
421 4072 484 4112 ea
516 4072 679 4126 opera
705 4059 988 4114 eﬂicienda
1023 4061 1134 4129 (88)
1165 4077 1283 4128 qua:
1310 4062 1736 4131 uniuscujusque
1773 4065 1891 4116 ani-

311 4163 433 4201 mus
461 4163 527 4201 ac
567 4150 816 4204 voluntas
852 4152 1026 4220 eligit.
1067 4150 1220 4205 Velut
1241 4153 1310 4216 si,
1344 4154 1492 4207 verbi
1523 4169 1709 4218 causa,
1741 4153 1891 4207 dica-

309 4252 434 4292 mus
462 4255 478 4292 :
509 4238 908 4299 Paterfamilias
931 4245 974 4298 si
999 4247 1122 4316 quis
1157 4247 1229 4300 sit
1259 4244 1504 4312 sapiens,
1526 4255 1582 4299 et
1612 4245 1814 4312 justus,
1837 4253 1893 4298 et

307 4331 517 4388 habens
555 4337 722 4392 multa
765 4339 1025 4403 servitia,
1060 4355 1269 4404 nonne,
1305 4351 1508 4408 quanta
1554 4338 1667 4392 lieri
1715 4346 1896 4407 potest

376 4499 419 4533 ⁸⁸
445 4499 587 4554 Psal.
615 4513 798 4564 cxxvt,
819 4499 868 4553 1.
942 4499 982 4529 ⁸⁷
1018 4496 1036 4551 l
1069 4497 1192 4554 Cor.
1223 4515 1305 4564 ιιι,
1350 4497 1404 4553 6.
1481 4498 1523 4530 ’⁸
1556 4498 1682 4552 ibid.
1714 4497 1768 4552 7.

378 4659 489 4730 (83)
529 4659 696 4732 Alias,
730 4677 749 4710 ι
769 4661 879 4714 hec
914 4660 1112 4713 haheat
1138 4661 1512 4732 unusquisque
1539 4662 1620 4716 sui
1649 4671 1886 4732 potesta-
1917 4665 1963 4720 D

304 4738 418 4782 tem
461 4739 518 4781 ut
557 4730 813 4791 salvetur,
850 4748 867 4780 ι
897 4739 1003 4782 etc.

381 4799 492 4856 (84)
535 4799 666 4868 Vide
695 4798 787 4852 lib.
821 4815 878 4852 ιιι
911 4800 1047 4868 Περὶ
1081 4799 1303 4868 ἀρχῶν,
1331 4816 1450 4868 cap.
1484 4801 1532 4854 l.

369 4869 492 4990 385)
536 4867 699 4928 Ειιὶιί,
732 4887 747 4917 ι
784 4881 1043 4936 quantum
1068 4867 1233 4924 estin
1271 4867 1507 4934 homine,
1543 4871 1649 4922 vim
1685 4871 1892 4924 sollici-

407 4937 514 4990 inis
535 4947 589 4990 et
635 4936 833 4990 laboris
858 4943 1126 4990 exnendat
1154 4957 1168 4990 :
1202 4942 1344 4990 sicut
1379 4943 1675 4990 obstaculis
1704 4944 1888 4990 onum-

301 4936 514 4992 tudinis
535 4947 589 4990 et
635 4936 833 4991 laboris
858 4943 1126 5006 expendat
1154 4957 1168 5004 ;
1202 4942 1344 4995 sicut
1379 4943 1675 4995 obstaculis
1704 4944 1888 4995 omni-

302 5008 410 5063 bus
435 5007 744 5062 amotis"...
789 5009 855 5061 ad
885 5011 1204 5076 perfectum.
1246 5035 1264 5060 ο

380 5076 492 5144 (86)
533 5077 695 5137 Editi,
723 5095 740 5127 ι
778 5079 922 5145 pium
952 5089 1005 5131 et
1054 5080 1365 5145 religiosum
1399 5090 1504 5143 est,
1539 5080 1660 5134 ideo
1697 5089 1747 5133 et
1792 5080 1888 5134 ho-

307 5161 438 5200 num
471 5147 614 5216 quod
647 5146 700 5199 in
728 5161 786 5200 se
821 5159 902 5201 est
929 5148 1111 5213 operis
1137 5165 1438 5203 summm...
1478 5161 1688 5216 putare.
1727 5169 1745 5202 ι
1787 5149 1886 5204 Ms.

311 5231 454 5288 unus
477 5214 696 5288 Regius,
734 5233 754 5266 σ
780 5218 949 5288 pium
983 5219 1169 5284 utique
1199 5231 1250 5271 et
1283 5214 1588 5288 religiosum
1623 5233 1704 5274 est
1733 5225 1797 5274 de
1823 5237 1888 5275 eo

306 5295 361 5340 et
395 5285 612 5338 homine
648 5287 788 5354 quod
835 5287 886 5340 in
937 5304 996 5340 se
1027 5291 1204 5354 agitur
1233 5285 1416 5354 opere.
1466 5306 1735 5342 summam
1782 5299 1888 5344 lleo

311 5354 501 5424 magis,
541 5371 560 5405 ι
597 5366 704 5409 etc.
743 5354 841 5408 Ms.
873 5356 1039 5410 codex
1076 5356 1459 5424 Vallis-Clarae,
1491 5377 1510 5409 ι
1555 5361 1662 5412 Deo
1702 5371 1754 5413 ct
1793 5362 1888 5413 bo-

310 5423 439 5496 r_nini
475 5426 618 5492 quod
643 5424 696 5477 in
727 5439 786 5478 se
811 5437 892 5478 est
919 5428 1102 5492 operis
1131 5444 1494 5483 summatm...
1537 5430 1825 5496 imputare.
1863 5449 1882 5482 ι

309 5489 414 5544 Sed
445 5489 625 5546 caeteri
667 5509 796 5548 mss.
841 5505 895 5548 et
938 5489 1194 5550 [tabanus
1228 5507 1287 5550 ut
1326 5499 1377 5550 in
1417 5489 1814 5552 nostro-textu.

379 5561 493 5629 (87)
537 5560 602 5638 Et
631 5563 834 5638 illequi
886 5565 1019 5634 rigat
1052 5581 1070 5629 ;
1099 5568 1190 5618 sed
1221 5582 1336 5620 eum
1383 5566 1472 5638 qui
1505 5567 1732 5636 plantat.
1762 5569 1888 5624 ilice

309 5627 501 5683 desunt
536 5631 588 5683 in
614 5632 795 5686 editis.

377 5698 494 5769 (88)
533 5699 698 5767 Editi,
735 5717 753 5752 ι
786 5703 1136 5770 perﬁcienda.
1173 5722 1195 5758 ι

1850 4498 1891 4528 ¹⁹
1939 4495 2096 4550 Rom.
2134 4513 2213 4563 rx,
2247 4497 2338 4563 l7;
2375 4495 2544 4552 Exod.
2573 4510 2650 4564 ix,
2685 4496 2772 4552 t6.

2008 1876 2096 1944 qui
2148 1885 2337 1928 contra
2391 1888 2568 1927 mores
2612 1882 2664 1927 et
2699 1871 3042 1940 disciplinam
3085 1871 3250 1926 multa
3301 1874 3591 1928 commisc-

2009 1966 2136 2029 rint,
2165 1975 2219 2020 et
2240 1965 2470 2034 elegisse
2499 1963 2828 2018 dirissimum
2856 1962 2964 2033 (9|)
2990 1963 3247 2032 aliquem,
3268 1974 3321 2016 et
3348 1963 3430 2018 his
3458 1963 3589 2032 ipsis

2007 2058 2099 2126 qui
2143 2054 2467 2124 corripiendi
2500 2065 2628 2108 sunt
2666 2053 2834 2107 multo
2877 2054 3136 2108 dirioretn
3187 2053 3322 2124 (99.),
3360 2054 3451 2123 qui
3487 2069 3588 2125 pro

2007 2148 2302 2202 sceleribus
2341 2147 2452 2200 suis
2477 2145 2589 2217 jam
2621 2163 2726 2200 non
2765 2146 2837 2200 sit
2859 2145 3051 2214 dignus
3074 2145 3587 2209 emendatione,sed

2008 2245 2201 2290 morte.
2229 2235 2428 2290 Volens
2454 2249 2584 2289 vero
2609 2233 2886 2288 interitum
2922 2235 3040 2302 ejus
3059 2233 3125 2286 ad
3151 2234 3582 2288 emendationem

2007 2327 2272 2397 proficere
2301 2336 2644 2391 caeterorum,
2669 2325 2831 2380 mittit
2863 2340 2984 2378 cum
3019 2323 3084 2377 ad
3109 2324 3228 2377 illos
3255 2340 3392 2394 quos
3415 2335 3588 2380 morte

2007 2423 2122 2488 ejus
2145 2420 2345 2490 corrigi
2375 2420 2539 2488 cupit,
2581 2427 2637 2472 ct
2665 2417 2795 2470 dicit
2830 2417 2880 2470 ei
2909 2434 2923 2471 :
2959 2434 2979 2468 ‹
3016 2418 3150 2482 Quia
3181 2418 3246 2470 ad
3276 2419 3376 2470 hoc
3412 2417 3584 2486 ipsum

2005 2521 2057 2566 te
2091 2512 2384 2577 suseitavi,
2437 2521 2494 2564 ut
2546 2510 2828 2565 ostendam
2877 2509 2930 2561 in
2982 2519 3036 2562 te
3078 2509 3328 2562 virtutem
3383 2524 3584 2573 meam,

2005 2610 2060 2657 et
2128 2611 2186 2655 ut
2265 2601 2614 2655 antmntietur
2679 2613 2869 2653 nomen
2945 2613 3123 2652 meum
3199 2599 3252 2652 in
3337 2600 3585 2652 universa

2005 2703 2151 2747 terra
2204 2694 2270 2746 '°.
2321 2713 2340 2745 ›
2380 2692 2508 2746 Vide
2552 2693 2695 2747 enim
2725 2693 2848 2761 quia
2887 2707 2992 2746 non
3027 2693 3202 2746 dixit:
3238 2711 3256 2744 ι
3289 2691 3423 2758 Quia
3457 2712 3480 2745 υ
3517 2695 3584 2747 ad

2003 2784 2106 2840 boc
2143 2787 2320 2855 ipsum
2361 2796 2412 2839 te
2435 2785 2537 2840 feci
2571 2804 2583 2839 :
2622 2785 2862 2854 alioquin
2908 2785 2974 2837 ad
3019 2785 3357 2838 conditorem
3391 2785 3583 2839 referri

2001 2876 2159 2945 culpa
2193 2879 2468 2931 videretur
2499 2898 2511 2932 :
2544 2878 2636 2930 sed
2670 2878 2744 2931 ait
2774 2893 2788 2930 :
2819 2894 2838 2929 ι
2875 2875 2954 2930 Ad
2983 2875 3086 2930 hoc
3127 2877 3299 2944 ipsum
3329 2886 3380 2929 te
3409 2878 3581 2932 susci-

2005 2971 2111 3022 tavi
2147 2988 2158 3022 :
2204 2988 2223 3020 ι
2259 2971 2362 3024 hoc
2390 2979 2510 3032 est,
2559 2979 2618 3021 ut
2660 2984 2754 3036 per
2795 2967 2961 3022 animi
3001 2969 3076 3022 tui
3117 2967 3380 3021 malitiam
3419 2981 3580 3036 quam

2003 3061 2100 3114 tibi
2136 3061 2364 3116 infrenis
2396 3059 2506 3130 (95)
2529 3070 2583 3112 et
2614 3061 2733 3114 sine
2765 3059 2856 3113 Dei
2885 3061 3079 3114 timore
3119 3061 3348 3114 vivendo
3381 3058 3582 3129 qumsi-

2003 3153 2095 3217 sti,
2137 3162 2192 3206 et
2224 3153 2278 3205 in
2308 3153 2446 3206 alios
2480 3151 2750 3220 irrogetur
2787 3150 2934 3204 utilis
2973 3162 3027 3205 et
3071 3150 3351 3204 fructuosa
3392 3162 3579 3204 corre-

2001 3243 2130 3306 ctio,
2167 3254 2222 3298 et
2253 3245 2304 3296 in
2329 3253 2380 3296 te
2401 3245 2574 3312 ipsum
2600 3243 2666 3294 ad
2695 3242 3032 3309 posteritatis
3059 3242 3366 3310 exemplum
3407 3239 3584 3294 Liuio-

1999 3334 2249 3390 sissimus
2287 3332 2604 3388 conferatur
2651 3332 2927 3387 interitus.
2980 3333 3132 3400 Quod
3175 3341 3354 3385 autem
3409 3331 3579 3394 dicit,

2007 3445 2024 3477 ι
2045 3426 2182 3491 Ergo
2197 3425 2406 3496 (94)cui
2428 3424 2538 3477 vult
2557 3425 2867 3486 miseretur,
2888 3433 2943 3478 et
2962 3438 3121 3491 quem
3143 3422 3257 3475 vult
3283 3421 3519 3487 indurat,
3553 3440 3572 3474 ο

2000 3531 2064 3569 ex
2095 3515 2177 3568 his
2211 3530 2330 3583 quae
2362 3517 2413 3568 in
2441 3515 2626 3570 Exodo
2649 3515 2852 3582 scripta
2878 3521 3004 3567 sunt
3032 3514 3252 3566 videtur
3278 3529 3576 3566 assumere.

2001 3605 2074 3659 lbi
2105 3607 2249 3659 enim
2293 3606 2467 3659 dicit:
2507 3623 2526 3656 ‹
2577 3603 2843 3657 lnduraho
2883 3618 2978 3657 cor
3005 3602 3340 3665 Pharaonis,
3385 3604 3460 3655 uti
3510 3618 3579 3655 ne

2001 3697 2236 3748 dimittat
2265 3697 2517 3764 populum
2566 3693 2630 3748 “.
2673 3716 2693 3751 ι
2763 3694 3121 3747 lndurabatur
3144 3707 3320 3748 autem
3357 3693 3580 3765 (95)cor

2000 3787 2303 3841 Pharaonis
2345 3789 2445 3841 hoc
2487 3787 2672 3841 modo.
2712 3784 2893 3838 Nolttit
2931 3785 3073 3838 Deus
3103 3785 3155 3839 in
3187 3800 3310 3839 eum
3342 3786 3574 3839 subitam

1999 3890 2050 3933 et
2079 3879 2290 3948 plenam
2313 3882 2442 3932 dare
2473 3877 2792 3932 vindictam.
2823 3874 3088 3944 Quamvis
3115 3876 3258 3930 enim
3277 3887 3575 3932 essetcon-

1999 3980 2282 4025 summatze
2347 3970 2600 4034 malitiae,
2657 3979 2832 4023 tamen
2884 3985 2981 4039 per
3039 3970 3360 4040 patientiam
3415 3986 3572 4025 suam

2003 4063 2140 4115 Deus
2171 4065 2282 4131 (illi)
2318 4077 2415 4115 nec
2437 4063 2538 4130 ipsi
2567 4062 2882 4115 facultatem
2917 4061 3297 4116 conversionis
3327 4061 3575 4116 excluse-

2000 4165 2082 4208 rat
2111 4169 2125 4206 :
2151 4165 2200 4206 et
2231 4155 2351 4208 ideo
2389 4153 2562 4222 primo
2593 4153 2919 4221 leuioribus,
2967 4166 3082 4210 tum
3109 4153 3276 4208 etiam
3315 4153 3573 4222 paulatim

1999 4244 2506 4311 ingravescentibus
2532 4245 2583 4296 in
2608 4260 2730 4298 eum
2761 4247 3082 4299 verberibus
3117 4244 3286 4296 utitur
3318 4241 3450 4312 (97).
3471 4244 3576 4296 Sed

1999 4336 2140 4406 quod
2176 4335 2312 4390 Deus
2336 4337 2560 4404 gerebat
2589 4350 2686 4405 per
2711 4337 3057 4404 patientiam,
3085 4350 3153 4388 ex
3185 4334 3285 4387 hoc
3304 4333 3395 4386 ille
3422 4335 3578 4388 indu-

2863 4499 2910 4532 ⁸⁸
2940 4495 3070 4554 ibid.
3097 4499 3138 4532 "
3168 4496 3334 4552 Exod.
3361 4511 3435 4561 tv,
3457 4495 3548 4549 2|.

2067 4659 2178 4728 (89)
2219 4659 2356 4712 Editi
2389 4671 2446 4733 ct
2489 4675 2619 4733 mss.
2663 4660 2869 4730 plures,
2896 4679 2916 4712 ι
2953 4662 3224 4717 nutriendi
3274 4663 3508 4733 pecoris.
3549 4682 3572 4718 ι

2001 4730 2279 4800 liahanus,
2314 4747 2332 4778 ι
2355 4730 2440 4800 ad
2476 4731 2820 4784 nutriendum
2862 4747 3078 4800 pecora.
3118 4751 3138 4785 ι

2071 4797 2182 4872 (90)
2227 4797 2399 4872 Editi,
2457 4817 2475 4850 ι
2530 4801 2726 4854 cubitis
2783 4797 2875 4855 sui
2908 4812 3094 4870 aptum
3137 4802 3371 4872 probat,
3411 4821 3433 4857 ι
3479 4802 3574 4870 aL,

2007 4887 2025 4919 ι
2069 4869 2352 4936 probarit.
2377 4887 2396 4918 ι
2431 4876 2538 4922 etc.

2032 4935 2185 5020 λιιι)
2227 4938 2404 5000 Alias,
2448 4957 2467 4989 ι
2517 4936 2922 4996 debuissent....
2958 4944 3440 5000 commiserunt....
3471 4942 3574 4996 du-

2001 5023 2297 5062 τιεδιιιιιιιιι.
2334 5027 2354 5060 ι

2071 5077 2182 5154 (92)
2211 5079 2382 5154 Alias,
2421 5096 2440 5129 ι
2472 5075 2771 5136 duriorem.
2808 5100 2828 5133 ι
2859 5081 2924 5135 Et
2943 5093 3152 5154 postea,
3183 5101 3203 5135 ι
3234 5082 3427 5136 Volens
3449 5098 3577 5153 ergo

1999 5149 2278 5202 interitum
2308 5150 2445 5218 ejus,
2484 5166 2503 5199 ι
2537 5157 2644 5203 etc.

2071 5219 2184 5286 (95)
2214 5219 2379 5280 lﬁditi,
2422 5238 2440 5269 ι
2479 5218 2769 5286 infrunite;
2816 5239 2837 5273 ι
2877 5222 2972 5277 sed
2997 5235 3190 5277 omnes
3230 5237 3360 5277 mss.
3387 5232 3442 5276 et
3470 5222 3585 5277 Ra-

1997 5289 2190 5348 banns,
2231 5307 2248 5339 ι
2281 5289 2533 5342 infrenis.
2579 5309 2598 5340 ι

2068 5357 2181 5432 (94)
2209 5358 2370 5432 Ergo.
2400 5359 2515 5411 Non
2546 5360 2818 5432 reperitur
2854 5361 2908 5414 in
2947 5372 3110 5416 antea
3137 5362 3322 5418 editis.

2067 5429 2178 5497 (95)
2222 5431 2376 5482 Deest
2411 5447 2429 5479 ι
2472 5440 2652 5482 autem
2691 5449 2709 5480 ι
2740 5431 2791 5482 in
2823 5432 3004 5486 editis.

2064 5499 2176 5565 ($6)
2215 5517 2232 5548 ι
2289 5497 2428 5552 Deus
2475 5520 2492 5548 ι
2533 5501 2801 5553 omittitur
2848 5501 2899 5553 in
2948 5500 3132 5557 editis.
3184 5501 3388 5558 Deinde
3435 5517 3567 5558 mss.

1992 5568 2238 5687 qtlt’itlzttlt,
2277 5578 2331 5620 ct
2365 5568 2652 5632 ltabanus,
2692 5587 2709 5619 ι
2767 5569 3102 5639 lenioribus,
3150 5589 3174 5628 ι
3205 5589 3307 5648 pro
3354 5589 3374 5626 t
3410 5573 3575 5627 levio-

1992 5651 2037 5687 ri
2083 5650 2165 5686 ns.
2203 5655 2221 5686 ι

1991 5650 2165 5690 I‘IUIIS.
2203 5655 2221 5686 ι

2064 5705 2176 5776 (97)
2217 5707 2383 5776 Alias,
2413 5725 2431 5761 ι
2471 5708 2745 5766 utebatur.
2784 5727 2803 5762 ι
