3986 6206
455 328 592 385 1147

1905 325 2228 380 OlilGENlS

3560 341 3679 396 ms

455 453 682 508 raliatur
716 449 783 503 ad
806 456 1204 517 contemptum,
1241 445 1506 516 majorem
1531 446 1634 502 sibi
1669 446 1805 500 iram
1838 462 2024 500 rcenn-
2064 450 2105 504 Α
2133 444 2384 500 omnibus
2416 446 2506 500 Dei
2538 445 3040 517 dispensationibus
3062 449 3228 524 616
3254 460 3311 508 et
3333 453 3544 524 iudieiis
3561 461 3673 515 edo-

449 545 606 607 dens,
634 542 707 596 ita
735 551 792 594 nt
819 543 885 595 ad
912 540 1088 610 ipsum
1125 539 1236 595 dici
1254 539 1545 596 conveniat
1574 539 1702 593 illud
1723 541 1866 610 quod
1892 539 2030 595 scri-

450 635 531 690 bit
562 633 849 703 Apostolus
871 633 918 665 "
947 647 963 686 :
993 657 1013 684 ι
1040 633 1124 686 An
1142 625 1358 689 divitias
1375 631 1636 686 bonitatis
1658 631 1799 700 ejus,
1847 644 1898 690 et
1932 649 2028 706 pa-

432 723 644 778 tientia:
669 721 799 792 (98).
825 729 878 776 et
900 721 1330 793 longanimilalis
1373 723 1716 790 contemnis,
1766 724 2026 794 ignorans

447 813 706 882 quoniam
741 814 1004 884 patientia
1042 813 1136 869 Dei
1172 814 1241 869 ad
1273 814 1653 884 inmiiitentiam
1691 824 1742 870 te
1769 815 2028 870 adducit?

448 906 760 962 Secundum
795 906 1051 961 duritiam
1077 919 1257 962 autem
1298 914 1444 960 tuam
1473 915 1527 961 et
1556 921 1652 962 eor
1676 907 2028 977 iinpmnitens

449 998 790 1052 thesaurisas
824 999 918 1052 tibi
963 999 1065 1067 ipsi
1103 999 1244 1053 iram
1292 999 1344 1053 in
1393 999 1483 1053 die
1537 999 1650 1053 ira.
1694 1018 1714 1052 ι
1747 999 1862 1054 Non
1895 1017 2026 1071 ergo

449 1108 610 1163 quem
641 1091 758 1146 vult
791 1090 934 1146 Deus
968 1093 1204 1157 indurat,
1234 1092 1328 1147 sed
1357 1093 1448 1164 qui
1481 1093 1750 1163 patientiae
1782 1093 1895 1165 (99)
1928 1095 2027 1148 ob-

447 1192 754 1252 temperare
789 1182 1044 1246 noluerit,
1075 1182 1378 1238 induratur.
1412 1183 1759 1254 Superﬁunm
1780 1200 1911 1255 ergo
1937 1195 2024 1240 est

443 1273 589 1343 quod
614 1273 748 1328 dicis
768 1271 1046 1343 Apostolo.
1073 1289 1105 1326 ο
1158 1282 1213 1328 tu
1250 1272 1342 1342 qui
1376 1273 1810 1342 adversaris(l):
1842 1293 1860 1324 ι
1885 1273 2022 1338 Quid

442 1383 572 1436 ergo
610 1368 785 1421 adhuc
803 1366 1086 1434 queritur?
1128 1365 1397 1420 Voluntati
1423 1367 1564 1421 enim
1591 1365 1707 1435 ejus
1730 1367 1850 1437 quis
1885 1368 2021 1422 resi-

439 1458 582 1512 stit?
607 1479 625 1510 ι
655 1456 934 1514 Voluntati
964 1455 1183 1526 quidem
1209 1455 1303 1510 Dei
1332 1467 1540 1511 certum
1570 1465 1656 1512 est
1680 1457 1824 1527 quod
1843 1455 2020 1512 nullus

441 1549 706 1616 obsistat;
764 1551 858 1606 sed
909 1551 1244 1606 voluntatem
1293 1548 1411 1618 ejus
1453 1550 1655 1620 justam
1707 1558 2022 1618 rectamrpie

442 1635 565 1695 esse
600 1641 746 1695 scire
783 1656 882 1696 nos
924 1639 1182 1695 convenit
1210 1638 1310 1711 (2).
1342 1638 1410 1694 Ut
1443 1638 1569 1694 boni
1598 1639 1742 1694 enim
1777 1648 1868 1692 aut
1894 1639 2017 1692 mali

437 1733 613 1785 simus
642 1739 841 1786 nostrae
864 1731 1158 1786 voluntatis
1179 1741 1262 1786 est
1293 1749 1308 1785 :
1340 1731 1516 1785 malus
1547 1742 1726 1784 autem
1749 1730 1814 1784 ad
1831 1731 2015 1801 cujus-

2129 545 2280 590 ceret
2304 537 2370 588 ".
2399 537 2466 592 Et
2491 552 2589 592 nos
2628 553 2759 609 ergo
2779 539 2826 594 si
2855 539 3063 614 aliquid
3083 543 3144 598 de
3166 545 3396 602 secretis
3409 544 3499 602 Dei
3527 559 3577 603 et
3602 566 3676 607 re~

2129 627 2362 681 conditis
2399 627 2514 697 (10)
2551 629 2930 686 desideramus
2962 646 3289 703 agnoscere,
3321 635 3367 690 si
3409 638 3676 694 desiderio.

2131 733 2247 774 rum
2275 728 2330 773 et
2361 734 2465 774 non
2496 721 2911 776 contentionum
2940 721 3053 796 (11)
3072 725 3170 780 viri
3199 741 3410 792 sumus,
3432 731 3674 787 occultius

2130 809 2182 863 in
2212 809 2408 864 divinis
2441 809 2639 865 litteris
2660 811 2865 868 inserta
2901 813 2995 868 Dei
3023 815 3224 886 judicia
3257 817 3484 874 ﬁdeliter
3515 831 3566 875 et
3591 823 3661 876 hu-

2128 901 2329 955 militer
2355 904 2716 968 requiramus.
2764 901 3061 975 Pr0pterea
3090 921 3326 978 namque
3352 917 3410 964 et
3443 909 3673 968 Dominus

2126 993 2368 1048 dicebat:
2393 1012 2412 1045 ι
2440 992 2772 1048 Scrutamini
2799 994 3114 1066 Scripturas
3132 999 3202 1065 ",
3227 1017 3248 1052 ι
3267 999 3444 1056 sciens
3469 1002 3573 1056 haec
3585 1019 3670 1057 nos

2125 1085 2193 1139 ab
2229 1084 2313 1140 his
2349 1087 2438 1155 qui
2481 1085 2532 1140 in
2572 1086 2692 1142 aliis
2721 1087 2955 1158 negotiis
2981 1089 3232 1160 occupati
3275 1092 3574 1148 transitorie
3602 1095 3673 1149 vel

2124 1175 2351 1230 audiunt
2391 1175 2472 1228 vel
2506 1174 2713 1246 legunt,
2767 1178 2861 1232 sed
2913 1177 2999 1233 his
3042 1179 3134 1248 qui
3190 1193 3341 1234 recto
3381 1193 3433 1236 et
3468 1183 3670 1252 simplici

2124 1265 2307 1329 corde,
2334 1265 2450 1336 jugi
2479 1266 2684 1332 labore,
2716 1267 3104 1338 continuisque
3135 1267 3341 1339 vigiliis
3368 1269 3523 1325 altius
3544 1273 3670 1326 Scri-

2124 1366 2310 1425 pturas
2343 1357 2560 1416 divinas
2585 1369 2938 1424 scrutantur,
2971 1360 3178 1430 aperiri
3213 1380 3227 1415 :
3278 1377 3345 1417 ex
3381 1363 3565 1433 quibus
3599 1381 3670 1420 me

2124 1461 2230 1500 non
2255 1462 2377 1502 esse
2403 1464 2505 1520 ego
2538 1450 2676 1505 bene
2723 1450 2873 1506 novi.
2918 1451 2976 1506 Si
3023 1453 3148 1522 quis
3185 1464 3368 1508 tamen
3401 1455 3469 1510 sit
3494 1457 3574 1525 qui
3608 1456 3670 1510 ita

2121 1549 2352 1608 qua-rat,
2382 1540 2639 1598 inveniet.
2681 1541 2882 1598 Verum
2934 1553 2989 1598 et
3027 1560 3124 1600 nos
3160 1560 3266 1614 pro
3303 1545 3506 1601 viribus
3529 1548 3588 1601 ad
3615 1563 3666 1603 ea

2121 1646 2240 1698 ψιτε
2267 1630 2541 1686 habentur
2565 1634 2619 1689 in
2649 1637 2905 1691 manilius
2935 1648 3351 1692 convertamur.
3394 1656 3413 1688 ε
3451 1637 3666 1708 Nunquid

2120 1721 2250 1780 dicit
2305 1724 2642 1796 ﬁgmentum,
2703 1727 2898 1798 inquit,
2957 1730 3008 1785 ei
3072 1731 3167 1800 qui
3216 1730 3333 1804 (12)
3367 1747 3425 1786 se
3472 1731 3609 1787 ﬁnxit
3650 1752 3663 1790 :

440 1821 583 1876 modi
618 1821 866 1884 verbera,
899 1831 954 1875 et
992 1823 1166 1877 houus
1187 1823 1254 1877 ad
1277 1817 1580 1892 cujusmodi
1601 1821 1828 1894 gloriam
1853 1823 2019 1878 desti-
2051 1802 2092 1857 Β
2121 1814 2258 1881 Qllid
2289 1831 2373 1872 me
2401 1817 2479 1871 Sic
2502 1817 2678 1873 iecisti
2704 1817 2728 1872 ?
2768 1818 2963 1874 Annon
2995 1820 3165 1877 habet
3198 1830 3516 1890 potestatem
3551 1825 3664 1891 ﬁguv

438 1922 616 1977 netur,
650 1912 947 1969 voluntatis
974 1923 1055 1968 est
1079 1913 1197 1969 Dei.

513 2004 598 2056 17.
643 2023 662 2055 ι
695 2005 738 2058 0
769 2005 961 2070 homo,
1000 2015 1054 2058 tu
1099 2006 1222 2075 quis
1247 2021 1306 2061 es
1334 2005 1426 2077 qui
1453 2015 1643 2062 contra
1676 2006 1756 2078 (5)
1798 2022 2017 2078 respon-

436 2095 570 2150 deas
598 2095 743 2150 ilco?
771 2096 1020 2166 Nunquid
1045 2098 1177 2152 dicit
1204 2097 1518 2168 ﬁgmentum
1547 2101 1595 2154 ei
1619 2099 1712 2172 qui
1733 2116 1794 2157 se
1820 2101 1975 2155 ﬁnxit
1998 2120 2014 2157 :

439 2187 580 2256 Quid
615 2202 698 2240 me
723 2185 900 2241 fecisti
929 2189 1047 2242 sic?
1093 2187 1284 2244 Annon
1320 2190 1487 2247 habet
1521 2201 1846 2262 potestatem
1883 2194 2018 2264 ﬁgu-

435 2275 522 2331 Ius
552 2275 647 2331 luti
679 2292 743 2330 ex
769 2277 959 2333 eadem
988 2294 1165 2334 massa
1200 2279 1380 2335 facere
1416 2281 1560 2336 aliud
1600 2282 1817 2352 quidem
1847 2284 2013 2339 vasin

439 2369 720 2435 honorem,
766 2369 911 2423 aliud
942 2385 1072 2424 vero
1102 2369 1152 2425 in
1177 2372 1566 2428 contumeliam
1596 2375 1642 2406 "
1663 2375 1727 2430 1»
1761 2375 2016 2446 Legimus

431 2470 488 2512 et
523 2459 573 2514 in
618 2459 930 2532 Evangeliis
956 2462 1024 2528 “,
1051 2478 1146 2518 eos
1177 2461 1252 2534 (.4)
1281 2464 1370 2535 qui
1406 2476 1658 2536 proterve
1687 2476 1743 2522 et
1777 2467 2012 2521 inﬁdeli-

435 2561 521 2604 ter
550 2550 901 2621 inquirebant
930 2569 958 2606 a
999 2552 1229 2611 Domino
1261 2555 1314 2610 in
1347 2571 1452 2626 qua
1488 2567 1756 2626 potestate
1793 2558 1906 2614 haec
1931 2558 2013 2613 fa-

431 2653 581 2697 ceret
621 2660 742 2714 qmc
776 2644 1039 2710 faciebat,
1093 2655 1147 2701 et
1180 2646 1301 2717 quis
1336 2648 1385 2702 ei
1424 2646 1660 2703 dedisset
1689 2659 2009 2720 potestatem

432 2736 594 2801 hanc,
633 2752 701 2791 ne
734 2738 1090 2808 responsione
1115 2738 1333 2808 quidem
1367 2739 1561 2807 dignos
1594 2741 1829 2797 habitos.
1855 2741 2012 2797 Simi-

2119 1905 2203 1960 lus
2237 1906 2334 1962 ltiti
2361 1922 2424 1963 ex
2461 1909 2650 1964 eadem
2681 1925 2859 1964 massa
2891 1911 3072 1966 facere
3095 1911 3247 1966 aliud
3269 1911 3485 1983 quidem
3501 1900 3588 1966 vas
3610 1915 3664 1966 ad

2121 1995 2384 2053 honorem
2407 2039 2424 2064 ,
2459 1999 2605 2054 aliud
2648 2015 2781 2056 vero
2825 2003 2892 2055 ad
2937 2003 3378 2059 contumeliam?
3407 2023 3425 2056 ι
3456 2003 3512 2058 Et
3545 2005 3664 2072 apud

2114 2088 2404 2145 Jeremiam
2440 2091 2760 2162 prophetam
2794 2094 2898 2149 lalc
2920 2093 3130 2165 aliquid
3159 2095 3410 2162 legimus,
3430 2096 3511 2152 ubi
3531 2095 3664 2165 jube-

2119 2191 2204 2235 tur
2243 2197 2274 2236 a
2319 2182 2426 2237 Deo
2457 2182 2683 2238 introire
2714 2185 2766 2240 in
2798 2186 3018 2241 domum
3058 2185 3247 2258 ﬁguli,
3274 2197 3330 2243 et
3364 2187 3534 2243 videre
3558 2203 3659 2244 eum

2118 2271 2407 2341 ﬁngentem
2441 2291 2457 2328 :
2497 2275 2684 2345 utique
2729 2289 2824 2329 vas
2853 2275 3150 2345 collapsum
3206 2277 3273 2332 de
3313 2278 3543 2332 manibus
3568 2279 3660 2333 suis

2115 2365 2440 2436 recolligeus
2468 2382 2683 2421 rursum
2729 2367 2888 2420 ﬁnxit
2921 2365 3054 2420 illud
3095 2368 3402 2422 secundum
3444 2367 3658 2420 volunta-

2113 2466 2220 2513 tem
2248 2473 2423 2513 suam.
2461 2445 2584 2513 «Et
2644 2458 2826 2514 iactus
2867 2469 2972 2526 est,
3015 2461 3222 2530 inquit,
3270 2473 3445 2515 sermo
3481 2458 3660 2514 Domini

2111 2548 2179 2602 ad
2221 2563 2344 2602 eum
2391 2549 2579 2605 dicens
2612 2570 2628 2606 :
2658 2549 2912 2621 Nunquid
2957 2566 3059 2621 ego
3105 2566 3222 2606 non
3255 2567 3469 2622 possunt
3509 2550 3659 2606 lacere

2110 2642 2328 2697 domum
2369 2643 2528 2700 lsrael
2555 2645 2698 2700 sicut
2736 2645 2932 2715 ﬁgulus
2968 2646 3070 2702 iste
3113 2647 3208 2701 ⁸⁸2
3253 2665 3272 2699 ι
3313 2646 3378 2700 Ει
3415 2642 3656 2715 Sapientia

2109 2733 2241 2790 dicit
2267 2737 2312 2768 ”
2357 2756 2368 2790 :
2409 2753 2430 2787 ι
2468 2735 2606 2790 Vasa
2652 2735 2796 2804 ﬁguli
2841 2738 3037 2808 probat
3074 2737 3314 2806 ἴοι-ηις,
3353 2749 3406 2795 et
3439 2741 3654 2795 homines

429 2827 554 2882 liter
574 2844 790 2898 quoque
814 2837 867 2883 et
898 2828 948 2882 in
980 2830 1235 2899 praesenti
1276 2829 1397 2887 loco
1429 2843 1634 2887 motum
1677 2834 1896 2902 quidem
1929 2835 2009 2905 (5)
2102 2823 2280 2895 iDSIOS
2347 2826 2598 2880 ιθυιειιίο-
2641 2845 2658 2878 ι
2692 2825 2865 2883 "abet
2899 2844 3029 2899 ergo
3065 2831 3250 2885 nostri
3289 2831 3430 2886 Deus
3452 2839 3654 2901 potesta-

430 2917 679 2972 videmus
707 2918 1026 2987 Apostolnm
1055 2932 1108 2974 et
1132 2921 1419 2976 adversum
1437 2921 1739 2979 insolentes
1753 2927 2012 2995 qumstio-

430 3018 548 3066 nes,
582 3021 646 3058 ac
687 3021 784 3075 per
812 3021 873 3060 ea
903 3022 1025 3078 qua:
1051 3009 1329 3079 respondit
1361 3011 1462 3082 (6),
1497 3015 1847 3082 proponentis
1871 3031 2006 3072 con-

2111 2927 2218 2974 tem
2245 2919 2390 2974 sicnt
2413 2926 2467 2973 et
2509 2919 2707 2986 ﬁgulus
2740 2918 2868 2985 luti,
2897 2930 2957 2973 ut
2983 2919 3146 2976 faciat
3187 2938 3260 2978 ex
3294 2938 3458 2978 massa
3493 2923 3650 2977 eadem

2105 3025 2234 3064 vasa
2283 3011 2352 3065 ad
2394 3011 2695 3075 honorem,
2729 3019 2784 3064 et
2827 3026 2954 3065 vasa
3002 3013 3070 3067 ad
3119 3014 3522 3070 contumeliam.
3551 3011 3652 3066 Tilii

431 3097 723 3150 tumariam
757 3099 1088 3156 confudisse.
1127 3102 1216 3154 Ait
1241 3101 1384 3155 enim
1416 3121 1429 3154 :
1473 3121 1490 3154 ι
1521 3105 1564 3158 0
1600 3105 1782 3171 homo,
1817 3109 2008 3176 tuquis

2113 3115 2242 3172 ergo
2264 3101 2356 3170 qui
2385 3101 2687 3156 insolenter
2713 3104 3010 3170 respondes
3028 3105 3157 3167 Deo,
3181 3107 3300 3162 haec
3322 3107 3520 3162 audisse
3540 3106 3654 3160 solli.

429 3201 490 3240 es
517 3185 606 3254 qui
633 3196 821 3240 contra
855 3190 1182 3257 respondeas
1213 3189 1362 3244 Deo?
1390 3209 1408 3242 ι
1447 3191 1556 3246 lloc
1576 3204 1659 3249 est
1685 3197 1830 3250 enim
1845 3197 2008 3252 homo
2036 3185 2077 3201 ν
2111 3196 2240 3249 eiat.
2277 3194 2380 3261 Qui
2417 3210 2545 3250 vero
2566 3209 2728 3264 npera
2757 3196 3037 3265 sapientiae
3061 3197 3155 3254 Dei
3193 3199 3250 3254 in
3273 3197 3656 3268 dispensationi.

426 3279 572 3345 apud
604 3279 792 3344 Deum,
823 3283 966 3350 quod
989 3283 1131 3351 apud
1161 3282 1380 3352 ﬁgulum
1417 3284 1606 3341 lutum.
1639 3287 1701 3342 Et
1729 3288 1870 3344 sicut
1895 3306 2010 3345 scr-

427 3383 526 3422 vus
560 3384 812 3437 nequam,
845 3370 888 3425 si
922 3369 1062 3426 forte
1094 3371 1366 3428 videbitur
1390 3374 1609 3431 domino
1649 3377 1764 3431 ﬁeri
1805 3379 2006 3434 debere

427 3459 646 3530 aliquod
691 3477 828 3531 opus
869 3462 1014 3532 quod
1057 3471 1113 3518 et
1137 3464 1368 3521 rationis
1408 3476 1466 3522 et
1501 3467 1752 3523 utilitatis
1787 3471 2004 3542 plenum

425 3553 520 3620 sit,
555 3553 642 3606 ille
675 3565 852 3608 autem
887 3557 1101 3624 operari
1145 3556 1353 3624 nolens,
1393 3573 1455 3613 ea
1501 3576 1621 3628 qua:
1649 3562 2004 3634 dominusju-

426 3643 517 3696 bet
574 3644 845 3700 discutere
896 3647 1156 3716 incipiat,
1220 3657 1273 3703 et
1337 3652 1612 3719 requirere
1661 3667 1689 3706 a
1753 3655 2002 3710 domino:

432 3737 632 3808 thuid
667 3739 766 3793 huc
795 3755 934 3808 opus
963 3739 1079 3794 ﬁeri
1109 3741 1308 3812 jubes?
1328 3742 1426 3797 Cui
1478 3747 1736 3815 prodest?
1762 3746 1858 3801 Cui
1905 3765 2004 3804 ne-

425 3832 729 3884 tessarium
778 3833 1214 3890 est?eonmmaei
1259 3849 1418 3890 servo
1463 3852 1582 3906 qua:
1627 3839 1731 3893 erit
1767 3839 1844 3912 (7)
1895 3851 2002 3894 tam

426 3924 587 3994 digna
632 3926 913 3995 responsio
935 3968 951 3992 ,
985 3928 1088 3980 nisi
1129 3937 1186 3980 ut
1220 3928 1432 3982 dicatur
1457 3931 1505 3984 ei
1541 3947 1556 3985 :
1593 3949 1613 3982 ι
1653 3930 1730 3986 Tu
1758 3934 1882 4002 quis
1907 3949 2000 3998 es,

424 4015 518 4084 qui
553 4025 742 4068 contra
768 4018 1098 4084 respondeas
1130 4037 1150 4069 ι
1181 4020 1442 4075 domino?
1463 4023 1534 4075 ita
1567 4023 1774 4092 placet;
1817 4027 1890 4079 ita
1914 4027 2003 4080 do-

427 4104 574 4157 mino
601 4103 831 4158 videtur.
857 4104 972 4158 Non
1003 4117 1132 4174 puto
1161 4120 1342 4162 autem
1370 4112 1518 4178 quod
1550 4115 1593 4166 si
1613 4114 1788 4170 ﬁdelis
1806 4129 2001 4170 servus

423 4205 478 4248 et
506 4195 1102 4267 prudensinterroget,
1147 4196 1331 4252 volens
1374 4199 1678 4272 intelligere
1725 4214 1779 4258 et
1813 4205 1998 4261 mirari

2109 3286 2208 3340 bus
2234 3285 2346 3358 (15)
2373 3285 2489 3355 ejus
2514 3286 2792 3354 desiderat
2811 3290 3084 3353 contueri,
3112 3291 3309 3346 audiat
3341 3291 3392 3346 in
3434 3291 3531 3346 alio
3555 3290 3650 3344 loco

2107 3376 2278 3432 dehis
2310 3377 2442 3446 ipsis
2473 3375 2698 3431 Paulum
2725 3377 3028 3434 divinorum
3049 3390 3390 3441 secretorum
3413 3379 3656 3438 conscium.

2107 3468 2490 3538 disputantem.
2531 3488 2549 3520 ι
2586 3468 2642 3524 ln
2677 3470 2840 3527 domo
2877 3483 3056 3529 autem
3113 3490 3317 3548 magna
3377 3491 3478 3533 non
3525 3485 3648 3540 sunt,

2107 3561 2301 3631 inquit,
2351 3563 2724 3618 tantummodo
2793 3579 2922 3621 vasa
2961 3581 3124 3622 aurea
3155 3579 3224 3623 et
3273 3567 3648 3638 argentea,sod

2103 3661 2158 3706 et
2187 3650 2360 3720 lignea
2410 3660 2467 3705 et
2513 3651 2738 3720 ﬁctilia,
2772 3664 2826 3708 et
2872 3654 2976 3709 alia
3007 3656 3232 3725 quidem
3277 3657 3345 3713 ad
3389 3658 3650 3716 honorem

2105 3743 2212 3798 alia
2243 3753 2425 3798 autem
2465 3745 2531 3798 ad
2562 3746 2978 3802 contumeliam.
3009 3747 3064 3802 Si
3103 3761 3246 3817 ergo
3269 3749 3390 3818 quis
3416 3745 3644 3804 emunda-

2103 3835 2245 3890 verit
2273 3835 2624 3906 semetipsum
2653 3837 2723 3892 ab
2750 3839 2855 3902 his,
2879 3839 2986 3894 erit
3013 3854 3106 3894 vas
3136 3841 3209 3894 ad
3250 3841 3500 3896 honorem
3533 3852 3642 3892 san-

2103 3926 2422 3991 ctiﬁcatum,
2470 3937 2527 3982 et
2567 3928 2700 3984 utile
2733 3929 2984 3996 Domino,
3011 3930 3078 3984 ad
3111 3945 3283 3986 omne
3314 3945 3443 4000 opus
3470 3928 3644 3983 bonum

2102 4027 2348 4088 paratum
2383 4019 2448 4074 ³⁸.
2495 4037 2516 4072 ›
2560 4020 2730 4076 Audis
2760 4020 2961 4077 Paulus
3004 4025 3056 4077 in
3103 4022 3190 4078 his
3242 4024 3298 4078 in
3340 4020 3524 4093 quibus
3553 4033 3641 4073 non

2103 4111 2292 4166 habuit
2323 4119 2636 4180 protervum
2666 4112 3128 4168 contradictorem
3151 4152 3168 4177 ,
3197 4112 3476 4184 'quomodo
3509 4122 3642 4164 vaso-

2102 4216 2219 4256 rum
2247 4200 2590 4257 diversitates
2623 4203 2834 4272 aperuit
2858 4203 2880 4258 1
2907 4203 3041 4259 Nam
3082 4204 3154 4259 ibi
3193 4206 3286 4260 ubi
3323 4205 3524 4260 auditor
3551 4213 3640 4255 non

421 4287 744 4354 sapientiam
773 4287 977 4341 domini
1017 4288 1116 4360 (8),
1150 4289 1294 4360 quod
1319 4289 1537 4345 dicatur
1561 4293 1609 4347 ei
1650 4310 1664 4346 :
1712 4311 1731 4342 ι
1763 4294 1843 4349 Tu
1877 4297 2000 4365 quis
2099 4301 2224 4346 erat
2279 4292 2499 4361 dignus,
2545 4293 2640 4347 sed
2685 4293 3064 4348 eontradictor
3114 4303 3277 4358 erat,
3325 4295 3436 4348 sola
3484 4286 3640 4343 ﬁctilia

418 4381 522 4435 es?
556 4399 576 4435 ι
644 4381 883 4452 Denique
932 4399 1053 4437 cum
1113 4382 1306 4437 Daniel
1355 4386 1614 4454 propheta
1671 4386 1997 4442 voluntatem

2102 4399 2229 4438 vasa
2259 4394 2684 4451 commemorat;
2721 4385 2810 4440 hic
2851 4395 3033 4441 autem
3076 4397 3133 4440 et
3159 4401 3330 4441 aurea
3369 4383 3494 4439 dicit
3517 4393 3636 4440 esu.

423 4472 634 4527 Domini
661 4473 1364 4544 desiderassetagnoscere,
1391 4474 1533 4528 unde
1555 4483 1610 4528 et
1642 4493 1660 4528 ι
1689 4475 1770 4530 vir
1791 4476 1996 4532 deside—
2027 4488 2070 4544 ι)
2099 4485 2154 4533 et
2196 4489 2485 4547 argentea,
2521 4487 2578 4533 et
2607 4477 2808 4549 lignea,
2854 4485 2908 4533 et
2953 4477 3138 4533 ﬁctilia
3166 4495 3181 4533 :
3215 4488 3269 4534 et
3314 4477 3414 4530 alia
3453 4472 3634 4545 quidem

424 4564 632 4618 riorum
653 4563 698 4594 "
738 4583 757 4617 ι
797 4565 1103 4635 appellatus
1139 4574 1255 4631 est,
1293 4581 1396 4620 non
1427 4576 1509 4621 est
1543 4565 1618 4640 (9)
1655 4566 1702 4621 ei
1736 4568 1939 4622 dictqu
1978 4587 1993 4623 :

423 4674 443 4708 ι
477 4655 557 4710 'l'u
588 4657 711 4726 quis
740 4657 842 4713 es?
869 4675 890 4711 ι
925 4658 1026 4714 sed
1057 4659 1252 4714 missus
1275 4667 1360 4714 est
1381 4659 1624 4727 angelus,
1655 4659 1746 4730 qui
1783 4675 1906 4715 eum
1931 4661 2000 4717 de

487 4777 535 4810 ⁸⁸
564 4774 728 4829 Rom.
759 4791 819 4833 ll.
848 4775 902 4839 4,
939 4775 992 4830 5.
1069 4776 1120 4808 ’³
1145 4775 1300 4830 Rern.
1336 4792 1411 4841 ιι,
1441 4778 1534 4841 20,
1566 4777 1658 4832 21.

1754 4781 1802 4815 ’δ
1831 4777 1998 4837 Mare.
2037 4796 2118 4844 XI,
2145 4780 2236 4844 ‘28;
2266 4779 2394 4833 Luc.
2415 4794 2512 4841 xx,
2542 4777 2597 4832 2.
2673 4777 2718 4810 "
2752 4776 2882 4830 Dan.
2925 4794 3000 4845 tx,
3024 4777 3114 4832 25.

2103 4570 2236 4624 dicit
2261 4569 2372 4640 (11)
2406 4583 2524 4623 esse
2567 4570 2636 4624 ad
2673 4571 2952 4633 honorem,
2995 4569 3100 4624 alia
3135 4583 3265 4623 vero
3304 4570 3370 4623 ad
3395 4572 3636 4622 contume-

2107 4661 2234 4716 liam
2263 4660 2406 4716 ﬁeri.
2439 4659 2707 4716 Similiter
2735 4669 2790 4715 et
2820 4661 2911 4716 ubi
2933 4661 3250 4736 memoravjt
3270 4659 3380 4730 (l5)
3406 4656 3632 4711 rationem

3201 4780 3248 4810 “
3274 4777 3398 4832 ibid.
3448 4773 3503 4827 21
3533 4783 3629 4838 seq.

419 4851 465 4890 ’ν
503 4845 663 4902 «Ιοιιι.
711 4862 762 4912 v,
803 4845 896 4900 39.
975 4844 1249 4902 "'Jerem.
1278 4863 1429 4911 xvut,
1463 4849 1518 4915 5,
1544 4850 1598 4902 6.
1633 4930 1648 4941 .
1673 4849 1718 4879 "
1749 4847 1915 4904 Eecli.
1947 4865 2115 4915 xxvii,
2151 4854 2206 4906 ti.
2281 4850 2325 4882 '°
2357 4849 2397 4902 11
2428 4847 2570 4906 Tim.
2606 4862 2662 4911 ll,
2689 4847 2782 4914 20,
2808 4847 2900 4904 21.

491 4988 607 5058 (98)
638 4987 780 5044 Editi
813 4988 1234 5059 pradermittunt
1258 5007 1276 5040 ι
1298 4987 1423 5059 ejus
1444 5002 1497 5044 et
1523 4991 1822 5058 patientiae.
1866 5009 1885 5040 ι

486 5059 600 5141 (99)
637 5057 1196 5141 Editi,'thpa_tiepter.
1237 5077 1255 5110 ι
1294 5057 1394 5114 Ms.
1439 5057 1579 5141 unus
1617 5071 1669 5141 et
1717 5060 1990 5124 liabanus,

421 5149 441 5182 ι
478 5129 774 5200 patientia.
813 5149 832 5183 υ
870 5129 1065 5184 Cazteri
1109 5143 1264 5192 mss.,
1304 5147 1322 5180 ι
1366 5130 1720 5199 ptenitentire.
1759 5149 1778 5181 ι

503 5201 582 5272 (1)
617 5198 782 5272 Editi,
817 5219 836 5254 ι
875 5200 1017 5271 quod
1047 5199 1212 5272 dicis,
1243 5209 1302 5272 tu
1323 5198 1414 5272 qui
1453 5200 1711 5272 Apostolo
1741 5200 1995 5272 adversa-

417 5269 573 5324 ris.i
622 5269 907 5336 llabanus,
987 5270 1129 5339 quod
1160 5270 1295 5323 dicit
1338 5269 1666 5338 Apostolus,
1715 5281 1768 5322 tu
1815 5269 1929 5339 qui,
1970 5287 1989 5320 ι

419 5350 530 5394 ete.
559 5340 664 5393 Sed
699 5341 886 5396 caeteri
927 5355 1058 5394 mss.
1094 5349 1153 5393 ut
1179 5339 1234 5392 in
1258 5349 1445 5395 DOSlI‘O
1471 5348 1642 5392 textu.

492 5407 569 5478 (2)
590 5407 728 5479 Editi
756 5419 880 5479 post
915 5428 934 5462 ι
967 5410 1216 5463 convenit
1254 5427 1273 5462 ι
1303 5411 1525 5475 addunt,
1557 5428 1574 5460 ι
1611 5411 1842 5464 Attende
1866 5408 1992 5477 quid

463 5477 579 5531 Scit.
613 5494 634 5530 ι
668 5477 782 5551 Sed
819 5483 933 5535 haec
957 5481 1118 5534 verba
1146 5495 1411 5551 nusquam
1434 5492 1747 5550 comparent
1778 5482 1829 5534 in
1864 5495 1992 5534 mss.

543 5547 681 5614 apud
715 5547 1014 5604 Rabanutn.

488 5613 813 5684 (5)’Contra.
852 5618 1012 5671 Deest
1039 5620 1089 5671 in
1115 5619 1294 5673 editis.

497 5686 576 5758 (4)
607 5685 739 5758 an.
763 5686 1046 5758 Omittitur
1071 5690 1123 5740 in
1143 5690 1326 5744 editis.

496 5755 572 5828 (5)
599 5757 846 5825 Quidam.
879 5755 1224 5813 Desideratur
1256 5761 1304 5813 in
1337 5770 1496 5817 antea
1525 5763 1706 5818 editis.

2173 4990 2252 5058 l6)
2281 4989 2448 5055 Editi,
2479 5007 2498 5041 ι
2525 5003 2624 5060 per
2645 5004 2706 5044 ea
2731 5005 2849 5060 qua:
2881 4987 3188 5058 respondet.
3223 5004 3236 5038 ι
3274 4984 3396 5040 Mss.
3418 4980 3622 5051 quidam.

2105 5077 2124 5110 ι
2163 5076 2258 5129 per
2285 5076 2381 5114 eas
2419 5075 2538 5129 qua:
2573 5061 2972 5130 responsiones,
3001 5077 3020 5108 ι
3053 5068 3160 5111 etc.

2171 5126 2248 5199 (7)
2279 5126 2452 5202 iEdritfi,’
2481 5147 2500 5180 ι
2540 5126 2883 5202 contumacis
2904 5143 3034 5202 ergo
3057 5142 3177 5202 quae
3197 5126 3314 5202 erit_,
3357 5130 3504 5202 sete.

2168 5194 2243 5268 (8)
2276 5194 2441 5262 Editi,
2471 5217 2490 5250 ι
2525 5209 2581 5254 et
2613 5201 2890 5254 admirans
2914 5194 3234 5266 sapientiam
3269 5194 3479 5249 domini.
3513 5206 3530 5242 ι

2177 5271 2253 5336 (9)
2278 5268 2561 5324 Omittitur
2603 5288 2622 5320 ι
2654 5280 2737 5323 est
2777 5289 2795 5321 ι
2831 5269 2882 5322 in
2912 5267 3098 5338 editis.
3199 5337 3205 5338 ί

2173 5331 2282 5409 (to)
2319 5339 2520 5402 eum”
2546 5339 2602 5394 Si
2649 5339 2853 5408 aliquid
2879 5337 3082 5393 secreti
3121 5337 3208 5392 Dei
3225 5344 3288 5409 _ei
3319 5331 3567 5388 reconditi.
3593 5339 3614 5377 ι

2170 5405 2283 5478 (⁷11)
2314 5409 2474 5472 Editi,
2512 5427 2530 5460 ι
2562 5405 3052 5478 contemptiomim,
3084 5426 3102 5459 ι
3136 5405 3288 5461 male.

2168 5480 2282 5554 (Ιᾷ)
2510 5497 2532 5530 ι
2569 5479 2764 5547 ﬁgulus
2783 5480 2830 5554 ei
2863 5479 3040 5554 inquit
3068 5478 3184 5544 qui,
3223 5494 3240 5554 ρ
3269 5484 3369 5554 εις.
3401 5521 3407 5526 .
3528 5537 3558 5554 λε

2168 5545 2278 5620 ('5)
2307 5548 2473 5612 Editi,
2517 5567 2535 5600 ι
2582 5545 2744 5618 opera
2786 5548 2877 5604 Dei
2916 5548 3198 5616 sapienter
3224 5549 3271 5599 in
3304 5545 3610 5612 dispensatio-

2095 5621 2274 5681 nihus,
2317 5637 2334 5670 ι
2362 5629 2468 5674 etc.

2164 5693 2210 5756 (l
2233 5693 2280 5759 i)
2312 5687 2471 5759 Dicit.
2502 5689 2666 5744 Deest
2696 5690 2747 5744 in
2779 5689 2958 5745 editis.

2065 5829 2076 5836 _
2165 5753 2276 5833 (15)
2309 5756 2472 5831 Editi,
2514 5779 2531 5814 ι
2579 5760 2842 5817 Similiter
2873 5771 2926 5816 et
2960 5760 3050 5816 hic
3087 5753 3420 5816 memoravit.
3469 5753 3598 5800 ιειο·
