3986 6206
325 318 453 385 1149

1269 307 1623 366 COMMENT.
1668 308 1733 362 IN
1770 305 1987 361 EPIST.
2031 308 2120 360 AD
2159 309 2326 365 ROM.
2372 311 2498 365 LIB.
2543 266 2686 365 Vll.‘

3428 311 3565 365 “50

318 443 486 500 quare
515 426 614 480 alia
648 425 712 479 ad
750 427 1041 492 honorem,
1091 426 1194 480 alia
1237 443 1370 481 vero
1397 430 1463 481 ad
1504 428 1888 482 contumeliam
1923 431 1967 486 Α
1995 427 2157 496 617
2192 431 2278 483 hic
2319 429 2450 483 nihil
2482 430 2586 483 tale
2624 428 2816 495 reddit,
2865 428 2958 481 sed
3000 426 3152 496 quasi
3207 439 3393 494 vagam
3434 442 3566 480 con-

319 522 446 573 liaut
475 536 486 570 :
526 518 596 571 ibi
633 517 807 580 siluit,
839 517 928 571 hic
956 518 1188 583 aperuit.
1226 535 1244 568 ι
1290 517 1345 571 Si
1382 518 1525 572 enim
1552 518 1671 587 quis
1696 533 1891 572 emun-

315 608 527 661 daw-rit
582 607 948 674 semetipsum,
1000 606 1192 675 inqttit,
1256 609 1323 660 ab
1378 609 1480 674 his,
1519 627 1537 660 ι
1574 608 1690 661 sine
1732 608 1892 663 dubio

314 699 522 766 peccati
555 696 838 759 sordibus,
874 715 892 748 ι
933 698 1037 751 erit
1066 700 1133 752 ad
1160 699 1422 753 honorem
1449 714 1546 752 vas
1581 701 1892 753 sanctilira-

315 801 449 852 tum,
481 799 536 843 et
564 789 699 843 utile
740 789 998 854 Domino,
1044 791 1111 843 ad
1138 806 1297 844 omne
1334 806 1470 860 opus
1499 792 1696 846 bonum
1734 807 1893 862 para-

312 892 428 935 tum
466 878 533 933 ³¹.
573 896 593 930 ο
636 878 826 931 Restat
849 879 1011 948 igitur
1038 889 1096 932 ut
1124 879 1215 945 qui
1250 895 1310 933 se
1343 895 1449 932 nou
1482 880 1888 940 emundaverit,

313 985 414 1023 nec
441 985 542 1034 per
571 968 949 1040 pmniteutiam
973 968 1182 1036 peccati
1226 969 1464 1022 maculas
1487 968 1720 1022 abluerit
1755 967 1887 1039 (l6),

309 1064 384 1114 sit
410 1074 508 1113 vas
546 1059 613 1112 ad
649 1057 1052 1111 contumeliam.
1099 1057 1252 1124 Quod
1290 1067 1344 1111 et
1391 1059 1435 1113 si
1486 1060 1698 1112 auxerit
1730 1059 1890 1113 mali-

310 1152 467 1211 tiam,
492 1158 546 1203 et
573 1148 815 1203 converti
853 1147 1222 1217 perduritiam
1252 1149 1455 1202 mentis
1482 1160 1535 1202 et
1565 1165 1663 1203 cor
1701 1149 1891 1219 impte-

309 1242 489 1294 niteus
518 1240 737 1293 omnino
760 1238 1169 1306 contempserit,
1201 1238 1436 1306 eritjam
1465 1254 1569 1293 non
1592 1240 1763 1295 solum
1795 1256 1889 1294 vas

306 1330 677 1389 contumelias.
734 1330 828 1384 sed
877 1338 932 1382 et
984 1344 1081 1382 vas
1143 1330 1254 1383 irze.
1323 1329 1397 1383 Ita
1447 1346 1577 1401 ergo
1623 1333 1885 1387 rationem

308 1439 473 1490 quam
498 1423 568 1474 ibi
598 1421 818 1488 indigne
851 1418 1200 1488 poscentibus
1238 1420 1461 1488 claudit,
1498 1424 1586 1478 hic
1610 1425 1770 1493 digne
1795 1425 1889 1477 de-

308 1513 677 1567 siderantibus
719 1512 909 1581 pandit
952 1530 966 1565 :
1003 1530 1101 1582 per
1145 1528 1306 1582 quam
1359 1515 1522 1568 etiam
1573 1515 1701 1568 illud
1746 1515 1887 1584 quod

307 1605 469 1674 paulo
494 1612 619 1657 ante
648 1600 893 1659 delacoh
914 1616 968 1659 et
1003 1607 1142 1661 Esau
1181 1607 1463 1679 proposuit
1490 1604 1625 1677 (Π),
1646 1610 1889 1676 apertius

306 1698 650 1764 explanatur.
701 1694 767 1751 Ut
810 1696 953 1749 enim
992 1696 1159 1752 Jacob
1199 1708 1346 1753 esset
1379 1713 1477 1752 vas
1523 1700 1587 1751 ad
1624 1698 1885 1753 honorem

1989 519 2324 588 junctiouem
2356 522 2511 574 istam
2556 521 2805 589 reliquit:
2835 536 2954 590 qua:
2989 521 3154 574 etiam
3191 519 3237 572 si
3276 534 3383 571 non
3411 534 3567 570 assu-

1996 622 2206 675 matur,
2253 613 2484 666 lucidior
2545 614 2749 681 absque
2800 626 2863 665 ea
2930 611 3149 664 dabitur
3204 609 3511 663 intellectus
3547 625 3564 660 ε

1994 701 2140 754 verbi
2168 717 2355 766 causa,
2385 711 2444 755 ut
2477 702 2547 755 ita
2582 701 2821 772 legamus
2854 719 2866 753 :
2911 718 2930 751 ι
2972 699 3173 755 Volens
3207 698 3345 753 Deus
3376 708 3567 752 osten-

1993 790 2123 844 dere
2153 790 2313 855 iram,
2351 801 2405 845 et
2436 803 2620 845 notam
2654 791 2835 845 facere
2861 791 3155 859 potentiam
3185 804 3363 852 suam,
3396 790 3564 843 susti-

1994 882 2109 935 nuit
2148 883 2199 935 in
2235 882 2397 935 multa
2427 883 2691 953 patientia
2728 898 2853 936 vasa
2899 883 2991 937 ira:
3027 890 3151 951 apta
3193 882 3246 935 in
3297 881 3559 951 perditio-

1993 986 2138 1034 nem,
2175 982 2234 1024 ut
2277 984 2433 1026 notas
2480 973 2683 1028 l‘aceret
2712 972 2935 1027 divitias
2981 972 3164 1041 gloria:
3192 987 3302 1028 sua:
3334 972 3385 1026 in
3417 974 3567 1026 vasis

1992 1064 2398 1118 misericordiae.
2438 1083 2456 1117 ι
2500 1065 2553 1117 In
2598 1080 2707 1133 quo
2751 1066 2852 1118 hoc
2886 1065 3104 1118 videtur
3147 1064 3399 1134 intelligi,
3440 1065 3565 1131 quia

1991 1151 2116 1204 dum
2166 1152 2391 1205 sustinet
2434 1154 2573 1207 Deus
2622 1163 2678 1207 et
2719 1153 2991 1221 patienter
3034 1151 3141 1206 l'ert
3184 1152 3489 1206 incredulos
3514 1162 3568 1206 et

1993 1242 2261 1308 inlidelcs,
2312 1254 2494 1298 notam
2544 1245 2678 1299 facit
2720 1245 3030 1299 hominibus
3062 1252 3116 1298 et
3162 1245 3475 1313 patientiam
3513 1253 3568 1298 et

1992 1336 2285 1401 potentiam
2313 1351 2470 1389 suam
2508 1354 2521 1391 :
2557 1336 2904 1404 patientiam,
2944 1337 3071 1388 dum
3112 1336 3203 1388 ditt
3241 1337 3490 1397 sustinet,
3521 1335 3566 1389 si

1994 1424 2130 1478 forte
2154 1425 2503 1493 rcsipiscant,
2531 1436 2586 1479 et
2607 1434 2998 1480 convertantur
3023 1441 3038 1489 ;
3081 1424 3407 1492 potentiam,
3434 1426 3564 1478 dum

1991 1515 2284 1584 aliquando
2314 1517 2490 1583 punit,
2516 1527 2569 1570 et
2600 1518 2800 1586 llagitia
2835 1532 2940 1569 non
2978 1530 3366 1584 usquequaque
3397 1516 3563 1567 inulta

1990 1607 2340 1676 derelinquit.
2381 1609 2445 1661 Et
2478 1624 2694 1661 rursum
2733 1626 2751 1658 ι
2793 1608 2848 1661 in
2903 1607 3045 1660 vasis
3095 1608 3499 1671 misericordiae,
3539 1624 3558 1657 ι

1993 1699 2094 1751 hoc
2147 1709 2250 1763 est,
2302 1700 2395 1768 qui
2443 1701 2764 1767 semetipsos
2813 1700 3247 1754 emundaverunt
3291 1699 3359 1753 ab
3411 1698 3561 1753 ountl

305 1785 729 1849 Sanctilicalum,
766 1796 819 1839 et
851 1785 981 1839 utile
1022 1786 1251 1841 Domino
1274 1827 1289 1853 ,
1328 1786 1394 1841 ad
1422 1802 1584 1841 omne
1613 1801 1750 1855 opus
1790 1788 1887 1840 bo-
1922 1774 1966 1833 Β
1993 1790 2150 1845 sorde
2185 1791 2416 1859 peccati,
2445 1808 2509 1846 ex
2545 1806 2648 1859 qua
2686 1809 2706 1842 ι
2746 1793 2977 1847 mundus
3006 1808 3111 1846 non
3141 1800 3224 1845 est
3252 1791 3563 1859 quisquam,

304 1891 435 1931 ltttm
458 1884 726 1944 paratum,
747 1876 924 1929 anima
944 1876 1059 1944 ejus
1074 1879 1474 1933 emundaverat
1496 1877 1881 1946 semetipsum:

303 1980 357 2022 et
391 1968 578 2022 videns
606 1967 747 2021 Deus
772 1969 1060 2032 puritatem
1092 1969 1305 2038 ejus,et
1326 1977 1648 2040 potestatem
1680 1968 1884 2023 habens

306 2075 377 2113 rx
413 2060 601 2113 eadem
634 2074 809 2113 massa
839 2059 1022 2115 facere
1047 2061 1192 2115 aliud
1221 2075 1314 2115 vas
1332 2063 1398 2116 ad
1430 2061 1713 2124 honorem,
1739 2060 1884 2115 aliud

305 2154 377 2203 ad
417 2150 831 2218 contumeliam,
884 2151 1050 2209 Jacob
1097 2153 1315 2223 quidem
1360 2155 1472 2222 qui,
1512 2163 1569 2208 ut
1626 2155 1881 2219 diximus,

302 2242 694 2296 ciiiundaverat
721 2242 832 2313 (18)
847 2244 1220 2313 semetipsum,
1243 2243 1373 2298 fecit
1392 2260 1487 2299 vas
1510 2247 1576 2298 ad
1600 2245 1882 2311 honorem;

307 2331 449 2384 Esau
482 2346 613 2386 vero
638 2332 793 2400 cujus
810 2333 1044 2386 animam
1070 2348 1174 2387 non
1205 2333 1279 2387 ita
1310 2349 1499 2403 puram
1530 2351 1628 2390 nec
1657 2335 1728 2387 ita
1754 2336 1886 2389 sim-

302 2423 501 2489 plicem
539 2423 708 2488 vidit,
737 2439 802 2478 ex
842 2425 1031 2479 eadem
1071 2440 1251 2481 massa
1289 2427 1418 2480 fecit
1451 2442 1546 2480 vas
1591 2427 1655 2479 ad
1690 2436 1883 2481 contn-

305 2518 547 2571 tncliam.
584 2517 653 2573 Ut
675 2527 852 2572 autetn
877 2521 1020 2574 scias
1043 2521 1186 2588 quod
1212 2528 1309 2585 pro
1338 2520 1574 2589 puritate
1601 2530 1655 2573 et
1676 2519 1886 2587 simpli-

301 2612 474 2663 citate
519 2612 710 2665 anima:
750 2610 920 2666 Jacob
953 2613 1129 2666 factus
1155 2612 1321 2666 luerit
1361 2628 1455 2666 vas
1487 2613 1553 2666 ad
1601 2614 1883 2674 honorem,

303 2703 432 2755 audi
475 2701 632 2770 quale
670 2702 717 2755 ei
748 2701 930 2755 divina
984 2701 1266 2772 Scriptura
1311 2704 1682 2771 simplicitatis
1731 2703 1886 2755 testi-

305 2793 547 2844 monium
607 2792 874 2860 perhibet.
924 2810 944 2844 ι
975 2793 1039 2847 Ει
1089 2803 1228 2859 erat,
1277 2795 1473 2865 inquit,
1526 2793 1692 2849 Jacob
1722 2797 1885 2851 homo

302 2882 558 2951 simplex,
589 2883 840 2938 habitans
871 2883 1091 2939 domum
1122 2886 1189 2940 ³⁸.
1236 2903 1254 2937 ι
1294 2886 1416 2940 ideo
1447 2902 1576 2957 ergo
1600 2889 1885 2956 Apostolus

303 2973 440 3029 dicit
462 2972 528 3027 de
552 2972 652 3037 eis,
689 2973 814 3041 quia
839 2977 1156 3043 priusquam
1193 2986 1552 3030 nascerentur
1584 2977 1786 3030 dicitur
1817 2979 1884 3033 de

303 3063 428 3117 eis:
466 3079 485 3114 ι
523 3060 685 3116 Iacob
707 3062 891 3129 dilexi,
925 3063 1062 3118 Esau
1094 3074 1274 3120 autem
1304 3067 1428 3120 odio
1464 3067 1621 3120 habui
1648 3067 1769 3123 η’.»

376 3152 465 3208 18.
509 3169 528 3204 ι
569 3155 721 3221 Quod
752 3154 795 3209 si
824 3155 1010 3210 volens
1040 3155 1182 3211 Deus
1212 3158 1500 3212 ostendere
1527 3160 1685 3220 iram.
1714 3169 1763 3213 et
1782 3176 1881 3213 no-

305 3236 417 3298 tam
440 3243 621 3299 l'acere
652 3247 944 3314 potentiam
978 3262 1159 3310 suam,
1190 3249 1453 3303 sustinuit
1488 3251 1539 3303 in
1580 3252 1742 3304 intuta
1786 3267 1881 3321 pa-

305 3337 498 3391 tientia
532 3351 659 3391 vasa
696 3339 790 3391 ira:
811 3348 934 3408 apta
969 3340 1020 3393 in
1050 3342 1431 3408 perditionem,
1464 3353 1521 3394 ut
1557 3355 1710 3397 notas
1738 3344 1882 3399 lacc—

305 3440 390 3484 ret
411 3429 623 3483 divitias
653 3429 837 3499 gloria:
870 3445 982 3485 suae
1011 3432 1062 3485 in
1111 3432 1252 3487 vasis
1296 3433 1717 3498 misericordiae,
1762 3453 1880 3504 qua:

304 3522 633 3590 praeparavit
669 3522 721 3574 in
766 3522 989 3591 gloriam
1023 3538 1175 3576 suam
1213 3539 1227 3575 :
1264 3537 1401 3590 quos
1444 3532 1499 3577 et
1537 3527 1753 3578 vocavit
1784 3541 1882 3580 nos

306 3628 415 3665 uno
442 3611 613 3665 solum
646 3612 759 3682 (19)
794 3628 859 3667 ex
894 3611 1117 3676 Judteis,
1170 3614 1262 3667 sed
1290 3614 1452 3666 etiam
1501 3629 1566 3667 ex
1609 3615 1879 3681 gentibus,

304 3704 449 3756 sicut
463 3703 514 3755 in
532 3702 670 3758 Osee
687 3704 813 3757 dicit
834 3721 846 3756 :
870 3703 1081 3756 Vocabo
1102 3720 1210 3757 non
1226 3703 1437 3773 plebem
1456 3719 1652 3767 meam,
1670 3704 1879 3771 plebem

305 3807 512 3858 meam;
545 3801 600 3846 et
630 3808 733 3847 non
759 3794 1030 3858 dilectam,
1054 3794 1335 3859 dilectam;
1359 3805 1413 3849 et
1429 3810 1535 3848 non
1572 3796 1882 3849 miserit-oro

300 3883 450 3939 diam
470 3894 836 3950 consecutam,
854 3885 1275 3940 misericordiam
1296 3886 1731 3941 consecutam.Et
1745 3888 1848 3941 erit
1864 3908 1877 3942 :

306 3977 363 4030 In
399 3976 541 4041 loco,
564 3977 656 4031 ubi
676 3977 877 4031 dictum
903 3986 985 4030 est
1014 3978 1093 4031 eis
1122 3995 1134 4031 :
1164 3975 1276 4030 Non
1303 3979 1455 4047 plebs
1481 3992 1601 4032 mea
1635 3992 1732 4033 vos
1758 3995 1773 4031 :
1810 3979 1880 4032 ibi

302 4069 646 4122 vocabuntur
676 4068 767 4121 lilii
790 4066 882 4121 Dei
916 4068 1021 4121 vivi
1051 4069 1118 4123 ³³.
1156 4088 1174 4120 ι
1211 4069 1365 4138 Stepc
1401 4071 1465 4121 de
1504 4069 1883 4140 incompositis

305 4160 704 4215 elocutionibus
728 4161 972 4230 Apostoli
995 4160 1407 4229 defectibnsque
1424 4175 1611 4215 earum
1642 4177 1881 4217 commo-

306 4252 547 4315 nuimus.
578 4253 721 4321 quod
754 4254 888 4307 etin
918 4253 1169 4323 prresenti
1201 4252 1319 4308 loco
1352 4252 1703 4307 nihilominus
1726 4253 1882 4307 inve-

307 4345 470 4398 nitur.
534 4342 650 4397 Non
711 4345 854 4398 enim
908 4346 1153 4400 redditur
1212 4346 1278 4399 ad
1335 4345 1538 4415 aliquid
1600 4348 1705 4401 hoc
1766 4347 1881 4417 ('20)

305 4436 449 4503 quod
505 4434 580 4488 ait
623 4434 675 4487 in
724 4436 991 4507 principio
1036 4437 1259 4507 capituli
1300 4455 1313 4491 :
1353 4456 1371 4489 ι
1405 4437 1559 4504 Quod
1603 4439 1645 4493 si
1696 4440 1882 4496 volens

306 4530 470 4584 Deus.
518 4547 537 4582 ι
588 4527 745 4583 Verbi
806 4545 1011 4594 causa,
1084 4540 1143 4585 ut
1211 4541 1266 4585 et
1332 4532 1386 4584 in
1444 4531 1566 4585 aliis
1631 4532 1745 4600 ipse
1804 4536 1884 4590 di-

306 4619 390 4674 xit
409 4619 493 4674 ’δε
528 4639 546 4673 ι
586 4620 738 4686 Quod
764 4621 808 4675 si
840 4621 1092 4690 primitiae
1118 4631 1417 4687 sancta:,ct
1448 4639 1624 4676 massa
1658 4622 1772 4694 (2|)
1803 4642 1816 4679 :
1857 4644 1882 4679 ι.

382 4803 425 4834 ³⁸
460 4803 498 4856 Il
534 4801 673 4857 Tim.
707 4819 764 4859 ιι.
814 4800 900 4855 21.
1018 4801 1063 4831 ³²
1088 4799 1222 4852 Gen.
1252 4798 1489 4861 nam.

298 4865 344 4898 ⁸³
379 4873 478 4928 Job
506 4888 614 4937 Itv,
646 4873 703 4938 4,
894 4871 939 4902 ³⁸
970 4870 1113 4924 Psal.
1146 4884 1273 4936 xu,
1312 4869 1405 4924 20.

380 5008 493 5131 (16)
519 5008 683 5091 Editi,
715 5027 733 5058 ι
775 5008 1040 5088 maculam
1063 5005 1318 5065 abluerit.
1356 5026 1374 5059 ι

402 5080 498 5131 Πι
532 5079 706 5131 Alias.
740 5097 757 5131 ι
794 5088 1063 5131 orooonlt.
1097 5096 1115 5128 ι

402 5078 498 5148 Ῐι7)
532 5079 706 5140 Alias,
740 5097 757 5131 ι
794 5078 1063 5148 proponit.
1097 5096 1115 5128 ι

382 5147 686 5217 (IslMias,
710 5167 727 5200 ι
762 5147 1098 5202 eiuundavit.
1145 5165 1163 5199 ι

385 5215 498 5290 (l9)
519 5219 699 5290 iEditi,
727 5238 746 5269 ι
778 5219 1012 5273 sustinet
1049 5220 1098 5271 in
1142 5216 1306 5290 multa
1334 5215 1607 5290 patientia
1632 5232 1757 5290 vasa
1788 5217 1883 5271 ita:

308 5299 433 5357 apta
466 5287 533 5342 ad
557 5290 860 5348 interitum,
888 5297 943 5340 ut
970 5289 1285 5341 ostenderet
1315 5287 1534 5339 divitias
1561 5287 1745 5356 gloria:
1772 5304 1884 5342 suae

310 5359 362 5410 in
390 5374 516 5411 vasa
642 5373 761 5427 qua:
785 5360 1107 5426 praeparavit
1134 5360 1183 5411 in
1207 5359 1457 5425 gloriam,
1486 5372 1625 5425 quos
1645 5366 1698 5409 et
1723 5373 1884 5411 voea-

310 5428 383 5480 vit
409 5444 514 5480 non
547 5429 740 5491 solum,
787 5448 804 5479 ι
833 5440 937 5481 ctc.

404 5498 495 5567 20)
528 5498 619 5551 Sic
661 5514 788 5553 mss.
833 5494 1441 5567 plerique,__Rabauus,
1479 5506 1535 5551 cl
1578 5497 1744 5567 editi.
1778 5495 1879 5567 Ms.

312 5580 439 5619 vero
472 5564 670 5637 itegins
696 5564 1020 5631 nuthGSQ,
1054 5585 1071 5616 ι
1111 5564 1227 5621 Νοιι
1251 5568 1392 5625 enim
1422 5567 1653 5622 reddidit
1679 5566 1882 5635 aliquid

311 5638 375 5688 ad
401 5638 523 5698 hoc,
555 5655 573 5686 ι
600 5646 706 5697 etc.

381 5706 493 5775 (3t)
519 5707 684 5772 Alias,
725 5724 743 5757 ‹
781 5715 832 5759 et
857 5720 1067 5761 massae.
1103 5721 1122 5755 ι

1564 4801 1628 4833 ³³⁸
1664 4804 1895 4864 Malach.
1937 4827 1976 4877 ι,
2003 4812 2058 4872 ἳξ
2086 4812 2241 4864 Βοιηο
2282 4824 2358 4872 ¹³ίο
2406 4808 2493 4867 1³⁸

1987 1882 2199 1936 etiamsi
2243 1883 2404 1937 tmius
2448 1882 2555 1937 diei
2606 1883 2770 1938 fuerit
2814 1885 2919 1940 vita
2953 1882 3071 1951 ejus
3104 1884 3149 1914 ³⁸
3176 1881 3311 1954 (‘22),
3354 1901 3373 1933 ι
3412 1893 3569 1937 uetas

1990 1972 2363 2028 faeitdivitias
2396 1975 2583 2041 gloriae
2608 1990 2719 2029 sum
2745 1989 2761 2029 :
2788 1992 2909 2044 qua:
2951 1991 3078 2030 vasa
3127 1990 3234 2029 non
3277 1974 3569 2028 irrationa-

1987 2058 2080 2113 bili
2114 2058 2315 2129 aliqua,
2345 2072 2438 2114 aut
2468 2062 2690 2118 fortuita
2734 2063 2932 2132 gratia,
2973 2064 3064 2118 sed
3094 2063 3350 2132 quoniam
3391 2065 3504 2131 ipsa
3534 2079 3565 2115 a

1988 2153 2317 2221 supradictis
2349 2154 2466 2222 (23)
2513 2154 2767 2210 sordibus
2819 2170 2877 2209 se
2915 2166 3375 2225 expurgaverant,
3429 2170 3566 2224 prae-

1987 2244 2201 2314 paravit
2228 2245 2280 2298 in
2304 2246 2560 2315 gloriam.
2588 2245 2741 2312 Quod
2778 2257 2957 2300 autem
2993 2246 3271 2313 subjuugit
3301 2260 3316 2298 :
3361 2263 3380 2295 r
3418 2244 3566 2311 Quos

1986 2345 2042 2389 et
2074 2336 2285 2390 vocavit
2313 2352 2410 2391 nos
2434 2337 2585 2408 (ειη
2627 2356 2646 2389 ι
2682 2353 2778 2406 pro
2814 2353 2880 2391 eo
2909 2346 2967 2391 ut
3008 2337 3052 2390 si
3095 2337 3321 2391 dixisset
3360 2354 3373 2391 :
3411 2336 3566 2392 Sicut

1990 2443 2089 2481 nos
2124 2442 2260 2497 quos
2287 2428 2500 2483 vocavit
2527 2446 2545 2479 ι
2595 2443 2699 2482 non
2732 2427 2901 2481 solum
2943 2442 3007 2481 ex
3041 2423 3259 2492 Judzeis,
3283 2428 3376 2480 sed
3398 2428 3561 2481 etiam

1987 2533 2051 2571 ex
2098 2521 2370 2587 gentibus.
2414 2538 2433 2571 ι
2476 2519 2771 2588 Superiora
2803 2521 2950 2573 enim
2990 2518 3144 2588 quasi
3187 2518 3253 2572 de
3278 2517 3564 2572 Pharaone

1988 2608 2077 2678 qui
2107 2608 2207 2662 luit
2233 2623 2325 2663 vas
2350 2610 2465 2673 irae,
2488 2608 2626 2662 etde
2656 2608 2783 2663 liliis
2821 2606 2981 2662 Israel
3006 2611 3096 2675 qui
3122 2618 3279 2662 erant
3303 2623 3427 2661 vasa
3472 2608 3566 2660 mi~

1989 2701 2321 2763 scricordite,
2383 2709 2705 2769 prosecutus
2776 2701 3012 2754 videtur.
3087 2700 3184 2755 llic
3237 2715 3368 2769 ergo
3418 2700 3562 2768 quod

1988 2789 2285 2859 subjungit,
2318 2808 2336 2839 ι
2375 2789 2522 2855 Quos
2544 2801 2601 2844 et
2635 2790 2850 2843 vocavit
2877 2804 2995 2853 nos,
3024 2805 3131 2842 non
3167 2790 3340 2842 Solum
3371 2805 3436 2843 ex
3460 2788 3558 2843 Ju—

1989 2881 2141 2945 dazis,
2178 2884 2271 2935 sed
2302 2882 2465 2935 etiam
2508 2898 2576 2936 ex
2624 2884 2895 2953 gentibus,
2926 2900 2945 2932 ι
2967 2881 3374 2936 similitudinem
3410 2883 3564 2936 vide-

1989 2981 2079 3027 tur
2111 2988 2433 3027 assumere:
2472 2973 2575 3027 hoc
2624 2983 2729 3035 est,
2776 2981 2834 3025 ut
2880 2973 2953 3025 ita
3000 2972 3205 3025 dietum
3264 2973 3563 3028 videatur:

1989 3067 2137 3120 Sicut
2160 3076 2214 3120 et
2251 3082 2347 3119 nos
2383 3079 2571 3119 sumus
2619 3080 2747 3118 vasa
2790 3064 3201 3128 misericordia,
3235 3080 3373 3133 quos
3402 3081 3564 3118 vora-

1908 3141 1951 3201 C
1990 3159 2063 3210 vit
2100 3173 2201 3210 non
2233 3155 2408 3210 solum
2453 3170 2517 3209 ex
2554 3153 2775 3219 Judteis,
2808 3152 2905 3206 sed
2951 3154 3117 3207 etiam
3167 3169 3233 3208 ex
3288 3155 3565 3223 gentibus.

1991 3249 2137 3313 llaec,
2178 3258 2436 3317 quantum
2466 3248 2531 3301 ad
2564 3247 2737 3317 ipsius
2766 3247 3047 3317 apostolici
3096 3248 3369 3301 sermonis
3411 3248 3566 3301 ordi-

1986 3355 2109 3393 nem
2166 3339 2715 3408 explauatiooemque
2767 3338 3056 3391 verborum
3112 3338 3368 3404 pertinet,
3418 3338 3564 3391 dicta

1988 3432 2116 3485 sint.
2150 3429 2299 3483 Nunc
2330 3431 2568 3484 breviter
2603 3437 2936 3498 repetentes,
2970 3427 3153 3495 aliqua
3190 3428 3354 3481 etiam
3386 3428 3452 3481 de
3484 3428 3571 3480 in-

1992 3521 2210 3575 tetlectu
2243 3521 2505 3573 interiore
2550 3518 2908 3587 requiramus.
2947 3517 3230 3582 Quomodo
3259 3532 3389 3583 ergo
3423 3514 3569 3569 Deus

1991 3623 2170 3666 notam
2203 3612 2334 3665 facit
2368 3612 2481 3681 (25)
2518 3611 2651 3661 iram
2682 3608 2878 3662 suam?
2913 3606 3014 3659 Per
3048 3622 3199 3667 vasa,
3244 3607 3440 3674 inquit,
3473 3607 3571 3659 ira:

1990 3711 2168 3769 aptata
2219 3702 2270 3755 in
2313 3701 2691 3769 perditionem.
2746 3697 3084 3764 Obstupesco
3129 3712 3228 3764 ego
3283 3697 3422 3764 apud
3456 3710 3570 3749 me-

1991 3797 2277 3864 metipsum
2310 3791 2423 3863 (26)
2456 3791 2629 3845 sancti
2664 3790 2902 3858 Spiritus
2944 3788 3235 3843 consilium
3271 3788 3321 3840 in
3364 3787 3567 3841 divinis

1989 3874 2354 3941 voluminibus
2392 3894 2679 3941 contuens.
2711 3880 2844 3935 Nam
2874 3881 3019 3934 iram.
3044 3879 3265 3948 quidem
3304 3878 3399 3932 Dei
3440 3892 3564 3947 qua

1988 3992 2069 4037 est
2098 3995 2125 4033 a
2156 3989 2348 4032 natura
2378 3976 2494 4043 ejus
2518 3983 2809 4035 extranea,
2852 3980 3034 4025 notam
3083 3970 3199 4023 lieri
3248 3971 3568 4025 hominibus

1989 4074 2141 4136 dicit,
2192 4072 2335 4125 sicut
2384 4081 2623 4138 praesens
2680 4065 2768 4119 hic
2818 4063 3067 4133 Apostoli
3117 4064 3322 4116 indicat
3368 4062 3565 4116 locus:

1988 4168 2288 4223 bonitatem
2320 4176 2446 4216 vero
2476 4161 2616 4231 ejus,
2659 4168 2714 4214 et
2751 4158 3119 4219 dulcedinem,
3168 4156 3310 4224 quod
3358 4164 3568 4207 nature

1989 4261 2108 4329 ejus
2136 4267 2215 4312 est
2246 4255 2545 4326 proprium,
2582 4252 2841 4307 abscondi
2875 4260 3160 4312 memorat,
3187 4258 3241 4301 et
3270 4248 3563 4308 occultari.

1991 4353 2131 4408 sicut
2159 4349 2324 4403 David
2378 4347 2555 4402 dicit:
2594 4363 2613 4396 ι
2652 4344 2827 4411 Quam
2875 4358 3069 4408 magna
3125 4340 3413 4393 multitudo
3442 4338 3562 4390 dul-

1989 4443 2200 4500 cedinis
2251 4450 2373 4504 tute,
2425 4439 2668 4501 Domine,
2708 4452 2872 4505 quam
2922 4432 3250 4488 abscondisti
3314 4432 3554 4485 timenti-

1993 4534 2093 4589 bus
2139 4543 2190 4586 te
2225 4530 2303 4583 “l
2351 4530 2525 4595 iQuid
2578 4542 2706 4594 ergo
2730 4540 2908 4583 causa:
2959 4523 3203 4576 dicemus
3248 4520 3391 4588 quod
3428 4520 3567 4572 Deus

1989 4626 2125 4681 iram
2159 4621 2467 4679 manifestat
2497 4617 2827 4681 ltotninibus,
2878 4625 2932 4668 et
2982 4612 3322 4667 dulcedinem
3379 4607 3565 4663 celat?

2570 4804 2614 4836 ³³
2650 4804 2777 4859 ibid.
2802 4799 2872 4855 22
2903 4814 3019 4869 seq.
3094 4793 3141 4826 ⁸⁸
3164 4795 3317 4851 liom.
3353 4808 3429 4858 χι,
3478 4791 3563 4845 id.

2065 5006 2175 5074 (‘22)
2208 5002 2344 5059 Editi
2379 5010 2495 5069 post
2534 5019 2552 5051 ι
2588 5000 2695 5074 vita
2741 4998 2859 5074 ejus
2894 5018 2912 5049 ι
2961 4997 3165 5074 addunt
3199 5014 3219 5048 ι
3262 5011 3422 5064 super
3453 5004 3567 5074 trr-

1994 5066 2128 5135 ratn,
2160 5066 2187 5124 ἰ
2216 5091 2332 5142 qua:
2373 5066 2537 5125 verba
2567 5072 2765 5125 desunt
2806 5072 2858 5123 in
2895 5068 3146 5122 omnibus
3199 5083 3331 5123 mss.
3362 5066 3566 5121 nosu'is

1990 5158 2047 5199 et
2074 5149 2209 5211 apud
2238 5146 2539 5197 liabanum.

2060 5203 2176 5284 (ἱὸ)
2209 5214 2348 5267 Editi
2373 5253 2387 5273 ,
2428 5231 2445 5263 ‹
2483 5211 2577 5284 sed
2609 5225 2730 5264 cmn
2771 5222 2831 5261 ea
2864 5207 3211 5284 supradictis,
3255 5225 3274 5258 ι
3312 5215 3418 5284 etc:
3458 5203 3555 5284 his.

1988 5276 2205 5341 unus.'t
2254 5287 2346 5337 sed
2381 5282 2638 5351 quoniam
2689 5294 2751 5337 se
2800 5280 3145 5345 supradictis,
3178 5296 3207 5351 _i_
3236 5288 3343 5351 etc.
3376 5276 3560 5328 ﬂaba-

1991 5372 2112 5420 nus,
2149 5374 2166 5406 ι
2203 5356 2294 5409 sed
2319 5347 2579 5421 quoniam
2609 5364 2737 5421 ecce
2769 5364 2889 5417 qua:
2924 5364 2951 5400 a
2990 5347 3340 5415 supradictis,
3381 5365 3403 5400 ι
3448 5356 3558 5400 etc.

1994 5426 2097 5481 Sed
2136 5442 2263 5477 mss.
2301 5420 2407 5474 duo
2446 5432 2590 5474 recte
2627 5431 2683 5472 ut
2717 5420 2767 5471 in
2816 5429 3000 5472 nostro
3034 5428 3204 5473 textu.

2062 5494 2174 5561 (24)
2208 5495 2366 5547 Deest
2399 5509 2416 5541 t
2458 5507 2555 5544 nos
2595 5509 2611 5541 ι
2650 5488 2909 5561 incditis.

2062 5558 2176 5633 (25)
2209 5563 2370 5633 biditi,
2408 5579 2425 5610 ι
2462 5571 2650 5633 notant
2688 5558 2867 5611 lacicl.
2900 5575 2919 5608 ι

2063 5631 2173 5702 (26)
2209 5631 2369 5697 Editi,
2408 5649 2425 5681 ι
2459 5631 2600 5685 intra
2634 5633 3030 5696 mcmeupsum.
3066 5641 3088 5675 ι
