3986 6206
417 366 549 425 1151

1884 341 2232 418 οΒιοΕΝις

3533 365 3673 420 1153

411 479 528 535 Scit
559 474 676 531 sine
702 475 866 530 dubio
897 473 1086 542 fragile
1113 487 1234 528 esse
1261 473 1542 528 hominum
1591 490 1781 544 genus,
1828 483 1884 530 et
1912 475 1978 530 ad
2011 488 2053 544 Α
2086 473 2523 530 misericordiam
2572 479 2940 528 consecutam.
2988 471 3057 526 Et
3106 473 3211 526 erit
3244 489 3261 528 :
3307 473 3364 529 In
3417 476 3542 532 loco
3577 484 3667 538 ubi

413 567 618 636 lapsum
651 564 883 632 proclive
920 577 1018 632 per
1052 563 1460 632 negligentiam,
1505 565 1699 632 quibus
1737 567 1987 634 expediat

413 655 586 724 magis
635 667 757 705 esse
804 651 907 704 sub
957 661 1100 705 metu
1135 651 1249 717 irae,
1294 667 1454 720 quam
1491 668 1586 722 spe
1641 655 1985 722 benignitatis

414 745 506 800 Dei
543 754 596 799 et
631 741 932 795 dulcedinis
979 741 1234 807 relaxari,
1273 745 1416 796 sicut
1469 754 1524 797 et
1571 744 1847 812 Sapientia
1891 748 1982 802 Dei

414 834 550 889 dicit
589 831 634 863 ³⁷
666 849 680 885 :
717 848 736 882 ι
775 830 876 898 Qui
930 831 1102 900 parcit
1145 830 1358 896 baculo,
1408 832 1524 884 odit
1572 832 1741 886 filium
1801 849 1981 889 suum.

413 925 472 979 Si
501 923 642 978 enim
695 921 1032 991 percusseris
1086 938 1206 975 eum
1268 922 1437 990 virga,
1491 939 1598 978 nou
1661 926 1979 979 morietur:

412 1017 648 1068 animam
685 1024 861 1066 autem
892 1014 1011 1081 ejus
1039 1013 1245 1068 salvam
1287 1015 1458 1070 facies
1499 1033 1527 1070 a
1570 1028 1766 1071 morte.
1809 1037 1829 1069 ι
1873 1017 1982 1072 No-

415 1114 523 1158 tam
557 1104 687 1158 facit
710 1104 822 1176 (27)
857 1121 987 1175 ergo
1023 1107 1320 1175 potentiam
1357 1122 1509 1161 suam
1547 1107 1708 1172 Deus,
1734 1109 1858 1161 dum
1891 1110 1986 1162 itit-

410 1199 530 1266 pios
564 1199 890 1266 castigatet
931 1200 1174 1264 corripit,
1231 1209 1289 1252 ut
1334 1203 1631 1254 secundum
1685 1202 1983 1269 Scriptura:

410 1290 733 1344 sententiam
779 1307 796 1340 ι
845 1290 971 1342 dum
1023 1289 1325 1358 ﬂagellatur
1386 1291 1666 1358 pestilens,
1724 1291 1985 1345 innocens

411 1382 646 1435 astutior
679 1379 772 1434 ﬂat
795 1379 864 1436 ³⁸.
913 1399 932 1433 ι
967 1381 1134 1436 Notas
1155 1391 1330 1435 autem
1367 1381 1495 1436 facit
1531 1382 1694 1435 etiam
1719 1399 1738 1432 ι
1771 1383 1984 1438 divitias

411 1467 596 1538 gloriae
629 1484 740 1523 sua:
767 1471 821 1523 in
859 1470 1002 1524 vasis
1031 1471 1444 1535 misericordiae,
1490 1486 1611 1540 quae
1657 1474 1984 1540 praeparavit

413 1559 466 1615 in
493 1561 738 1630 gloriam.
775 1582 793 1616 ι
825 1561 1176 1619 Innatcscuut
1199 1564 1402 1618 divitias
1427 1563 1541 1634 (28)
1575 1564 1668 1618 Dei
1692 1579 1817 1619 eum
1851 1579 1982 1635 erga

410 1666 506 1708 eos
533 1653 624 1722 qui
660 1655 796 1708 inter
827 1655 1076 1710 homines
1106 1667 1459 1725 spernuntur,
1489 1664 1542 1710 et
1573 1655 1804 1710 humiles
1826 1665 1978 1721 sunt,

408 1746 782 1801 misericordia
827 1747 944 1816 ejus
983 1749 1309 1813 ostenditur,
1347 1749 1439 1818 qui
1499 1765 1606 1803 non
1664 1751 1719 1804 in
1773 1751 1982 1805 divitiis

2087 565 2291 620 dictum
2321 573 2408 620 est
2431 563 2512 619 eis
2537 581 2553 618 :
2577 561 2692 617 Non
2723 560 2877 632 plebs
2913 575 3030 615 mea
3058 577 3174 628 vos,
3213 563 3288 618 ibi
3323 566 3667 624 vocabuntur

2091 655 2183 708 lilii
2211 654 2304 708 Dei
2339 653 2444 708 vivi
2477 652 2542 707 “.
2593 671 2612 704 ι
2651 652 3045 707 Testimonium
3093 668 3226 709 sane
3274 657 3380 710 hoc
3425 659 3570 726 quod
3603 662 3667 715 de

2086 747 2224 803 Osee
2254 745 2484 801 assumit
2511 743 2822 814 Apostolus,
2857 754 3120 811 quantum
3147 745 3215 800 ad
3258 745 3438 800 locum
3487 747 3662 818 ipsum

2089 837 2368 906 pmpheta:
2413 835 2524 906 (55)
2575 835 2826 904 pertinet,
2857 847 2966 889 non
3013 835 3231 888 videtur
3276 837 3345 891 de
3385 841 3660 908 gentibus,

2085 929 2253 999 618
2277 929 2372 982 sed
2412 928 2477 981 de
2501 929 2617 995 ipso
2651 926 2845 996 popqu
2876 923 3039 981 Israel
3072 925 3200 978 dici.
3235 926 3363 992 Sed,
3397 940 3457 983 ut
3486 929 3539 984 in
3571 948 3662 985 su-

2087 1019 2394 1088 perioribus
2426 1019 2684 1082 diximus,
2715 1031 2778 1072 ex
2810 1016 2974 1072 simili
3018 1016 3215 1072 Paulus
3256 1021 3428 1074 sumit
3475 1037 3661 1076 exem-

2087 1109 2252 1178 plum,
2293 1120 2351 1163 ut
2392 1108 2645 1168 ostendat
2693 1109 2820 1178 quia
2859 1108 3000 1163 sicut
3058 1108 3164 1163 illis
3209 1112 3485 1178 quondam
3537 1129 3658 1169 cum

2086 1201 2276 1267 abjeeti
2331 1210 2512 1256 essent
2562 1210 2617 1255 et
2674 1201 2965 1270 desperati,
3023 1201 3224 1255 dictum
3280 1213 3366 1257 est
3413 1206 3594 1273 primo
3641 1225 3656 1262 :

2089 1311 2109 1345 ι
2150 1293 2256 1347 Vos
2278 1308 2384 1347 non
2423 1291 2649 1364 populus
2682 1307 2855 1357 meus,
2900 1301 2953 1346 et
2999 1307 3100 1363 ego
3146 1307 3250 1346 non
3304 1310 3425 1347 sum
3482 1306 3661 1352 vester

2087 1382 2226 1436 Deus
2251 1382 2326 1446 “;
2366 1401 2384 1434 ι
2427 1393 2484 1437 et
2507 1382 2720 1436 additur
2769 1391 2891 1448 post
2931 1383 3046 1436 haec
3077 1383 3232 1454 (56):
3268 1404 3286 1436 ι
3323 1386 3390 1438 Et
3412 1388 3520 1440 erit
3550 1405 3567 1442 :
3605 1389 3657 1442 In

2083 1472 2202 1528 loco
2239 1474 2290 1526 in
2343 1488 2451 1542 quo
2493 1473 2695 1527 dictum
2731 1483 2816 1528 est
2853 1474 2934 1527 eis
2974 1493 2987 1529 :
3022 1472 3136 1527 Non
3178 1490 3294 1528 mea
3323 1476 3479 1546 plebs
3514 1493 3610 1532 vos
3643 1497 3658 1530 :

2083 1563 2420 1620 vocabuntur
2441 1574 2496 1620 et
2528 1565 2626 1635 ipsi
2655 1564 2748 1618 lilii
2777 1564 2870 1618 Dei
2901 1565 3004 1618 vivi
3042 1565 3118 1631 ";
3159 1586 3177 1618 ι
3224 1565 3321 1630 ita,
3365 1567 3562 1636 inquit,
3604 1575 3664 1623 et

2091 1674 2109 1707 ι
2154 1671 2253 1710 nos
2304 1671 2440 1724 quos
2502 1655 2721 1710 vocavit
2783 1669 2891 1709 non
2937 1655 3111 1710 solum
3161 1673 3228 1710 ex
3283 1656 3512 1722 Juda'is,
3565 1662 3663 1714 sed

2082 1749 2246 1802 etiam
2296 1762 2362 1801 ex
2396 1747 2670 1818 gentibus,
2733 1765 2752 1799 ι
2785 1748 2876 1816 qui
2922 1758 3049 1802 ante
3093 1764 3198 1801 non
3245 1765 3470 1803 eramus
3510 1750 3666 1820 plebs

408 1837 544 1903 suis,
575 1854 674 1892 nec
706 1840 756 1892 in
791 1840 1028 1909 potentia
1072 1856 1192 1905 sua,
1228 1843 1322 1895 sed
1362 1843 1416 1896 in
1449 1843 1679 1897 Domino
1728 1853 1975 1913 sperant.
2009 1831 2052 1882 Β
2081 1839 2218 1904 ejus,
2244 1854 2385 1892 nunc
2414 1837 2625 1908 plebem
2669 1853 2822 1892 suam
2854 1854 2953 1892 nos
2984 1839 3096 1910 (57)
3127 1840 3362 1903 vocavit,
3399 1859 3416 1891 ι
3453 1850 3510 1893 et
3553 1858 3661 1895 non

409 1927 560 1982 Sicut
582 1937 636 1983 et
665 1913 790 1984 ttinc
830 1929 1176 1985 Hebraeorum
1216 1947 1348 2002 gens
1381 1934 1663 2004 desperata
1703 1934 1845 1988 inter
1876 1935 1974 1988 bo-

408 2020 582 2075 mines
623 2029 676 2075 et
715 2020 948 2091 ahjecta,
982 2039 1010 2076 a
1051 2021 1163 2076 Deo
1204 2022 1634 2078 misericordiam
1683 2035 1975 2078 consecuta

405 2123 522 2176 est;
557 2111 628 2166 ita
663 2127 792 2182 ergo
837 2111 950 2186 (29)
1003 2123 1058 2169 et
1109 2130 1256 2171 nunc
1311 2116 1542 2186 populus
1595 2117 1836 2184 gentium
1885 2116 1977 2184 qui

404 2205 784 2271 spernebatur,
833 2215 888 2257 et
937 2206 1329 2274 desperabatur
1372 2209 1440 2261 ab
1501 2208 1586 2262 his
1632 2208 1723 2277 qui
1772 2208 1826 2261 in
1873 2209 1980 2262 cir-

403 2295 738 2350 cumcisione
781 2295 1107 2365 gloriantur,
1156 2298 1588 2352 misericordiam
1633 2309 1964 2354 consecutus

404 2393 510 2438 est.
544 2384 650 2439 Sed
690 2384 822 2439 illud
861 2397 945 2440 est
971 2387 1114 2455 quod
1143 2391 1326 2442 acrius
1365 2389 1626 2443 debemus
1667 2390 1976 2450 intendere,

403 2475 533 2539 quia
557 2487 610 2530 et
639 2477 712 2532 illi
750 2480 1024 2532 consecuti
1063 2489 1190 2533 sunt
1231 2481 1688 2546 misericordiam,
1733 2491 1787 2535 ct
1828 2479 1978 2548 plebs

406 2565 499 2620 Dei
531 2567 778 2637 appellati
806 2577 955 2633 sunt,
997 2580 1051 2624 et
1077 2569 1260 2624 dilecti
1293 2569 1386 2625 Dei
1422 2570 1672 2636 fuerunt;
1709 2570 1804 2626 sed
1840 2585 1978 2638 quo-

406 2659 552 2712 niam
599 2675 817 2715 servare
855 2660 967 2733 (30)
1014 2674 1294 2732 acceptam
1346 2663 1580 2732 gratiam
1636 2664 1976 2724 nescierunt,

406 2748 604 2804 dicitur
637 2751 703 2805 ad
749 2765 842 2805 eus
876 2769 888 2804 :
929 2769 947 2801 ι
987 2749 1045 2805 In
1082 2753 1278 2820 quibus
1319 2753 1694 2808 intechabatur
1733 2767 1978 2807 commo-

407 2841 548 2896 ratio
577 2841 741 2897 Israel
787 2831 941 2914 (51)(
977 2843 1154 2896 dimisi
1198 2858 1341 2912 eam,
1385 2853 1440 2901 et
1479 2845 1597 2898 dedi
1641 2844 1689 2897 ei
1738 2842 1977 2898 libellum

407 2932 614 2999 repudii
647 2932 698 2985 iu
733 2949 923 2987 manus
949 2949 1079 2989 suas
1111 2935 1191 3003 '9';
1228 2954 1245 2986 ι
1291 2944 1346 2988 et
1381 2935 1508 2989 item
1556 2935 1682 2988 alibi
1717 2952 1730 2988 :
1769 2952 1787 2985 ε
1827 2932 1979 2987 Facti

407 3023 542 3076 estis
587 3021 718 3076 mibi
769 3023 821 3076 in
867 3024 1174 3079 satietatem
1223 3025 1356 3097 (5:2),
1395 3026 1510 3095 jam
1560 3041 1667 3079 non
1713 3025 2014 3079 dimittam'

407 3128 630 3186 peccata
660 3131 855 3174 vestra.
897 3139 916 3172 ι
953 3121 1018 3175 Ει
1050 3137 1147 3189 per
1163 3121 1456 3176 Jeremiam
1495 3123 1752 3177 Dominus
1796 3121 1927 3175 dicit
1959 3137 1973 3174 :
2007 3159 2050 3215 Ο

412 3229 432 3262 ι
479 3211 632 3265 Sicut
662 3211 918 3280 spelunca
960 3214 1162 3283 hymnae
1205 3213 1348 3267 facta
1389 3224 1471 3268 est
1509 3215 1640 3268 mihi
1697 3213 1980 3268 hereditas

407 3316 528 3356 mea
583 3301 650 3356 ⁸³.
708 3321 727 3353 ι
782 3300 858 3357 Ne
904 3303 1046 3356 forte
1095 3306 1256 3358 etiam
1308 3321 1407 3360 nos
1458 3304 1550 3372 qui
1617 3320 1722 3358 non
1778 3305 1982 3358 fuimus

406 3398 557 3468 plebs
596 3399 706 3468 (55)
745 3400 857 3465 Dei,
899 3401 992 3454 sed
1035 3418 1130 3471 per
1177 3401 1398 3456 divitias
1442 3403 1622 3472 gloriae
1673 3418 1783 3456 suae
1823 3418 1983 3457 voca-

406 3489 486 3543 vit
517 3504 613 3543 nos
641 3492 847 3559 plebem
884 3507 1061 3554 suam,
1094 3503 1150 3547 et
1202 3493 1294 3564 qui
1347 3509 1454 3548 nou
1513 3493 1717 3547 fuimus
1768 3492 1980 3558 dilecti,

406 3583 501 3637 sed
547 3584 671 3638 facti
714 3600 902 3640 sumus
957 3586 1158 3650 dilecti,
1206 3594 1261 3641 et
1313 3585 1406 3639 lilii
1457 3586 1548 3640 Dei
1605 3585 1732 3648 vivi,
1783 3586 1826 3639 si
1877 3601 1981 3640 non

407 3683 470 3726 ut
520 3673 609 3727 filii
663 3673 800 3729 lucis
845 3685 900 3730 et
958 3675 1052 3729 lilii
1122 3674 1213 3730 Dei
1269 3675 1630 3739 ambulemus,
1681 3676 1726 3730 si
1771 3688 1874 3728 non
1925 3684 1984 3728 ut

406 3761 560 3833 plebs
645 3763 736 3818 Dei
819 3765 894 3819 ita
969 3781 1228 3835 agamus,
1285 3783 1304 3817 ι
1355 3774 1414 3819 ut
1475 3765 1717 3820 videntes
1805 3765 1983 3820 homi-

408 3868 507 3910 nes
556 3871 719 3925 opera
767 3868 951 3912 nostra
1004 3857 1165 3921 bona,
1217 3858 1563 3927 magniﬁcent
1607 3857 1822 3912 Patrem
1881 3871 1982 3912 no-

406 3955 577 4002 strum
641 3948 731 4015 qui
784 3949 835 4000 in
888 3947 1043 4003 cmlis
1110 3958 1194 4003 est
1239 3947 1307 4014 υ,
1364 3968 1384 4001 ι
1432 3950 1720 4006 verendum
1771 3959 1854 4004 est
1918 3963 1986 4004 ne

407 4038 557 4094 illum
615 4053 916 4092 sermonem
976 4039 1316 4096 incurramus
1365 4043 1634 4111 Apostoli,
1689 4057 1796 4112 quo
1839 4041 1915 4095 ait
1962 4056 1976 4095 :

412 4144 434 4180 ι
471 4128 528 4180 Si
558 4126 702 4179 enim
752 4125 894 4181 Deus
935 4129 1273 4184 naturalibus
1323 4133 1488 4187 ramis
1549 4148 1654 4187 non
1711 4130 1978 4202 pepercit,

409 4233 510 4275 nec
543 4217 636 4271 tibi
663 4229 845 4287 parcet
871 4219 934 4275 δ’.
975 4219 1130 4274 Sicut
1153 4221 1206 4274 in
1235 4222 1372 4276 Osee
1402 4223 1534 4277 dicit
1562 4225 1675 4291 (51)
1714 4242 1726 4278 :
1764 4223 1978 4280 Vocabo

408 4322 516 4363 non
578 4309 788 4377 plebem
851 4325 1049 4376 meam,
1093 4310 1302 4380 plebem
1355 4326 1565 4376 meam;
1606 4323 1660 4366 et
1703 4329 1807 4367 non
1849 4313 1982 4368 dile-

409 4409 576 4466 ctam,
599 4400 883 4468 dilectam;
920 4411 975 4457 et
1013 4417 1117 4456 non
1143 4402 1570 4458 misericordiam
1607 4414 1978 4470 consecutam,

471 4539 518 4572 ⁸⁷
545 4538 706 4594 Prov.
744 4554 862 4601 XIII,
890 4537 994 4600 24;
1024 4554 1178 4600 χχιιι,
1217 4538 1304 4603 15,
1341 4539 1428 4594 14.
1505 4539 1548 4572 ³³
1588 4540 1751 4595 Prov.
1788 4555 1906 4600 χιι,
1940 4539 2033 4594 25.

471 4608 499 4662 ἰ.
577 4610 620 4643 δ’
654 4609 810 4663 Rom.
841 4624 914 4666 χι.
945 4607 1036 4662 2|.
1137 4609 1184 4640 “
1219 4608 1373 4664 Rom.
1433 4624 1507 4666 Ix.
1558 4611 1649 4665 25.
1745 4610 1795 4643 “
1822 4609 1952 4666 Ose.
1989 4627 2028 4666 ι.
2073 4611 2106 4666 9

1871 4626 1952 4666 se.
1989 4627 2028 4677 t,
2073 4626 2126 4666 ν.

411 4607 499 4665 16.
577 4610 620 4643 δ’
654 4609 810 4663 Rom.
841 4624 914 4673 χι,
945 4607 1036 4662 21.

408 4679 458 4714 ⁸⁸
481 4679 634 4735 Rom.
666 4696 743 4747 ιι,
773 4679 862 4732 26.

1137 4609 1184 4640 “
1219 4608 1373 4664 Rom.
1433 4624 1507 4673 Ix,
1558 4611 1649 4665 25.

956 4678 1002 4710 δ’
1040 4678 1234 4749 Philip.
1266 4695 1338 4747 tv,
1369 4679 1422 4734 7.

2080 1930 2369 1992 dilectam,
2407 1929 2690 1994 dilectam;
2741 1938 2797 1983 et
2844 1929 2896 1983 in
2943 1928 3064 1983 loco
3124 1929 3212 1982 tibi
3263 1931 3466 1985 dictant
3513 1943 3599 1985 est
3641 1951 3662 1984 ι

2080 2021 2255 2082 nobis,
2307 2038 2326 2072 ι
2370 2019 2486 2074 Non
2522 2019 2670 2089 plebs
2711 2035 2828 2074 mea
2867 2035 2996 2083 vos;
3031 2022 3104 2075 ibi
3133 2041 3150 2072 ι
3186 2020 3504 2076 vocahiniur
3534 2023 3665 2075 rlifii

2081 2111 2172 2164 Dei
2238 2109 2362 2163 vivi.
2421 2128 2440 2160 ι
2514 2108 2619 2164 Sed
2663 2108 2916 2165 fortassis
2990 2110 3270 2180 requirant
3315 2125 3345 2162 a
3391 2111 3550 2164 nobis
3609 2112 3667 2166 hi

2079 2200 2167 2268 qui
2221 2215 2287 2252 ex
2344 2199 2758 2254 circumcisione
2798 2209 2946 2264 sunt,
2999 2209 3055 2253 et
3105 2199 3326 2254 dicant:
3360 2197 3458 2253 Ubi
3509 2199 3666 2252 enim

2079 2294 2144 2345 ad
2177 2307 2267 2346 vos
2295 2293 2494 2346 dictum
2525 2301 2632 2354 est.
2663 2293 2792 2361 quia
2821 2307 2926 2346 non
2971 2293 3092 2347 sitis
3122 2292 3272 2361 plebs
3307 2291 3404 2346 Dei
3439 2306 3560 2356 vos,
3608 2301 3671 2346 ut

2082 2385 2150 2438 ibi
2192 2383 2458 2437 voccmini
2507 2384 2602 2437 filii
2649 2384 2768 2436 Dei‘
2800 2384 2941 2438 vivi?
3003 2383 3266 2438 Asserent
3317 2383 3466 2437 enim
3517 2387 3670 2454 quod

2081 2475 2221 2528 Deus
2253 2476 2365 2527 haec
2391 2474 2443 2528 in
2470 2472 2656 2528 Iudaea
2701 2475 2916 2529 locutus
2947 2485 3026 2529 est
3057 2475 3135 2543 (in
3171 2475 3285 2543 ipsa
3337 2473 3489 2528 enim
3543 2484 3671 2528 tan-

2081 2569 2358 2622 tummodo
2392 2578 2554 2622 notus
2580 2576 2665 2622 est
2693 2567 2834 2622 Deus
2865 2567 2967 2639 “),
3011 2577 3066 2621 et
3113 2567 3248 2620 nihil
3297 2568 3414 2620 lucc
3445 2567 3513 2618 ad
3563 2583 3668 2621 nos

2059 2673 2352 2733 ,speetant,
2387 2665 2514 2732 quia
2544 2682 2563 2715 ι
2599 2663 2684 2718 lex
2717 2664 2782 2716 ad
2821 2678 2914 2718 eos
2947 2663 3038 2733 qui
3081 2663 3134 2716 in
3161 2661 3278 2731 lege
3309 2671 3440 2715 sunt
3470 2662 3660 2730 loqui-

2083 2764 2168 2808 tur
2191 2755 2255 2808 ".
2295 2775 2314 2808 ι
2347 2756 2458 2809 Iutu
2481 2771 2582 2824 ego
2607 2756 2889 2810 ostendam
2924 2754 3098 2808 locum
3129 2754 3299 2807 multo
3325 2754 3667 2824 digniorem,

2083 2846 2171 2901 ubi
2211 2847 2379 2901 Deum
2417 2846 2564 2914 loqui
2598 2855 2657 2900 et
2685 2847 2866 2900 decuit
2904 2856 2959 2900 et
2999 2845 3255 2916 possibile
3312 2844 3438 2898 fuit.
3481 2845 3672 2914 Neque

2081 2939 2226 2994 enim
2251 2947 2650 3007 consequenter
2685 2937 2822 2991 Deus
2851 2935 2994 3006 loqui
3042 2935 3096 2990 in
3133 2938 3432 3000 ruentibus,
3485 2947 3542 2990 et
3572 2954 3670 2991 ru-

2082 3029 2262 3098 pibus,
2290 3038 2342 3084 et
2374 3027 2788 3098 quibuseunque
2818 3028 3047 3082 terrenis
3091 3027 3225 3082 locis
3265 3027 3478 3082 dicetur
3501 3028 3617 3097 (38)
3653 3049 3668 3083 :

2083 3120 2178 3174 sed
2217 3121 2270 3173 in
2297 3129 2477 3174 urente
2518 3119 2754 3172 hominis
2783 3119 3022 3188 loquitur
3071 3118 3235 3180 Deus.
3269 3119 3322 3172 in
3357 3133 3522 3174 sensu
3575 3135 3672 3174 ra-

2086 3210 2353 3275 tionabili,
2391 3210 2534 3264 etin
2581 3209 2871 3279 principali
2920 3211 3135 3275 cordis,
3193 3221 3248 3264 et
3299 3211 3375 3264 ibi
3427 3226 3554 3265 cum
3583 3213 3674 3265 in-

2085 3303 2228 3369 digni
2263 3311 2316 3355 et
2344 3301 2508 3356 alieni
2539 3319 2568 3356 a
2597 3301 2711 3354 Deo
2737 3311 2893 3356 actus
2919 3301 3263 3356 conscientia
3304 3304 3673 3372 redarguente

2084 3393 2394 3462 culpantur,
2435 3395 2530 3460 ibi,
2571 3395 2822 3462 inquam,
2871 3395 3286 3461 pronuntiatur,
3335 3394 3410 3448 ibi
3465 3395 3674 3450 dicitur

2085 3486 2150 3538 ad
2190 3485 2428 3555 singulos
2453 3500 2722 3556 quosque,
2754 3487 2879 3554 quia
2911 3505 2932 3536 ι
2959 3501 3064 3540 non
3095 3485 3248 3552 plebs
3275 3501 3400 3540 mea
3427 3503 3527 3542 vos
3544 3489 3612 3542 ⁸⁸.
3645 3508 3668 3542 ι

2089 3577 2148 3632 Si
2175 3593 2303 3633 vero
2337 3579 2605 3638 emundet
2662 3592 2723 3632 se
2777 3578 2900 3648 quis
2951 3578 3020 3632 ab
3077 3579 3160 3632 his
3204 3587 3259 3634 et
3311 3580 3588 3648 puriﬁcet,
3616 3589 3675 3636 et

2093 3685 2114 3721 ι
2144 3682 2246 3736 pax
2277 3667 2396 3728 Dei,
2420 3682 2540 3735 quae
2563 3676 2855 3736 exsuperat
2890 3682 3104 3721 omnem
3153 3679 3394 3723 mentem
3419 3670 3486 3735 δ’,
3522 3689 3543 3722 ι
3575 3685 3680 3726 cor

2090 3759 2208 3828 rjus
2244 3757 2468 3826 incipiat
2495 3758 2790 3822 custodire,
2833 3758 2927 3824 ibi,
2972 3757 3075 3812 huc
3107 3769 3212 3825 est,
3249 3759 3322 3829 in.
3351 3760 3539 3814 cordis
3585 3775 3682 3816 se-

2091 3858 2261 3913 creto,
2333 3847 2592 3917 paciﬁcus
2640 3849 2890 3914 effectus,
2954 3847 3099 3904 ﬁlius
3174 3848 3268 3904 Dei
3321 3851 3676 3908 conscientia

2091 3938 2418 4008 astipulante
2438 3939 2745 3994 vocabitur.

2165 4030 2254 4086 19.
2295 4049 2314 4084 r
2354 4030 2522 4087 Isaias
2561 4044 2741 4086 autem
2785 4029 2986 4086 clamat
3017 4044 3116 4102 pro
3159 4029 3366 4086 Israel:
3411 4030 3470 4085 Si
3509 4031 3682 4088 fuerit

2089 4136 2352 4178 numerus
2381 4121 2616 4176 filiorum
2657 4120 2821 4176 Israel
2855 4129 3116 4189 tauquam
3152 4135 3321 4175 arena
3367 4125 3559 4188 maris,
3591 4136 3682 4178 re-

2087 4216 2271 4286 liquias
2294 4215 2458 4271 salvae
2503 4215 2652 4269 flent.
2701 4213 2938 4268 Verbum
2980 4213 3126 4267 enim
3185 4229 3578 4270 consummans
3614 4227 3676 4271 et

2087 4307 2341 4364 brevians
2380 4307 2432 4361 in
2462 4307 2763 4377 aequitate:
2803 4308 2928 4377 quia
2964 4307 3186 4361 verbum
3241 4305 3550 4360 breviatum
3589 4307 3681 4362 fa-

2088 4401 2196 4456 ciet
2249 4400 2512 4456 Dominus
2569 4413 2734 4470 super
2790 4409 2991 4454 terrain
3039 4416 3054 4452 :
3099 4405 3154 4452 et
3203 4397 3348 4453 sicut
3417 4399 3680 4468 prsidiin

2108 4541 2154 4573 ³³
2199 4539 2401 4596 Jerem.
2453 4556 2534 4605 Ill,
2569 4540 2622 4596 8.
2699 4539 2746 4571 ⁸⁰
2775 4538 2976 4594 Jerem.
3007 4553 3106 4602 xu,
3138 4535 3193 4592 9.
3297 4537 3341 4569 ⁶¹
3396 4536 3584 4591 Matth.
3614 4553 3678 4606 ν,

2227 4611 2274 4642 “
2294 4611 2428 4666 ibid.
2466 4610 2550 4664 10.
2625 4610 2670 4642 ⁵⁸
2703 4609 2845 4665 Psal.
2878 4623 3044 4672 Lxxv,
3070 4607 3125 4661 2.
3202 4608 3246 4639 δ’
3275 4607 3434 4664 Rom.
3465 4624 3547 4674 ut,
3577 4608 3678 4665 19.

493 4796 608 4878 (27)
643 4796 734 4850 Sic
775 4811 878 4852 ms.
907 4807 1140 4878 untts__et
1168 4795 1462 4878 Rabanus._
1482 4797 1622 4878 Editi
1659 4813 1788 4852 Vero
1817 4807 1870 4852 et
1897 4813 2000 4853 cte-
2031 4799 2075 4854 D
2109 4807 2282 4878 usque
2330 4791 2418 4878 ad,
2444 4811 2485 4874 ,ι
2620 4789 3113 4878 secabantur
3281 4788 3591 4878 nec
3621 4791 3678 4872 in

408 4865 514 4922 teri
546 4882 676 4919 mss.
714 4886 733 4915 r
766 4869 1188 4933 percusserit....
1216 4865 1408 4921 Notam
1439 4869 1627 4927 faciet.
1671 4887 1689 4920 ι

447 4935 594 5020 ..(28)
629 4936 723 5020 Ms.
763 4937 962 5006 Regius
994 4952 1144 4989 num.
1184 4937 1344 5003 1659,
1394 4957 1412 4990 r
1448 4950 1506 4992 ut
1535 4939 1874 4994 innotescant
1901 4938 1985 4992 di-

407 5015 579 5069 vitia),
614 5025 630 5058 ι
669 5017 774 5060 etc.

482 5076 594 5146 (29)
630 5075 1201 5146 ErgotDesideratur
1268 5077 1317 5129 in
1374 5076 1525 5131 libris
1585 5087 1742 5131 antea
1798 5077 1982 5133 editis.

409 5145 617 5202 Deinde
661 5145 761 5200 ms.
809 5145 1009 5216 Regius
1059 5163 1208 5205 num.
1257 5147 1412 5212 I639,
1461 5166 1479 5199 ι
1527 5147 1928 5217 despiciebatttr
1960 5167 1979 5200 ι

407 5231 504 5286 pro
541 5234 560 5268 r
578 5217 998 5286 desperabatur.
1046 5237 1064 5268 ι

481 5285 594 5357 (ξεο)
633 5286 793 5352 Editi,
833 5303 852 5338 ι
883 5287 1194 5344 observare.
1234 5307 1254 5340 ι

481 5355 788 5478 δειχθείη,
835 5373 854 5407 ι
892 5357 1340 5412 commemoratio
1380 5357 1572 5424 Israel,
1617 5355 1796 5411 dimisi
1835 5371 1980 5421 eam,

521 5441 532 5476 ι
564 5441 636 5478 et.
675 5445 695 5477 ι
721 5437 830 5478 etc.

461 5437 532 5478 ειη
564 5441 636 5488 et,
675 5445 695 5477 ι
721 5437 830 5481 etc.

433 5559 442 5566 κ
485 5493 598 5566 (31⁸2)
642 5494 797 5566 Facti
847 5497 972 5549 estis
1023 5497 1153 5551 milii
1193 5498 1245 5550 in
1292 5497 1626 5560 satietatem,
1679 5505 1786 5550 etc.
1831 5495 1984 5550 Hunc

425 5563 918 5644 i‘..rriiptura2_locum
959 5581 1060 5621 nec
1100 5569 1153 5621 in
1201 5567 1429 5640 Vulgata
1473 5569 1670 5636 reperi,
1715 5583 1814 5622 nec
1847 5567 1989 5637 apud

427 5641 794 5697 xptttaginta.

823 5720 841 5753 ι
869 5703 1095 5782 qui-non
1128 5721 1315 5762 sumus
1347 5705 1498 5782 plebs
1525 5705 1707 5782 Dei.)

488 5764 598 5846 (51)
623 5764 718 5828 llic
748 5764 988 5841 Apos'toli
1011 5783 1319 5845 contextus,
1343 5764 1362 5830 ἱ
1388 5778 1541 5836 Sicut
1565 5777 1619 5832 iu
1643 5777 1776 5834 Osce
1795 5776 1944 5844 dicit,
1971 5795 1986 5828 ι

2102 4861 2282 4925 editis,
2313 4876 2414 4916 nec
2444 4864 2497 4916 in
2529 4876 2664 4916 mss.
2694 4861 2895 4915 nostris
2931 4870 3240 4927 comparet;
3284 4861 3380 4914 sed
3429 4862 3677 4915 restitui-

2099 4943 2186 4987 tur
2213 4949 2276 4988 ex
2304 4932 2549 4987 Rabano.
2589 4932 2652 4984 Et
2681 4932 3076 4984 restituendum
3105 4945 3227 4984 eum
3272 4944 3394 4983 esse
3435 4945 3679 4999 sequen-

2097 5005 2166 5057 tia
2202 5004 2368 5057 verba
2419 5003 2678 5064 indicant,
2719 5018 2738 5051 ι
2779 4999 3176 5054 Testimonium
3223 5015 3354 5052 sane
3394 5002 3498 5056 hoc
3528 5003 3679 5070 quod

2095 5075 2160 5128 de
2187 5073 2327 5128 Osee
2355 5073 2585 5126 assumit
2608 5069 2927 5140 Apostolus,
2967 5089 2986 5121 ι
3023 5079 3153 5134 etc.,
3186 5085 3309 5138 quae
3343 5073 3511 5124 verba
3548 5069 3680 5124 nul-

2093 5141 2308 5198 Iatenus
2332 5141 2522 5196 referri
2561 5151 2785 5210 possmtt
2812 5140 2878 5193 ad
2911 5143 3306 5208 praecedentem
3345 5151 3674 5194 contextum

2101 5232 2119 5264 ι
2181 5213 2238 5267 Si
2301 5213 2444 5266 enim
2505 5211 2648 5265 Deus
2702 5211 3041 5264 naturalibus
3098 5211 3266 5263 ramis
3313 5225 3422 5264 non
3481 5226 3680 5280 peper-

2093 5284 2218 5345 cit,»
2253 5293 2385 5347 etc.,
2416 5291 2604 5351 utpote
2632 5282 2721 5349 qui
2761 5295 2827 5334 ex
2863 5283 3003 5335 Osee
3034 5280 3255 5334 minime
3291 5282 3615 5335 assumitur.

2166 5353 2280 5424 (’55)
2314 5353 2477 5424 Editi,
2507 5352 2735 5424 ripsius
2775 5353 3080 5420 propheta;
3129 5368 3150 5401 ι
3193 5360 3246 5404 et
3277 5361 3487 5419 postea,
3522 5366 3544 5402 ‹
3581 5351 3678 5406 sed

2091 5424 2157 5478 de
2176 5421 2299 5490 ipso
2315 5422 2478 5477 Israel
2507 5421 2634 5490 dici.
2661 5439 2678 5471 ι

2165 5488 2278 5563 (36)
2319 5493 2411 5546 Sic
2452 5506 2556 5546 ms.
2599 5489 2994 5563 Reginsnum.
3043 5491 3197 5546 1659.
3243 5488 3387 5545 Editi
3441 5505 3588 5563 vero
3621 5503 3680 5547 et.

2105 5559 2239 5618 mss.
2260 5559 2538 5631 quidam,
2567 5580 2586 5612 r
2626 5559 2693 5613 Et
2728 5561 2878 5614 addit
2926 5571 3044 5630 post
3103 5565 3236 5624 lucc,
3276 5579 3304 5631 ιΔ
3329 5569 3437 5631 etc.
3490 5559 3677 5614 Raba-

2105 5629 2305 5708 νυξὶ-ί
2327 5632 2396 5708 Et
2422 5630 2631 5708 addidit
2664 5629 2950 5708 pr0p_l_te_ta,
2977 5644 3030 5688 ct
3065 5631 3200 5687 dicit
3228 5648 3242 5688 :
3267 5629 3332 5686 Et
3355 5630 3481 5695 erit,
3515 5647 3537 5682 ι
3562 5640 3673 5686 etc.

2172 5703 2285 5774 (5⁸7)
2315 5701 2456 5774 llius.
2479 5701 2639 5774 Deest
2665 5701 2716 5754 in
2743 5701 2922 5758 editis.

2171 5771 2282 5846 (58)
2318 5771 2482 5842 Editi,
2513 5789 2531 5825 ι
2572 5772 2792 5828 dicitur.
2831 5789 2850 5824 ι
