3986 6206
291 274 438 332 “53

1173 235 1180 240 .
1243 273 1602 330 COMMENT.
1644 275 1711 331 IN
1751 277 1970 336 EPIST.
2013 281 2106 336 AD
2142 281 2309 341 ROM.
2348 282 2478 339 LIB.
2523 283 2637 339 VII.

3423 292 3559 347 ΗΒΑ

287 397 464 451 Isaias
491 413 506 452 :
537 395 650 453 Nisi
681 396 942 454 Dominus
973 399 1214 454 Sabaoth
1255 398 1566 470 reliquisset
1599 401 1759 458 nobis
1799 416 1885 458 se-
1913 409 1959 466 Α
1989 417 2082 475 ges
2109 403 2393 460 Dominum
2427 405 2596 460 Deum
2628 414 2777 460 tuum
2808 421 2873 463 ex
2903 416 3014 464 toto
3047 408 3210 465 corde
3250 416 3364 471 tuo,
3405 419 3460 465 et
3493 426 3560 466 ex

286 505 441 556 men,
485 491 630 546 sicut
687 489 922 546 Sodoma
980 491 1106 547 facti
1155 507 1424 558 essemus,
1471 502 1524 549 et
1575 494 1718 548 sicut
1765 495 1876 550 Go-

287 585 517 638 morrha
574 583 782 640 similes
821 583 1134 640 fuissemus.
1195 585 1333 652 Quid
1388 602 1520 658 ergo
1584 588 1876 644 dicemus?

285 675 448 740 Quod
478 684 690 745 gentes,
721 690 842 746 qua:
866 691 974 732 non
1009 677 1360 732 sectabantur
1395 675 1688 745 justitiam,
1718 695 1871 735 com-

281 766 700 836 prehenderunt
751 769 1056 838 justitiam;
1101 769 1384 838 justitiam.
1413 781 1598 826 autem
1637 789 1760 843 qua:
1803 791 1868 830 ex

288 861 401 916 title
428 869 535 917 est.
578 861 745 918 Israel
773 871 956 915 autem
992 872 1208 917 sectans
1236 861 1408 930 legem
1433 862 1676 931 iustitiae,
1708 866 1762 919 in
1789 867 1869 920 le-

284 968 413 1024 gem
454 969 563 1008 non
599 952 865 1024 pervenit.
902 952 1122 1020 Quare?
1161 953 1296 1019 Quia
1344 969 1448 1008 non
1495 971 1560 1010 ex
1607 956 1735 1014 fide.
1776 959 1868 1011 sed

284 1046 448 1114 quasi
485 1062 551 1102 ex
580 1047 833 1116 operibus
873 1044 1218 1101 offenderunt
1257 1047 1310 1102 in
1346 1046 1580 1115 lapidem
1613 1046 1869 1103 oﬂ'eusio-

285 1140 398 1202 nis,
447 1141 589 1193 sicut
622 1138 883 1206 scriptum
923 1144 1010 1192 est
1047 1154 1061 1190 :
1107 1135 1250 1192 Ecce
1282 1152 1426 1206 pono
1459 1139 1512 1192 in
1561 1138 1694 1193 Sion
1733 1138 1869 1208 lapi-

285 1231 412 1286 dem
435 1227 777 1290 oﬂ‘ensionis,
805 1235 859 1282 et
891 1235 1100 1297 petram
1141 1227 1382 1281 scandali
1414 1245 1429 1283 :
1461 1238 1517 1283 et
1555 1229 1647 1296 qui
1688 1230 1865 1284 credit

284 1321 342 1377 in
375 1337 525 1385 eum,
556 1335 664 1375 non
705 1319 988 1374 erubescet
1030 1318 1097 1372 '°.
1151 1337 1168 1369 ι
1216 1318 1576 1388 Posteaquam
1633 1337 1727 1390 per
1773 1320 1864 1376 Dei

287 1413 618 1481 sapientiam
648 1427 808 1480 quam
862 1410 1099 1480 loquitur
1135 1411 1246 1482 (39)
1287 1410 1488 1466 Paulus
1541 1411 1684 1466 inter
1742 1429 1866 1483 per-

281 1505 459 1560 fectos
497 1505 572 1572 ἰ,
606 1511 816 1559 secreta
857 1513 910 1558 et
959 1502 1273 1558 abscondita
1333 1503 1532 1558 divina:
1581 1503 1867 1573 dispensa-

281 1596 452 1648 tionis
476 1595 748 1664 exposuit,
791 1603 848 1649 et
877 1595 1108 1650 ostendit
1139 1609 1243 1665 qua
1295 1595 1506 1649 ratione
1557 1609 1735 1664 quove
1769 1609 1862 1648 or-

279 1686 408 1740 dine
432 1687 514 1740 vel
557 1687 694 1741 iram
723 1686 863 1742 Deus
895 1688 1144 1743 ostemlat
1173 1689 1224 1741 in
1266 1688 1413 1744 vasis
1445 1689 1560 1754 irae,
1605 1689 1690 1744 vel
1727 1690 1864 1744 divi-

277 1781 391 1833 tias
445 1778 628 1848 gloria:
672 1795 784 1833 sua:
821 1778 872 1832 in
921 1779 1068 1832 vasis
1122 1779 1554 1834 misericordiae:
1586 1790 1642 1835 et
1677 1781 1861 1835 docuit
1897 1775 1936 1832 Β
1963 1773 2080 1829 Non
2159 1776 2296 1829 dixit
2358 1793 2372 1829 :

275 1873 427 1940 quod
460 1885 554 1924 vas
588 1872 681 1925 ira:
710 1871 800 1924 fiat
832 1872 1204 1942 unusquisque
1247 1885 1313 1924 ex
1367 1887 1431 1926 eo
1463 1873 1607 1940 quod
1640 1886 1734 1941 per
1764 1873 1862 1926 du-

277 1963 464 2016 ritiam
509 1977 662 2016 suam
701 1972 757 2017 et
802 1977 896 2017 cor
946 1963 1296 2033 iinpmuitens
1355 1963 1682 2018 thesaurizet
1745 1962 1860 2035 (40)

277 2052 384 2105 sibi
418 2051 520 2121 ipsi
559 2052 695 2106 iram
735 2053 788 2106 in
815 2051 901 2108 die
931 2052 1027 2107 irae
1061 2053 1137 2118 ";
1173 2068 1297 2108 vasa
1339 2063 1518 2107 autem
1553 2053 1862 2109 misericor-

276 2142 389 2195 diae
419 2144 530 2197 sint
552 2143 604 2197 hi
634 2143 722 2212 qui
759 2158 819 2198 se
853 2145 1269 2199 cmundaverint
1299 2144 1367 2199 ab
1395 2144 1501 2207 his,
1527 2153 1580 2198 et
1609 2145 1674 2198 ad
1698 2159 1862 2198 onme

275 2247 423 2302 opus
459 2235 661 2290 bonum
704 2237 1134 2305 praepararet-int
1169 2235 1216 2267 ⁵³
1250 2253 1264 2290 :
1309 2250 1450 2290 nunc
1489 2244 1549 2288 ut
1598 2235 1712 2290 haec
1745 2236 1860 2305 ipsa

277 2325 492 2393 majore
536 2328 865 2382 auctoritate
906 2327 1217 2390 confirmet,
1260 2328 1424 2382 etiam
1475 2329 1528 2381 iu
1580 2327 1860 2398 prephetis

273 2417 435 2470 docet
480 2417 597 2470 haec
655 2431 777 2472 esse
811 2418 1126 2486 praescripta
1175 2415 1330 2487 (Il):
1368 2435 1386 2468 ι
1420 2415 1606 2479 Isaias,
1661 2417 1858 2486 inquit,

275 2508 482 2563 clamat
545 2524 644 2578 pro
710 2509 926 2564 Israel:
967 2510 1024 2564 Si
1077 2509 1238 2565 fuerit
1305 2525 1560 2564 immcrus
1625 2510 1857 2563 filiorum

273 2600 446 2654 Israel
473 2611 727 2668 tanquam
759 2617 922 2656 arena
953 2602 1139 2662 maris.
1166 2601 1407 2671 reliquiae
1431 2601 1597 2654 salvae
1629 2601 1779 2655 fient.
1833 2618 1850 2651 ι

274 2691 584 2750 Providens
609 2695 810 2750 etenim
834 2696 901 2750 de
927 2694 1126 2749 futuris
1152 2694 1436 2763 propheta,
1467 2694 1681 2747 videbat
1713 2693 1856 2764 quod

272 2783 493 2855 plurimi
519 2801 584 2840 ex
615 2785 803 2850 Israel,
847 2797 899 2839 et
937 2786 990 2840 hi
1032 2788 1267 2841 maxime
1317 2787 1409 2856 qui
1457 2800 1639 2841 areum
1690 2785 1860 2839 maris

272 2887 685 2946 comparantur,
733 2892 831 2945 per
858 2878 1113 2932 duritiam
1150 2893 1305 2934 suam
1346 2887 1402 2932 et
1449 2892 1547 2931 cor
1599 2876 1853 2944 impaeni-

275 2976 399 3022 tens
433 2967 478 3000 “
509 2966 673 3022 futuri
707 2975 862 3023 erant
909 2985 928 3019 ι
951 2985 1077 3025 vasa
1132 2969 1228 3024 ira:
1271 2977 1450 3038 aptata
1493 2969 1560 3023 ad
1593 2967 1858 3036 perditio-

273 3076 425 3123 nem,
467 3079 486 3110 ι
513 3075 618 3115 non
653 3061 944 3116 credentes
977 3062 1102 3116 vita:
1123 3075 1258 3126 sine,
1290 3062 1384 3116 scd
1421 3060 1708 3115 Dominum
1735 3075 1852 3113 ma-

262 3153 487 3221 jestatis
518 3152 896 3222 crucifigentes
949 3152 1014 3206 ⁸³.
1090 3171 1108 3205 ι
1145 3153 1200 3208 Si
1222 3169 1378 3225 ergo,
1415 3153 1610 3222 inquit,
1643 3152 1848 3208 fuerint

273 3255 532 3315 tanquam
564 3259 730 3298 arena
768 3243 952 3306 maris,
984 3243 1226 3314 reliquiae
1252 3243 1414 3299 salvae
1439 3244 1587 3300 fient.
1619 3261 1638 3295 ι
1663 3242 1738 3297 Illi
1757 3243 1850 3312 qui

269 3348 382 3388 non
423 3335 724 3398 salvantur,
776 3344 1034 3402 tanquam
1085 3347 1250 3389 arena
1302 3335 1471 3390 maris
1517 3343 1680 3400 sunt;
1725 3333 1852 3389 reli-

265 3424 415 3495 quize
452 3440 581 3479 vero
612 3441 730 3495 qua:
772 3423 935 3480 salvae
979 3423 1132 3491 flent,
1185 3433 1445 3496 tanquam
1503 3425 1674 3481 stella:
1723 3423 1850 3480 cmli

268 3529 424 3573 sunt.
481 3517 782 3588 Utrumque
849 3518 1051 3572 etenim
1119 3517 1536 3586 promissionis,
1605 3533 1732 3588 qua}
1782 3519 1851 3573 ad

267 3612 546 3666 Abraham
595 3611 734 3664 facta
798 3621 905 3671 est,
948 3611 1188 3664 continet
1234 3626 1416 3665 sermo
1449 3609 1606 3680 (42):
1650 3629 1669 3663 ι
1714 3611 1848 3675 Erit,

268 3702 467 3771 inquit,
529 3716 710 3756 semen
754 3710 905 3756 tuum
949 3703 1094 3757 sicut
1135 3717 1300 3756 arena
1370 3703 1560 3766 maris,
1603 3711 1660 3758 et
1704 3701 1846 3758 sicut

266 3793 441 3848 stella:
465 3793 678 3849 coeli".
727 3812 746 3845 ι
788 3793 853 3848 Et
887 3793 990 3849 hoc
1011 3804 1095 3849 est
1127 3794 1270 3863 quod
1312 3793 1489 3847 dicit:
1542 3813 1560 3844 ι
1613 3792 1846 3848 Verbum

266 3886 412 3938 enim
447 3901 832 3940 consummans
877 3895 932 3940 et
975 3887 1232 3942 brevians
1279 3885 1330 3940 in
1384 3887 1682 3956 mquitate:
1719 3888 1847 3956 quia

271 3978 495 4031 verbum
527 3979 826 4032 breviatum
871 3977 1039 4032 faciet
1079 3979 1342 4033 Dominus
1366 3993 1531 4046 super
1565 3988 1787 4036 terram.
1821 3999 1840 4032 ι
1910 3978 1917 3986 ’

268 4069 508 4124 Verbum
549 4059 878 4134 breviatum,
929 4069 1018 4123 ubi
1071 4067 1224 4123 multi
1278 4067 1453 4123 vocati
1494 4080 1645 4134 sunt,
1687 4070 1845 4138 pauci

269 4170 454 4214 autem
486 4160 640 4214 electi
667 4161 739 4214 ⁸⁷.
769 4159 1064 4214 Possumus
1097 4171 1274 4214 autem
1301 4168 1356 4213 et
1389 4162 1552 4215 totius
1587 4162 1847 4216 doctrina:

270 4248 491 4302 verbum
537 4248 714 4301 dicere
767 4249 1091 4312 breviatum,
1136 4259 1192 4302 nt
1239 4251 1382 4312 quod
1439 4251 1586 4318 prius
1632 4251 1738 4306 Lex
1792 4263 1847 4308 et

265 4338 548 4408 Propheta!
598 4340 950 4393 continebant
1008 4339 1060 4394 in
1107 4339 1390 4395 latitudine
1425 4354 1840 4411 praeceptorum,

1985 501 2094 548 tota
2128 496 2305 548 anima
2342 504 2452 558 tua.
2487 505 2541 550 et
2572 511 2636 550 ex
2677 496 2805 552 totis
2834 497 3038 554 viribus
3078 501 3184 555 tuis
3214 517 3230 554 :
3271 510 3326 555 et
3362 501 3551 571 proxi-

1983 599 2127 639 mum
2171 594 2318 639 tuum
2352 586 2494 640 sicut
2527 587 2778 653 teipsnm.
2813 586 2870 641 In
2920 589 3004 643 bis
3045 591 3253 644 duobus
3289 591 3560 646 mandatis

1981 677 2155 731 omnis
2184 675 2290 729 Lex
2329 677 2523 745 pendet
2556 686 2609 730 et
2640 676 2921 745 PrOphctte
2945 679 3020 746 ⁸⁸;
3051 699 3070 732 ›
3098 679 3152 734 in
3180 695 3288 749 quo
3330 681 3557 734 eviden-

1983 777 2064 822 ter
2118 766 2415 834 Prophetns
2460 777 2515 821 et
2567 768 2761 837 Legem
2810 770 3019 824 duobus
3078 773 3162 825 his
3207 771 3555 826 sermonibus

1979 856 2262 911 breviavit.
2301 856 2482 912 Potest
2521 867 2575 910 et
2607 876 2625 908 ι
2660 859 2880 912 verbum
2909 862 3206 914 breviatum
3240 880 3258 912 ι
3291 861 3394 916 dici
3427 861 3560 916 fides

1977 949 2204 1018 symboli
2245 965 2364 1018 qua:
2425 948 2770 1004 credentibus
2817 951 3068 1014 traditur,
3122 953 3172 1004 in
3225 968 3330 1022 qua
3395 955 3558 1009 totius

1979 1037 2218 1106 mysterii
2256 1054 2465 1093 summa
2521 1040 2708 1109 paucis
2747 1053 2992 1094 connexa
3051 1043 3395 1097 sermonibus
3441 1043 3556 1116 (45)

1975 1132 2301 1186 continetur.
2345 1150 2363 1182 ι
2423 1132 2488 1186 Et
2534 1133 2674 1188 sicut
2734 1135 3009 1205 praedixit,
3067 1137 3262 1204 inquit,
3337 1135 3554 1194 Isaias:

1975 1223 2086 1277 Nisi
2148 1224 2408 1278 Dominus
2467 1225 2704 1282 Sabaoth
2774 1229 3084 1298 reliquisset
3133 1228 3288 1282 nobis
3343 1244 3553 1296 semen,

1973 1314 2115 1367 sicut
2153 1312 2386 1369 Sodoma
2428 1316 2554 1370 facti
2589 1331 2856 1383 essemus,
2881 1328 2930 1371 et
2961 1319 3101 1372 sicut
3146 1317 3452 1374 Gomorrba
3482 1321 3557 1375 si-

1975 1405 2131 1459 miles
2158 1405 2469 1462 fuissemus.
2499 1426 2517 1458 ι
2543 1408 2694 1473 Quod
2724 1424 2906 1463 semen
2937 1408 3146 1464 Isaiasa
3177 1411 3402 1465 Domino
3422 1412 3556 1466 dicit

1973 1497 2324 1553 derelictum?
2360 1499 2487 1553 lllml
2543 1501 2661 1554 sine
2701 1501 2864 1556 dubio
2897 1503 3039 1572 quod
3089 1503 3228 1556 idem
3261 1504 3553 1573 Apostolus

1973 1590 2190 1660 exponit
2245 1591 2298 1644 in
2341 1592 2485 1656 aliis,
2547 1607 2668 1646 cum
2716 1593 2849 1646 dicit
2893 1593 2961 1647 ad
3013 1594 3292 1649 Abraham
3341 1597 3544 1650 dictum

1971 1696 2191 1736 essezc
2229 1681 2346 1736 'l'ibi
2404 1683 2544 1735 dabo
2597 1691 2794 1735 terram
2859 1682 3021 1745 hanc,
3075 1691 3130 1738 et
3179 1685 3375 1739 semini
3433 1697 3550 1745 tuo.

2443 1774 2510 1828 Et
2580 1775 2912 1840 seminibus,
2990 1777 3140 1846 quasi
3220 1777 3270 1830 in
3335 1779 3546 1848 multis;

1965 1869 2092 1932 sed,
2123 1867 2315 1922 semini
2367 1877 2486 1932 tuo,
2546 1877 2800 1936 tanquam
2838 1868 3054 1934 inuno,
3111 1869 3200 1937 qui
3251 1878 3338 1925 est
3387 1870 3550 1925 Chri-

1963 1970 2081 2014 stus
2099 1960 2164 2017 ”.
2191 1979 2208 2011 ι
2239 1960 2349 2014 lloc
2372 1969 2604 2030 estergo
2633 1959 2776 2027 quod
2820 1959 2931 2029 (44)
2975 1960 3106 2016 dicit
3147 1959 3315 2016 Isaias
3343 1977 3358 2015 :
3383 1962 3552 2033 619

1969 2051 2122 2106 «Nisi
2157 2050 2418 2107 Dominus
2452 2052 2761 2120 reliquisset
2807 2052 2960 2106 nobis
3013 2067 3224 2118 semen,
3252 2071 3272 2106 ι
3341 2054 3390 2108 id
3435 2064 3540 2117 est,

1963 2143 2064 2198 nisi
2100 2143 2338 2197 dedisset
2362 2143 2519 2196 nobis
2537 2143 2814 2196 Christum
2845 2152 2902 2196 ut
2928 2159 2992 2196 ex
3024 2143 3182 2197 nobis
3205 2153 3545 2207 nasceretur,

1969 2253 1988 2288 ι
2017 2234 2159 2289 sicut
2189 2235 2426 2288 Sodoma
2477 2232 2770 2288 fuissemus
2792 2233 2858 2300 5°,
2886 2252 2905 2284 ι
2961 2246 3226 2302 quantum
3257 2236 3323 2287 ad
3353 2236 3546 2303 impie—

1964 2329 2092 2380 tatis
2130 2325 2554 2396 magnitudinem
2600 2337 2832 2394 spectat,
2884 2327 2985 2380 nisi
3039 2330 3163 2396 quia
3216 2341 3271 2381 et
3325 2331 3546 2398 gravius

1962 2419 2164 2488 aliquid
2199 2419 2339 2485 apud
2374 2416 2650 2471 Israclitas
2681 2429 2891 2488 gestum
2941 2429 3045 2470 est.
3084 2417 3218 2472 Nam
3250 2419 3544 2474 SOdOmitte

1963 2511 2016 2564 in
2049 2511 2289 2578 hospites
2323 2511 2510 2563 incesti
2550 2509 2866 2564 referuntur
2914 2509 3025 2580 (15)
3075 2519 3127 2564 et
3178 2511 3538 2581 impudici“;

1961 2601 2188 2671 populus
2233 2615 2363 2655 vero
2395 2600 2556 2654 Israel
2593 2601 2645 2654 in
2690 2616 2813 2654 cum
2849 2602 3146 2671 sacrilegus
3192 2605 3399 2658 exstitit
3447 2605 3540 2674 qui

1961 2708 2085 2748 cum
2125 2691 2384 2746 Dominus
2417 2689 2717 2759 majestatis
2767 2691 2859 2757 sit,
2896 2691 3064 2746 frater
3106 2709 3294 2749 eorum
3339 2695 3453 2767 (46)
3485 2707 3542 2752 et

1961 2785 2065 2838 dici
2099 2783 2264 2838 voluit
2297 2793 2351 2838 et
2384 2798 2522 2838 esse.
2580 2783 2692 2837 Nisi
2721 2798 2850 2851 ergo
2883 2798 3066 2838 semen
3102 2785 3243 2840 istud
3277 2786 3542 2844 Dominus

1961 2876 2292 2946 reliquisset,
2325 2890 2420 2945 per
2441 2874 2583 2944 quod
2615 2875 2855 2944 reliquiae
2881 2876 3042 2931 salva:
3074 2877 3288 2945 fierent,
3324 2892 3378 2934 et
3410 2896 3536 2936 vasa

1960 2967 2347 3024 misericordiae
2408 2968 2785 3033 salvarentur,
2841 2968 3118 3024 interisset
3154 2971 3383 3040 pepulns
3445 2972 3536 3028 ille

1959 3071 2018 3115 nt
2051 3062 2309 3116 Sodoma.
2359 3061 2424 3114 Ει
2473 3068 2655 3115 tamen
2693 3075 2800 3115 non
2847 3062 3022 3116 otiose
3061 3063 3229 3120 Isaias
3262 3080 3483 3121 «semen
3512 3084 3533 3118 I

1959 3148 2257 3202 nominavit
2304 3147 2448 3218 quod
2481 3147 2728 3202 relictum
2760 3157 2862 3205 est.
2908 3148 3107 3206 Semen
3138 3169 3372 3225 namque
3401 3156 3538 3209 dici-

1958 3251 2045 3296 tur
2071 3242 2212 3312 quod
2259 3241 2567 3296 seminatur
2613 3243 2664 3297 in
2699 3251 2865 3309 terra,
2897 3252 2953 3298 et
2997 3244 3238 3300 fructum
3271 3247 3536 3319 multipli-

1954 3347 2074 3386 cem
2109 3332 2286 3386 reddit
2335 3347 2351 3386 :
2402 3335 2608 3387 docens
2657 3345 2754 3401 per
2800 3332 2924 3397 hoc,
2953 3333 3116 3388 etiam
3148 3335 3421 3391 Christum
3449 3352 3537 3392 se-

1955 3425 2272 3478 minandum
2325 3438 2466 3491 esse,
2519 3423 2571 3478 id
2604 3434 2684 3478 est
2721 3425 3090 3494 sepeliendum
3133 3431 3333 3484 essein
3364 3439 3533 3498 terra,

1952 3529 2006 3586 et
2039 3516 2162 3571 inde
2187 3525 2559 3586 resurgentem
2580 3515 2811 3570 fructum
2833 3517 3124 3586 plurimum
3158 3521 3321 3577 totius
3339 3522 3532 3578 Eccle-

1954 3607 2048 3660 sia:
2075 3604 2437 3660 multitudinis
2459 3605 2822 3675 prolaturum,
2856 3606 2996 3661 sicut
3028 3618 3082 3664 et
3127 3612 3241 3680 ipse
3270 3612 3532 3667 Dominus

1951 3698 2082 3755 dicit
2111 3715 2125 3752 :
2162 3715 2180 3748 ι
2203 3697 2316 3753 Nisi
2345 3712 2572 3766 granum
2622 3696 2875 3752 frumenti
2910 3699 2962 3752 in
3004 3707 3208 3755 terram
3249 3703 3526 3766 ceciderit,

1949 3798 2004 3844 et
2027 3798 2294 3844 mortuum
2321 3788 2504 3852 fuerit,
2534 3789 2766 3844 fructum
2793 3805 2897 3845 non
2927 3789 3082 3845 atIert
3113 3792 3255 3862 (47);
3275 3793 3316 3848 si
3350 3801 3527 3849 autem

1952 3893 2224 3937 mortuum
2257 3881 2436 3949 fuerit,
2471 3882 2702 3936 fructum
2739 3881 3028 3952 plurimum
3059 3881 3298 3942 affert".
3334 3904 3354 3937 ι

2025 3993 2043 4027 ι
2067 3973 2202 4040 Quid
2229 3988 2356 4042 ergo
2379 3971 2655 4027 dicemus?
2685 3975 2835 4040 Quod
2864 3984 3056 4043 gentes
3078 3991 3197 4044 qme
3219 3991 3322 4031 non
3353 3987 3522 4032 secta.

1951 4063 2457 4132 banturjustitiam,
2497 4065 3032 4134 comprehenderunt
3062 4065 3328 4134 justitiam
3369 4069 3522 4139 (48);

1941 4158 2211 4228 justitiam
2247 4167 2427 4212 autem
2463 4173 2584 4226 quae
2619 4173 2685 4212 ex
2719 4158 2822 4213 title
2852 4169 2936 4214 est
2959 4160 3028 4215 ⁵³.
3054 4180 3074 4213 ι
3117 4159 3376 4217 Videatur
3407 4162 3520 4218 for-

1950 4254 2111 4307 tassis
2143 4251 2245 4307 hoc
2276 4252 2604 4304 contrarium
2638 4266 2760 4306 esse
2795 4252 2874 4306 vel
2911 4253 3014 4307 illis
3045 4255 3110 4307 de
3138 4255 3334 4322 quibus
3362 4271 3546 4325 supra,

1950 4345 2209 4406 diximus,
2253 4342 2394 4412 quod
2444 4343 2816 4412 unusquisque
2847 4344 3102 4398 emundet
3132 4361 3191 4399 se
3233 4355 3286 4400 et
3323 4361 3523 4414 expuro

264 4434 488 4485 veniens
525 4432 782 4485 Dominus
829 4435 1229 4501 pronuntiaret,
1261 4441 1315 4486 et
1350 4433 1558 4488 diceret
1587 4453 1599 4488 :
1641 4453 1656 4486 ι
1708 4435 1838 4490 Dili-
1875 4451 1918 4506 ι)
1946 4443 2052 4506 get,
2087 4445 2144 4491 ut
2176 4437 2270 4490 fiat
2297 4450 2392 4491 vas
2427 4434 2580 4497 utile,
2622 4443 2675 4488 et
2711 4450 2808 4488 vas
2834 4435 3219 4491 misericordia:
3254 4455 3268 4492 :
3303 4437 3386 4492 vel
3417 4439 3522 4495 illis

334 4592 380 4623 so
397 4597 558 4642 “4;...
597 4605 672 4652 ις,
703 4589 773 4642 27
809 4601 926 4654 seq.
1035 4586 1078 4618 ⁸¹
1115 4587 1129 4638 1
1163 4586 1289 4640 Cor.
1350 4603 1410 4648 tl,
1445 4587 1498 4644 6.

262 4675 324 4725 ιι,
351 4659 406 4716 8.
481 4661 526 4692 ⁵⁸
554 4659 690 4712 Gen.
729 4675 862 4720 χχιι,
901 4656 984 4708 l7.
1064 4657 1110 4688 ⁸⁷
1141 4655 1330 4711 Matth.
1385 4675 1522 4721 xxii,
1562 4660 1646 4714 I4.

259 4735 306 4762 "’
337 4731 458 4784 ISTII.
498 4747 536 4790 ι,
571 4729 620 4783 9.
701 4730 741 4760 ⁶¹
771 4727 908 4782 Gen.
956 4743 1066 4792 six,
1101 4726 1153 4780 5.
1235 4729 1278 4758 “
1311 4726 1467 4782 Joau.
1505 4743 1600 4794 xtl,
1634 4731 1725 4786 24.

335 4826 448 4898 (59)
480 4827 822 4898 Saiodianus,
873 4843 892 4876 ι
930 4823 1280 4898 Postea__qu_:e
1327 4839 1425 4892 per
1472 4825 1562 4898 Dei
1616 4829 1835 4896 sapien-

263 4893 393 4954 tiam
418 4893 577 4963 quam
615 4897 874 4966 loquitur,
906 4913 927 4966 ρ
963 4906 1071 4948 etc.
1114 4894 1396 4958 Merlinns,
1434 4912 1463 4966 ε
1491 4893 1834 4966 Ροριθείφιςιξ

262 4985 359 5039 per
408 4968 498 5020 Dei
542 4963 1227 5039 sapientiam_loqnitur,_i
1274 4975 1380 5039 etc.
1427 4963 1829 5029 Genebrardus,

267 5033 286 5091 ἆ
338 5033 698 5103 Posteaquam
728 5033 823 5105 per
857 5035 950 5088 Dei
975 5033 1296 5101 Sapientiam
1330 5034 1564 5096 locutus,
1604 5051 1624 5085 ι
1651 5044 1758 5090 etc.

333 5107 448 5178 (40)
481 5105 675 5178 Ειιίιί,
739 5123 757 5156 ι
814 5105 1171 5178 tltesaurizat,
1210 5121 1243 5178 Δι
1297 5111 1353 5178 et
1396 5105 1657 5178 omittunt
1707 5120 1830 5178 cum

262 5173 398 5231 mss.
429 5173 734 5246 plerisque,
773 5191 791 5224 ι
827 5175 951 5243 ipsi,
983 5191 1004 5224 ›
1037 5182 1121 5246 et,
1152 5190 1174 5246 ι
1210 5173 1384 5246 ἰιιλιΙίθ
1413 5174 1526 5226 irae.
1574 5191 1597 5246 ι
1628 5173 1832 5230 Deinde

262 5247 422 5300 iidem
444 5241 578 5300 editi
613 5241 812 5298 habent
837 5241 863 5308 ,⁷
895 5261 914 5294 ι
949 5253 1074 5296 sunt
1111 5243 1164 5296 hi
1193 5241 1284 5312 qui
1313 5258 1371 5297 se
1396 5244 1834 5300 smundat-erunt

261 5317 456 5385 abhis,
487 5326 632 5370 et....
663 5323 1152 5385 praeparaverunt»

331 5383 449 5459 (4|)
483 5385 580 5459 bis.
625 5398 760 5438 unus
779 5423 806 5449 ,.
804 5384 1064 5459 __t_‘e_tiam
1110 5384 1161 5436 in
1195 5383 1481 5459 __pr_opbeta
1533 5383 1685 5459 docet
1725 5383 1830 5438 hoc

261 5451 384 5510 esse
420 5451 707 5526 Scriptura.
748 5470 768 5503 ι
804 5451 948 5526 Editi
990 5467 1141 5526 vero,
1187 5453 1449 5526 Babanus
1478 5461 1532 5503 et
1563 5455 1651 5506 alii
1678 5469 1827 5526 mss.

262 5529 392 5580 utin
423 5523 608 5578 nostro
635 5532 805 5588 textu,
836 5523 940 5578 nisi
963 5524 1103 5592 quod
1131 5523 1260 5578 editi
1287 5524 1518 5576 habeant
1537 5541 1555 5572 ι
1584 5525 1780 5593 scripta
1804 5543 1822 5575 ι

263 5611 358 5662 pro
387 5615 408 5648 ι
443 5595 779 5664 praescripta.
815 5610 836 5645 ι

332 5660 570 5736 (42)'Sic
599 5660 725 5736 mss.
755 5671 810 5716 et
843 5661 1122 5736 Rabanus.
1155 5663 1309 5736 Editi
1331 5677 1525 5736 νει-0,)
1558 5660 1827 5728 Utrasque

264 5731 844 5807 enim'prmnissiones
886 5747 1007 5803 quae
1047 5731 1116 5788 ad
1158 5735 1425 5790 Abraham
1487 5731 1641 5786 f.ict.e
1677 5744 1822 5792 sunt,

1678 4591 1832 4646 llum.
1891 4607 1953 4652 II,
1993 4592 2044 4648 5.
2141 4593 2187 4627 ⁸³
2223 4593 2259 4646 ll
2295 4595 2502 4654 Tim.tt,
2533 4595 2622 4648 21.
2718 4592 2764 4625 ⁸⁸
2805 4592 2956 4648 Rom.

1727 4661 1771 4693 ⁵³
1833 4662 1986 4715 Deut.
2017 4680 2085 4723 ιι.
2135 4666 2202 4728 5;
2232 4665 2420 4719 Matth.
2459 4681 2594 4728 XXII,
2619 4665 2710 4732 57,
2743 4665 2834 4730 39,
2865 4663 2956 4717 40.

1678 4731 1725 4786 ι.
1803 4732 1848 4763 ⁸⁸
1882 4732 2040 4786 Hom.
2073 4749 2148 4786 ιχ.
2185 4734 2274 4786 50.

1931 4750 2040 4787 υιιι.
2073 4749 2148 4799 ιι,
2185 4749 2274 4788 ου.

2718 4592 2764 4625 ⁵⁸
2805 4592 2959 4648 Ilum.
2997 4608 3056 4651 ιι.
3091 4593 3146 4645 5.
3251 4596 3297 4627 ⁸⁸
3330 4597 3346 4649 1
3375 4594 3517 4654 Ωον.

3034 4665 3079 4696 ”
3103 4662 3279 4722 Galat.
3311 4683 3393 4734 III,
3428 4666 3516 4724 I6.

2141 4593 2187 4627 ⁸³
2223 4593 2259 4646 ll
2295 4595 2502 4654 Tim.tt,
2533 4595 2622 4648 21.

1936 4828 2179 4882 continet
2209 4843 2407 4882 sermo.
2457 4847 2476 4880 ι

2011 4898 2126 4969 (45)
2160 4898 2320 4961 Editi,
2358 4920 2374 4948 ‹
2409 4899 2594 4968 paucis
2619 4911 2753 4950 nexa
2779 4899 3146 4969 sermonibus,
3177 4919 3196 4953 ι
3227 4908 3334 4954 etc.

2011 4967 2124 5036 (at)
2160 4969 2322 5040 Editi,
2371 4967 2572 5037 «quod
2630 4979 2715 5021 cst
2755 4967 3026 5024 ChriStus.
3081 4969 3198 5026 Non
3247 4983 3380 5040 ergo
3428 4978 3515 5026 est.

1935 5037 2105 5095 aliud.
2140 5039 2306 5106 quod,
2337 5057 2357 5090 ›
2385 5046 2492 5092 etc.

2012 5108 2126 5176 (45)
2157 5111 2308 5163 Alias
2340 5128 2358 5160 ι
2387 5109 2626 5164 fuerunt.
2665 5125 2684 5158 ν

2035 5179 2126 5248 46)
2159 5177 2319 5244 Editi,
2358 5198 2377 5228 ι
2415 5189 2566 5248 pater
2592 5193 2801 5231 eorum.
2839 5197 2858 5231 ι

2037 5247 2126 5316 47)
2163 5249 2261 5302 Ms.
2297 5265 2436 5302 unus
2470 5247 2708 5316 Regius,
2759 5266 2778 5298 ι
2814 5251 2986 5317 ipsum
3031 5250 3204 5304 solum
3244 5259 3443 5305 manet.
3482 5266 3508 5303 ι

1941 5318 2095 5372 Alter
2125 5319 2324 5387 Regius
2359 5335 2506 5372 num.
2533 5317 2692 5378 1659.
2727 5337 2746 5368 ι
2787 5317 3022 5373 fructum
3062 5337 3168 5374 non
3197 5321 3390 5376 afferet
3422 5359 3511 5378 ....

1943 5387 2175 5441 fructum
2209 5389 2496 5458 plurimmn
2532 5387 2742 5440 alleret.
2783 5406 2802 5439 ι
2857 5388 2962 5442 Sed
2993 5392 3174 5445 caeteri
3208 5407 3368 5458 mss,
3403 5388 3514 5446 Ra-

1941 5460 2112 5511 bauus
2146 5467 2202 5511 et
2229 5458 2357 5511 editi
2393 5458 2526 5512 utin
2558 5468 2746 5510 nostro
2775 5466 2946 5512 textu.

2013 5527 2122 5600 (t8)
2155 5527 2286 5580 Mss.
2314 5527 2444 5590 duo,
2479 5545 2498 5576 ι
2526 5537 2829 5600 consecutae
2861 5539 2987 5582 sunt
3006 5529 3334 5598 justitianm
3365 5530 3508 5588 Editi

1936 5605 1989 5670 et
2024 5597 2127 5670 ius.
2173 5613 2344 5660 unus,
2397 5615 2415 5647 ι
2473 5597 2950 5666 apprehenderunl
2988 5597 3280 5670 justitiam.
3332 5618 3358 5657 ι

1939 5667 2195 5721 ltabanus
2229 5679 2286 5726 ut
2317 5669 2369 5720 in
2401 5675 2589 5721 nostro
2615 5676 2782 5723 textu.
2991 5667 3002 5670 '
