3986 6206
429 336 565 389 “‘35

1895 325 2053 391 ORIG
2063 334 2216 391 ENIS

3571 337 3714 392 ltiti

423 471 547 526 ane
593 455 647 508 in
703 455 1082 525 superioribus
1131 453 1512 518 disset'ttittttts,
1576 455 1719 522 quod
1773 453 2008 506 naturali
2039 447 2090 516 Ᾱ-
2117 453 2167 507 in
2202 467 2349 517 eum,
2399 465 2506 509 non
2553 454 2842 508 erubescet
2875 453 2936 508 ⁸³.
2967 473 2988 507 ι
3023 452 3317 523 Apostolus
3342 463 3549 521 autem,
3585 475 3604 508 ι
3631 459 3708 512 la-

419 548 560 614 lege,
598 547 648 601 in
674 564 779 617 qua
805 548 923 601 sine
953 547 1119 600 dubio
1147 557 1230 600 est
1250 555 1305 601 et
1326 546 1560 614 jnstitia,
1593 556 1814 602 utantur
1843 546 2006 601 etiam

422 651 632 708 gentes.
676 639 956 705 Quomodo
984 654 1118 704 ergo
1150 639 1236 692 hic
1267 639 1396 694 dicit
1430 640 1556 708 quia
1605 657 1633 696 ι
1659 649 1855 709 gentes
1887 653 2018 709 quas

422 749 528 783 non
569 730 926 784 sectabantur
976 730 1270 799 justitiam,
1319 733 1849 801 comprehenderunt
1894 732 2007 802 (49)

417 820 765 890 justitiam?»
811 819 944 878 Vide
975 837 1104 892 ergo
1156 823 1201 876 si
1254 822 1356 876 hoc
1396 825 1558 877 modo
1599 835 1892 893 possumus
1933 839 2012 879 re-

420 915 711 982 spondere.
755 912 913 967 Aliud
965 924 1047 968 est
1099 915 1323 978 sectari,
1372 914 1520 968 aliud
1568 914 1792 968 insitunt
1839 914 2006 969 habe-

423 1019 483 1058 re
514 1003 648 1072 (50).
706 1003 918 1059 Sectari
973 1003 1176 1059 dicitur
1229 1005 1318 1060 ille
1365 1009 1454 1074 qui
1492 1021 1590 1076 per
1615 1007 1917 1061 doctrinam
1951 1012 2006 1062 et

427 1095 717 1151 lectionem
754 1096 978 1150 multam
1009 1096 1224 1167 assequi
1255 1095 1462 1167 aliquid
1493 1099 1642 1168 cupit
1674 1116 1687 1150 :
1718 1098 1861 1154 unde
1887 1107 1942 1152 et
1972 1113 2002 1151 a

426 1187 688 1264 sectando
719 1193 889 1242 sectae
931 1188 1214 1258 appellatae
1240 1197 1367 1243 sunt
1401 1187 1707 1257 hujusmodi
1746 1188 2006 1244 doctrinae

419 1295 540 1352 quae
594 1281 875 1335 hominum
925 1280 1218 1335 traditione
1267 1280 1574 1336 discuntur.
1621 1282 1827 1338 Gentes
1874 1296 2002 1352 ergo

421 1371 535 1442 (51)
577 1373 701 1441 quia
748 1371 918 1442 legem
948 1371 1146 1426 tabulis
1192 1371 1274 1428 vel
1306 1371 1458 1428 libris
1487 1373 1565 1429 sic
1607 1375 1863 1443 scriptam
1893 1391 2001 1429 non

422 1465 759 1528 habuerunt,
815 1479 922 1519 non
956 1463 1216 1518 dicuntttr
1265 1474 1488 1519 sectatus
1518 1481 1638 1522 esse
1680 1465 1945 1538 justitiam
1984 1485 2000 1522 :

421 1556 731 1610 habuerunt
784 1564 963 1612 tamen
1014 1555 1257 1622 insitam,
1292 1572 1455 1626 quam
1500 1557 1583 1612 lex
1619 1572 1711 1612 eos
1740 1557 2000 1614 naturalis

419 1645 654 1701 edocuit.
714 1646 919 1702 Idcirco
948 1662 1079 1717 ergo
1108 1649 1336 1716 proximi
1395 1648 1612 1703 fuerunt
1653 1649 1881 1718 justitize
1931 1651 1981 1705 ei

421 1751 543 1803 qme
575 1751 638 1790 cx
691 1737 794 1792 lide
826 1745 932 1803 est,
966 1736 1019 1791 id
1055 1745 1158 1802 est,
1205 1737 1445 1793 Christo.
1494 1737 1699 1792 «Israel
1753 1751 1881 1793 vero
1910 1754 1998 1793 se-

2116 545 2294 615 pidem
2327 533 2666 609 offension's,
2696 553 2748 599 et
2778 555 2987 616 petram
3028 548 3294 609 seandali,
3322 568 3340 600 ι
3379 549 3448 603 tle
3475 551 3590 602 alio
3623 551 3674 602 lo

2115 650 2180 689 co
2210 636 2378 705 ipsius
2430 637 2582 690 Isaiae
2617 638 2898 706 propheta
2944 636 3071 692 huic
3100 638 3417 693 testimonio
3446 641 3704 705 inseruit,

2114 730 2166 782 in
2199 744 2305 797 quo
2338 730 2408 782 ita
2457 730 2726 799 scriptum
2753 739 2836 785 est
2884 747 2899 785 :
2941 750 2960 782 ι
2983 731 3048 788 Et
3082 747 3188 789 non
3223 744 3482 803 tanquam
3536 734 3703 801 lapidi

2109 816 2430 872 odemionis
2453 818 2754 874 occurretis
2775 820 2848 883 ei,
2883 831 3134 891 nequeut
3166 821 3328 891 lapidi
3359 821 3530 876 urina.
3572 823 3652 888 ";
3677 842 3698 873 ι

2110 917 2157 964 et
2195 924 2259 963 ex
2304 917 2536 980 utroque
2587 911 2706 965 loco
2760 925 3058 979 excerpens
3125 925 3247 982 quae
3304 915 3708 969 assertionibus

2109 1001 2224 1056 suis
2279 1003 2563 1057 commoda
2626 1003 2952 1058 videbantur
3009 1005 3213 1074 aptavit
3271 1005 3408 1076 (56).
3467 1007 3704 1061 Verum-

2110 1097 2291 1144 tamen
2328 1089 2591 1147 Dominus
2618 1089 2803 1166 .Iesus,
2830 1098 2994 1162 quem
3025 1094 3292 1164 plurimis,
3324 1098 3418 1151 sed
3455 1098 3616 1150 bonis
3642 1109 3702 1152 et

2110 1180 2444 1236 salutaribus
2478 1183 2797 1238 nominibus
2847 1186 3164 1254 compellari
3221 1187 3553 1253 invenimus,
3599 1188 3700 1242 tui-

2111 1287 2228 1328 runt
2287 1273 2519 1330 fortasse
2555 1277 2801 1332 videatur
2848 1293 2948 1334 cur
2995 1279 3050 1334 in
3091 1281 3198 1335 hoc
3255 1282 3374 1336 loco
3421 1295 3590 1350 quem
3625 1283 3700 1338 de

2110 1365 2244 1422 Isaia
2273 1369 2535 1437 prepbela
2581 1372 2815 1442 sumpsit
2842 1371 3160 1442 Apostolus.
3209 1373 3702 1442 lapistuﬂ'ettsionis
3777 1431 3788 1440 ,

2110 1467 2167 1514 et
2198 1469 2350 1529 petra
2381 1461 2623 1516 scandali
2658 1463 3000 1530 nominetur;
3031 1479 3152 1519 cum
3187 1466 3376 1532 utique
3406 1465 3552 1520 bono
3589 1468 3702 1519 bo-

2105 1551 2271 1613 mino,
2309 1559 2363 1604 et
2400 1552 2526 1606 boni
2565 1551 2740 1608 Patris
2785 1553 2926 1609 Filio
2956 1569 3294 1626 quiecnnque
3345 1559 3488 1612 bona
3519 1569 3578 1612 et
3602 1573 3700 1612 sa-

2105 1642 2298 1696 lutaria
2328 1641 2443 1713 (57)
2479 1643 2734 1699 videntur
2758 1649 2996 1716 aptanda
3039 1647 3171 1712 sint,
3211 1659 3269 1702 ut
3313 1664 3440 1718 pax,
3489 1662 3550 1704 et
3600 1650 3698 1718 ju-

2107 1736 2274 1802 st-itia,
2317 1745 2372 1789 et
2416 1737 2644 1802 veritas,
2680 1747 2738 1793 et
2771 1739 2972 1794 ostium
3023 1753 3132 1808 quo
3180 1740 3421 1796 intratur
3471 1743 3542 1796 ad
3594 1741 3700 1796 Pa-

420 1840 574 1882 ctans
628 1829 798 1898 legem
846 1827 1091 1896 justitiie,
1148 1829 1199 1882 in
1239 1829 1413 1896 legem
1449 1844 1555 1881 non
1604 1831 1853 1900 pervenit
1880 1827 1945 1883 “.
1974 1849 1991 1880 ι
2033 1808 2072 1862 Β
2105 1837 2264 1890 trem,
2312 1837 2366 1882 et
2397 1837 2607 1897 pastor,
2649 1839 2715 1885 et~
2740 1829 2826 1886 leo
2868 1831 2934 1886 de
2986 1833 3127 1886 tribtt
3157 1832 3316 1896 .Iuda,
3364 1834 3449 1887 vel
3475 1835 3698 1889 catulus

420 1918 486 1974 Et
519 1921 606 1975 hic
642 1917 813 1984 locus,
863 1920 1008 1976 sicut
1063 1936 1226 1990 supra
1281 1922 1685 1975 observandum
1739 1923 1996 1987 diximus,

419 2013 474 2067 in
507 2028 613 2067 uno
642 2013 943 2083 eodemque
970 2012 1240 2069 versiculo
1277 2013 1494 2068 diverse
1537 2015 1781 2068 nominat
1827 2014 1998 2084 legem

420 2095 558 2175 (52).
597 2104 820 2160 Certum
855 2115 936 2159 est
957 2104 1102 2159 enim
1135 2103 1262 2174 quia
1291 2104 1459 2160 Israel
1483 2108 1796 2160 sectabatur
1825 2107 1996 2178 legem

414 2183 642 2263 j'nstitize
669 2195 963 2249 secundum
1002 2195 1261 2260 litteram,
1316 2197 1408 2249 sed
1437 2197 1490 2250 in
1538 2197 1710 2267 legem
1739 2213 1845 2253 non
1878 2211 1999 2267 per-

417 2287 588 2340 venit.
644 2285 816 2354 Quam
856 2287 1061 2357 legent?
1119 2286 1249 2343 Slue
1299 2289 1462 2344 dubio
1514 2291 1756 2360 spiritus.
1811 2289 2002 2362 Neque

413 2378 559 2434 enim
595 2380 696 2433 hoc
729 2379 932 2434 diceret
977 2381 1289 2451 Apostolus,
1337 2383 1461 2450 quia
1498 2382 1666 2453 legem
1705 2397 1864 2450 quam
1908 2397 1998 2438 se-

417 2471 686 2537 ctabatur,
741 2484 796 2526 et
828 2488 989 2543 quam
1042 2475 1280 2540 tenebat,
1317 2485 1370 2529 et
1419 2491 1581 2544 quam
1637 2474 1890 2541 habebat,
1943 2477 1995 2530 itt

419 2557 559 2616 hanc
586 2579 690 2616 non
726 2567 1060 2634 pervenerit.
1102 2563 1299 2620 Reddit
1331 2578 1459 2634 ergo
1491 2564 1776 2630 rationem,
1810 2581 1910 2621 cur
1943 2567 1994 2620 i‘n

415 2645 586 2724 legem
634 2653 797 2710 Israel
838 2672 944 2712 non
1004 2659 1240 2728 potuerit
1293 2658 1598 2726 pervenire.
1665 2675 1683 2709 ι
1711 2657 1846 2724 Quia
1889 2674 2000 2712 non-

413 2761 482 2800 ex
532 2745 656 2810 title,
703 2747 898 2816 inquit,
951 2749 1044 2804 sed
1097 2748 1210 2821 (5‘5)
1252 2748 1404 2818 quasi
1456 2765 1518 2804 ex
1577 2749 1912 2818 operibus“.
1969 2769 1988 2802 ι

418 2829 492 2888 De
526 2836 629 2890 title
657 2833 858 2893 Christi
890 2850 945 2894 et
992 2842 1247 2909 operibus
1289 2839 1442 2910 legis,
1492 2842 1707 2896 abunde
1740 2842 1793 2896 in
1827 2842 1995 2898 initiis

415 2917 574 2992 hujus
601 2927 851 2998 Epistolaz
879 2931 1237 2987 disseruimus
1273 2932 1387 3003 (5i)
1424 2952 1436 2986 :
1469 2943 1523 2988 et
1552 2933 1678 2988 ideo
1707 2951 1775 2990 ne
1801 2934 1993 2990 eadem

415 3019 615 3084 sa-pius
670 3019 951 3085 iterenms,
1001 3029 1324 3091 prmse‘ntem
1375 3024 1550 3078 locum
1605 3025 1794 3094 paucis
1827 3027 1994 3095 ipsius

410 3109 651 3176 Apostoli
713 3111 1055 3166 sermonibus
1117 3113 1476 3182 explicemus,
1551 3116 1756 3184 quibus
1811 3118 1983 3172 dicit:

415 3195 770 3266 «Ignorantes
819 3201 960 3255 enim
994 3203 1085 3256 Dei
1131 3200 1424 3270 justitiam,
1467 3215 1522 3258 et
1554 3221 1707 3258 suam
1739 3222 1989 3275 quaeren-

412 3298 493 3342 tes
522 3300 777 3356 statuere,
820 3291 1053 3361 justitia:
1090 3293 1181 3349 Dei
1237 3309 1342 3347 non
1385 3303 1512 3348 sunt
1543 3295 1793 3363 subjecti.
1837 3295 1987 3354 Finis

408 3366 555 3435 enim
583 3382 714 3452 legis
735 3381 1007 3452 Christus,
1036 3386 1104 3440 ad
1129 3385 1396 3454 justitiam
1425 3387 1574 3440 omni
1601 3388 1845 3444 credenti
1866 3391 1930 3444 ⁸⁸.
1959 3411 1978 3443 ι

410 3470 544 3554 Quia
576 3491 706 3546 ergo
735 3476 908 3547 legem
954 3480 1304 3534 sectabantur
1341 3495 1446 3533 non
1491 3482 1786 3536 secundum
1818 3499 1981 3554 opera

406 3553 629 3633 iustitia:
662 3569 776 3628 Dei.
823 3569 916 3624 sed
963 3569 1258 3625 secundum
1289 3585 1452 3638 opera
1483 3586 1593 3626 suae
1617 3553 1865 3642 justitiie,
1901 3576 1984 3629 id-

406 3659 554 3712 circo
604 3679 623 3713 ι
672 3651 1012 3717 οσυιιιιοωιιι
1070 3664 1134 3716 ιη’
1188 3663 1416 3732 lapidem
1501 3664 1841 3733 offensionis,
1917 3670 1984 3724 de

405 3764 514 3820 qtto
544 3747 806 3820 scriptum
843 3761 925 3807 est
961 3747 1122 3825 (55):
1156 3745 1296 3809 Ecce
1331 3770 1471 3826 pono
1502 3757 1553 3810 in
1589 3758 1717 3810 Sion
1752 3758 1984 3826 lapidem

406 3838 742 3910 oﬂ'ensionis,
796 3853 849 3899 et
888 3856 1101 3914 petram
1149 3847 1434 3901 seandali:
1487 3859 1542 3902 et
1601 3849 1691 3916 qui
1749 3849 1986 3902 credidit

406 3933 460 3986 in
527 3939 686 3998 eum,
749 3950 854 3988 non
917 3936 1199 3991 erubescet
1237 3937 1300 3990 ⁸⁷.
1345 3957 1363 3988 ι
1429 3937 1721 3993 Sciendum
1801 3951 1986 3994 autem

404 4030 515 4084 e.-.t,
561 4023 704 4091 quod
741 4024 792 4077 in
844 4024 979 4078 Isztia
1032 4029 1300 4094 propheta
1348 4030 1449 4083 hoc
1501 4030 1868 4084 testimonium
1909 4031 2008 4084 ita-

405 4113 662 4180 scriptum
715 4123 843 4168 est:
883 4133 901 4165 ι
934 4115 1070 4170 Ecce
1119 4133 1220 4187 ego
1267 4119 1499 4174 immitto
1556 4123 1609 4176 in
1658 4123 1986 4176 ftutdamen-

407 4211 458 4254 ta
491 4199 620 4257 Sion
676 4203 905 4275 lapidem
957 4207 1278 4276 pretiosum,
1333 4210 1587 4274 electum,
1646 4213 1980 4282 angularem,

403 4296 721 4366 pneclarutn
753 4297 807 4353 itt
841 4297 1194 4353 fundamenta
1240 4300 1398 4368 ejus;
1450 4310 1505 4354 et
1554 4303 1642 4370 qui
1688 4304 1986 4358 crediderit

470 4391 516 4423 “
546 4395 700 4446 Item.
723 4387 912 4458 tx,3l.
989 4393 1034 4426 ⁸⁸
1061 4391 1216 4450 Rom.
1254 4409 1327 4459 tx,
1357 4395 1446 4448 52.
1522 4398 1567 4428 ⁸⁸
1592 4397 1744 4451 Rom.
1773 4413 1824 4454 x.
1849 4399 1902 4462 5,
1934 4399 1986 4451 4.

401 4452 490 4532 ιι.
539 4461 588 4494 ’⁸
617 4452 816 4520 Ρςιιιιιι.
851 4480 927 4527 ix,
951 4463 1050 4530 24;
1087 4463 1218 4520 alias
1247 4452 1384 4532 1,5.
1458 4467 1501 4497 ”
1524 4465 1713 4522 Matth.
1741 4452 1902 4530 xxiii,
1932 4469 2021 4522 I5.

401 4531 490 4586 15.
557 4533 601 4565 ⁷⁵
635 4535 758 4588 Ose.
794 4550 853 4601 tt,
890 4532 944 4590 6.

475 4627 587 4696 (49)
620 4625 796 4693 Editi,
851 4650 870 4683 ι
907 4631 1190 4698 Quomodo
1218 4647 1350 4700 ergo
1381 4631 1469 4686 hic
1503 4631 1632 4684 dicit
1666 4642 1854 4698 gentes
1879 4671 1966 4690 ....
2003 4639 2048 4695 D

401 4701 901 4772 cetnpreltetulisse,
944 4722 962 4755 ι
999 4713 1104 4756 etc.
1133 4701 1259 4756 Mss.
1294 4704 1398 4755 duo
1424 4702 1625 4756 habent
1659 4722 1676 4754 t
1722 4717 1971 4772 c0ntpre-

402 4768 619 4832 heusas,
652 4791 671 4822 ι
701 4785 800 4841 pro
837 4790 857 4824 ι
900 4772 1392 4840 comprehendisse.
1429 4792 1446 4822 ι
1477 4773 1580 4826 Sed
1621 4775 1823 4829 rectius
1850 4768 1964 4830 'uts.

403 4851 542 4891 unus
567 4849 620 4893 et
653 4841 910 4896 Rabanus
936 4851 994 4895 ut
1025 4844 1075 4895 in
1110 4851 1295 4896 uestro
1327 4853 1494 4898 textu.

473 4909 599 4977 (50).
629 4909 773 4964 Libri
810 4922 966 4966 antea
1003 4911 1168 4972 editi,
1199 4930 1216 4961 ι
1260 4913 1415 4964 Aliud
1443 4913 1680 4978 sectari,
1713 4913 1854 4965 aliud
1888 4913 1970 4967 in-

401 4981 598 5034 Iectari
635 4981 854 5035 habere.
890 5000 910 5032 ι
956 4982 1082 5035 Mss.
1132 4982 1238 5032 duo
1280 4987 1538 5035 omittunt
1585 5001 1602 5032 ι
1643 4983 1858 5036 insitum
1885 5023 1899 5041 .
1945 5001 1963 5034 ι

401 5050 542 5171 guod
593 5051 885 5105 restituunt
941 5052 1111 5107 codex
1144 5050 1344 5115 Regius
1389 5068 1537 5104 nunt.
1569 5051 1738 5116 I659,
1769 5064 1821 5106 et
1864 5051 1972 5106 Ih-

437 5135 592 5171 auus.

437 5135 592 5173 ﬂlIIIS.

473 5189 586 5258 (5|)
629 5189 795 5259 Editi,
827 5209 847 5242 ι
884 5204 1029 5246 vero.
1073 5208 1094 5242 ι
1134 5188 1198 5243 Ει
1223 5200 1410 5259 postea
1433 5231 1446 5253 ,
1492 5191 1846 5245 «habuerunt
1882 5199 1966 5245 ta-

400 5269 522 5312 men
559 5258 717 5313 insita
743 5277 862 5328 quae
887 5260 995 5323 lex,
1032 5278 1052 5311 ι
1085 5271 1192 5314 etc.

471 5327 584 5398 (ὅὲ)
624 5329 714 5384 Sic
751 5327 896 5384 recte
923 5347 1024 5384 tus.
1063 5329 1261 5399 Regius
1300 5345 1446 5383 nttnt.
1473 5329 1630 5384 i659.
1691 5328 1765 5381 Ita
1795 5330 1962 5385 eliaut

401 5396 491 5470 alii
532 5396 638 5452 duo
692 5414 823 5454 mss.
871 5401 1054 5470 Regii,
1092 5396 1192 5452 nisi
1240 5401 1380 5468 quod
1427 5417 1525 5469 pro
1567 5418 1586 5452 ι
1625 5402 1898 5462 nominat,
1936 5419 1955 5452 ι

401 5465 636 5540 habeant
667 5487 686 5520 ι
724 5465 1014 5540 nominari.
1056 5488 1076 5522 ι
1123 5465 1272 5540 Editi
1306 5465 1440 5523 vero
1482 5483 1798 5540 perperam,
1835 5487 1856 5520 ι
1894 5470 1962 5524 Et

401 5535 487 5609 hic
527 5533 676 5590 locus
701 5539 845 5609 sicut
882 5555 1044 5609 supra
1086 5533 1498 5594 observandusf
1527 5533 1954 5609 lliximuseuim

400 5603 454 5657 iu
473 5620 588 5660 uno
630 5603 1244 5680 eodemque-versiculo
1287 5610 1514 5664 diversis
1563 5609 1833 5665 nominari
1889 5607 1966 5666 le-

437 5689 518 5728 es.
562 5694 580 5724 ι

401 5691 582 5809 εοῗξξδ)
600 5740 759 5807 Editi,
803 5764 820 5795 ι
855 5741 1076 5808 Quare?
1102 5739 1236 5806 Qui:
1272 5758 1379 5802 non
1407 5762 1470 5800 ex
1507 5748 1630 5812 ﬁde,
1655 5747 1772 5811 sed,
1801 5765 1818 5796 ι
1851 5755 1956 5799 etc.

2105 1917 2277 1972 leonis
2305 1919 2398 1988 qui
2435 1922 2712 1975 excitatur
2739 1938 2769 1976 a
2812 1936 3026 1988 somno,
3063 1922 3146 1978 vel
3176 1924 3568 1985 sanctiﬁcatio.
3600 1926 3692 1979 vel

2104 2010 2420 2079 redemptio,
2449 2022 2503 2065 et
2529 2022 2727 2067 cetera
2763 2014 3067 2083 ltujustuodi
3091 2032 3213 2086 qua:
3236 2015 3536 2085 dignationi
3567 2019 3694 2086 ejus

2101 2102 2392 2155 convenire
2419 2102 2723 2157 videantur.
2767 2101 2876 2159 Sed
2909 2105 3031 2160 vide
3076 2105 3124 2160 si
3173 2121 3462 2176 possumus
3513 2109 3690 2161 etiam

2105 2211 2124 2244 ι
2156 2193 2384 2262 lapidem
2417 2192 2733 2250 oﬂ‘ensionis
2754 2206 2808 2250 et
2838 2206 3049 2267 petram
3075 2198 3313 2253 scandali
3339 2218 3358 2250 ι
3387 2199 3698 2255 ostendere

2102 2289 2367 2353 quatenus
2396 2285 2444 2339 el
2476 2286 2643 2356 620
2669 2295 3046 2357 competenter
3063 2290 3235 2358 possit
3257 2289 3458 2358 aptari.
3499 2288 3692 2364 (men-

2101 2376 2180 2428 sio
2201 2384 2254 2426 et
2282 2375 2598 2428 scandalum
2628 2391 2792 2430 unum
2819 2391 2988 2446 prope
3016 2387 3181 2447 atque
3211 2379 3354 2432 idem
3386 2379 3688 2447 signiﬁcat.

2102 2467 2428 2520 Srantlalutn
2457 2467 2658 2520 eteniut
2700 2467 2902 2522 dicitur
2932 2483 3058 2523 cum
3104 2469 3158 2524 in
3191 2469 3276 2523 via
3315 2470 3457 2523 obex
3487 2470 3692 2538 aliquis

2103 2557 2402 2623 invenitur,
2435 2564 2525 2627 qui
2580 2573 2827 2630 gressum
2879 2558 3181 2616 incedentis
3233 2561 3316 2616 vel
3364 2562 3691 2616 scandentis

2100 2647 2376 2716 impediat.
2422 2648 2548 2704 Inde
2570 2665 2702 2722 ergo
2753 2652 3072 2708 scandalum
3110 2661 3346 2707 tractent
3393 2663 3499 2708 est.
3541 2652 3688 2720 Quia

2102 2741 2268 2810 igitur
2297 2741 2349 2795 hi
2382 2743 2472 2811 qui
2495 2745 2730 2798 erantin
2764 2743 2917 2809 Sion,
2951 2745 3074 2799 vias
3097 2761 3202 2800 nou
3227 2747 3398 2800 bonas
3427 2746 3690 2800 incedat-

2097 2817 2201 2892 tes,
2237 2833 2343 2886 iter
2395 2832 2715 2901 perditionis
2743 2835 2958 2890 concito
3001 2835 3138 2903 pede
3170 2837 3487 2901 currebant,
3521 2838 3688 2892 utalia

2096 2924 2209 2976 suis
2237 2923 2483 2978 faventes
2510 2925 2776 2991 invicem,
2819 2927 2965 2981 sicut
2993 2925 3266 2996 Propheta
3300 2927 3434 2983 dicit
3451 2929 3524 2993 ⁷⁸,
3553 2929 3682 2997 quia

2101 3016 2396 3072 (laudatur
2422 3028 2683 3088 peccator
2714 3021 2770 3075 in
2801 3021 3085 3077 desideriis
3110 3023 3308 3077 anitum
3334 3037 3472 3086 sum,
3499 3033 3556 3077 et
3585 3025 3682 3090 qui

2065 3109 2313 3177 iniquus
2351 3121 2434 3163 est
2483 3101 2596 3181 (58)
2651 3113 3028 3168 benedicitnr:
3063 3132 3082 3165 ι
3111 3115 3340 3170 veniens
3409 3116 3684 3170 Dominus

2096 3211 2150 3254 et
2179 3201 2428 3255 Salvator
2465 3212 2672 3268 noster,
2729 3219 2962 3273 arguere
2987 3206 3157 3274 erepit
3204 3207 3322 3260 vias
3371 3222 3588 3270 eorum,
3625 3220 3682 3262 et.

2095 3293 2277 3348 dicere
2311 3314 2324 3350 :
2367 3312 2386 3344 ι
2423 3292 2516 3349 Vae
2544 3297 2699 3349 vobis
2727 3296 2930 3351 Scriba:
2954 3307 3009 3352 et
3039 3295 3294 3352 Pharisai
3319 3298 3400 3364 ";
3429 3316 3452 3350 ι
3485 3309 3539 3354 et
3573 3301 3680 3354 itce

2096 3396 2213 3438 t'tttn
2251 3404 2264 3440 :
2300 3403 2320 3437 ι
2343 3385 2436 3442 V33
2455 3387 2610 3440 vobis
2641 3387 2896 3442 divitibus
2925 3388 3011 3454 ἠς
3063 3407 3082 3440 ι
3131 3399 3186 3444 et
3229 3391 3425 3445 iterum
3471 3405 3489 3444 :
3536 3409 3558 3443 ι
3589 3393 3684 3448 Va

2095 3476 2217 3542 tibi,
2250 3475 2574 3539 IeruSalem.
2609 3492 2730 3548 qua:
2759 3480 2961 3534 occidis
3007 3481 3320 3550 prophetas,
3364 3491 3424 3538 et
3467 3483 3686 3554 lapidas

2093 3579 2186 3622 eus
2216 3569 2305 3637 qui
2339 3573 2406 3624 ad
2440 3580 2491 3624 te
2525 3571 2678 3626 missi
2717 3570 2830 3642 (59)
2860 3573 2985 3625 sunt
3008 3572 3072 3626 ⁷³.
3100 3590 3121 3624 ι
3155 3572 3266 3629 Sed
3297 3584 3356 3628 et
3387 3575 3556 3628 multa
3589 3575 3680 3632 his

2094 3662 2294 3716 similia
2327 3663 2536 3726 dicens,
2561 3673 2616 3718 et
2648 3677 2880 3734 arguens
2913 3679 3026 3731 eos,
3056 3666 3321 3735 impedire
3353 3669 3522 3736 capit
3556 3669 3676 3723 vias

2095 3754 2415 3822 perditionis
2437 3769 2648 3818 eorum,
2679 3765 2733 3809 et
2765 3754 2992 3810 eﬂ'ectus
3018 3767 3106 3811 est
3127 3758 3206 3812 eis
3237 3757 3370 3826 lapis
3409 3757 3676 3815 offensio-

2095 3846 2178 3898 nis
2211 3855 2265 3899 et
2297 3855 2446 3913 petra
2474 3847 2736 3920 scandali,
2789 3863 2893 3901 non
2946 3849 3132 3902 sinen‘s
3161 3864 3256 3902 eos
3286 3850 3496 3920 ingredi
3528 3855 3675 3906 viain

2093 3939 2259 3992 latam
2289 3954 2409 4007 quae
2448 3939 2598 3992 ducit
2641 3940 2718 3992 ad
2753 3950 2981 3994 mortem
3013 3941 3079 3997 ⁷⁸.
3116 3942 3207 3996 Sic
3249 3943 3490 4012 denique
3529 3957 3586 3998 et
3618 3947 3672 3998 in

2093 4028 2230 4083 Osee
2262 4031 2523 4098 propheta
2555 4031 2815 4100 scriptum
2858 4040 2941 4086 est
2974 4033 3042 4086 de
3076 4035 3161 4090 his
3191 4036 3283 4106 qui
3317 4036 3528 4104 peccati
3565 4039 3676 4091 iter

2091 4120 2346 4174 incedunt
2384 4142 2396 4175 :
2433 4139 2451 4172 ι
2509 4119 2736 4190 Propter
2809 4123 2934 4186 hoc,
2996 4124 3192 4194 inquit,
3252 4139 3382 4180 ecce
3423 4141 3524 4196 ego
3583 4144 3673 4182 se-

2091 4212 2235 4280 piam
2289 4213 2434 4266 viam
2485 4213 2604 4280 ejus
2648 4216 2874 4272 sudibus
2929 4217 3062 4290 (60),
3121 4230 3176 4275 et
3231 4221 3510 4276 ObSIl'tlam
3549 4225 3672 4277 vias

2089 4302 2227 4371 ejus,
2263 4314 2316 4358 et
2349 4306 2602 4358 semitam
2631 4321 2781 4360 suam
2813 4326 2915 4364 non
2946 4311 3179 4364 inveniet
3199 4312 3268 4366 ".
3301 4330 3320 4363 ι
3389 4312 3664 4368 Ponamus

2066 4399 2299 4474 "Itum.
2321 4416 2396 4462 tx,
2430 4399 2520 4474 52,
2542 4401 2630 4454 ὄπ.
2709 4404 2754 4434 ⁸⁸
2786 4406 2905 4458 Isai.
2938 4421 3126 4469 xxvm,
3157 4407 3240 4461 l6.
3317 4407 3505 4462 "Isai.
3537 4424 3659 4474 vm,

2127 4471 2170 4500 ⁷³
2196 4469 2327 4524 Luc.
2356 4487 2428 4534 γι,
2451 4473 2539 4524 24.
2614 4473 2660 4504 ⁷³
2681 4473 2869 4529 Matth.
2907 4493 3034 4531 util
3054 4515 3068 4542 ,
3101 4479 3192 4532 57.
3267 4480 3315 4510 ’δ
3345 4479 3536 4532 Matth.
3567 4469 3660 4546 ιιιῇ

2147 4631 2258 4702 (54)
2306 4627 2437 4702 Yide
2465 4642 2654 4702 supra,
2680 4629 2769 4684 lib.
2800 4647 2882 4697 tu,
2914 4647 3067 4687 num.
3097 4631 3152 4686 9.

2149 4699 2263 4771 (55)
2302 4700 2480 4764 Editi,
2517 4719 2536 4752 ι
2570 4699 2921 4754 Οίῐοιιιίιεί-ιιιιι
2945 4705 3086 4755 enim
3113 4706 3165 4757 in
3213 4701 3450 4771 lapidem
3488 4700 3664 4755 oﬂ'ett-

2080 4773 2270 4840 sionis,
2303 4772 2444 4840 sicut
2469 4774 2727 4840 scriptum
2757 4781 2860 4826 est.
2893 4788 2914 4822 ι
2960 4779 3068 4825 etc.

2147 4839 2260 4911 (56)
2307 4838 2398 4911 Sic
2451 4838 2591 4894 tttss.‘
2644 4842 2770 4893 duo.
2835 4841 2977 4894 Editi
3033 4856 3163 4896 vero
3215 4854 3269 4896 et
3321 4859 3426 4894 ms.
3494 4857 3660 4900 unus.

2623 4911 2918 4964 inseruisse
2965 4948 3058 4965 ....
3097 4923 3484 4982 excerpeutem
3537 4928 3661 4978 qua:

2792 4993 3032 5048 aptasse.
3073 5000 3093 5034 ι
3134 4982 3428 5046 Iiabanus,
3460 5000 3480 5031 ι
3523 4985 3665 5047 Apo-

3172 5055 3516 5122 excerpendo
3563 5087 3602 5104 ..
3615 5089 3656 5103 ..

2081 4931 2100 4963 ι
2141 4909 2456 4979 Apostulttut

2077 4979 2474 5035 assertionibus
2521 4983 2635 5034 suis

2076 5052 2249 5104 stolus
2426 5050 2730 5105 inseruisse
2781 5053 2996 5105 videtur

2077 5131 2326 5192 aptasse;
2351 5138 2426 5192 Ρ--
2633 5187 2657 5192 -
2762 5189 2775 5192 _
2842 5187 2855 5192 _
2990 5189 2992 5192 ,

2147 5190 2260 5260 (57)
2289 5187 2448 5252 Editi,
2493 5207 2512 5239 ι
2552 5198 2608 5244 et
2633 5187 2809 5243 Patris
2840 5187 3144 5246 bono'Filio

2075 5259 2290 5321 Iutaria,
2335 5277 2353 5310 ι
2385 5269 2498 5313 etc.

2141 5329 2253 5402 (5’8)
2296 5327 2359 5380 In
2389 5327 2663 5402 desideriis
2691 5330 2885 5402 animus
2915 5345 3047 5402 ante,
3075 5335 3122 5383 et
3173 5331 3264 5402 qui
3294 5330 3522 5402 iniquus
3550 5335 3650 5382 est.

2069 5397 2195 5454 Haec
2223 5401 2422 5452 desunt
2452 5399 2505 5471 in
2538 5398 2700 5471 editis
2734 5399 2820 5453 ubi
2849 5398 3087 5471 legitur,
3108 5419 3126 5451 ι
3176 5397 3433 5471 laudatur
3462 5415 3655 5471 pecca-

2073 5479 2194 5533 tor,
2245 5481 2419 5536 usqne
2473 5467 2832 5523 benedicetur
2888 5467 2917 5524 :7
2971 5469 3193 5525 veniens
3253 5467 3402 5539 ergo
3464 5468 3655 5522 Donu-

2068 5554 2190 5599 nus,
2230 5555 2248 5588 ι
2283 5549 2390 5590 etc.

2099 5605 2252 5733 d(fl$9)
2283 5604 2382 5660 Ms.
2415 5603 2615 5677 Regius
2649 5623 2797 5662 num.
2829 5605 2991 5677 1639’,
3038 5617 3071 5660 ι·
3102 5615 3158 5664 et
3194 5605 3401 5676 lapides
3447 5605 3650 5662 missos

2188 5694 2238 5729 e.
2282 5695 2300 5727 Ι

2064 5689 2131 5732 δα
2169 5689 2238 5729 te.
2282 5695 2300 5727 ι

2135 5746 2246 5812 (60)
2280 5745 2456 5810 Editi,
2491 5763 2510 5798 ι
2551 5744 2739 5814 spinis.
2783 5764 2804 5801 ι

3177 5200 3517 5260 (ιυὶθοιιιιιιιιε
3571 5204 3654 5242 sa-
