3986 6206
535 262 674 317 H59

2034 260 2356 321 ORIGENIS

3600 282 3706 342 ΠΕΟ

537 387 662 440 tiam
685 383 758 438 ⁸⁷.
800 405 818 436 ι
850 383 1116 439 Similiter
1138 382 1283 438 enim
1317 389 1494 452 potest
1523 383 1712 438 dicere
1733 383 2027 454 Apostolus
2051 395 2105 440 et
2138 389 2180 449 Α
2212 385 2366 452 tiam,
2403 387 2704 444 habeamus
2754 397 2802 443 et
2852 403 2970 444 eam
2999 403 3115 460 quae
3141 397 3222 446 est
3273 394 3536 450 secundum
3565 400 3706 454 scien-

530 475 600 532 de
649 476 798 538 aliis,
854 475 978 544 quia
1017 473 1440 528 «testimonium
1490 474 1754 542 perhibeo
1785 476 1866 530 eis
1895 493 1913 526 ι
1961 476 2106 546 quod

531 570 780 626 timorem
811 566 903 620 Dei
933 565 1187 626 habeant,
1216 565 1309 619 sed
1331 579 1434 619 non
1457 567 1752 620 secundum
1772 565 2060 620 scientiam
2091 584 2106 621 :

530 672 586 716 et
612 664 679 716 de
710 661 855 722 aliis,
887 660 1012 728 quia
1056 657 1168 729 (74)
1197 657 1522 711 charitatem
1565 657 1657 710 Dei
1705 658 1936 712 habeant
1965 698 1980 722 ,
2014 658 2109 712 sed

532 767 642 808 non
703 751 1001 806 secundum
1055 751 1366 804 scientiam.
1422 750 1478 804 Si
1525 750 1672 805 enim
1731 750 1928 804 haheat
1988 749 2111 818 quis

533 843 782 897 allectum
810 858 936 910 erga
978 843 1146 894 Deum
1173 881 1188 907 ,
1225 841 1440 908 ignoret
1473 850 1650 894 autem
1701 839 1825 908 quia
1871 839 2112 895 Charitas

532 936 742 1004 patiens
776 935 887 1004 (75)
926 935 1087 988 debet
1115 948 1260 996 esse,
1291 933 1544 1002 benigna,
1573 949 1680 986 non
1711 933 1978 997 invidens.
2004 949 2111 988 non

531 1042 820 1098 perperam
855 1041 1053 1093 agens,
1103 1040 1209 1079 non
1253 1025 1463 1090 inflata,
1509 1041 1616 1080 non
1663 1024 1972 1084 ambitiosa.
2007 1039 2110 1076 non

534 1133 789 1186 qttzerens
837 1133 955 1185 quae
990 1132 1086 1170 sua
1118 1126 1248 1170 sunt
1283 1117 1328 1152 *⁵
1357 1133 1371 1169 :
1397 1125 1450 1170 et
1479 1116 1595 1170 hzcc
1623 1124 1676 1169 et
1706 1117 1790 1168 his
1836 1115 2031 1168 similia
2067 1113 2113 1170 si

535 1209 588 1261 in
623 1209 893 1261 cltaritate
918 1222 1021 1260 non
1067 1207 1262 1260 habeat
1285 1246 1301 1270 ,
1329 1209 1422 1260 sed
1464 1208 1517 1260 itt
1553 1207 1668 1260 solo
1701 1205 1892 1259 affectu
1926 1206 2116 1276 diligat

533 1299 729 1365 Deum,
779 1307 1150 1366 competenter
1179 1306 1228 1352 el
1265 1297 1331 1350 ad
1376 1298 1550 1366 ipsum
1587 1297 1798 1350 dicetttr
1829 1296 1954 1364 quia
1990 1296 2119 1350 cha—

543 1390 762 1444 ritatcm
798 1388 890 1442 Dei
928 1388 1113 1450 habet,
1175 1387 1266 1443 sed
1315 1403 1420 1440 non
1469 1388 1764 1442 secundum
1805 1387 2113 1440 scientiam.

535 1480 802 1534 Similiter
830 1488 1008 1532 autem
1042 1478 1148 1531 dici
1189 1486 1364 1547 potest
1393 1486 1448 1532 et
1493 1480 1558 1530 «le
1608 1476 1749 1540 alio,
1790 1478 1912 1546 quia
1957 1478 2114 1531 fidem

533 1573 628 1625 Dei
664 1571 849 1632 habet,
875 1569 968 1623 sed
1001 1584 1106 1622 non
1147 1569 1450 1623 secundum
1493 1567 1800 1632 scientiam,
1830 1568 1873 1622 si
1909 1569 2118 1639 ignoret

533 1663 660 1731 quia
692 1663 851 1718 «fides
881 1660 1288 1729 sine.cperibus
1337 1671 1553 1713 mortua
1590 1669 1676 1714 est
1725 1661 1806 1714 "z
1840 1680 1856 1711 ι
1905 1671 1954 1713 et
1990 1661 2115 1730 quia

2221 481 2372 536 tiam.
2435 481 2626 553 Itaque
2682 484 2796 554 (8|)
2853 482 3054 538 ludatis
3110 486 3459 542 testimonium
3509 494 3710 559 perhibet

2217 571 2442 634 Paulus.
2473 574 2616 642 quod
2646 574 3046 628 aemulationem
3092 576 3182 630 Dei
3216 577 3454 643 habeant,
3482 581 3588 637 licet
3623 602 3705 640 non

2212 661 2513 716 secundum
2573 661 2875 717 scientiam.
2930 660 3131 717 Tamen
3183 664 3302 734 quia
3348 673 3587 736 utcunque
3633 671 3706 725 ha-

2211 746 2344 805 bent
2379 753 2777 809 aetnulationem
2816 752 2934 819 Dei,
2974 769 3187 808 causam
3227 756 3472 811 dederunt
3501 761 3707 830 Apostolo

2220 857 2325 910 qua
2365 844 2799 895 obsecrationem
2847 857 2943 910 pro
2984 842 3086 896 illis
3137 841 3348 897 offerret
3395 843 3512 900 Deo.
3566 845 3711 904 Melius

2220 933 2363 987 enim
2395 945 2477 987 est
2515 933 2716 987 habere
2765 933 2942 987 zelum
3002 933 3117 995 Dei,
3171 933 3291 987 licet
3332 949 3428 987 non
3475 939 3710 992 secundum

2222 1022 2528 1089 scientiam,
2580 1038 2743 1092 quam
2787 1024 3007 1093 penitus
3041 1041 3145 1078 non
3180 1023 3392 1078 habere.
3449 1025 3570 1091 «Qui
3605 1030 3710 1082 enim

2223 1113 2406 1176 habet,
2441 1133 2458 1165 ι
2491 1115 2632 1168 sicut
2663 1114 2924 1183 scriptum
2955 1127 3058 1179 est,
3109 1134 3125 1166 «
3152 1114 3364 1168 dabitur
3393 1117 3436 1170 ei
3461 1117 3501 1149 “
3530 1137 3546 1169 ι
3588 1119 3650 1174 vel
3673 1117 3710 1175 in

2223 1205 2532 1259 novissimis
2579 1222 2699 1259 cum
2735 1208 2915 1260 omnis
2947 1207 3112 1261 lsrael
3163 1207 3338 1260 salvus
3389 1208 3466 1261 lict
3505 1211 3544 1241 "
3575 1228 3586 1263 :
3613 1212 3710 1280 «qtti

2224 1304 2542 1349 autemnon
2575 1297 2758 1365 habet,
2806 1298 2970 1350 etiant
3008 1297 3153 1367 quod
3201 1297 3354 1351 habet
3395 1295 3634 1352 auferetur
3664 1299 3712 1355 ab

2223 1405 2287 1444 eo
2312 1389 2380 1442 ³⁸.
2409 1408 2428 1442 ι

2291 1482 2345 1536 2.
2383 1500 2401 1533 «
2431 1481 2578 1535 Finis
2605 1481 2746 1533 enim
2794 1479 2926 1548 legis
2953 1479 3226 1539 Christus,
3258 1477 3322 1530 ad
3349 1475 3582 1545 justitiam
3603 1478 3710 1532 omni

2224 1572 2486 1627 credenti.
2520 1570 2734 1640 Moyses
2762 1571 2908 1624 enim
2937 1570 3165 1632 scribit,
3207 1569 3328 1638 quia
3367 1569 3597 1636 justitiam
3627 1581 3714 1634 qua

2193 1679 2288 1718 ,ει
2321 1663 2436 1733 lege
2466 1671 2550 1717 est
2599 1663 2688 1731 qui
2739 1661 2932 1713 fecerit
2984 1660 3170 1726 homo,
3227 1659 3361 1712 vivet
3409 1658 3454 1710 in
3502 1673 3572 1711 ea.
3621 1658 3714 1724 Qua

536 1753 669 1806 ﬁdes
695 1751 788 1804 Dei
820 1767 923 1803 non
966 1751 1019 1803 in
1058 1751 1188 1804 solis
1217 1751 1398 1804 verbis
1438 1760 1553 1813 est,
1586 1766 1708 1818 qua:
1739 1751 2012 1804 interdum
2050 1754 2117 1806 ab
2152 1744 2190 1798 Β
2223 1767 2401 1810 autem
2433 1770 2500 1808 ex
2528 1754 2630 1808 (ide
2659 1761 2745 1808 cst
2784 1752 2988 1821 justitia
3013 1792 3028 1815 ,
3084 1752 3162 1806 sic
3188 1751 3314 1805 dicit
3345 1768 3358 1803 :
3386 1749 3455 1803 Ne
3490 1749 3653 1802 dixeris
3676 1750 3713 1803 in

533 1843 643 1896 alio
674 1842 972 1910 composita
1015 1841 1098 1896 vel
1125 1842 1324 1910 scripta
1355 1842 1662 1901 discuntur.
1710 1841 1802 1895 sed
1835 1841 1887 1895 itt
1922 1841 2114 1896 aﬂ‘cctu

531 1934 738 1986 ementis
785 1932 875 1986 tali
915 1933 1323 2000 quodammodo
1358 1931 1494 2004 (76),
1552 1931 1768 2002 qualem
1800 1931 1988 1986 habuit
2027 1932 2116 1987 illa

535 2037 657 2092 quae
703 2023 840 2076 dixit
893 2023 1035 2076 intra
1091 2037 1148 2076 se
1185 2041 1198 2077 :
1231 2040 1247 2072 «
1280 2022 1336 2076 Si
1377 2023 1608 2092 tetigero
1651 2023 1922 2077 fimbriam
1952 2026 2116 2078 resti-

537 2115 702 2168 menti
754 2114 893 2181 ejus,
929 2114 1077 2168 salva
1138 2129 1236 2168 ero
1294 2116 1362 2167 ὀ.
1391 2134 1408 2166 ι
1470 2114 1524 2168 Si
1577 2115 1698 2185 quis
1745 2130 1872 2184 ergo
1905 2131 2010 2170 non
2045 2117 2118 2170 ita

537 2205 734 2259 habeat
789 2203 948 2256 fidem
1003 2212 1059 2256 nt
1113 2218 1178 2257 ex
1233 2203 1446 2256 actibus
1478 2204 1592 2258 suis
1630 2203 1786 2258 bonis
1827 2205 1914 2258 cui
1948 2205 2121 2259 credit

537 2295 816 2356 ostendat.
867 2305 1044 2363 potest
1083 2307 1137 2348 et
1176 2295 1244 2348 ad
1282 2296 1456 2365 ipsum
1509 2296 1613 2351 dici
1669 2299 1795 2365 quia
1835 2296 1993 2351 fidem
2023 2297 2115 2352 Dei

541 2388 722 2450 habet,
760 2384 852 2440 sed
894 2402 997 2439 non
1057 2388 1354 2440 secundum
1385 2388 1695 2442 scientiam.
1740 2389 1925 2443 Potest
1967 2399 2021 2444 et
2051 2391 2120 2446 de

537 2477 646 2530 alio
681 2477 786 2529 diei
820 2477 946 2546 quia
987 2478 1302 2532 castitatem
1343 2480 1435 2533 Dei
1477 2480 1640 2534 habet
1681 2479 1817 2550 (77).
1871 2482 1965 2534 sed
2013 2497 2117 2536 non

529 2569 835 2624 secundum
907 2569 1218 2624 scientiam.
1289 2570 1357 2624 Et
1400 2572 1538 2626 alius
1584 2587 1771 2626 curam
1823 2587 2118 2641 pauperum

537 2661 718 2721 habet,
751 2659 842 2712 sed
869 2674 971 2711 non
995 2659 1291 2713 secundum
1323 2662 1610 2715 scientiam
1641 2661 1752 2730 (78)
1788 2680 1800 2715 :
1846 2661 2044 2732 quippe
2073 2663 2118 2717 si

539 2751 608 2803 ab
677 2750 991 2803 hominibus
1048 2750 1255 2804 laudari
1318 2752 1452 2804 vult.
1514 2751 1580 2804 Et
1639 2753 1780 2806 alius
1834 2753 2118 2810 abSIinens

540 2849 717 2908 potest
747 2839 877 2900 dici,
911 2840 1002 2892 sed
1035 2856 1138 2893 non
1163 2843 1462 2896 secumlutu
1483 2843 1791 2907 scientiam,
1811 2846 2123 2922 si‘prOpter-

535 2947 599 2986 ea
637 2929 848 2997 jejunat
875 2941 930 2983 ιιι
962 2932 1272 2986 hominibus
1303 2939 1486 3003 pareat
1506 2933 1566 2985 ⁹¹.
1593 2933 1656 2988 Et
1677 2935 1754 2992 sic
1776 2952 1874 3007 per
1907 2934 2120 3004 singula

539 3038 769 3095 quaeque
793 3039 913 3093 qua:
951 3026 1221 3094 gerimus.
1258 3027 1359 3079 nisi
1403 3028 1700 3082 secundum
1748 3029 2028 3082 scientiam
2065 3035 2119 3080 et

540 3091 874 3170 intellectum
907 3091 1160 3182 geramus
1197 3113 1332 3184 (79),
1369 3125 1549 3184 potest
1592 3116 1658 3169 ad
1706 3131 1804 3170 nos
1833 3115 1962 3182 dici,
1988 3115 2114 3185 quia
2143 3091 2189 3152 ο

537 3208 802 3263 habemus
841 3206 1019 3260 zelum
1064 3207 1246 3275 operis
1297 3205 1448 3269 boni,
1505 3209 1599 3260 sed
1651 3222 1754 3258 non
1817 3206 2113 3261 secundum

537 3303 847 3357 scientiam.
873 3301 940 3355 Et
973 3300 1093 3354 ideo
1117 3299 1290 3354 danda
1329 3297 1600 3368 pracipue
1623 3306 1705 3350 est
1731 3311 1894 3364 opera
1933 3296 2114 3350 scien-

538 3417 647 3480 tiae,
676 3429 744 3470 ne
770 3429 857 3469 res
883 3413 1039 3469 nobis
1067 3411 1354 3466 infeliciter
1375 3410 1601 3476 accidat,
1638 3419 1697 3462 ut
1729 3409 1782 3462 iu
1810 3408 1915 3462 fide
1954 3409 2114 3478 positi

539 3507 880 3562 frustremttr
920 3521 950 3559 a
998 3505 1124 3571 fide,
1179 3514 1236 3559 et
1291 3503 1465 3557 zelum
1527 3501 1788 3556 habentes
1848 3501 2113 3559 bonorum

536 3599 848 3654 decidamus
887 3613 916 3650 a
963 3599 1134 3651 bonis.
1174 3595 1266 3650 Vis
1311 3605 1493 3650 autem
1548 3596 1692 3649 scire
1751 3595 1879 3664 quia
1939 3604 2118 3664 potest

535 3685 682 3761 quis,
727 3691 771 3746 si
830 3690 1113 3745 scientiam
1147 3704 1253 3744 non
1295 3689 1490 3742 habeat
1530 3686 1665 3757 (80),
1703 3701 2033 3741 evanescere
2059 3688 2112 3739 in

539 3781 688 3836 ﬁde?
737 3781 874 3834 Audi
917 3781 1090 3850 ipsum
1143 3778 1366 3832 l’aulum
1427 3777 1750 3845 quibusdam
1802 3777 2110 3830 dicentem:

545 3871 699 3926 «Nisi
729 3873 846 3926 sine
879 3887 1040 3926 causa
1070 3871 1381 3926 credidistis
1403 3872 1470 3924 ".
1507 3889 1527 3922 ι
1583 3870 1799 3923 Accidit
1837 3884 1966 3938 ergo
1998 3869 2115 3922 sine

540 3977 706 4018 causa
741 3963 1060 4021 credidisse.
1084 3963 1168 4014 his
1191 3963 1282 4032 qui
1313 3963 1556 4016 scientiae
1574 3977 1791 4031 operam
1825 3976 1928 4012 non
1961 3963 2111 4024 dant,

544 4057 602 4102 ut
631 4050 682 4100 in
719 4063 783 4100 eo
807 4063 914 4116 quo
941 4048 1290 4102 crediderunt
1308 4049 1471 4102 etiam
1498 4050 1834 4104 intellectum
1867 4049 2113 4103 veritatis

525 4125 834 4206 accipiant.
865 4137 1106 4204 Denique
1151 4147 1209 4191 et
1248 4140 1484 4208 apostoli
1519 4141 1661 4194 hanc
1710 4155 1832 4196 esse
1859 4141 2115 4195 differen-

539 4230 670 4284 tiam
712 4228 836 4284 fidei
893 4227 1218 4298 simpliciter
1279 4229 1514 4293 traditae,
1573 4240 1627 4283 et
1678 4231 1796 4284 fidei
1857 4248 1978 4301 quze
2028 4242 2113 4288 est

538 4321 834 4378 secundum
865 4320 1149 4374 scientiam
1183 4319 1544 4388 pervidentes,
1593 4321 1848 4375 dicebant
1891 4323 1956 4375 ad
1985 4321 2110 4376 Sal-

2220 1849 2385 1902 cordc
2447 1857 2585 1902 tuo:
2627 1845 2759 1912 Quis
2827 1844 3075 1898 ascendit
3136 1843 3186 1897 in
3241 1842 3462 1897 coelum?
3507 1840 3590 1894 hoc
3637 1848 3714 1906 est,

2222 1941 2497 1996 Christum
2531 1940 2799 1994 deducere
2836 1938 2982 1991 :Attt
3038 1935 3166 2006 quis
3218 1935 3477 1990 descendit
3519 1935 3563 1988 itt
3598 1935 3716 2004 abys-

2220 2033 2378 2087 sum?
2404 2033 2507 2086 hoc
2544 2040 2647 2096 est,
2672 2029 2949 2083 Christum
2985 2028 3156 2098 622
3189 2043 3217 2081 a
3260 2026 3470 2080 mortuis
3495 2025 3713 2078 reducere.

2221 2125 2328 2180 Sed
2352 2125 2479 2194 quid
2507 2124 2638 2178 dicit
2667 2121 2984 2190 Scriptura?
3014 2121 3194 2189 Prope
3240 2127 3321 2173 est
3360 2118 3558 2171 verbum
3587 2117 3717 2169 inore

2223 2219 2333 2277 tuo,
2360 2222 2414 2267 et
2445 2213 2497 2266 in
2531 2213 2693 2266 corde
2726 2221 2815 2265 tuo
2844 2229 2858 2265 :
2889 2211 2996 2264 hoc
3049 2220 3140 2262 est
3196 2208 3408 2262 verbum
3438 2205 3561 2265 fidei.
3601 2203 3706 2274 quod

2221 2309 2600 2379 praedicamus.
2653 2307 2792 2372 Quia
2829 2305 2872 2359 si
2926 2303 3248 2360 confitearis
3283 2301 3332 2355 in
3361 2316 3447 2354 ore
3469 2308 3548 2353 tuo
3579 2297 3717 2352 Domi-

2221 2415 2350 2454 nttm
2379 2397 2567 2454 Jesttm
2589 2439 2605 2465 ,
2637 2408 2692 2453 et
2724 2395 3026 2452 credideris
3074 2395 3129 2448 in
3160 2396 3324 2448 corde
3349 2403 3433 2446 tuo
3463 2389 3582 2459 quod
3619 2389 3716 2440 Deus

2221 2491 2371 2545 illum
2399 2490 2675 2544 suscitavit
2711 2505 2740 2542 a
2774 2488 3023 2550 mortuis,
3056 2487 3246 2540 salvus
3288 2482 3412 2538 eris.
3439 2481 3588 2536 Corde
3613 2477 3716 2532 enim

2220 2583 2466 2638 creditur
2517 2581 2582 2635 ad
2613 2580 2904 2649 justitiam,
2968 2593 3068 2634 ore
3123 2587 3302 2632 autem
3337 2573 3574 2628 confessio
3614 2567 3717 2623 litin

2219 2675 2471 2730 salutem.
2498 2673 2638 2728 Dicit
2659 2672 2803 2725 enim
2838 2669 3153 2738 Scriptura,
3181 2669 3306 2739 quia
3333 2666 3495 2720 omnis
3527 2661 3603 2733 qui
3636 2673 3720 2713 cre-

2221 2769 2299 2822 dit
2325 2769 2377 2822 in
2409 2783 2554 2834 eum,
2583 2781 2686 2821 non
2729 2765 3012 2819 erubescet
3040 2762 3159 2832 (8'2)
3192 2762 3258 2816 9'.
3285 2780 3302 2812 ι
3333 2760 3468 2814 Finis
3489 2756 3607 2809 enim
3625 2752 3719 2821 legis

2221 2860 2649 2917 Christuszltoe
2712 2868 2818 2925 est,
2888 2855 3161 2927 perfectio
3229 2853 3398 2923 legis,
3473 2859 3521 2903 et
3559 2845 3718 2916 justitia

2221 2953 2472 3009 Christus
2504 2961 2614 3018 est,
2648 2951 2742 3006 sed
2779 2948 3157 3004 credentibus.
3193 2945 3307 3001 Non
3341 2943 3588 2998 credentes
3609 2951 3715 2999 tero,

2222 3045 2345 3114 quia
2381 3059 2487 3096 non
2521 3043 2723 3096 habent
2763 3041 3042 3095 Christum
3101 3035 3239 3109 (85),
3282 3033 3620 3106 perfectionem
3641 3039 3716 3081 non

2221 3136 2421 3191 habent
2448 3134 2622 3202 legis;
2656 3144 2710 3186 et
2745 3132 2953 3186 idcirco
3002 3144 3106 3184 nec
3151 3129 3219 3181 ad
3251 3126 3500 3196 justitiam
3528 3127 3718 3191 poterunt

2216 3226 2521 3296 pervenire.
2551 3223 2794 3296 «Moyses
2821 3223 2965 3276 enim
2993 3221 3212 3283 scribit,
3243 3218 3366 3290 quia
3384 3213 3612 3285 justitiam
3633 3223 3719 3278 qua

2213 3331 2279 3372 ex
2318 3318 2436 3387 lege
2463 3324 2544 3371 est
2591 3316 2681 3384 qui
2729 3311 2923 3367 fecerit
2972 3311 3141 3365 homo
3166 3350 3182 3375 ,
3247 3309 3385 3362 vivet
3425 3306 3475 3359 in
3519 3318 3588 3358 ea.
3627 3302 3722 3364 Quae

2215 3420 2395 3463 autem
2436 3423 2502 3462 ex
2534 3407 2637 3460 fide
2669 3415 2752 3460 est
2785 3403 3018 3472 justitia,
3073 3402 3164 3458 sic
3203 3401 3350 3458 dicit.
3396 3417 3413 3450 ι
3463 3395 3564 3451 Jam
3607 3399 3649 3447 et
3681 3389 3722 3443 in

2215 3499 2584 3567 Superioribus
2623 3497 2913 3564 Apostolus
2947 3499 3190 3551 duarum
3239 3493 3546 3563 justitiarum
3575 3489 3723 3541 fecerat

2216 3591 2566 3654 mentionem,
2616 3589 2703 3642 ubi
2731 3590 2905 3653 dicit,
2937 3589 3066 3659 quia
3096 3589 3364 3658 ignorans
3389 3585 3472 3638 Dei
3497 3580 3720 3651 justitiam.

2214 3697 2364 3736 suam
2411 3681 2681 3749 justitiam
2735 3692 2976 3736 statuere
3028 3682 3315 3748 quaerebat
3367 3676 3616 3730 lsraelzet
3661 3669 3722 3720 hic

2217 3788 2360 3828 nunc
2387 3773 2523 3825 duas
2560 3773 2754 3826 iterum
2779 3771 3024 3841 justitias
3057 3771 3223 3833 dicit,
3255 3784 3410 3821 unam
3433 3779 3540 3834 qute
3559 3779 3611 3816 ex
3636 3760 3718 3828 lege

2215 3877 2339 3929 est,
2387 3875 2438 3916 et
2467 3865 2625 3919 aliam
2656 3880 2777 3934 qua:
2809 3880 2871 3916 ex
2922 3863 3026 3916 fide
3067 3871 3179 3916 est.
3240 3861 3343 3914 Sed
3391 3857 3509 3911 mihi
3561 3855 3722 3906 videtur

2214 3956 2356 4025 quod
2388 3957 2503 4019 illa,
2539 3972 2698 4025 quam
2753 3954 3004 4024 superius
3033 3953 3179 4007 dixit
3225 3951 3458 4021 ignorari
3505 3947 3562 4000 ab
3602 3937 3720 3997 lsrael

2218 4049 2308 4102 Dei
2334 4047 2626 4116 justitiam,
2657 4047 2770 4116 ipsa
2809 4045 3110 4113 sitjustitia
3155 4044 3270 4098 haec
3297 4057 3413 4110 qua:
3445 4055 3502 4094 es
3533 4037 3616 4090 lide
3635 4041 3720 4094 (:51;

2217 4141 2305 4196 illa
2331 4156 2458 4204 vero
2490 4141 2556 4195 de
2581 4156 2684 4210 qua
2720 4139 2850 4193 dicit
2877 4157 2890 4192 :
2923 4157 2940 4189 «
2971 4135 3143 4192 Suam
3189 4137 3452 4206 justitiam
3480 4135 3720 4200 qtttercﬂlt‘s

2214 4231 2589 4303 statuere(84).
2613 4251 2631 4283 ι
2653 4232 2766 4299 ipsa
2793 4231 2863 4284 sit
2885 4230 2950 4282 de
2976 4244 3082 4297 qua
3096 4239 3150 4283 et
3172 4228 3262 4282 hic
3275 4224 3438 4294 Moysi
3462 4214 3721 4275 verbisinsi-

2215 4334 2367 4385 nuat,
2395 4324 2524 4392 quia
2563 4339 2583 4373 «
2613 4321 2880 4389 justitiam
2932 4336 3052 4390 qua:
3098 4335 3166 4374 ex
3205 4319 3321 4389 lege
3348 4327 3426 4371 est
3451 4315 3530 4385 qui
3561 4305 3718 4369 fecerit.

534 4423 783 4467 vatorem
819 4429 834 4466 :
875 4412 1067 4481 «Auge
1097 4411 1252 4466 nobis
1284 4412 1444 4467 ﬁdem
1477 4412 1589 4477 ⁸⁸,ι
1634 4412 1736 4466 hoc
1777 4421 1878 4476 est,
1917 4421 1975 4466 ut
2015 4413 2111 4466 ha-

2219 4416 2403 4478 homo,
2431 4415 2581 4468 vivet
2613 4415 2662 4467 in
2698 4428 2816 4467 ea.»
2873 4411 2979 4466 Sed
3012 4411 3134 4464 vide
3159 4409 3493 4477 justitiarum
3523 4399 3718 4486 ditiorem

534 4504 726 4560 bentes
759 4518 876 4559 eam
917 4503 1076 4557 ﬁdem
1110 4517 1230 4572 quae
1267 4518 1374 4558 non
1427 4510 1513 4558 est
1565 4503 1863 4557 secundum
1915 4502 2096 4557 scien-

601 4669 646 4702 "’
673 4668 827 4723 Rom.
849 4685 902 4734 Χ,
951 4669 1008 4724 2.

532 4739 580 4773 ’³
611 4738 740 4794 Luc.
774 4755 908 4807 xvu,
933 4739 987 4794 5.

603 4875 717 4944 (7t)
750 4874 911 4941 Editi,
947 4875 1104 4944 «qui.
1130 4894 1149 4929 ι

606 4945 718 5016 (75)
759 4945 918 5009 Editi,
966 4964 985 4997 «
1013 4949 1223 5014 ignorat
1251 4955 1429 5000 autem
1460 4947 1583 5015 quia
1614 4946 1852 5001 charitas
1888 4945 2099 5015 patiens

533 5025 636 5077 est.
672 5017 828 5069 debet
860 5030 980 5070 esse
1013 5016 1262 5082 benigna.
1302 5035 1321 5067 ι

603 5085 716 5156 (76)
747 5083 836 5138 Sit:
864 5101 963 5139 ms.
1000 5085 1199 5154 Regius
1229 5101 1377 5140 Itum.
1405 5086 1564 5141 1659.
1609 5088 1683 5139 Ita
1713 5087 1876 5156 etiam
1911 5085 2094 5141 caeteri

535 5171 667 5208 mss.
700 5155 899 5218 nostri.
935 5155 1036 5209 nisi
1090 5156 1235 5224 quod
1291 5156 1523 5211 habeant
1586 5174 1603 5206 «
1632 5155 1884 5221 qundam,
1919 5175 1936 5204 ι
1999 5172 2098 5222 pro

539 5243 559 5276 «
585 5226 1035 5292 ιιιιοιΙιιιιιιιιοιΙο.»
1062 5225 1204 5279 Editi
1235 5239 1384 5284 vero.
1417 5227 1546 5278 «sed
1579 5226 1629 5278 in
1663 5224 1854 5275 alfcctu
1883 5228 2098 5278 utentis.

535 5294 717 5348 'l'alem
745 5296 1014 5363 quondam
1037 5295 1220 5348 habuit
1247 5294 1329 5364 illa
1361 5309 1480 5364 quae
1517 5295 1650 5347 (ΙὶΧιι
1683 5309 1695 5343 :
1729 5294 1782 5345 Si
1813 5295 2095 5361 tetigere:

534 5376 636 5416 etc.
673 5366 943 5424 Itabanus.
981 5367 1104 5418 «sed
1137 5365 1189 5418 in
1209 5363 1404 5419 allectu
1428 5364 2100 5432 tnetttissuntaliquando,

535 5433 747 5498 qualem
783 5434 991 5497 habuit,
1019 5453 1036 5483 ι
1071 5444 1177 5489 etc.

610 5500 722 5569 (77)
755 5500 892 5555 Editi
915 5543 930 5568 ,
974 5521 992 5554 «
1019 5504 1337 5559 charitatem
1371 5503 1460 5557 Dei
1490 5501 1675 5568 habet,
1705 5522 1722 5554 ι
1777 5501 1942 5556 male.
1989 5503 2095 5556 Ms.

537 5567 737 5642 Regius
758 5567 1099 5642 nttm.ltb'59,
1146 5591 1163 5623 ι
1187 5575 1493 5629 castitatem
1534 5574 1750 5642 quidem
1785 5573 1965 5627 habet.
2001 5590 2020 5624 ι

609 5637 731 5712 (78)-
773 5638 839 5690 Et
886 5637 1249 5712 «illustrarunt
1294 5637 1580 5712 pauperum
1625 5643 1804 5705 habet,
1851 5643 1942 5712 sed
1995 5658 2095 5694 non

536 5708 824 5762 secundum
861 5710 1156 5768 scientiam.
1196 5708 1321 5768 Hac
1350 5708 1725 5769 desiderantur
1756 5713 1810 5766 in
1841 5711 2094 5767 editiOni-

1083 4670 1129 4701 ⁸⁸
1151 4669 1168 4722 l
1191 4667 1314 4724 Cor.
1337 4685 1458 4731 sttt,
1483 4669 1538 4731 4,
1571 4669 1624 4722 5.
1701 4670 1745 4702 ⁸⁹
1780 4667 1966 4723 Iacob.
1999 4686 2058 4734 ιι,
2084 4671 2174 4724 20.

1097 4740 1145 4774 ”‘
1184 4738 1374 4794 Matth.
1401 4755 1519 4805 χιιι,
1555 4739 1641 4794 12.
1715 4739 1764 4772 ³⁸
1796 4738 1951 4794 Rom.
1989 4733 2062 4807 xi,
2094 4742 2113 4795 ﬁ

2259 4743 2307 4776 "
2332 4738 2518 4794 Matth.
2545 4753 2664 4801 χιιι,
2695 4735 2782 4790 12.
2855 4735 2902 4767 ⁸⁷
2934 4733 3093 4788 Rom.
3119 4749 3176 4796 ιι,
3197 4733 3233 4784 4
3262 4744 3416 4800 seqq.

2212 4507 2365 4573 tiam,
2390 4505 2596 4575 pariter
2625 4513 2682 4558 et
2729 4502 2991 4558 vitarum.
3043 4499 3138 4555 illa
3175 4501 3318 4556 enim
3350 4493 3544 4566 justitia
3572 4487 3664 4550 Dei,
3683 4481 3721 4538 id

2251 4673 2296 4703 '°
2324 4669 2510 4722 Matth.
2533 4683 2611 4730 ιτ,
2638 4664 2776 4720 21.⁹¹
2817 4663 3002 4718 Matth.
3041 4677 3121 4724 rt,
3161 4660 3248 4716 l6.
3325 4661 3369 4692 θ’
3397 4658 3412 4711 l
3439 4655 3551 4710 Cor.
3578 4664 3654 4717 xv,
3673 4645 3715 4698 ε.

2125 4887 2167 4943 C
2203 4883 2303 4936 bus
2334 4877 2540 4934 Merlini
2572 4887 2625 4930 et
2657 4875 3015 4932 Genebrardi.

2277 4951 2388 5020 (79)
2439 4948 2599 5012 Editi,
2639 4965 2659 4997 «
2687 4947 2787 4999 nisi
2821 4946 3104 4999 scientiam
3149 4952 3203 4997 et
3253 4941 3563 4996 intellectum
3597 4940 3719 5002 gell-

2207 5037 2346 5074 mus.
2377 5041 2395 5073 1

2277 5089 2388 5158 (80)
2419 5088 2582 5150 Editi,
2611 5105 2629 5138 «
2650 5084 2737 5152 qui
2769 5085 3055 5158 scientiam
3087 5099 3188 5137 non
3219 5085 3400 5158 habet.
3431 5097 3450 5130 ι
3473 5147 3485 5158 .
3526 5153 3536 5158 _
3594 5143 3606 5155 O

2279 5147 2391 5231 (81)
2437 5158 2531 5212 Ms.
2569 5147 2728 5208 'ttnits
2763 5154 2978 5231 Degius
3015 5169 3161 5231 num.
3212 5154 3372 5231 lti59,
3417 5168 3443 5231 Α(
3473 5147 3711 5231 interim;

2209 5219 2466 5284 Ra‘hat'tus
2513 5241 2675 5291 vero,
2719 5219 2968 5292 «itaque.
2999 5243 3020 5276 ι
3066 5223 3189 5277 Mss.
3237 5225 3344 5276 duo
3381 5229 3430 5273 et
3468 5219 3609 5274 editi.
3641 5222 3713 5260 ειη

2211 5311 2436 5354 tantum.
2466 5316 2484 5349 ι

2270 5341 2581 5435 iiiéj'iwéom
2613 5361 2951 5435 estverbum,
2981 5368 3297 5435 etc._t_tsque
3329 5352 3424 5414 ad,
3450 5363 3542 5403 non
3568 5341 3714 5397 mba-

2199 5429 2318 5497 sce't,
2351 5429 2551 5489 desunt
2577 5435 2630 5488 in
2661 5433 2812 5488 libris
2841 5441 3001 5486 antea
3027 5429 3200 5485 editis.
3549 5488 3580 5498 ﬁ
3617 5485 3629 5498 ,

2275 5483 3144 5574 testatas".imitat;ista...
3171 5499 3457 5552 Christum.
3489 5512 3515 5574 .
3549 5483 3720 5543 mana.

2203 5564 2305 5630 ms.
2337 5564 2534 5639 ltegius
2559 5564 2710 5627 num:
2741 5572 2912 5636 .1659.
2951 5590 2969 5622 «
3003 5578 3289 5641 potuerunt
3313 5564 3591 5637 pervenire.
3613 5575 3630 5608 ι

2273 5646 2384 5716 (8i)
2419 5645 2582 5708 Editi,
2641 5661 2658 5695 «
2689 5643 2929 5700 vnientcs
2956 5652 3210 5696 statuere.
3241 5658 3260 5689 ι
