3986 6206
276 228 404 283 1161

1203 225 1561 298 comiENr.
1605 239 1671 294 l.\'
1714 242 1932 298 EPlS'l‘.
1976 246 2067 300 an
2108 245 2272 308 non.
2315 250 2445 306 LIB.
2490 252 2626 310 vm.

3419 266 3552 320 1113³3

268 361 377 416 est,
439 349 689 405 Christus
759 369 778 403 ι
818 352 908 422 qui
971 353 1145 410 factus
1193 367 1274 410 est
1336 361 1491 415 nobis
1538 361 1750 430 justitia
1813 381 1840 415 a
1874 376 1919 432 Α
1948 364 2242 421 exaltatum
2285 384 2312 422 a
2347 379 2419 436 te,
2447 385 2621 439 neque
2660 371 2816 442 longe
2843 386 2870 425 a
2915 382 2962 427 Ie
2989 373 3010 404 ⁸
3038 372 3174 448 (88),
3201 395 3219 429 ι
3262 388 3320 434 et
3349 395 3544 439 caetera

269 442 378 495 Duo
405 442 471 505 ⁵⁸,
505 461 523 492 ι
570 451 623 496 et
655 458 757 510 pax
786 483 800 507 ,
835 445 957 498 vide
992 449 1263 514 quomodo
1321 451 1452 504 dicit
1479 468 1496 505 ι
1529 470 1548 503 ι
1578 452 1704 507 llaec
1769 465 1856 510 est

265 545 445 588 autent
485 536 590 588 vita
623 545 828 590 (eterna
857 577 870 599 ,
926 547 984 591 ut
1014 551 1346 609 cognoscant
1374 553 1425 598 te
1455 545 1632 598 solum
1663 562 1848 602 verum

267 626 459 692 Deum,
493 635 547 681 et
577 643 739 697 quem
786 630 980 684 misisti
1023 632 1207 688 Jesum
1243 634 1517 689 Christum
1552 641 1622 692 θ’.
1649 656 1666 688 ι
1726 639 1851 695 lltec

260 717 618 785 ergojustitia
659 735 762 774 non
813 730 1023 776 tantum
1075 725 1239 776 vitam
1278 726 1507 793 prmhet,
1549 730 1643 782 sed
1691 739 1848 782 teter-

281 827 384 863 .am
415 812 598 864 vitam.
625 812 771 866 Illam
793 829 922 869 vero
941 815 1349 886 legisjustitiatn
1369 819 1481 890 (85)
1510 822 1630 890 «qui
1661 821 1848 876 fecerit

261 901 449 964 homo,
483 921 502 954 ι
533 919 636 956 non
668 904 801 956 dixit
838 904 888 958 in
925 915 1192 960 aeternum
1233 909 1414 973 vivet,
1459 913 1553 964 sed
1603 922 1842 966 tantum-

260 995 423 1047 modo
489 1013 508 1044 ι
537 995 681 1048 vivet
725 995 777 1049 in
837 1011 944 1050 ea:
987 1018 1006 1050 ι
1043 999 1295 1068 quoniam
1325 1001 1368 1054 si
1416 1001 1538 1055 linis
1584 1002 1732 1072 legis,
1789 1016 1843 1058 ut

257 1086 553 1153 Apostolus
583 1088 720 1141 dicit
759 1090 800 1153 ¹,
832 1087 1086 1144 (Ὶιιίειιιε
1119 1102 1226 1153 est,
1280 1107 1378 1148 nec
1421 1093 1590 1161 ipsam
1623 1110 1743 1162 quae
1775 1111 1842 1150 ex

257 1178 376 1248 lege
399 1191 482 1232 est
504 1178 772 1248 jusntiam
802 1181 917 1234 sine
945 1181 1163 1236 Christo
1197 1182 1498 1252 adimplere
1523 1187 1724 1252 poterit
1747 1188 1838 1256 qui

257 1271 422 1323 linem
457 1271 591 1340 legis
621 1286 722 1323 non
754 1271 983 1340 suscipit
1010 1274 1307 1327 Christum.
1361 1274 1482 1330 ll:ec
1541 1293 1672 1347 ergo
1721 1294 1840 1346 qum

249 1377 318 1413 ex
389 1362 494 1414 ﬁde
548 1374 628 1415 est
674 1363 1056 1434 justitia,qu:e
1109 1377 1190 1420 est
1241 1365 1524 1434 Christus,
1581 1380 1836 1439 tanquam

249 1453 447 1505 vivens
513 1465 566 1506 et
619 1455 963 1522 subsistens,
1031 1457 1142 1512 haec
1174 1499 1188 1522 ,
1251 1459 1449 1528 inquit,
1506 1461 1676 1514 dicit:
1713 1481 1730 1512 ι
1762 1461 1837 1515 Ne

249 1544 464 1598 dixeris
505 1545 556 1598 in
615 1545 781 1600 corde
835 1555 972 1601 tuo:
1009 1549 1140 1615 Quis
1192 1553 1440 1606 ascendit
1493 1552 1545 1605 in
1601 1552 1836 1606 caelum?

250 1633 359 1686 hoc
391 1644 496 1699 est,
522 1635 798 1690 Christum
826 1636 1097 1694 deducere
1124 1657 1138 1692 :
1171 1640 1277 1693 Aut
1326 1641 1446 1709 quis
1477 1642 1751 1696 descendit
1781 1643 1830 1696 in

1957 472 2080 524 qum
2099 470 2421 526 seqmmtur.
2456 461 2594 526 Quid
2623 477 2754 531 ergo
2787 464 3036 533 estquod
3063 481 3156 535 per
3185 468 3287 526 hoc
3312 473 3542 541 Aposto-

1956 547 2038 602 lus
2063 549 2260 604 docet?
2291 550 2370 606 Ne
2403 553 2614 606 scilicet
2641 554 2889 610 dicamus
2928 556 2980 609 in
3029 558 3192 614 corde
3223 574 3415 618 nostro
3437 604 3454 627 ,
3486 575 3541 618 et

1954 650 2204 707 putemus
2241 644 2382 710 quod
2428 645 2679 702 Christus
2733 647 2783 701 in
2829 649 2950 702 loco
2993 651 3174 720 aliquo
3208 657 3538 724 continetur,

1951 742 2138 784 etnon
2168 733 2364 802 ubique
2393 745 2498 798 est,
2543 751 2607 791 ac
2647 753 2743 807 per
2793 740 2974 793 omnia
3018 741 3133 810 ipse
3177 744 3533 801 dill'uuditur:

1949 820 2150 890 quippe
2172 823 2408 891 quicum
2437 838 2581 880 esset
2606 826 2659 879 in
2696 829 2882 890 terris,
2908 829 3122 886 dicebat
3144 835 3268 903 quia
3297 847 3444 891 esset
3478 849 3536 893 et

1951 910 2001 962 in
2060 913 2221 967 caelo.
2261 913 2354 970 Sic
2401 917 2546 970 enim
2587 917 2910 986 loquebatur
2955 923 3020 976 ad
3057 925 3329 994 apostolos
3353 944 3479 995 suos
3516 945 3530 980 :

1952 1019 1968 1052 ι
2005 1001 2171 1056 Nemo
2210 1007 2458 1060 ascendit
2483 1009 2535 1060 in
2569 1011 2794 1074 emtum,
2827 1013 2925 1066 nisi
2951 1016 3042 1081 qui
3068 1015 3134 1071 de
3151 1017 3287 1072 caelo
3315 1022 3535 1076 descen-

1945 1093 2046 1156 dit,
2071 1094 2489 1152 Filinsbomiuis
2518 1101 2607 1168 qui
2650 1113 2730 1155 est
2755 1105 2804 1156 in
2829 1107 2999 1158 trmlo’
3023 1105 3156 1178 (89).
3183 1127 3202 1160 ι
3229 1109 3344 1164 Non
3372 1113 3528 1181 dixit,

1942 1187 2033 1254 qui
2056 1185 2177 1254 fuit,
2196 1189 2310 1253 sed,
2337 1191 2462 1259 «qui
2485 1203 2569 1247 est
2592 1195 2820 1250 iucoelo.
2857 1215 2872 1246 ι
2897 1197 2957 1251 Et
2983 1216 3169 1255 rursus
3190 1217 3258 1255 ne
3280 1211 3530 1271 putemus

1941 1293 2061 1331 eum
2099 1281 2151 1333 in
2180 1281 2316 1336 caelo
2341 1297 2460 1338 esse
2505 1289 2911 1353 tantummodo,
2952 1307 3146 1348 vacare
3186 1307 3368 1350 autem
3408 1301 3527 1368 ejus

1941 1373 2235 1440 prtesentia
2261 1375 2542 1445 abyssum,
2567 1378 2900 1447 ideojustitia
2919 1397 3038 1450 quae
3053 1397 3119 1437 ex
3140 1387 3242 1441 lide
3263 1399 3344 1443 est
3362 1391 3522 1446 dicit:

1945 1480 1962 1512 ι
1990 1464 2065 1518 Ne
2086 1465 2287 1520 dixeris
2311 1468 2362 1520 in
2391 1470 2553 1524 corde
2588 1473 2863 1539 ttionuis
2881 1475 3190 1532 ascenditin
3209 1477 3440 1537 cmluat'
3467 1486 3518 1537 ?o

1941 1554 2000 1606 Et
2029 1557 2179 1624 quasi
2206 1557 2382 1614 simile
2409 1561 2478 1615 sit
2499 1563 2598 1615 hoc
2623 1563 2842 1627 dicenti,
2865 1565 3140 1621 Christum
3170 1572 3235 1626 de
3261 1573 3400 1626 cazlo
3425 1579 3521 1630 dc-

1937 1645 2157 1712 ducere,
2186 1649 2259 1702 ita
2289 1650 2493 1704 addidit
2530 1653 2820 1720 Aposmlus
2849 1667 2864 1704 :
2895 1674 2913 1704 ι
2963 1657 3073 1713 lloc
3107 1670 3210 1726 est,
3237 1663 3515 1719 Christum

247 1715 552 1797 abyssum?
587 1727 687 1782 hoc
715 1737 822 1792 est,
849 1729 1124 1784 Christum
1156 1747 1184 1784 a
1209 1734 1436 1786 mortuTS
1461 1735 1720 1788 reducere
1749 1737 1824 1786 ’.ι
1868 1719 1907 1774 Β
1936 1739 2222 1794 deducere.
2250 1760 2268 1792 ι
2319 1741 2384 1794 Et
2420 1757 2634 1796 rursum
2664 1745 2705 1798 si
2736 1748 2857 1814 quis
2887 1761 3066 1804 mente
3096 1763 3150 1806 et
3179 1755 3515 1824 cogitatione

243 1817 364 1875 N‘ec
401 1813 616 1874 mireris
665 1821 807 1887 quod
845 1835 971 1875 cum
1019 1821 1272 1876 Christus
1327 1823 1441 1890 ipse
1476 1823 1545 1876 sit
1589 1822 1822 1890 justitia,

241 1910 402 1980 quasi
446 1913 512 1965 de
543 1907 652 1964 alio
702 1910 774 1962 ita
830 1911 896 1965 de
949 1926 1008 1965 se
1062 1921 1174 1966 [nec
1215 1913 1398 1967 dicere
1452 1913 1722 1968 videatur.
1771 1915 1824 1968 In

241 2004 434 2057 multis
465 2003 610 2057 enim
643 2002 778 2056 locis
819 2001 1061 2056 invenies
1085 2003 1420 2058 Salvatorem
1447 2006 1598 2072 quasi
1627 2006 1692 2059 de
1719 2005 1825 2059 alio

240 2093 318 2146 ita
354 2095 421 2147 de
443 2110 502 2148 se
521 2095 665 2162 loqui
696 2111 711 2158 ;
740 2101 798 2147 ut
833 2091 885 2145 in
914 2092 1204 2162 Evangelio
1229 2095 1362 2150 dicit
1385 2099 1404 2127 ³
1440 2115 1452 2150 :
1495 2098 1592 2152 «Et
1621 2108 1825 2154 statuet

235 2201 374 2240 ows
400 2201 428 2238 a
452 2187 688 2252 dextris;
717 2186 906 2242 ιιωεξοε
934 2194 1110 2239 autem
1128 2201 1156 2239 a
1187 2186 1426 2242 sinistris
1449 2189 1583 2260 (86):
1604 2199 1658 2244 et
1679 2191 1822 2246 dicet

237 2275 329 2329 bis
359 2277 449 2345 qui
495 2293 523 2329 a
565 2276 772 2332 dextris
799 2284 949 2340 sunt,
998 2286 1052 2330 et
1101 2276 1296 2332 iterum
1349 2279 1440 2347 qui
1495 2295 1524 2332 a
1579 2281 1822 2338 sinistris

232 2385 391 2438 sunt,
443 2391 561 2429 rea
592 2390 713 2444 quae
745 2373 943 2442 scripta
979 2382 1123 2427 sunt.
1157 2372 1313 2439 Quod
1357 2387 1484 2442 ergo
1512 2373 1586 2425 ait
1624 2388 1636 2422 :
1675 2393 1692 2422 ι
1737 2371 1810 2427 Ne

232 2468 446 2524 dixeris
479 2469 532 2521 iu
561 2468 723 2522 corde
754 2476 848 2520 tuo
882 2481 896 2516 :
931 2464 1066 2530 Quis
1095 2464 1340 2518 ascendit
1373 2464 1424 2516 in
1459 2464 1653 2517 coelum
1675 2503 1689 2527 ,
1719 2471 1814 2517 aut

231 2561 367 2630 quis
418 2559 699 2614 descendit
750 2559 804 2612 in
858 2556 1156 2628 abyssum?
1204 2575 1221 2607 ι
1263 2555 1501 2624 exceptis
1554 2555 1638 2609 his
1691 2569 1814 2624 quae

231 2649 418 2703 media
451 2648 747 2713 interserit,
785 2666 802 2699 ι
843 2647 946 2702 hoc
971 2658 1072 2711 est,
1105 2646 1382 2700 Christum
1417 2646 1703 2712 deducere,
1728 2645 1812 2700 vel

233 2759 262 2796 a
302 2741 533 2795 mortuis
565 2741 856 2795 reducere:
888 2758 906 2790 ι
935 2738 1130 2804 sedet,
1163 2756 1180 2788 ι
1210 2736 1383 2807 Prope
1405 2747 1484 2791 est
1510 2737 1732 2791 verbum
1757 2737 1811 2792 in

231 2846 336 2885 ore
367 2839 482 2890 tuo.
510 2839 561 2884 et
587 2830 638 2882 in
671 2829 832 2883 corde
871 2838 985 2891 tuo,
1024 2846 1041 2879 ι
1069 2827 1134 2882 de
1157 2826 1574 2882 Deuteronomio
1602 2828 1814 2882 videtur

229 2931 600 2990 assumptum,
630 2918 718 2973 ubi
761 2919 863 2973 hoc
895 2919 1056 2972 modo
1084 2918 1346 2988 scriptum
1385 2929 1506 2972 est:
1543 2937 1561 2970 ι
1593 2917 1814 2972 Manda-

1931 1831 2227 1885 descendat
2255 1831 2305 1884 in
2333 1831 2609 1902 abyssum,
2639 1847 2834 1904 putans
2878 1840 2947 1892 ibi
2996 1850 3199 1896 tantum
3245 1850 3512 1904 cont'neri

1927 1921 2226 1986 Christum,
2250 1923 2403 1990 quasi
2432 1923 2606 1978 simile
2631 1928 2699 1979 sit
2728 1927 3006 1983 Christum
3039 1948 3295 1990 revocare
3315 1952 3344 1990 a
3368 1954 3513 1994 mor-

1930 2013 2056 2078 tuis,
2097 2014 2168 2067 ita
2198 2015 2472 2085 subiungit
2506 2033 2518 2068 :
2557 2034 2574 2068 ι
2609 2016 2718 2072 Hoc
2751 2031 2850 2084 est,
2886 2023 3162 2077 Christum
3200 2027 3511 2086 reducerea

1927 2106 2173 2160 mortuis.
2206 2126 2224 2158 ι
2259 2107 2363 2162 Sed
2394 2110 2486 2176 ita,
2515 2109 2703 2177 inquit,
2729 2113 2890 2167 debes
2933 2119 3132 2170 sentire
3173 2121 3237 2172 de
3268 2121 3504 2188 Christo,

1929 2204 2182 2264 tanquam
2213 2196 2278 2250 de
2304 2196 2498 2262 Verbo,
2531 2208 2583 2253 et
2614 2200 2861 2266 veritate,
2889 2213 2940 2256 et
2970 2208 3252 2274 sapientia.
3276 2209 3508 2278 etjusti-

1924 2287 1994 2341 tia
2049 2285 2165 2344 Dei.
2202 2286 2326 2342 llaec
2364 2299 2541 2343 autem
2571 2291 2747 2343 omnia
2789 2308 2890 2345 non
2930 2293 2978 2345 iu
3007 2295 3122 2348 loco
3151 2309 3500 2366 qum-runtur,

1920 2379 2012 2431 sed
2041 2378 2236 2448 ubique
2261 2381 2493 2434 adsunt:
2527 2394 2700 2448 neque
2728 2383 2792 2433 ah
2836 2382 3059 2439 infernis
3095 2385 3224 2440 locis
3245 2388 3355 2463 (90)
3371 2408 3501 2448 evo-

1923 2471 2310 2543 επακ-,623
2327 2473 2418 2526 sed
2439 2475 2739 2531 mentesola
2771 2474 3150 2546 intellectuque
3188 2481 3496 2550 capiuntur.

1919 2557 2200 2628 Tanquam
2225 2561 2458 2616 Verbum
2486 2578 2614 2634 ergo
2639 2575 2691 2618 et
2723 2567 2984 2634 sapientia
3020 2583 3185 2638 prope
3217 2582 3297 2626 est
3330 2573 3379 2627 in
3402 2590 3499 2629 ore

1921 2656 2010 2703 tuo
2060 2658 2112 2702 et
2157 2649 2211 2704 in
2249 2653 2412 2705 corde
2444 2661 2553 2708 tuo.
2586 2655 2649 2709 Et
2690 2673 2709 2706 ι
2743 2657 2843 2711 hoc
2881 2667 2982 2718 est,
3027 2660 3220 2727 inquit,
3270 2665 3496 2720 verbum

1919 2741 2038 2794 lidei
2059 2741 2171 2814 (9|)
2191 2742 2334 2812 quod
2365 2746 2739 2814 prtedicamus.
2765 2747 2898 2814 Quia
2929 2749 2972 2804 si
3004 2753 3382 2809 contitearisin
3399 2771 3498 2810 ore

1917 2840 2008 2886 tuo
2039 2833 2320 2890 Dominum
2344 2835 2548 2901 Jesum,
2573 2849 2628 2892 et
2645 2841 2942 2896 credideris
2970 2843 3022 2896 in
3043 2844 3208 2898 corde
3235 2854 3325 2900 tuo
3351 2850 3493 2916 quod

1915 2924 2057 2979 Deus
2090 2925 2236 2980 illum
2270 2930 2556 2985 suscitavit
2589 2949 2615 2985 a
2654 2935 2902 2996 mortuis,
2938 2934 3119 2990 salvus
3162 2937 3494 2994 eris.Cotde

231 3023 356 3066 tum
392 3013 512 3073 hoc,
537 3012 679 3081 quod
705 3026 804 3082 ego
831 3011 1029 3065 mando
1053 3010 1146 3064 tibi
1171 3009 1352 3076 hodie,
1382 3025 1490 3064 non
1515 3018 1596 3064 est
1624 3025 1814 3079 super-
1836 3053 1877 3110 ο
1912 3017 2052 3072 enim
2081 3019 2322 3074 creditur
2351 3023 2418 3076 ad
2447 3023 2735 3091 justitiam,
2789 3043 2888 3082 ore
2917 3037 3096 3084 autem
3129 3029 3395 3086 confessio
3433 3035 3494 3088 lit

228 3107 535 3160 exaltatum
569 3120 598 3157 a
637 3113 708 3169 te,
745 3119 919 3174 neque
952 3103 1111 3174 longe
1151 3118 1181 3156 a
1215 3111 1283 3156 te.
1325 3101 1441 3156 Non
1475 3111 1558 3156 est
1593 3102 1645 3155 in
1673 3103 1812 3157 cwlo

231 3206 294 3252 ut
325 3198 483 3252 dicas
515 3215 528 3250 :
557 3194 692 3260 Quis
735 3193 993 3248 ascendet
1039 3192 1199 3246 nobis
1234 3191 1286 3245 in
1332 3193 1560 3253 cmlum,
1589 3201 1642 3246 et
1671 3192 1814 3246 acci-

232 3290 348 3357 piet
382 3287 511 3340 illud
540 3285 718 3347 nobis,
745 3293 799 3338 ut
831 3283 1114 3336 audientes
1145 3280 1409 3338 faciamus
1435 3283 1604 3335 illud?
1629 3281 1814 3352 Neque

232 3392 394 3434 trans
447 3393 596 3431 mare
639 3384 758 3440 est,
818 3384 877 3429 ut
925 3375 1076 3429 dicas
1119 3393 1132 3427 :
1177 3373 1310 3440 Quis
1353 3375 1604 3428 transibit
1653 3374 1812 3431 nobis

230 3481 393 3526 trans
427 3486 596 3531 mare.
631 3481 682 3524 et
707 3470 937 3538 accipiet
964 3468 1116 3530 illud,
1151 3477 1208 3520 ut
1237 3468 1516 3524 audientes
1547 3467 1812 3524 faciamus

230 3563 410 3616 illud?
439 3561 596 3614 Juxta
645 3571 695 3614 te
726 3573 809 3615 est
849 3560 1073 3614 verbum
1110 3559 1262 3613 valde
1297 3559 1348 3612 in
1386 3575 1478 3614 ore
1519 3568 1631 3623 tuo,
1663 3569 1716 3615 et
1753 3560 1808 3614 in

228 3655 403 3710 conte
448 3661 560 3711 tuo.
606 3663 657 3706 et
694 3653 746 3706 in
783 3652 1039 3706 manibus
1075 3651 1202 3715 tuis,
1237 3659 1296 3704 ut
1330 3648 1497 3704 facias
1529 3652 1658 3706 illud
1697 3653 1736 3707 ⁸.
1782 3671 1801 3704 ι

227 3748 375 3799 Cum
415 3760 544 3814 ergo
585 3745 701 3798 haec
739 3759 806 3798 ex
847 3742 1266 3797 Deuteronomio
1297 3753 1571 3812 aSSumpta
1603 3743 1730 3807 sint,
1758 3752 1813 3799 et

229 3835 536 3908 Apostolus
575 3835 780 3890 scribat
823 3835 949 3904 quia
985 3835 1230 3904 jus’itia,
1263 3849 1384 3904 qua:
1424 3849 1487 3887 ex
1522 3833 1623 3888 lide
1653 3843 1737 3890 est
1764 3836 1807 3900 ',

225 3933 352 3998 ipsa
397 3929 512 3980 lucc
552 3927 703 3990 dicit,
735 3941 855 3994 qua:
893 3934 974 3978 est
1011 3925 1297 3990 Christus;
1339 3924 1456 3979 sine
1493 3922 1658 3980 dubio
1697 3926 1808 3997 (87)

209 4033 338 4086 qnze
376 4018 427 4071 iu
458 4020 872 4075 Denteronomio
895 4021 1148 4076 dicuntur
1179 4020 1472 4090 Apostolus
1501 4035 1529 4073 a
1575 4019 1795 4074 Christo

209 4116 359 4168 dicta
390 4130 510 4171 esse
529 4117 863 4185 pronuntiat.
887 4118 1000 4187 Ipse
1020 4128 1102 4174 est
1133 4134 1262 4187 ergo
1287 4118 1379 4187 qui
1405 4117 1566 4170 dicit:
1597 4136 1616 4168 ι
1641 4117 1794 4170 Man-

209 4208 403 4260 datum
433 4209 552 4273 hoc,
597 4211 736 4278 quod
775 4225 874 4280 ego
913 4212 980 4266 do
1013 4211 1106 4265 tibi
1132 4211 1310 4273 hodie,
1344 4225 1447 4262 non
1477 4218 1558 4263 est
1595 4225 1788 4278 snper-

1919 3108 1972 3162 in
2027 3108 2256 3163 salutem
2289 3110 2330 3162 ⁹.
2372 3130 2390 3162 ι
2445 3113 2715 3168 Debemus
2767 3117 2935 3168 etiam
2971 3118 3077 3172 hoc
3110 3121 3248 3175 scire
3278 3160 3296 3187 ,
3348 3125 3490 3192 quod

1915 3198 2060 3253 aliud
2095 3211 2179 3256 est
2218 3204 2628 3270 possibilitatem
2653 3222 2774 3263 esse
2803 3209 2855 3261 in
2887 3209 3086 3278 aliquo,
3133 3202 3490 3267 aliud‘etliva-

1912 3293 2052 3348 ciam
2095 3293 2176 3346 vel
2223 3294 2566 3350 ellieicntiam
2595 3298 2732 3370 (92),
2775 3301 2919 3370 quod
2967 3301 3138 3357 Graeci
3171 3302 3399 3374 δύναμιν
3431 3313 3489 3360 et

1909 3386 2188 3458 ἐνέργειαν
2217 3387 2330 3458 (95)
2364 3400 2578 3444 vocant.
2607 3390 2766 3447 Verbi
2794 3411 2990 3450 causa:
3026 3395 3290 3450 Parvulus
3313 3412 3485 3462 nuper

1907 3486 2064 3530 natus
2081 3479 2440 3547 possibilitate
2465 3480 2802 3538 rationabilis
2819 3486 2982 3538 homo
3004 3496 3082 3542 est
3108 3503 3121 3539 :
3144 3497 3317 3554 potest
3336 3487 3481 3541 enim

1905 3584 2025 3623 esse
2056 3570 2396 3625 rationabilis
2424 3573 2470 3626 si
2499 3573 2813 3629 adoleverit.
2845 3576 2908 3629 Et
2939 3577 3297 3645 possibilitate
3312 3579 3478 3632 etiam

1901 3658 2078 3724 faber,
2105 3670 2160 3715 et
2192 3661 2544 3730 gubernator,
2578 3671 2632 3718 et
2675 3667 3063 3734 grammaticus
3088 3667 3325 3730 dicitur;
3350 3682 3481 3736 pos-

1906 3749 2062 3805 sibile
2089 3753 2234 3804 enim
2268 3761 2351 3804 est
2377 3760 2434 3804 ut
2469 3752 2659 3806 horum
2705 3754 2908 3822 aliquid
2940 3755 3028 3808 sit.
3067 3755 3312 3811 Ellicacia
3344 3773 3474 3812 vero

1907 3831 1990 3890 vel
2036 3837 2342 3905 efficientia,
2387 3840 2489 3894 hoc
2517 3849 2619 3904 est,
2654 3856 2710 3896 re
2742 3843 2854 3911 ipsa
2887 3852 3051 3912 atque
3080 3843 3303 3908 ell‘ectu,
3337 3845 3473 3900 nihil

1908 3930 2098 3986 horum
2123 3942 2204 3986 est
2233 3933 2357 3986 dum
2387 3943 2467 3987 est
2488 3934 2744 4002 parvulus
2768 3951 2782 3990 :
2809 3935 2902 3989 sed
2931 3935 2976 3988 si
3004 3937 3231 4004 cmperit
3263 3937 3344 3990 vel
3379 3954 3469 3992 ra-

1907 4024 2065 4077 tionis
2092 4023 2202 4092 jam
2229 4040 2396 4094 capax
2426 4041 2566 4088 esse,
2598 4026 2680 4082 vel
2721 4025 2926 4096 aliquid
2952 4027 3160 4081 fabrilis
3193 4030 3348 4093 artis,
3378 4041 3472 4085 aut

1900 4115 2188 4182 cuiuslibet
2219 4116 2440 4174 alterius
2473 4119 2704 4184 efﬁcere,
2742 4119 3000 4187 tuncjam
3032 4119 3266 4176 efﬁcacia
3300 4124 3470 4178 ratio-

1899 4206 2329 4273 nabilisdicitur,
2354 4209 2434 4263 vel
2463 4207 2632 4274 faber,
2658 4210 2890 4264 velsicut
2918 4209 3046 4264 illud
3075 4222 3156 4268 est
3186 4210 3297 4284 (94)
3325 4215 3466 4284 quod

277 4317 370 4392 "ft
403 4318 610 4392 eum,
647 4299 758 4374 50.
813 4319 1201 4392 "13)3n.xvn,
1236 4321 1288 4373 5.
1342 4319 1638 4392 _{it.t._t._t.
1714 4321 1736 4350 ι
1770 4319 1808 4372 ιι

1933 4318 2088 4392 6,_7._
2139 4319 2370 4392 ιιιηιιιι,
2408 4338 2534 4380 xxv.
2570 4323 2659 4382 55.
2699 4324 2787 4384 δι.
2819 4324 3025 4392 35,41.
3101 4299 3458 4391 ‘Dcut.xxx,

210 4387 398 4440 ll-H.
477 4390 674 4444 l’Rom.
705 4407 758 4451 ιι,
795 4392 848 4443 6.
925 4391 944 4419 ⁸
979 4393 1129 4442 Dent.
1168 4406 1297 4453 xxx,
1336 4389 1420 4442 11.

1496 4390 1513 4419 ⁷
1538 4388 1691 4443 Joau.
1731 4405 1809 4452 ιιι,
1845 4389 1932 4441 15.

2008 4389 2029 4418 ⁸
2060 4389 2215 4442 Rom.
2247 4406 2300 4452 tt,
2332 4390 2385 4446 6.
2461 4393 2482 4424 ’
2511 4392 2668 4447 Rom.
2701 4411 2753 4457 Χ,
2781 4389 2930 4447 8-10.

276 4481 397 4550 (85)
439 4481 574 4535 Editi
603 4523 618 4545 ,
668 4503 685 4532 ι
714 4485 804 4536 Illa
856 4499 983 4534 vero
1024 4483 1156 4549 legis
1192 4481 1423 4545 iustitia.
1477 4497 1639 4549 quam
1691 4481 1779 4547 qui
1813 4487 1858 4546 ι)
1889 4481 2271 4550 desiderantur
2300 4482 2350 4535 in
2381 4482 2617 4536 editione
2639 4482 2994 4536 Genehrardi.

208 4550 607 4614 fecerithomo,
641 4570 745 4606 non
793 4554 929 4607 dixit
976 4555 1025 4606 in
1077 4563 1341 4606 :eternnm
1367 4591 1382 4614 ,
1419 4555 1511 4604 sed
1545 4561 1780 4604 tantum-

207 4621 574 4692 tnodotvivet
609 4624 661 4676 in
701 4640 761 4675 ea
796 4642 809 4674 :
846 4625 988 4692 quod
1031 4623 1150 4675 linis
1192 4623 1322 4692 legis
1354 4623 1446 4690 (ut
1489 4621 1778 4692 Apostolus

203 4691 364 4752 dicit)
395 4690 639 4745 Christus
667 4702 768 4756 est,
802 4690 899 4746 nec
930 4693 1041 4759 ipsa
1067 4708 1184 4757 qua:
1211 4706 1274 4744 ex
1302 4691 1419 4757 lege
1444 4691 1772 4756 estjustitia,

204 4762 329 4830 sine
369 4761 585 4814 Christo
626 4763 905 4828 adimpleri
947 4764 1120 4830 potuit
1148 4801 1161 4819 ,
1204 4763 1328 4828 quia
1374 4761 1557 4830 linem,
1592 4778 1610 4830 ξ
1661 4770 1771 4813 etc.

202 4827 338 4900 Mss.
369 4831 474 4883 duo
505 4831 654 4899 Regii
684 4851 695 4884 :
739 4827 878 4886 (Illa
913 4827 1042 4884 vero
1077 4827 1547 4900 legis’jnstitia‘qtti
1583 4828 1777 4882 fecerit

203 4897 462 4979 bonum...
487 4897 636 4979 quod
675 4902 796 4955 linis
819 4897 1412 4979 (al.,liqttot‘lfi-ﬁuis)
1439 4898 1590 4965 legis,
1617 4917 1634 4949 ι
1666 4909 1772 4979 etc.

203 4966 312 5021 Sed
342 4983 444 5021 ms.
487 4966 686 5048 Regius
706 4966 887 5048 _nnui._
907 4966 1043 5048 1959
1074 4980 1127 5048 et
1155 4970 1412 5048 Rabanus
1449 4978 1592 5048 recte
1626 4977 1681 5048 ut
1720 4968 1771 5048 in

201 5047 395 5117 postro
420 5049 588 5117 textu,
617 5042 719 5094 nisi
747 5043 888 5110 quod
913 5041 1295 5117 aliushabeat,
1330 5037 1626 5117 «quoniam
1653 5037 1776 5092 linis

203 5104 343 5187 legis
365 5123 383 5187 ς.
409 5127 427 5160 ι
456 5109 594 5187 alius
623 5104 824 5187 verm-3
857 5111 1000 5187 quod
1031 5109 1235 5187 si_linis
1267 5104 1419 5187 legis,
1444 5126 1462 5156 ι
1502 5115 1617 5186 δερ..
1660 5185 1666 5187 _
1710 5176 1720 5187 .

275 5179 390 5249 (8a)
443 5180 626 5244 Alias,
679 5198 698 5232 ι
729 5183 817 5250 qui
853 5179 887 5234 a
931 5181 1135 5234 dextris
1180 5187 1324 5242 sunt,
1365 5185 1417 5229 et
1447 5191 1474 5228 a
1515 5179 1772 5243 sinistris,

199 5262 289 5312 ea,
324 5267 342 5300 ι
375 5261 478 5303 etc.

418 5320 590 5398 ﬁctili,
615 5339 633 5371 ι
657 5321 847 5398 ordine
879 5317 1235 5398 pioununtale.
1458 5386 1469 5398 _

275 5389 390 5458 (88)
418 5387 514 5443 Ms.
543 5389 751 5468 'Regius
773 5406 916 5444 num.
950 5388 1106 5468 liis-9,
1133 5397 1298 5450 recte,
1327 5405 1346 5438 ι
1375 5387 1470 5440 tibi
1500 5403 1514 5452 ;
1550 5405 1568 5438 ι
1591 5388 1772 5468 cteteri

203 5455 336 5528 vero
372 5455 512 5520 'ms.,
542 5455 794 5514 [tabanus
836 5467 890 5514 et
927 5460 1057 5512 editi
1107 5472 1428 5528 perperam,
1486 5475 1505 5508 ι
1540 5455 1717 5528 vobis.
1746 5476 1766 5510 ι

203 5527 407 5581 Deimle
432 5531 582 5592 editi,
613 5544 746 5583 «non
772 5525 1352 5598 eststtpet'exalta'tutn,
1385 5541 1558 5596 neque
1586 5525 1766 5597 longe,

196 5608 253 5650 et
277 5606 637 5666 cmteraquze,
662 5617 680 5650 ι
712 5610 819 5655 etc.

271 5666 382 5737 (89)
427 5662 550 5721 Non
577 5669 710 5721 dixit
732 5672 819 5738 qui
843 5669 965 5740 fuit,
997 5669 1117 5732 sed,
1147 5669 1236 5740 qui
1275 5675 1348 5721 est
1377 5666 1431 5718 in
1460 5662 1608 5720 caelo.
1640 5662 1766 5720 Haec

481 5762 752 5825 Ριτιιοι..
787 5767 902 5828 Cu.
940 5765 1113 5828 XIV.

1959 4549 2071 4622 (90)
2113 4550 2205 4604 Sic
2231 4567 2330 4604 ms.
2363 4551 2560 4622 Regius
2588 4569 2733 4604 ιιιιιιι.
2771 4554 2906 4606 1659
2942 4563 2995 4606 et
3021 4553 3294 4622 Rabanus.
3341 4554 3457 4608 Cae-

1889 4623 1986 4674 tcri
2021 4620 2149 4674 vero
2193 4635 2322 4674 mss.
2353 4630 2407 4675 et
2449 4621 2600 4686 editi,
2653 4639 2668 4672 ι
2700 4637 2874 4691 neque
2913 4622 2981 4676 ab
3017 4620 3215 4676 inferni
3244 4622 3398 4689 locis,
3429 4643 3449 4676 ι

1885 4699 1990 4744 ctc.

1957 4759 2068 4828 (9|)
2093 4758 2254 4818 Editi,
2287 4777 2306 4809 ι
2329 4758 2607 4827 Tanquam
2636 4759 2868 4814 Verbum
2900 4775 3029 4830 ergo
3055 4769 3108 4816 et
3143 4761 3447 4829 Sapientia.

1885 4827 2058 4896 l’rbpe
2091 4840 2170 4881 est
2195 4831 2415 4898 verbum
2453 4832 2502 4880 iu
2527 4843 2622 4882 ore
2646 4839 2734 4883 tuo
2761 4840 2815 4883 et
2847 4831 2896 4883 in
2931 4827 3095 4886 corde
3121 4827 3235 4898 tuo,
3269 4841 3323 4886 et
3355 4834 3454 4886 hoc

1884 4911 1962 4950 cSI
2001 4899 2227 4951 verbum
2255 4897 2398 4958 lidei,
2432 4916 2450 4948 ι
2479 4910 2583 4954 etc.

1957 4967 2069 5040 (92)
2101 4966 2191 5020 Sic
2223 4967 2350 5040 edi_ti
2374 4977 2441 5040 et
2483 4984 2583 5022 ms.
2617 4965 2817 5036 Regius
2862 4985 3010 5023 num.
3061 4969 3231 5040 1659,
3256 4969 3452 5028 (Σωπετὶ

1884 5036 2013 5091 vero
2048 5046 2256 5109 mss.__et
2289 5036 2558 5109 Rabanus,
2583 5056 2616 5109 ί
2647 5039 2792 5109 quod
2821 5039 2964 5093 aliud
2983 5048 3066 5094 est
3095 5039 3454 5109 possibilitate

1883 5123 2007 5162 esse
2062 5107 2112 5159 in
2146 5106 2348 5174 aliquo,
2375 5107 2516 5160 aliud
2538 5106 2772 5162 ellieacia
2801 5110 2878 5161 vel
2905 5106 3210 5162 ellicietitia.
3248 5127 3266 5158 ι

1956 5177 2068 5249 (95)
2111 5175 2202 5231 Sic
2231 5193 2330 5249 ms.
2365 5176 2558 5249 Regius
2591 5194 2738 5231 num.
2769 5180 2904 5234 1659
2928 5189 2979 5232 ct
3005 5178 3283 5233 Rahauus.
3311 5180 3451 5238 Editi

1887 5247 2038 5320 νεῲ,
2089 5265 2108 5299 ι
2151 5247 2520 5320 cnilelechiam
2574 5258 2627 5301 et
2679 5251 2951 5320 euergiam
2989 5256 3202 5304 vocant.
3245 5269 3264 5302 ι
3316 5252 3449 5308 Mss.

1884 5317 2129 5387 quidam,
2163 5335 2182 5370 ι
2221 5316 2438 5378 didami,
2475 5328 2525 5372 et
2561 5319 2776 5387 energia
2810 5316 3020 5372 vocant.
3062 5337 3082 5370 ι

1955 5386 2068 5458 (94)
2107 5385 2360 5458 Rabanus
2394 5397 2447 5440 et
2473 5387 2626 5458 editi,
2660 5385 3044 5458 {velsiuquid
3083 5387 3229 5442 aliud
3276 5399 3379 5454 est,
3422 5410 3440 5442 ι

1880 5456 1983 5510 etc.
2010 5456 2136 5512 Mss.
2167 5457 2435 5526 plerique,
2467 5473 2486 5526 ι
2521 5457 2603 5510 vel
2628 5456 2672 5511 si
2699 5456 2827 5526 quid
2861 5456 2989 5526 illud
3012 5467 3117 5521 est,
3157 5476 3175 5508 ι
3207 5468 3314 5514 etc.
3339 5461 3446 5514 Sed

1879 5526 2082 5583 rectius
2132 5525 2232 5582 ms.
2279 5540 2416 5581 unus
2464 5525 2664 5596 Regius
2711 5525 2860 5581 num.
2911 5525 3042 5581 1641
3084 5537 3141 5582 ιιι
3175 5529 3228 5582 1η
3258 5541 3446 5585 nostro

1874 5602 2044 5653 textu.

3133 5767 3208 5826 3‘1
