3986 6206
514 235 656 290 1165

1962 237 2295 298 ORIGENIS

3642 244 3777 305 ιιϐι

517 358 709 414 ειϊυριιι
741 357 924 426 matris
949 357 1077 427 agit.
1110 354 1223 410 Hoc
1249 369 1380 424 ergo
1421 355 1580 408 modo
1622 355 1787 407 etiam
1822 356 2092 423 Christus,
2124 366 2169 423 Α
2199 371 2342 414 stum
2387 358 2674 412 Dmninum
2722 356 3030 418 confessus,
3066 357 3198 411 nulli
3234 359 3431 414 horum
3458 372 3543 433 se“
3572 366 3781 419 servire

512 452 713 521 quiest
745 450 985 503 Verbum
1014 447 1131 511 Dei,
1161 446 1523 516 possibilitate
1545 446 1939 516 quidemjuxta
1970 463 2089 514 nos,

514 543 617 599 hoc
647 552 751 604 est,
774 541 930 610 juxta
960 552 1179 592 omnem
1210 537 1508 598 hominem.
1532 553 1654 595 esse
1676 539 1981 595 credendus
2007 551 2095 596 est

516 646 774 703 tanquam
818 631 963 686 ratio
996 627 1243 699 parvulis
1284 644 1300 681 :
1357 630 1599 685 eﬂicacia
1635 645 1767 685 vero
1801 641 1929 685 tune
1979 632 2090 703 (95)

515 728 569 780 in
594 740 676 778 me
709 738 830 779 esse
856 721 1076 785 dicitur,
1106 736 1229 776 cum
1258 719 1312 775 in
1340 734 1440 775 ove
1473 736 1594 776 meo
1624 721 1909 779 confessus
1939 725 2092 777 fuero

512 818 799 872 Dominum
827 813 1034 880 Iesum.
1067 824 1121 869 et
1162 815 1216 870 iu
1270 815 1433 871 corde
1467 829 1588 870 meo
1639 815 1922 870 credidero
1948 815 2090 884 quod

515 908 655 962 Deus
715 907 866 963 illum
928 906 1215 962 suscitavit
1242 920 1271 960 a
1321 906 1568 961 mortuis.
1604 904 1700 960 Vis
1736 913 1915 960 autem
1947 905 2091 959 scire

513 1001 638 1069 quia
663 1003 819 1054 adest
855 997 1077 1067 ubique,
1123 1005 1180 1052 et
1208 997 1414 1051 medius
1443 1005 1529 1051 est
1564 997 1730 1052 etiam
1778 1011 1968 1052 eorum
1996 997 2087 1065 qui

513 1092 772 1161 ignorant
816 1106 964 1155 cum,
1009 1099 1065 1146 et
1098 1105 1204 1144 nou
1233 1088 1598 1144 conﬁtentur?
1635 1088 1773 1144 Antii
1819 1088 2092 1159 quomodo

513 1185 746 1239 Joannes
786 1183 1023 1254 Baptista
1062 1182 1130 1237 de
1163 1195 1229 1236 eo
1257 1181 1373 1237 ltzec
1427 1181 1540 1250 ipsa
1605 1189 1834 1236 testatur
1865 1198 1880 1235 :
1918 1198 1937 1231 ι
1972 1179 2089 1232 Me-

514 1281 657 1344 dius,
693 1279 869 1348 inquit
899 1275 1033 1347 (96),
1070 1283 1312 1328 vestrum
1360 1281 1469 1326 stat
1511 1287 1670 1343 quem
1705 1286 1798 1326 tos
1839 1272 2086 1333 nescitis,

514 1371 605 1441 qui
634 1381 752 1441 post
774 1384 860 1424 me
890 1368 1037 1424 venit
1067 1368 1133 1421 ⁸⁸.
1165 1385 1184 1418 ι
1225 1365 1317 1419 Est
1344 1379 1476 1433 ergo
1519 1363 1726 1418 medius
1755 1363 1921 1418 etiam
1949 1363 2091 1416 inter

515 1477 607 1517 cos
636 1460 725 1532 qui
773 1475 897 1515 cum
936 1459 1203 1522 nesciunt,
1248 1455 1351 1510 sed
1385 1454 1744 1523 possibilitate
1772 1454 1852 1508 eis
1883 1454 2090 1507 medius

514 1565 617 1619 est,
655 1570 758 1608 non
800 1551 1062 1607 efﬁcacia.
1102 1551 1335 1606 Possunt
1364 1547 1511 1602 enim
1563 1562 1685 1600 eum
1718 1556 1940 1615 capere,
1996 1544 2086 1596 sed

515 1646 755 1701 nomium
782 1644 1028 1712 capiunt.
1061 1639 1305 1695 Edicacia
1331 1655 1465 1693 vero
1496 1638 1576 1692 vel
1601 1638 1893 1693 eﬂicientia
1944 1639 2088 1694 inter

2196 451 2500 520 proﬁtetur.
2530 448 2636 503 Sed
2674 457 2727 503 et
2759 450 2990 504 credens
3032 451 3084 503 in
3114 452 3281 505 corde
3308 466 3412 505 suo
3453 454 3604 521 quod
3640 454 3778 510 Deus

2194 542 2345 596 illuni
2371 542 2656 597 suscitavit
2682 557 2712 595 a
2740 541 2994 607 mortuis,
3025 549 3236 597 certum
3265 553 3350 597 est
3385 545 3521 611 quia
3546 545 3777 599 suscita-

2192 644 2304 688 tum
2336 648 2460 688 eum
2506 634 2575 688 ad
2616 633 3065 703 jnstiileatiouetu
3111 635 3197 689 sui
3246 635 3424 689 credit
3459 634 3598 706 (99).
3630 636 3777 688 Alio-

2193 729 2348 793 quin,
2379 728 2512 796 quid
2538 727 2782 797 proderit
2808 729 2954 782 seire
2978 742 3066 783 me
3089 737 3144 781 et
3169 730 3395 783 credere
3418 729 3567 797 quod
3588 726 3775 783 Jesnm

2194 819 2333 873 Dens
2364 817 2648 874 suscitavit
2677 834 2707 871 a
2742 821 2992 884 mortuis,
3026 820 3071 874 si
3104 820 3156 872 iu
3188 834 3275 874 me
3314 820 3434 886 ipso
3480 834 3610 872 eum
3678 835 3777 872 non

2194 909 2420 964 habeam
2481 909 2844 964 suscitatum?
2896 909 3038 980 Ergo
3078 912 3123 964 si
3157 924 3267 965 non
3298 911 3353 964 in
3406 910 3659 964 novitate
3708 908 3779 979 (t)

2195 1003 2317 1056 vita:
2340 1000 2586 1064 ambulo,
2617 1008 2670 1053 et
2704 1008 2971 1055 vetustam
3009 1001 3264 1068 peccandi
3314 1000 3775 1055 consuetudinem

2192 1107 2299 1146 non
2326 1091 2500 1161 fugio,
2526 1092 2766 1146 nondum
2798 1090 2932 1145 mihi
2967 1090 3217 1146 Christus
3244 1089 3548 1146 resurrexit
3578 1109 3609 1143 a
3640 1107 3779 1144 mor-

2193 1184 2320 1239 tuis.
2359 1184 2437 1237 Ad
2463 1184 2606 1238 hunc
2639 1193 2820 1239 autem
2860 1197 3079 1237 sensum
3118 1183 3282 1238 etiam
3334 1198 3401 1237 ea
3436 1184 3776 1238 conveniunt

2191 1297 2311 1350 quae
2336 1288 2658 1351 sequuntur,
2683 1277 2898 1348 quando
2924 1276 3002 1331 ait
3026 1294 3041 1331 :
3072 1296 3094 1330 ι
3124 1276 3266 1332 Dicit
3289 1278 3437 1332 enim
3466 1276 3775 1345 Scriptura,

2190 1370 2319 1436 quia
2355 1368 2535 1424 omnis
2564 1369 2655 1439 qui
2688 1370 2865 1425 credit
2892 1370 2947 1425 in
2982 1383 3133 1432 eum,
3185 1382 3293 1422 non
3340 1367 3634 1422 erubescet
3657 1367 3725 1422 ι’.
3754 1386 3774 1419 ι

2196 1459 2308 1515 Hoc
2338 1471 2523 1515 autem
2553 1461 2694 1530 apud
2726 1457 2922 1515 Isaiam
2948 1462 3214 1529 scriptum
3241 1466 3348 1512 est.
3384 1458 3541 1523 Quod
3576 1457 3625 1511 si
3655 1470 3777 1510 om-

2194 1547 2279 1602 nis
2315 1548 2407 1618 qui
2445 1548 2618 1603 credit
2669 1549 2722 1602 iu
2774 1564 2921 1614 cuitu,
2976 1560 3086 1605 non
3132 1548 3463 1605 erubescet:
3496 1548 3779 1603 erubescit

2193 1649 2371 1695 autem
2412 1641 2594 1695 onmis
2637 1641 2733 1711 qui
2765 1650 2978 1710 peccat.
3013 1642 3154 1695 sicut
3196 1640 3369 1694 Adam
3414 1639 3693 1709 peccavit,
3728 1648 3781 1691 et

516 1738 640 1794 iilos
672 1737 882 1792 medius
906 1742 990 1789 est
1021 1732 1220 1802 quibus
1249 1730 1468 1784 dicebat
1494 1746 1509 1783 :
1549 1749 1569 1780 ι
1616 1728 1938 1801 Ubicunque
1969 1730 2088 1786 fue-
2121 1715 2165 1770 Β
2192 1732 2428 1797 erubuit,
2454 1742 2508 1787 et
2536 1733 2821 1787 abscondit
2859 1748 2921 1789 se
2944 1733 2987 1765 "
3014 1750 3029 1787 :
3056 1733 3149 1802 qui
3192 1732 3375 1787 adhuc
3405 1734 3673 1786 ruborem
3702 1730 3779 1804 (i)

517 1832 625 1883 rint
647 1825 959 1899 congregati
987 1826 1093 1878 duo
1123 1821 1206 1876 vel
1233 1829 1343 1877 tres
1371 1821 1422 1874 in
1448 1821 1669 1876 nomine
1703 1834 1843 1883 meo,
1868 1821 1938 1876 ibi
1966 1838 2082 1876 sum

517 1922 570 1975 in
594 1921 769 1975 medio
800 1932 986 1973 eorum
1020 1916 1083 1970 ¹¹.
1122 1933 1141 1967 ι
1180 1913 1270 1969 Isti
1296 1915 1439 1967 enim
1479 1912 1882 1969 conﬁtebantur
1913 1913 1966 1967 in
1989 1930 2085 1969 ore

515 2026 614 2067 suo
663 2009 947 2065 Dominum
1003 2007 1214 2069 Jcsnm,
1264 2015 1318 2060 et
1348 2004 1641 2058 credebant
1674 2003 1728 2057 in
1774 2005 1937 2060 corde
1988 2021 2086 2060 suo

513 2104 656 2175 quod
685 2104 823 2156 Deus
858 2100 1006 2155 illum
1048 2097 1331 2154 suscitavit
1362 2112 1391 2150 a
1428 2095 1677 2150 mortuis.
1709 2094 1964 2167 Alioquin
1990 2098 2087 2153 ab—

514 2192 736 2246 surdum
789 2190 1002 2243 videtur
1025 2188 1135 2255 (97)
1164 2187 1209 2241 si
1238 2196 1294 2240 et
1333 2185 1474 2239 inter
1506 2199 1601 2240 eos
1648 2186 1737 2255 qui
1771 2187 1824 2240 iu
1866 2188 2087 2241 nomine

514 2283 629 2353 ejus
657 2291 1072 2354 congregantur,
1106 2279 1316 2334 medius
1348 2293 1468 2334 esse
1495 2278 1714 2340 dicitur,
1743 2288 1797 2331 et
1822 2278 1965 2332 inter
1994 2292 2086 2330 eos

514 2376 605 2448 qui
635 2392 756 2431 cttm
783 2374 1069 2429 nesciunt:
1105 2372 1207 2426 nisi
1242 2370 1550 2439 huiusmodi
1579 2367 1889 2423 tiiiferetttia
1913 2377 2090 2423 tenea-

516 2479 626 2532 tur,
682 2465 824 2535 quod
885 2467 1031 2520 inter
1080 2465 1395 2533 ignorantes
1429 2462 1750 2517 eluendum
1800 2458 2084 2515 credentes

517 2559 877 2630 possibilitate
927 2557 1135 2611 medius
1167 2555 1394 2619 dicitur;
1442 2554 1585 2607 inter
1632 2551 1915 2607 credentes
1957 2566 2088 2605 vero

515 2652 774 2715 cﬂicacia,
811 2649 867 2704 id
900 2661 985 2703 est
1023 2648 1098 2702 rei
1134 2646 1304 2717 ipsius
1325 2654 1380 2699 et
1417 2644 1597 2714 operis
1637 2641 1848 2699 effectu.
1887 2641 2086 2698 Verum

514 2755 570 2799 et
621 2744 746 2798 ilittd
773 2743 1005 2799 observa
1030 2738 1172 2809 quod
1205 2740 1281 2792 ait
1316 2753 1329 2789 :
1373 2755 1390 2788 ι
1428 2735 1562 2802 Quia
1603 2736 1646 2790 si
1689 2717 2002 2791 conﬁtearis
2037 2735 2087 2788 itt

515 2850 612 2891 ore
641 2844 732 2888 ttto
757 2832 1041 2887 Dominum
1066 2827 1272 2890 Jesmu.
1302 2838 1357 2882 et
1393 2827 1688 2884 credideris
1718 2827 1772 2881 in
1801 2828 1963 2883 corde
1998 2835 2088 2881 tuo

519 2927 665 2994 quod
696 2925 835 2980 Deus
863 2923 1011 2979 illum
1039 2922 1325 2979 suscitavit
1356 2937 1384 2975 a
1420 2921 1671 2985 mortuis,
1694 2921 1875 2975 salvus
1899 2920 2029 2975 eris.
2065 2939 2082 2969 ι

522 3018 802 3075 Videbitur
849 3017 994 3072 enim
1040 3014 1359 3086 quibusdam
1392 3028 1489 3080 per
1536 3013 1660 3074 hoc,
1692 3012 1817 3078 quia
1872 3012 2085 3066 etiamsi

517 3112 695 3166 desint
715 3108 873 3163 alit-ui
909 3108 1031 3162 boni
1061 3106 1240 3175 aperis
1272 3104 1550 3173 privilegia
1572 3143 1587 3167 ,
1617 3102 1829 3158 etiamsi
1866 3102 2085 3156 virtuti-

516 3203 618 3259 bus
646 3214 868 3270 operam
904 3212 1008 3251 non
1045 3195 1275 3258 dederit,
1305 3194 1409 3248 hoc
1443 3193 1558 3263 ipso
1594 3204 1772 3247 tamen
1798 3193 1941 3263 quod
1977 3208 2090 3248 crc-

518 3294 674 3359 didit,
700 3307 804 3346 non
841 3299 1051 3360 pereat,
1079 3288 1171 3342 sed
1201 3286 1462 3350 salvetur,
1496 3294 1552 3340 et
1591 3286 1787 3340 habeat
1831 3284 2085 3347 salutem.

513 3385 731 3441 etiamsi
762 3379 1108 3437 beatitudinis
1129 3376 1354 3449 gloriam
1379 3376 1578 3431 habere
1594 3390 1698 3430 nou
1729 3374 1929 3443 poterit
1952 3372 2084 3442 (98).

517 3479 623 3533 Sed
662 3478 780 3531 vide
815 3489 883 3529 ue
912 3472 1083 3540 magis
1113 3468 1243 3523 illud
1276 3468 1501 3538 intelligi
1533 3469 1765 3531 debeat,
1797 3469 1941 3538 quod
1991 3468 2084 3532 qui

516 3584 646 3625 vero
685 3577 739 3622 et
773 3583 879 3623 nun
930 3565 1065 3620 falso
1093 3562 1384 3619 conﬁtetur
1412 3574 1507 3615 ore
1541 3559 1833 3615 Dominum
1877 3558 2087 3623 Iesum,

515 3673 572 3717 et
619 3662 782 3717 corde
824 3660 1017 3725 credit,
1065 3657 1268 3726 pariter
1313 3653 1640 3708 conﬁteatur
1691 3666 1752 3708 se
1787 3653 2088 3708 dominatni

514 3754 814 3823 subjectum
843 3766 965 3808 esse
998 3750 1306 3820 sapientiae,
1344 3757 1398 3803 et
1437 3746 1688 3816 justitite,
1721 3754 1777 3800 et
1807 3745 2079 3807 veritatis,

514 3862 571 3906 et
600 3850 850 3903 omnibus
884 3862 1003 3917 quae
1050 3842 1302 3900 Christus
1331 3848 1418 3895 est
1450 3856 1464 3893 :
1504 3853 1600 3894 nec
1630 3838 1730 3895 sibi
1781 3838 1919 3892 ultra
1967 3851 2086 3892 csse

515 3942 792 3996 dominum
824 3952 1218 4002 mammouam,
1256 3934 1307 3991 id
1336 3943 1442 4000 est,
1474 3949 1649 4001 neque
1675 3931 1957 3985 avaritiam
1982 3929 2082 3985 s'ibi

518 4033 682 4093 ultra,
714 4045 889 4097 neque
915 4029 1259 4098 iniustitiam,
1297 4040 1471 4096 neque
1514 4023 1936 4094 impudicitiam,
1988 4034 2083 4075 ue-

514 4137 619 4190 qnc
643 4121 981 4175 mendacium
1013 4118 1302 4175 dominari.
1334 4116 1511 4171 Scmcl
1540 4117 1684 4170 enim
1715 4114 1897 4170 Iesum
1919 4112 2082 4167 Citri-

590 4262 631 4293 ¹⁰
653 4259 807 4315 Joau.
837 4256 983 4321 t,9.6.

518 4331 562 4364 ¹⁵
596 4330 872 4393 Coloss.tt,
894 4328 948 4384 ὅ.
1027 4328 1071 4359 ¹⁶
1094 4327 1255 4381 Prov.
1283 4340 1323 4391 i,
1350 4323 1442 4378 28.

585 4447 699 4514 (95)
740 4445 905 4500 Tunc.
932 4444 1091 4498 Deest
1117 4443 1172 4497 in
1198 4440 1379 4514 editis.

587 4508 690 4582 (96'
743 4515 945 4585 lnquit.
980 4514 1324 4568 Desideratnr
1352 4510 1406 4563 in
1436 4508 1617 4564 editis.

587 4517 703 4653 (97)
749 4584 988 4638 Videtur.
1014 4582 1297 4637 Otuittitur
1327 4580 1379 4653 in
1406 4577 1587 4635 editis.

586 4577 700 4653 (97)
749 4577 988 4638 Videtur.
1014 4582 1297 4637 Otuittitur
1327 4580 1379 4653 in
1406 4577 1587 4635 editis.

586 4650 696 4722 (98)
737 4655 900 4720 Editi,
941 4671 961 4705 ‹
986 4669 1094 4708 non
1130 4650 1385 4722 potuerit.
1424 4667 1443 4700 ι

586 4717 699 4796 (99)
736 4717 901 4788 Editi,
932 4743 954 4777 ι
998 4717 1207 4796 curtum
1237 4729 1318 4796 est
1365 4720 1493 4788 quia
1531 4717 1816 4796 suscitavit
1841 4730 1982 4796 eum_
2010 4717 2078 4771 ad

510 4786 955 4862 justiti'catiouem
995 4793 1076 4848 sui
1125 4811 1143 4843 ι
1179 4786 1397 4862 omisso
1423 4806 1444 4840 ‹
1484 4788 1677 4862 credit.
1716 4806 1737 4842 ι
1779 4787 1865 4862 ita
1910 4786 2076 4862 etiam

516 4857 796 4930 Rabanus,
850 4866 941 4934 qui
976 4862 1166 4934 (habet
1194 4879 1215 4912 ι
1255 4860 1429 4934 credit
1464 4879 1484 4911 ι
1519 4860 1572 4914 iu
1621 4860 1746 4912 iiue.
1775 4857 1868 4934 Sic
1904 4857 2068 4934 etiam

515 4951 623 4990 tus.
656 4925 816 4998 unus,
845 4925 938 5003 qui
972 4932 1140 4987 habet
1174 4951 1193 4982 ι
1231 4929 1412 4985 cordis
1446 4948 1464 4975 ι
1492 4942 1590 5003 pro
1622 4947 1645 4981 ι
1679 4925 1871 5003 credit.
1918 4945 1935 4976 ι
1965 4926 2071 5003 $ed

515 5005 699 5060 caeteri
727 4996 938 5058 mssfut
963 5005 1015 5057 in
1054 5008 1439 5061 uostrotextn,
1484 4996 1585 5054 nisi
1626 4997 1769 5067 quod
1803 5011 1942 5051 unus
1979 4996 2075 5050 ba-

516 5076 641 5130 beat
677 5093 704 5127 ι
727 5072 1085 5141 suscitantem
1118 5090 1141 5124 ι
1168 5085 1266 5141 pro
1294 5088 1315 5121 ι
1351 5069 1694 5141 suscitatam.
1731 5085 1751 5118 ι

585 5144 664 5214 (l)
697 5145 774 5200 ita
796 5143 948 5214 editi.
983 5140 1089 5214 Sed
1112 5133 1302 5195 omnes
1336 5153 1485 5214 ms_s._
1504 5138 1672 5214 nostri
1704 5145 1758 5190 et
1791 5133 2073 5214 itabauus,

520 5206 661 5285 (Ego
689 5214 735 5271 si
764 5227 867 5267 non
899 5213 950 5285 in
972 5211 1378 5285 ttovitategetc.
1398 5207 1598 5285 Deinde
1622 5220 1753 5259 mss.
1771 5206 1877 5285 duo
1896 5206 2077 5285 etodi-

517 5284 576 5347 ti,
595 5271 862 5339 ietvetnst
876 5284 980 5337 stis
994 5282 1248 5349 peccandi
1263 5277 1725 5349 consuetudinem;
1741 5294 1760 5324 ι
1782 5274 1876 5328 sed
1896 5271 2078 5327 Raba-

514 5368 616 5406 nus
631 5364 684 5407 et
705 5366 807 5406 ms.
840 5367 982 5405 unus
999 5347 1207 5421 Regius
1224 5365 1372 5403 num.
1389 5347 1595 5421 ίίξεξεξῃι
1610 5347 1662 5400 iu
1687 5357 1884 5421 nostro
1902 5352 2075 5421 textu.

585 5424 662 5491 (2)
702 5421 803 5478 Ms.
842 5438 982 5477 unus
1008 5411 1209 5489 Regius
1249 5433 1399 5472 num.
1434 5411 1648 5491 $39,}
1683 5414 1774 5483 qui
1818 5417 1885 5467 ad
1935 5414 2079 5491 hunc

516 5482 793 5559 ruborem,
828 5510 849 5544 ι
897 5500 1004 5547 etc.
1042 5482 1315 5554 liabauns,
1343 5506 1362 5538 ι
1405 5489 1498 5557 qui
1542 5482 1719 5541 adhuc
1764 5499 1887 5542 cum
1916 5482 2077 5539 rubo-

517 5573 627 5612 rem
654 5562 861 5629 peecati
890 5561 1198 5623 incurrerit,
1239 5578 1256 5610 ι
1288 5569 1395 5612 etc.

585 5622 669 5700 (3)
705 5629 795 5700 Sic
818 5622 1265 5700 _mss.A_plerique
1288 5637 1343 5700 ct
1385 5626 1538 5700 editi.
1574 5625 1671 5680 Ms.
1700 5639 1832 5700 vero
1873 5622 2073 5692 Regius

517 5695 665 5754 num.
703 5698 860 5763 1639,
906 5715 925 5748 ι
977 5695 1109 5751 Nam
1137 5700 1278 5753 idem
1311 5697 1568 5752 Dominus
1609 5696 1873 5758 euntium,
1911 5715 1931 5748 ι
1962 5706 2068 5748 etc.

1064 4255 1315 4310 “Matth.
1370 4254 1649 4317 ιτιιι.20.
1726 4252 1951 4313 "Rom.
1997 4267 2049 4315 κ.
2104 4256 2204 4319 il;
2257 4254 2363 4310 lsa.
2412 4266 2602 4320 xxvm,
2661 4250 2748 4306 16.
2826 4247 3132 4311 "Genu",
3166 4243 3219 4300 8.

2117 4484 2168 4544 D

2190 1826 2403 1894 peccati
2432 1825 2682 1891 incurrit,
2722 1827 2946 1880 credere
2969 1840 3075 1877 non
3110 1825 3344 1879 videtur.

2259 1919 2314 1973 5.
2338 1935 2357 1968 ι
2378 1914 2490 1971 Non
2523 1916 2669 1971 enim
2704 1926 2786 1970 est
2817 1915 3092 1969 distinctio
3122 1913 3294 1969 Judaei
3315 1925 3370 1970 et
3398 1913 3601 1970 Graeci.
3629 1913 3777 1970 Idem

2189 2010 2333 2066 enim
2365 2011 2479 2080 ipse
2505 2009 2763 2064 Dominus
2782 2010 3021 2064 omnium
3074 2008 3174 2080 (3),
3202 2009 3351 2064 dives
3380 2008 3433 2062 in
3459 2022 3662 2063 omnes
3682 2010 3776 2078 qui

2191 2105 2445 2159 invocant
2472 2101 2643 2155 illum.
2667 2098 2856 2157 Omnis
2882 2100 3025 2154 enim
3065 2100 3377 2169 quicunque
3425 2098 3777 2153 invocaverit

2193 2209 2387 2249 nomen
2445 2191 2678 2257 Domini,
2723 2192 2903 2245 salvus
2932 2192 3037 2245 erit
3078 2191 3140 2245 “.
3172 2210 3193 2242 ι
3228 2190 3512 2258 Quomodo
3540 2205 3655 2245 non
3705 2193 3779 2246 sit

2191 2288 2466 2344 distinctio
2497 2288 2550 2339 itt
2590 2286 2694 2339 (ide
2720 2282 2889 2337 Judaei
2921 2292 2975 2336 et
3000 2283 3178 2338 (ἶνίνθί
3213 2324 3229 2349 ,
3281 2298 3446 2353 supra
3664 2282 3778 2337 fre-

2191 2391 2421 2451 quenter
2446 2377 2802 2432 ostendimus.
2836 2374 2993 2441 Quod
3026 2384 3207 2428 autem
3234 2375 3377 2430 idem
3403 2375 3475 2429 sit
3508 2375 3776 2428 [)otttinus

2190 2473 2454 2533 Omnium,
2491 2468 2785 2524 secundum
2823 2467 2938 2521 haec
2963 2467 3204 2535 accipies
3226 2480 3349 2535 qua:
3388 2480 3565 2536 nuper
3592 2465 3772 2519 edidi-

2195 2579 2348 2629 ntus;
2397 2563 2500 2617 hoc
2533 2570 2635 2626 est,
2668 2561 2712 2614 si
2749 2557 2962 2626 iustitia
2991 2558 3166 2619 nobis.
3198 2569 3251 2612 et
3282 2556 3775 2627 veritas,sa‘.et

2190 2655 2570 2717 sanctificatio,
2610 2661 2666 2707 et
2697 2651 2983 2719 sapientia,
3011 2650 3152 2719 quod
3180 2658 3349 2703 totum
3383 2659 3471 2704 est
3516 2651 3775 2704 Christus

2194 2749 2474 2811 Dominus,
2496 2748 2819 2803 dominetur.
2842 2743 2968 2799 llaec
2993 2745 3142 2798 enim
3157 2752 3283 2797 sunt
3311 2742 3430 2810 eius
3447 2742 3657 2796 divitis
3670 2741 3770 2812 (ὃ),

2194 2852 2383 2913 utpote
2417 2862 2435 2892 ι
2479 2841 2532 2895 in
2564 2854 2673 2910 quo
2704 2836 2946 2893 thesauri
2975 2834 3257 2906 sapientia:
3287 2845 3340 2888 et
3367 2834 3621 2889 scientia:
3645 2845 3773 2888 sunt

2193 2933 2493 2990 absconditi
2528 2933 2592 2985 ι’.
2630 2952 2647 2984 ι
2688 2930 2832 2998 Quas
2864 2937 3039 2984 tamen
3068 2925 3292 2981 divitias
3331 2940 3439 2979 non
3472 2925 3619 2980 dixit
3662 2924 3773 2978 lar-

2196 3029 2296 3102 giri
2320 3042 2446 3082 eum
2476 3024 2728 3080 onmibus
2751 3020 3086 3087 hominibus,
3120 3018 3215 3074 sed
3248 3017 3506 3072 omnibus
3533 3017 3774 3086 Quicun-

2195 3136 2299 3191 que
2325 3116 2693 3172 invocaverint
2718 3126 2915 3167 nomen
2941 3110 3078 3181 ejus.
3128 3109 3236 3164 Sed
3263 3119 3319 3165 et
3345 3110 3399 3161 in
3426 3110 3533 3163 hoc
3571 3108 3774 3163 similis

2197 3211 2410 3264 videtur
2436 3207 2663 3277 qumstio
2680 3216 2738 3259 ut
2764 3204 2815 3257 iu
2848 3201 3121 3273 prioribus
3150 3200 3380 3256 aboriri.
3405 3198 3597 3270 Neque
3624 3200 3773 3253 enim

2196 3316 2385 3357 euntes
2413 3300 2501 3369 qui
2533 3311 2749 3368 quoquo
2771 3294 2936 3351 modo
2962 3292 3337 3348 invocaverint
3366 3307 3564 3346 nomen
3591 3290 3777 3345 Domi.

2200 3393 2250 3447 ni
2277 3391 2356 3465 (5)
2379 3391 2513 3446 salvi
2541 3404 2663 3446 esse
2695 3396 2939 3458 possuntt,
2976 3384 3187 3439 etiamsi
3223 3398 3330 3438 nou
3350 3384 3567 3454 egerint
3598 3397 3772 3452 opera

2200 3483 2429 3541 invocati
2463 3482 2696 3537 nominis
2724 3480 2904 3549 digna,
2947 3478 3184 3532 maxime
3224 3489 3347 3530 cum
3388 3483 3444 3530 et
3492 3475 3772 3544 Sapientia

2198 3576 2289 3630 Dei
2321 3575 2374 3629 in
2408 3570 2716 3627 Proverbiis
2749 3570 2936 3625 dicat:
2975 3588 2993 3620 ι
3026 3566 3147 3622 Erit
3186 3566 3333 3622 enim
3363 3580 3489 3621 cum
3543 3566 3769 3620 invoca-

2196 3665 2387 3721 veritis
2410 3662 2487 3736 (6)
2518 3676 2605 3716 me
2632 3678 2647 3715 :
2685 3674 2787 3729 ego
2814 3669 2995 3713 autem
3040 3672 3149 3712 non
3182 3655 3469 3712 exaudiam
3514 3668 3612 3709 vos
3643 3656 3710 3710 “.
3743 3673 3765 3706 ο

2196 3755 2252 3811 In
2281 3770 2388 3825 quo
2421 3755 2633 3808 videtur
2662 3751 2790 3805 mihi
2822 3748 3097 3818 Sapientia
3122 3746 3399 3801 cohortari
3428 3744 3508 3817 (7)
3542 3754 3599 3800 et
3644 3758 3769 3814 per-

2197 3864 2390 3922 urgcre
2435 3862 2529 3903 eus
2571 3846 2663 3916 qui
2705 3844 2906 3900 salvari
2948 3842 3158 3905 volunt,
3196 3848 3256 3894 ut
3307 3838 3468 3894 citius
3511 3838 3767 3892 invocent

2197 3942 2555 4011 Sapientiam,
2607 3953 2706 3993 nec
2757 3944 3057 3993 morentur.
3116 3945 3291 4002 neque
3346 3927 3653 3984 diﬂ'eraut:
3698 3942 3765 3983 ne

2196 4032 2340 4087 forte
2367 4046 2489 4085 cum
2521 4037 2783 4084 statutum
2811 4037 3019 4096 tempus
3047 4022 3385 4088 excesserit,
3424 4023 3526 4076 hoc
3548 4028 3666 4082 est,
3706 4021 3759 4074 in

2196 4141 2305 4195 quo
2330 4122 2408 4195 (8)
2441 4118 2735 4193 putuitcndi
2765 4118 2994 4172 facultas
3017 4124 3122 4182 est,
3156 4113 3314 4169 tarde
3342 4121 3468 4184 post
3522 4113 3639 4167 hac
3678 4111 3759 4164 in—

3300 4246 3347 4279 “
3378 4245 3534 4301 Rom.
3572 4259 3625 4307 x,
3670 4241 3752 4296 12.

2196 4440 2427 4502 Deinde,
2454 4456 2473 4493 ι
2508 4439 2788 4504 Quomodo
2815 4451 2921 4491 nou
2957 4444 3038 4490 est
3065 4434 3364 4504 distinctio,
3410 4452 3430 4486 ι
3462 4441 3569 4487 etc.

2267 4509 2343 4582 (ι)
2384 4498 2483 4566 Ms.
2511 4498 2720 4582 Regius
2752 4524 2914 4582 nutu.
2953 4505 3112 4582 i6_39,
3145 4524 3163 4557 ί
3196 4502 3289 4559 Hae
3317 4507 3463 4582 enim
3494 4510 3616 4582 sunt
3641 4498 3748 4567 eius

2194 4571 2415 4661 divitiae.
2454 4600 2473 4633 ι
2501 4571 2637 4661 μή.
2674 4577 2892 4647 quidam
2923 4577 3179 4631 omittunt
3205 4593 3225 4626 ‹
3256 4576 3427 4630 enim.
3459 4591 3477 4625 ι
3510 4571 3749 4625 [tabanus

2198 4651 2397 4705 )tuittit
2423 4667 2441 4700 ι
2467 4651 2601 4705 eius.
2640 4667 2659 4700 ι

2259 4717 2341 4792 (5)
2365 4710 2540 4792 Editi,
2575 4736 2596 4770 ί
2635 4716 2818 4792 Neque
2850 4713 2993 4770 enim
3029 4727 3224 4769 omnes
3254 4713 3567 4784 quicunque
3606 4710 3748 4764 inro-

2193 4787 2443 4845 caverint
2471 4803 2667 4843 nomen
2694 4787 2834 4853 citis.
2873 4803 2893 4837 ι

2264 4857 2343 4930 (6)
2383 4859 2548 4922 Editi,
2586 4876 2604 4909 ι
2640 4848 2755 4910 Erit
2780 4855 2922 4911 enim
2958 4862 3171 4930 tempus
3197 4868 3323 4909 cum
3362 4848 3747 4930 iuvocahitisq

2191 4924 2297 4983 etc'.
2319 4924 2424 4985 Sed
2442 4942 2633 4982 omnes
2654 4943 2785 4981 mss.
2804 4935 2919 4980 uost
2933 4924 2976 4976 ri
3019 4925 3282 4978 omittunt
3315 4943 3333 4976 ι
3368 4933 3615 4990 tempus;
3660 4937 3678 4970 ι
3702 4926 3753 4970 et

2188 4997 2326 5052 alius
2356 4998 2518 5053 habet
2548 5016 2568 5049 ι
2588 4997 2885 5061 invocetis;
2908 4992 3020 5047 ialii
3040 5008 3168 5048 vero
3190 4993 3486 5047 omittunt!
3523 5000 3747 5061 anteum

2261 5067 2337 5142 (7)
2378 5067 2542 5133 Editi,
2582 5085 2603 5118 ι
2635 5056 2926 5142 coarctari.
2960 5082 2979 5116 ι
3014 5062 3171 5128 alias,
3206 5081 3226 5117 ι
3254 5072 3563 5119 coarctare.
3594 5077 3615 5111 ι
3656 5056 3759 5112 Sed

2192 5136 2381 5193 omnes
2409 5151 2542 5192 mss.
2582 5136 2712 5191 utin
2750 5146 2939 5190 nostro
2963 5142 3135 5188 textu.

2262 5208 2353 5280 (8)
2381 5206 2544 5272 Editi,
2573 5224 2592 5256 ι
2621 5204 2698 5260 Ne
2721 5205 2862 5280 forte
2886 5219 3009 5280 cum
3050 5210 3312 5259 statutum
3340 5208 3760 5280 tempusnaec‘e-

2190 5267 2499 5351 piabileque
2529 5267 2914 5351 'przeterierit,
2982 5274 3036 5328 in
3096 5286 3226 5343 quo.
3261 5289 3280 5323 ο
3334 5267 3517 5325 Codex
3570 5267 3760 5351 Vallis:

2189 5344 2383 5413 Clarae,
2410 5344 2439 5399 ἶ
2457 5361 2545 5413 ,ηε
2569 5344 2709 5401 forte
2738 5360 2862 5413 cum
2888 5353 3150 5399 statutum
3187 5355 3401 5413 tempus
3426 5344 3764 5393 excesserint

2191 5420 2316 5480 hoc.
2352 5410 2403 5472 in
2435 5410 2566 5480 duo.
2600 5435 2619 5469 ι
2662 5410 2767 5471 Sed
2801 5414 2984 5470 caeteri
3016 5428 3149 5469 mss.
3201 5420 3261 5465 ut
3286 5411 3765 5480 inruostro_te‘xtu.

2193 5473 2474 5558 nisivquod
2505 5487 2621 5558 duo,
2642 5484 2899 5558 emittant
2926 5499 2946 5534 ι
2979 5493 3065 5538 est
3091 5501 3111 5535 ι
3143 5490 3265 5552 post
3291 5496 3314 5532 ι
3344 5479 3456 5535 hoc
3488 5496 3537 5530 ι.
3568 5473 3770 5558 Deinde

2189 5546 2363 5623 editi;
2382 5581 2401 5608 ι
2436 5555 2587 5611 tarde
2611 5556 2667 5611 bi
2698 5562 2820 5624 post
2851 5556 2967 5609 haec
2988 5568 3056 5624 ;ν›
3082 5546 3512 5624 et'posteaiuss.
3543 5546 3764 5624 quidam

2188 5638 2244 5683 et
2271 5614 2421 5692 editi,
2471 5643 2489 5677 ι
2529 5637 2587 5681 et
2618 5614 2743 5681 tun'c
2773 5624 2904 5694 dicit
2931 5614 3059 5694 quia
3085 5614 3433 5694 iniocabitis,
3476 5614 3635 5694 rete.
3664 5614 3768 5668 Sed

2191 5713 2292 5753 ms.
2324 5686 2525 5766 Regius
2554 5710 2706 5750 num.
2733 5692 2894 5762 1039,
2932 5686 3152 5760 rectius,
3187 5709 3207 5745 α
3244 5700 3296 5746 et
3320 5688 3453 5743 hinc
3476 5686 3633 5742 dicit.
3673 5700 3697 5736 ι
