3986 6206
3 0 126 150 Γ

287 273 426 328 1163

1199 270 1562 330 COMMENT.
1605 271 1670 326 IN
1713 271 1937 328 EPIST.
1977 273 2067 326 AD
2105 271 2276 328 ROM.
2321 273 2448 331 LIB.
2490 274 2620 329 VIII.

3386 281 3521 335 1166

285 403 476 447 vorent
508 392 595 446 tibi
629 391 959 461 poenitentiae
987 390 1139 446 locus
1163 408 1268 446 non
1325 404 1429 448 est.
1469 395 1532 448 Et
1563 395 1688 449 hinc
1721 394 1852 448 dicit
1881 400 1928 455 Α
1955 408 2052 450 eos
2081 397 2148 460 ",
2180 413 2197 446 ι
2236 395 2353 450 sine
2384 396 2548 450 dubio
2599 395 2872 452 Christum
2904 396 3092 452 Jesum
3130 397 3420 453 Dominum
3448 402 3533 453 in-

281 483 406 550 quia
441 499 460 532 ι
498 480 824 536 invocabitis
861 495 968 547 me,
999 490 1052 534 et
1091 495 1191 550 ego
1223 496 1328 535 non
1358 483 1641 536 exau‘diam
1681 497 1798 538 vos.
1834 502 1853 535 ι

283 573 478 628 Sermo
528 584 704 627 tamen
769 571 859 626 hic
901 587 1063 640 quem
1099 573 1250 641 ponit
1296 571 1603 638 Apostolus,
1641 572 1690 626 id
1719 581 1803 626 est
1841 589 1857 628 :

287 684 310 718 ε
343 666 663 734 Quicunque
723 665 1059 719 invocaverit
1105 678 1300 718 nomen
1360 661 1619 729 Domini,
1674 665 1859 720 salvus

281 760 406 820 erit,
429 777 448 808 ι
477 759 616 826 apud
645 755 757 810 Joel
793 758 1112 826 prophetam
1149 756 1251 811 hoc
1284 759 1444 811 modo
1483 759 1718 822 scriptus
1737 767 1858 812 est:

285 871 305 903 ι
340 851 406 904 Et
439 850 578 903 dabo
627 849 869 918 prodigia
919 849 970 902 in
1017 848 1158 904 coelo
1205 863 1456 913 sursum,
1513 859 1565 904 et
1610 851 1660 903 itt
1714 859 1856 904 terra

285 941 566 1002 deorsum,
594 939 942 1010 sanguinem,
980 950 1033 992 et
1063 939 1239 1007 ignem
1261 979 1276 1003 ,
1317 950 1372 993 et
1400 955 1656 1010 vaporem
1699 941 1853 996 fumi.

287 1028 381 1082 Sol
407 1038 751 1083 convertatur
793 1027 846 1080 in
907 1029 1176 1092 tenebras,
1205 1029 1400 1083 etluna
1438 1029 1489 1083 in
1517 1031 1857 1097 sanguinem,

285 1120 436 1188 prius
465 1135 625 1188 quam
644 1119 825 1172 veniat
844 1119 960 1172 dies
983 1119 1193 1173 Domini
1225 1135 1451 1190 magnus
1473 1131 1523 1175 et
1542 1121 1852 1188 nobilis(9).

285 1210 352 1263 Et
376 1209 518 1263 erit:
546 1207 865 1277 Quicunque
897 1209 1232 1264 invocaverit
1271 1225 1467 1265 nomen
1496 1210 1731 1277 Domini,
1751 1212 1858 1266 sal-

284 1319 384 1355 vus
415 1305 521 1357 erit
551 1303 614 1356 ".
649 1323 666 1352 ι
701 1301 929 1356 Videtur
958 1311 1137 1356 tamen
1179 1301 1310 1355 mihi
1338 1302 1545 1371 grande
1570 1303 1772 1371 aliquid
1799 1303 1852 1356 itt

285 1393 586 1462 Scripturis
612 1393 814 1446 divinis
845 1393 948 1446 sub
978 1392 1081 1446 hoc
1108 1392 1471 1449 invocationis
1513 1394 1734 1448 nomine
1763 1395 1856 1447 de-

280 1486 510 1554 signari.
535 1483 647 1538 Non
673 1485 817 1539 enim
849 1483 962 1555 (10)
989 1487 1054 1539 de
1079 1484 1545 1554 qualibuscunqne
1571 1485 1725 1547 viris,
1754 1485 1853 1539 sed

281 1578 352 1631 de
374 1576 681 1644 ingentibus
705 1586 760 1630 et
789 1576 1082 1646 prtecipuis
1105 1577 1362 1630 scribitur
1383 1576 1509 1646 quia
1533 1594 1552 1626 ι
1582 1575 1724 1630 Enos
1746 1576 1856 1643 pri-

284 1682 408 1720 ntus
441 1667 680 1732 speravit
728 1664 839 1734 (11)
871 1665 1126 1719 invocare
1156 1681 1352 1720 nomen
1388 1665 1599 1719 Domini
1633 1664 1711 1730 ης
1745 1685 1765 1717 ι
1799 1675 1852 1719 et

1965 491 2260 542 vocabant:
2293 487 2426 542 etsi
2472 487 2733 544 invocare
2761 503 2953 542 nomen
2994 488 3231 554 Domini,
3276 497 3328 542 et
3373 504 3531 545 orare

1966 579 2276 644 Dominttm,
2306 595 2472 633 unnnt
2506 589 2670 648 atque
2704 581 2844 635 idem
2876 589 2996 644 est;
3053 581 3194 634 sicut
3250 582 3532 637 invocatur

1963 669 2124 734 Deus,
2143 667 2482 724 invocandus
2505 679 2588 723 est
2609 667 2892 732 Christus;
2916 678 2972 722 et
2988 669 3126 723 sicut
3154 680 3346 724 oratur
3369 671 3532 730 Deus.

1963 761 2033 814 ita
2060 768 2114 813 et
2143 758 2383 814 orandus
2416 769 2500 815 est
2535 759 2826 823 Cltristus;
2859 770 2912 812 et
2936 761 3077 813 sicut
3111 759 3392 815 oll’erimtts
3417 761 3531 832 (16)

1963 850 2072 904 Deo
2103 848 2251 904 Patri
2300 850 2474 920 primo
2508 849 2753 904 omnium
2781 850 3076 914 orationes,
3119 852 3190 906 ita
3221 861 3274 908 et
3303 852 3532 908 Domino

1957 937 2086 994 Jesu
2120 940 2366 1004 Christo;
2405 949 2459 994 et
2489 941 2632 994 sicut
2678 937 2954 994 offerimus
2991 942 3382 1010 posntlationcs
3431 942 3530 997 Pa-

1965 1031 2056 1085 tri.
2086 1031 2158 1084 ita
2190 1029 2473 1084 otl‘erimus
2527 1032 2922 1100 postulationes
2973 1041 3025 1084 et
3063 1031 3233 1097 Filio;
3289 1041 3344 1088 et
3388 1033 3530 1089 sicut

1958 1120 2238 1176 otl‘erimus
2270 1121 2568 1190 gratiarum
2617 1121 2860 1176 actiones
2903 1122 3044 1186 Deo,
3100 1122 3171 1174 ita
3221 1132 3278 1176 et
3325 1125 3531 1192 gratias

1957 1211 2240 1266 oﬂ‘erimus
2280 1212 2570 1266 Salvatori.
2616 1212 2790 1268 Unum
2826 1229 3056 1282 namque
3099 1215 3316 1282 utrique
3354 1214 3528 1269 bono-

1960 1317 2073 1356 rem
2107 1302 2479 1366 det'erendttm,
2533 1303 2582 1356 id
2633 1313 2718 1358 est
2780 1303 2947 1368 Patri,
2997 1314 3052 1358 et
3108 1304 3262 1368 Filio,
3314 1307 3529 1360 divinus

1957 1394 2148 1446 edocet
2181 1406 2360 1447 sermo
2393 1408 2516 1447 cum
2543 1394 2670 1448 dicit
2705 1411 2718 1446 :
2757 1413 2774 1445 ι
2815 1394 2884 1450 lit
2910 1409 3096 1448 omnes
3127 1393 3238 1464 (l7)
3268 1396 3530 1451 honoriﬁ-

1957 1493 2081 1537 ceut
2121 1482 2344 1548 Filium,
2399 1485 2540 1539 sicut
2572 1485 2936 1540 honoriﬁcam
2979 1486 3197 1540 Patrem
3222 1488 3288 1540 ".
3327 1507 3344 1539 ι
3374 1489 3526 1554 Quod

1958 1573 2118 1627 modo
2148 1573 2260 1643 (l8)
2294 1586 2478 1627 autem
2505 1574 2572 1627 de
2607 1575 2844 1642 Epistola
2885 1575 2953 1628 ad
2986 1575 3300 1630 Corinthios
3332 1593 3526 1647 propo-

1959 1663 2190 1728 suimus,
2213 1663 2611 1731 ubiApostolus
2647 1664 2820 1733 primo
2851 1664 3066 1733 quidem
3102 1665 3260 1719 dicit:
3291 1684 3310 1716 ‹
3342 1667 3528 1720 Eccit-

283 1757 340 1810 in
371 1758 600 1810 Psalmis
628 1773 641 1808 :
666 1775 685 1808 ι
717 1757 922 1827 Moyses
948 1766 1002 1810 et
1023 1759 1202 1811 Aaron
1233 1757 1288 1811 in
1327 1758 1696 1812 sacerdotibus
1717 1758 1854 1827 ejus,
1890 1741 1929 1796 Β
1959 1753 2050 1808 sia:
2095 1753 2211 1817 Dei,
2243 1769 2362 1823 quae
2407 1762 2491 1809 est
2519 1755 2786 1818 Corinthi,
2829 1757 3184 1812 sanctiﬁcatis
3219 1757 3270 1811 in
3307 1757 3528 1814 Christo

282 1859 342 1902 et
371 1848 588 1903 Samuel
624 1850 674 1902 itt
710 1851 793 1902 his
825 1849 912 1919 qui
947 1850 1198 1902 invocant
1237 1864 1432 1904 nomen
1463 1851 1599 1920 ejus.
1634 1851 1854 1905 tnvora-

285 1939 418 1993 bant
452 1933 757 2002 Dominum,
785 1953 840 1994 et
873 1942 985 2010 ipse
1017 1940 1343 1996 exaudiebat
1369 1958 1494 1998 eos:
1527 1944 1578 1997 itt
1604 1944 1853 1998 columna

287 2030 448 2083 nobis
477 2030 801 2098 loquebatur
827 2030 892 2081 ad
923 2043 1016 2082 eos
1047 2027 1110 2078 ".
1152 2045 1171 2076 ι

361 2119 415 2172 5.
454 2137 473 2168 ι
497 2119 776 2182 Quomodo
803 2133 932 2187 ergo
957 2121 1310 2183 invocabant,
1347 2120 1399 2174 in
1423 2136 1584 2190 quem
1609 2137 1713 2175 non
1738 2136 1857 2176 cre-

285 2209 577 2262 diderunt?
613 2210 721 2263 Aut
768 2208 1043 2278 quomodo
1073 2211 1294 2264 credent
1325 2210 1397 2274 ei,
1438 2225 1598 2279 quem
1628 2229 1732 2266 non
1759 2227 1854 2266 au-

290 2300 549 2355 dierunt?
573 2299 851 2366 Quomodo
879 2308 1057 2352 autem
1089 2291 1310 2354 audient
1342 2301 1461 2355 sine
1491 2302 1857 2370 praedicante?

288 2391 571 2456 Quomodo
613 2404 741 2445 vero
790 2389 1163 2458 praedicabunt
1209 2391 1312 2445 nisi
1352 2390 1670 2445 mittantur?
1707 2392 1858 2448 Sicut

289 2483 554 2548 scriptum
586 2490 670 2536 est
697 2497 710 2534 :
742 2482 910 2548 Quam
929 2483 1156 2552 speciosi
1179 2483 1344 2554 pedes
1369 2483 1854 2555 erangelizantium

280 2566 423 2621 bona
451 2569 496 2598 ²⁰
526 2569 669 2638 (12)!
707 2591 724 2620 ι
761 2571 1038 2627 Manifeste
1063 2575 1114 2628 in
1143 2577 1226 2630 his
1257 2593 1355 2646 per
1385 2579 1488 2633 hoc
1513 2580 1656 2648 quod
1689 2579 1817 2634 dicit
1843 2597 1854 2632 :

287 2677 308 2710 ι
343 2657 625 2723 Quomodo
650 2676 779 2730 ergo
808 2663 1158 2728 invocabunt,
1195 2666 1248 2720 in
1280 2684 1440 2736 quem
1469 2685 1578 2723 non
1613 2670 1858 2725 credide-

281 2749 444 2803 runt?
481 2769 498 2800 ι
535 2751 660 2805 illud
694 2754 834 2822 quod
867 2756 1114 2823 superius
1153 2759 1332 2826 posuit
1371 2759 1438 2814 de
1473 2761 1738 2829 propheta
1771 2761 1859 2816 di-

277 2849 463 2904 ctum,
493 2845 618 2911 quia
658 2864 675 2895 ι
715 2845 891 2898 omnis
937 2847 1247 2916 quicunque
1295 2849 1629 2905 invocaverit
1657 2865 1858 2906 nomen

279 2931 525 2996 Domini,
557 2938 736 2990 salvus
777 2937 911 2998 erit,
951 2957 968 2989 ι
1003 2939 1069 2992 ad
1112 2939 1387 2996 Christum
1429 2943 1717 2998 Dominum
1758 2944 1860 3000 do-

289 3026 402 3076 cuit
458 3026 820 3082 relerendutu.
874 3027 1167 3098 Postquam
1209 3029 1352 3082 enim
1394 3028 1574 3083 dixit:
1613 3049 1631 3081 ι
1665 3032 1851 3085 Omnis

287 3117 596 3186 quicunque
658 3118 996 3174 invocaverit
1062 3133 1256 3174 nomen
1332 3120 1589 3185 Domini,
1674 3124 1854 3177 salvus

287 3208 393 3259 erit
421 3205 555 3275 (15).
582 3227 599 3258 ι
623 3207 941 3276 subiungit:
977 3227 995 3260 ι
1033 3209 1313 3276 Quomodo
1348 3226 1480 3280 ergo
1505 3211 1855 3277 invocabant,

289 3298 342 3350 in
374 3312 531 3364 quem
559 3314 664 3352 non
693 3300 1083 3354 crediderunt?
1109 3320 1128 3353 ι
1153 3300 1369 3357 Christo
1385 3303 1526 3358 enim
1556 3302 1722 3358 Judaei
1750 3319 1854 3358 non

288 3389 655 3452 crediderunt,
687 3400 740 3444 et
773 3391 892 3444 ideo
923 3407 1023 3445 nec
1045 3393 1302 3447 invocant
1328 3409 1448 3446 eum
1481 3393 1566 3447 cui
1599 3407 1702 3448 non
1729 3407 1852 3446 cre-

285 3478 565 3533 diderunt.
599 3479 703 3534 Sed
733 3492 787 3534 et
821 3480 1177 3550 inquineipio
1207 3482 1452 3550 Epistolte
1479 3498 1639 3550 quam
1663 3483 1726 3535 ad
1750 3481 1849 3536 Co-

289 3574 523 3624 rintbios
557 3574 774 3637 scribit,
808 3573 894 3626 tibi
941 3576 1072 3629 dicit
1106 3596 1118 3630 :
1155 3594 1172 3626 t
1201 3575 1336 3629 Cum
1361 3575 1615 3640 omnibus
1645 3574 1737 3642 qui
1772 3573 1854 3626 in-

289 3671 485 3714 voCant
504 3679 696 3717 nomen
717 3663 923 3718 Dotnitti
949 3666 1118 3721 nostri
1144 3664 1254 3736 (H)
1275 3665 1398 3720 Jesu
1418 3665 1614 3720 Christi
1637 3665 1687 3716 in
1703 3662 1852 3716 omni

288 3757 409 3811 loco
451 3759 687 3827 ipsorum
717 3769 771 3814 et
798 3770 982 3815 nostro
1007 3761 1076 3823 ἰ,
1120 3778 1138 3811 ι
1173 3775 1294 3814 eum
1323 3758 1480 3825 cujus
1529 3771 1726 3812 nomen
1764 3756 1848 3810 in--

288 3863 537 3912 vocatur,
595 3851 874 3904 Dominum
903 3851 1084 3906 Iesum
1119 3853 1392 3908 Christum
1424 3851 1532 3920 (15)
1563 3864 1684 3905 esse
1727 3862 1850 3918 pro-

290 3943 522 3996 nuntiat.
569 3942 624 3996 Si
661 3959 788 4010 ergo
815 3953 869 3998 et
895 3945 1058 4009 Eoos,
1092 3954 1146 3999 et
1194 3943 1425 4015 Moyses,
1458 3953 1512 3997 et
1547 3942 1752 4006 Aaron,
1798 3948 1855 3994 et

289 4033 509 4085 Samuel
545 4051 563 4083 ι
596 4035 920 4088 invocabant
958 4037 1262 4100 Dominum,
1307 4046 1361 4089 et
1385 4037 1496 4104 ipse
1530 4031 1856 4086 exaudiebat

362 4167 404 4198 ¹⁷
426 4165 560 4221 Joel.
590 4184 646 4228 tt.
675 4168 769 4224 50·
795 4169 883 4224 32.

286 4252 476 4300 xcm,
504 4239 557 4292 ϐ.
636 4241 680 4271 ’³
702 4239 857 4295 Joan.
893 4255 947 4303 v,
974 4239 1063 4293 9.3.
1171 4241 1253 4292 "l
1287 4240 1326 4294 C
1350 4256 1410 4293 tr.
1437 4255 1476 4304 ι,
1507 4238 1563 4291 2.
1639 4239 1682 4268 ³³
1702 4237 1834 4290 ibid.

962 4170 1003 4202 ¹⁸
1031 4171 1162 4224 Gen.
1195 4185 1266 4231 tv,
1295 4168 1384 4223 96.
1446 4170 1489 4200 "
1513 4167 1655 4223 Psal.
1697 4178 1879 4228 xcvm,
1907 4161 1960 4214 6.
2129 4164 2174 4196 ³ο
2202 4164 2354 4217 Rom.

974 4239 1063 4287 αλδ,
1171 4241 1253 4287 ιιι
1287 4240 1326 4287 C
1350 4256 1410 4287 ll‘.
1437 4255 1476 4287 ι.
1507 4238 1563 4287 2.
1639 4239 1682 4268 ³³
1702 4237 1834 4287 ibid.
1912 4235 1980 4266 ’⁸⁸
2010 4233 2167 4287 Rom.
2201 4251 2253 4287 tt.
2289 4234 2354 4286 11

1955 1844 2106 1909 Iesu,
2135 1848 2342 1900 vocatis
2375 1847 2658 1912 sanctis“,
2701 1865 2720 1900 ι
2747 1855 2804 1901 et
2836 1856 2955 1916 post
2979 1847 3283 1917 ltzec,quasi
3304 1850 3528 1906 alterius

1959 1934 2159 2005 gradus
2209 1944 2266 1990 et
2305 1936 2531 1990 alterius
2573 1938 2782 1992 ordinis
2813 1938 2920 1993 sint
2950 1939 3086 2008 (I9),
3144 1939 3215 1992 ita
3249 1940 3530 2012 subiungit

1957 2029 2246 2096 quosdam,
2295 2027 2360 2081 de
2411 2030 2607 2097 quibus
2642 2031 2812 2084 dicit:
2865 2048 2883 2081 ι
2916 2031 3050 2086 Cttm
3108 2033 3381 2088 universis
3435 2036 3525 2103 qui

1957 2115 2212 2170 invocant
2256 2132 2454 2172 nomen
2513 2119 2727 2173 Domini
2771 2121 2944 2175 nostri
2998 2121 3108 2190 (ἒο)
3145 2121 3272 2176 .Icsu
3323 2123 3525 2180 Christi

1958 2206 2011 2260 in
2072 2207 2216 2261 omni
2265 2208 2382 2262 loco
2426 2208 2668 2278 ipsorum
2723 2221 2777 2264 et
2815 2222 2998 2266 nostro
3033 2214 3076 2244 ’⁵
3119 2230 3132 2265 :
3188 2233 3205 2264 ι
3254 2215 3526 2270 videbitur

1957 2297 2207 2355 fortassis
2256 2299 2457 2354 habere
2513 2301 2713 2369 aliquid
2775 2303 3140 2372 ditferentiaz,
3197 2307 3342 2374 quod
3402 2307 3521 2363 illos

1956 2388 2172 2456 quidem
2223 2388 2518 2444 Ecclesium
2575 2391 2669 2445 Dei
2724 2393 2991 2458 nominat,
3035 2403 3090 2448 et
3131 2395 3500 2452 sattctilicatos

1957 2486 2010 2529 et
2065 2487 2284 2531 vocatos
2333 2489 2548 2534 sanctos
2587 2496 2600 2533 :
2635 2481 2766 2534 istos
2825 2491 3004 2536 autem
3057 2492 3263 2537 tantum
3294 2521 3312 2549 ,
3371 2502 3390 2536 ι
3426 2488 3518 2555 qui

1955 2567 2117 2638 625
2152 2569 2402 2623 invocant
2434 2585 2628 2624 nomen
2662 2572 2872 2626 Domini
2902 2575 3071 2628 nostri
3102 2573 3226 2630 Jesu
3257 2577 3519 2634 Christi.-

1960 2660 2022 2713 Et
2058 2658 2181 2713 vide
2209 2673 2276 2713 ne
2305 2659 2445 2714 forte
2490 2661 2591 2716 ista
2635 2662 2926 2717 diversitas
2961 2664 3065 2718 tale
3093 2665 3293 2734 aliquid
3335 2679 3524 2724 osten-

1932 2751 2068 2813 ‘dat,
2101 2750 2262 2820 quale
2290 2761 2345 2805 et
2382 2766 2618 2819 praesens
2648 2755 2860 2808 videtur
2885 2755 3084 2810 habere
3115 2759 3427 2826 capitulum.
3468 2761 3520 2814 in

1958 2857 2065 2910 quo
2093 2843 2248 2898 docet
2295 2859 2404 2899 non
2450 2860 2608 2914 posse
2642 2846 2881 2901 invocari
2907 2846 3018 2917 (2t)
3051 2863 3245 2902 nomen
3285 2851 3520 2918 Domini,

1959 2933 2060 2986 nisi
2087 2933 2238 3002 prius
2263 2935 2511 2989 credatur
2536 2935 2587 2990 in
2622 2935 2894 2992 Christum
2919 2938 3008 2992 ¹⁵’.
3031 2939 3164 2994 Cum
3193 2948 3370 2994 autem
3393 2958 3524 2998 rre-

1960 3021 2158 3076 diderit
2186 3023 2306 3092 quis
2336 3023 2555 3079 Christo
2581 3063 2596 3089 ,
2625 3026 2838 3082 etiamsi
2890 3029 3126 3082 nondum
3153 3030 3522 3090 sanctiﬁcatul

1959 3113 2050 3176 sit,
2085 3121 2138 3167 et
2164 3113 2420 3168 Ecclesitc
2450 3116 2658 3184 corpori
2688 3116 2942 3180 sociatus,
2981 3129 3157 3172 tamen
3194 3134 3418 3177 necesse
3439 3133 3524 3177 est

1954 3205 2140 3272 utjam
2173 3205 2387 3260 invocet
2417 3220 2539 3260 eum
2569 3209 2654 3261 cui
2687 3208 2937 3266 credidit.
2981 3209 3228 3268 Christus
3255 3213 3400 3268 enim
3431 3229 3522 3268 ve-

1952 3297 2033 3350 nit
2063 3297 2322 3352 mundum
2355 3299 2705 3354 reconciliare
2748 3301 2878 3364 lico,
2912 3311 2967 3355 et
2995 3304 3279 3359 credentes
3309 3304 3410 3358 sibi
3436 3307 3521 3359 or-

1949 3387 2097 3444 terre
2129 3390 2301 3445 Patri.
2341 3391 2487 3458 Quos
2522 3404 2699 3446 autem
2733 3393 2886 3449 oll'crt
2921 3395 3110 3464 Patri,
3141 3398 3372 3468 Spiritus
3398 3415 3524 3454 san-

1951 3491 2072 3536 ctus
2114 3483 2360 3552 suscipit,
2411 3493 2468 3536 ttt
2511 3485 2811 3539 sanctiﬁcet
2839 3500 2952 3549 eos,
2988 3496 3043 3541 et
3072 3497 3325 3556 tanquam
3357 3490 3523 3544 cccle-

1960 3574 2058 3627 stis
2085 3573 2194 3645 (Ξέ)
2223 3573 2472 3628 Ecclesiae
2499 3576 2890 3642 pritnitivorum
2917 3577 2962 3607 ¹⁶
2995 3581 3234 3632 membra
3259 3580 3518 3643 vivilieet,

1959 3674 2121 3731 atque
2163 3664 2214 3716 in
2249 3664 2571 3718 soliditatem
2607 3665 2769 3718 totius
2813 3667 3063 3732 corporis
3103 3667 3518 3734 perfectionem-

1963 3771 2067 3825 que
2119 3755 2365 3809 restituat
2389 3793 2404 3817 ,
2438 3763 2491 3808 et
2518 3755 2587 3808 ita
2618 3756 2827 3809 demunt
2877 3756 3121 3811 Ecclesia
3155 3757 3249 3812 Dei
3285 3774 3391 3813 non
3419 3759 3519 3814 ba-

1961 3847 2093 3904 bens
2142 3846 2404 3900 maculam
2440 3859 2614 3914 neque
2658 3860 2842 3914 rugam
2870 3846 2914 3877 ⁸⁷
2945 3845 3058 3917 ('25)
3106 3847 3360 3916 appellati
3408 3863 3523 3905 me-

1961 3947 2202 3993 reantur.
2242 3937 2395 3993 Prius
2427 3953 2560 4010 ergo
2593 3954 2753 4009 quam
2785 3940 2852 3994 ad
2882 3941 3105 4008 gradum
3137 3941 3295 3997 istius
3339 3943 3520 4012 perfe-

1962 4028 2157 4083 ctionis
2202 4034 2458 4084 accedant
2497 4030 2646 4102 (9.1),
2683 4041 2934 4101 tanquam
2973 4033 3284 4088 mediatoris
3322 4032 3419 4089 Dei
3465 4044 3522 4090 et

2129 4164 2174 4196 ‘°
2202 4164 2356 4217 Rom.
2387 4180 2440 4229 ς,
2478 4164 2564 4227 tt,
2592 4163 2678 4217 15.
2790 4164 2831 4195 ²¹
2867 4163 2880 4216 Ι
2911 4165 3037 4219 Cor.
3061 4181 3099 4226 t.
3135 4165 3193 4220 2.
3305 4167 3350 4197 ’³
3373 4165 3521 4223 Psal.

2452 4236 2498 4266 ’³
2528 4234 2692 4288 IIebr.
2721 4250 2818 4299 Mt,
2843 4234 2934 4286 '23.
3011 4236 3053 4265 ’⁷
3082 4235 3281 4304 Ephes.
3315 4251 3404 4301 xv,
3425 4236 3518 4292 27.

359 4356 433 4428 (9)
479 4355 568 4428 Si_c
597 4370 725 4428 mss.
764 4354 1131 4428 pleriqueet
1167 4355 1318 4428 editi.
1357 4353 1474 4428 _M_s.
1509 4363 1686 4428 tamen
1723 4353 1845 4428 qui-

1958 4369 2100 4428 num.
2120 4352 2270 4428 1639
2294 4361 2346 4405 et
2379 4353 2653 4428 Rabanus,
2687 4361 2792 4428 ιρι
2836 4367 2998 4406 orare
3024 4351 3308 4428 Dominum
3343 4389 3359 4405 .
3395 4390 3412 4406 .
3447 4394 3462 4409 .
3495 4401 3517 4416 .

283 4422 410 4478 ὼιιι
438 4436 492 4479 et
523 4422 797 4490 Βςυικιιιιιέ,
835 4445 852 4476 ι
888 4422 1189 4478 horribilis.
1221 4443 1240 4475 ι
1281 4423 1481 4478 Deinde
1513 4439 1614 4477 ms.
1645 4422 1848 4492 Regius

284 4513 438 4549 num.
474 4495 610 4546 1659
633 4507 686 4546 et
715 4496 867 4559 editi,
912 4511 932 4545 ο
961 4504 1015 4548 ct
1045 4494 1224 4547 omnis
1248 4493 1576 4563 quicunque,
1612 4511 1630 4563 ρ
1670 4502 1778 4563 ete_.

358 4565 475 4632 (1⁸))
533 4564 671 4618 Editi
716 4573 770 4618 et
804 4581 938 4618 mss.
969 4560 1480 4632 quidantgotitittunt‘
1509 4560 1849 4617 tettim.tMs.

279 4630 428 4686 unus
479 4633 676 4702 Regius
728 4650 873 4687 num.
907 4633 1062 4694 1659,
1101 4651 1120 4684 ι
1159 4630 1276 4686 Νοιι
1309 4633 1450 4685 enim
1477 4634 1542 4686 de
1573 4632 1853 4702 qualibus-

282 4719 501 4768 cuuque
553 4699 754 4768 verbis,
788 4705 882 4758 sed
935 4703 1240 4772 ingentibus
1262 4711 1324 4772 et
1373 4699 1661 4770 praecipuis
1695 4699 1849 4755 Scri-

280 4775 484 4840 pturis,
522 4772 660 4824 tinos
703 4774 928 4839 primus,
966 4770 1126 4825 t'etc.
1174 4770 1326 4824 Male.

359 4843 473 4908 (11)
512 4842 674 4903 Editi,
707 4859 725 4891 ι
765 4843 914 4909 prius
938 4842 1193 4910 Speravit,
1235 4860 1252 4892 ι
1282 4849 1386 4910 etc.

359 4912 469 4978 (12)
511 4912 602 4963 Sic
649 4908 838 4965 omnes
872 4908 1000 4965 mss.
1031 4912 1224 4965 nostri.
1279 4909 1418 4964 Editi
1454 4923 1584 4963 vero
1626 4908 1845 4970 habent,

287 4998 312 5032 σ
358 4980 846 5049 evangelizantium
881 4996 1063 5048 pacem
1089 5019 1103 5042 ,
1145 4980 1628 5048 evangelizantittm
1663 4981 1798 5031 bona
1829 4979 1842 5031 !

284 5050 569 5103 Manifesta
618 5061 840 5116 apparet
869 5052 920 5103 in
958 5051 1040 5103 Itis
1060 5065 1156 5116 per
1183 5050 1284 5102 hoc
1317 5050 1460 5117 quod
1492 5049 1643 5108 dicit,
1679 5065 1696 5097 ι
1739 5056 1844 5101 etc.

359 5119 470 5190 (15)
513 5120 590 5170 Ad
626 5121 892 5190 Christum
945 5117 1220 5190 Dominum
1270 5119 1448 5190 docuit
1496 5117 1843 5190 referendum.

285 5186 580 5259 Postquam
619 5191 754 5242 enim
783 5189 916 5240 dixit
953 5207 971 5244 :
1001 5186 1184 5259 Ouini}
1206 5189 1498 5257 quicunque
1535 5188 1845 5240 invocaverit

285 5257 474 5312 nomen
510 5258 716 5311 Domini
750 5260 924 5312 salvus
969 5259 1092 5311 erit.
1131 5257 1252 5312 IIrc
1287 5259 1337 5310 in
1367 5259 1529 5312 editis
1576 5269 1843 5324 nusquam

287 5329 649 5395 reperiuntur.

385 5397 472 5460 14)
513 5397 673 5449 υιεεει
711 5415 731 5448 ι
763 5397 929 5449 nostri
971 5416 991 5448 ι
1027 5396 1078 5450 in
1111 5406 1268 5451 antea
1299 5397 1478 5449 editis.

385 5399 472 5460 Η)
513 5399 673 5449 υιεεει
711 5415 731 5448 ι
763 5399 929 5449 nostri
971 5416 991 5448 ι
1027 5399 1078 5450 in
1111 5406 1268 5451 antea
1299 5399 1478 5449 editis.

355 5399 472 5536 115)
513 5466 674 5536 Etliti,
715 5484 732 5517 ι
773 5467 934 5520 Deum
963 5465 1144 5520 desunt
1176 5466 1471 5518 Christum.
1508 5483 1527 5515 ι

359 5535 471 5602 (16)
515 5535 676 5598 Editi,
707 5554 724 5587 ι
762 5547 816 5590 et
848 5541 1074 5590 adorare
1106 5537 1269 5588 Deum
1297 5549 1456 5588 unum
1508 5542 1668 5603 atque
1698 5535 1839 5588 idem

288 5614 390 5666 est,
468 5603 609 5660 sicut
689 5606 973 5660 invocatur
1005 5605 1272 5668 Christus,
1305 5613 1360 5658 et
1403 5604 1708 5658 adorandus
1756 5612 1840 5657 est

289 5674 558 5742 Christus,
592 5683 644 5729 et
671 5676 811 5730 sicut
838 5675 1134 5740 oderimus,
1167 5693 1186 5725 ι
1215 5683 1324 5730 etc.
1353 5671 1450 5727 Ms.
1477 5687 1613 5728 unus
1640 5672 1839 5738 Regius

2539 4422 2548 4432 ³
2590 4431 2600 4436 -
2727 4421 2764 4436 9-
2864 4430 2876 4436 Α
2956 4435 2959 4436 ,
3073 4423 3082 4436 I
3132 4435 3145 4436 γ
3176 4422 3210 4436 l‘

1956 4423 2094 4474 sicut
2119 4423 2402 4476 invocatur
2425 4423 2693 4482 Christus.
2727 4423 2802 4473 ita
2827 4430 2881 4474 et
2911 4423 3152 4474 orandus
3173 4423 3446 4477 Christus.
3489 4443 3510 4476 ι

1956 4490 2213 4544 Rabantts
2247 4503 2426 4544 tamen
2453 4490 2652 4542 omittit
2688 4507 2706 4540 ι
2738 4490 2832 4543 ita.
2869 4507 2888 4540 r
2926 4489 3030 4543 Sed
3079 4491 3259 4544 creteri
3295 4507 3425 4546 mss.
3459 4503 3520 4549 ιη

1957 4560 2037 4629 in,
2064 4570 2250 4614 nostro
2285 4571 2456 4623 textu,
2497 4561 2598 4613 nisi
2625 4560 2765 4627 quod
2819 4559 2974 4612 initzo
3007 4573 3196 4612 omnes
3229 4575 3512 4629 perperam

1957 4628 2188 4682 habeant
2233 4648 2252 4679 ‹
2290 4630 2592 4699 Dominum,
2637 4647 2656 4680 ι
2702 4642 2822 4682 cum
2875 4629 3185 4682 necessario
3229 4628 3514 4699 legendum

1953 4700 2024 4754 sit
2052 4715 2175 4751 entn
2207 4700 2363 4751 editis
2401 4714 2419 4745 ι
2451 4697 2642 4750 Deum.
2683 4716 2702 4748 ι

2023 4767 2134 4836 (17)
2177 4767 2574 4836 0mues._Deest
2600 4770 2650 4820 in
2681 4767 2833 4821 libris
2858 4776 3015 4836 antea
3047 4766 3229 4821 editis.

2023 4772 2111 4836 (l7
2177 4772 2389 4820 Omnes.
2417 4772 2574 4818 Deest
2600 4772 2650 4820 in
2681 4772 2833 4821 libris
2858 4776 3015 4820 antea
3047 4772 3229 4821 editis.

2022 4772 2134 4901 (tsi
2177 4836 2358 4890 Modo.
2392 4833 2716 4889 Restituitnr
2737 4852 2800 4889 ex
2830 4851 2930 4890 ms.
2967 4834 3135 4905 Regio
3167 4852 3314 4891 num.
3349 4838 3509 4894 1659.

2022 4906 2131 4976 (t9)
2171 4907 2331 4976 Deest
2358 4923 2376 4955 ι
2410 4905 2525 4976 sint
2560 4925 2579 4976 ι
2613 4907 2666 4959 itt
2693 4908 2872 4960 editis.

2019 4971 2134 5047 (20)
2179 4971 2679 5047 ﬂustrri.0_mi_ttitur
2703 4976 2756 5028 itt
2793 4975 2976 5030 editis.

2025 5043 2138 5118 (21)
2179 5045 2319 5118 Εᾴᾗιῇ
2351 5053 2404 5098 et
2428 5043 2702 5118 Rabanus,
2738 5062 2756 5096 ι
2792 5047 3064 5118 invocare,
3101 5063 3118 5097 ι
3157 5045 3316 5118 male.

2021 5114 2135 5187 (2'2)
2179 5114 2340 5187 Editi,
2375 5131 2393 5164 ι
2421 5114 2661 5187 Spiritus
2687 5117 2934 5186 suscipit,
2978 5124 3036 5169 ut
3064 5116 3368 5171 sanctilicet
3392 5131 3508 5184 eos,

1951 5183 2205 5252 tanquam
2229 5183 2485 5244 cmlestis,
2525 5203 2545 5236 ι
2583 5194 2685 5239 etc.

2017 5255 2130 5325 (23)
2173 5253 2310 5325 Editi
2335 5295 2349 5319 ,
2385 5271 2404 5304 ι
2445 5262 2502 5305 ιιι
2525 5255 2599 5308 ita
2635 5255 2846 5308 demum
2874 5252 3113 5308 Ecclesia
3151 5255 3244 5311 Dei
3273 5271 3378 5312 non
3409 5257 3514 5312 ha-

1948 5324 2080 5378 bens
2105 5324 2366 5377 tnaculam
2403 5333 2495 5375 aut
2523 5339 2730 5390 rugam,
2766 5341 2785 5374 »
2812 5337 2919 5377 etc.

2019 5393 2130 5466 (21)
2173 5393 2246 5445 Ita
2281 5392 2553 5446 Rabanus.
2588 5393 2682 5449 Ms.
2716 5392 2914 5461 Regius
2945 5407 3092 5466 num.
3122 5390 3284 5459 1659,
3315 5396 3512 5453 «Ρήιιε

1944 5463 2090 5518 enim
2112 5463 2370 5532 quam....
2403 5466 2722 5532 ascendant,
2753 5482 2772 5515 ι
2811 5471 3009 5529 etc.,ut
3035 5463 3089 5516 in
3116 5471 3283 5518 textu.
3317 5467 3513 5526 Caetetl

1945 5548 2077 5587 mss.
2102 5529 2161 5604 et
2185 5531 2350 5604 editi,
2391 5549 2409 5582 ι
2439 5529 2593 5587 Prius
2615 5547 2748 5604 ergo
2793 5532 2858 5585 ad
2894 5535 3116 5602 gradum
3150 5533 3306 5591 istius
3331 5539 3514 5604 perte-

1942 5603 2141 5658 ctioais
2187 5601 2482 5657 accedant.
2510 5638 2525 5655 .
2555 5642 2569 5657 .
2597 5643 2612 5658 .
2642 5601 2909 5660 in'vocent'
2942 5617 3138 5659 nomen
3190 5601 3397 5663 Domini
3421 5649 3435 5676 ,
3483 5625 3507 5662 ρ

1943 5681 2049 5728 CIC.
