3986 6206
458 253 479 306 1
500 255 595 309 167

1927 253 2247 301 ("tibia-Nm

3580 262 3724 317 “68

456 372 734 426 hominum
770 369 1020 422 invocant
1055 381 1252 422 nomen
1279 364 1490 420 Domini
1528 364 1696 418 nostri
1726 364 1848 419 Jesu
1882 365 2030 420 Chri-
2061 371 2102 423 Α
2136 363 2347 431 piamus
2399 363 2553 429 quasi
2607 364 2751 416 dicat
2800 364 3088 434 Apostolus
3136 386 3150 421 :
3193 367 3298 426 Nos
3343 386 3631 440 pueroues
3656 389 3718 434 et

457 466 518 519 s;i
549 484 561 518 :
596 474 778 533 postea
811 478 938 518 vero
968 474 1129 529 quam
1179 459 1415 528 Spiritus
1467 460 1557 513 Dei
1594 459 1751 513 fuerit
1787 462 1837 513 in
1869 461 2034 514 corde

448 573 637 612 eorum
669 557 931 618 clamans,
966 573 983 604 ι
1019 553 1166 607 Abba
1198 564 1352 621 pater
1380 554 1447 618 ³⁸,
1483 574 1500 606 ι
1536 555 1648 623 ipse
1678 554 1908 622 Spiritus
1937 568 2031 606 eos

451 651 615 704 etiam
661 662 854 702 nomen
910 645 1089 700 Patris
1141 645 1334 699 edocet
1380 646 1654 700 invocare.
1729 645 1853 700 Ideo
1899 661 2031 713 ergo

454 759 473 791 ι
508 737 815 809 quomodo,
857 757 876 789 ι
912 737 1107 804 inquit,
1149 755 1167 787 ι
1207 736 1536 792 invocabunt
1583 738 1696 808 (25)
1721 777 1740 804 ,
1778 739 1829 791 in
1867 754 2028 808 quem

450 843 555 883 non
602 828 990 886 crediderunt?
1026 849 1042 877 ι
1100 839 1156 882 et
1197 831 1250 882 in
1298 830 1399 884 hoc
1429 830 1735 885 arctissima
1768 845 1861 885 eos
1893 846 2030 886 con-

447 922 684 975 clusione
709 919 1052 988 constringit.
1099 917 1256 972 Salus
1278 958 1293 982 ,
1324 917 1530 987 inquit,
1566 933 1672 972 non
1699 927 1784 972 est
1814 917 1917 972 nisi
1948 919 2029 971 in-

445 1010 684 1068 vocanti.
726 1007 897 1062 Nemo
944 1024 1072 1062 vero
1120 1009 1339 1064 invocat
1387 1009 1475 1076 qui
1511 1024 1615 1062 non
1649 1009 1844 1064 credit.
1882 1009 2028 1078 Ergo

353 1095 392 1144 34‘
447 1102 568 1174 quia
597 1117 701 1155 non
737 1101 984 1164 creditis,
1019 1115 1123 1152 non
1154 1099 1448 1167 invocatis;
1483 1111 1538 1155 et
1564 1101 1687 1170 quia
1726 1117 1830 1155 non
1876 1101 2028 1154 invo-

443 1195 601 1257 catis,
630 1209 740 1248 non
769 1194 1076 1248 salvamini.
1122 1195 1229 1249 Sed
1266 1211 1286 1246 ι
1313 1193 1637 1262 quomodo,»
1679 1194 1854 1263 inquit
1884 1193 2020 1262 (26),

449 1307 465 1338 ι
505 1287 728 1341 credent
755 1288 829 1350 ei,
857 1301 1016 1356 quem
1051 1303 1156 1340 non
1195 1286 1524 1340 audierunt?
1554 1304 1572 1337 ι
1609 1287 1762 1352 Quod
1791 1301 1894 1338 non
1928 1300 2022 1338 au-

447 1380 665 1433 dierunt
696 1393 984 1448 possumus
1017 1381 1095 1434 sic
1126 1379 1447 1450 intelligere,
1486 1379 1610 1447 quia
1643 1378 1728 1434 vel
1759 1379 1931 1448 ipsum
1971 1379 2022 1431 in

439 1487 611 1526 carne
643 1472 900 1541 positum,
947 1472 1028 1524 vel
1061 1470 1334 1540 apostolos
1370 1470 1487 1538 ejus
1516 1468 1629 1540 (27)
1666 1470 2024 1539 praedicantes

441 1566 509 1617 de
535 1580 600 1618 eo
627 1563 817 1619 audire
863 1565 1155 1619 noluerint.
1200 1562 1292 1618 Sic
1336 1563 1480 1617 enim
1529 1572 1584 1618 et
1623 1563 1736 1633 ipse
1766 1560 2023 1616 Dominus

437 1660 574 1713 dieit
600 1659 644 1690 ’θ
673 1678 686 1712 :
717 1657 844 1723 «Qui
875 1672 970 1712 vos
1000 1657 1168 1718 audit,
1192 1671 1278 1710 me
1311 1655 1458 1710 audit
1489 1674 1501 1710 :
1533 1665 1586 1709 et
1615 1655 1705 1723 qui
1739 1671 1837 1710 vos
1868 1669 2020 1724 sper-

2137 453 2519 519 prmdieatores
2542 453 2744 509 Christi
2781 471 2884 510 non
2921 474 3204 526 possemus
3241 464 3581 530 praedicare,
3623 484 3726 520 nec

2135 543 2488 597 annuntiandi
2529 546 2684 600 nobis
2713 548 2884 604 virtus
2908 551 3014 605 ulla
3044 553 3388 629 subsisteret,
3424 557 3531 610 nisi
3565 560 3726 612 ades-

2133 649 2215 692 set
2248 640 2400 692 nobis
2429 640 2542 708 ipse
2573 643 2663 710 qui
2702 645 2841 699 misit
2879 645 3012 714 (5'2).
3069 647 3222 714 Quod
3273 649 3319 703 si
3369 651 3725 717 praedicanti-

2134 731 2232 784 bus
2267 731 2420 786 nobis
2452 734 2642 787 audire
2674 750 2780 790 non
2816 739 2979 792 vultis
3005 779 3020 801 ,
3055 749 3229 793 vestra
3270 739 3380 807 jam
3410 741 3574 812 culpa
3608 754 3718 807 est,

2132 830 2186 874 et
2215 822 2259 875 si
2286 823 2571 879 audientes
2621 840 2726 880 non
2775 827 3020 890 creditis,
3053 839 3108 883 et
3144 845 3250 884 non
3283 833 3574 888 credentes
3607 850 3720 888 non

2132 913 2435 977 invocatis,
2474 925 2525 968 et
2573 931 2682 971 non
2733 918 3053 974 invocantes
3095 921 3232 975 salvi
3285 938 3407 978 esse
3451 928 3718 994 nequitis.

2129 1006 2264 1071 Quia
2301 1021 2432 1077 ergo
2459 1008 2608 1063 missi
2643 1018 2770 1063 sunt
2811 1011 2878 1062 ad
2908 1011 3369 1080 praedicationem,
3403 1014 3620 1070 idcirco
3647 1017 3719 1074 de

2132 1097 2214 1150 his
2263 1097 2354 1166 qui
2400 1099 2468 1150 ab
2497 1099 2612 1166 ipso
2645 1099 2797 1154 missi
2831 1111 2959 1154 sunt
2986 1101 3252 1170 scriptmn
3297 1114 3382 1158 est
3421 1121 3437 1157 :
3479 1124 3498 1156 ι
3537 1106 3716 1172 Quam

2129 1191 2362 1259 speciosi
2411 1193 2575 1260 pedes
2624 1193 3114 1264 evangelizantium
3167 1196 3303 1251 bona
3345 1197 3434 1251 “2
3478 1217 3497 1250 ι
3557 1199 3717 1265 Qtiod

2129 1281 2291 1348 pedes
2332 1281 2421 1336 hic
2463 1283 2740 1352 speciosus
2787 1299 2890 1338 non
2925 1285 3240 1355 corporales
3261 1327 3276 1350 ,
3307 1289 3400 1342 sed
3433 1288 3717 1358 spiritales

2125 1371 2298 1436 dicat,
2336 1382 2465 1441 puto
2509 1373 2652 1441 quod
2698 1375 2947 1440 quamvis
2988 1375 3196 1431 amicus
3238 1377 3309 1430 sit
3338 1379 3462 1446 quis
3489 1379 3715 1444 linem,

2127 1479 2325 1534 negare
2365 1480 2473 1518 non
2506 1469 2697 1533 possit.
2731 1466 2914 1534 Neque
2937 1466 3080 1520 enim
3113 1467 3164 1520 in
3200 1469 3249 1522 id
3284 1470 3500 1525 ridiculi
3540 1472 3718 1526 dedu-

2124 1562 2210 1606 cet
2241 1553 2600 1622 apostolicum
2651 1569 2892 1618 sensum,
2930 1566 2987 1609 ut
3029 1558 3490 1628 evangelistarum
3543 1564 3715 1630 pedes

2124 1645 2214 1713 qui
2241 1645 2523 1712 corporeis
2545 1645 2716 1698 oculis
2747 1645 2918 1698 videri
2949 1657 3193 1714 possunt.
3221 1657 3370 1718 putet
3399 1651 3514 1721 (55)
3542 1655 3612 1707 ab
3640 1670 3714 1708 eo

435 1752 558 1814 uit,
605 1765 691 1804 me
734 1749 963 1818 spernit.
1007 1767 1024 1799 ι
1063 1748 1246 1803 Potest
1282 1759 1462 1802 autem
1514 1759 1567 1801 et
1613 1748 1716 1802 hoc
1767 1745 2011 1816 intelligi,

2124 1736 2350 1789 decoros
2397 1737 2501 1789 dici
2557 1745 2612 1789 et
2659 1737 2970 1805 speciosos;
3005 1739 3097 1792 sed
3150 1739 3223 1794 illi
3264 1719 3624 1797 sunt‘decori
3653 1754 3714 1799 et

439 1841 581 1906 quod
627 1839 789 1891 etiam
841 1847 895 1892 et
945 1853 1089 1892 nunc
1133 1847 1187 1892 et
1233 1852 1448 1906 semper
1481 1837 1732 1892 Christus
1757 1847 2015 1906 tanquam

439 1932 675 1985 Verbum
707 1940 761 1984 et
794 1929 952 1984 Ratio
980 1931 1270 2000 unicuique
1297 1931 1547 1999 loquatur
1577 1932 1628 1984 in
1661 1931 1845 1995 corde,
1867 1941 1920 1983 et
1950 1929 2019 1984 de

437 2023 640 2088 pietate
671 2021 887 2084 doceat,
921 2023 986 2075 de
1009 2021 1217 2090 justitia
1257 2021 1502 2084 suadeat,
1535 2021 1599 2073 de
1626 2021 1900 2083 castitate,
1948 2019 2018 2075 de

438 2113 697 2182 pudicitia
741 2100 797 2167 et
827 2113 890 2166 dc
931 2113 1182 2167 omnibus
1226 2112 1391 2166 simul
1421 2110 1712 2164 virtutibus
1744 2118 2014 2178 proteste-

442 2221 548 2267 lttl‘,
583 2206 726 2260 sicut
751 2213 803 2259 et
833 2206 946 2273 ipse
969 2207 1097 2260 dicit
1122 2207 1164 2237 ³ο
1204 2226 1214 2260 :
1258 2205 1428 2260 «Oves
1468 2219 1596 2257 meae
1623 2219 1810 2256 vocem
1841 2219 2013 2258 meam

436 2297 684 2351 audiunt.
721 2316 738 2347 ι
781 2297 873 2352 Sic
909 2299 1142 2368 denique
1176 2311 1228 2352 et
1264 2300 1314 2352 in
1341 2300 1506 2352 corde
1551 2297 1700 2350 Pauli
1752 2297 2013 2366 loqueba-

439 2383 558 2452 tur,
609 2390 680 2443 ita
731 2399 790 2444 ut
836 2390 926 2445 ille
956 2391 1208 2444 diceret:
1252 2411 1268 2442 ι
1306 2389 1388 2444 An
1419 2390 1851 2455 experimentum
1898 2389 2015 2458 ejus

439 2485 677 2547 qnzeritis
719 2481 809 2552 qui
855 2483 906 2536 in
951 2496 1038 2537 me
1084 2481 1326 2552 loquitur
1369 2480 1621 2534 Christus
1655 2479 1734 2532 “i
1767 2497 1785 2531 ι
1817 2477 2008 2548 Sequi-

436 2586 524 2628 tur
557 2593 569 2628 :
608 2594 626 2624 ε
665 2573 948 2641 Quomodo
979 2580 1158 2627 autem
1191 2573 1414 2626 audient
1444 2571 1561 2627 sine
1594 2571 1960 2642 praedicante?
1987 2590 2006 2624 ι

434 2665 492 2719 in
520 2666 622 2720 hoc
647 2666 820 2733 magis
851 2679 945 2734 per
967 2663 1373 2733 praedicantium
1403 2676 1708 2717 sermonem
1736 2661 2010 2716 Christum

433 2759 673 2813 ostendit
728 2757 901 2810 audiri
949 2755 1083 2826 (‘28),
1121 2756 1171 2808 in
1205 2756 1432 2824 quibus,
1469 2756 1766 2811 secundum
1792 2770 1856 2810 ea
1890 2771 2012 2825 qttze

435 2867 594 2919 supra
643 2849 916 2909 diximus,
950 2847 1202 2901 Christus
1239 2846 1382 2914 loqui
1412 2855 1467 2900 et
1509 2846 1708 2902 docere
1741 2856 2012 2901 monstra-

437 2952 542 2992 tur.
595 2957 614 2989 ι
645 2937 925 3002 Quomodo
973 2945 1152 2990 autem
1207 2936 1598 3006 praedicabunt,
1648 2937 1750 2992 nisi
1788 2937 2010 2990 mittan-

2119 1827 2350 1894 speciosi
2378 1829 2560 1896 pedes.
2586 1827 2680 1896 qui
2713 1827 2991 1880 ambulant
3023 1845 3117 1898 per
3141 1831 3280 1886 viam
3312 1833 3458 1890 vita'.
3500 1836 3713 1890 Secun-

2119 1918 2247 1970 tlum
2279 1918 2432 1971 illum
2467 1919 2612 1973 enim
2648 1919 2762 1990 (54)
2795 1920 2885 1988 qui
2914 1918 3072 1984 dixit,
3111 1941 3129 1972 ι
3162 1919 3416 1991 Εείῖεωιι
3453 1927 3537 1979 via
3580 1928 3648 1990 ³³,
3679 1947 3702 1981 ι

2121 2009 2359 2081 intellige
2394 2011 2622 2066 decoros
2651 2021 2707 2064 et
2738 2012 3016 2080 speciosus
3064 2016 3560 2084 evangelizautium
3609 2035 3710 2087 pe-

2118 2103 2215 2157 des
2242 2143 2254 2167 ,
2305 2105 2397 2173 qui
2453 2120 2551 2174 per
2589 2104 2745 2160 talem
2776 2106 2915 2158 viam
2951 2105 3062 2175 (55)
3100 2119 3375 2163 merentur
3417 2110 3702 2167 incedere.

2126 2194 2212 2248 Isti
2252 2205 2375 2247 sunt
2419 2195 2582 2262 pedes
2604 2196 2799 2264 quibus
2822 2206 2876 2250 et
2909 2197 3105 2252 Paulus
3131 2201 3441 2256 cucurrisse
3473 2217 3702 2257 cursum

2117 2302 2174 2339 se
2207 2287 2381 2348 dixit,
2415 2298 2470 2340 ct
2495 2289 2572 2340 sic
2601 2277 2830 2342 currere.
2860 2301 2916 2341 ut
2953 2291 3382 2358 comprehendat
3405 2292 3485 2355 ³⁸,
3532 2294 3586 2347 id
3615 2303 3705 2347 est

2120 2379 2274 2446 vigor
2306 2379 2501 2432 anitum
2529 2394 2633 2446 quo
2666 2381 2903 2433 tenditur
2941 2392 2992 2434 ct
3025 2393 3344 2451 properatur
3373 2385 3442 2438 ad
3471 2385 3696 2440 cazlum.

2115 2469 2374 2523 Gratitice
2401 2480 2582 2522 autem
2615 2471 2777 2537 pedes
2803 2471 2936 2526 istos
2961 2487 3080 2526 esse
3112 2473 3358 2527 ﬁrmabis
3383 2473 3523 2544 (56),
3557 2491 3700 2544 quos

2114 2560 2270 2615 Jesus
2297 2561 2580 2628 discipulis
2612 2561 2774 2626 lavat,
2825 2575 2880 2617 et
2907 2563 3072 2618 linteo
3096 2579 3205 2633 quo
3247 2567 3584 2633 przecinctus
3613 2580 3700 2624 est

2117 2653 2280 2721 tergit
2308 2652 2374 2704 ³⁵.
2417 2652 2484 2706 Ει
2525 2653 2774 2721 quamvis
2819 2654 3084 2722 crrporali
3140 2665 3265 2710 tunc
3310 2659 3497 2726 specie
3535 2661 3703 2714 fuerit

2115 2745 2393 2816 impletum
2420 2785 2436 2810 ,
2467 2755 2643 2800 tamen
2673 2746 2840 2817 626
2866 2745 3026 2801 Petro
3059 2748 3158 2800 hoc
3183 2748 3355 2801 solum
3387 2753 3534 2817 quod
3576 2753 3697 2807 fieri

2113 2837 2329 2892 videbat
2377 2838 2688 2908 intelligenti
2729 2835 2863 2908 (57),
2899 2847 2955 2892 et
2989 2839 3143 2908 quasi
3175 2839 3398 2895 honoris
3425 2859 3592 2898 causa
3623 2861 3696 2900 ne

2113 2932 2213 2986 sibi
2246 2945 2410 2986 servo
2435 2932 2603 3000 pedes
2646 2931 2856 2985 lavaret
2897 2930 3156 2986 Dominus
3181 2938 3468 2990 excusanti
3493 2978 3509 3001 ,
3561 2939 3694 2993 audi

437 3033 562 3088 iui?
597 3052 614 3083 ι
653 3029 946 3085 Dillicultas
979 3030 1106 3084 mihi
1153 3031 1398 3096 quaedam
1435 3030 1488 3084 in
1521 3032 1623 3086 hoc
1649 3046 1900 3088 sermone
1931 3033 2009 3086 vi-

2120 3038 2276 3092 quam
2311 3022 2561 3092 profundi
2595 3022 2834 3094 mysterii
2884 3024 3131 3093 proditur
3162 3040 3362 3081 sermo.
3408 3047 3428 3078 ι
3470 3030 3527 3082 Si
3557 3039 3629 3094 te,
3667 3051 3689 3083 ι

433 3129 594 3179 detur
640 3137 958 3192 exsurgere.
1025 3119 1083 3174 Si
1128 3121 1271 3176 enim
1321 3121 1394 3176 ita
1444 3123 1808 3193 intelligamus
1860 3125 2004 3193 quod

433 3227 717 3286 propterea
750 3229 854 3268 non
889 3214 1198 3284 prmdicent,
1247 3216 1371 3283 quia
1408 3229 1510 3268 non
1538 3215 1824 3268 mittuntur
1853 3215 2003 3287 (29);

437 3308 580 3362 nullo
608 3317 786 3360 autem
817 3307 1146 3374 praedicante
1195 3321 1300 3358 non
1355 3304 1606 3368 audient;
1640 3319 1744 3360 non
1778 3307 2004 3362 audien-

436 3408 515 3454 tes
564 3411 692 3452 vero
739 3411 842 3452 non
889 3396 1114 3450 credent
1159 3394 1302 3466 (50);
1357 3411 1459 3450 non
1495 3394 1777 3452 credentes
1826 3407 2003 3453 autem

434 3506 539 3544 non
573 3489 930 3550 invocabttul;
968 3504 1071 3542 non
1105 3487 1416 3542 invocantes
1461 3503 1566 3542 non
1599 3489 1957 3543 salvahuntur
1991 3507 2002 3542 :

427 3579 702 3648 «(eligitur
723 3591 788 3629 ex
823 3577 929 3642 his,
963 3587 1021 3629 ut
1053 3590 1215 3629 causa
1245 3591 1350 3644 qua
1388 3592 1493 3632 non
1528 3588 1654 3632 sunt
1685 3577 1902 3644 salvati,
1933 3577 2001 3630 ad

433 3671 623 3725 vitium
642 3667 760 3741 (5-1)
796 3669 980 3723 redeat
1007 3667 1271 3731 auctoris,
1307 3669 1400 3737 qui
1436 3683 1539 3723 non
1569 3668 1778 3723 miserit
1807 3668 2005 3737 pracdi-

431 3771 639 3816 cantes.
701 3759 806 3815 Sed
841 3761 1012 3828 magis
1055 3760 1121 3814 ad
1171 3760 1318 3814 illum
1353 3773 1472 3824 nos,
1521 3759 1612 3828 qui
1668 3758 1866 3812 rectior
1896 3769 2001 3822 est,

433 3852 799 3923 intelligentia:
829 3853 1100 3906 tramitem
1151 3849 1501 3906 deflectamus
1538 3869 1548 3902 :
1587 3858 1640 3904 et
1668 3847 1809 3918 quod
1842 3848 1998 3910 dixit,

436 3965 452 3996 ι
472 3944 767 4012 Quomodo
799 3943 1185 4013 pmdicabuut,
1217 3942 1318 3995 nisi
1346 3941 1647 4004 mittantur,
1689 3959 1708 3992 ι
1748 3939 1826 3993 sic
1855 3939 2000 3993 acri-

501 4082 545 4112 ²⁸
577 4079 734 4132 Rom.
762 4094 882 4143 vm,
913 4078 1000 4132 l5.
1087 4082 1130 4112 "
1159 4080 1292 4133 Luc.
1331 4095 1382 4143 ιι,
1417 4077 1502 4132 l6.
1579 4045 1804 4130 "Joan.
1847 4091 1900 4140 x,
1927 4074 2011 4128 ‘27.

2125 4078 2136 4105 '
2167 4075 2206 4130 Il
2239 4076 2365 4132 Cor.
2401 4093 2520 4142 xm,
2559 4077 2613 4130 5.
2691 4079 2734 4110 ³¹
2780 4079 2878 4132 lsa.
2928 4095 3022 4146 LII,
3054 4079 3103 4132 7.

1106 4149 1148 4180 ⁸⁸
1174 4147 1329 4203 Joan.
1355 4163 1472 4211 xtu,
1496 4147 1551 4202 5.
1627 4145 1672 4176 ⁸⁸
1697 4145 1979 4209 Joan.xui,
2011 4145 2064 4199 8.

433 4151 474 4183 ⁸³
491 4149 666 4205 lCor.
701 4163 771 4206 ιλ,
799 4147 891 4213 24,
917 4148 1008 4202 9.6.

501 4268 616 4338 (25)
661 4268 784 4320 Mss.
837 4266 1058 4335 quidam
1088 4307 1102 4331 ,
1158 4266 1338 4338 gldeo
1367 4303 1383 4327 ,
1428 4264 1610 4338 inquit
1658 4282 1670 4316 :

433 4354 562 4404 ergo
593 4331 970 4400 invocabuiat,»
1007 4346 1113 4391 etc.
1153 4335 1258 4390 Sed
1282 4349 1382 4389 ms.
1428 4331 1624 4403 Regius
1654 4348 1801 4386 num.
1839 4331 1994 4398 1659,

436 4408 690 4462 Habemus
717 4418 772 4460 et
802 4405 930 4460 editi
957 4415 1016 4458 ut
1042 4407 1093 4458 in
1123 4416 1306 4459 nostro
1335 4414 1501 4458 textu.

489 4478 612 4546 1(26)
652 4476 858 4546 lnquit.
896 4475 1050 4546 Deest
1085 4474 1136 4529 in
1161 4475 1338 4528 editis.

525 4543 615 4616 27⁷)
657 4543 877 4616 ΕἱὶιδᾸιΙ
903 4545 1063 4616 editis
1090 4547 1378 4616 omittitur.

525 4554 615 4616 ‘27)
661 4554 877 4610 biusJu
903 4554 1063 4599 editis
1090 4554 1378 4598 omittitur.

503 4554 828 4688 i28)Editi,
869 4632 888 4664 ι
929 4615 1117 4688 In.th
1147 4614 1320 4688 magis
1363 4611 1768 4688 przedjcantium
1794 4625 1997 4666 sermo-

433 4681 555 4740 nein
586 4686 861 4739 Christum
896 4684 1134 4738 ostendit
1180 4681 1385 4738 audire.
1421 4701 1438 4734 ι
1477 4681 1591 4736 Sed
1626 4696 1816 4736 omnes
1865 4697 1998 4737 mss.

431 4766 485 4810 et
510 4755 762 4808 [tabanus
797 4752 932 4808 utin
960 4762 1127 4808 textu.

489 4823 614 4896 .(29)
656 4821 795 4877 Editi
817 4863 832 4888 ,
875 4842 892 4874 ι
924 4823 1269 4892 intelligimus
1294 4863 1306 4874 .
1337 4862 1350 4876 .
1381 4863 1392 4875 .
1420 4861 1433 4875 .
1462 4821 1586 4888 quia
1636 4835 1740 4875 non
1783 4820 2000 4875 mittan—

427 4905 540 4950 llll‘.
579 4913 596 4942 ³

503 4962 615 5033 (50)
659 4961 781 5015 Non
823 4961 1112 5033 audientes
1145 4978 1260 5014 vero
1291 4962 1659 5033 noncredent.

423 5029 729 5089 stituunlur
753 5047 820 5085 ex
855 5048 955 5086 ms.
984 5031 1154 5096 Regio
1183 5047 1328 5084 num.
1367 5029 1524 5085 1659.

491 5101 619 5173 (Si)
661 5100 753 5155 Sic
805 5112 951 5156 reete
1001 5103 1154 5154 editi.
1211 5100 1345 5173 Mss.
1373 5115 1496 5173 vero
1525 5099 1695 5173 nostri
1729 5113 1922 5173 omnes
1946 5111 2001 5173 et

427 5169 726 5235 Rabanus,
770 5185 1088 5240 perperam,
1127 5189 1145 5221 ς
1178 5171 1242 5223 ad
1278 5170 1508 5240 initium.
1546 5187 1564 5218 ι
1610 5169 1808 5240 Deinde
1841 5171 1996 5233 editi,

428 5263 452 5293 4
489 5243 594 5297 Sed
625 5238 880 5312 magisad
909 5241 1063 5312 illum
1085 5255 1182 5312 nos
1207 5241 1295 5306 qui
1326 5238 1608 5293 rectior-em
1637 5239 2000 5308 intelligentiae

427 5312 704 5366 tramitem
720 5309 994 5373 'eoutiuet,
1035 5309 1399 5363 deflectemus.
1415 5327 1433 5360 δ
1673 5332 1676 5334 ~

501 5379 615 5451 (52)
652 5377 750 5435 Ms.
777 5378 976 5450 Regius
999 5394 1146 5451 num.
1183 5379 1341 5451 1659,
1379 5395 1398 5430 t
1429 5395 1535 5451 nou
1562 5395 2000 5450 possemusprze—

439 5449 650 5528 dicare,
693 5463 804 5504 nec
848 5449 1170 5504 annuntiare
1218 5449 1402 5514 vobis,
1439 5450 1540 5505 nisi
1603 5455 1716 5521 ipse
1763 5466 1858 5504 nos
1887 5453 2009 5504 .mi-e

435 5529 611 5573 sisset.
640 5537 664 5571 ι

505 5587 616 5658 (55)
658 5585 822 5658 Editi,
843 5587 1070 5658 .i_videri
1099 5587 1327 5656 possint,
1359 5599 1564 5658 putem,
1586 5610 1616 5642 ..ι
1635 5598 1750 5645 etc.

500 5653 618 5724 (3t)
657 5653 834 5710 Enim.
879 5655 1035 5709 Deest
1071 5653 1120 5711 ili
1155 5657 1335 5712 editis.

1754 4961 1877 5016 llaec
1919 4976 1998 5016 re-

1724 4262 2007 4329 Quomudo
2040 4268 2081 4322 Ι)

2117 3117 2312 3183 inquit,
2334 3129 2472 3170 «non
2508 3115 2714 3181 lavero,
2738 3131 2842 3170 non
2871 3117 3094 3173 habebis
3117 3127 3326 3188 partem
3359 3137 3570 3176 mecum
3586 3125 3690 3178 ".s

2115 3208 2180 3262 Et
2209 3208 2403 3262 iterum
2443 3207 2602 3262 aliam
2645 3208 2875 3264 similem
2925 3210 3055 3265 huic
3103 3225 3287 3266 vocem
3331 3222 3592 3283 tanquam
3623 3218 3696 3272 de

2115 3297 2343 3352 secretis
2383 3298 2626 3354 scientiae
2671 3301 2879 3369 profert
2930 3302 3204 3358 thesauris
3253 3303 3338 3370 ",
3394 3315 3450 3360 et
3491 3309 3624 3362 dicit
3671 3326 3690 3363 :

2116 3409 2138 3442 ε
2161 3389 2312 3458 Quod
2335 3408 2435 3464 ego
2451 3393 2550 3448 feci
2570 3411 2664 3450 vos
2684 3396 2906 3451 nescitis
2920 3396 3082 3451 modo
3102 3415 3114 3450 :
3140 3398 3324 3452 scietis
3344 3406 3526 3452 autem
3550 3411 3696 3468 post~

2111 3483 2362 3551 modum;
2403 3505 2420 3534 ι
2457 3496 2512 3541 et
2537 3487 2714 3550 addit,
2747 3488 2872 3557 quia
2907 3507 2924 3540 ι
2962 3489 3103 3544 sicut
3135 3505 3234 3562 ego
3277 3491 3544 3548 Dominus
3577 3499 3690 3566 (38)

2109 3582 2164 3628 et
2192 3577 2447 3648 magister
2475 3578 2580 3633 lavi
2610 3581 2774 3648 pedes
2805 3591 3015 3636 vestros
3051 3600 3063 3634 :
3096 3593 3149 3636 et
3180 3599 3276 3638 vos
3307 3585 3541 3642 invicem
3577 3590 3692 3660 (59)

2108 3666 2283 3718 lavate
2312 3663 2480 3733 pedes
2513 3661 2858 3719 alterutrum.
2917 3663 3228 3734 Exemplum
3254 3668 3400 3722 enim
3435 3671 3558 3724 dedi
3595 3687 3692 3724 vo—

2107 3759 2188 3812 bis
2220 3758 2287 3812 ".
2325 3777 2344 3811 ι
2388 3759 2678 3834 Videamus
2727 3776 2855 3833 ergo
2900 3761 3042 3830 quod
3073 3763 3145 3817 sit
3175 3763 3317 3818 istud
3349 3766 3687 3835 exemplum,

2104 3864 2214 3918 quo
2244 3851 2490 3918 magistri
2543 3852 2930 3921 discipulorum
2982 3854 3163 3908 lavare
3205 3854 3449 3930 debeant
3501 3857 3688 3925 pedes,

2106 3949 2200 3993 aut
2233 3939 2300 3996 de
2331 3956 2437 4011 qua
2467 3956 2607 4012 aqua
2641 3943 2717 3997 las
2732 3957 2846 3998 are.
2889 3942 2946 3998 Si
2975 3943 3094 4012 quis
3117 3943 3359 3999 inveniat
3386 3963 3587 4016 aquam
3610 3949 3692 4004 vi-

3206 4080 3249 4112 ³³
3281 4080 3440 4136 Joan.
3487 4098 3599 4150 xrv,
3629 4083 3688 4140 6.

2162 4147 2202 4178 "
2237 4148 2365 4201 ibid.
2403 4148 2456 4200 7.
2546 4148 2590 4179 ³⁸
2624 4147 2754 4202 ibid.
2785 4150 2871 4214 l4,
2913 4150 2997 4206 l5.

2185 4266 2298 4336 (55)
2341 4264 2431 4319 Sic
2484 4281 2615 4321 mss.
2663 4273 2830 4321 nostri
2883 4283 3071 4322 omnes
3119 4275 3176 4322 et.
3223 4269 3375 4322 editi.
3432 4268 3694 4332 Rabanus

2111 4351 2263 4395 ve.o,
2308 4354 2325 4386 ι
2356 4336 2445 4406 qui
2481 4351 2578 4404 per
2601 4337 2902 4406 spiritalem
2928 4340 3090 4399 viam,
3120 4356 3137 4388 ι
3174 4347 3280 4394 etc.
3327 4339 3529 4394 Deinde
3555 4360 3689 4399 mss.

2107 4407 2212 4478 duo
2237 4405 2408 4478 Regii,
2439 4415 2494 4460 et
2515 4405 2664 4470 editi,
2707 4425 2727 4458 ς
2767 4406 3017 4478 lstisunt
3039 4422 3167 4475 ergo
3198 4408 3364 4478 pedes
3391 4411 3689 4478 quibus....

2106 4475 2199 4551 sed
2229 4485 2282 4551 et
2310 4476 2639 4551 siccurrere
2665 4495 2690 4551 ⁸ι
2728 4477 2904 4551 (editi,
2943 4495 2960 4527 ι
2987 4477 3314 4551 cucurrisse)
3353 4475 3690 4551 tit—(compre-

2110 4546 2332 4620 heudat,
2370 4545 2420 4598 id
2447 4555 2564 4609 est,
2591 4547 2783 4620 animae
2817 4546 2969 4620 vigor
3003 4564 3037 4620 ιΔ
3061 4545 3248 4616 (editi,
3286 4545 3690 4620 diariimufquu

2109 4615 2368 4686 tenditur,
2402 4632 2424 4686 ι
2478 4624 2583 4669 etc.
2623 4615 2728 4668 Sed
2757 4630 2860 4669 ins.
2908 4615 3110 4686 Regius
3138 4632 3287 4672 num.
3315 4619 3458 4674 1659
3489 4615 3545 4674 et
3576 4615 3688 4677 lia-

2109 4684 2278 4737 banus
2309 4693 2365 4736 ut
2401 4684 2451 4736 iu
2480 4694 2666 4738 nostro
2693 4694 2864 4739 textu.

2179 4753 2292 4822 (56)
2335 4753 2494 4818 Editi,
2535 4772 2552 4804 ι
2587 4755 2844 4808 Gratilice
2872 4761 3054 4808 autem
3085 4753 3252 4823 pedes
3280 4754 3415 4810 istos
3437 4772 3565 4813 esse
3597 4761 3691 4814 lir-

2108 4824 2297 4895 mavit.
2336 4842 2354 4874 ι
2412 4823 2665 4877 [tabanus
2705 4838 2832 4877 vero
2849 4823 3253 4895 ._tASpeciosos
3295 4836 3481 4880 autem
3517 4835 3688 4895 pedes

2108 4893 2240 4947 iatos
2285 4907 2407 4965 esse
2454 4895 2816 4965 tirmabitur.»
2859 4893 3061 4948 Deinde
3089 4893 3247 4958 editi,
3286 4913 3306 4944 α
3349 4906 3406 4949 et
3435 4893 3687 4965 quamvis

2107 4963 2708 5037 corporaliterspecie,
2743 4983 2760 5013 ι
2792 4973 2900 5017 etc.
2921 5002 2938 5026 ,
2983 4965 3185 5037 omisso
3217 4982 3235 5013 ι
3272 4974 3403 5037 tunc
3426 4963 3499 5029 ,ἰ
3536 4972 3686 5037 quod

2106 5032 2266 5084 etiam
2294 5033 2441 5086 deest
2472 5033 2522 5084 in
2548 5033 2789 5098 pluribus
2825 5047 2978 5096 mss.,
3009 5034 3101 5086 sed
3137 5043 3315 5086 exstat
3349 5035 3408 5088 in
3447 5032 3690 5095 ιιιεξιὶε-

2108 5103 2193 5170 gio
2221 5117 2369 5154 num.
2402 5100 2537 5156 1659
2563 5112 2616 5154 et
2642 5103 2779 5170 apud
2814 5101 3116 5155 Itabanum.

2177 5171 2286 5240 (57)
2329 5170 2456 5225 Mss.
2490 5175 2618 5233 duo,
2650 5186 2955 5239 perperam,
2992 5187 3011 5221 ί
3059 5188 3163 5225 non
3195 5171 3543 5240 inlelligenli.
3583 5193 3604 5227 ι

2178 5241 2290 5311 (58)
2333 5241 2467 5294 Editi
2494 5279 2510 5304 ,
2565 5259 2584 5292 ‹
2616 5251 2874 5311 tanquam
2918 5241 2984 5311 de
3016 5256 3074 5294 se
3119 5241 3394 5295 credentis
3436 5249 3684 5301 scientia

2107 5309 2311 5379 profert
2345 5311 2666 5374 thesaurus,
2703 5329 2720 5362 ι
2779 5309 2923 5380 (Msa
2949 5309 3146 5379 Regius
3186 5326 3334 5363 num.
3389 5313 3580 5370 1659,ι
3614 5321 3683 5372 de

2110 5391 2214 5449 tam
2251 5381 2476 5434 secretis
2518 5381 2758 5434 scientiae
2789 5379 3007 5448 profert
3060 5382 3352 5449 thesauris)
3401 5393 3458 5435 et
3493 5385 3628 5438 dicit
3655 5402 3675 5442 :

2106 5448 2258 5514 Quod
2284 5465 2383 5518 ego
2411 5449 2508 5504 feci
2541 5451 2713 5512 vobis,
2764 5450 2989 5504 nescitis
3029 5452 3224 5513 modo;
3270 5448 3456 5505 scietis
3490 5465 3675 5508 autem

2106 5527 2290 5584 postea
2318 5533 2333 5571 :
2359 5529 2412 5574 et
2439 5519 2621 5582 addit,
2665 5519 2792 5586 quia
2827 5520 2871 5574 si
2898 5533 3000 5588 ego
3027 5519 3306 5574 Dominus.
3343 5538 3362 5572 ι
3395 5521 3496 5576 Ms.
3528 5538 3675 5578 unus

2109 5588 2308 5656 ltegius
2334 5590 2532 5643 omittit
2565 5607 2583 5640 ‹
2616 5592 2739 5658 quia
2774 5607 2793 5640 ι
2820 5599 2947 5644 ante
2977 5605 2996 5638 ι
3027 5589 3192 5644 sicut.
3226 5607 3246 5640 ι

2176 5659 2289 5728 (59)
2332 5658 2578 5713 Invicem.
2621 5661 2778 5713 Deest
2812 5659 2863 5712 in
2886 5658 3067 5713 editis.
