3986 6206
384 357 517 417 11⁸71

1842 350 2162 408 ORIGENIS

3504 348 3652 404 1171

383 482 548 548 mine,
577 479 698 550 quis
729 477 962 534 credidit
1003 476 1208 531 auditui
1260 484 1445 531 nostro
1469 476 1556 530 "‘2
1592 495 1610 528 ι
1639 475 1782 543 quod
1825 475 1956 530 dicit
1986 480 2032 533 A
2060 475 2232 542 quelzn
2264 487 2438 540 neque
2467 485 2765 537 sermones,
2802 485 3030 541 quorum
3061 487 3170 526 non
3197 469 3633 540 audiantur(55l

380 575 566 638 Isaias,
602 587 782 626 rarum
818 571 936 640 quis
964 568 1250 640 signiﬁcat.
1293 568 1446 624 Scire
1477 577 1657 624 tamen
1689 584 1787 623 nos
1814 584 1948 622 cou-

382 664 549 725 venit,
574 662 716 730 quod
743 681 760 712 ι
786 661 1035 714 Domine.
1056 660 1180 730 quis
1200 661 1431 714 credidit
1450 661 1654 714 auditui
1679 661 1903 716 nostro?
1933 679 1950 712 ι

385 754 437 805 in
474 750 712 804 Hebraeis
740 749 1141 819 exemplaribus
1186 750 1409 804 Domine
1463 766 1567 804 non
1614 750 1830 815 habeat,
1861 751 1957 804 sed

387 845 440 894 in
495 841 954 908 interpretatione
1005 840 1360 910 Septuaginta
1413 840 1699 895 Seniorum
1754 843 1825 896 sit
1857 859 1871 895 :
1905 848 1958 893 et

384 931 674 1000 Apostolus
722 930 834 1001 (19)
885 931 984 984 hoc
1036 930 1272 1000 probans
1314 931 1456 1000 quod
1501 933 1638 998 apud
1685 931 1804 983 illos
1848 940 1956 995 est,

387 1021 561 1090 posuit
593 1019 831 1073 Domine.
855 1017 1076 1073 Videtur
1103 1027 1282 1071 tamen
1307 1016 1473 1072 lsaias
1498 1018 1610 1071 haec
1634 1033 1698 1070 ex
1729 1031 1956 1085 persona

388 1108 756 1178 apostolorum
808 1108 1154 1176 prophetare,
1209 1107 1406 1174 quibus
1461 1107 1728 1161 creditum
1780 1108 1960 1160 fuerat

388 1197 789 1266 praedicationis
819 1196 1050 1252 ollicium
1083 1215 1096 1250 :
1124 1206 1178 1250 et
1225 1197 1325 1266 ipsi
1359 1213 1479 1250 cum
1534 1198 1815 1251 raritatem
1841 1213 1960 1251 crc-

389 1291 631 1345 dcutium
684 1289 955 1356 praecipue
1001 1288 1067 1341 de
1108 1287 1304 1357 populo
1352 1286 1513 1341 lsrael
1547 1287 1792 1341 viderent
1822 1286 1958 1357 (ἕο),

389 1383 576 1435 dicunt
609 1383 676 1435 ad
715 1380 1002 1435 Dominum
1039 1397 1053 1434 :
1093 1395 1114 1430 ς
1151 1378 1398 1443 Domine,
1452 1379 1575 1446 quis
1608 1379 1838 1432 credidit
1866 1393 1962 1430 au-

392 1474 529 1525 ditui
563 1483 749 1527 nostro
774 1472 860 1525 "‘i
896 1491 915 1524 ι
953 1473 1092 1527 sicut
1118 1482 1172 1525 et
1198 1471 1326 1525 illud
1354 1486 1419 1524 ex
1455 1485 1687 1539 persona
1722 1471 1958 1538 ipsorum

391 1565 609 1627 dicitur,
663 1564 788 1632 quia
827 1581 845 1614 ι
886 1563 1324 1617 anmintiavimus
1354 1562 1465 1633 (51)
1498 1565 1635 1618 sicut
1672 1579 1806 1632 puer
1838 1573 1962 1618 ante

395 1659 594 1724 ipsum,
626 1657 766 1711 sicut
791 1656 941 1710 radix
973 1655 1023 1708 in
1061 1664 1202 1708 terra
1231 1653 1434 1708 sitienti
1466 1654 1532 1709 ⁸⁸.
1569 1673 1588 1706 ι
1625 1655 1686 1708 Et
1715 1655 1811 1724 ipsi
1839 1663 1963 1708 sunt

394 1747 748 1802 nihilominus
775 1745 867 1813 qui
900 1745 1083 1798 dicunt
1115 1743 1259 1798 velut
1289 1759 1412 1796 cum
1456 1743 1568 1811 ipso
1614 1743 1772 1811 positi
1801 1751 1852 1796 et
1883 1741 1962 1795 vi-

392 1840 581 1891 dentes
609 1853 728 1890 cum
763 1837 814 1888 in
848 1835 1031 1888 habitu
1063 1835 1318 1897 humano,
1352 1834 1474 1901 quia
1509 1851 1528 1884 ‹
1561 1833 1792 1886 vidimus
1817 1848 1964 1893 cum,

393 1937 445 1980 et
482 1942 586 1980 non
620 1925 849 1979 habebat
876 1923 1107 1993 speciem
1143 1938 1316 1992 neque
1340 1924 1587 1977 decorem
1614 1923 1680 1986 ⁸⁷,
1719 1943 1736 1972 ι
1766 1933 1818 1975 ct
1844 1922 1968 1976 reli-

393 2032 521 2086 qua.
563 2017 748 2070 Sedet
779 2015 824 2068 si
861 2015 929 2068 ad
968 2027 1254 2082 personam
1298 2013 1532 2080 ipsorum
1585 1997 1965 2081 prephetai‘um

398 2106 701 2160 referantur
753 2106 865 2158 haec
919 2107 1105 2167 verba,
1153 2103 1306 2170 quasi
1357 2101 1449 2171 qui
1498 2101 1636 2170 apud
1685 2101 1965 2156 Dominum

398 2207 804 2265 conquerantur
831 2197 974 2264 quod
1003 2194 1088 2248 bis
1116 2210 1235 2262 quae
1265 2193 1330 2247 de
1359 2193 1575 2248 Christo
1608 2194 1965 2262 prephetave-

399 2291 528 2353 rint,
565 2303 724 2343 nemo
757 2298 850 2341 aut
887 2283 1174 2342 admodum
1226 2286 1381 2354 pauci
1424 2301 1488 2340 ex
1517 2286 1710 2356 populo
1739 2284 1826 2340 illo
1856 2283 1968 2356 (52)

401 2381 749 2447 crediderint,
807 2395 912 2434 non
968 2379 1243 2433 videbitur
1289 2379 1549 2434 alienum.
1602 2381 1708 2436 Aut
1741 2396 1843 2434 non
1886 2389 1972 2436 est

398 2473 695 2541 putandum
726 2471 848 2539 quia
876 2469 1089 2540 Moyses
1113 2469 1257 2525 dicat
1281 2471 1346 2523 ad
1373 2469 1656 2524 Dominum
1683 2488 1696 2526 :
1725 2470 1968 2535 Domine,

397 2582 557 2619 nemo
581 2566 810 2619 credidit
844 2563 1050 2618 auditui
1087 2563 1250 2617 meo?
1301 2562 1358 2616 Si
1418 2563 1562 2615 enim
1614 2562 1972 2618 credidissent

400 2656 594 2711 litteris
623 2657 776 2720 meis,
808 2656 1162 2710 credidissent
1198 2654 1380 2722 utique
1405 2661 1457 2706 et
1481 2652 1696 2706 Christo
1722 2669 1737 2708 :
1763 2653 1826 2708 de
1852 2652 1970 2722 ipso

399 2748 542 2801 enim
575 2763 676 2815 ego
710 2745 944 2814 scripsi:
986 2765 1002 2796 ι
1041 2744 1180 2812 Ergo
1215 2744 1344 2798 ﬁdes
1384 2759 1449 2798 ex
1487 2743 1708 2810 auditu;
1754 2744 1972 2799 auditus

401 2846 580 2888 autem
615 2850 713 2902 per
735 2833 956 2886 verbum
993 2832 1215 2888 Christi.
1242 2852 1260 2883 ι
1293 2831 1387 2887 llic
1415 2851 1433 2885 ε
1467 2835 1691 2889 verbum
1712 2834 1914 2888 Christi
1946 2853 1964 2887 ι

399 2927 840 2993 praedicationem
892 2926 958 2980 de
986 2925 1212 2980 Christo
1265 2923 1553 2990 signiﬁcat.
1611 2923 1795 2995 Neque
1824 2926 1969 2979 enim

402 3017 474 3069 illi
530 3017 629 3071 soli
684 3016 1029 3070 crediderunt
1071 3016 1163 3084 qui
1211 3017 1435 3072 verbum
1485 3016 1552 3069 ab
1605 3017 1720 3083 ipso
1755 3015 1970 3070 Christo

402 3105 527 3160 Jesu
564 3105 676 3177 (55)
721 3107 950 3160 Domino
1006 3106 1258 3174 loquente
1302 3105 1618 3171 audierunt;
1671 3106 1764 3160 sed
1803 3107 1970 3159 multo

403 3199 582 3267 plures
609 3209 754 3262 sunt,
786 3196 876 3265 qui
911 3196 1033 3250 aliis
1059 3211 1182 3249 eum
1212 3195 1634 3264 praedicantibus
1659 3198 1967 3264 audierunt,

404 3290 546 3341 sicut
570 3298 624 3341 et
647 3287 759 3355 ipse
789 3285 1048 3340 Dominus
1095 3287 1416 3355 praedixerat
1470 3286 1696 3356 loquens
1722 3289 1788 3342 ad
1825 3287 1971 3342 Tho-

405 3395 544 3433 mam
579 3379 625 3412 ⁵⁸
656 3395 670 3431 :
705 3397 724 3429 ι
767 3377 902 3444 Quia
963 3378 1138 3431 vidisti
1185 3393 1290 3443 me,
1330 3398 1348 3430 ι
1385 3379 1576 3448 inquit,
1607 3398 1626 3432 ι
1658 3381 1968 3445 credidisti;

405 3471 547 3525 beati
577 3487 679 3525 non
708 3471 957 3524 videntes
984 3478 1040 3524 et
1085 3470 1374 3526 credentes
1404 3471 1537 3541 (51).
1583 3492 1601 3524 ι
1639 3473 1813 3528 Omne
1841 3489 1973 3542 ergo

404 3566 624 3619 verbum
675 3563 818 3634 quod
849 3561 1104 3632 apostoli,
1135 3572 1192 3617 et
1245 3565 1410 3634 siqui
1462 3565 1552 3619 alii
1587 3565 1654 3619 ab
1715 3565 1832 3634 ipso
1880 3580 1973 3620 ac-

402 3665 556 3726 cepta
617 3658 792 3727 gratia
850 3657 917 3711 de
967 3656 1187 3713 Christo
1239 3659 1690 3726 praedicaverunt,
1748 3660 1970 3713 verbum

404 3748 610 3803 Christi
642 3763 764 3804 esse
796 3747 1132 3817 pronuntiat.
1167 3745 1272 3802 Sed
1305 3757 1356 3803 et
1393 3748 1444 3802 in
1480 3749 1720 3803 Ecclesia
1753 3749 1796 3803 si
1851 3751 1972 3819 quis

405 3843 723 3910 sapientiam
757 3858 877 3909 qua:
925 3858 989 3896 ex
1047 3843 1156 3898 Deo
1205 3851 1309 3907 est,
1363 3850 1417 3896 et
1452 3843 1731 3896 veritatem
1767 3843 1856 3897 Dei
1895 3843 1972 3898 lo-

403 3941 626 4005 quatur,
662 3935 704 3987 si
732 3934 854 4001 quis
890 3934 1027 3986 viam
1061 3933 1175 3997 Dei,
1201 3949 1320 4002 qua:
1348 3933 1598 3990 Christus
1627 3943 1734 3998 est,
1759 3936 1970 4003 doceat,

405 4037 458 4078 et
482 4023 747 4088 justitiam
779 4022 895 4088 ejus
919 4034 1169 4092 exponat,
1203 4025 1324 4080 sine
1351 4025 1516 4080 dubio
1545 4027 1687 4096 quod
1713 4026 1970 4096 loquitur,

403 4115 626 4167 verbum
676 4112 876 4165 Christi
909 4123 1009 4167 est.
1042 4131 1060 4163 ι
1098 4114 1200 4167 Sed
1241 4114 1359 4167 dico
1395 4131 1409 4168 :
1441 4113 1692 4184 Nunquid
1739 4131 1843 4170 non
1877 4133 1974 4170 au-

409 4204 662 4257 dierunt?
691 4201 745 4254 In
778 4215 992 4255 omnem
1022 4211 1222 4256 terram
1257 4203 1424 4256 exivit
1470 4217 1639 4259 sonus
1675 4220 1884 4270 eorum,
1920 4216 1973 4261 et

407 4297 459 4349 in
486 4296 620 4350 ﬁnes
651 4296 802 4349 orbis
833 4305 991 4348 terrae
1019 4294 1183 4347 verba
1209 4309 1420 4350 eorum.
1458 4314 1478 4348 ι
1519 4295 1650 4350 llaec
1670 4298 1736 4351 de
1767 4299 1973 4365 psalmo

407 4400 598 4444 octavo
631 4388 843 4442 decimo
882 4388 1194 4452 assumitur,
1225 4387 1314 4443 ubi
1355 4388 1430 4442 ait
1459 4403 1472 4440 :
1505 4405 1524 4439 ς
1558 4386 1675 4442 Non
1728 4398 1854 4442 sunt
1889 4391 1969 4445 lo-

2062 583 2222 622 voces
2246 581 2454 622 eorum.
2479 564 2534 620 ln
2563 580 2778 619 omnem
2808 578 3008 619 terram
3033 563 3204 618 exivit
3227 577 3396 617 sonus
3420 578 3644 626 eorum,

2061 670 2113 713 et
2145 661 2196 712 in
2235 660 2368 712 lines
2410 659 2558 713 orbis
2599 667 2756 712 terra:
2785 658 2950 711 vcrba
3002 670 3211 710 eorum.
3253 672 3272 705 ι
3306 653 3363 706 1η
3395 667 3511 720 quo
3542 666 3647 720 pro

2064 751 2369 818 linguarum
2413 759 2467 803 et
2496 763 2808 803 sermonum
2852 748 3119 800 varietate
3167 756 3354 816 gentes
3384 745 3508 798 sine
3539 744 3646 796 du-

2062 839 2149 894 bio
2211 837 2587 906 intelliguntur
2645 851 2660 889 :
2727 847 2782 890 et
2811 837 3008 890 dicitur
3068 837 3195 905 quia
3266 833 3646 904 apostolorum

2061 929 2262 985 Christi
2292 930 2344 982 in
2382 943 2592 982 omnem
2627 929 2844 997 quidem
2874 937 3072 982 terram
3104 942 3271 982 sonus
3298 927 3500 980 exierit
3533 944 3548 979 :
3590 925 3644 978 in

2062 1021 2200 1075 ﬁnes
2230 1037 2358 1075 vero
2385 1021 2533 1075 orbis
2563 1030 2725 1073 terra:
2756 1035 2860 1073 non
2887 1034 3078 1081 sonus.
3127 1021 3220 1072 sed
3249 1019 3416 1072 verba
3445 1033 3647 1087 perve-

2063 1112 2263 1165 nerint.
2325 1110 2477 1177 Quod
2511 1111 2580 1164 ita
2631 1111 2853 1180 intelligi
2904 1119 3102 1177 potest.
3141 1111 3269 1179 quia
3308 1127 3328 1160 ι
3364 1119 3575 1163 terram
3617 1127 3640 1160 ι

2063 1201 2346 1270 imperitos
2367 1214 2612 1269 quosque
2639 1209 2693 1252 et
2719 1197 3032 1252 indocibiles
3057 1198 3306 1251 homines
3327 1197 3476 1250 dicat
3498 1195 3640 1267 (56).

2063 1293 2128 1346 ad
2159 1306 2294 1361 quos
2326 1307 2430 1344 non
2458 1291 2643 1353 verba,
2671 1288 2724 1342 in
2773 1289 2970 1357 quibus
3002 1289 3142 1342 ratio
3172 1287 3293 1341 ﬁdei
3325 1288 3652 1341 continetur

2061 1392 2115 1438 et
2142 1384 2448 1451 explanatio
2481 1381 2778 1450 sapientize,
2810 1381 2900 1434 sed
2937 1394 3098 1433 sonus
3129 1379 3249 1433 ﬁdei
3281 1379 3562 1432 communi
3589 1389 3645 1434 ct

2062 1473 2290 1542 simplici
2327 1471 2713 1540 praedicatione
2746 1471 3052 1540 pervenerit
3081 1487 3095 1522 :
3131 1469 3290 1522 ﬁnem
3330 1483 3462 1522 vero
3489 1469 3645 1522 orbis

2065 1573 2338 1618 terrarum
2379 1563 2706 1617 eruditiores
2745 1576 2988 1630 quosque
3037 1569 3091 1614 et
3120 1561 3510 1629 prudentiores
3545 1575 3641 1625 ap-

2065 1653 2363 1725 pellaverit.
2391 1654 2546 1709 Finis
2586 1654 2729 1708 enim
2765 1653 3154 1722 perfectionem
3191 1651 3397 1704 indicat
3431 1665 3642 1704 rerum.

2071 1749 2146 1801 Ad
2178 1749 2278 1803 hos
2302 1763 2430 1816 ergo
2463 1747 2599 1802 tales
2627 1761 2731 1800 non
2775 1761 2964 1800 sonum
3003 1745 3172 1808 vocis,
3207 1745 3302 1796 sed
3334 1742 3448 1812 (57)
3473 1746 3644 1797 verba

2069 1851 2123 1895 et
2155 1841 2424 1893 rationem
2457 1839 2766 1907 pervenisse
2809 1839 3140 1905 pronuntiat,
3176 1835 3265 1904 qui
3323 1836 3514 1902 utique
3545 1850 3644 1886 au-

2069 1933 2276 1987 dientcs
2300 1945 2606 1985 sermonem
2647 1931 2790 1992 ﬁdei,
2825 1929 2987 1982 etiam
3030 1925 3360 1995 perscrutari
3401 1935 3644 1994 possunt

2068 2033 2122 2079 et
2170 2022 2488 2092 perquirere
2539 2019 2852 2087 Scripturas
2909 2017 3140 2079 divinas,
3203 2023 3262 2068 ut
3302 2027 3645 2082 cognoscant

2067 2130 2253 2170 eorum
2286 2113 2597 2176 verborum,
2625 2126 2743 2179 quae
2763 2112 2845 2165 eis
2872 2124 2970 2178 per
3001 2109 3272 2178 apostolos
3310 2110 3644 2162 aununtiata

2069 2215 2214 2268 sunt,
2251 2205 2560 2259 veritatem.
2608 2203 2672 2256 Et
2715 2203 2853 2256 hanc
2894 2217 3016 2257 esse
3066 2202 3116 2255 in
3153 2203 3236 2256 his
3273 2201 3646 2256 differentiam

2069 2298 2249 2352 sciens
2281 2295 2590 2364 Apostolus,
2625 2293 2675 2348 id
2715 2304 2797 2348 est
2829 2293 2882 2348 in
2909 2310 3041 2348 sono
3071 2304 3125 2348 et
3153 2293 3358 2358 verbis,
3402 2294 3648 2361 quodam

2071 2388 2190 2444 loco
2220 2391 2292 2441 ita
2325 2387 2460 2441 dicit
2493 2404 2507 2442 ;
2541 2403 2560 2436 ι
2604 2385 2669 2439 Et
2694 2400 2876 2440 sermo
2905 2400 3079 2450 meus,
3109 2394 3160 2440 et
3187 2384 3504 2454 prmdicatio
3523 2398 3646 2436 mea

2071 2496 2177 2536 non
2211 2480 2311 2534 fuit
2356 2480 2407 2532 in
2440 2478 2706 2532 suasoriis
2747 2476 2861 2546 (58)
2891 2477 3170 2546 sapientiae
3215 2475 3420 2542 verbis,
3456 2475 3549 2529 sed
3587 2475 3648 2528 iu

2067 2567 2380 2621 ostensione
2435 2565 2672 2634 Spiritus
2727 2573 2783 2618 et
2825 2565 3043 2619 virtutis
3065 2567 3143 2626 ";
3182 2583 3200 2617 ι
3237 2575 3294 2619 ut
3325 2565 3644 2618 ostenderet

2069 2657 2298 2712 verbum
2338 2657 2552 2726 quidem
2585 2670 2706 2710 esse
2727 2670 2834 2726 quo
2861 2671 2958 2724 per
2988 2655 3240 2710 virtutem
3281 2655 3521 2725 Spiritus
3549 2672 3644 2710 sa-

2069 2749 2270 2820 pientia
2325 2747 2422 2802 Dei
2472 2746 2703 2802 lucidius
2755 2746 3082 2816 explanatur
3130 2764 3145 2800 :
3201 2747 3644 2815 praedicationem

2070 2855 2198 2895 vero
2255 2841 2396 2894 hanc
2424 2852 2545 2893 esse
2578 2838 2645 2892 de
2671 2852 2775 2906 qua
2831 2837 2962 2892 dicit
3015 2836 3306 2905 Propheta,
3359 2837 3490 2905 quia
3528 2855 3548 2888 r
3587 2837 3648 2890 in

2069 2945 2287 2986 omnem
2319 2939 2520 2982 terram
2543 2928 2711 2983 exivit
2741 2942 2911 2982 sonus
2929 2941 3113 2982 eorum
3141 2925 3188 2956 °°
3216 2943 3229 2979 :
3269 2944 3287 2977 ι
3321 2927 3376 2980 in
3405 2942 3511 2994 qua
3539 2927 3650 2980 sci-

2072 3021 2194 3075 licet
2229 3019 2455 3088 simplex
2501 3018 2840 3072 annuntiatio
2880 3028 2961 3074 est
3005 3017 3113 3089 (59)
3167 3017 3308 3083 ﬁdei,
3345 3028 3399 3071 et
3430 3017 3647 3085 simpli-

1997 3132 2039 3188 ρ
2073 3113 2313 3166 cioribus
2370 3109 2676 3179 quibusque
2729 3108 3022 3166 sulm-iens.
3075 3110 3180 3165 Sed
3232 3121 3288 3164 et
3345 3108 3540 3162 alibi“
3577 3110 3646 3162 de

2075 3204 2370 3272 semetipso
2391 3203 2544 3266 dicit,
2576 3201 2704 3269 quia
2730 3201 2800 3256 sit
2826 3219 2845 3252 ε
2885 3202 3208 3270 praedicator
3237 3212 3290 3256 et
3321 3201 3493 3273 628
3515 3215 3648 3268 apo-

2074 3297 2264 3356 stolus.
2304 3305 2359 3348 et
2420 3293 2680 3363 magister
2729 3293 2990 3362 gentium.
3034 3310 3054 3343 ι
3105 3290 3160 3344 In
3212 3307 3321 3361 quo
3366 3293 3646 3362 apostolus

2073 3387 2291 3456 quidem
2326 3383 2580 3455 generale
2610 3384 2813 3437 indicat
2841 3397 3033 3439 nomen
3062 3383 3248 3444 ofﬁcii,
3292 3383 3383 3451 qui
3409 3397 3515 3435 nou
3549 3397 3646 3435 so-

2075 3478 2181 3532 lum
2211 3477 2487 3548 praedicet,
2513 3475 2605 3530 sed
2633 3486 2683 3528 et
2712 3475 2904 3529 doceat
2933 3493 2946 3529 :
2980 3476 3235 3545 praedicet
3257 3474 3479 3543 quidem
3509 3473 3648 3527 sim-

2074 3570 2265 3638 plicem
2301 3569 2484 3633 ﬁdem,
2510 3577 2572 3620 ut
2624 3565 2731 3621 illis
2760 3566 2957 3636 quibus
2981 3567 3055 3620 ait
3089 3582 3103 3618 :
3138 3585 3156 3618 ι
3194 3565 3340 3620 Nihil
3381 3566 3524 3619 enim
3549 3566 3646 3632 ju-

2073 3663 2245 3718 dicavi
2287 3677 2372 3716 me
2407 3661 2546 3716 scire
2585 3661 2725 3714 inter
2758 3675 2872 3726 vos,
2914 3660 3014 3714 nisi
3045 3659 3232 3714 Jesum
3257 3659 3559 3734 Christum,
3589 3667 3648 3712 et

2074 3757 2218 3812 hunc
2245 3755 2560 3810 cruciﬁxum
2586 3755 2664 3820 “;
2702 3773 2721 3807 ι
2755 3754 2948 3808 doceat
2974 3768 3101 3808 vero
3128 3767 3222 3807 eos
3254 3753 3452 3822 quibus
3503 3753 3650 3808 dico-

2073 3852 2168 3905 bat
2210 3863 2223 3900 :
2278 3867 2297 3899 ι
2348 3847 2681 3915 Sapientiam
2735 3855 2912 3900 autem
2959 3846 3230 3912 loquimur
3287 3845 3428 3898 inter
3462 3845 3646 3912 perfe—

2073 3949 2190 3994 ctos
2223 3938 2290 3992 ⁶³.
2323 3956 2342 3990 ι
2377 3937 2432 3990 1η
2461 3937 2658 4005 quibus
2711 3934 3021 3990 ostenditur
3067 3935 3210 4003 quod
3266 3934 3373 3987 illis
3422 3934 3650 4002 quidem

2074 4044 2264 4085 sonum
2291 4027 2689 4099 praedicationis
2723 4025 2967 4096 protulit,
3013 4024 3097 4078 his
3154 4039 3285 4078 vero
3317 4024 3648 4092 sapientiam

2077 4121 2169 4176 Dei
2218 4135 2317 4190 per
2371 4119 2538 4173 verba
2586 4116 2862 4172 disseruit.
2903 4133 2920 4166 α
2993 4113 3099 4168 Sed
3157 4114 3277 4168 (lico
3321 4131 3336 4167 :
3393 4113 3648 4181 Nunquid

2073 4205 2235 4260 Israel
2269 4222 2371 4261 non
2397 4205 2679 4274 cognovit?
2703 4203 2916 4257 Primus
2941 4203 3149 4274 Moyses
3173 4203 3306 4256 dicit
3359 4217 3372 4252 :
3434 4201 3546 4271 Ego
3572 4203 3646 4256 ad

2071 4296 2471 4352 attnulationem
2500 4313 2594 4352 vos
2625 4296 2887 4352 adducam
2917 4297 2968 4351 in
3007 4313 3108 4350 non
3134 4308 3376 4366 gentem,
3427 4296 3482 4349 in
3513 4312 3648 4364 gen-

2075 4403 2180 4448 tem
2216 4393 2582 4459 insensatam;
2613 4391 2665 4444 in
2697 4392 2838 4444 iram
2870 4406 2964 4445 vos
2992 4390 3244 4444 inducam
3280 4387 3418 4458 (60).
3444 4409 3464 4440 ι
3495 4389 3651 4443 Vide-

478 4552 526 4584 “
562 4553 662 4607 lsa.
697 4552 885 4613 LmJ;
919 4551 1075 4605 Rom.
1113 4566 1168 4614 x,
1207 4548 1294 4603 l6.
1367 4549 1413 4582 "
1454 4548 1608 4606 Joan.
1656 4565 1755 4612 xu,
1799 4550 1887 4605 38.
1965 4552 2011 4583 ⁸⁸
2039 4551 2141 4606 lsa.
2189 4568 2306 4615 LIII,
2334 4553 2390 4604 2.
2465 4551 2509 4583 ⁸⁷
2557 4550 2686 4605 ibid.
2760 4551 2807 4582 ⁸⁸
2845 4549 2998 4606 Joan.
3048 4565 3142 4609 xx.
3181 4550 3273 4604 ‘29.
3350 4549 3397 4582 ⁸³
3448 4551 3470 4603 1
3515 4548 3650 4606 Cor.

411 4638 474 4687 tt,
503 4621 557 4676 4.
636 4620 682 4652 ⁸⁸
710 4621 855 4676 Psal.
889 4636 1041 4688 xvut,
1075 4620 1130 4676 5.
1207 4620 1251 4651 "
1281 4619 1322 4673 ll
1365 4618 1506 4674 'l'im.
1539 4635 1578 4685 ι,
1609 4620 1698 4674 ll.

1773 4621 1818 4651 ⁶²
1853 4619 2019 4677 lCor.
2051 4638 2108 4687 ιι,
2139 4623 2226 4677 22.

2305 4622 2350 4654 ”
2390 4621 2518 4676 ibid.
2563 4622 2615 4675 6.

481 4763 595 4833 (19)
629 4764 791 4823 Editi.
823 4783 842 4815 r
880 4764 1125 4833 Domino,
1147 4777 1252 4817 non
1290 4763 1540 4827 habetur,
1587 4763 1678 4816 sed
1708 4761 1856 4830 iuxta
1888 4762 1974 4816 in-
2006 4769 2054 4826 ο
2082 4763 2276 4833 habent
2309 4782 2346 4833 r
2372 4762 2646 4833 apostolus
2679 4780 2698 4814 ›
2736 4776 2833 4830 pro
2867 4779 2886 4811 ‹
2923 4761 3166 4833 apostoli.
3205 4781 3223 4809 ι

409 4831 849 4901 ωτβγθῑεδιὶοηθιη
894 4831 1033 4886 LXX
1065 4834 1351 4887 Seniorum
1376 4848 1391 4886 :
1419 4835 1498 4888 sic
1527 4843 1580 4888 et
1608 4833 1916 4899 Apostolus,
1953 4851 1972 4884 ι

407 4913 516 4956 etc.
550 4903 655 4957 Sed
690 4917 878 4957 omnes
907 4918 1038 4957 mss.
1064 4912 1112 4954 et
1144 4901 1396 4956 Rabanus
1425 4913 1481 4956 ut
1511 4905 1562 4956 in
1595 4913 1781 4956 nostro
1811 4911 1981 4963 textu,

410 4973 517 5026 nisi
552 4975 694 5040 quod
749 4972 888 5026 alius
924 4972 1119 5042 habeat
1182 4989 1199 5020 ι
1254 4988 1316 5024 ex
1364 4973 1830 5042 interpretatione,
1869 4989 1888 5022 ›
1931 4980 1988 5025 et

409 5042 499 5094 alii
533 5041 791 5096 omittant
824 5040 1148 5110 particulam
1189 5058 1206 5091 ε
1239 5043 1292 5094 iit
1329 5061 1347 5094 ι
1378 5042 1458 5096 vel
1493 5040 1518 5094 ἱ
1548 5057 1636 5096 ex.
1675 5059 1694 5093 ι

483 5111 598 5176 (50)
646 5109 866 5170 ΕιΙὶιίμι
907 5111 1108 5166 vident.
1153 5129 1171 5161 ι

484 5180 601 5246 (51)
636 5179 773 5232 Editi
807 5180 1067 5246 plerique,
1106 5197 1124 5230 ι
1165 5195 1230 5234 ex
1262 5193 1488 5247 persona
1520 5178 1729 5233 illorum
1757 5179 1984 5245 dicitur;

413 5249 505 5318 qui
539 5269 556 5298 ι
593 5249 712 5316 (al.,
745 5267 765 5298 r
808 5251 953 5316 quia)
983 5251 1388 5313 annuntiamus,
1432 5267 1450 5300 ι
1475 5258 1580 5302 etc.

486 5317 600 5385 (52)
639 5321 798 5372 Deest
831 5337 850 5370 ε
887 5319 980 5372 illo
1017 5336 1037 5370 ι
1072 5321 1122 5373 in
1150 5319 1303 5372 libris
1328 5329 1482 5371 antea
1516 5318 1695 5372 editis.

433 5454 443 5465 _
481 5389 591 5457 (55)
619 5388 823 5444 Christo
849 5390 992 5443 Iesu.
1029 5389 1153 5442 "th
1180 5389 1342 5443 verba
1369 5388 1747 5444 desiderantur
1780 5385 1832 5440 in
1863 5385 1982 5442 edi-

409 5463 475 5508 tis

486 5527 607 5602 (54)
627 5530 719 5602 Sic
750 5545 882 5585 mss.
905 5537 960 5584 et
991 5527 1270 5602 Rabanus.
1317 5527 1636 5602 Ed_iti_vero,
1669 5544 1688 5578 ε
1723 5529 1864 5602 beati
1891 5527 1981 5599 qui

422 5596 529 5651 non
561 5596 813 5671 videt-out
843 5610 897 5671 et
929 5598 1290 5671 crediderunt.
1330 5617 1348 5648 ι
1380 5596 1581 5651 Deinde
1629 5613 1730 5652 ms.
1782 5596 1985 5671 Regius

425 5682 574 5719 num.
605 5665 744 5739 [6'59
775 5676 835 5739 et_
854 5667 1132 5739 “abantis,
1176 5684 1194 5715 ι
1235 5669 1406 5739 Quint:
1433 5683 1561 5739 ergo
1588 5671 1810 5724 verbum
1841 5665 1984 5739 q'uod

423 5733 672 5802 apostoli,
697 5743 752 5787 et
791 5734 836 5787 si
867 5734 980 5800 qui,
1035 5751 1053 5784 ι
1108 5742 1214 5788 etc.
1249 5735 1355 5788 Sed
1387 5733 1562 5792 caueri
1610 5755 1741 5794 mss.
1773 5750 1827 5797 et
1854 5733 1984 5795 editi

2153 4832 2264 4901 (55)
2307 4832 2402 4888 Ms.
2451 4832 2652 4903 Regius
2697 4848 2847 4888 num.
2897 4831 3050 4893 1659,
3092 4850 3110 4882 ι
3165 4831 3361 4902 quibus
3403 4845 3514 4890 non
3553 4846 3656 4888 au-

2079 4902 2316 4956 diantur.
2351 4922 2370 4954 r
2399 4911 2504 4956 etc.

2119 4911 2316 4964 iantnr,
2351 4922 2370 4954 ι
2399 4911 2504 4956 etc.

2151 4971 2264 5042 (56)
2299 4971 2396 5026 Ms.
2425 4984 2562 5025 unus
2603 4969 2804 5042 Regius
2827 4971 3323 5026 nttm.1639habct
3353 4990 3372 5021 ι
3409 4971 3652 5026 indicata

2081 5042 2481 5114 proutmdicat.)

2149 5111 2266 5236 357)
2301 5111 2396 5166 Ms.
2427 5110 2626 5194 Regius
2653 5127 2804 5194 pum.
2840 5110 2999 5171 1659.
3038 5129 3057 5160 ε
3096 5127 3200 5166 non
3245 5111 3420 5164 solum
3457 5126 3650 5193 voces,

2186 5223 2200 5236 .
2243 5201 2262 5234 ι
2297 5192 2401 5234 etc.
2438 5180 2639 5234 Deinde
2662 5182 2800 5236 idem
2836 5197 2938 5234 ms.
2968 5191 3022 5233 et
3048 5179 3326 5236 Rabanus.
3359 5199 3379 5232 ι
3413 5197 3504 5236 our
3540 5193 3650 5233 utt-

2085 5179 2200 5245 sed,
2243 5179 2262 5234 r
2297 5192 2401 5234 etc.
2438 5179 2639 5234 Deinde
2662 5182 2800 5236 idem
2836 5197 2938 5234 ms.
2968 5191 3022 5233 et
3048 5179 3326 5246 Rabanus,
3359 5199 3379 5232 ι
3413 5183 3504 5250 qui
3540 5182 3650 5233 uti-

2085 5267 2210 5321 que.
2248 5250 2497 5321 rga-teri
2547 5265 2676 5304 vero
2704 5265 2830 5304 mss.
2872 5259 2927 5304 et
2969 5250 3121 5312 editi.
3155 5269 3176 5321 ς
3208 5251 3330 5317 quia
3365 5253 3575 5316 utique.
3623 5269 3643 5298 ι

2150 5320 2263 5389 (58)
2287 5319 2447 5389 Editi,
2479 5338 2498 5370 ι
2536 5334 2639 5374 non
2667 5329 2790 5375 sunt
2835 5321 2887 5372 in
2938 5320 3215 5389 suasoriis,
3252 5339 3268 5370 ι
3300 5329 3406 5374 etc.
3445 5321 3648 5372 Deinde

2077 5388 2180 5446 ms.
2211 5388 2349 5443 unus
2382 5388 2584 5458 Regius
2617 5405 2762 5444 num.
2796 5390 2930 5444 1659
2961 5388 3104 5442 addit
3136 5407 3155 5439 α
3191 5391 3442 5443 humana:
3471 5408 3491 5441 ι
3518 5399 3647 5440 ante

2081 5478 2102 5512 σ
2133 5459 2439 5529 sapientiae;
2476 5477 2494 5508 ι
2522 5461 2613 5514 sed
2645 5475 2744 5513 vox
2772 5477 2791 5512 ι
2829 5459 3076 5529 humanae
3108 5478 3126 5510 ι
3160 5460 3309 5512 deest
3335 5461 3387 5512 iu
3421 5459 3646 5526 reliquis

2080 5528 2208 5584 mssj
2245 5543 2450 5581 necnon
2482 5529 2534 5581 in
2565 5529 2739 5583 editis.
2766 5538 2820 5581 et
2843 5529 2982 5584 apud
3012 5528 3314 5582 Dabanum.

2141 5593 2252 5662 (59)
2285 5593 2398 5646 Est.
2428 5593 2705 5646 Omittitur
2734 5594 2788 5646 in
2819 5593 2998 5648 editis.
3033 5593 3308 5654 Rabanus,
3346 5610 3365 5642 ι
3402 5593 3493 5645 sit.
3537 5609 3556 5642 ι

2144 5663 2254 5732 (60)
2283 5663 2447 5722 Editi.
2481 5681 2500 5712 ‹
2551 5663 2917 5732 insipientem,
2955 5664 3010 5720 in
3049 5665 3180 5718 irant
3216 5676 3313 5718 vos
3353 5662 3593 5728 mittam,
3625 5678 3647 5712 ι

2073 5736 2166 5791 sed
2195 5749 2385 5789 omnes
2411 5749 2539 5788 mss.
2571 5744 2629 5788 ut
2654 5735 2706 5789 in
2741 5743 2910 5790 textu.
