3914 6352
113 291 305 346 1175

1155 289 1508 347 COMMENT.
1545 284 1608 341 IN
1644 286 1869 345 EPIST.
1909 291 1998 345 AI)
2039 290 2204 345 ROM.
2248 290 2372 344 LIB.
2422 289 2553 343 VIII.

3340 297 3496 354 “Tir

118 423 234 464 tur
267 427 355 465 ea
394 427 554 481 qua
576 416 827 483 superius
859 414 1018 478 dixit,
1052 414 1118 469 de
1169 416 1420 482 gentibus
1449 412 1796 482 prolocutus;
1831 419 1876 477 Α
1906 414 2028 478 bus,
2052 428 2196 467 nunc
2235 414 2300 468 de
2330 413 2492 467 Israel
2544 412 2727 466 facere
2774 425 3102 478 sermonem,
3150 429 3250 470 nec
3298 425 3478 472 tamen

117 518 311 554 iztitic
354 488 550 567 vero,
584 514 641 556 ut
672 506 773 559 sibi
809 506 975 559 moris
1008 514 1112 570 est,
1152 506 1317 560 etiam
1359 506 1426 558 de
1460 504 1624 559 Israel
1674 504 1803 559 sub-

114 592 420 662 jtmgere
456 612 474 648 :
514 597 710 649 et'vuIt
739 597 881 664 quod
912 597 1301 653 inexcusabilis
1341 598 1415 651 sit
1448 595 1611 651 Israel
1647 599 1803 653 testi-

124 687 259 739 bus
298 687 566 741 idoneis
597 689 970 757 comprobare.
1005 689 1144 756 Ipse,
1199 689 1395 758 inquit,
1426 689 1636 759 Moyses
1672 689 1805 744 dicit

128 791 215 828 ex
261 791 556 843 persona
594 780 685 833 Dei
718 796 731 832 :
764 798 782 832 ι
818 780 929 849 Ego
959 782 1024 835 ad
1072 783 1474 836 aemulationem
1504 796 1603 835 vos
1633 780 1805 835 addu-

127 864 289 922 czhu
334 869 404 921 in
464 885 583 925 nan
631 883 881 941 gentem:
920 892 938 924 ι
974 875 1040 929 de
1084 875 1411 928 Christianis
1462 877 1582 931 sine
1641 874 1803 928 dubio

139 957 418 1027 dicens,
459 961 620 1026 quia
668 961 775 1016 Deo
803 963 869 1015 ad
918 963 1321 1019 aemulationem
1375 965 1573 1033 prioris
1619 963 1801 1033 populi

130 1046 491 1103 increduli
527 1060 582 1105 et
629 1052 1021 1119 contemptoris
1079 1054 1339 1122 assumpti
1376 1063 1522 1108 sunt.
1585 1054 1692 1107 Sed
1727 1053 1805 1108 vi-

138 1141 383 1196 deatur
420 1142 701 1199 fortassis
729 1153 942 1210 gentem
973 1159 1002 1197 a
1034 1143 1144 1200 Deo
1173 1144 1295 1201 ﬁdei
1330 1146 1524 1199 merito
1553 1155 1608 1199 et
1636 1145 1802 1198 devo-

142 1233 354 1289 tionis
391 1235 649 1291 electam
686 1235 896 1305 Moyses
929 1235 1243 1302 injuriosius
1275 1235 1655 1302 compellasse,
1681 1252 1804 1288 cum

152 1324 349 1387 dicit,
393 1343 418 1377 ι
478 1324 534 1379 lu
596 1341 699 1379 non
728 1337 967 1396 gentem,
1003 1345 1021 1376 ι
1070 1336 1126 1381 et
1158 1326 1267 1395 (6|)
1306 1325 1375 1379 ita
1401 1324 1555 1379 nihili
1586 1325 1802 1386 ducere,

156 1427 232 1471 ut
273 1432 396 1476 nec
432 1428 654 1485 gentem
684 1432 804 1472 eam
843 1417 1115 1487 appellare
1160 1419 1443 1486 dignetur;
1483 1425 1576 1470 aut
1619 1416 1661 1469 si
1712 1430 1807 1482 ap-

160 1507 392 1577 pellet,
430 1509 782 1577 insipientem
810 1508 920 1579 (62)
956 1510 1264 1563 nominare.
1301 1508 1406 1562 Sed
1438 1524 1544 1561 non
1587 1517 1668 1560 est
1725 1508 1807 1559 iu-

161 1600 464 1669 juriosus
515 1601 748 1672 Moyses,
798 1612 986 1670 utpote
1034 1601 1243 1656 amicus
1280 1601 1396 1662 Dei,
1429 1615 1558 1669 erga
1604 1600 1808 1654 electus

170 1692 319 1760 eius
365 1710 383 1745 :
440 1709 538 1747 nec
566 1693 897 1747 contumelia
935 1693 1212 1749 videbitur
1252 1694 1303 1746 itt
1334 1708 1604 1754 sermone,
1639 1692 1681 1745 si
1714 1706 1806 1743 ra-

1905 505 2183 559 evidcuter
2212 514 2265 558 et
2294 506 2468 575 palam
2506 503 2941 559 immutationem
2976 505 3256 561 declarare
3290 524 3482 577 persti-

1907 611 1989 648 nze
2020 594 2129 667 (68)
2154 604 2167 649 ;
2195 597 2267 649 ita
2300 607 2354 651 et
2387 596 2555 651 Isaias
2580 598 2630 650 in
2671 597 2755 650 his
2788 596 3130 650 sermonibus
3155 598 3315 663 facit,
3344 616 3481 667 quos

1908 689 1972 740 ad
1999 688 2304 757 exeiuplum
2330 690 2619 756 Apostolus
2654 689 2910 759 protulit;
2951 698 3004 743 ct
3030 692 3235 759 primas
3264 692 3478 759 quidem

1906 787 2110 848 partes,
2149 780 2198 832 id
2253 790 2356 843 est,
2398 798 2417 831 ι
2456 784 2709 835 inventus
2738 798 2856 834 sum
2906 797 2935 834 a
2972 797 3075 835 non
3114 785 3486 851 qumreutibus

1908 885 2025 934 me;
2065 870 2241 939 palam
2276 872 2499 940 apparui
2543 871 2686 923 inter
2723 872 2841 925 illos
2901 872 2992 939 qui
3036 888 3140 926 non
3183 873 3485 943 interroga-

1910 959 2040 1014 bant
2074 978 2179 1022 me,
2225 981 2243 1013 ι
2273 963 2389 1015 sine
2416 961 2576 1017 dubio
2602 964 2668 1016 de
2696 965 2954 1032 gentibus
2981 965 3111 1018 dicit
3142 983 3157 1020 ;
3196 978 3252 1020 et
3279 966 3366 1020 ubi
3397 968 3485 1020 ille

1908 1064 2194 1118 personant
2248 1052 2483 1107 latenter
2512 1055 2782 1116 immutat,
2835 1055 3123 1123 Apostolus
3178 1058 3483 1113 evidentem

1909 1140 2311 1197 distinctionem
2338 1145 2684 1199 sermonibus
2708 1148 2820 1201 suis
2857 1148 2998 1202 dedit
3038 1147 3090 1201 in
3114 1163 3178 1203 eo
3210 1151 3352 1217 quod
3386 1154 3486 1203 ad-

1910 1233 2043 1285 didit
2074 1252 2087 1286 :
2125 1253 2140 1283 ι
2177 1235 2253 1286 Ad
2289 1235 2449 1288 Israel
2475 1248 2654 1291 autem
2684 1238 2815 1305 qttid
2862 1238 3024 1291 dicit?
3066 1257 3084 1289 ι
3119 1250 3170 1292 et
3204 1242 3483 1306 superiora

1909 1322 2123 1389 quidem
2158 1326 2223 1374 ad
2248 1337 2469 1393 gentes;
2513 1327 2795 1394 sequentia
2831 1342 2957 1380 vero
2980 1331 3201 1395 exponit
3233 1332 3296 1382 ad
3323 1332 3479 1383 Israel

1909 1428 2028 1469 esse
2085 1414 2384 1480 referenda,
2421 1417 2473 1469 in
2510 1419 2707 1488 quibus
2736 1420 2853 1471 ait:
2892 1437 2906 1469 ι
2940 1418 3071 1472 'I‘ota
3116 1421 3199 1473 die
3253 1422 3483 1490 expaudi

1911 1520 2104 1558 manus
2139 1521 2288 1561 meas
2308 1509 2375 1561 ad
2408 1509 2659 1575 pupulum
2688 1526 2794 1563 nou
2815 1514 3144 1572 credentem,
3174 1520 3231 1564 et
3271 1522 3487 1565 contra-

1911 1596 2199 1648 dici'ntetn.
2249 1615 2268 1648 ›
2313 1598 2417 1651 Sed
2448 1600 2625 1668 primo
2669 1599 2910 1653 omnium
2940 1606 3081 1668 quod
3113 1604 3218 1665 ait,
3259 1623 3276 1654 ι
3322 1604 3487 1657 Isaias

1910 1688 2073 1741 audet
2118 1695 2173 1739 ct
2208 1687 2364 1748 dicit,
2408 1704 2426 1738 ι
2484 1688 2761 1743 videmnus
2796 1692 2923 1757 quid
2980 1693 3198 1756 audeat,
3250 1693 3329 1745 vel
3366 1710 3487 1762 qua:

180 1756 275 1839 tio
335 1785 624 1839 sermonis
670 1794 947 1852 appareat.
1016 1783 1360 1853 Uuaaneque
1409 1799 1572 1851 gens,
1651 1782 1801 1836 verbi
1838 1756 1879 1813 Β
1910 1779 1996 1832 hic
2032 1779 2313 1847 prophetzc
2347 1780 2605 1835 doceatur
2630 1782 2877 1833 audacia.
2907 1781 2964 1835 Si
3002 1784 3342 1838 intendamus
3374 1785 3484 1852 (69)

178 1890 410 1939 causa,
444 1875 847 1946 Egyptiurum,
873 1886 967 1928 aut
994 1876 1277 1945 Syrorum,
1304 1884 1395 1927 aut
1419 1872 1800 1937 Moabitarum,

183 1983 302 2036 pro
338 1983 415 2022 eo
443 1970 587 2037 quod
614 1968 848 2036 propriis
884 1967 1152 2032 terminis,
1183 1975 1235 2020 et
1261 1966 1467 2035 lingua,
1503 1975 1557 2018 et
1589 1965 1803 2028 habitu,

184 2070 250 2112 et
312 2058 569 2113 moribus
614 2068 784 2127 atque
831 2056 1096 2112 institutis
1144 2056 1502 2121 discernitur,
1533 2071 1668 2126 gens
1715 2055 1801 2108 illa

193 2152 291 2204 vel
351 2151 447 2204 illa
496 2150 849 2220 appellatur:
886 2159 942 2203 et
995 2165 1170 2219 neque
1223 2149 1367 2221 Syri,
1415 2148 1654 2220 Egyptii
1704 2148 1807 2202 ali-

194 2240 443 2307 quando
492 2242 747 2294 dicuutur
779 2258 793 2293 :
827 2255 1003 2308 neque
1048 2238 1319 2304 Iloabitw,
1356 2240 1570 2294 Iduunei
1620 2239 1806 2308 appel-

199 2331 442 2396 lantur;
492 2340 586 2384 aut
628 2333 839 2387 Arabes
895 2331 1113 2403 Scytha:
1154 2334 1291 2404 (ϋὸ).
1323 2334 1617 2388 Christiani
1676 2348 1804 2388 vero

204 2439 324 2477 non
364 2432 452 2476 est
486 2437 591 2477 tina
648 2437 801 2492 gens,
840 2428 935 2479 sed
967 2441 1033 2478 ex
1079 2425 1336 2478 omnibus
1381 2424 1634 2494 gentibus
1665 2440 1806 2480 unus

208 2515 456 2583 pOIIUIlIS
494 2532 509 2571 :
540 2526 593 2570 et
628 2517 749 2569 ideo
780 2515 990 2586 Moyses
1026 2531 1124 2586 pro
1157 2531 1375 2570 summo
1409 2516 1617 2571 honore
1645 2534 1664 2567 ι
1697 2532 1802 2571 ιιοιι

207 2617 438 2671 gentem
475 2626 494 2658 ι
531 2622 650 2661 eam
686 2610 1008 2673 nominavit,
1054 2609 1179 2677 quia
1214 2625 1317 2664 non
1345 2619 1468 2663 erat
1514 2625 1616 2663 una
1647 2624 1801 2679 gens,

209 2694 338 2756 sed,
373 2696 418 2748 si
461 2699 534 2749 ita
579 2698 684 2749 dici
715 2708 912 2765 potest,
946 2700 1190 2752 onmium
1222 2699 1466 2768 gentium
1502 2714 1633 2767 gens
1665 2699 1802 2768 (61).

216 2782 425 2837 Verum
459 2785 673 2837 excludi
708 2787 1015 2840 videbimur
1040 2790 1092 2841 in
1124 2789 1206 2841 his
1228 2804 1348 2855 qua:
1373 2790 1802 2857 subsequuntur,

215 2874 315 2927 ubi
352 2871 484 2923 dicit
522 2889 536 2925 :
580 2890 597 2921 ι
637 2871 689 2925 In
716 2884 932 2943 gentem
967 2876 1319 2941 incusatum,
1350 2877 1402 2930 iu
1433 2879 1568 2931 iram
1596 2894 1688 2932 vos
1725 2880 1804 2930 iu-

214 2968 413 3018 ilucam
448 2983 462 3019 :
504 2984 522 3015 ι
552 2967 692 3033 quod
729 2975 782 3022 et
817 2979 1030 3033 gentem
1071 2984 1214 3032 eam,
1243 2979 1295 3022 et
1326 2970 1669 3038 insipientem
1708 2988 1804 3025 no-~

28 2462 71 2497 tt‘

216 3055 535 3109 iniuaverit.
576 3057 772 3111 Verum
817 3074 886 3112 ne
923 3058 974 3112 in
1018 3059 1120 3115 hoc
1168 3061 1389 3129 quidem
1437 3061 1678 3117 farinulus
1711 3064 1800 3116 Ι)ιοὶ
1832 3096 1874 3151 C

215 3146 437 3218 Moyses
468 3149 854 3203 contumelam
886 3148 1015 3203 fatit
1050 3151 1241 3222 papnlo
1265 3151 1388 3219 Dei;
1414 3153 1507 3207 sed
1539 3154 1804 3221 praevide-

218 3240 316 3291 bat
348 3241 400 3292 in
438 3240 632 3308 spiritu
663 3241 918 3308 quoniam
952 3242 998 3295 si
1031 3244 1152 3311 quis
1192 3243 1299 3297 vult
1345 3245 1568 3312 sapiens
1596 3258 1716 3299 csse
1748 3245 1801 3298 iu

219 3333 327 3386 hoc
378 3336 600 3395 mundo,
658 3334 922 3401 insipiens
968 3335 1084 3388 ﬁeri
1144 3335 1323 3399 debet,
1361 3346 1419 3389 ut
1469 3337 1540 3389 sit
1584 3337 1804 3405 sapiens

218 3426 366 3491 apud
401 3424 566 3476 Deum
598 3424 679 3490 ⁶⁸;
712 3434 764 3478 et
797 3444 813 3475 ι
848 3428 976 3493 quia
1006 3443 1113 3479 non
1149 3428 1399 3494 cognovit
1448 3429 1679 3482 mundus
1707 3443 1803 3496 per

218 3516 549 3582 sapientiam
582 3515 781 3578 Deum,
823 3517 1024 3588 plaCuit
1063 3517 1170 3571 Deo
1203 3533 1297 3586 per
1327 3519 1615 3573 stultitiam
1662 3535 1803 3587 prae-

221 3610 520 3664 dicationis
546 3608 731 3664 salvos
757 3608 938 3664 facere
966 3612 1251 3665 credentes
1279 3612 1323 3642 “‘
1361 3631 1373 3665 :
1414 3631 1433 3664 ι
1469 3624 1523 3667 et
1552 3614 1676 3682 quia
1708 3629 1806 3682 per

222 3701 671 3770 praedicationem
696 3703 874 3757 crucis
908 3702 1136 3768 Christi,
1157 3718 1278 3773 quae
1304 3713 1390 3758 est
1414 3704 1642 3758 stultitia
1668 3720 1803 3775 gen-

223 3795 369 3846 tibus
387 3792 457 3856 “,
478 3793 895 3863 congrrgabitur
921 3793 1148 3863 populus
1169 3795 1257 3860 qui
1287 3795 1379 3848 Iiat
1402 3795 1452 3849 in
1478 3796 1581 3851 hoc
1606 3796 1806 3850 mundo

220 3886 448 3948 stultus,
493 3895 557 3939 ut
595 3884 666 3939 sit
695 3887 911 3955 sapiens
947 3889 1086 3953 apud
1124 3887 1310 3941 Deum.
1357 3887 1674 3943 Irascuntur
1712 3904 1806 3944 er-

220 3995 291 4043 go
323 3978 436 4048 (65)
467 3977 634 4033 Judaei
663 3981 805 4049 quod
840 3981 972 4048 ipsis
996 3982 1384 4035 excusantibus
1420 3990 1476 4036 et
1513 3981 1804 4039 refutanti-

220 4072 345 4131 bus,
380 4072 447 4123 ad
480 4072 787 4125 convivium
814 4074 955 4141 regis
987 4072 1224 4125 invitat-1:
1252 4084 1379 4127 sunt
1426 4084 1637 4140 gentes,
1688 4090 1795 4128 non

217 4164 551 4233 aspicientes
597 4165 664 4218 ad
713 4178 774 4217 ea
830 4179 951 4233 qua:
1011 4164 1210 4217 dudum
1259 4164 1325 4217 de
1382 4166 1485 4218 hoc
1542 4166 1801 4235 mysterio

225 4275 241 4306 ι
285 4254 455 4310 Isaias
507 4254 670 4309 audet
716 4263 774 4309 et
815 4256 947 4309 dicit
983 4272 995 4307 :
1025 4254 1280 4309 Inventus
1325 4271 1446 4311 sum
1477 4254 1592 4325 (66)
1626 4269 1656 4307 a
1692 4271 1797 4310 non

218 4346 590 4411 quaerentibus
613 4360 728 4400 me:
755 4346 929 4415 palam
953 4344 1176 4413 apparui
1196 4345 1337 4399 inter
1352 4360 1446 4399 eos
1468 4345 1559 4414 qui
1585 4343 1797 4414 me(67)

1906 1869 2089 1924 verbis
2122 1870 2261 1923 beati
2289 1870 2550 1940 Stephani
2577 1874 2806 1927 dicentis
2833 1876 2906 1927 67:
2949 1893 2965 1923 ι
3000 1876 3166 1941 Quem
3193 1877 3335 1930 enim
3361 1895 3486 1947 pro-

1905 1960 2192 2027 phetarum
2229 1976 2334 2016 non
2380 1967 2648 2031 persecuti
2682 1976 2806 2018 sunt
2844 1977 3025 2035 patres
3060 1967 3248 2034 vestri,
3276 1970 3362 2036 qui
3387 1985 3485 2021 an-

1907 2050 2233 2106 nuntiabant
2271 2052 2338 2106 de
2369 2054 2604 2107 adventu
2639 2052 2811 2109 Iusti?
2850 2075 2871 2106 ι
2911 2067 3036 2111 tunc
3084 2056 3235 2112 Isaia:
3288 2059 3486 2113 intelli-

1906 2143 2085 2211 gimus
2112 2143 2418 2207 audaciam,
2449 2146 2538 2213 qui
2566 2149 3034 2213 perseeutiouibus
3080 2160 3135 2204 et
3159 2162 3332 2205 morte
3358 2168 3484 2221 pro-

1906 2234 2083 2303 posita
2110 2249 2277 2287 ausus
2306 2245 2387 2288 est
2422 2245 2602 2289 tamen
2632 2238 2699 2290 de
2730 2240 2964 2293 adventu
2998 2239 3133 2294 Justi
3162 2246 3481 2311 praedicare,

1906 2337 1958 2382 et
1986 2342 2083 2397 pro
2112 2329 2249 2381 bono
2281 2329 2443 2379 audet
2479 2330 2643 2381 etiam
2683 2332 2817 2383 mori
2843 2331 2907 2387 θ’.
2957 2332 3009 2384 Iu
3048 2350 3153 2399 quo
3199 2344 3374 2387 tamen
3407 2337 3485 2390 si-

1907 2418 2019 2473 mul
2055 2430 2108 2473 et
2145 2420 2270 2473 illud
2299 2424 2628 2486 ostenditur,
2652 2424 2772 2491 quia
2805 2440 2933 2488 nou,
2972 2435 3029 2477 ut
3057 2425 3221 2495 aliqui
3267 2434 3483 2496 putant,

1908 2513 2185 2580 propheta:
2223 2514 2534 2568 nesciebant
2560 2516 2687 2584 quid
2719 2516 2988 2580 dicerent,
3014 2527 3070 2571 et
3096 2519 3250 2587 quasi
3279 2519 3486 2575 aliena-

1913 2612 1964 2655 to
1994 2618 2153 2657 sensu
2190 2619 2290 2658 suo
2322 2607 2737 2674 prophetabaut.
2777 2606 2927 2673 Quod
2979 2609 3124 2661 enim
3159 2610 3291 2664 dicit
3340 2610 3486 2676 Apo-

1907 2695 2080 2748 stolus
2117 2698 2181 2749 de
2218 2695 2379 2760 Isaia,
2412 2698 2537 2766 quia
2562 2716 2581 2747 ι
2614 2699 2769 2751 audet
2795 2708 2847 2750 et
2872 2698 3020 2763 dicit,
3062 2717 3081 2750 ι
3119 2699 3220 2753 hoc
3250 2701 3492 2770 indicat,

1908 2785 2032 2853 quia
2067 2796 2295 2840 mortem
2324 2797 2680 2841 contemnens
2722 2798 2776 2840 et
2809 2789 3215 2857 persecutiones
3246 2807 3366 2858 qua:
3396 2791 3481 2844 iu-

1909 2874 2246 2945 ferebautur,
2299 2881 2547 2945 quamvis
2577 2880 2742 2937 sciret
2791 2881 2892 2935 sibi
2942 2880 3223 2934 imminere
3267 2881 3487 2949 pericu-

1907 2973 2042 3035 hun,
2078 2971 2240 3025 audet
2273 2981 2451 3025 tamen
2486 2980 2539 3023 et
2586 2970 2843 3039 prtedicat
2894 2972 3118 3024 verbum
3175 2971 3289 3037 Dei,
3343 2971 3485 3025 sicut

1907 3073 1959 3116 et
1990 3064 2102 3131 ipse
2132 3062 2329 3117 I'aulus
2357 3062 2610 3116 dicebat:
2642 3081 2661 3113 ι
2695 3062 2820 3116 Scio
2854 3062 2976 3129 quia
3012 3062 3226 3115 vincula
3269 3073 3323 3119 et
3353 3079 3477 3117 car-

1908 3170 2060 3209 ceres
2085 3163 2303 3209 mauent
2336 3170 2420 3209 me
2463 3156 2514 3208 iu
2542 3154 2925 3224 .Icrosolymis;
2958 3155 3051 3210 sed
3074 3171 3174 3224 ego
3206 3171 3310 3211 non
3340 3156 3485 3211 facio

1906 3245 2210 3300 cbariorem
2255 3245 2492 3302 animam
2523 3266 2699 3305 tneam
2725 3248 2853 3302 mihi
2878 3248 2942 3301 θ’.
2980 3268 2996 3299 ι
3027 3247 3117 3303 Sic
3137 3264 3267 3320 ergo
3293 3246 3403 3319 (70)
3428 3257 3489 3301 et

1908 3338 2074 3393 Isaias
2094 3336 2300 3391 sciebat
2317 3337 2532 3406 quidem
2558 3340 2851 3391 secandum
2873 3353 2931 3393 se
2947 3354 3067 3392 esse
3080 3350 3130 3392 et
3152 3338 3485 3391 iutertieien-

1906 3430 2031 3482 dum
2062 3427 2226 3498 629
2255 3429 2322 3483 ab
2349 3429 2528 3496 impiis
2555 3468 2569 3491 ,
2598 3429 2761 3481 audet
2795 3438 2973 3483 tamen
3004 3469 3020 3493 ,
3046 3439 3101 3483 et
3128 3445 3196 3483 ex
3247 3444 3478 3497 persona

1904 3518 2107 3573 Christi
2150 3520 2282 3573 dicit
2314 3538 2328 3574 :
2364 3536 2382 3568 ι
2424 3517 2684 3571 Iuventus
2729 3532 2849 3569 sum
2895 3534 2922 3568 a
2962 3533 3066 3570 non
3113 3519 3482 3586 qumrentihus

1908 3625 1993 3665 me
2020 3611 2090 3663 “⁰.
2135 3629 2153 3661 ι
2188 3609 2408 3663 Certum
2444 3618 2527 3661 est
2569 3618 2744 3660 autem
2775 3609 2916 3676 quod
2950 3619 3138 3676 gentes
3168 3618 3323 3659 erant
3360 3624 3484 3677 qum

1908 3701 2179 3755 Christum
2219 3715 2317 3754 nec
2345 3714 2590 3769 quaerere
2640 3708 2900 3752 noverant
2927 3739 2942 3762 ,
2981 3714 3080 3752 nec
3122 3700 3189 3753 de
3214 3716 3279 3751 eo
3309 3700 3480 3752 inter-

1908 3807 2099 3863 rugare
2155 3793 2478 3847 didicerant.
2540 3791 2864 3846 Invenerunt
2916 3803 3098 3845 tauten
3154 3807 3316 3861 quem
3374 3808 3479 3845 non

1906 3887 2257 3957 quaesierunt,
2284 3886 2410 3954 quia
2444 3886 2558 3954 ipse
2586 3899 2678 3939 eos
2708 3885 2855 3953 prior
2879 3885 3148 3953 qtttesivit.
3180 3885 3377 3940 Pastor
3393 3901 3479 3941 est

1908 3978 2055 4032 enim
2091 3978 2261 4031 bonus
2291 3977 2359 4042 ⁷⁸,
2392 3984 2447 4029 et
2487 3991 2640 4030 ovem
2668 3991 2788 4044 qua:
2811 3977 3049 4046 perierat
3074 3977 3362 4047 requisivit
3394 3978 3475 4039 7‘;

1904 4079 1959 4123 et
1985 4069 2254 4136 sapientia
2299 4077 2379 4121 est
2404 4083 2525 4137 qua:
2564 4067 2883 4122 drachmam
2911 4068 3176 4138 perditam
3206 4070 3480 4137 quaesivit,

1903 4173 1959 4214 et
2004 4175 2251 4229 qua-rens
2297 4161 2501 4215 invenit
2544 4160 2611 4216 ⁷³.
2646 4158 2813 4214 Judaei
2862 4171 3042 4215 autem
3094 4176 3266 4230 usque
3301 4163 3475 4217 adhuc

1903 4263 2156 4323 quierunt
2190 4253 2256 4306 de
2286 4252 2503 4307 Christo
2528 4295 2541 4318 ,
2573 4263 2627 4306 ct
2677 4253 3017 4322 interrogant
3059 4253 3370 4323 Scripturas
3406 4255 3475 4308 de

1903 4359 1987 4408 co,
2038 4353 2092 4396 et
2140 4360 2243 4397 non
2278 4345 2592 4405 inveniunt;
2637 4344 2760 4409 quia
2811 4358 2940 4395 crux
2991 4342 3109 4409 ejus
3150 4340 3353 4396 Judaeis
3393 4354 3479 4396 est

221 4453 328 4489 non
362 4433 792 4506 interrogabant.
819 4436 899 4488 Ad
928 4434 1089 4488 Israel
1116 4443 1299 4489 autem
1322 4434 1453 4505 quid
1477 4434 1641 4488 dicit?
1663 4434 1798 4488 Tota
1833 4455 1876 4511 ι)
1906 4436 2222 4489 scandalum
2250 4437 2297 4468 "
2328 4434 2439 4507 (7|)
2470 4454 2482 4489 :
2510 4446 2563 4489 et
2592 4436 2709 4489 ideo
2734 4434 2866 4489 dicit
2889 4436 2956 4488 ad
2986 4449 3078 4488 eos
3111 4451 3124 4487 :
3160 4452 3179 4484 ι
3222 4433 3355 4487 Tota
3391 4436 3479 4486 die.

221 4527 309 4580 die
335 4528 566 4597 expandi
600 4542 792 4583 manus
834 4541 983 4581 meas
1011 4527 1079 4581 ad
1113 4525 1367 4593 populum
1416 4540 1519 4578 non
1561 4526 1795 4581 creden-

223 4625 330 4668 tem
385 4626 440 4670 et
496 4616 986 4670 coutradicentem.
1042 4633 1060 4667 ι
1105 4615 1258 4669 Sicut
1308 4617 1360 4667 in
1420 4614 1799 4682 superioribus

221 4723 367 4778 szepe
392 4709 729 4764 ostendimus
756 4709 1061 4779 apostolum
1092 4707 1314 4762 Paulum
1348 4723 1492 4762 nunc
1516 4709 1584 4765 de
1613 4710 1794 4780 genti—

290 4849 336 4881 “
373 4848 389 4901 I
438 4847 561 4903 Cor.
595 4862 678 4912 tu,
730 4848 816 4905 18.
896 4847 1132 4903 “ICor.
1170 4862 1209 4914 t,
1249 4847 1341 4900 2L

222 4919 271 4952 "
296 4919 400 4975 lsa.
427 4934 553 4987 va,
595 4920 642 4973 I.
736 4919 782 4951 "
812 4918 968 4973 Joau.
1001 4933 1055 4983 ι,
1088 4918 1174 4971 14.
1263 4918 1310 4947 ⁷¹
1340 4915 1473 4972 Luc.
1507 4933 1598 4985 xv,
1632 4918 1689 4973 4.

296 5059 410 5129 (61)
444 5061 602 5115 Deest
639 5082 658 5114 ι
698 5072 753 5116 et
785 5082 804 5114 ι
840 5063 890 5115 in
924 5061 1106 5116 editis.
1228 5128 1233 5129 γ
1271 5116 1277 5122 ,

306 5128 411 5201 (62)
438 5130 602 5201 Editi,
641 5150 660 5184 ι
703 5133 1042 5201 insipientes,
1080 5151 1098 5184 ι
1137 5128 1291 5201 male.

311 5200 410 5268 (6'5)
444 5200 535 5255 Ms.
566 5217 706 5257 unus
734 5199 933 5267 Regius
967 5218 1116 5256 num.
1152 5199 1287 5254 1659
1327 5206 1489 5262 habet
1517 5230 1536 5259 ι
1568 5207 1737 5264 Getae.
1776 5223 1794 5255 ι

249 5269 532 5345 Ξειιλιεῳιθτὲ
557 5288 695 5345 mss.
737 5286 789 5327 et
824 5271 1103 5345 Rabanus,
1146 5290 1162 5321 ι
1208 5273 1442 5345 Scytbm.
1476 5296 1495 5328 ι

318 5338 410 5407 (64)
436 5340 595 5400 Editi.
633 5362 650 5393 ι
687 5344 924 5397 omnium
950 5341 1186 5409 gentium
1214 5338 1418 5409 gentes.
1466 5367 1483 5398 ι

321 5410 413 5479 (65)
445 5413 531 5466 Sic
561 5412 659 5467 Ms.
698 5414 893 5480 Regius
925 5428 1073 5465 IIUIII.
1106 5414 1240 5467 1659
1268 5426 1318 5466 ct
1353 5416 1625 5471 Rabautts.
1655 5416 1796 5471 Editi

266 5488 446 5553 veroet
474 5498 603 5553 mss.
645 5483 905 5551 plerique,
938 5501 954 5532 ι
997 5483 1299 5536 iraseantur
1321 5502 1468 5553 ergo,
1502 5505 1519 5536 ι
1548 5498 1653 5543 etc.

332 5550 420 5619 (66)
449 5552 605 5613 Editi,
642 5570 662 5601 ‹
696 5556 760 5606 de
787 5550 887 5606 hoc
918 5554 1195 5622 mysterio.
1230 5550 1401 5608 Isaias
1424 5566 1603 5609 autem
1635 5556 1793 5609 aude:

278 5622 762 5676 etdicttzlnveutus
809 5639 953 5685 sum,
997 5642 1012 5672 ι
1053 5633 1158 5677 etc.
1206 5625 1311 5680 Sed
1345 5641 1535 5681 omnes
1582 5642 1710 5681 mss.
1743 5634 1798 5681 ct

287 5692 485 5753 liabauus
512 5701 571 5744 ut
594 5692 647 5744 iu
677 5702 858 5747 nostro
891 5703 1065 5746 textu.

50 6190 157 6267 "

1420 4846 1466 4878 “
1506 4846 1638 4901 ibid.
1690 4848 1780 4903 23.
1854 4850 1897 4881 ⁸⁷
1928 4850 2051 4903 Act.
2104 4848 2310 4909 vu,52.

1766 4920 1814 4950 ⁷³
1834 4920 1962 4974 ibid.
1992 4921 2045 4973 8.

1906 4529 2138 4596 expandi
2171 4544 2361 4582 manus
2408 4543 2555 4583 meas
2582 4528 2648 4582 ad
2694 4527 2945 4597 populum
2991 4543 3099 4580 non
3142 4528 3477 4590 credentem,

1907 4631 1964 4675 et
1994 4620 2456 4673 contradicentem
2496 4619 2541 4650 ⁷⁸
2572 4636 2585 4671 :
2621 4637 2639 4670 ι
2680 4620 2780 4673 hoc
2823 4628 2926 4683 est,
2960 4634 3081 4672 eum
3117 4621 3376 4687 penderet
3424 4620 3476 4670 in

1904 4726 2091 4777 eruce,
2126 4710 2201 4761 illi
2239 4726 2347 4762 non
2385 4711 2559 4763 solum
2602 4725 2705 4764 non
2741 4711 3061 4765 invenerunt
3089 4725 3235 4776 eum,
3273 4711 3364 4763 sed
3394 4711 3478 4765 iu-

2392 4846 2436 4878 ⁸⁸
2467 4846 2621 4901 Rom.
2666 4858 2722 4907 v,
2766 4847 2819 4899 7.

2140 4918 2187 4949 ⁷⁸
2222 4919 2386 4974 ICor.
2420 4934 2461 4982 t,
2492 4917 2581 4969 Ξῖ).

2896 4848 2938 4879 ⁸³
2968 4850 3085 4899 Aet.
3131 4862 3223 4909 xx,
3248 4845 3339 4909 23,
3381 4846 3477 4899 21.

2676 4918 2721 4949 ⁷⁸
2754 4917 2858 4972 Isa.
2885 4933 3009 4978 ων,
3042 4916 3098 4969 2.

1982 5057 2091 5129 (67)
2121 5057 2283 5123 Editi,
2324 5075 2344 5108 ι
2379 5058 2600 5128 apparui
2636 5058 2720 5129 his
2749 5062 2839 5126 qui
2869 5073 2970 5117 me,
3014 5077 3033 5109 ι
3066 5068 3173 5111 etc.
3512 5122 3515 5127 γ

1981 5128 2090 5199 (68)
2119 5130 2277 5193 Editi,
2313 5146 2331 5180 t
2373 5129 2427 5182 in
2459 5128 2808 5182 mutationem
2839 5129 3111 5180 declinare
3144 5142 3405 5197 persona}.
3447 5147 3469 5181 ο

1909 5198 2013 5253 Sed
2039 5198 2227 5253 onmes
2258 5213 2385 5253 mss.
2421 5208 2479 5250 ttt
2499 5199 2550 5251 in
2579 5209 2761 5250 nostro
2791 5206 2957 5250 textu.

1977 5270 2090 5339 (69)
2120 5269 2211 5323 Sic
2244 5285 2347 5323 ins.
2376 5268 2573 5334 Regius
2603 5282 2753 5339 nunt.
2784 5266 2919 5320 I659
2943 5279 2991 5319 et
3024 5265 3297 5339 Rabauus.
3331 5268 3473 5322 Editi

1906 5357 2033 5393 ve-ro
2056 5337 2109 5393 et
2141 5339 2267 5392 Mss.
2299 5340 2562 5408 plerique,
2603 5355 2620 5386 ι
2652 5337 2952 5408 videamus.
2981 5337 3119 5403 Quid
3150 5341 3348 5391 audet?
3391 5342 3477 5392 vel

1904 5426 2024 5478 quae
2056 5410 2143 5463 hic
2190 5406 2469 5477 Propheta;
2508 5406 2883 5478 audaciaiASi
2908 5407 3269 5472 intendamus,
3312 5427 3331 5460 ι
3364 5420 3469 5463 etc.

1976 5478 2086 5547 (70)
2106 5479 2201 5533 Ms.
2227 5476 2365 5530 unus
2389 5478 2586 5545 Itegius
2610 5492 2755 5529 num.
2786 5476 2947 5539 1659,
2968 5495 2986 5526 ι
3012 5478 3245 5532 animum
3270 5496 3469 5546 meam,

1905 5565 2081 5620 quam
2107 5564 2208 5620 me.
2241 5565 2268 5620 Δι
2306 5547 2505 5620 Deinde
2533 5547 2685 5609 editi,
2721 5566 2750 5620 ¢_
2774 5548 2829 5600 Si
2866 5563 3015 5616 ergo,
3056 5567 3074 5599 ι
3112 5561 3217 5603 etc.

1977 5618 2091 5692 (7|)
2116 5615 2253 5673 Editi
2280 5656 2296 5687 ,
2333 5634 2352 5668 ι
2380 5617 2505 5687 quia
2539 5630 2675 5673 crux
2704 5616 2822 5686 ejus
2842 5615 3031 5674 cis’est
3065 5620 3407 5675 scandalum.
3445 5635 3467 5671 ι
