3986 6206
433 339 574 396 1175

1912 341 2234 398 ORIGENIS

3573 351 3719 407 11Ἱὸ

431 478 598 534 super
623 462 919 518 dixerunt:
961 479 980 513 ‹
1031 461 1087 516 Si
1124 459 1295 516 Filius
1326 459 1418 515 Dei
1453 475 1537 526 es,
1565 459 1833 516 descende
1864 475 2010 516 nunc
2040 468 2087 523 Α
2119 462 2297 514 minus
2339 459 2556 516 Christo
2590 459 2870 514 crederem
2895 500 2910 526 ,
2955 467 3011 514 et
3037 475 3104 514 ex
3138 460 3244 517 title
3284 462 3404 531 ejus
3426 463 3715 531 jtlstilira-

431 554 499 610 de
524 571 706 620 cruce,
733 563 785 609 et
807 553 1078 609 credimus
1107 553 1198 608 tibi
1231 553 1302 608 ⁷⁸.
1334 571 1352 606 ι
1389 553 1498 608 Sed
1526 551 1650 606 audi
1686 553 1814 621 quid
1846 553 2010 606 etiam

435 654 489 707 in
527 650 806 718 Sapientia
834 647 1140 702 Salomonis
1177 646 1391 702 dicatur
1413 647 1481 713 7",
1507 646 1632 715 quia
1670 665 1688 698 ι
1719 660 1824 700 ηοη
1861 646 2013 700 inve-

433 744 613 797 nietur
648 741 716 796 ab
751 740 834 794 his
870 739 961 808 qui
998 747 1209 793 tentant
1250 753 1373 792 eum
1409 739 1735 808 :apparebit
1763 754 1894 792 vero
1927 738 2010 793 his

427 833 520 902 qui
552 848 659 887 nou
703 841 827 884 sunt
860 831 1124 885 increduli
1173 834 1238 882 ad
1275 844 1422 885 eum.
1467 850 1486 880 ι
1524 829 1629 883 Sed
1659 845 1728 884 ne
1759 830 1860 884 hoc
1889 830 2012 899 qui-

429 926 550 980 dem
577 940 607 977 a
638 924 795 977 nobis
823 923 1080 977 convenit
1132 923 1388 992 ignorari,
1429 923 1570 991 quod
1598 923 1649 976 in
1677 921 2008 991 exemplario

428 1017 530 1072 bus
553 1015 902 1070 llebrzeorum
926 1030 1028 1068 non
1055 1015 1284 1068 habetur
1321 1033 1338 1066 ι
1370 1023 1423 1067 et
1461 1015 1951 1069 contradicentem.
1985 1034 2003 1066 ι

426 1109 724 1180 Apostolus
752 1117 930 1162 autem
975 1117 1194 1162 sei-ntus
1223 1118 1304 1160 est
1342 1107 1695 1175 Septuaginta
1741 1107 2010 1176 Interpre-

431 1213 540 1254 tum
600 1201 884 1254 veritatem
935 1200 986 1252 iu
1022 1199 1136 1253 suis
1175 1199 1394 1268 scriptis
1418 1238 1433 1262 ,
1488 1210 1543 1254 et
1569 1201 1707 1254 sicut
1735 1201 1808 1252 illi
1840 1200 2007 1255 inter-

427 1293 625 1362 pretati
650 1303 778 1347 sunt
802 1291 954 1359 ponit
987 1289 1122 1362 (Ἱὲ).

501 1383 552 1436 7.
605 1402 624 1433 ι
684 1381 814 1436 Dico
841 1381 1006 1450 igitur
1043 1381 1339 1451 :Nunquid
1387 1383 1579 1451 repulit
1614 1383 1754 1437 Deus
1797 1383 2005 1452 plebem

424 1475 627 1530 suam?
659 1474 837 1527 Absit.
869 1471 1003 1526 Nam
1031 1484 1085 1527 et
1118 1487 1218 1542 ego
1247 1472 1490 1527 Israelita
1521 1489 1640 1527 sum
1676 1473 1787 1544 (75)
1820 1489 1887 1529 ex
1917 1487 2006 1528 sc-

426 1570 574 1624 mine
604 1567 857 1629 Abrahae,
885 1576 938 1621 et
975 1567 1113 1620 tribu
1147 1567 1444 1637 Beniamin.
1480 1566 1597 1622 Non
1633 1569 1830 1637 repulit
1868 1566 2008 1621 Deus

425 1661 639 1730 plebem
677 1676 830 1714 suam
869 1675 1030 1728 quam
1073 1659 1364 1729 praescivit.
1393 1659 1474 1712 Au
1522 1661 1748 1714 nescitis
1804 1661 1859 1714 in
1895 1660 2008 1714 Elia

427 1755 559 1825 qttid
597 1755 734 1809 dicit
789 1753 1072 1822 Scriptura
1111 1770 1124 1805 :
1163 1752 1439 1822 quomodo
1485 1752 1791 1820 interpellat
1837 1754 2004 1808 Deum

424 1848 716 1901 adversum
747 1846 959 1901 Israel?
1002 1844 1229 1900 Domine
1256 1883 1272 1910 ,
1299 1845 1592 1914 prophetas
1627 1855 1748 1899 tuos
1787 1845 2004 1900 occide-

423 1949 572 2002 runt,
603 1939 794 1992 altaria
826 1949 917 1992 tua
966 1937 1304 1995 sull‘oderunt
1327 1983 1340 2007 ,
1394 1951 1444 1996 et
1479 1957 1580 2012 ego
1611 1939 1832 1994 relictus
1881 1955 2000 1993 sum

421 2030 592 2092 solus,
633 2040 688 2085 et
720 2041 967 2100 qumrunt
1014 2033 1252 2086 animam
1307 2049 1505 2089 meam.
1554 2033 1660 2086 Sed
1709 2033 1836 2100 quid
1871 2031 2004 2088 dicit

422 2122 502 2177 illi
535 2139 854 2193 responsum
893 2124 1186 2179 divinum?
1221 2125 1434 2195 Reliqui
1483 2126 1614 2179 mihi
1641 2135 1847 2195 septem
1883 2124 2002 2178 util-

421 2215 494 2270 lia
526 2215 768 2270 virorum
799 2216 890 2286 qui
947 2232 1056 2271 non
1101 2227 1466 2272 curvaverant
1501 2233 1674 2287 genua
1720 2217 1870 2271 Baal.
1910 2215 2002 2272 Sic

420 2306 588 2376 igitur
611 2317 665 2362 et
691 2308 744 2360 in
781 2309 883 2362 hoc
915 2319 1157 2377 tempore
1187 2309 1426 2378 reliquiae
1451 2310 1746 2363 secundum
1776 2308 2002 2364 electio-

423 2416 548 2456 nem
578 2401 765 2468 gratiae
795 2401 956 2456 salva:
981 2400 1140 2455 factm
1165 2411 1311 2456 sunt.
1351 2401 1406 2455 Si
1443 2411 1624 2456 autem
1660 2401 1860 2471 gratia,
1886 2401 2000 2471 jam

421 2505 530 2546 non
556 2505 624 2545 ex
657 2493 915 2560 operibus
943 2506 958 2546 :
993 2493 1235 2562 alioquin
1261 2493 1434 2562 gratia
1481 2491 1594 2558 jam
1628 2508 1734 2546 non
1768 2491 1824 2544 tit
1873 2508 2000 2563 gra-

422 2583 496 2637 tia
525 2583 590 2638 ⁷⁸.
633 2601 652 2634 ι
686 2583 953 2650 Quoniam
981 2599 1045 2638 ex
1097 2584 1181 2638 bis
1210 2601 1327 2652 qua:
1357 2601 1518 2654 supra
1550 2585 1690 2638 dicta
1724 2593 1871 2649 sunt,
1920 2585 2002 2638 vi-

419 2675 641 2730 deretur
672 2676 897 2729 forsitan
930 2676 1162 2745 populus
1182 2674 1497 2731 Judteorum
1543 2677 1793 2746 repulsus
1815 2691 1936 2731 esse
1967 2691 1998 2730 a

420 2765 552 2830 Deo,
600 2780 698 2820 nec
722 2765 925 2834 aliquid
965 2765 1077 2833 spei
1113 2780 1331 2834 gerere,
1358 2766 1402 2819 si
1444 2767 1662 2834 quidem
1698 2767 1751 2820 in
1777 2765 2000 2820 aemula-

421 2857 626 2910 tionem
657 2855 934 2909 induxerit
969 2870 1092 2910 eum
1137 2856 1276 2909 Deus
1312 2855 1365 2910 iu
1414 2873 1522 2910 non
1547 2867 1760 2926 gentem
1788 2895 1803 2920 ,
1853 2866 1905 2909 et
1945 2857 1996 2910 itt

420 2947 557 3000 iram
585 2985 601 3009 ,
639 2945 690 2997 in
721 2955 938 3015 gentem
989 2944 1322 2998 insensatam
1355 2946 1421 3009 ⁷³,
1447 2955 1502 3000 et
1549 2944 1868 3000 martifestus
1917 2945 2000 2998 fa-

419 3045 540 3090 ctus
567 3035 680 3106 (74)
710 3037 780 3090 sit
806 3035 890 3088 his
920 3035 1011 3104 qui
1049 3052 1170 3088 eum
1207 3051 1309 3088 non
1340 3034 1680 3105 qumrebaul,
1715 3046 1769 3089 et
1810 3035 1998 3088 inven-

421 3137 508 3182 tus
551 3129 622 3181 sit
651 3128 717 3180 ab
748 3129 831 3181 his
880 3127 969 3190 qui
1019 3128 1084 3180 de
1131 3141 1195 3180 eo
1243 3143 1347 3180 ηοη
1395 3127 1805 3196 interrogabant
1835 3127 1994 3195 (75):

421 3229 713 3285 propterea
759 3219 1074 3289 Apostolus,
1109 3217 1292 3272 volens
1329 3217 1428 3270 ista
1459 3233 1673 3282 curare,
1719 3227 1772 3271 et
1812 3227 1996 3272 osten-

419 3314 549 3365 dere
589 3310 715 3380 quia
744 3310 982 3378 supersit
1015 3309 1204 3363 salutis
1245 3308 1324 3361 via
1363 3309 1560 3376 populo
1591 3309 1703 3379 (76)
1755 3309 1918 3364 Israel
1951 3311 1997 3363 si

419 3403 670 3467 credant,
711 3410 766 3456 et
803 3401 927 3470 quia
959 3419 1061 3454 non
1099 3401 1303 3455 idcirco
1337 3400 1536 3469 repulsi
1573 3409 1696 3454 sunt
1725 3401 1853 3470 quia
1903 3415 1998 3469 ge-

420 3511 524 3550 nus
549 3495 659 3548 sint
692 3493 856 3548 Israel
889 3492 1124 3564 (77),sed
1161 3493 1287 3561 quia
1322 3492 1587 3546 increduli
1611 3492 1842 3554 fuerint,
1877 3493 1994 3546 ait:

424 3605 444 3636 ι
481 3586 594 3640 Νοη
626 3585 821 3654 repulit
866 3585 1007 3639 Deus
1043 3585 1250 3654 plebem
1281 3600 1433 3638 suam
1464 3601 1626 3654 quam
1655 3583 1945 3654 prtescivit.
1970 3602 1988 3636 ι

419 3679 488 3733 Et
519 3687 574 3731 ut
622 3679 723 3736 hoc
754 3678 1005 3746 praesenti
1054 3676 1310 3746 probaret
1341 3677 1590 3747 exemplo
1617 3717 1632 3743 ,
1670 3677 1947 3744 subiungit
1978 3692 1994 3731 :

423 3791 442 3824 ι
483 3771 619 3826 Nam
654 3781 708 3825 et
753 3786 850 3840 ego
889 3769 1136 3825 Israelita
1180 3788 1296 3824 sum
1335 3785 1401 3824 ex
1451 3771 1661 3826 semine
1693 3771 1993 3835 Abraham,

419 3874 474 3918 et
507 3865 650 3917 tribu
688 3862 993 3930 Reujamiu,
1035 3882 1052 3913 ι
1085 3872 1138 3916 et
1164 3873 1343 3915 tamen
1382 3863 1538 3915 [idem
1573 3861 1698 3916 Jcsu
1724 3863 1912 3921 doceo.
1944 3871 1998 3915 et

419 3957 683 4010 annuntio
724 3959 849 4025 quia
887 3957 998 4024 ipse
1034 3967 1115 4009 est
1150 3956 1422 4010 Christus.
1453 3957 1604 4021 Quod
1639 3955 1684 4008 si
1726 3955 1853 4008 mihi
1884 3969 1992 4008 non

418 4047 596 4101 obluit
635 4049 761 4114 quia
789 4062 907 4099 sum
939 4047 1182 4100 Israelita
1210 4063 1275 4099 ex
1317 4049 1527 4100 semine
1549 4047 1844 4107 Abraham,
1865 4061 1998 4114 quo-

490 4165 537 4196 "
573 4164 764 4219 Matth.
792 4179 963 4229 xxvu,
999 4164 1094 4228 40,
1126 4163 1216 4218 49..
1311 4165 1354 4194 ⁷⁷
1394 4165 1522 4232 Sap.
1560 4182 1610 4228 ι,
1645 4165 1698 4221 2.

489 4303 602 4374 (72)
635 4303 798 4371 Editi,
837 4321 854 4353 ι
899 4302 1114 4372 scriptis
1151 4321 1164 4356 :
1196 4303 1334 4358 sicut
1363 4305 1434 4357 illi
1469 4305 1812 4374 interpretati
1839 4314 1991 4368 sunt,

418 4375 660 4444 exponit.
698 4393 717 4426 ι

493 4443 604 4516 (75)
649 4463 681 4516 «ί
720 4443 849 4497 Nam
895 4453 948 4498 et
977 4459 1077 4516 ego
1113 4443 1351 4516 Israelita
1394 4458 1514 4497 sum
1540 4485 1555 4510 ,
1599 4463 1617 4494 ι
1646 4455 1786 4511 etc.,
1823 4459 1994 4514 usque

1793 4163 1838 4195 ⁷⁸
1867 4164 2017 4218 Rom.
2048 4165 2181 4228 xr,l,
2210 4181 2324 4234 seq.

2116 567 2247 616 rer;
2295 563 2504 606 certum
2555 561 2639 605 est
2683 553 2810 621 quia
2861 570 2880 604 ι
2931 566 3037 606 ηοη
3077 553 3278 624 repulit
3317 557 3461 610 Deus
3494 557 3714 626 plebem

2115 659 2268 698 suam
2324 658 2486 712 quam
2535 644 2835 713 pracseivit.
2881 664 2900 696 ι
2933 644 3216 710 Quomodo
3265 657 3454 702 autem
3509 667 3528 700 ι
3568 666 3713 718 quius

2115 735 2408 803 praescivit,
2438 735 2560 789 illos
2600 745 2650 789 et
2687 735 2940 801 vocavit;
2972 744 3025 790 et
3057 751 3193 805 quos
3227 739 3464 804 vocavit,
3503 740 3630 794 illos
3656 751 3713 796 et

2107 824 2426 894 justiﬁeavit
2466 825 2532 891 ⁸ο,
2597 845 2616 878 ι
2662 843 2824 897 supra
2865 826 2979 895 jam
3027 830 3229 884 dictum
3279 840 3408 885 est:
3446 843 3503 886 et
3558 837 3709 900 quod

2115 919 2372 987 praescire
2396 917 2562 982 Deus,
2603 934 2708 973 non
2748 930 2956 974 tantum
2996 919 3110 992 (78)
3141 937 3489 990 praenoscere
3515 923 3708 979 futura

2114 1009 2282 1078 (quod
2318 1024 2417 1063 nec
2448 1007 2682 1064 dubitari
2713 1012 2938 1080 potest),
2963 1011 3056 1065 sed
3097 1013 3351 1082 probare,
3391 1025 3447 1068 et
3470 1017 3706 1070 scientia

2112 1117 2207 1155 sua
2247 1103 2407 1172 digna
2455 1105 2675 1169 ducere,
2709 1104 2760 1157 itt
2787 1101 3088 1173 Scripturis
3119 1115 3374 1174 ponatur.
3401 1105 3608 1160 Verum
3635 1124 3708 1162 uc

2113 1209 2340 1262 parvum
2388 1195 2668 1251 videretur
2708 1197 2853 1264 quod
2881 1197 3136 1266 exemplo
3163 1198 3246 1253 sui
3279 1198 3392 1268 (79)
3424 1215 3536 1254 ηοη
3582 1217 3707 1256 eSse

2115 1286 2389 1356 repulsam
2434 1289 2648 1356 plebem
2697 1289 2790 1344 Dei
2825 1289 3054 1345 docebat
3081 1290 3394 1359 Apostolus,
3427 1293 3701 1347 validiora

2113 1378 2343 1446 requirit
2381 1379 2654 1449 exempia,
2698 1390 2753 1435 et
2784 1380 2916 1435 dicit
2950 1398 2964 1435 :
2996 1399 3015 1433 ι
3043 1380 3125 1434 An
3209 1383 3432 1436 nescitis
3479 1384 3535 1437 in
3581 1383 3700 1438 Elia

2110 1472 2238 1542 quid
2286 1472 2420 1527 dicit
2461 1472 2800 1542 Scriptura?
2842 1473 3128 1539 Quomodo
3175 1474 3490 1543 interpellat
3523 1476 3702 1530 Deum

2111 1567 2398 1620 adversum
2433 1565 2647 1622 Israel?
2685 1566 2938 1627 Domine.
2968 1568 3266 1636 prephetas
3302 1576 3426 1623 tuos
3475 1570 3704 1626 occide-

2114 1666 2276 1726 runt,
2305 1659 2498 1713 altaria
2546 1667 2638 1713 tua
2687 1657 3025 1714 suffoderunt
3051 1697 3065 1723 ,
3097 1668 3152 1712 et
3178 1674 3278 1730 ego
3307 1660 3533 1716 relictus
3575 1679 3700 1718 sunt

2111 1751 2260 1804 Solus
2289 1791 2304 1814 ,
2339 1761 2393 1804 et
2424 1759 2678 1820 quaerunt
2727 1752 2965 1805 animam
3006 1767 3204 1805 meam.
3242 1750 3350 1808 Sed
3380 1755 3511 1822 quid
3563 1757 3702 1811 dicit

2113 1842 2189 1898 illi
2221 1859 2544 1912 responsum
2577 1844 2820 1898 divinum
2850 1844 3012 1912 (80)?
3047 1863 3065 1894 ι
3106 1844 3164 1898 1η
3214 1846 3420 1914 quibus
3466 1849 3706 1904 docetur

2112 1936 2374 2006 propheta
2427 1936 2715 2006 aliquando
2764 1936 2882 1990 zelo
2927 1937 3019 1991 Dei
3055 1936 3314 2006 repletus,
3371 1953 3496 1993 eum
3552 1945 3700 2011 apud

2112 2028 2278 2082 Deum
2315 2027 2428 2099 (81)
2461 2028 2742 2098 querelam
2775 2028 2955 2098 populi
2982 2029 3417 2098 praevaricatoris
3445 2049 3701 2104 expone-

2109 2128 2192 2172 ret
2219 2158 2234 2182 ,
2263 2120 2355 2188 qui
2391 2135 2501 2174 non
2534 2119 2712 2173 solum
2743 2120 3040 2189 prophetas
3069 2122 3376 2186 occidisset,
3408 2133 3463 2177 et
3490 2125 3696 2180 altaria

2107 2207 2503 2275 subvertisset,
2537 2226 2724 2265 verum
2779 2221 2834 2265 et
2881 2209 3053 2265 Eliam
3093 2215 3184 2282 qui
3225 2215 3508 2270 videbatur
3543 2220 3700 2273 solus

2104 2317 2395 2370 superesse
2429 2312 2483 2357 et
2515 2303 2798 2372 prophetis
2850 2301 3100 2368 Domini,
3144 2316 3436 2360 conaretur
3475 2310 3660 2363 θιειῑη
3683 2340 3696 2351 -

2103 2410 2290 2464 gnere.
2342 2394 2410 2450 Et
2461 2395 2562 2450 hoc
2611 2396 2722 2450 Elia
2757 2397 2898 2466 apud
2941 2397 3107 2450 Deum
3155 2398 3514 2468 deplorante.
3565 2405 3692 2457 audi

2102 2487 2231 2554 quid
2263 2487 2329 2539 ad
2359 2501 2484 2542 eum
2517 2491 2736 2544 oracula
2767 2490 2949 2544 divina
2981 2491 3347 2559 respondeant
3377 2509 3390 2544 :
3424 2511 3442 2543 ι
3473 2491 3694 2563 Reliqui

2103 2581 2233 2635 mihi
2271 2581 2384 2653 (82)
2419 2591 2623 2652 septem
2663 2583 2830 2638 millia
2881 2586 3122 2639 virorum
3157 2585 3247 2654 qui
3285 2601 3391 2639 non
3423 2601 3696 2642 curvare-

2101 2680 2228 2726 rttnt
2257 2689 2430 2744 genua
2458 2673 2606 2729 Baal.
2648 2693 2667 2726 ι
2698 2675 2824 2728 Baal
2861 2676 2990 2730 idoli
3041 2693 3236 2731 nomen
3287 2689 3393 2738 est.
3434 2681 3500 2733 ad
3532 2681 3696 2750 cujus

2101 2764 2302 2818 cultum
2329 2767 2558 2834 populus
2581 2767 2691 2831 ille,
2731 2767 2918 2822 relicta
2953 2767 3045 2822 Dei
3069 2769 3207 2838 lege,
3235 2769 3532 2825 deciderat.
3561 2770 3696 2827 llzec

2101 2864 2226 2912 sunt
2255 2872 2376 2926 qua:
2406 2858 2699 2926 Apostolus
2729 2859 2794 2912 ad
2820 2859 3129 2927 exemplum
3162 2862 3425 2930 temporis
3451 2878 3696 2930 praesen-

2103 2945 2170 3000 tis
2204 2945 2450 3000 adducit.
2481 2945 2550 3000 Et
2578 2949 2766 3000 addit:
2805 2967 2823 2999 ι
2862 2949 2953 3002 Sic
2999 2949 3168 3018 igitur
3195 2964 3250 3004 et
3294 2953 3345 3006 in
3395 2952 3499 3006 hoc
3547 2965 3691 3008 tem-

2103 3049 2233 3104 pore.
2257 3037 2500 3107 reliquiae
2524 3038 2819 3094 secundum
2859 3039 3180 3095 electionem
3220 3045 3410 3112 gratiae
3437 3045 3552 3112 (85)
3577 3046 3690 3098 sal-

2105 3143 2184 3182 va:
2213 3127 2371 3183 factm
2399 3141 2547 3187 sunt.
2581 3127 2636 3185 Si
2675 3141 2853 3185 autem
2900 3135 3096 3203 gratia,
3121 3133 3235 3200 jam
3273 3150 3376 3188 non
3407 3152 3474 3190 ex
3506 3139 3692 3205 cperi-

2106 3222 2208 3279 bus
2246 3249 2256 3278 ι
2293 3221 2531 3293 alioquin
2561 3225 2732 3292 gratia
2767 3224 2880 3294 jam
2924 3241 3031 3280 non
3071 3228 3128 3283 iit
3166 3228 3366 3296 gratia.
3425 3248 3442 3277 ι
3489 3228 3694 3283 Osten-

2106 3315 2342 3372 deudutn
2382 3331 2514 3385 ergo
2545 3331 2642 3386 pro
2673 3317 2879 3373 viribus
2927 3320 3085 3373 nobis
3111 3331 3212 3382 est,
3239 3322 3511 3390 quomodo
3542 3322 3692 3375 sicut

2107 3408 2308 3460 factum
2340 3416 2422 3460 est
2449 3407 2552 3460 sub
2603 3407 2763 3472 Elia,
2816 3408 2901 3462 tibi
2952 3426 3167 3464 omnem
3217 3411 3471 3480 populum
3521 3413 3692 3482 63o

2107 3502 2366 3570 propheta
2403 3501 2562 3554 simul
2592 3512 2875 3569 potaverat
2911 3503 3202 3557 refutatum
3235 3504 3370 3572 (84),
3405 3506 3689 3559 int-enimi—

2108 3600 2194 3644 tur
2225 3597 2428 3656 Septem
2477 3590 2640 3644 millia
2672 3591 2794 3656 viri,
2822 3597 2915 3661 qui
2965 3596 3372 3662 permanserint
3406 3596 3459 3648 in
3507 3605 3687 3648 testa-

2099 3691 2281 3736 mento
2308 3681 2434 3747 Dei;
2472 3681 2553 3736 sic
2585 3682 2786 3736 factum
2811 3695 2892 3738 est
2919 3685 3082 3738 etiam
3117 3687 3423 3740 iuadventu
3457 3686 3688 3752 Christi,

2097 3783 2153 3828 ct
2201 3774 2286 3828 his
2343 3775 2677 3842 temporibus
2726 3780 2924 3844 quibus
2965 3778 3299 3847 praedicabat
3347 3778 3569 3831 Paulus.
3621 3779 3690 3832 Et

2108 3867 2228 3919 vide
2252 3866 2295 3919 si
2331 3864 2469 3919 forte
2497 3879 2781 3936 pessumus
2804 3868 3066 3922 Joannem
3096 3869 3416 3937 Baptistam,
3452 3873 3543 3938 qui
3572 3871 3691 3924 Sal-

2107 3956 2312 4010 vatoris
2362 3957 2637 4023 praecessit
2690 3961 3027 4022 adventum,
3080 3975 3284 4028 ponere
3335 3961 3454 4015 loco
3503 3961 3684 4015 Elim:

2107 4047 2546 4116 quandoquidem
2575 4057 2629 4101 et
2652 4049 3006 4119 Evangelium
3043 4049 3158 4120 (85)
3197 4053 3302 4106 tale
3337 4055 3385 4108 ei
3435 4057 3686 4108 testimo-

2401 4165 2446 4196 ⁷⁹
2475 4165 2628 4223 Rom.
2669 4182 2726 4232 χ,
2759 4167 2857 4234 19,
2879 4169 2968 4224 ΞΟ.
3057 4168 3103 4201 ⁸⁸
3142 4173 3295 4226 Rom.
3332 4188 3460 4238 vm,
3484 4174 3576 4228 30.

2177 4303 2288 4376 (79)
2321 4305 2463 4428 E;liti
2489 4347 2505 4373 ,
2553 4325 2571 4357 ι
2613 4321 2679 4362 ne
2709 4323 2898 4377 parum
2940 4309 3210 4365 videretur
3248 4315 3396 4382 quod
3431 4317 3685 4386 exemplo

2177 4389 2226 4428 η.
2266 4393 2289 4428 ›
2323 4391 2352 4426 e
2383 4391 2432 4428 c.

2103 4389 2226 4432 ειη).
2266 4393 2289 4428 ι
2323 4389 2432 4429 etc.

2175 4443 2286 4512 (80)
2315 4441 2420 4499 Sed
2442 4445 2568 4513 quid
2604 4447 2731 4498 dicit
2762 4465 3067 4515 responsum
3114 4451 3352 4506 divinum
3379 4455 3405 4508 ?
3451 4454 3578 4509 "xc
3631 4458 3685 4510 in

417 4515 484 4568 ad
504 4514 526 4579 ‘,
576 4533 595 4564 ε
635 4515 879 4595 alioquin
923 4515 1097 4595 gratia
1140 4514 1252 4595 jam
1282 4531 1386 4595 non
1435 4516 1489 4567 lit
1524 4515 1740 4595 gratia,
1779 4535 1796 4567 ι
1831 4517 1994 4569 omit-
2029 4527 2071 4582 ι)
2104 4515 2604 4595 11158..11951Γ18.11011
2629 4514 2962 4595 cotupareut.
3002 4519 3202 4595 Deinde
3244 4539 3377 4577 mss.
3410 4526 3684 4595 plerique,

420 4595 608 4638 tttntur
645 4586 696 4637 in
723 4585 886 4639 editis
920 4601 934 4645 ;
971 4584 1063 4638 sed
1103 4586 1461 4638 restituuntur
1487 4601 1550 4637 ex
1575 4587 1825 4638 omnilms
1856 4601 1991 4638 mss.

491 4654 606 4723 (74)
644 4653 863 4708 Fac/us.
907 4655 1064 4707 Deest
1095 4655 1146 4707 in
1175 4655 1359 4720 editis,
1396 4666 1449 4706 et
1482 4656 1532 4708 in
1560 4655 1808 4724 pluribus
1837 4671 1992 4716 mss.,

418 4735 512 4788 sed
547 4725 800 4780 exstatiu
850 4740 952 4778 ms.
995 4723 1168 4794 Regio
1199 4741 1349 4778 num.
1385 4725 1522 4780 1659
1553 4723 1607 4780 et
1630 4726 1769 4794 apud
1816 4724 1995 4780 Raba-

420 4821 571 4859 lllllll.

491 4873 603 4941 (75)
642 4865 809 4941 Editi,
837 4882 854 4914 ι
895 4866 962 4919 ab
984 4865 1152 4932 coqui
1182 4879 1286 4918 non
1319 4865 1714 4941 interregaliat.
1760 4885 1778 4917 ι

495 4932 610 5014 (76)
653 4939 792 5014 Editi
819 4975 834 4996 ,
866 4951 886 4985 ι
920 4945 1188 5014 quantum
1219 4935 1455 5003 supersit
1482 4935 1674 4988 salutis
1715 4932 1933 5014 populo,
1970 4953 1988 4985 ι

417 5003 528 5070 etc.
561 5003 742 5069 Codex
767 5022 898 5064 vero
920 5004 1085 5058 Vallis
1114 5004 1309 5067 Clarae,
1336 5022 1353 5053 ‹
1389 5020 1549 5073 quam
1592 5006 1829 5074 supersit
1851 5003 1998 5057 salu-

421 5085 495 5139 tis
520 5099 634 5138 suze
657 5083 876 5150 populo,
901 5093 1034 5136 «etc.
1059 5075 1318 5150 Reliquus
1346 5087 1366 5131 :
1404 5093 1422 5129 ι
1455 5089 1575 5146 quae
1619 5076 1858 5150 supersit
1902 5088 1996 5150 δίδη

419 5156 519 5210 luti
547 5146 966 5220 sute'a'populo,
998 5170 1016 5201 ι
1041 5161 1148 5204 etc.
1180 5146 1287 5204 Sed
1314 5159 1463 5220 recte
1491 5163 1762 5220 ms._uuus
1795 5146 1994 5220 Regius

419 5240 571 5280 Itum.
609 5217 788 5285 1659⁷,
818 5217 849 5271 ἰ
893 5221 1015 5290 quia
1068 5219 1310 5290 supersit
1351 5218 1544 5290 salutis
1570 5217 1654 5270 via
1692 5217 1888 5284 populo
1915 5257 1931 5282 ,
1971 5235 1989 5266 ι

418 5308 525 5349 etc.
561 5294 754 5348 (ἔπιειυί
786 5287 923 5344 mss.
943 5287 1149 5344 habent
1172 5289 1356 5342 itidem
1389 5305 1406 5337 ι
1437 5287 1586 5356 quia,
1616 5304 1633 5336 ι
1663 5290 1754 5340 sed
1783 5304 1801 5336 ι
1832 5301 1942 5340 sua:
1967 5303 1990 5338 θ

419 5381 518 5432 pro
563 5381 582 5414 ι
617 5365 724 5416 via.
773 5382 808 5432 i_
833 5360 1039 5414 Deinde
1065 5375 1197 5413 mss.
1240 5357 1485 5432 plerique
1526 5369 1580 5412 et
1617 5357 1746 5432 editi
1775 5356 1995 5419 habent,

425 5427 468 5484 '.‘
506 5444 561 5488 et
613 5448 717 5485 non
761 5430 1006 5494 idcirco,
1048 5449 1066 5481 ι
1099 5439 1207 5483 etc.
1237 5469 1253 5493 ,
1285 5429 1486 5482 omisso
1523 5446 1540 5478 ι
1593 5427 1720 5494 quia
1745 5467 1760 5491 ,
1815 5445 1832 5477 ι
1879 5441 1998 5494 qua:

421 5519 524 5556 vox
566 5502 875 5557 restituitur
915 5516 980 5554 ex
1030 5514 1133 5554 ms.
1181 5498 1352 5568 Regio
1399 5515 1548 5554 num.
1593 5497 1730 5552 1659
1779 5505 1834 5552 et
1883 5495 1995 5550 Ra-

421 5575 584 5628 liatto.

495 5641 611 5707 (77)
643 5639 808 5704 Editi,
843 5658 861 5689 ι
893 5639 1017 5708 quia
1050 5654 1182 5706 gens
1214 5639 1284 5694 sit
1310 5639 1492 5693 Israel.
1526 5658 1547 5692 ι

498 5708 612 5774 (78)
643 5708 782 5760 Editi
811 5746 825 5769 ,
865 5728 882 5758 ‹
924 5712 1089 5761 Deunt
1120 5748 1135 5772 ,
1171 5725 1274 5762 non
1315 5720 1523 5763 tantum
1551 5749 1565 5773 ,
1613 5728 1630 5762 ι
1659 5719 1760 5766 etc.
1797 5709 1995 5766 Omnes

425 5795 560 5835 mss.
587 5775 779 5838 nostri.
817 5794 836 5828 ι
870 5776 1032 5839 Deus,
1061 5793 1164 5833 non
1190 5787 1319 5840 tam,
1366 5797 1383 5830 ι
1420 5789 1526 5834 etc.

2101 4593 2155 4660 et
2191 4583 2320 4660 editi
2363 4602 2384 4660 ε.
2420 4602 2437 4633 ι
2477 4584 2529 4637 1η
2577 4583 2959 4660 ψιίρυὲίίιοεθῑ
3001 4592 3144 4657 quod
3187 4583 3474 4660 propheta,
3515 4616 3535 4646 ›
3570 4583 3684 4651 ietr.

2100 4653 2208 4706 Sed
2254 4654 2458 4708 rectius
2510 4671 2611 4710 ms.
2663 4655 2864 4727 Regius
2913 4653 3074 4712 nun].
3111 4653 3245 4716 1659
3291 4653 3349 4716 ut
3398 4653 3687 4720 in'nostro

2102 4732 2273 4776 textu.

2172 4793 2285 4868 (81)
2321 4792 2541 4868 Εόίιίἳνι
2591 4809 2714 4868 cum
2757 4795 3050 4864 aliquando
3093 4801 3233 4868 apud
3271 4802 3463 4863 Deum,
3496 4823 3514 4854 ο
3566 4817 3674 4861 etc.

2101 4862 2208 4916 Sed
2241 4878 2340 4932 vox
2383 4880 2400 4912 ι
2439 4864 2732 4931 aliquando
2764 4885 2781 4917 ι
2813 4862 2966 4921 deest
2998 4870 3047 4921 in
3082 4862 3211 4932 mss.
3249 4862 3476 4926 nostris.

2479 4934 2747 5003 plerique,
2778 4936 3056 5010 ¢__Iteliqtti
3095 4931 3248 5006 milii,
3281 4942 3482 5010 inquit,
3522 4963 3540 4993 ι
3571 4954 3682 4998 etc.

2100 5004 2302 5077 Deinde
2335 5003 2505 5077 iidem
2523 5020 2653 5060 mss.
2679 5015 2732 5057 et
2752 5006 2902 5077 editi,
2940 5027 2958 5057 ‹
2985 5003 3166 5077 ἐεηυε
3195 5003 3294 5065 sua
3317 5003 3448 5066 ante
3473 5013 3625 5066 Baal.
3657 5031 3679 5065 ι

2101 5074 2207 5130 Sed
2240 5089 2336 5127 ms.
2384 5075 2579 5141 Regius
2609 5091 2758 5128 num.
2791 5076 2928 5130 1659
2959 5074 3016 5130 ut
3047 5079 3100 5132 in
3132 5089 3306 5134 textu.

2171 5142 2284 5266 (823
2325 5141 2491 5207 Editi,
2533 5162 2550 5192 ‹
2593 5146 2890 5198 secundum
2919 5148 3237 5203 electionem
3265 5153 3456 5220 gratim
3497 5153 3615 5215 Dei,
3657 5173 3677 5204 ι

2171 5231 2204 5266 3.
2285 5216 2347 5266 Bti
2400 5229 2589 5266 omnes
2639 5230 2767 5266 lllSS.
2803 5218 2971 5266 IIOSll‘i
3018 5227 3073 5266 et
3115 5219 3371 5266 [labamus
3417 5226 3677 5266 nminitnl

2100 5223 2204 5268 etc.
2243 5216 2347 5266 Sed
2400 5229 2589 5267 omnes
2639 5230 2767 5269 mss.
2803 5218 2971 5269 nostri
3018 5227 3073 5272 et
3115 5216 3371 5275 Rabauus
3417 5226 3684 5276 oruitteut

2107 5304 2124 5336 ε
2167 5284 2280 5338 Dei.
2319 5303 2336 5334 ›
2377 5282 2580 5359 Deinde
2613 5284 2774 5359 iidem
2803 5287 2933 5359 editi
2957 5327 2971 5349 ,
3000 5297 3056 5340 et
3087 5303 3218 5345 mss.
3252 5293 3433 5359 plures
3459 5333 3473 5356 ,
3509 5311 3526 5341 ι
3561 5295 3677 5359 jam

2101 5370 2209 5430 non
2236 5367 2315 5406 est
2350 5353 2547 5430 gratia,
2571 5373 2588 5404 ι
2613 5356 2704 5407 sed
2741 5371 2840 5408 ms.
2867 5355 3092 5428 Regius,
3123 5353 3278 5416 num'.
3306 5353 3682 5430 MBD—ubique

2101 5425 2265 5479 habet
2301 5440 2320 5474 ι
2361 5426 2432 5478 sit
2463 5441 2480 5474 ι
2519 5439 2616 5492 pro
2649 5442 2666 5474 ι
2706 5436 2807 5478 est.
2847 5445 2864 5476 ›

2173 5492 2283 5562 (84)
2320 5492 2616 5557 ltabanus,
2653 5512 2670 5544 ί
2722 5496 3030 5562 repudiari;
3089 5516 3106 5548 ι
3157 5499 3250 5553 sed
3301 5515 3492 5554 omnes
3539 5516 3680 5554 mss.

2101 5565 2274 5618 nostri
2311 5573 2364 5617 et
2393 5564 2550 5630 editi,
2592 5583 2610 5614 ‹
2654 5564 2969 5618 refutatum.
3011 5586 3028 5617 ι

2171 5631 2286 5703 (85)
2317 5632 2394 5687 Ita
2429 5650 2530 5687 ms.
2567 5634 2766 5702 Regius
2799 5652 2947 5690 tium.
2985 5635 3121 5691 i659
3152 5648 3206 5691 et
3239 5638 3513 5692 Rabanus.
3549 5639 3675 5693 Cte-

2105 5709 2204 5757 teri
2241 5719 2372 5761 vero
2409 5720 2538 5761 mss.
2577 5707 2744 5762 nostri
2783 5715 2836 5762 et
2866 5706 3028 5774 editi,
3063 5725 3080 5758 t
3117 5719 3169 5762 ct
3207 5709 3560 5778 Evangelista
3585 5747 3608 5776 ,
3645 5725 3673 5764 ι

2102 5784 2207 5829 εις.
