3914 6352
159 362 199 417 1
231 366 368 422 I77
1145 360 1506 421 COIIIIENT.
1543 357 1615 413 IN
1659 358 1886 422 EPIST.
1926 365 2017 419 AD
2056 363 2223 423 ROM.
2263 364 2392 420 LIII.
2436 357 2570 414 V'III.
3343 366 3481 423 H78

157 479 376 533 nium
405 482 672 550 perhibet,
694 482 817 551 quia
851 501 868 533 ι
906 483 959 536 in
988 483 1183 553 spiritu
1213 492 1268 540 et
1292 484 1490 538 virtute
1530 500 1549 535 ι
1587 484 1798 538 venerit
1835 492 1877 546 Α
1910 498 2005 550 per
2034 481 2283 550 gratiam,
2315 481 2409 535 sed
2444 494 2541 550 per
2575 497 2594 531 ι
2640 477 2960 534 electionem
2993 479 3179 547 gratia:
3217 498 3236 530 ι
3273 480 3472 533 salvari

157 585 200 620 ς
267 571 424 627 Elia:
449 575 530 639 ⁸¹;
568 595 586 628 ι
617 583 671 628 et
711 576 823 644 ipse
877 577 1136 630 Dominus
1185 577 1384 630 dixerit
1419 575 1486 630 de
1524 592 1590 630 eo
1624 595 1637 630 ε
1677 596 1694 628 ε
1740 575 1803 632 Εὶ
1905 572 2120 624 dicetur
2164 570 2276 640 (92)
2314 587 2341 622 a
2375 569 2620 625 Christo.
2669 569 2909 637 Denique
2955 580 3002 622 et
3053 569 3164 639 ipse
3200 569 3479 638 apostolus

153 665 234 719 si
291 670 467 725 voltis
505 672 647 726 seire
672 713 686 736 ,
712 673 828 741 ipse
851 682 933 726 est
969 671 1136 728 Elias.
1173 671 1275 738 Qui
1310 671 1474 724 habet
1502 687 1663 726 aures
1702 687 1801 725 au-
1905 664 2103 718 Paullus
2129 703 2144 726 ο
2190 665 2236 718 Si
2271 665 2394 733 (illis
2421 679 2543 718 eum
2582 664 2633 717 Ῐη
2677 663 2858 716 verbis
2898 663 3013 715 Silis
3047 663 3336 732 diligelller
3379 663 3479 716 0b-

157 758 429 827 diendi,
459 764 733 819 audiat".
779 783 798 815 ι
833 763 933 818 IIic
979 751 1110 834 ergo
1145 765 1236 833 qui
1273 765 1325 819 in
1368 765 1561 834 spiritu
1599 775 1652 818 et
1693 765 1803 817 vir-
1903 767 2082 811 servet
2135 758 2283 810 videt
2326 762 2602 826 quomodo
2669 755 2978 825 hnjnsmodi
3039 756 3480 810 distinctionibus

159 856 335 906 tute
364 853 822 920 veneratElimJn
844 863 1058 908 tantum
1094 855 1483 923 desperaverat
1511 855 1575 909 de
1605 855 1802 923 populo
1903 849 2111 914 utitur;
2164 850 2291 902 alibi
2328 850 2626 903 secundum
2678 863 2898 902 carnem
2936 849 3221 902 nominans
3273 847 3480 912 Israel,

159 937 313 995 illo
343 982 361 1007 ,
397 953 456 996 ut
505 960 610 1000 non
642 962 736 1001 eos
777 947 983 1002 diceret
1010 961 1129 1001 esse
1176 945 1584 1015 generationem
1626 947 1798 1000 Abra-
1901 942 2026 996 alibi
2078 957 2242 1010 super
2272 957 2336 996 eo
2365 942 2550 995 carnis
2594 941 2816 994 omnino
2846 956 2948 994 non
2997 941 3205 995 faciens
3254 942 3482 994 mentio-

161 1031 295 1088 laae
347 1035 464 1105 (86)
494 1079 508 1102 ,
544 1039 637 1090 sed
680 1040 1087 1108 generationem
1125 1039 1467 1107 viperarum;
1501 1047 1556 1092 et
1591 1039 1673 1091 his
1702 1040 1797 1091 ad-
1903 1050 2048 1098 nem,
2072 1035 2213 1089 sicut
2243 1035 2294 1088 in
2325 1034 2578 1104 prmsenti
2617 1034 2771 1096 loco,
2805 1033 2894 1087 ubi
2921 1049 3041 1086 cum
3074 1034 3302 1097 diceret,
3354 1034 3482 1100 quia

160 1128 374 1180 deret
416 1145 429 1181 :
474 1147 493 1179 ι
536 1128 712 1184 Nolite
736 1130 919 1185 dicere
946 1132 1072 1200 quia
1100 1139 1306 1197 patrem
1335 1130 1602 1184 habemus
1631 1131 1801 1183 Abra-
1909 1147 1927 1178 σ
1977 1143 2080 1180 non
2114 1127 2308 1196 repulit
2355 1128 2496 1182 Deus
2535 1127 2744 1196 plebem
2788 1144 2964 1192 suam,
3015 1146 3033 1179 ι
3067 1139 3120 1181 et
3147 1127 3479 1180 nobilitatem

169 1215 369 1271 ham.
427 1218 556 1273 Dico
605 1223 751 1275 enim
803 1224 957 1278 vobis
982 1263 997 1287 ,
1039 1224 1170 1290 quia
1212 1232 1405 1290 potens
1444 1233 1525 1276 est
1566 1221 1703 1276 Dens
1736 1222 1802 1277 de
1902 1219 2216 1276 Israelitica:
2251 1219 2447 1272 anima:
2478 1218 2640 1272 vellet
2684 1233 2955 1287 exponere
2983 1258 2995 1278 .
3045 1218 3120 1271 ait
3153 1236 3165 1271 :
3215 1235 3232 1266 ι
3265 1215 3398 1269 Nam
3427 1226 3484 1270 et

170 1307 495 1378 lapidibus
547 1313 664 1368 istis
713 1315 982 1369 suscitare
1013 1315 1154 1369 filios
1195 1314 1430 1368 Abrahae
1473 1313 1538 1368 ⁸³.
1595 1334 1612 1363 ι
1665 1313 1799 1366 Ilnic
1901 1330 2000 1384 ego
2029 1315 2266 1369 Israelita
2291 1331 2431 1369 sum.
2479 1335 2497 1366 ι
2535 1315 2591 1369 1η
2619 1317 2852 1369 secunda
2884 1332 3012 1369 vero
3052 1317 3116 1368 ad
3145 1315 3479 1379 Corinthios,

171 1415 350 1470 ergo
403 1403 505 1456 ista
557 1405 624 1458 de
669 1406 865 1474 popqu
915 1407 1271 1475 conquerenti
1327 1407 1722 1472 respondeatur
1768 1420 1796 1455 a
1902 1408 1988 1460 ubi
2026 1409 2437 1476 quihusdamde
2471 1407 2777 1460 Israelitico
2809 1424 3006 1476 genere
3029 1409 3322 1460 secundum
3356 1424 3481 1460 car-

179 1489 451 1544 Domino
494 1503 548 1546 et
590 1493 871 1550 Salvatore
900 1506 1092 1550 nostro
1126 1511 1140 1549 :
1194 1513 1212 1544 ι
1252 1493 1362 1560 Ego
1392 1497 1505 1548 διέῘο
1533 1510 1666 1562 quos
1690 1497 1800 1546 t‘lﬂ-
1903 1512 2023 1552 nem
2055 1499 2414 1566 gloriantibns
2448 1499 2659 1567 cogitur
2684 1499 3032 1568 respondere,
3063 1501 3184 1552 vide
3207 1513 3480 1567 ipimpr'e-

178 1581 388 1646 gcrim
427 1582 507 1645 ⁸⁶;
552 1603 570 1634 ι
612 1592 662 1638 et
695 1584 890 1638 iterum
925 1598 941 1638 :
973 1603 990 1634 ι
1034 1584 1177 1638 ()ves
1227 1598 1358 1635 mea:
1393 1595 1574 1635 vocem
1625 1596 1797 1636 meam
1902 1589 2050 1642 misit
2085 1607 2096 1642 :
2137 1608 2154 1639 ι
2199 1590 2328 1654 Qua:
2354 1589 2562 1658 loquor,
2590 1589 2786 1658 inquit,
2831 1607 2934 1643 non
2983 1572 3275 1643 secundum
3311 1589 3478 1642 Deum

183 1673 480 1739 audiunt,
523 1684 578 1728 et
625 1691 730 1742 ego
777 1677 1026 1744 praecedo
1078 1691 1206 1739 eas,
1256 1685 1311 1729 et
1362 1681 1665 1743 sequuntur
1715 1688 1800 1728 me

189 1779 353 1819 mea:
380 1764 458 1829 ⁸³;
498 1786 516 1816 ι
554 1777 610 1820 et
645 1768 883 1821 iterum:
925 1787 943 1818 ι
984 1766 1168 1822 llabeo
1214 1765 1350 1819 alias
1382 1780 1510 1820 oves
1537 1779 1656 1832 qua:
1691 1780 1795 1817 neu

192 1865 345 1910 sunt
381 1857 448 1912 de
478 1859 580 1912 hoc
613 1859 742 1914 ovili
772 1877 784 1912 :
817 1870 1033 1927 Oportet
1061 1873 1145 1912 me
1163 1871 1217 1913 et
1252 1858 1372 1911 illas
1401 1857 1790 1910 adducere".i
1829 1833 1871 1887 Β

195 1945 354 2012 Quid
392 1957 574 2001 autem
604 1957 658 2003 et
693 1949 810 2014 ipse
833 1963 1090 2002 numerus
1127 1959 1329 2016 septem
1361 1946 1528 2000 millia
1557 1947 1793 1999 virorum

201 2019 421 2091 indicet
476 2037 777 2097 videamus.
825 2039 1187 2107 Septenarius
1235 2054 1498 2093 numerus
1542 2037 1674 2107 (87)
1727 2036 1794 2090 ad

199 2127 456 2196 requiem
497 2129 754 2198 pertinet.
788 2149 806 2181 ‹
846 2130 900 2184 In
927 2131 1155 2200 septima
1187 2151 1206 2182 ι
1241 2131 1386 2186 enim
1415 2151 1432 2182 ι
1468 2130 1554 2183 die
1582 2129 1796 2195 requie-

203 2219 293 2273 vit
326 2220 467 2274 Dens
489 2221 556 2274 ⁸⁷.
597 2241 616 2274 ι
668 2223 806 2277 Audi
833 2238 964 2292 ergo
993 2233 1050 2277 et
1093 2224 1345 2278 Christus
1379 2225 1664 2278 credentes
1691 2220 1792 2275 sibi

206 2311 493 2380 quomodo
521 2313 588 2367 ad
616 2314 860 2382 requiem
898 2315 1129 2380 invitat,
1157 2325 1212 2368 et
1240 2314 1372 2370 dicit
1405 2331 1418 2366 :
1455 2331 1474 2363 ι
1515 2311 1703 2367 Venite
1728 2309 1796 2365 ad

210 2416 304 2456 me
347 2417 542 2457 omnes
570 2404 662 2472 qui
711 2404 1001 2469 laboratis,
1032 2415 1086 2459 et
1119 2406 1329 2459 onerati
1356 2405 1487 2460 estis
1519 2421 1533 2458 :
1563 2413 1616 2457 et
1649 2403 1796 2457 iuve-

212 2493 377 2548 nietis
411 2495 651 2564 requiem
687 2498 976 2552 animabus
1003 2497 1203 2552 vestris
1234 2495 1302 2550 ⁸⁸.
1331 2516 1348 2547 ι
1377 2496 1455 2549 Ad
1482 2495 1643 2549 istum
1667 2510 1797 2564 ergo

210 2589 582 2655 septenarimu
631 2605 918 2643 numerum
956 2590 1190 2658 pertinet
1233 2588 1412 2644 omnis
1441 2588 1536 2657 qui
1565 2587 1794 2642 veniens

211 2678 281 2732 ad
327 2678 608 2735 Christum
661 2682 912 2750 deposuit
959 2697 1126 2736 onera
1173 2679 1422 2748 peccati,
1458 2688 1514 2734 et
1551 2679 1793 2750 requiem

210 2769 414 2825 salutis
463 2773 666 2826 invenit
723 2773 860 2845 (88).
917 2773 1084 2829 Recte
1132 2787 1264 2843 ergo
1293 2771 1580 2842 Apostolus
1620 2772 1795 2837 dicit,

210 2861 338 2930 quia
383 2879 402 2912 ι
454 2861 534 2916 sic
566 2871 621 2917 et
670 2863 726 2917 in
774 2865 874 2920 hoc
920 2874 1168 2935 tempore
1219 2865 1462 2934 reliquia:
1497 2864 1793 2919 secundum

211 2953 538 3009 electionem
574 2955 762 3025 gratia:
791 2957 956 3011 salva:
981 2957 1137 3012 facta:
1166 2966 1329 3019 sunt;
1361 2977 1380 3010 ι
1426 2958 1681 3027 reliquias
1713 2958 1796 3013 di-

211 3059 344 3101 cens
392 3061 490 3104 eos
529 3049 619 3115 qui
663 3063 729 3101 ex
772 3047 1194 3102 circumcisione
1245 3047 1640 3112 crediderunt,
1687 3059 1791 3102 tam

213 3137 486 3208 apostolos
518 3154 640 3194 eum
673 3139 872 3209 quibus
905 3154 967 3194 se
1001 3154 1221 3208 quoque
1258 3149 1600 3202 annumerat,
1629 3157 1789 3209 quam

212 3239 268 3285 et
315 3240 547 3286 creteros
589 3232 680 3301 qui
717 3248 840 3286 cum
876 3231 1009 3302 ipsis
1054 3233 1226 3286 secuti
1273 3241 1401 3286 sunt
1457 3232 1614 3285 Iidem
1665 3229 1794 3284 .Icsu

215 3320 440 3375 Christi.
489 3318 598 3376 Sed
641 3323 784 3390 quod
823 3323 999 3388 dicit,
1048 3342 1064 3374 ι
1121 3324 1415 3376 secundum
1471 3323 1794 3378 electionem

219 3412 406 3478 gratia:
444 3429 463 3462 ι
499 3411 678 3466 salvas
710 3411 882 3468 factas
906 3427 1026 3466 esse
1066 3412 1350 3482 reliquias,
1383 3414 1493 3467 hzee
1521 3413 1652 3465 mihi
1688 3426 1794 3466 non

222 3503 436 3556 videtur
486 3502 757 3572 superflua
789 3519 909 3558 esse
944 3504 1231 3558 electionis
1265 3505 1495 3573 adjectio
1527 3503 1662 3575 (89).
1694 3503 1798 3557 Ρο-

224 3597 323 3650 tuit
352 3595 496 3648 enim
544 3595 769 3650 dicere:
811 3613 829 3646 ι
868 3594 1133 3664 Reliquiae
1171 3616 1190 3648 ι
1236 3611 1329 3664 per
1361 3597 1597 3664 gratiam
1633 3614 1650 3648 ι
1689 3596 1797 3650 sal-

225 3703 302 3742 va:
334 3687 490 3742 factae
525 3696 684 3753 sunt;
732 3706 752 3740 ι
790 3688 885 3740 sed
915 3689 1150 3741 ostendit
1201 3703 1296 3756 per
1345 3688 1457 3740 haec
1503 3702 1624 3741 esse
1674 3703 1799 3756 gra-

225 3781 350 3833 tiam
384 3789 440 3832 et
473 3778 593 3833 sine
621 3778 908 3846 electione,
957 3788 1012 3834 ct
1039 3793 1160 3832 cum
1197 3778 1486 3832 electione.
1515 3776 1649 3831 Nam
1681 3793 1802 3831 OIII‘

229 3887 322 3926 nes
347 3870 562 3939 quidem
602 3871 693 3940 qui
739 3885 837 3941 per
881 3871 1038 3924 fidem
1091 3869 1396 3934 salvantur,
1433 3885 1528 3939 per
1572 3870 1796 3940 gratiam

227 3963 341 4018 sine
369 3962 534 4017 dubio
569 3961 849 4017 salvantur
896 3983 910 4018 :
955 3963 1045 4032 qui
1078 3973 1260 4016 autem
1292 3979 1389 4031 per
1421 3980 1439 4012 ι
1474 3963 1796 4016 electionem

230 4055 406 4124 gratia:
465 4074 482 4106 ι
535 4055 839 4120 salvantur,
894 4055 1232 4124 perfectioris
1285 4054 1396 4126 (90)
1439 4054 1635 4109 anima:
1666 4054 1798 4108 mihi

229 4145 474 4200 videntur
503 4146 743 4200 ostendi.
782 4145 938 4200 Sicut
977 4146 1120 4199 enim
1171 4145 1335 4199 Israel
1377 4146 1582 4200 dicitur
1623 4145 1800 4200 omnis

228 4235 312 4303 qui
360 4235 642 4289 descendit
688 4235 754 4289 de
781 4250 986 4304 genere
1015 4234 1178 4288 Israel
1221 4254 1234 4288 :
1269 4235 1360 4289 ille
1405 4245 1589 4289 autem
1639 4250 1801 4290 verus

230 4328 385 4384 Israel
413 4339 517 4396 est,
555 4328 648 4397 qui
681 4338 860 4382 mente
902 4343 1034 4397 pura
1077 4337 1134 4382 et
1189 4330 1353 4382 corde
1406 4328 1624 4392 sincero
1657 4329 1802 4383 videt

233 4420 386 4476 Deum
422 4442 433 4476 :
469 4423 542 4475 ita
583 4431 638 4476 et
665 4421 732 4475 de
757 4420 860 4475 hoc
893 4421 1148 4490 accipere
1177 4435 1467 4491 possumus
1495 4421 1635 4491 (91),
1656 4421 1798 4490 quod

1903 1678 2118 1748 loquor,
2152 1681 2245 1734 sed
2285 1681 2440 1748 quasi
2481 1681 2532 1733 in
2578 1683 2883 1750 insipientia
2934 1684 2982 1735 in
3032 1683 3132 1736 hac
3175 1681 3476 1736 substantia

1905 1772 2201 1840 gloriandi.
2233 1771 2499 1836 Quoniam
2528 1772 2742 1839 quidem
2771 1774 2920 1826 multi
2950 1774 3254 1840 gloriantur
3277 1789 3474 1828 secun-

1905 1862 2028 1914 dum
2062 1877 2321 1927 carnem;
2358 1871 2414 1915 et
2461 1877 2561 1930 ego
2606 1863 2884 1930 gloriabor
2913 1865 2980 1916 ⁸³.
3037 1883 3054 1915 ι
3101 1863 3166 1917 Ει
3209 1875 3330 1930 post
3376 1865 3479 1918 ali-

1903 1961 2105 2022 quanta
2127 1953 2295 2009 dicit:
2334 1972 2353 2004 ‹
2391 1953 2598 2007 Ilebrmi
2624 1965 2774 2019 sunt,
2807 1965 2862 2009 et
2890 1971 3018 2025 ego;
3049 1955 3310 2010 Israelita:
3327 1965 3480 2018 sunt,

1903 2053 1956 2097 et
1991 2058 2130 2112 ego;
2177 2057 2360 2096 semen
2397 2045 2628 2098 Abrahze
2655 2058 2778 2100 sunt
2808 2087 2823 2109 ,
2857 2058 2909 2100 et
2933 2062 3032 2115 ego
3058 2047 3124 2099 ⁹⁰.
3168 2066 3186 2097 ι
3222 2045 3313 2099 Sic
3348 2061 3481 2115 ergo

1905 2134 1993 2187 ubi
2033 2135 2096 2188 de
2133 2134 2294 2189 Israel
2322 2135 2675 2205 loquebatur.
2719 2138 2808 2191 illo
2840 2138 3106 2192 interiore
3130 2139 3350 2192 homine
3375 2144 3480 2206 (ta-

1906 2222 1970 2276 lis
1994 2225 2139 2278 enim
2166 2239 2250 2278 eSt
2275 2225 2429 2292 plebs
2476 2227 2564 2280 illa
2595 2244 2755 2296 quam
2794 2230 3066 2296 pra-scivit
3099 2229 3258 2292 Dens,
3292 2239 3345 2282 et
3374 2243 3478 2280 non

1906 2316 2170 2385 repulit),
2218 2332 2322 2370 non
2359 2317 2492 2370 dicit
2531 2336 2548 2368 ι
2597 2322 2894 2372 secundum
2939 2335 3160 2374 carnem
3210 2339 3228 2370 ι
3269 2318 3477 2382 Israel;

1907 2407 1973 2460 ad
2007 2423 2100 2462 eos
2125 2423 2252 2462 vero
2287 2409 2378 2476 qui
2416 2410 2467 2462 in
2497 2411 2678 2464 carnis
2719 2426 2914 2480 genere
2937 2412 3312 2482 gloriabantur
3339 2427 3477 2480 pra:-

1907 2499 2071 2562 misit,
2096 2500 2239 2569 quod
2267 2499 2334 2554 de
2357 2500 2660 2570 hujusmodi
2688 2502 3010 2571 gloriatione
3034 2519 3206 2572 neque
3233 2521 3251 2554 ι
3289 2519 3483 2557 secun-

1909 2591 2034 2644 dum
2084 2591 2251 2644 Deum
2299 2610 2317 2643 ι
2352 2591 2688 2661 loqueretur,
2726 2608 2901 2660 neque
2943 2593 2992 2645 in
3023 2592 3326 2661 sapientia;
3361 2592 3479 2658 sed,

1907 2693 1964 2736 ut
1995 2683 2108 2751 ipse
2141 2683 2314 2746 dicit,
2366 2703 2384 2736 ι
2420 2684 2472 2738 ἰιι
2517 2684 2849 2754 insipientia.
2903 2705 2921 2736 ι
2970 2684 3133 2738 Tales
3178 2696 3306 2738 sunt
3347 2699 3479 2754 ergo

1912 2795 1929 2826 ι
1970 2774 2213 2842 reliquie:
2271 2794 2285 2826 ι
2339 2791 2458 2845 qua:
2509 2793 2526 2824 ι
2566 2775 2866 2829 secundum
2915 2775 3238 2829 electionem
3290 2776 3480 2843 gratiae

1905 2866 2066 2922 salvae
2091 2867 2247 2922 facta:
2289 2877 2432 2922 sunt.
2469 2886 2487 2919 ›
2529 2866 2594 2921 Ει
2620 2868 2822 2922 addidit
2854 2887 2866 2921 :
2901 2887 2917 2918 ι
2954 2868 3010 2921 Si
3054 2876 3234 2921 autem
3268 2868 3477 2936 gratia,

1900 2963 2010 3028 jam
2063 2975 2167 3013 non
2217 2976 2281 3014 ex
2329 2960 2606 3028 operibus.
2654 2980 2672 3011 ι
2717 2959 3006 3015 Sciendum
3041 2969 3123 3014 est
3163 2974 3325 3028 Opera
3358 2975 3478 3027 qua:

1904 3049 2105 3104 Paulus
2136 3052 2405 3119 repudiat,
2451 3061 2506 3106 et
2533 3051 2854 3120 frequenter
2878 3053 3169 3119 vituperat,
3207 3067 3312 3104 non
3359 3067 3479 3104 esse

1901 3157 2063 3211 opera
2099 3143 2330 3212 justitia:
2364 3159 2482 3211 qna'
2515 3145 2842 3199 mandantur
2877 3145 2929 3198 in
2969 3145 3108 3212 lege.
3137 3145 3230 3197 sed
3258 3158 3317 3195 ea
3354 3143 3478 3212 qui—

1901 3233 2018 3287 dem
2054 3234 2325 3304 inquibus
2367 3235 2421 3290 hi
2457 3236 2550 3304 qui
2584 3237 2884 3291 secundum
2912 3251 3132 3288 carnem
3180 3235 3347 3304 legem
3383 3251 3477 3287 eu-

1898 3324 2164 3387 stodiunt,
2193 3324 2516 3394 gloriantur,
2559 3326 2608 3380 id
2639 3335 2744 3391 est,
2777 3329 2856 3380 vel
2887 3325 3231 3382 circumcisio
3275 3326 3475 3389 carnis,

1899 3414 1982 3468 vel
2016 3415 2408 3470 saerilieiorun'i
2453 3416 2610 3478 ritus,
2655 3416 2738 3470 vel
2766 3416 3080 3470 observatio
3127 3414 3475 3469 sabbatorum

1898 3516 1952 3560 et
1985 3508 2421 3563 ncomeniarum.
2465 3508 2589 3563 Ilrec
2623 3519 2676 3564 et
2716 3507 3026 3576 huiusmodi
3055 3525 3186 3578 ergo
3221 3507 3477 3580 (95)sunt

1899 3611 2063 3665 opera
2095 3613 2162 3650 ex
2185 3597 2382 3666 quibus
2404 3598 2534 3652 dicit
2554 3600 2824 3652 neminem
2848 3600 3084 3667 potuisse
3102 3599 3320 3659 salvari,
3341 3608 3394 3652 et
3412 3601 3478 3652 de

1900 3688 2096 3756 quibus
2120 3688 2172 3742 in
2193 3689 2439 3757 praesenti
2459 3687 2576 3742 loco
2599 3688 2893 3756 dieit,quia
2912 3706 2930 3738 ι
2959 3703 3065 3741 non
3089 3703 3152 3738 ex
3181 3686 3473 3753 operibus:

1899 3761 2141 3848 alioquin
2176 3781 2347 3849 gratia
2373 3779 2518 3848 ,jam
2557 3795 2662 3832 non
2698 3779 2756 3830 fit
2802 3777 3002 3847 gratia.
3045 3796 3062 3827 ι
3109 3776 3164 3830 Si
3199 3779 3342 3829 eu‘m
3381 3792 3477 3846 per

1903 3867 2015 3924 haec
2046 3871 2170 3940 quis
2189 3869 2545 3940 justificatur,
2573 3885 2677 3920 non
2701 3865 2870 3936 gratis
2890 3866 3243 3934 justiliCatur.
3263 3865 3360 3930 Qui
3381 3883 3475 3918 au-

1903 3979 2014 4023 tem
2042 3980 2139 4034 per
2171 3962 2403 4034 gratiam
2433 3958 2790 4030 jnstilieatur,
2823 3957 2924 4010 ista
2965 3957 3180 4026 quidem
3214 3971 3377 4025 opera
3409 3958 3478 4010 ab

1901 4073 1966 4113 eo
1993 4055 2215 4110 minime
2236 4061 2583 4123 quzeruntur;
2625 4050 2718 4103 sed
2745 4047 3039 4102 observare
3081 4048 3241 4102 debet
3281 4064 3349 4102 ne
3385 4063 3477 4102 ac-

1903 4163 2055 4221 cepta
2096 4148 2266 4221 gratia
2300 4145 2475 4200 inanis
2511 4143 2604 4197 fiat
2633 4143 2684 4196 in
2715 4158 2800 4206 eo,
2827 4143 2968 4196 sicut
2991 4151 3044 4195 et
3071 4139 3274 4195 Paulus
3297 4141 3429 4195 dicit
3453 4179 3467 4199 .

1902 4241 2061 4312 631
2095 4238 2217 4307 quia
2256 4254 2273 4286 ι
2310 4233 2478 4305 gratia
2529 4232 2645 4297 ejus
2683 4232 2733 4284 in
2761 4243 2845 4282 me
2869 4229 3050 4282 inanis
3077 4243 3182 4282 non
3229 4227 3350 4291 fuit,
3384 4227 3475 4281 sed

1903 4331 2134 4400 amplius
2152 4344 2312 4398 quam
2332 4341 2518 4381 omnes
2537 4323 2608 4377 illi
2631 4322 2868 4376 laboravi
2887 4321 2954 4375 ⁹¹.
2984 4341 3001 4372 ›
3037 4321 3101 4374 Et
3124 4322 3314 4372 iterum
3331 4319 3480 4372 addit

1906 4432 2161 4490 tanquam
2185 4435 2392 4474 meimir
2422 4418 2648 4488 gratiae:
2688 4433 2705 4464 ι
2732 4413 2844 4468 Νοιι
2873 4429 2995 4482 ego,
3021 4432 3040 4465 ι
3095 4411 3290 4480 inquit,
3337 4429 3355 4462 ι
3382 4412 3476 4466 sed

233 4527 412 4568 omnes
442 4512 660 4582 quidem
692 4513 782 4582 qui
827 4513 892 4565 ad
942 4511 1102 4566 fidem
1152 4512 1382 4566 veniunt
1427 4511 1630 4566 Christi
1659 4551 1673 4576 ,
1704 4527 1800 4581 per
1836 4536 1876 4591 υ
1907 4515 2080 4586 gratia
2116 4513 2206 4568 Dei
2234 4527 2500 4565 mecum»
2533 4507 2651 4560 Non
2689 4505 2818 4558 facit
2842 4520 2972 4574 ergo
2998 4505 3210 4557 inanem
3243 4505 3476 4572 gratiam

237 4602 452 4670 gratiam
479 4603 706 4656 veniunt
733 4619 748 4656 :
783 4601 874 4671 qui
914 4618 1043 4655 vero
1063 4601 1290 4674 ,donum
1323 4603 1511 4670 gratia:
1537 4604 1793 4672 operibus

237 4693 440 4747 virtutis
464 4701 518 4747 et
543 4693 781 4763 puritate
811 4692 994 4746 cordis
1024 4702 1249 4746 exornat
1279 4734 1294 4753 ,
1339 4694 1442 4748 iste
1489 4710 1594 4748 non
1620 4694 1792 4748 solum

301 4804 686 4870 "IAHLI,I7.
783 4806 828 4836 ω
862 4803 1308 4870 Μεηὴ.χι,ιι,
1347 4807 1433 4860 υἱ

239 4877 313 4931 16.
389 4876 433 4906 ⁸⁷
463 4875 598 4930 Gen.
633 4891 689 4938 ιι,
726 4877 779 4930 2.
858 4875 903 4906 ⁸⁸
928 4872 1119 4928 Matth.
1149 4892 1225 4941 ιιι,
1257 4877 1452 4936 €8.29.

302 4964 410 5036 (86)
443 4964 580 5018 Editi
604 5007 618 5029 ,
656 4983 674 5016 ι
721 4967 846 5035 quia
889 4965 941 5020 in
977 4968 1264 5034 spiritu....
1303 4979 1361 5022 ut
1393 4985 1496 5023 non
1528 4987 1620 5026 eos
1650 4972 1797 5024 dice-

240 5046 314 5090 ret
360 5036 497 5090 filios
544 5036 870 5090 Abrabar....
921 5038 987 5092 de
1034 5038 1300 5106 lapidibus
1352 5040 1617 5095 suscitare
1661 5042 1801 5096 filios

239 5107 524 5159 Abraham.
563 5123 580 5154 ι

307 5174 414 5246 (87)
447 5174 975 5250 Editi,__¢_Seplimus
1005 5194 1284 5233 numerus.
1330 5197 1348 5228 ι
1392 5179 1611 5244 Deinde,
1642 5199 1659 5230 ι
1706 5179 1804 5233 Se-

241 5246 393 5317 ptima
422 5245 565 5317 enim
597 5247 703 5310 die,
749 5265 767 5297 ι
807 5257 913 5302 etc.

307 5313 412 5385 (88)
445 5312 551 5385 iSic
587 5300 776 5368 omnes
799 5300 928 5372 mss.
961 5318 1153 5372 nostri.
1201 5318 1341 5372 Editi
1379 5333 1506 5372 vero
1536 5329 1589 5371 et
1619 5317 1803 5371 Raba-
1833 5300 1835 5302 I

243 5400 357 5442 nus.
391 5401 408 5433 ι
443 5384 700 5439 inveniet.
737 5405 754 5436 ι

309 5453 535 5526 (89)_Sie
559 5464 703 5508 recte
748 5470 878 5509 mss.
918 5457 1180 5526 plerique.
1221 5455 1472 5511 Rabanus
1497 5472 1648 5521 vero,
1700 5474 1800 5511 ms.

245 5521 373 5578 tinus
406 5521 605 5585 Regius
629 5542 782 5577 num.
821 5521 950 5580 16M
993 5539 1045 5579 et
1077 5521 1236 5585 editi,
1269 5547 1284 5574 ι
1329 5528 1440 5578 luce
1479 5528 1611 5580 mihi
1651 5529 1803 5580 vide-

247 5603 324 5646 tur
350 5593 616 5663 superflua
649 5608 770 5649 esse
797 5597 1082 5650 electionis
1112 5597 1368 5663 adjectio,
1414 5614 1429 5646 ι
1468 5607 1517 5649 et
1538 5615 1574 5649 :.
1601 5597 1806 5650 Deinde

245 5678 336 5741 ms.
372 5661 571 5731 Regius
598 5679 746 5719 ιιιιιιι.
787 5665 946 5732 1659,
987 5685 1003 5716 ι
1033 5675 1087 5719 et
1114 5661 1230 5719 sine
1259 5666 1523 5720 electione
1551 5682 1668 5721 esse
1690 5667 1800 5720 ele-

245 5743 488 5786 CIIOIICIII.
539 5751 556 5782 ι

310 5801 417 5873 (90)
436 5802 597 5858 ιὶρριθ
627 5817 728 5858 nis.
758 5803 958 5874 Regius
986 5821 1132 5860 num.
1163 5804 1321 5872 1659,
1349 5823 1366 5856 ι
1392 5804 1750 5875 pellectioris.
1775 5821 1796 5857 ι

1527 4808 1574 4839 ⁸³
1610 4807 1795 4861 Matth.
1836 4807 1972 4872 tn,7,
2000 4804 2054 4858 9.

1529 4872 2146 4943 “’llCor.xt,l7,I8.

1907 4605 1996 4659 ille
2021 4605 2111 4672 qtti
2146 4604 2308 4672 digna
2334 4601 2382 4653 ei
2418 4613 2582 4665 opera
2618 4595 2918 4665 subjungil,
2948 4605 3000 4648 et
3027 4593 3216 4662 gratim
3253 4595 3342 4647 Dei
3373 4610 3476 4645 non

1901 4691 2118 4747 exsistit
2154 4693 2420 4759 ingratus.
2466 4686 2565 4752 Qui
2612 4685 2756 4738 enim
2811 4692 2931 4752 p0st
2967 4692 3311 4736 consecutam
3355 4699 3476 4751 gra-

2150 4803 2196 4834 ⁸⁵
2224 4802 2378 4854 .Ioan.
2417 4817 2534 4862 xm,
2565 4800 2646 4854 I8.
2739 4799 2784 4829 ⁸⁵
2815 4797 2972 4851 Joan.
3003 4812 3056 4859 κ,
3090 4797 3180 4850 27.
3274 4796 3320 4828 ⁸⁸
3347 4796 3474 4850 ibid.

2219 4873 2266 4904 9°
2295 4872 2422 4926 ibid.
2451 4870 2542 4924 2‘2.
2620 4869 2662 4900 ⁹¹
2708 4867 2724 4921 l
2765 4869 2889 4925 Cor.
2918 4883 3007 4932 xv,
3042 4868 3124 4921 ιο.

1906 4967 2096 5024 Czeteri
2139 4979 2269 5019 vero
2318 4979 2448 5020 mss.
2497 4964 2752 5020 Rabanus
2803 4974 2857 5018 et
2916 4962 3088 5027 editi,
3146 4975 3476 5031 perperam,

1914 5058 1932 5090 ι
1967 5037 2336 5107 perfectiores.
2375 5054 2394 5086 ι

1981 5107 2092 5177 (91)
2129 5105 2293 5171 Editi,
2332 5122 2350 5156 ι
2399 5113 2454 5160 et
2497 5105 2600 5162 hoc
2641 5105 2886 5173 accipere
2927 5115 3249 5173 possumus,
3291 5120 3310 5152 ι
3343 5109 3475 5166 ete.,

1909 5179 2113 5232 omisso
2144 5195 2162 5226 ι
2209 5177 2303 5228 ita.
2337 5194 2356 5227 ι

1984 5246 2095 5316 (92)
2123 5246 2261 5300 Editi
2288 5287 2302 5309 ,
2341 5265 2359 5294 ι
2393 5255 2684 5307 exornant,
2719 5244 2816 5316 isti
2843 5259 2948 5316 non
2983 5240 3475 5316 solum..,._salvari

1913 5311 2187 5370 dicuntur.
2242 5335 2260 5367 ι
2317 5316 2518 5369 Deinde.
2581 5331 2710 5367 mss.
2771 5315 3010 5382 plerique
3063 5321 3123 5382 et,
3163 5311 3476 5382 Ilabauus,

1920 5405 1937 5436 ι
1977 5386 2097 5439 vide
2126 5405 2143 5437 ι
2194 5386 2320 5454 (IIIS.
2356 5385 2554 5451 llegios
2599 5401 2744 5440 ιτιιιιι.
2773 5379 2930 5437 ’1659
2959 5391 3013 5435 et
3045 5381 3213 5444 editi,
3250 5400 3268 5432 ι
3311 5379 3476 5452 videt)

1913 5458 2179 5524 quomodo
2207 5454 2508 5522 bujnsmodi
2533 5453 2999 5524 distuli-tionibus,
3036 5469 3054 5502 ι
3088 5459 3196 5524 etc.

1985 5524 2096 5595 (95)
2137 5543 2154 5575 ι
2197 5519 2334 5593 Ergo
2385 5544 2402 5574 ι
2451 5523 2724 5576 omittitur
2772 5523 2823 5595 in
2873 5521 3053 5595 editis.
3087 5520 3286 5595 Deinde
3315 5519 3473 5595 iidem

1913 5589 2041 5648 editi
2075 5589 2126 5646 et
2156 5589 2294 5647 mss:
2317 5595 2552 5661 quidam,
2605 5613 2620 5642 ι
2675 5602 2728 5645 et
2763 5593 2830 5646 de
2859 5591 3053 5660 quibus
3095 5589 3147 5642 in
3195 5590 3328 5661 ipsq
3360 5590 3474 5642 loco

1910 5663 2062 5727 dicit,
2103 5683 2121 5714 ι
2155 5672 2284 5726 ete.,
2335 5657 2427 5716 sed
2469 5679 2570 5715 nis.
2611 5662 2807 5729 Iiegitts
2838 5657 2984 5716 ntuli.
3031 5661 3169 5717 1659
3211 5671 3266 5716 et
3295 5657 3470 5715 Raba-

1911 5750 2034 5800 nus,
2066 5734 2286 5798 rectius,
2319 5743 2374 5788 ut
2409 5733 2460 5787 in
2491 5743 2675 5788 nostro
2704 5742 2874 5787 textu.
