4048 6202
469 338 608 393 1185

1952 335 2287 395 οιιιιιιςιιιιει

3602 342 3741 397 Ill“

468 452 649 524 populi
709 454 1005 507 revocavit.
1044 452 1152 507 Sed
1194 452 1311 509 haec.
1342 451 1557 517 dicunt,
1613 452 1739 521 quia
1792 455 2045 512 sedentes
2073 459 2120 515 A
2147 456 2440 513 immundis
2477 455 2547 511 et'
2580 456 2816 513 sordidis
2844 457 3203 523 vestimentis,
3250 460 3302 512 ιιι
3346 472 3455 524 est,
3497 478 3739 530 corpore

465 546 533 598 ad
573 559 815 599 mensam
856 546 1095 614 potentis
1123 559 1230 600 non
1272 543 1481 600 faciunt
1508 545 1647 601 illud
1676 547 1821 617 quod
1848 549 2043 604 admo-

466 636 586 689 nuit
622 634 734 706 (ᾱο)
766 635 1020 690 Salomon
1066 638 1134 699 η,
1174 644 1235 691 ιιι
1278 636 1699 707 iutelligibiliter
1738 638 2042 710 intelligant

465 741 585 793 qum
614 728 860 796 apposita
898 740 1030 783 sunt
1075 730 1182 785 eis.
1228 730 1347 786 Non
1387 732 1536 787 enim
1580 733 1871 789 visibiliter
1903 733 2041 800 haec,

466 818 562 872 sed
616 819 1049 890 intelligibiliter,
1102 824 1204 878 hoc
1258 834 1369 886 est,
1421 824 1748 894 spiritaliter
1799 824 2044 879 facturus

467 907 827 975 prophetatus
853 921 936 965 est
967 911 1225 967 Christus
1252 913 1390 981 (2|).
1425 913 1560 966 Nam
1593 913 1879 968 :edilicavit
1914 928 2044 968 vere

465 993 745 1050 civitatem
771 996 891 1064 Dei,
915 999 1010 1054 sed
1037 1015 1101 1054 ex
1127 1000 1397 1070 lapidibus
1425 1002 1585 1066 vivis,
1610 1019 1676 1057 cx
1705 1004 1902 1071 quibus
1927 1002 2043 1075 (22)

468 1085 763 1142 suscitavit
791 1088 932 1143 lilios
954 1089 1210 1154 Abrahae,
1243 1101 1298 1145 ct
1343 1108 1408 1147 ex
1445 1093 1579 1163 ipsis
1616 1095 1902 1149 a‘dilicavit
1937 1096 2043 1150 Ec-

466 1176 691 1232 clesiam
750 1177 848 1233 Dei
896 1195 911 1244 ;
966 1188 1020 1235 et
1065 1183 1339 1236 conVertit
1397 1185 1772 1250 captivitatem
1833 1184 2040 1255 populi,

465 1281 659 1322 eorum
693 1284 832 1338 quos
871 1271 923 1325 in
966 1273 1204 1341 peccatis
1233 1284 1425 1343 captos
1452 1276 1702 1331 diabolus
1740 1277 2039 1331 detinebat.

464 1357 580 1415 Illis
604 1375 737 1431 ergo
767 1380 872 1418 non
907 1364 979 1418 ita
1014 1364 1460 1433 intelligentibus,
1501 1383 1692 1423 mensa
1732 1368 1847 1423 inec
1892 1368 2042 1423 Scri-

467 1461 644 1520 ptura:
673 1453 867 1509 divina:
896 1453 1034 1509 facta
1079 1464 1163 1510 est
1205 1474 1224 1507 ι
1257 1457 1308 1511 in
1342 1457 1614 1526 laqueum,
1645 1468 1699 1512 et
1742 1459 1794 1514 in
1830 1460 2040 1529 captio-

468 1557 610 1598 nem.
644 1563 663 1597 ι
698 1543 881 1600 Potest
927 1555 1110 1600 autem
1153 1556 1210 1602 et
1255 1547 1342 1603 illa
1390 1551 1571 1619 captio
1617 1565 1819 1606 mensa:
1879 1551 2042 1618 hujus

467 1634 662 1699 videri,
712 1650 816 1703 qua
872 1638 1129 1692 Dom‘nus
1157 1652 1252 1692 eos
1282 1640 1425 1708 cepit
1456 1655 1579 1696 eum
1612 1642 1751 1696 dixit
1792 1641 1859 1694 ad
1900 1657 1996 1695 eos
2026 1662 2039 1696 :

475 1744 496 1778 ι
524 1725 664 1794 Quid
692 1728 848 1783 vobis
881 1730 1094 1785 videtur
1123 1731 1190 1786 de
1218 1733 1480 1788 Christo?
1507 1733 1676 1801 Cujus
1715 1734 1886 1790 Filius
1913 1733 2044 1791 est?

468 1816 540 1871 At
570 1817 646 1872 illi
674 1820 1078 1887 responderunt
1121 1840 1136 1878 :
1187 1824 1375 1880 David.
1430 1825 1498 1880 Et
1545 1825 1804 1880 Dominus
1843 1844 1858 1879 :
1898 1826 2051 1892 Quo-
2076 1854 2119 1908 Β

469 1907 631 1962 modo
662 1922 794 1979 ergo
824 1909 962 1981 (Ξό),
999 1912 1198 1981 inquit.
1251 1914 1418 1969 David
1473 1914 1757 1970 Dominmn
1787 1930 1910 1970 eum
1947 1929 2044 1970 vo-

467 2008 579 2066 cat,
612 2001 803 2057 dicens
832 2019 847 2056 :
880 2002 1025 2058 Dixit
1055 2005 1315 2063 Dominus
1340 2008 1572 2063 Domino
1605 2023 1767 2064 meo:
1822 2006 1964 2064 Sede
2012 2023 2041 2063 a

467 2091 678 2146 dextris
706 2094 842 2147 meis
870 2095 1031 2166 (ειη
1059 2097 1127 2152 Ει
1175 2115 1281 2154 non
1326 2109 1586 2170 poterant
1617 2100 1666 2153 ei
1714 2099 2046 2168 respondere

469 2183 692 2236 verbum
727 2184 792 2237 ".
824 2204 841 2236 ι
880 2185 965 2240 Fit
998 2199 1182 2242 autem
1212 2200 1267 2243 et
1308 2208 1329 2241 ι
1366 2191 1419 2244 in
1457 2191 1870 2246 retributionem
1908 2210 1928 2244 ι
1965 2192 2047 2247 eis

466 2271 585 2327 lure
622 2287 830 2339 mensa,
871 2288 925 2329 ut
969 2278 1205 2334 breviter
1232 2282 1434 2345 dicam,
1468 2283 1767 2336 secundum
1816 2284 2043 2338 verbum

471 2360 686 2417 Domini
716 2379 824 2434 quo
856 2366 972 2420 ait:
1030 2386 1050 2420 ι
1092 2367 1305 2428 Putatis
1346 2372 1474 2437 quia
1515 2388 1616 2442 ego
1661 2389 1915 2428 accusent
1945 2390 2045 2430 vos

470 2455 614 2522 apud
640 2453 903 2512 Patrem?
935 2459 1029 2513 Est
1061 2462 1153 2527 qui
1188 2478 1283 2517 vos
1311 2472 1527 2517 accuset
1561 2461 1773 2534 Moyses
1796 2463 1881 2528 ⁸⁸ς
1929 2482 1950 2516 ι
1988 2475 2045 2518 et

467 2545 765 2602 secundum
801 2548 925 2602 illud
963 2553 1107 2617 quod
1136 2554 1424 2624 Apostolus
1462 2555 1598 2608 dicit
1643 2572 1658 2610 :
1711 2574 1731 2606 ι
1768 2555 2046 2625 Quotquot

473 2648 572 2703 per
603 2633 774 2704 legem
804 2637 919 2708 (25)
951 2653 1332 2709 peccaverunt,
1364 2658 1460 2713 per
1485 2644 1657 2714 legem
1701 2643 2038 2713 juclicabuno

468 2732 578 2781 tur.
609 2744 631 2778 ι
666 2726 751 2780 Fit
780 2739 959 2785 autem
990 2740 1045 2786 et
1072 2751 1092 2785 ι
1121 2734 1174 2788 in
1206 2734 1519 2790 scandalum
1545 2754 1563 2788 ι
1601 2739 1682 2793 eis
1712 2753 1898 2794 mensa
1930 2739 2046 2795 lucc

472 2814 575 2869 hoc
622 2819 800 2873 modo.
843 2819 916 2873 Ex
968 2821 1269 2891 Scriptnris
1318 2825 1628 2881 didicerant
1668 2826 1865 2893 Jndmi,
1914 2829 2042 2898 quia

472 2923 495 2957 ι
522 2905 777 2964 Christus
810 2908 864 2963 in
889 2921 1152 2966 mternum
1186 2925 1370 2971 manet
1402 2919 1482 2985 “;
1519 2939 1538 2971 ι
1579 2918 1764 2976 Jesum
1804 2936 1934 2976 vero
1964 2922 2045 2975 vi-

467 2997 658 3053 dentes
687 2999 740 3054 in
773 3016 960 3067 carne,
997 3013 1052 3059 et
1077 3021 1182 3060 non
1215 3008 1394 3062 solum
1434 3008 1487 3063 in
1530 3027 1719 3078 carne,
1767 3014 1861 3068 sed
1894 3023 1949 3068 et
1986 3013 2040 3069 itt

470 3098 667 3155 morte,
701 3100 755 3145 et
786 3102 963 3149 morte
1004 3098 1204 3163 crucis,
1246 3100 1766 3157 scandalizabanlur
1812 3105 1865 3159 in
1917 3120 2043 3159 eum

2151 558 2245 601 aut
2280 549 2447 603 corde
2472 547 2585 619 (26)
2620 547 2829 617 polluto
2856 550 2922 601 ad
2959 563 3200 602 mensam
3237 551 3525 618 sapientiae
3554 552 3744 603 mnsi-

2150 639 2415 702 deamus;
2454 639 2549 693 sed
2597 638 2837 705 speciem
2871 637 3039 692 l'uturi
3070 639 3123 693 in
3159 639 3318 694 uelis
3346 641 3591 693 convivii
3623 641 3741 708 jam

2151 746 2296 784 nunc
2323 731 2675 794 meditantes,
2701 746 2799 798 per
2832 730 3251 785 conversionem
3271 740 3325 784 et
3344 732 3741 799 paenitentiam

2152 819 2467 874 indumenta
2501 819 2745 888 quotidie
2787 815 3079 874 mundiora
3114 829 3170 875 ct
3224 820 3488 888 nuptialia
3522 838 3741 889 pra-pa.

2150 919 2352 963 remus.
2386 905 2584 972 quibus
2610 915 2847 971 utentes,
2880 906 3059 960 aulam
3108 907 3413 973 sapientia},
3462 918 3516 963 el
3560 910 3743 963 thala-

2152 1006 2270 1045 mos
2305 992 2398 1045 lilii
2436 993 2577 1063 regis
2610 994 2816 1049 intrare
2845 1010 3155 1049 mereamur
3180 996 3246 1049 ".

2222 1081 2275 1137 9.
2322 1100 2343 1134 ι
2385 1081 2517 1137 Dico
2540 1100 2712 1154 ergo:
2752 1083 3008 1151 Nunquid
3044 1085 3125 1138 sic
3159 1084 3503 1142 on‘endernnt
3542 1099 3603 1142 ut
3634 1105 3737 1141 ra-

2152 1171 2393 1227 derent?
2422 1172 2601 1227 Absit.
2642 1173 2747 1227 Sed
2781 1175 2994 1228 illorum
3032 1176 3231 1231 delicto
3268 1178 3420 1232 salus
3451 1179 3740 1248 gentibus,

2151 1273 2211 1317 ιιι
2239 1261 2365 1319 illos
2393 1262 2743 1319 aemulentur.
2775 1263 2933 1331 Quod
2960 1267 3004 1318 si
3039 1267 3296 1322 delictum
3338 1267 3559 1322 illorum
3593 1270 3746 1323 divi-

2152 1355 2240 1410 tiae
2288 1355 2494 1417 tntmdi,
2539 1365 2596 1410 et
2642 1356 2932 1410 diminutio
2981 1372 3171 1412 eorum
3216 1359 3422 1413 divitia-
3447 1361 3741 1430 gentium:

2150 1453 2361 1514 quanto
2411 1445 2584 1514 magis
2619 1446 2901 1513 plenitudo
2938 1463 3127 1502 eorum
3172 1448 3271 1502 “?
3316 1469 3337 1501 ι
3388 1452 3526 1505 Cum
3566 1468 3753 1505 emo-

2149 1536 2351 1592 suissct
2376 1537 2669 1608 Apostolus
2697 1553 2761 1593 ea
2787 1538 2842 1592 in
2871 1539 3068 1606 quibus
3095 1542 3412 1610 repudiatus
3432 1554 3515 1596 est
3540 1543 3749 1608 Israel,

2149 1636 2207 1683 et
2233 1627 2564 1683 introductae
2588 1639 2720 1685 sunt
2755 1640 2951 1701 gentes
2993 1647 3011 1697 ;
3051 1641 3107 1685 et
3152 1646 3522 1687 enumerasset
3564 1637 3750 1688 etiam

2152 1721 2470 1792 prophetias
2499 1735 2620 1791 qua:
2647 1721 2714 1777 de
2739 1723 2988 1778 caecitate
3026 1723 3293 1793 ipsorum,
3328 1735 3386 1780 et
3418 1726 3637 1794 laqueo,
3685 1738 3755 1782 et

2151 1812 2535 1878 retributione,
2588 1812 2960 1882 scandaloque
3010 1814 3376 1884 prmdixerant
3425 1815 3544 1887 (27)
3586 1836 3603 1871 :
3666 1834 3751 1873 ne

2150 1918 2365 1957 rursum
2397 1903 2652 1973 gentibus
2680 1902 2980 1958 insultantli
3010 1918 3207 1959 causas
3239 1914 3295 1958 et
3323 1906 3581 1960 elationis
3617 1923 3753 1959 ma-

2148 1992 2343 2046 teriam
2377 1991 2668 2062 prwbcret,
2700 1992 2879 2062 ipsum
2911 1991 3134 2046 lsraelis
3162 1991 3372 2062 lapsum
3403 1996 3541 2049 dicit
3567 1995 3754 2049 talem

2148 2081 2341 2147 fuisse,
2375 2097 2484 2135 non
2517 2088 2576 2136 ut
2600 2081 2677 2136 illi
2704 2081 2998 2146 caderent,
3042 2082 3136 2136 sed
3177 2093 3237 2136 ut
3263 2083 3461 2138 delicto
3488 2100 3597 2138 suo
3636 2101 3754 2138 sa-

2147 2174 2315 2228 lutem
2342 2174 2596 2242 gentibus
2624 2173 2858 2228 darent:
2896 2183 2952 2228 et
2983 2173 3105 2229 ait:
3140 2192 3161 2226 ι
3196 2172 3329 2228 Dico
3353 2189 3523 2246 ergo:
3573 2175 3741 2229 Νιιιιο

2146 2265 2277 2335 quid
2306 2265 2386 2319 sic
2424 2263 2770 2318 oll‘enderunt
2803 2274 2862 2319 ιιι
2886 2263 3195 2319 caderent?
3223 2263 3397 2320 Absit.
3453 2266 3565 2320 Sed
3600 2264 3747 2319 illo-

2148 2372 2271 2412 rum
2301 2355 2528 2420 delicto,
2563 2356 2710 2411 salus
2746 2355 3020 2426 gentibus.
3049 2374 3070 2407 ι
3110 2356 3175 2410 Et
3205 2358 3475 2425 quomodo
3506 2373 3577 2410 ex
3612 2357 3757 2410 illo—

2147 2464 2268 2504 rum
2315 2447 2518 2502 delicto
2567 2446 2716 2503 salus
2765 2446 3017 2517 gentibus
3052 2446 3237 2512 detur,
3275 2447 3515 2502 ostendit
3550 2466 3565 2502 :
3602 2466 3623 2499 ι
3666 2446 3756 2503 Ut.

2146 2542 2291 2607 illos,
2325 2559 2344 2593 ι
2366 2540 2566 2610 inquit,
2599 2557 2619 2591 ι
2648 2539 2974 2594 :emnlentur
2996 2537 3151 2608 (28):
3186 2557 3204 2588 ι
3235 2545 3341 2592 hoc
3366 2548 3472 2603 est,
3502 2551 3563 2591 ιιι
3593 2556 3757 2592 cott-

2146 2634 2457 2691 versionem
2493 2632 2738 2704 gentium
2773 2630 3042 2695 videntes,
3077 2639 3136 2685 et
3183 2640 3564 2685 testamentum
3614 2632 3754 2696 Dei,

2146 2727 2293 2800 quod
2339 2726 2441 2798 ipsi
2491 2725 2646 2796 prius
2706 2730 3059 2793 acceperant,
3101 2721 3210 2778 illis
3240 2722 3525 2785 traditum,
3572 2734 3633 2775 et
3666 2722 3763 2778 le-

2149 2836 2275 2892 gem
2303 2833 2371 2874 ac
2395 2817 2695 2889 prophetas
2718 2814 2864 2885 apud
2892 2828 2988 2869 eos
3014 2812 3219 2882 majore
3254 2823 3310 2867 et
3346 2813 3598 2882 digniore
3637 2815 3756 2868 lna-

2145 2911 2266 2968 beri
2294 2908 2666 2973 observantia,
2697 2907 2878 2963 zelum
2909 2906 3130 2977 capiant
3162 2905 3330 2961 etiam
3387 2905 3488 2972 ipsi
3524 2905 3584 2958 in
3634 2921 3757 2958 tm-

2148 3002 2391 3060 vissimis
2416 3000 2612 3056 saltem
2641 2997 2979 3068 temporibus
3020 3016 3036 3052 :
3067 3006 3121 3051 et
3166 2996 3313 3052 sicut
3340 3013 3481 3050 nunc
3509 2996 3759 3052 illorum

2149 3095 2336 3167 lapsus
2379 3094 2613 3147 salutem
2648 3090 2904 3158 gentibus
2951 3088 3123 3155 dedit,
3182 3088 3253 3141 ita
3302 3088 3543 3158 gentium
3601 3088 3759 3142 lides

436 3198 440 3203 ·
478 3183 785 3237 nescientes
833 3184 957 3252 quia
1009 3204 1029 3237 ι
1075 3189 1177 3242 etsi
1230 3204 1422 3255 passus
1451 3201 1535 3247 est
1566 3208 1632 3247 ex
1664 3195 1980 3252 inﬁrmitate
2020 3217 2040 3250 ι
2072 3184 2116 3244 C
2149 3197 2205 3241 et
2262 3182 2612 3238 conversatio
2654 3178 2843 3235 lsraeli
2889 3178 3294 3233 mntulationem
3353 3178 3763 3233 conversionis

464 3273 670 3338 carnis,
727 3291 746 3324 ι
796 3277 891 3328 sed
949 3276 1078 3331 vivit
1114 3294 1179 3334 ex
1211 3282 1414 3335 virtute
1468 3283 1562 3338 Dei
1594 3284 1660 3340 ".
1698 3304 1715 3337 ι
1754 3285 1877 3341 llmr
1909 3304 2045 3353 ergo

467 3361 678 3434 singula
731 3366 855 3435 quia
909 3383 1013 3421 non
1052 3369 1472 3441 intelligibililer
1520 3388 1886 3446 acceperunt,
1925 3395 2045 3448 qmc

468 3456 712 3525 apposita
766 3468 897 3513 sunt
929 3460 1012 3513 eis
1052 3462 1118 3516 ad
1169 3477 1413 3518 mensam
1460 3467 1721 3535 potentis,
1761 3469 2043 3523 scandali-

466 3542 575 3596 zati
628 3554 778 3611 sunt,
813 3554 868 3601 et
898 3548 1016 3618 ipsa
1052 3566 1237 3607 mensa
1274 3552 1687 3623 Scripturarum
1713 3558 2041 3616 divinarum

466 3631 610 3688 facta
643 3645 726 3691 est
763 3638 845 3692 eis
873 3639 925 3694 in
955 3642 1301 3710 scandalum,
1333 3656 1390 3700 et
1420 3648 1704 3705 obscurati
1732 3663 1860 3705 sunt
1901 3652 2044 3708 oculi

466 3740 657 3781 eorum
692 3730 991 3785 secundum
1017 3747 1080 3787 ea
1106 3750 1226 3802 qua:
1256 3750 1419 3805 supra
1443 3738 1703 3803 diximus.
1735 3751 1790 3796 et
1818 3743 2042 3797 dorsum

466 3830 655 3874 eorum
692 3832 977 3877 curvatum
1012 3836 1096 3879 est
1129 3841 1347 3895 semper
1374 3828 1436 3881 ¹⁶.
1474 3828 1660 3898 Neque
1696 3833 1840 3887 enim
1871 3834 2044 3888 debe-

471 3917 594 3963 rent
623 3910 763 3965 ultra
797 3913 993 3968 ctelum
1025 3917 1294 3987 aspicere,
1343 3919 1438 3993 qui
1487 3920 1540 3975 in
1567 3931 1874 3977 creatorem
1918 3923 2041 3980 ραιιί

471 4012 854 4066 peccaverunt,
899 4017 956 4057 et
999 4005 1052 4059 in
1102 4006 1387 4065 Dominum
1440 4012 1768 4083 majestatis.
1834 4013 1940 4068 Sed
1992 4023 2048 4070 ct

473 4087 770 4158 unicuique
799 4101 1045 4145 nostrum
1075 4099 1373 4151 verendmn
1416 4109 1499 4155 est
1535 4116 1603 4155 ne
1631 4102 1770 4157 forte
1797 4103 1912 4159 hmc
1960 4106 2044 4158 di-

468 4175 722 4230 vinorum
757 4181 1047 4235 verborum
1076 4199 1286 4244 mensa.
1319 4190 1386 4242 ad
1418 4206 1582 4259 quam
1618 4193 1868 4248 videmur
1908 4210 2038 4250 con-

469 4267 683 4322 sedisse
714 4277 773 4321 ut
802 4270 989 4324 cibum
1020 4273 1171 4330 verbi
1204 4275 1297 4331 Dei
1330 4294 1428 4346 pro
1464 4281 1828 4350 possibilitate
1854 4298 2044 4340 suma-

473 4372 616 4423 mus,
654 4359 744 4413 liat
775 4362 829 4416 in
859 4361 1132 4431 laqueum,
1168 4370 1251 4422 vel
1284 4371 1335 4424 in
1370 4372 1811 4441 retributionem,
1870 4376 1952 4430 vel
1988 4379 2042 4431 in

472 4452 817 4518 scandalum,
847 4454 892 4509 si
927 4471 1033 4510 non
1061 4457 1491 4534 intelligibiliter,
1516 4474 1572 4520 et
1598 4475 1657 4518 ut
1687 4465 1910 4535 dignum
1939 4478 2044 4538 est,

2149 3277 2405 3333 conferat
2429 3285 2485 3329 ct
2513 3274 2729 3328 salutis.
2762 3271 3179 3327 Observandum
3227 3279 3406 3323 tamen
3445 3278 3551 3333 est,
3579 3274 3753 3339 quod

2149 3370 2297 3426 aliud
2331 3369 2481 3440 ponit
2510 3365 2709 3421 Paulus
2739 3365 2854 3437 ('29)
2892 3363 3168 3418 oll‘endere
3195 3378 3261 3417 ac
3294 3362 3642 3431 delinquere,
3684 3374 3759 3416 et

2148 3462 2294 3518 aliud
2336 3463 2535 3515 cadere
2571 3476 2586 3512 :
2626 3467 2682 3512 et
2726 3452 3013 3512 oll‘ensioni
3046 3455 3265 3523 quidem
3312 3455 3397 3509 vel
3424 3454 3627 3508 delicto
3651 3469 3756 3508 re—

2151 3553 2394 3611 medium
2448 3551 2603 3621 ponit
2627 3571 2645 3605 δ
2670 3549 2938 3604 cecidisse
2988 3557 3171 3601 autem
3201 3561 3318 3613 eos,
3349 3546 3507 3615 quasi
3541 3545 3759 3614 deSpe-

2151 3647 2291 3703 ratio
2326 3646 2380 3700 in
2417 3645 2522 3700 hoc
2570 3643 2642 3699 sit
2696 3642 2903 3711 aliqua,
2957 3655 3063 3694 non
3117 3640 3334 3711 recipit.
3383 3639 3525 3695 Dicit
3565 3638 3761 3712 63‘

2146 3740 2293 3797 enim
2342 3758 2355 3794 :
2407 3755 2428 3790 ι
2460 3735 2713 3807 Nunquid
2763 3735 2844 3789 sic
2894 3732 3264 3799 oﬂenderunt,
3326 3740 3385 3786 ut
3435 3731 3757 3787 caderent?

2147 3831 2325 3887 Absit.
2357 3829 2466 3884 Sed
2501 3828 2714 3882 illorunt
2755 3825 2952 3881 delicto
2978 3824 3126 3879 salus
3161 3823 3432 3893 gentibus.
3468 3841 3488 3875 ι
3541 3822 3612 3877 Et
3655 3833 3758 3879 est

2150 3924 2349 3978 mirum
2382 3925 2654 3993 quomodo
2687 3921 2739 3974 in
2770 3927 2849 3974 tot
2878 3928 2933 3972 et
2961 3917 3167 3973 talibus
3202 3932 3322 3986 qua:
3350 3918 3415 3972 de
3438 3916 3523 3971 eis
3552 3919 3759 3972 munis

2150 4011 2407 4081 Epistulae
2439 4021 2619 4066 textus
2662 4010 2907 4078 exponit,
2937 4009 3205 4063 cecidisse
3234 4018 3417 4061 tamen
3444 4021 3543 4060 eos
3577 4018 3759 4078 neget

2148 4098 2468 4167 Apostolus.
2511 4098 2618 4152 Sed
2671 4096 2889 4150 videtur
2938 4096 3069 4149 tnihi
3107 4096 3252 4165 qttod
3278 4095 3479 4150 Paulus
3505 4097 3755 4151 cadendi

2149 4189 2488 4245 dtll‘ercntias
2549 4191 2688 4244 bene
2735 4192 2971 4255 noverit,
3016 4200 3073 4244 et
3121 4188 3269 4242 aliud
3318 4188 3458 4243 sciat
3488 4203 3617 4243 esse
3649 4204 3755 4242 ca-

2149 4283 2299 4348 dere,
2344 4282 2647 4337 secundum
2677 4283 2809 4338 illud
2845 4283 2988 4351 quod
3016 4284 3283 4349 scriptum
3309 4290 3432 4335 est:
3471 4299 3492 4331 ι
3524 4280 3755 4349 ὃρριιθε

2148 4372 2306 4428 cadet
2324 4371 2532 4441 justus,
2567 4384 2623 4429 et
2662 4384 2912 4445 resurget
2955 4378 3103 4440 "4°;
3136 4397 3154 4428 ι
3180 4385 3234 4431 et
3262 4373 3465 4433 iterum
3498 4378 3513 4429 ξ
3566 4393 3587 4425 ι
3623 4372 3751 4429 Νυιί

2153 4465 2286 4520 mihi
2320 4467 2606 4534 insultare,
2639 4467 2857 4522 inimica
2884 4482 3028 4532 mea,
3058 4466 3185 4536 quia
3218 4465 3392 4520 cecidi
3422 4483 3436 4519 :
3468 4474 3525 4519 et
3561 4481 3755 4520 resur.

476 4544 711 4598 mundos
734 4560 800 4600 ex
841 4562 927 4612 ea,
955 4559 1012 4603 et
1048 4565 1213 4619 puros
1240 4567 1302 4608 ac
1332 4554 1608 4623 spiritales
1631 4557 1783 4614 cibos
1824 4560 2043 4629 sapien-
2080 4529 2122 4583 θ
2154 4575 2278 4630 gam
2302 4561 2343 4592 ’ί
2376 4577 2391 4627 ;
2427 4580 2445 4613 ι
2483 4571 2537 4617 et
2551 4564 2847 4618 secundum
2874 4562 3019 4632 quod
3045 4559 3314 4615 Jeremias
3336 4558 3468 4612 dicit
3496 4576 3512 4613 :
3542 4577 3561 4611 ι
3595 4556 3753 4611 Nun-

475 4632 566 4687 tia:
599 4639 881 4704 capiamus
914 4652 930 4692 :
974 4640 1140 4695 etiam
1171 4642 1299 4699 illud
1331 4647 1539 4715 pariter
1577 4648 1933 4705 observantes
1976 4666 2046 4706 ne

543 4765 584 4797 ¹¹
617 4767 775 4851 Prov.
801 4773 1085 4851 XAX_lll,_i_.__
1114 4774 1373 4851 “Matth.
1417 4792 1556 4851 satu,
1580 4779 1800 4851 sisqq.

1884 4783 1926 4814 ⁸³
1969 4781 2127 4837 Joan.
2156 4800 2209 4848 v,
2241 4783 2330 4838 45.
2410 4783 2453 4816 ⁸⁸
2479 4781 2636 4839 JOan.
2660 4800 2757 4841 sit.
2783 4784 2874 4838 54.

2154 4651 2285 4721 quid
2322 4653 2417 4723 qui
2451 4654 2620 4719 cadit,
2656 4669 2762 4708 non
2797 4653 3020 4723 atljiclet
3069 4663 3125 4705 ιιι
3179 4651 3478 4718 resurgat?
3521 4660 3619 4703 aut
3651 4650 3747 4719 qui

2954 4784 2999 4815 ¹⁸
3028 4782 3066 4837 ll
3088 4782 3208 4838 Cor.
3234 4797 3349 4847 xm,
3380 4781 3435 4835 4.
3517 4784 3561 4813 ¹⁶
3595 4781 3747 4842 Psal.

467 4851 661 4902 vant,
686 4839 782 4904 25,
815 4841 906 4897 24.
974 4843 1015 4874 "
1040 4843 1228 4900 Matth.
1257 4862 1392 4913 uti,
1430 4848 1513 4902 l2.
1544 4839 1551 4843 ⁷
1582 4850 1625 4882 ³³
1652 4839 1808 4905 Rom.
1833 4865 1907 4916 ιιι,
1930 4854 2016 4917 Η,

2198 4839 2331 4887 ἰνοίο
2361 4849 2518 4908 Prov.
2550 4868 2703 4919 xxtv,
2734 4839 2818 4908 l6.
2895 4854 2937 4883 "
2967 4851 3127 4905 Mith.
3156 4868 3248 4912 vn.
3275 4861 3321 4906 κ.

539 4954 652 5023 (20)
680 4956 850 5038 Alias,
870 4962 1296 5038 («.eommonuit,
1322 4980 1339 5008 ι
1371 4963 1488 5029 (aL,
1525 4983 1544 5015 ι
1588 4967 1855 5038 monuit);
1886 4968 2043 5024 Salo-

472 5040 599 5096 mon
631 5028 776 5096 qtle
806 5028 1238 5096 intelligibiliter,
1283 5050 1302 5083 ι
1337 5028 1441 5088 etc.

540 5094 652 5171 (2i)
701 5095 863 5162 Editi,
909 5117 928 5149 ι
986 5094 1087 5153 hoc
1135 5110 1256 5165 est,
1304 5103 1619 5171 spiritaliter
1670 5104 1910 5161 facturus
1954 5119 2041 5163 est

467 5164 738 5238 Christ_ns.
775 5177 828 5221 et
851 5171 1204 5238 prophetatus
1222 5181 1306 5225 est
1335 5164 1614 5229 "Christus.
1653 5193 1672 5225 ι
1711 5176 1911 5232 Deinde
1939 5194 2039 5232 ms.

469 5233 1018 5312 unusllegius'nttnt.
1053 5239 1211 5306 l639,
1237 5257 1542 5312 perperam,
1582 5263 1601 5296 ι
1631 5246 1733 5310 Qui
1769 5262 1876 5301 non
1909 5249 2044 5302 aedi--

471 5307 650 5359 licavit
679 5322 825 5370 vere,
870 5327 889 5357 ι
929 5320 1036 5363 etc.

686 5376 780 5430 Ms.
802 5377 1002 5453 Regius
1032 5397 1181 5435 num.
1204 5380 1364 5449 {659,
1384 5383 1587 5437 omittit
1616 5400 1636 5433 ι
1671 5399 1737 5439 ex
1768 5386 1986 5453 quibus.
2023 5408 2041 5440 ι

475 5443 613 5529 βιιίιί
669 5460 798 5529 vero
833 5443 1059 5529 habent,
1109 5471 1127 5502 ι
1169 5453 1219 5505 in
1252 5443 1471 5521 quibus;
1515 5471 1534 5505 ι
1588 5462 1642 5508 et
1685 5443 1894 5524 postea,
1926 5473 1947 5510 t
1992 5468 2050 5513 ιιι

474 5525 753 5586 convertat
779 5525 1175 5586 captivitati-tn,
1219 5541 1238 5572 ι
1269 5532 1376 5579 etc.

685 5581 860 5657 Ergo;
877 5587 1036 5643 Deest
1060 5591 1111 5644 itt
1135 5581 1318 5645 editis.

539 5652 654 5733 (24)
689 5652 825 5733 Sede
872 5674 905 5711 ιι
957 5659 1158 5733 dextris
1209 5662 1520 5722 "16:5."ch
1563 5662 1950 5725 desiderantur
1996 5665 2050 5720 in

469 5732 630 5777 antea
660 5724 841 5780 editis.
984 5730 1005 5753 ‘

539 5791 655 5869 (ὶὸ)
697 5792 796 5850 Ms.
819 5793 1018 5867 Regius
1046 5813 1196 5856 num.
1230 5799 1387 5869 1669,
1427 5821 1444 5854 ι
1479 5803 1757 5870 Quotquot
1778 5806 1833 5862 in
1859 5806 1996 5867 leae.
2026 5823 2050 5859 ο

2151 4965 2469 5042 etc-Alica.
2509 4983 2529 5017 ί
2567 4964 2892 5042 Quicunque
2921 4980 3018 5034 Per
3052 4964 3450 5042 lassum-“c.0-

2225 5036 2340 5103 (26)
2376 5035 2469 5090 Sic
2504 5052 2606 5088 ms.
2636 5034 2839 5104 Regius
2870 5049 3019 5089 num.
3047 5034 3206 5088 1659.
3242 5034 3384 5087 Editi
3430 5047 3583 5091 vero.
3622 5051 3645 5084 ι
3679 5051 3745 5089 ac

2152 5111 2388 5180 corde,»
2422 5103 2936 5180 ettz.‘blss.‘qnidam
2963 5115 3018 5180 et
3048 5104 3323 5163 liabanus,
3357 5118 3378 5152 ι
3412 5111 3465 5180 et
3499 5108 3741 5180 corde.)

2149 5186 2256 5232 etc.
2282 5175 2487 5229 Deinde
2513 5175 2670 5229 iidem
2699 5175 2920 5239 habent,
2946 5174 3110 5239 alius,
3140 5191 3158 5223 ι
3188 5185 3282 5228 aut
3306 5174 3604 5240 spccienm
3624 5178 3741 5238 alii,

2155 5265 2173 5298 ι
2215 5258 2268 5298 et
2297 5245 2706 5313 speciettt,uetc.
2737 5244 2892 5299 Male.

2216 5311 2337 5383 (27)
2364 5316 2457 5369 Sic
2482 5328 2673 5368 omnes
2697 5330 2828 5368 mss.
2862 5315 3053 5368 nostri.
3082 5312 3221 5367 Editi
3242 5327 3387 5378 vero,
3440 5331 3459 5363 ι
3498 5311 3745 5382 Prophe-

2150 5393 2235 5438 tas
2296 5385 2388 5451 qni
2447 5386 2515 5439 de
2567 5386 2812 5438 caecitate
2877 5384 3189 5454 ipsorum...
3251 5388 3739 5439 et.rctributtoue

2149 5453 2814 5523 seandalirpra-dixerant.
2858 5474 2875 5505 ι

2222 5522 2335 5593 (28)
2383 5522 2450 5577 Ut
2484 5523 2643 5589 illos,
2689 5525 2879 5592 inquit,
2918 5522 3252 5577 a’muleutur.
3300 5522 3426 5577 llaec
3452 5523 3648 5578 desunt
3684 5527 3738 5576 in

2151 5594 2337 5656 editis,
2373 5605 2427 5648 et
2456 5595 2508 5647 in
2544 5594 2815 5662 plerisque
2844 5610 2973 5650 mss.
2998 5603 3053 5647 et
3082 5595 3223 5662 apud
3270 5594 3553 5648 llaltanum
3588 5610 3601 5645 :
3636 5593 3742 5649 sed

2156 5666 2521 5717 restituuntur
2552 5680 2616 5716 ex
2643 5681 2746 5719 ms.
2776 5663 2941 5732 liegio
2976 5679 3126 5716 tttttn.
3157 5664 3316 5720 1659.

2229 5733 2341 5807 (29)
2376 5733 2605 5791 Paulus.
2637 5733 2799 5789 Deest
2836 5734 2890 5788 in
2921 5741 3082 5788 antea
3110 5732 3292 5788 editis.
