4048 6202
520 242 657 301 1187

1986 239 2309 298 ΟΒΙΟΕἺΙΞ

3680 0 3709 51 Ι

3640 246 3785 302 1183

522 376 621 416 nes
647 360 828 416 mundi
854 359 1138 432 appellatio
1163 358 1400 413 refertur
1431 375 1445 411 :
1482 343 1688 413 idcirco
1719 357 1913 426 repetit
1941 357 2083 426 Apo-
2122 367 2165 421 Α
2192 357 2290 412 bus
2317 357 2676 423 crediderant,
2703 358 2867 416 dicit:
2891 379 2909 412 ι
2936 358 3101 417 Vobis
3122 359 3267 417 enim
3296 362 3417 419 dico
3446 362 3731 431 gentibus.
3757 382 3777 415 ι

520 452 712 517 stolas,
743 464 795 507 et
822 452 1166 506 manifestius
1195 450 1249 504 in
1285 464 1394 519 quo
1424 449 1626 503 dixerit
1655 448 1915 504 mundum
1944 450 2091 504 desi-

519 555 669 614 gnat.
692 547 783 598 Ait
812 544 954 597 enim
983 558 995 593 :
1034 560 1052 592 ι
1087 541 1150 595 Ει
1177 539 1467 594 diminutio
1496 539 1607 610 (Η)
1636 555 1825 596 eorum
1844 579 1860 602 ,
1888 540 2091 595 divitia:

520 635 783 702 gentium.
830 652 849 684 ι
885 633 1037 699 Quod
1086 632 1233 685 enim
1267 630 1371 684 illis
1408 631 1499 700 qui
1532 629 1874 687 oﬂ'enderunt
1927 631 2090 686 dimi-

523 732 708 774 nutum
735 731 819 776 est
842 730 896 775 et
917 722 1180 786 ablatum,
1212 721 1278 774 ad
1305 721 1528 777 divitias
1562 722 1802 792 gentium
1832 719 2091 777 collatum

521 823 625 871 est,
656 813 746 879 qui
776 827 870 881 per
895 812 1048 866 fidem
1066 828 1193 882 pars
1219 813 1429 868 Domini
1447 824 1502 868 et
1533 813 1817 869 haereditas
1840 814 1961 883 ejus
1982 813 2092 883 (i8)

527 897 704 953 rffecti
732 911 881 955 sunt.
911 901 1055 956 Bene
1097 911 1277 955 autem
1311 902 1378 955 ad
1412 902 1827 957 diminutionem
1863 902 2096 960 reddidit

518 991 928 1060 plenitudinem.
977 1001 1025 1043 et
1063 1007 1167 1046 non
1196 994 1315 1048 sine
1356 994 1623 1061 profundo
1652 995 1889 1064 quodam
1931 1009 2091 1050 sensu

519 1090 775 1160 populum
818 1088 981 1143 lsrael
1018 1088 1216 1146 Paulus
1256 1088 1644 1159 plenitudinem
1679 1097 1854 1139 vocat.
1886 1083 1942 1138 In
1986 1100 2094 1154 quo

519 1196 620 1250 ego
651 1198 749 1250 pro
789 1180 997 1235 viribus
1040 1181 1176 1235 meis
1216 1180 1322 1233 tale
1360 1177 1565 1248 aliquid
1608 1175 1895 1245 intelligo:
1939 1173 2095 1229 Nunc

520 1272 740 1336 quidem
783 1272 955 1324 donec
990 1286 1182 1326 oinues
1220 1278 1409 1341 gente;
1461 1270 1686 1321 veniunt
1733 1267 1800 1319 ad
1837 1265 2094 1329 salutem,

521 1374 927 1431 congregantur
956 1362 1155 1415 divitia:
1190 1363 1281 1416 Dei
1312 1377 1376 1416 ex
1413 1360 1751 1414 credentium
1791 1356 2096 1411 multitudi-

521 1469 589 1508 ne
625 1469 641 1506 :
678 1454 770 1507 sed
793 1454 962 1510 donec
988 1451 1152 1506 Israel
1181 1453 1232 1507 in
1264 1450 1645 1507 incredulitate
1673 1447 1937 1517 persistit,
1962 1461 2097 1500 nou-

519 1543 649 1617 dum
685 1543 962 1611 plenitudo
996 1543 1264 1612 portionis
1315 1542 1527 1598 Domini
1569 1541 1780 1597 dicetur
1821 1537 1934 1610 (19)
1975 1552 2096 1594 esse

521 1634 813 1705 completa.
854 1632 1014 1687 Deest
1036 1635 1181 1688 enim
1227 1635 1293 1688 ad
1334 1635 1601 1703 integrum
1634 1629 1868 1700 populus
1905 1625 2091 1684 Israel.

2192 447 2331 513 Quid
2353 463 2485 518 ergo
2524 450 2670 506 dicat
2719 452 2970 520 gentibus
3001 451 3605 519 videamusJQuandiu
3661 456 3782 521 qui-

2192 538 2315 593 dem
2346 553 2446 605 ego
2491 554 2632 603 sum,
2670 539 2869 609 inquit,
2907 539 3185 609 apostolus
3224 541 3492 607 gentium,
3528 539 3783 596 ministe.

2194 627 2335 681 rium
2374 644 2553 682 meum
2577 629 2949 695 illustrabo,si
2967 644 3076 700 quo
3107 630 3266 685 modo
3297 631 3349 684 in
3376 630 3781 685 mulationem

2195 715 2484 771 immittam
2525 733 2745 773 carnem
2780 732 2979 783 meam,
3029 726 3086 772 et
3110 717 3300 773 salvos
3326 716 3531 772 faciam
3565 719 3784 789 aliquos

2194 823 2257 860 ex
2296 808 2424 862 illis.
2463 826 2481 859 ο
2527 809 2677 863 Dicet
2710 809 2954 877 aliquis:
2988 810 3142 876 Quod
3171 810 3272 872 ait,
3312 828 3332 861 ι
3370 809 3633 877 Quandiu
3678 824 3783 879 ego

2199 913 2317 952 sum
2372 900 2648 967 apostolus
2701 902 2968 970 gentium,
3006 919 3025 952 ι
3059 900 3160 955 hoc
3194 901 3412 955 videtur
3457 902 3781 964 ostendere,

2198 991 2342 1057 quod
2372 1004 2475 1043 non
2505 1004 2719 1059 semper
2749 990 2855 1043 erit
2889 991 3164 1061 apostolus
3183 991 3424 1061 gentium
3449 1008 3465 1055 ;
3502 990 3603 1045 sed
3630 1005 3786 1043 com-

2195 1078 2337 1146 pleto
2363 1079 2685 1142 ministerio,
2728 1080 2959 1133 aliorqu
2992 1080 3363 1151 quorumlibet
3400 1079 3685 1150 apostolus
3708 1080 3785 1133 sit

2196 1168 2429 1224 futurus.
2464 1169 2571 1224 Sed
2599 1181 2861 1240 quantum
2913 1180 2968 1224 et
3010 1186 3078 1226 ex
3113 1170 3287 1241 ipsius
3314 1171 3693 1236 sermonibus,
3724 1178 3785 1222 et

2194 1273 2258 1313 es
2311 1275 2489 1315 rerum
2542 1272 2820 1331 gestarmn
2871 1262 3084 1316 ratione
3109 1261 3411 1332 colligitur,
3437 1262 3687 1331 quandiu
3723 1261 3779 1314 in

2198 1349 2300 1406 hoc
2353 1351 2555 1406 mundo
2604 1350 2727 1416 fuit,
2783 1353 3151 1420 permansisse
3210 1351 3262 1405 in
3314 1352 3422 1407 lide
3452 1362 3511 1406 et
3547 1351 3782 1406 veritate

2196 1441 2477 1510 apostolus
2512 1442 2755 1512 gentium
2801 1444 3209 1510 comprobatur.
3263 1441 3405 1509 Quid
3449 1455 3579 1512 ergo
3631 1442 3771 1496 dice-

2196 1546 2317 1584 utus
2334 1528 2360 1582 ἳ
2375 1528 2777 1600 Nunquidnam,
2813 1539 3066 1600 tauquam
3091 1547 3283 1586 servus
3303 1533 3476 1586 bonus
3499 1542 3555 1586 et
3577 1533 3783 1594 fidelis,

2197 1620 2288 1689 qui
2339 1621 2392 1675 in
2446 1622 2636 1692 paucis
2683 1622 2859 1677 fuerat
2903 1622 3077 1677 fidelis
3122 1622 3191 1689 ⁸⁸,
3244 1624 3451 1678 sciebat
3501 1637 3563 1677 se
3612 1638 3784 1693 super

521 1697 662 1780 Cuni
675 1739 800 1780 vero
814 1724 1084 1793 plenitudo
1106 1726 1344 1795 gentium
1362 1697 1843 1780 subintraverit“.
1862 1732 1916 1775 et
1938 1718 2097 1775 Israel
2130 1697 2172 1752 Β
2203 1710 2366 1764 multa
2402 1712 2844 1767 coustitucudum
2864 1753 2880 1776 .
2907 1721 2961 1768 et
2991 1713 3296 1782 apostolum
3326 1712 3571 1767 futurqu
3606 1713 3778 1767 etiam

526 1816 580 1870 in
600 1817 895 1870 novissimo
922 1824 1164 1885 tempore
1193 1831 1288 1885 per
1313 1815 1471 1869 fidem
1512 1811 1716 1867 venerit
1744 1812 1811 1865 ad
1839 1811 2095 1875 salutem,

523 1906 639 1975 ipse
667 1906 769 1959 erit
797 1904 1025 1974 pepulus
1064 1905 1154 1975 qui
1188 1906 1338 1974 prior
1367 1905 1588 1975 quidem
1622 1901 1833 1968 fuerat;
1873 1901 1966 1955 sed
1996 1914 2098 1954 uo-

522 1998 779 2053 vissimus
803 1995 1026 2052 veniens
1055 1996 1225 2065 ipsam
1252 1993 1652 2065 quodammodo
1681 1990 2015 2046 luereditatis
2042 1998 2096 2043 et

520 2089 791 2159 portionis
830 2085 1040 2143 Domini
1092 2084 1482 2155 plenitudinem
1517 2083 1815 2152 complebit
1861 2080 1997 2153 (50).
2030 2080 2097 2134 Et

525 2179 646 2233 ideo
673 2196 692 2230 ι
726 2176 1005 2247 plenitudo
1034 2195 1053 2228 ι
1086 2174 1423 2244 appellatur,
1471 2175 1598 2244 quia
1629 2171 1773 2242 quod
1819 2170 2009 2227 deerat
2041 2170 2094 2225 in

523 2269 771 2336 portione
806 2265 921 2330 Dei,
962 2265 1012 2318 in
1048 2263 1358 2318 novissimis
1400 2263 1515 2331 ipse
1548 2261 1849 2331 complebit
1880 2276 1894 2313 :
1938 2270 1995 2314 et
2023 2259 2094 2313 ita

471 2382 483 2398 ι
521 2357 909 2424 omnipotentis
924 2365 981 2410 et
1006 2354 1132 2411 boni
1164 2355 1254 2408 Dei
1283 2353 1618 2425 dispensatio
1649 2352 1841 2407 delicta
1867 2351 2094 2406 aliorum

519 2444 795 2502 fructuosa
827 2446 947 2500 aliis
966 2444 1149 2509 cilicii,
1177 2444 1316 2500 sicut
1347 2445 1399 2497 in
1426 2442 1678 2513 prrcseuti
1711 2443 1904 2498 delicta
1929 2441 2095 2498 ιενευσι

524 2536 747 2592 divitias
793 2536 976 2591 mundi
1013 2536 1160 2601 facit,
1197 2544 1253 2590 et
1288 2534 1700 2589 diminutionem
1734 2550 1923 2589 eorum
1957 2534 2097 2588 divi-

526 2630 628 2682 tias
668 2628 929 2698 geutium.
975 2624 1092 2681 Jam
1138 2642 1267 2680 sane
1306 2623 1350 2680 si
1383 2635 1438 2680 et
1485 2641 1550 2681 ex
1589 2626 1832 2696 gentium
1885 2625 2097 2681 delictis

522 2735 644 2786 qum
691 2721 998 2775 necessario
1029 2717 1370 2788 delinquunt,
1408 2717 1513 2771 tale
1545 2716 1748 2787 aliquid
1785 2717 1945 2772 faciat
1975 2735 2094 2771 οιιι-

522 2811 669 2863 nium
684 2811 1045 2880 dispensator,
1066 2821 1121 2864 et
1138 2809 1415 2878 aliquibus
1427 2824 1492 2863 ex
1509 2808 1587 2862 eis
1599 2808 1815 2862 divitias
1830 2800 2093 2874 conferat,

522 2915 590 2954 ne
619 2901 718 2955 hoc
763 2902 917 2969 quasi
948 2901 1181 2971 speciale
1205 2900 1376 2954 solius
1412 2899 1579 2955 lsrael
1611 2898 1779 2955 fuisse
1810 2897 2091 2969 videatur,

521 2989 616 3042 sed
659 2992 884 3058 a~quitas
928 2991 1066 3058 apud
1108 2989 1315 3058 justum
1359 2996 1414 3043 et
1459 2987 1659 3042 bonum
1713 2989 1883 3043 Deum
1934 3004 2095 3058 super

521 3076 774 3134 omnibus
814 3080 1099 3143 habeatur,
1132 3079 1298 3135 etiam
1347 3087 1403 3133 tu
1448 3080 1588 3148 apud
1611 3080 1966 3151 gtemetipsum
2006 3081 2098 3150 qui

520 3170 676 3241 legis,
710 3173 977 3241 requirite
1004 3170 1142 3244 (5|).

594 3262 682 3317 10.
718 3281 738 3314 ι
772 3262 933 3317 Vobis
962 3262 1105 3316 enim
1133 3260 1256 3315 dico
1285 3261 1538 3331 gentibus
1566 3276 1580 3313 :
1609 3260 1858 3329 Quandiu
1880 3263 2097 3333 quidem

520 3369 623 3423 ego
648 3370 766 3408 sum
802 3353 1075 3422 apostolus
1102 3352 1360 3423 gentium,
1399 3351 1761 3407 ministerium
1814 3368 1991 3409 meum
2031 3355 2099 3407 il-

526 3442 791 3508 lustrabo,
817 3445 858 3498 si
877 3458 983 3512 quo
1034 3444 1193 3496 modo
1215 3441 2097 3514 in:emulationemimmittam(52)

521 3551 738 3591 carnem
772 3554 968 3602 meam,
1003 3546 1059 3591 et
1079 3536 1259 3589 salvos
1290 3532 1489 3589 faciam
1518 3534 1736 3605 aliquos
1762 3549 1828 3590 ex
1860 3535 1987 3590 illis.
2035 3534 2092 3590 Si

521 3630 666 3682 enim
694 3628 918 3682 amissio
957 3641 1145 3682 eorum
1192 3626 1568 3681 reconciliatio
1611 3637 1693 3681 est
1731 3628 1937 3691 mundi,
1975 3644 2097 3699 (lure

521 3728 605 3775 est
636 3720 958 3790 asstuuptio,
1002 3719 1104 3774 nisi
1138 3719 1248 3773 vita
1275 3733 1342 3772 ex
1380 3718 1701 3774 mortuis"?
1727 3737 1746 3772 ›
1772 3718 1925 3774 Sient
1953 3734 2097 3789 smpe

522 3813 929 3867 observavimus
983 3813 1033 3866 iu
1084 3814 1187 3867 hac
1242 3810 1479 3881 Epistula
1535 3810 1760 3867 Paulum
1802 3812 2094 3881 aliquando

522 3919 622 3973 pro
650 3902 867 3967 Iudicis,
896 3903 1185 3971 aliquando
1225 3917 1326 3971 pro
1359 3902 1637 3970 gentibus,
1668 3901 1938 3956 interdum
1967 3918 2094 3956 vero

522 3995 588 4047 ad
624 3995 848 4047 alterum
887 3994 1099 4053 borum,
1138 3991 1223 4046 vel
1258 3988 1325 4045 ad
1354 4003 1644 4062 utrumque
1678 3991 1858 4047 facere
1884 4006 2094 4047 sermo.

522 4097 665 4143 nem,
704 4082 843 4136 sicut
864 4096 987 4135 cuni
1014 4080 1253 4144 dicebat,
1280 4099 1299 4132 ι
1338 4082 1395 4135 Si
1425 4092 1605 4137 autem
1662 4091 1715 4137 tu
1746 4081 1969 4137 Judzeus
1999 4097 2092 4137 co-

520 4171 859 4242 gnominaris
886 4171 954 4235 ³⁸,
986 4190 1004 4223 ι
1045 4171 1202 4240 quasi
1233 4172 1299 4223 ad
1334 4170 1578 4225 Judamm
1618 4172 1874 4242 loquens:
1904 4183 1961 4230 et
1992 4174 2092 4227 ite-

522 4278 666 4326 rum,
694 4279 715 4314 ι
750 4260 937 4317 Iudaeo
966 4262 1221 4332 primum,
1262 4272 1317 4317 et
1345 4261 1537 4318 Graeco
1558 4265 1625 4329 ³⁸,
1665 4284 1685 4317 ι
1727 4266 1951 4335 loquens
1979 4264 2089 4336 (5η)

2199 1811 2319 1874 post
2342 1802 2546 1856 exitum
2577 1817 2735 1867 suum
2764 1819 2869 1857 non
2890 1803 3067 1859 solum
3097 1804 3360 1875 gentium,
3377 1805 3472 1859 sed
3491 1814 3545 1858 et
3566 1802 3786 1859 Israeli-

2200 1901 2398 1959 tarum,
2430 1900 2486 1948 et
2516 1893 2746 1948 aliorum
2777 1893 3027 1950 fortassis
3058 1893 3428 1962 iuvisibilinm,
3455 1894 3530 1950 ibi
3558 1895 3650 1950 ubi
3683 1895 3779 1949 he-

2197 1987 2456 2041 nedicunt
2487 1986 2719 2055 spiritus
2751 1996 2804 2040 et
2831 1987 3026 2043 animm
3069 1987 3343 2057 iustorum
3394 1988 3687 2043 Dominqu
3706 1986 3780 2050 ⁸³,

2196 2074 2459 2148 hymnum
2490 2076 2700 2143 dicunt,
2746 2085 2802 2130 et
2839 2077 3250 2146 superexaltaut
3291 2094 3412 2133 eum
3448 2078 3502 2133 in
3534 2077 3786 2134 mula?

2197 2167 2278 2221 An
2298 2166 2478 2251 pgtius
2500 2166 2824 2237 simpliciter
2850 2169 3053 2224 dictum
3079 2167 3192 2240 (54)
3210 2169 3466 2224 debemus
3492 2170 3781 2238 accipere,

2203 2276 2222 2308 ι
2257 2258 2505 2325 Quandiu
2539 2272 2638 2328 ego
2687 2273 2805 2312 sum
2862 2261 3143 2329 apostolus
3197 2261 3467 2329 gentium,
3500 2279 3520 2312 ι
3550 2260 3697 2315 sicut
3726 2271 3785 2314 et

2200 2350 2458 2406 Dominus
2484 2351 2549 2406 ad
2579 2351 2854 2421 apostolos
2874 2352 3041 2407 dicit:
3070 2372 3090 2404 ι
3124 2353 3188 2407 Ει
3216 2368 3343 2408 ecce
3362 2369 3463 2423 ego
3492 2354 3780 2407 vobiscum

2196 2460 2317 2499 sum
2335 2444 2586 2499 omnibus
2600 2444 2812 2511 diebus,
2841 2460 3011 2514 usque
3029 2445 3095 2499 ad
3118 2444 3646 2500 consummationem
3672 2461 3781 2499 sm-

2197 2536 2303 2592 culi
2330 2536 2416 2592 “2
2445 2555 2463 2589 ι
2501 2552 2607 2591 non
2635 2537 2777 2607 quod
2826 2538 2974 2592 dicat
2995 2552 3053 2592 se
3091 2545 3215 2606 post
3244 2537 3778 2591 consummationem

2197 2628 2377 2683 δεειιιιιί
2423 2644 2529 2684 non
2558 2628 2796 2685 futurutn
2826 2645 2947 2684 cum
2976 2629 3078 2693 eis,
3108 2629 3204 2685 sed
3238 2639 3296 2683 ut
3346 2629 3667 2684 ostenderet
3718 2643 3783 2684 se

2198 2737 2473 2789 nunquam
2504 2722 2572 2776 ab
2613 2722 2696 2777 eis
2743 2721 3137 2787 discessurum,
3166 2741 3185 2773 ι
3228 2737 3401 2791 usque
3430 2722 3495 2775 ad
3524 2736 3785 2776 consum-

2200 2814 2498 2867 mationem
2531 2812 2713 2867 saeculi
2750 2831 2769 2864 ι
2798 2813 2972 2879 dixit;
3002 2813 3076 2868 ita
3107 2824 3166 2868 et
3203 2813 3513 2881 Apostolus,
3544 2832 3566 2865 ι
3601 2813 3795 2878 Quaa-

2197 2903 2286 2957 diu
2315 2918 2415 2971 ego
2442 2919 2561 2957 sum
2590 2904 2889 2972 apostolus,
2934 2923 2953 2956 ι
2986 2905 3187 2960 dixisse
3228 2905 3341 2976 (55)
3365 2920 3462 2973 pro
3491 2920 3703 2973 semper
3725 2916 3783 2959 et

2200 2995 2311 3051 sine
2336 2995 2459 3066 ﬁne.
2504 2996 2632 3065 Qua:
2664 3005 2846 3052 autem
2881 3012 2948 3052 ex
2993 3008 3224 3068 utraque
3250 2998 3418 3066 recipi
3450 2997 3650 3051 debeat
3680 3013 3781 3052 ex-

2204 3088 2416 3158 positio,
2456 3088 2816 3159 relinquimus
2843 3089 3069 3158 legentis
3109 3088 3356 3143 arbitrio.
3404 3085 3574 3159 Igitur
3603 3104 3754 3157 quan

2202 3180 2291 3233 diu
2321 3178 2599 3248 apostolus
2621 3189 2702 3233 est
2735 3178 2974 3249 gentium
3006 3178 3207 3234 Paulus
3236 3178 3601 3234 ministerium
3616 3194 3779 3232 suum

2202 3268 2478 3323 illustrare
2515 3283 2575 3324 se
2609 3269 2739 3324 dicit
2779 3285 2796 3325 :
2838 3278 2892 3325 et
2924 3270 3058 3340 quid
3101 3279 3208 3324 tam
3243 3271 3486 3342 dignum,
3526 3284 3693 3339 quant
3717 3279 3777 3323 ut

2200 3360 2569 3431 tutusquisque
2600 3360 2958 3417 ministerium
2985 3376 3141 3416 suum
3171 3361 3305 3433 (56),
3334 3361 3476 3429 quod
3522 3374 3622 3430 per
3676 3359 3771 3415 Dei

2201 3451 2594 3519 providentiam
2632 3451 2871 3521 suscipit,
2910 3452 3174 3506 exornet?
3209 3449 3455 3505 Exoruat
3509 3460 3693 3503 autem
3722 3458 3779 3503 et

2200 3537 2437 3593 illustrat
2464 3540 2826 3594 ministerium
2876 3555 3054 3605 suum,
3111 3541 3202 3611 qui
3265 3542 3403 3595 bene
3463 3539 3779 3602 ministrat,

2198 3629 2336 3685 sicut
2369 3631 2680 3685 econtrario
2731 3633 3049 3686 debent-stat
3103 3631 3469 3685 ministerium
3500 3645 3683 3693 suum,
3722 3640 3781 3684 et

2198 3722 2434 3776 notabile
2457 3721 2607 3785 facit,
2643 3721 2808 3794 636
2829 3724 2916 3791 qui
2946 3723 3280 3793 negligenter
3309 3732 3363 3778 et
3396 3722 3619 3792 indigne
3667 3724 3773 3775 nti-

2197 3812 2535 3870 nistraverit.
2591 3814 2749 3869 Verbi
2803 3830 2986 3880 causa,
3039 3817 3093 3870 in
3152 3815 3458 3869 ministerio
3512 3812 3779 3868 Ecclesia:

2200 3923 2219 3957 ι
2250 3906 2534 3972 diaconus,
2570 3906 2769 3975 inquit,
2803 3907 2897 3976 qui
2943 3908 3081 3962 bene
3112 3904 3530 3969 ministraverit,
3572 3904 3775 3959 bonum

2195 3993 2426 4061 gradum
2477 3992 2580 4047 sibi
2613 3992 2870 4062 acquirit,
2921 4003 2975 4049 et
3018 3994 3239 4049 multaut
3294 3995 3549 4049 fiduciam
3578 3995 3633 4048 in
3672 3994 3778 4048 ﬁde

2193 4079 2322 4136 1.38"
2354 4083 2557 4139 Christi
2580 4083 2646 4138 “.
2685 4102 2704 4136 ι
2745 4083 2802 4139 Si
2835 4099 2961 4139 vero
2987 4101 3095 4140 non
3145 4088 3281 4140 bene
3333 4085 3772 4151 ministraverit;

2195 4174 2298 4230 hoc
2332 4184 2437 4238 est,
2470 4176 2514 4230 si
2539 4190 2718 4230 nonse
2743 4176 2904 4230 talem
2936 4178 3243 4232 exhibuerit
3266 4176 3482 4247 qualem
3512 4178 3777 4232 describit

2190 4265 2483 4334 Apostolus
2513 4265 2582 4332 ⁸⁸,
2635 4281 2881 4338 gravem.
2935 4284 3040 4323 nou
3082 4267 3403 4338 biliuguem,
3453 4282 3564 4322 non
3604 4269 3773 4321 multa

521 4353 677 4420 quasi
701 4354 767 4408 ad
791 4365 1109 4422 utrumque;
1144 4354 1216 4407 ita
1248 4366 1390 4407 nunc
1414 4368 1541 4408 vero
1566 4367 1754 4424 aperte
1790 4358 1856 4410 ad
1880 4366 2090 4425 gentes,
2123 4372 2167 4429 υ
2199 4356 2330 4411 vino
2378 4357 2616 4413 deditum
2637 4397 2653 4425 ,
2694 4376 2800 4414 non
2850 4361 3019 4430 turpis
3055 4360 3186 4415 lucri
3219 4362 3618 4429 appetitorem,
3676 4360 3773 4414 sed

524 4443 626 4497 hoc
652 4453 734 4497 est
760 4444 827 4499 ad
858 4456 952 4499 eos
982 4443 1218 4498 maxime
1240 4445 1331 4513 qui
1371 4444 1424 4498 iu
1456 4447 1590 4499 urbe
1622 4444 1791 4499 Roma
1812 4460 1884 4501 ex
1917 4447 2094 4515 genti-

593 4606 637 4638 ³⁸
664 4605 820 4659 Rern.
855 4620 928 4662 xi.
963 4604 1053 4663 25.
1098 4606 1171 4675 7"
1206 4606 1337 4660 ibid.
1366 4606 1431 4660 15
1458 4621 1608 4675 seqq.

524 4675 568 4707 "
600 4676 789 4730 Matth.
820 4690 1013 4740 xxvm,
1046 4674 1141 4731 20.
1215 4676 1263 4709 ⁴³
1291 4677 1307 4731 l
1335 4675 1475 4732 Tim.
1516 4674 1599 4741 ιιι,
1627 4676 1713 4731 15.
1774 4676 1968 4731 “ibid.
2000 4677 2053 4731 8.

596 4830 708 4910 (57)
750 4832 843 4890 Sic
876 4852 979 4910 ms.
1011 4837 1213 4910 Regius
1239 4856 1389 4894 num.
1411 4838 1566 4896 1659.
1587 4830 1780 4893 Caeteri
1800 4845 1929 4888 vero
1948 4848 2104 4897 mss.,

524 4904 779 4958 Rabanus
812 4916 865 4959 et
884 4909 1035 4973 editi,
1066 4904 1255 4966 ("nec
1285 4912 1590 4973 diminutio,
1624 4931 1643 4964 ι
1677 4921 1780 4967 ctc.

594 4972 927 5052 \A§)_b3tliti,
961 4996 982 5030 ι
1024 4972 1166 5048 qum,
1207 4997 1225 5031 ι
1262 4989 1336 5043 et,
1381 4999 1427 5052 t_
1447 4981 1537 5052 qui
1580 4972 1693 5050 per
1744 4980 1906 5035 ﬁdem
1961 4992 2090 5052 pars

526 5043 741 5121 Domini
761 5044 971 5121 effecta
1001 5043 1126 5121 sunt
1157 5046 1444 5106 bmreditfs
1467 5043 1610 5121 ejus.
1645 5071 1664 5103 ι

595 5111 707 5182 (49)
747 5113 914 5178 Alias,
944 5132 969 5168 ι
1009 5118 1226 5173 dicitur.
1254 5138 1274 5172 ι

594 5184 704 5257 (ξφ)
740 5182 877 5257 ῌάίιί
902 5195 955 5240 et
986 5185 1264 5253 Rabanns,
1296 5207 1317 5241 ι
1351 5187 1638 5257 compleat,
1672 5207 1693 5242 ι
1722 5188 1884 5246 male.

546 5318 558 5334 .
597 5250 707 5334 (51)
741 5250 991 5334 iladmss.
1014 5257 1154 5312 Editi
1190 5250 1336 5334 vero,
1370 5275 1390 5334 ς
1428 5250 1547 5334 dam
1581 5250 1715 5313 sane
1743 5258 1831 5334 ﬁet
1860 5275 1925 5334 ex
1954 5272 2089 5334 gen-

523 5323 881 5398 tinmdelictis
897 5340 1022 5398 qua}
1035 5332 1346 5382 necessario
1361 5326 1700 5396 delinquunt,
1718 5330 1828 5384 tale
1844 5323 2045 5398 aliquid
2070 5342 2084 5383 :

520 5394 759 5466 animum
792 5394 939 5466 enim
974 5396 1340 5465 dispensator,
1372 5408 1425 5452 et
1476 5394 1750 5466 aliquibus
1778 5413 1844 5453 ex
1880 5394 1962 5453 eis
2000 5401 2082 5452 di-

516 5461 680 5537 vitias
712 5463 919 5537 confert
934 5461 1180 5537 #:‘ue'boe
1209 5461 1361 5537 quasi
1382 5461 1621 5536 spiritale
1637 5468 1804 5523 solius
1828 5468 2087 5525 lsrael....’

521 5530 623 5583 ista
650 5531 910 5609 require.»
931 5530 1244 5609 Msullegins
1266 5530 1425 5591 num.
1442 5537 1578 5609 1659
1598 5550 1882 5609 perperam
1901 5538 2081 5603 habet,

525 5618 544 5651 ι
584 5612 690 5652 non
728 5604 851 5664 quia
903 5604 1153 5672 specialis
1201 5609 1339 5662 alius
1392 5608 1553 5662 lsrael
1588 5604 1759 5664 fuisse
1793 5609 2076 5667 videatur:

1706 4604 1751 4638 ³⁸
1773 4604 1932 4660 Rotn.
1972 4622 2031 4669 lt,
2072 4608 2158 4662 l7.

2201 4448 2487 4503 habentem
2529 4451 2844 4520 mysmrium
2872 4452 2996 4508 fidei
3041 4453 3095 4506 in
3119 4452 3454 4509 conscientia
3478 4466 3773 4522 puraznon

2237 4609 2281 4641 "
2307 4608 2461 4664 Rom.
2502 4625 2539 4675 t,
2564 4609 2652 4666 16.
2727 4610 2773 4642 ⁸⁸
2799 4610 3122 4677 Mattb.xxv,
3145 4610 3236 4667 25.
3330 4609 3374 4643 ⁸¹
3402 4611 3543 4666 Dan.
3574 4627 3654 4676 ut,
3676 4610 3765 4671 86.

2192 4839 2323 4906 sed;
2362 4854 2381 4890 ι
2412 4846 2608 4893 caetera
2640 4850 2770 4891 vero
2796 4846 2855 4891 ut
2886 4836 2938 4889 in
2972 4843 3146 4890 textu.

2271 4907 2385 4980 (51.)
2429 4908 2591 4973 Editi,
2621 4925 2640 4959 ι
2678 4906 3071 4974 bonorificabo,
3097 4906 3143 4960 si
3175 4917 3285 4975 quo
3308 4905 3471 4960 modo
3499 4905 3569 4959 ad
3605 4919 3772 4959 armu-

2204 4980 2424 5034 landmn
2454 4991 2761 5047 provocem,
2798 4995 2817 5029 ι
2845 4986 2951 5030 etc.

2267 5048 2381 5131 (55)
2424 5043 3090 5131 Logrt_rns,_ueanopdet
3140 5043 3300 5131 paulo
3352 5051 3477 5113 post
3531 5044 3631 5107 ita,
3679 5043 3770 5099 de-

2194 5114 2323 5174 sunt
2357 5114 2411 5172 in
2450 5114 2629 5178 editis.
2662 5127 2718 5171 et
2747 5117 2800 5169 in
2832 5114 3108 5184 plerisque
3141 5130 3274 5169 mss.

2268 5187 2380 5260 (55)
2422 5186 2653 5260 Dictum.
2693 5182 3037 5260 Desideratqr
3061 5186 3299 5260 inantea
3327 5182 3512 5238 editis.

2264 5250 2377 5330 (55)
2415 5257 2693 5330 Sic‘mssn
2716 5265 2768 5310 et
2797 5255 2967 5330 editio
2992 5252 3215 5309 Veneta.
3236 5252 3541 5330 lis._tamen
3562 5250 3771 5330 Beging

2195 5322 2368 5383 nunt.‘
2406 5324 2543 5381 1659
2596 5325 2757 5380 habet
2788 5341 2809 5376 ι
2846 5324 2987 5378 dixit
3011 5342 3030 5375 ι
3067 5338 3164 5391 pro
3202 5341 3222 5375 ι
3253 5323 3476 5377 dixisse.
3512 5341 3531 5373 ο
3566 5322 3762 5376 Caneri

2189 5414 2319 5453 vero
2348 5397 2503 5460 editi,
2539 5414 2559 5447 ι
2598 5393 2780 5450 saeculi
2808 5409 2824 5447 :
2856 5394 3070 5449 dicatur
3098 5395 3172 5449 ita
3204 5403 3261 5448 et
3299 5393 3613 5463 Apostolus.
3642 5436 3659 5451 .
3691 5430 3709 5449 .
3740 5430 3757 5445 .

2187 5470 2413 5531 dixisse,
2452 5486 2471 5518 ι
2500 5476 2605 5521 etc.

2258 5536 2373 5608 (56)
2411 5535 2599 5592 Suum.
2653 5533 2815 5591 Deest
2863 5533 2920 5589 in
2972 5530 3129 5590 libris
3161 5542 3317 5589 antea
3363 5530 3525 5588 editis
3554 5530 3649 5587 hic
3704 5538 3764 5585 et

2187 5607 2349 5662 infra.
