4048 6202
361 257 507 312 “7‘9

1280 263 1637 318 (IOMMENT.
1685 265 1748 320 IN
1791 265 2010 322 EPIST.
2050 268 2141 322 Ai}
2179 270 2353 328 ROM.
2393 271 2519 330 LIB.
2557 271 2698 326 V'lll.

3468 276 3609 333 H90

355 379 466 447 iam
515 380 709 430 bonum
744 377 992 446 gradum,
1031 378 1124 432 sed
1160 381 1351 433 malum
1396 384 1496 436 sibi
1531 397 1749 452 pmnam
1803 401 1934 440 cou-
1961 395 2005 447 Α
2046 405 2063 438 ι
2093 403 2252 454 opera
2297 404 2316 439 ι
2347 388 2462 457 ejus
2491 407 2507 439 ι
2541 389 2702 449 bona,
2758 386 3102 454 magnificcnt
3150 386 3370 441 Patrem
3427 395 3518 458 qui
3553 396 3606 446 in

350 469 526 536 quit-it
551 466 686 536 (57),
718 475 970 534 tanquam
1000 469 1089 535 qui
1114 471 1494 525 contumeliam
1520 472 1710 528 fecerit
1739 476 1924 530 divino

362 556 687 610 ministerio.
720 553 981 610 Similiter
1009 569 1186 612 autem
1222 568 1273 610 et
1319 561 1410 627 qui
1443 561 1762 632 presbyterii
1799 579 1926 632 gra-

356 649 486 700 dum
519 648 744 714 suscipit
772 651 826 701 in
864 647 1128 713 Ecclesia,
1154 651 1291 703 satis
1315 660 1438 718 agat
1469 653 1742 706 illustrare
1777 655 1928 708 mini-

355 740 581 791 sterium
621 722 964 809 presbyterii.
1002 742 1078 792 Ad
1117 742 1291 808 ipsum
1345 743 1488 796 enim
1547 744 1821 810 pertinent
1872 756 1927 801 et

358 827 444 879 illa
479 844 596 894 qua:
641 830 706 882 de
743 831 1076 901 presbyteris
1123 835 1187 886 ad
1231 833 1410 887 Titum
1462 837 1653 890 scribit
1691 839 1927 904 Aposto-

358 918 439 971 lus
465 918 513 950 “
551 935 565 970 :
605 929 660 972 et
687 935 747 972 ea
781 937 898 987 qum
929 920 1098 975 Isaias
1150 925 1362 991 scribit,
1393 939 1514 978 cum
1547 926 1716 980 dicit:
1759 945 1777 978 ι
1807 927 1927 997 Ipse

357 1009 616 1063 Dominus
648 1010 928 1080 iujudicio
961 1009 1073 1080 (58)
1096 1015 1273 1067 veniet
1303 1029 1424 1068 cum
1467 1018 1804 1086 presbyteris
1829 1033 1927 1086 po-

353 1103 487 1169 puli,
521 1111 572 1155 et
596 1118 718 1158 cum
745 1103 1074 1172 principibus
1092 1106 1204 1176 ejus
1229 1105 1590 1172 jndicabitur;
1619 1129 1638 1161 ι
1671 1109 1920 1177 etaddit;

361 1212 380 1243 ι
408 1191 520 1246 Vos
553 1206 729 1247 autem
775 1197 965 1264 utquid
1006 1199 1333 1252 succenditis
1394 1198 1606 1252 vineam
1639 1213 1836 1262 meam,
1869 1216 1925 1253 et

354 1288 588 1354 direptio
621 1303 912 1355 pauperum
939 1288 990 1340 in
1026 1289 1272 1342 domibus
1317 1291 1513 1342 vestris
1545 1291 1664 1344 est?
1695 1289 1761 1344 Ut
1795 1290 1923 1360 quid

351 1375 606 1444 iujuriam
643 1377 820 1428 facitis
851 1378 1042 1444 popqu
1073 1392 1218 1442 meo,
1248 1387 1302 1430 et
1329 1395 1588 1445 personas
1625 1394 1920 1448 pauperum

349 1468 795 1538 conl‘umlitis,“?
831 1489 849 1519 ι
875 1469 1180 1522 Secundum
1218 1469 1331 1524 haec
1353 1482 1533 1525 autem
1559 1483 1606 1525 et
1631 1473 1922 1538 episcopus

351 1562 590 1615 illustrat
619 1561 980 1614 ministerium
1021 1575 1176 1613 suum
1211 1560 1265 1613 in
1291 1562 1627 1630 episcopatu,
1667 1563 1709 1614 si
1741 1562 1809 1614 sit
1836 1577 1918 1615 se-

348 1655 587 1707 cundum
639 1653 776 1721 quod
815 1651 1075 1706 describit
1105 1651 1394 1718 Apostolus
1422 1652 1488 1714 ",
1529 1653 1921 1719 irreprchcusi-

347 1744 494 1806 bilis,
527 1743 772 1812 vigilans,
804 1742 1058 1809 prudens,
1083 1750 1335 1805 ornatus,
1377 1740 1680 1808 hospitalis,
1711 1741 1916 1804 doctor,

349 1850 457 1888 non
484 1834 806 1899 vinolentus,
842 1848 947 1885 non
987 1845 1292 1900 percussor,
1345 1830 1440 1884 sed
1470 1831 1773 1892 modestus;
1809 1846 1914 1884 non

349 1923 635 1988 litigiosus,
669 1939 773 1976 non
802 1937 1019 1987 avarus,
1055 1922 1272 1974 domum
1318 1936 1470 1974 suam
1516 1922 1654 1975 bene
1705 1936 1915 1990 regens,

349 2013 489 2067 filios
515 2013 720 2066 habens
753 2013 803 2065 in
836 2012 1100 2081 obsequio
1146 2027 1266 2065 cum
1299 2013 1446 2065 onmi
1485 2012 1776 2082 gravitate,
1805 2029 1914 2066 non

347 2104 523 2157 elatus
546 2104 819 2172 superbia,
855 2119 921 2158 ne
949 2104 1000 2158 in
1031 2103 1294 2172 judicium
1327 2104 1531 2158 incidat
1562 2104 1783 2157 diaboli.
1813 2103 1916 2170 Qui

351 2195 476 2250 talis
494 2207 598 2259 est,
633 2195 869 2248 illustrat
896 2196 1258 2248 ministerium
1313 2196 1660 2264 episcopatus
1695 2197 1801 2260 sui,
1849 2207 1910 2250 ut

345 2296 402 2339 et
432 2285 546 2353 ipse
576 2287 759 2340 audiat
785 2301 800 2340 :
825 2304 843 2338 ι
878 2286 1042 2356 Euge,
1071 2300 1230 2340 serve
1261 2286 1401 2340 bone
1427 2297 1481 2340 et
1515 2286 1686 2340 fidelis
1711 2304 1726 2351 ;
1751 2302 1917 2354 super

345 2391 518 2442 pauca
553 2376 700 2430 fuisti
727 2375 928 2438 fidelis,
956 2390 1118 2443 super
1148 2375 1313 2430 multa
1341 2385 1393 2431 te
1425 2377 1750 2430 constituam
1783 2377 1846 2431 ⁸⁸.
1889 2395 1910 2429 ι

345 2469 613 2522 Similiter
643 2477 821 2521 autem
852 2477 906 2522 et
936 2469 1093 2522 vidua
1119 2469 1163 2501 δ’
1192 2467 1236 2522 si
1269 2476 1585 2535 permaneat
1612 2468 1665 2522 in
1715 2470 1916 2522 oratio-

344 2559 504 2612 nibus
534 2571 586 2614 et
620 2559 1088 2614 obsecrationibus
1125 2569 1282 2614 nocte
1306 2575 1368 2614 ac
1409 2560 1516 2624 die,
1553 2560 1785 2613 illustrat
1815 2562 1915 2614 mi-

343 2650 626 2704 nisterium
660 2649 942 2704 viduitatis
973 2667 1104 2704 sum.
1161 2650 1217 2704 Si
1255 2665 1388 2702 vero
1418 2652 1486 2704 sit
1519 2652 1644 2704 talis
1693 2650 1909 2720 qualem

345 2743 630 2813 Apostolus
658 2752 804 2795 notat
829 2744 899 2806 ⁸ο,
934 2743 1127 2804 otiosa,
1156 2752 1211 2795 et
1248 2743 1494 2809 verbosa,
1519 2755 1573 2798 et
1607 2759 1711 2797 non
1742 2743 1911 2798 solum

343 2835 592 2898 verbosa,
626 2835 719 2889 sed
744 2843 796 2888 et
819 2835 1058 2896 curiosa,
1089 2835 1314 2904 loquens
1353 2850 1472 2904 quae
1505 2850 1609 2889 non
1665 2845 1908 2905 oportet;

341 2938 436 2981 aut
467 2930 536 2980 sit
583 2927 634 2980 in
665 2925 875 2981 deliciis
903 2927 1104 2997 degens
1155 2925 1295 2996 (59),
1345 2936 1400 2980 et
1444 2927 1630 2982 vivens
1662 2939 1867 2983 mortua
1894 2947 1908 2994 ;

343 3019 456 3072 inec
487 3019 866 3080 dehonnravit,
895 3027 946 3069 ct
972 3033 1075 3071 non
1113 3017 1404 3071 illustravit
1432 3019 1796 3073 min’sterium
1831 3021 1910 3074 vi-

342 3109 563 3162 duitatis
596 3123 724 3162 sua).
760 3107 958 3162 Eodem
994 3111 1152 3161 modo
1185 3108 1354 3159 etiam
1389 3108 1543 3176 virgo
1589 3120 1906 3162 consecrata

342 3200 450 3254 Deo
497 3198 732 3253 illustrat
784 3199 1140 3252 ministerium
1178 3197 1508 3266 virginitatis
1557 3214 1699 3261 sum,
1736 3199 1781 3252 si
1840 3200 1911 3253 sit

337 3299 526 3344 sancta
561 3299 787 3356 corpore
823 3297 875 3340 et
909 3287 1119 3354 spiritu,
1145 3296 1197 3340 et
1225 3303 1328 3339 non
1359 3289 1552 3356 cogitet
1584 3302 1702 3356 quae
1729 3287 1909 3342 benti-

340 3397 466 3434 num
501 3391 649 3445 sunt,
682 3380 774 3434 sed
798 3395 914 3448 qua:
952 3379 1060 3437 Dei,
1095 3378 1364 3447 quomodo
1397 3377 1606 3447 placeat
1631 3379 1736 3432 Deo
1759 3377 1822 3432 ⁸¹.
1849 3378 1908 3434 Si

341 3486 466 3525 vero
498 3473 652 3525 aliter
673 3479 814 3537 agat,
846 3486 950 3523 non
985 3469 1154 3524 solum
1191 3468 1303 3540 (60)
1340 3484 1448 3523 non
1478 3471 1718 3526 illustrat
1743 3472 1906 3525 mini-

345 3561 567 3614 sterium
600 3562 924 3630 virginitatis
971 3577 1114 3627 suae,
1168 3577 1265 3616 nec
1322 3563 1552 3616 illustrat
1602 3562 1901 3629 lampadem

336 3667 513 3715 suam,
559 3653 651 3706 sed
704 3655 1011 3708 econtrario
1058 3653 1237 3706 lumen
1280 3655 1396 3723 ejus
1437 3654 1820 3722 exstinguitur,
1851 3663 1906 3706 et

335 3745 564 3800 efﬁcitur
590 3763 689 3800 una
716 3747 781 3800 de
815 3746 1193 3813 insipientibus
1225 3746 1539 3816 virginibus.
1568 3745 1687 3798 ll:cc
1717 3745 1905 3799 eadem

333 3845 388 3891 et
415 3837 782 3905 unusquisque
803 3838 853 3890 in
885 3837 1120 3890 Ecclesia
1143 3837 1348 3904 positus
1379 3836 1518 3905 apud
1553 3837 1905 3904 semetipsum

335 3937 566 3994 reputet,
607 3938 660 3979 ut
695 3929 747 3981 in
801 3942 1121 3996 quacunque
1169 3927 1287 3980 loco
1338 3935 1465 3990 stat,
1503 3925 1618 3978 sive
1651 3926 1705 3978 in
1737 3927 1906 3988 clero,

332 4021 444 4073 sive
475 4019 526 4070 in
558 4019 733 4088 plebe,
766 4018 996 4072 illustrct
1042 4019 1399 4072 ministerium
1449 4018 1571 4070 fidei
1621 4015 1732 4087 (6i)
1769 4031 1904 4079 suae,

331 4121 388 4164 et
435 4109 567 4164 tales
597 4110 756 4164 faciat
783 4119 940 4164 actus
965 4125 1124 4176 suos,
1165 4127 1185 4159 ι
1228 4120 1284 4162 ut
1315 4111 1560 4163 videntes
1600 4126 1620 4160 ι
1658 4107 1908 4162 homines

421 4252 469 4284 "
495 4251 604 4305 Tit.
633 4268 672 4316 ι,
721 4251 754 4303 6
785 4266 900 4318 seq.
998 4253 1046 4284 ⁸⁸
1077 4251 1201 4307 lsat.
1250 4267 1333 4312 ιιι.
1373 4251 1458 4316 Μ,
1508 4250 1594 4305 15.

331 4321 376 4352 ⁸⁸
411 4322 541 4374 ibid.
595 4321 772 4380 6.15.
849 4321 944 4375 ⁵¹ῐ
991 4322 1112 4375 Cor.
1186 4337 1281 4382 vn.
1339 4322 1428 4378 5'2.
1478 4321 1566 4375 5t».

331 4405 406 4459 tv,
439 4391 525 4446 l9.
618 4391 663 4423 ⁵⁵
699 4395 854 4445 Rom.
890 4408 964 4454 tx,
991 4392 1044 4447 ⁸5..
1119 4393 1163 4424 ⁵⁷
1273 4393 1313 4446 ll
1345 4393 1468 4445 (lor.
1500 4408 1552 4458 v,
1593 4391 1678 4455 i9,
1710 4391 1799 4444 20.

386 4509 512 4582 ζ(ἲϊῖ)
556 4510 650 4565 Ms.
693 4527 832 4566 unus
883 4511 1080 4578 Regius
1113 4525 1260 4562 uuln.
1310 4507 1468 4582 ΨΜ,
1513 4527 1530 4560 ι
1569 4509 1663 4562 sed
1702 4507 1902 4582 malum
1937 4515 1982 4570 D

333 4579 433 4634 sibi
460 4577 742 4648 acquirit.»
766 4582 955 4636 Caeteri
987 4597 1112 4634 vero
1139 4596 1290 4642 mss.,
1314 4577 1569 4633 Rabanus
1597 4587 1652 4632 ct
1686 4578 1813 4632 editi
1847 4588 1906 4634 ιιι

330 4651 382 4704 in
416 4659 585 4702 textu.

401 4718 514 4789 (58)
557 4719 658 4778 Ms.
717 4719 916 4788 Regius
951 4734 1102 4772 num.
1137 4715 1298 4779 1659.
1359 4736 1402 4789 ι
1436 4717 1488 4771 iu
1533 4716 1834 4789 judicium;
1877 4736 1895 4768 ι

326 4787 508 4842 περιθτί
539 4804 668 4843 vero
701 4787 856 4853 mss.,
889 4791 1144 4844 Rabauus
1188 4797 1243 4840 ct
1273 4787 1429 4848 editi,
1465 4805 1483 4837 ι
1521 4789 1574 4838 in
1600 4787 1828 4850 judicio.
1875 4806 1893 4838 ι

330 4859 534 4912 Deinde
583 4860 738 4920 editi,
774 4877 793 4910 ‹
829 4858 1117 4926 judicabit,
1157 4877 1176 4909 ι
1213 4865 1268 4911 et
1291 4856 1694 4927 itailegendum
1731 4857 1900 4927 _vide-—

331 4938 439 4981 tur.
480 4927 608 4984 Mss.
642 4924 1028 4983 tatncn‘nostri
1061 4942 1250 4982 omnes
1282 4939 1338 4981 et
1369 4926 1624 4980 Rabauus
1654 4924 1896 4992 habent,

331 5015 350 5048 ο
377 4997 730 5064 judicabitur.
763 5017 782 5049 ι

397 5066 510 5133 (59)
556 5068 716 5130 Editi,
745 5085 765 5118 ε
795 5070 889 5121 sed
923 5068 976 5121 in
1002 5065 1213 5120 deliciis
1241 5081 1430 5134 agens.
1466 5083 1484 5115 ι

395 5135 506 5206 (60)
550 5136 788 5190 Illustrat
821 5138 1169 5190 ministerium
1219 5134 1538 5201 virginitatis
1572 5150 1702 5206 sure,
1741 5135 1785 5186 si
1816 5135 1884 5188 sit

321 5203 505 5260 sancta
524 5222 739 5271 corpore
763 5217 810 5260 et
837 5207 1048 5272 spiritu,
1074 5217 1120 5258 et
1152 5221 1254 5258 non
1281 5206 1466 5274 cogitet
1483 5219 1600 5274 qua:
1623 5203 1888 5274 hominum

321 5285 467 5347 sunt,
509 5277 600 5328 sed
640 5292 758 5344 quae
807 5276 918 5347 Dei.
967 5278 1226 5347 quomodo
1253 5273 1462 5347 plorent
1509 5273 1638 5326 Dea.
1673 5273 1733 5328 Si
1768 5289 1886 5326 vero

321 5346 483 5397 aliter
520 5343 667 5412 agat,
696 5363 796 5400 non
830 5343 1022 5402 nolunt.
1077 5343 1199 5398 Iltec
1251 5343 1305 5398 iu
1335 5344 1496 5412 editis
1528 5358 1633 5396 non
1663 5358 1888 5412 compa-

323 5426 473 5486 rent.
494 5398 980 5486 sedjrestitouutur
1008 5398 1077 5486 ex
1107 5429 1240 5468 mss.
1274 5398 1603 5486 clitabano.

394 5482 510 5554 (61)
551 5481 713 5550 Editi,
752 5482 1143 5538 «ministerium
1163 5497 1320 5538 suum
1351 5481 1495 5537 lidei.
1533 5501 1552 5533 ι

390 5553 507 5619 (62)
550 5553 714 5618 Editi,
747 5571 766 5606 ι
799 5557 1041 5608 inlirmos
1069 5557 1233 5608 alere.
1269 5571 1288 5604 ι

417 5619 506 5693 65)
548 5619 718 5692 Editi,
802 5635 855 5680 et
889 5625 1191 5694 Rabanus;
1222 5622 1276 5677 in
1307 5623 1558 5676 abortum
1599 5620 1888 5691 quemdam

322 5703 596 5751 redactos.
635 5711 656 5744 ι

1699 4251 1742 4282 ⁸⁷
1766 4248 1784 4302 l
1811 4248 1949 4303 Tim.
1986 4266 2070 4317 tu,
2116 4251 2150 4304 9.

1643 4322 1688 4354 ⁸⁸
1740 4319 1933 4373 Matth.
1992 4319 2173 4385 v,16.

2031 478 2182 531 cadis
2211 487 2292 531 est
2324 480 2392 530 ".
2431 498 2448 529 ι
2489 477 2599 532 lloe
2623 479 2768 532 enim
2805 476 3104 532 faciebatet
3130 477 3328 533 l’aulus
3357 480 3609 537 docendo

2027 576 2237 633 gentes,
2273 583 2504 633 quorum
2533 579 2651 622 erat
2685 567 2980 636 apostolus,
3015 576 3070 620 et
3123 567 3461 628 instruendo,
3521 572 3604 624 iu~

2033 658 2218 712 tirmos
2244 658 2596 727 "olere(62},
2634 658 3032 728 parvuloslacte
3047 659 3240 714 alendo
3275 659 3342 724 “,
3373 661 3608 718 robustis

2027 747 2308 802 fortiorem
2329 750 2478 804 verbi
2505 750 2683 804 cibum
2704 749 3012 818 praebendo,
3043 763 3316 815 errantes,
3343 761 3396 805 et
3421 753 3472 806 iu
3501 755 3606 808 fide

2028 839 2349 903 titubantes,
2389 856 2450 894 ac
2483 839 2630 892 velut
2662 840 2715 892 iu
2783 840 3084 893 abortivum
3137 842 3409 908 quoddam
3443 845 3605 897 reda-

2025 942 2142 985 ctos
2165 932 2277 1000 (65)
2310 943 2556 985 materno
2579 930 2776 984 affectu
2802 945 3014 983 rursum
3041 932 3410 998 parturieudo,
3435 934 3604 988 donec

2024 1022 2274 1078 Christus
2310 1023 2641 1076 formarctur
2676 1021 2788 1090 (6i)
2827 1023 2878 1076 in
2911 1026 2991 1077 eis
3017 1024 3063 1054 "
3094 1041 3106 1075 :
3139 1033 3192 1075 ct
3225 1038 3320 1089 per
3345 1024 3458 1077 hzec
3487 1043 3603 1079 om-

2020 1110 2111 1164 nia
2172 1112 2498 1166 illustrando
2547 1112 2912 1166 ministerium
2968 1113 3308 1182 apostolatus
3361 1117 3479 1176 sui,
3549 1118 3601 1170 in

2022 1201 2422 1256 aemulationem
2477 1204 2596 1257 fidei
2633 1211 2686 1257 et
2738 1203 2910 1256 zelum
2965 1206 3117 1258 bona:
3170 1209 3605 1265 cot'tversatiouis

2024 1292 2318 1346 adducebat
2348 1311 2568 1348 carnem
2597 1310 2748 1347 suam
2778 1295 2916 1363 (65),
2959 1296 3011 1349 itl
3037 1305 3138 1359 est,
3165 1299 3463 1352 secundum
3492 1316 3606 1353 car-

2024 1399 2147 1438 nem
2178 1394 2478 1451 coguatos;
2513 1396 2569 1438 ut
2602 1386 2644 1438 si
2686 1402 2790 1438 non
2817 1401 3029 1448 omnes,
3055 1387 3266 1456 aliquos
3291 1397 3470 1441 tamen
3495 1390 3605 1442 sal-

2023 1487 2118 1526 vos
2147 1472 2354 1528 faceret
2386 1490 2450 1528 ex
2483 1477 2607 1528 illis.
2627 1465 2630 1468 ’
2649 1477 2740 1530 Sic
2763 1491 2894 1544 ergo
2919 1479 3043 1529 dum
3073 1479 3384 1546 pervigilem
3410 1496 3596 1533 curam

2021 1572 2074 1616 ct
2119 1563 2300 1632 jugem
2355 1566 2779 1619 sollicitudinem
2827 1582 2955 1636 erga
3009 1569 3310 1622 doctrinam
3359 1571 3598 1640 gentium

2023 1656 2182 1724 gerit,
2219 1667 2271 1708 et
2298 1663 2767 1713 conversationem
2791 1673 2979 1712 eorum
3013 1675 3077 1714 ac
3107 1662 3270 1713 vitam
3301 1663 3457 1716 valde
3481 1679 3600 1732 pro-

1953 1725 1996 1780 Β
2023 1745 2253 1798 habilem
2287 1747 2438 1810 facit,
2475 1749 2723 1804 videntes
2763 1750 2876 1803 hate
2901 1749 3171 1805 lsraelitas
3195 1749 3306 1823 (66)
3329 1755 3418 1822 qui
3443 1725 3602 1808 erant

2027 1838 2242 1904 cognati
2277 1835 2397 1904 ejus
2424 1841 2718 1893 secundum
2743 1855 2960 1894 carnem
2993 1843 3062 1906 ⁸⁸,
3095 1843 3160 1896 ad
3190 1843 3484 1898 imitandos
3505 1858 3600 1898 eos

2020 1928 2110 1994 qui
2143 1928 2432 1995 proficiunt
2477 1931 2530 1985 in
2579 1931 2683 1984 lide
2717 1931 2808 1985 Dei
2845 1932 3060 1997 invitat,
3107 1943 3160 1987 et
3204 1943 3460 2001 provocat
3494 1951 3509 1988 :
3545 1942 3602 1988 et

2019 2028 2099 2074 est
2135 2019 2304 2089 gloria
2338 2022 2623 2076 ministerii
2658 2023 2774 2089 ejus
2805 2039 2926 2075 cum
2955 2040 3019 2077 ex
3052 2025 3362 2080 eruditione
3406 2040 3594 2080 eorum

2020 2110 2182 2164 etiam
2219 2112 2322 2164 illis
2351 2112 2624 2180 profectus
2651 2114 2763 2184 (67)
2789 2116 3103 2168 accesserit.
3131 2135 3149 2166 ι
3173 2113 3230 2170 Si
3255 2118 3396 2169 enim
3429 2117 3600 2170 antis-

2019 2203 2097 2256 sio
2129 2217 2315 2256 corum
2366 2205 2736 2256 reconciliatio
2763 2217 2845 2257 est
2890 2207 3093 2264 mundi,
3130 2221 3250 2273 qua:
3276 2217 3359 2260 est
3385 2223 3593 2260 assmu-

2019 2291 2154 2358 ptio,
2189 2291 2290 2343 nisi
2322 2295 2432 2343 vita
2464 2308 2526 2344 ex
2559 2295 2824 2347 mortuis?
2857 2313 2875 2343 ι
2913 2295 3024 2347 lloc
3061 2297 3191 2348 mihi
3220 2297 3507 2349 ostendere
3538 2297 3593 2350 in

2017 2377 2104 2430 bis
2140 2381 2483 2432 sermonibus
2539 2383 2754 2434 videtur
2805 2383 3111 2447 Apostolus,
3175 2386 3318 2452 quod
3379 2383 3591 2449 abjecto

2019 2468 2206 2534 Israel,
2247 2481 2300 2523 et
2339 2472 2403 2523 ad
2431 2483 2618 2538 gentes
2644 2475 2950 2525 necessario
2995 2475 3376 2540 pnediratioue
3410 2486 3587 2528 trans-

2017 2559 2145 2624 lata,
2178 2564 2405 2616 mundus
2436 2562 2562 2633 (hoc
2611 2574 2712 2626 est,
2763 2566 3028 2620 universa:
3066 2579 3254 2632 gentes
3285 2568 3440 2640 [68])
3501 2584 3587 2621 re-

2019 2653 2346 2708 conciliatus
2378 2665 2460 2708 est
2488 2654 2620 2718 Deo,
2657 2655 2950 2708 secundum
2983 2658 3125 2725 quod
3153 2659 3420 2726 scriptum
3452 2667 3533 2712 est
3565 2675 3578 2712 :

2023 2764 2042 2796 ι
2089 2746 2226 2813 Qula
2262 2747 2400 2799 Deus
2451 2757 2570 2800 erat
2603 2748 2654 2801 iu
2688 2749 2908 2802 Christo
2941 2749 3198 2800 mundum
3230 2749 3591 2804 reconcilians

2017 2835 2139 2900 sibi,
2176 2850 2278 2886 non
2310 2843 2563 2902 reputans
2591 2837 2696 2891 illis
2727 2837 2922 2890 delicta
2971 2837 3209 2904 ipsorum
3239 2837 3320 2902 ⁸⁷;
3355 2855 3373 2888 ι
3404 2847 3458 2892 et
3484 2839 3589 2892 itev

2019 2941 2132 2978 rtuu
2169 2925 2309 2978 sicut
2340 2923 2541 2980 Paulus
2565 2926 2700 2980 dicit
2731 2944 2745 2980 :
2788 2945 2805 2976 ι
2839 2926 2940 2991 Qui
2971 2927 3149 2995 posuit
3201 2927 3252 2980 in
3286 2927 3443 2980 nobis
3468 2943 3591 2981 ver-

2019 3015 2140 3067 bum
2179 3015 2673 3081 ret-onciliatiouis;
2705 3033 2724 3067 ι
2777 3033 2873 3086 per
2895 3019 3037 3085 quod
3070 3017 3296 3070 verbum
3329 3015 3541 3070 dicebat
3571 3031 3588 3070 :

2024 3124 2040 3155 ι
2075 3105 2347 3176 Rogamus
2396 3121 2494 3175 pro
2545 3107 2788 3172 Christo,
2841 3106 3269 3161 reconciliamini
3315 3107 3441 3160 Deo.
3475 3126 3493 3160 ι
3529 3108 3588 3164 Si

2017 3212 2166 3265 ergo,
2201 3197 2395 3264 inquit,
2427 3195 2735 3252 Israelitica:
2757 3197 2932 3267 gentis
2963 3195 3120 3264 hujus
3143 3196 3375 3262 abject'o
3398 3213 3590 3252 recon-

2017 3289 2344 3342 ciliatiouem
2372 3289 2627 3357 praestitit
2662 3289 2882 3352 mundo,
2906 3301 2959 3345 et
2975 3289 3018 3343 si
3036 3298 3182 3343 tanta
3207 3289 3442 3361 fuiterga
3457 3305 3592 3359 gen-

2020 3388 2125 3432 tem
2159 3379 2314 3432 istam
2349 3380 2547 3447 gratia,
2581 3395 2699 3448 quae
2721 3379 2931 3434 sublata
2958 3378 3028 3433 ab
3056 3395 3118 3432 ea
3143 3379 3256 3450 (69)
3277 3379 3586 3434 universum

2017 3471 2275 3523 mundum
2309 3471 2416 3522 Deo
2442 3470 2793 3523 reconciliare
2807 3469 3104 3529 sufficeret,
3131 3480 3394 3537 quantum
3428 3481 3588 3538 putas

2015 3570 2139 3614 tunc
2161 3559 2454 3613 mnebitur
2477 3562 2726 3620 mundus.
2742 3575 2864 3614 cum
2888 3562 3048 3612 etiam
3073 3574 3206 3627 gens
3224 3561 3322 3612 ista
3345 3561 3592 3613 reconci-

2013 3650 2130 3703 liat'i
2167 3650 2425 3702 meruerit
2458 3650 2564 3702 Deo
2600 3650 2755 3716 (70)?
2783 3649 2848 3701 Et
2874 3649 3002 3716 quid
3048 3650 3180 3701 illud
3211 3650 3282 3700 sit
3326 3651 3470 3716 quod
3511 3663 3598 3704 εκ*

2011 3739 2173 3810 637
2208 3739 2645 3794 reconciliatione
2683 3738 2844 3792 Israel
2882 3739 3110 3791 mundus
3146 3738 3410 3805 acquirat.
3447 3739 3572 3792 bre-

2012 3831 2154 3882 viter
2180 3829 2424 3882 ostendit
2471 3829 2694 3882 dicens:
2743 3847 2760 3878 ι
2813 3830 2928 3881 Vita
2970 3845 3035 3881 ex
3071 3831 3318 3882 mortuis.
3355 3847 3373 3880 ι
3431 3827 3582 3882 Tunc

2012 3918 2156 3972 cnim
2208 3918 2314 3970 erit
2363 3918 2664 3985 assumptio
2697 3916 2884 3977 Israel,
2919 3917 3133 3983 quando
3163 3916 3267 3984 jam
3298 3923 3354 3968 et
3385 3916 3584 3968 mortui

2014 4009 2180 4062 vitam
2231 4008 2517 4077 recipient,
2546 4018 2601 4061 et
2633 4009 2865 4062 mundus
2899 4023 2964 4060 ex
3012 4008 3348 4075 corrupzibili
3397 4008 3584 4062 incor-

2014 4101 2285 4171 ruptibilis
2316 4101 2427 4168 l‘tet,
2467 4110 2522 4155 ct
2560 4101 2818 4155 mortales
2848 4101 3258 4154 immortalitate
3292 4100 3582 4156 donabitu-

2465 4249 2510 4282 ⁸⁸
2542 4248 2728 4303 Matth.
2779 4266 2907 4312 xxv,
2949 4248 3036 4302 23.
3115 4248 3160 4279 "
3195 4245 3212 4300 Ι
3243 4245 3384 4300 Tim.
3443 4263 3494 4309 v,
3525 4248 3581 4304 5.

2205 4265 2361 4318 seqq.
2465 4265 2510 4282 ὀ
2542 4265 2728 4303 mauu.
2779 4266 2907 4312 xxv,
2951 4265 3036 4302 ιο.
3115 4265 3160 4279 ν·
3195 4265 3212 4300 ι
3252 4265 3384 4300 tun.
3443 4265 3494 4309 ν.
3525 4265 3580 4304 a.

2249 4319 2294 4351 ⁵³
2321 4321 2476 4374 Rom.
2522 4336 2633 4382 xw,
2658 4320 2712 4373 ἓ.
2790 4322 2837 4352 ⁵⁸
2869 4319 2887 4372 l
2936 4319 3062 4374 Cor.
3093 4333 3175 4382 ιιι,
3202 4315 3258 4372 2.
3326 4317 3374 4349 ⁸³
3399 4318 3580 4372 Galat.

2249 4319 2294 4351 ⁵³
2321 4321 2476 4374 Rom.
2522 4336 2633 4385 xw,
2658 4320 2712 4373 ἓ.

2235 4507 2398 4581 ξάῑιὶ,
2443 4507 2787 4581 «formetur:
2829 4523 2847 4581 ι
3146 4569 3179 4581 ﬂ

2083 4570 2194 4644 (65)
2239 4576 2426 4631 Suam.
2466 4577 2621 4630 Deest
2647 4577 2697 4628 in
2728 4575 2881 4628 libris
2903 4570 3278 4644 auteaeditis.

2077 4642 2318 4719 (‘66)ASic
2351 4660 2450 4719 ms.
2483 4647 2842 4719 Regiusnum.
2882 4644 3035 4719 l(i_39.
3057 4642 3249 4719 (lugeri
3287 4653 3416 4695 vero
3444 4657 3574 4719 mss.

2005 4727 2058 4771 et
2085 4708 2244 4778 ‘edi'ti,
2285 4733 2303 4764 ι
2336 4708 2590 4768 videntes
2637 4715 2750 4768 huic
2777 4713 3053 4768 lsraeliue.
3082 4731 3100 4762 ι
3132 4708 3412 4774 Rabanus,
3449 4730 3470 4764 ι
3496 4715 3577 4767 vi-

2005 4788 2138 4840 dens
2164 4792 2343 4837 autem
2384 4783 2676 4837 lsraelitas.
2720 4802 2738 4834 ›

2073 4855 2185 4976 (67)
2229 4853 2438 4919 Editi,¢
2471 4867 2594 4906 cum
2634 4867 2702 4907 ex
2737 4849 3046 4905 eruditione
3076 4850 3237 4904 etiam
3265 4847 3394 4909 illis.
3421 4866 3440 4900 ι
3463 4857 3572 4905 etc.

2073 4939 2279 4976 manus.
2321 4940 2340 4972 ε
2377 4937 2498 4975 cum
2534 4937 2598 4974 ex
2642 4921 2947 4976 eruditione
2979 4921 3175 4974 borum
3226 4933 3414 4976 manus
3471 4919 3572 4972 illis

1998 4919 2279 4987 Rabauus,
2321 4940 2340 4972 ε
2377 4937 2498 4975 cum
2534 4937 2598 4974 ex
2642 4921 2947 4976 eruditione
2979 4921 3175 4974 borum
3226 4933 3414 4984 aequus
3471 4919 3575 4972 illis

2039 4993 2302 5056 rofecttts,
2335 5011 2354 5043 ι
2389 5001 2495 5044 etc.
2548 4991 2688 5061 Mss,
2709 4991 3137 5061 pleriqtte,acttm
3155 5003 3219 5061 ex
3252 4988 3576 5061 eruditionis

2039 5012 2302 5056 reiectus,
2335 5012 2354 5043 ι
2389 5012 2495 5044 etc.
2548 5012 2672 5050 MSS.
2709 5012 3219 5061 plcrtqtleﬁcumcx
3252 5012 3569 5043 crumuuttu

1995 5012 2202 5118 iiunore
2233 5063 2395 5116 etiam
2433 5061 2543 5114 illis
2569 5060 2866 5129 profectus,
2902 5079 2920 5110 ι
2949 5072 3058 5114 etc.
3099 5060 3203 5112 Sed
3236 5057 3438 5111 rectius
3469 5074 3569 5112 tns.

1999 5131 2199 5200 Regius
2225 5147 2374 5184 num.
2403 5130 2538 5184 1659
2573 5139 2629 5183 nt
2655 5131 2705 5183 in
2737 5142 2924 5183 nostro
2955 5139 3124 5200 textu.

2069 5197 2179 5272 (⁷68)
2221 5200 2336 5254 Hoc
2385 5210 2484 5262 est,
2540 5202 2796 5254 univeer
2838 5211 3037 5268 gentes.
3093 5197 3216 5272 llaec
3243 5197 3457 5272 _tlc_sunt
3516 5198 3567 5248 in

2001 5265 2184 5334 editis,
2213 5272 2340 5325 etin
2371 5272 2640 5339 plerisque
2669 5285 2799 5339 mss.
2829 5265 3036 5320 necnon
3069 5267 3226 5339 apud
3240 5265 3520 5339 Rabanum
3547 5282 3562 5328 ;

1995 5342 2089 5395 sed
2128 5336 2569 5394 restituunturei
2602 5355 2702 5392 ms.
2756 5338 2924 5407 R-gio
2956 5336 3285 5407 nuntJGBQ.

2069 5411 2181 5479 (69)
2224 5412 2387 5474 Editi,
2426 5429 2443 5460 ‹
2471 5425 2597 5480 erga
2629 5420 2818 5477 gentes
2841 5403 2946 5461 ista
2979 5406 3172 5475 gratia,
3199 5421 3320 5473 qua:
3354 5403 3566 5459 sublata

1996 5481 2177 5536 abeo.
2224 5500 2241 5531 ι
2354 5493 2363 5503 ·

2071 5547 2187 5618 (70)
2232 5548 2396 5611 Editi,
2425 5545 2816 5618 [reconciliari
2864 5543 3168 5618 merebitur
3217 5543 3344 5618 beo.
3377 5561 3396 5594 ι
3429 5541 3560 5618 Mss:

1998 5613 2206 5688 Regius
2235 5633 2382 5672 num.
2418 5615 2576 5688 ‘l.§39_,
2611 5632 2629 5665 ι
2663 5615 3012 5688 reconciliata
3037 5613 3196 5671 fuerit
3238 5614 3364 5682 Deo.
3406 5631 3425 5667 ι

2001 5685 2183 5744 exteri
2218 5701 2349 5742 mss.
2378 5695 2430 5756 et
2455 5685 2714 5740 Rabanus
2746 5696 2803 5739 ut
2825 5685 2884 5754 in,
2915 5694 3087 5740 textu.
3463 5689 3480 5756 ί
