4048 6202
306 373 443 424 1195

1218 370 1570 427 COMMENT.
1616 370 1681 423 IN
1722 369 2044 425 EPIST.AD
2083 372 2246 427 ROII.
2285 374 2412 430 LIB.
2454 374 2592 430 Vill.

3404 372 3530 425 Ill’b

291 504 387 544 aut
418 493 658 545 oleaster
682 489 940 554 eﬂicitur,
969 499 1059 543 aut
1083 488 1370 543 lsraelitici
1401 490 1637 561 generis,
1674 500 1766 542 aut
1795 491 1872 543 al-
1900 496 1944 550 Α
1975 492 2129 546 docet
2162 509 2257 548 nos
2291 494 2583 561 Apostolus
2617 506 2720 545 non
2753 489 2937 545 extolli
2968 490 3226 542 adversus
3276 488 3541 550 radicem,

294 583 472 634 tc-rius
508 581 795 651 culpabilis
844 582 1045 650 gentis,
1094 589 1152 635 ut
1202 582 1418 635 dicatur
1474 582 1540 634 de
1589 597 1653 635 eo
1684 599 1697 633 :
1733 581 1869 647 Quia

295 692 318 724 ‹
345 673 567 726 alienati
609 682 735 726 sunt
762 679 1077 740 peccatores
1102 670 1167 725 ab
1206 681 1362 725 utero
1389 671 1521 739 (8|),
1554 682 1874 724 erraverunt

290 782 323 818 a
359 776 592 821 ventre:
633 766 797 819 locuti
836 775 963 820 sunt
1008 763 1141 817 falsa
1168 765 1245 816 “:
1284 782 1301 815 ι
1354 764 1424 817 ita
1469 772 1527 817 ut
1557 764 1665 818 sint
1714 781 1873 833 pere~

292 864 439 927 διήιιί
496 870 982 923 testamentorum,
1040 869 1097 914 et
1147 861 1391 929 hospites
1452 862 1872 932 promissionum

298 954 392 1007 Dei
416 954 480 1008 “.
509 952 575 1007 Et
601 953 689 1007 alii
711 954 761 1006 in
791 952 955 1007 Deum
980 952 1263 1021 jactantur
1285 967 1351 1008 ex
1378 962 1556 1017 utero,
1576 965 1631 1007 et
1653 955 1872 1010 dicunt:

298 1063 317 1094 ι
355 1042 415 1097 In
451 1053 502 1098 te
524 1044 762 1112 iactatus
781 1058 899 1097 sum
927 1058 995 1096 ex
1019 1054 1201 1107 utero,
1226 1043 1292 1098 de
1315 1054 1502 1099 ventre
1529 1045 1723 1098 matris
1746 1059 1875 1098 mea:

296 1136 441 1187 Heus
488 1149 640 1187 meus
682 1148 742 1188 es
783 1147 838 1187 tu
866 1133 933 1188 ⁸⁸.
969 1153 987 1185 ι
1032 1134 1137 1188 Sed
1172 1135 1459 1202 quoniam,
1506 1145 1565 1189 ttt
1617 1136 1871 1199 diximus,

291 1231 587 1290 permanet
637 1235 852 1291 semper
911 1232 1121 1275 naturae
1186 1222 1311 1276 huic
1361 1222 1587 1276 libertas
1637 1223 1873 1286 arbitrii,

294 1310 564 1378 possibile
592 1320 675 1366 est
705 1322 763 1366 ut
788 1327 910 1365 cum
940 1314 1009 1365 sit
1042 1312 1167 1381 quis
1213 1312 1526 1367 Israeliticae
1571 1314 1771 1383 gentis,
1821 1322 1877 1368 et

293 1406 454 1458 bonae
487 1403 641 1457 oliva:
676 1420 881 1471 ramus,
925 1406 1142 1460 decidat
1201 1405 1254 1459 in
1310 1405 1771 1471 incredulitatem,
1822 1415 1876 1460 et

293 1494 620 1563 frangatur:
654 1503 709 1549 et
738 1510 927 1549 rursus
962 1494 1100 1548 alius
1130 1496 1223 1564 qui
1257 1495 1501 1565 elegerat
1537 1496 1715 1563 gentis
1754 1510 1876 1550 esse

293 1585 585 1656 culpabilis
636 1586 747 1657 (82)
796 1597 851 1642 et
885 1587 1226 1657 peccatricis,
1286 1598 1341 1643 et
1394 1603 1490 1659 per
1540 1589 1641 1644 hoc
1692 1604 1874 1643 ramus

290 1676 524 1732 oleastri
556 1678 857 1742 dicebatur,
903 1679 948 1733 si
987 1688 1340 1735 convertatur
1374 1681 1441 1734 ad
1482 1682 1640 1736 tidem
1689 1682 1874 1753 (habet

295 1769 443 1823 enim
476 1769 527 1824 in
559 1785 617 1824 se
640 1769 851 1825 arbitrii
882 1769 963 1824 sui
1000 1767 1113 1841 (85)
1139 1770 1467 1835 libertatem,
1495 1786 1600 1841 qua
1627 1771 1871 1826 converti

1977 584 2058 637 vel
2095 584 2299 640 fractos
2332 600 2512 638 ramos
2543 584 2835 650 Israelitas,
2885 597 3061 652 neque
3100 584 3362 639 insultare
3416 580 3541 635 cis:

1974 677 2102 746 quia
2160 693 2264 732 non
2318 693 2416 732 nos
2460 679 2696 733 radicem
2746 688 3048 747 portamus,
3091 679 3184 732 sed
3229 679 3382 732 radix
3416 694 3536 733 nos.

1975 767 2090 824 Non
2131 770 2275 824 enim
2327 770 2587 824 habemus
2627 770 2740 839 (89)
2772 769 2913 839 quod
2949 784 3053 822 non
3100 771 3433 839 accepimus.
3483 768 3539 823 Si

1974 871 2153 915 autem
2183 863 2514 929 accepimus,
2542 861 2672 929 quid
2700 860 2998 929 gloriantur
3038 861 3194 929 quasi
3245 876 3349 914 non
3383 876 3544 916 acce-

1975 953 2213 1022 perimus
2236 953 2330 1005 "1’
2379 952 2514 1007 Tum
2570 952 2763 1007 deinde
2795 954 2949 1021 quasi
2987 953 3309 1022 quibusdam
3364 953 3544 1022 impu-

1974 1042 2190 1097 dentius
2217 1043 2599 1097 insultantibus
2620 1053 2676 1098 et
2703 1043 3009 1097 dicentibus
3036 1058 3048 1094 :
3082 1041 3138 1096 Si
3168 1060 3187 1093 ι
3227 1042 3386 1096 fracti
3418 1053 3542 1095 sunt

1977 1134 2111 1187 rami
2175 1130 2338 1205 (90):
2414 1136 2585 1192 bene:
2618 1144 2843 1205 propter
2894 1134 3333 1189 incredulitatem
3386 1134 3544 1187 fracti

1976 1231 2121 1287 sunt,
2156 1232 2216 1277 ut
2245 1237 2347 1293 ego
2388 1224 2665 1279 insererer
2697 1243 2717 1275 ι
2773 1224 2863 1294 qui
2898 1225 3229 1279 credebam:
3267 1225 3369 1279 bos
3414 1236 3547 1291 ergo

1976 1314 2277 1382 reprimens
2322 1315 2613 1384 Apostolus
2665 1315 2790 1370 dicit
2824 1332 2837 1369 ε
2889 1315 2966 1368 11Ιί
2997 1315 3213 1383 quidem
3247 1330 3346 1385 per
3371 1316 3545 1370 incre-

1974 1403 2253 1457 dulitatem
2281 1403 2439 1457 fracti
2474 1413 2623 1468 sunt,
2670 1413 2723 1459 et
2764 1414 2818 1458 tu
2852 1406 3095 1458 insertus
3124 1417 3185 1458 es
3222 1420 3317 1472 per
3361 1405 3543 1466 fidem,

1973 1506 2025 1549 et
2053 1496 2105 1549 in
2136 1496 2238 1549 tide
2269 1507 2383 1550 stas
2410 1513 2422 1548 :
2456 1499 2550 1552 sed
2581 1507 2851 1551 memento
2883 1496 3008 1564 quia
3068 1512 3087 1545 ι
3124 1494 3303 1549 omnis
3344 1496 3437 1564 qui
3484 1509 3546 1547 se

1972 1586 2175 1641 exaltat
2217 1586 2593 1643 bumiliabitnr
2634 1588 2679 1619 ⁷⁸
2712 1606 2725 1647 ;
2765 1605 2787 1641 ι
2847 1596 2901 1640 et
2945 1587 3066 1640 ideo
3115 1602 3134 1635 ι
3170 1586 3277 1639 noli
3313 1587 3547 1655 superbe

1974 1687 2170 1743 sapere
2194 1673 2331 1745 (91),
2370 1694 2387 1725 ι
2426 1675 2537 1730 noli
2587 1674 2695 1728 alta
2725 1685 2779 1729 et
2809 1674 2949 1729 elata
2981 1674 3249 1743 proloqui.
3284 1673 3545 1741 Quamvis

1976 1766 2119 1819 enim
2162 1766 2213 1819 in
2247 1766 2431 1820 radice
2460 1777 2594 1831 stes,
2628 1777 2681 1819 et
2711 1767 2848 1821 bene
2872 1776 3005 1833 stes,
3041 1767 3228 1821 timeto
3263 1776 3443 1821 tamen
3472 1783 3547 1820 vt-

296 1861 473 1928 possit
498 1861 562 1915 ad
592 1863 791 1915 bonum
823 1856 937 1931 [84]
965 1834 1293 1927 ),‘inseritur
1321 1834 1476 1918 bona:
1504 1834 1659 1919 oliva:
1695 1879 1789 1933 per
1814 1862 1873 1917 11-
1908 1834 1953 1892 B
1979 1855 2113 1910 deus
2150 1857 2275 1925 quia
2309 1863 2364 1910 et
2392 1856 2481 1910 alii
2509 1857 2706 1926 quibus
2729 1856 2952 1911 insultas
2978 1858 3051 1911 ibi
3080 1866 3350 1912 steterunt
3375 1858 3465 1912 ubi
3493 1867 3549 1911 et

294 1954 447 2018 dem,
477 1961 531 2007 et
558 1951 787 2007 eﬂicitur
832 1954 1015 2009 socius
1046 1953 1269 2018 radicis,
1306 1963 1361 2008 et
1394 1954 1734 2023 pinguedtnis
1774 1954 1875 2009 oli-

298 2056 385 2096 va:
410 2041 479 2097 “.
524 2041 782 2097 Radicem
815 2057 946 2098 vero
977 2043 1118 2098 hanc
1147 2044 1236 2098 alii
1269 2043 1536 2098 Abraham
1570 2045 1872 2111 nominant,

296 2131 393 2185 alii
428 2130 583 2198 Seth,
622 2131 713 2186 alii
741 2132 979 2201 aliquem
1014 2150 1181 2189 unum
1211 2150 1275 2189 ex
1307 2135 1555 2203 patribus
1588 2135 1726 2189 bene
1757 2151 1868 2190 me-

298 2223 426 2277 ritis
464 2232 669 2291 ponunt
718 2222 853 2294 (85).
887 2225 1003 2295 Ego
1034 2234 1215 2281 autem
1259 2226 1496 2280 radicem
1550 2223 1711 2279 aliam
1756 2242 1876 2296 qum

293 2322 487 2367 sancta
518 2315 607 2377 sit,
640 2325 694 2368 et
713 2325 930 2371 sanctas
953 2317 1221 2386 primitias
1249 2316 1434 2372 nescio
1459 2316 1561 2371 nisi
1591 2315 1875 2373 Dominum

296 2415 551 2457 nostrum
585 2404 697 2474 (86)
750 2406 932 2462 Iesum
967 2406 1267 2462 Christum.
1298 2408 1417 2477 Ipse
1444 2416 1527 2462 est
1569 2408 1714 2463 enim
1760 2408 1876 2476 pri-

300 2498 471 2552 milia:
500 2500 763 2566 omnium,
794 2500 879 2554 vel
913 2518 932 2550 ι
972 2498 1253 2564 delibatio,
1292 2517 1311 2552 ι
1348 2509 1408 2553 ιιι
1435 2499 1487 2553 in
1517 2499 1771 2569 praesenti
1798 2500 1877 2555 lo-

298 2602 369 2641 eo
399 2588 661 2643 habemus
690 2591 958 2660 Apostoli,
994 2591 1289 2646 secundum
1317 2590 1369 2644 id
1395 2592 1536 2659 quod
1572 2591 1699 2646 alibi
1728 2592 1792 2646 de
1812 2606 1879 2647 eo

298 2678 501 2732 dicitur
525 2695 538 2730 :
578 2700 597 2730 ε
621 2678 721 2746 Qui
750 2691 832 2735 est
858 2682 1254 2753 primogenitus
1281 2682 1459 2734 omnis
1488 2680 1871 2757 ereaturmf'a

303 2770 445 2824 lluic
488 2785 717 2839 namque
762 2772 928 2825 radici
960 2772 1139 2827 omnis
1178 2772 1270 2840 qui
1305 2771 1547 2826 salvatur
1586 2773 1874 2837 Inseritur.

300 2868 361 2911 et
398 2874 464 2913 ex
492 2859 596 2913 hac
627 2860 955 2914 delibatione
989 2869 1181 2919 saneta
1208 2860 1392 2916 omnis
1439 2876 1617 2914 massa
1650 2860 1877 2916 humani

300 2952 520 3019 generis
566 2952 988 3006 sanctificatur:
1034 2959 1088 3005 et
1126 2966 1255 3005 vere
1303 2952 1445 3005 sicut
1481 2952 1636 3006 radix
1687 2963 1877 3007 sancta

304 3042 656 3096 manentibus
704 3043 755 3096 in
805 3057 863 3096 se
918 3043 1085 3096 ramis
1134 3043 1445 3097 sanctitatis
1494 3043 1877 3112 pinguedinem

304 3133 528 3199 praebet,
562 3134 684 3187 dum
720 3150 814 3202 per
839 3134 1101 3203 Spiritum
1134 3146 1289 3186 suum
1320 3143 1566 3188 sanetum
1595 3133 1878 3189 adhaercn-
1902 3164 1948 3222 ο

303 3232 389 3275 tes
419 3223 523 3275 sibi
562 3222 822 3290 vivitieat,
850 3226 1017 3279 verbo
1068 3224 1292 3290 excolit,
1340 3225 1605 3293 sapientia
1656 3222 1877 3279 ﬂoridos

304 3314 503 3377 reddit,
532 3315 668 3368 etin
699 3316 944 3369 omnium
1000 3315 1255 3369 virtutum
1306 3315 1641 3385 plenitudine
1683 3311 1878 3368 aﬁ'erre

302 3404 514 3459 fructus
542 3406 735 3460 uberes
768 3406 894 3459 facit
937 3422 950 3458 :
1000 3405 1074 3460 ita
1118 3416 1177 3461 ut
1215 3416 1270 3460 et
1303 3408 1419 3475 ipsa
1469 3407 1616 3459 dicat
1653 3409 1717 3460 de
1750 3409 1874 3462 eis:

318 3512 339 3545 ε
384 3494 495 3563 Ego
529 3506 709 3551 autem
743 3499 886 3551 sicut
910 3496 1052 3553 oliva
1078 3496 1356 3552 fmetifera
1387 3499 1438 3551 in
1464 3498 1626 3551 domo
1651 3498 1743 3553 Dei
1772 3501 1873 3553 ⁸⁸.»

302 3586 517 3640 Etenim
537 3589 579 3643 si
597 3590 727 3642 rami
743 3589 834 3658 qui
852 3588 1009 3643 fracti
1032 3598 1178 3653 sunt,
1198 3600 1416 3660 propter
1444 3590 1874 3647 incredulitatem

301 3676 458 3731 fracti
478 3688 679 3742 sunt,et
696 3681 784 3749 qui
799 3689 963 3744 stant,
989 3679 1276 3734 ﬂdestant:
1297 3681 1419 3750 quis
1434 3680 1749 3737 aliuseritin
1770 3697 1876 3753 quo

297 3778 451 3823 stant
471 3770 573 3825 nisi
598 3769 754 3825 Jesus
772 3771 1069 3825 Christus?
1096 3780 1150 3826 et
1174 3773 1299 3841 quis
1320 3781 1402 3826 est
1418 3772 1560 3826 alius
1588 3788 1616 3825 a
1648 3788 1755 3843 quo
1779 3789 1877 3844 per

302 3860 737 3915 incredulitatem
765 3862 927 3917 fracti
951 3872 1095 3929 sunt,
1126 3863 1226 3917 nisi
1252 3864 1369 3932 ipse
1396 3863 1607 3917 cuinon
1630 3865 1876 3920 credide-

302 3953 474 4004 runt?
506 3951 733 4022 Semper
794 3967 925 4023 ergo
954 3954 1261 4024 quicunque
1310 3956 1531 4010 advena:
1571 3955 1639 4010 ad
1691 3955 1872 4021 fidem,

298 4042 383 4095 vel
413 4040 478 4093 ad
513 4045 979 4098 conversationem
1013 4043 1181 4098 Israel
1216 4043 1329 4115 (87)
1357 4044 1671 4112 veniebant,
1717 4045 1875 4100 Chri-

298 4141 388 4186 sto
447 4133 538 4201 qui
577 4142 695 4188 erat
732 4148 896 4188 verus
940 4133 1103 4189 Israel
1148 4136 1547 4191 inserebantur.
1599 4136 1875 4207 Praecipue

301 4234 485 4277 tamen
544 4240 611 4279 ex
662 4235 902 4295 tempore
950 4227 1216 4282 adventus
1249 4228 1365 4297 ejus
1406 4232 1606 4283 multus
1639 4230 1874 4285 oleaster

297 4317 563 4371 inseritur
591 4316 704 4391 (88)
730 4318 857 4373 huic
890 4321 1081 4385 radici,
1113 4321 1201 4376 vel
1247 4321 1412 4376 ramis
1436 4321 1576 4389 ejus,
1609 4321 1872 4391 apostolis

294 4407 512 4462 scilicet
549 4417 609 4463 et
658 4409 938 4479 prophetis
987 4410 1117 4466 Dei:
1159 4420 1219 4465 ut
1280 4412 1373 4479 qui
1426 4413 1736 4467 inseruntur
1769 4413 1869 4479 eis,

1979 1958 2034 2001 ιιι
2075 1958 2224 2002 stas:
2260 1958 2309 2002 et
2340 1957 2391 2002 tu
2416 1961 2536 2002 cum
2565 1949 2633 2002 ibi
2666 1963 2772 2003 non
2802 1962 2972 2015 esses,
3001 1949 3067 2004 ad
3100 1950 3259 2005 oliva:
3303 1948 3417 2021 (92)
3447 1950 3551 2004 hu-

1970 2040 2058 2108 jus
2097 2042 2331 2095 radicem
2364 2041 2586 2095 aliunde
2616 2042 2909 2098 translatus
2948 2057 3025 2106 es,
3059 2052 3114 2097 et
3163 2042 3425 2112 possibile
3466 2052 3549 2096 est

1975 2133 2140 2187 etiam
2183 2142 2235 2186 te
2274 2147 2524 2202 peccare.
2555 2132 2690 2187 Nam
2735 2141 2791 2188 et
2834 2135 2936 2188 hoc
2981 2134 3097 2202 ipso
3124 2134 3269 2202 quod
3296 2133 3548 2202 superbis

1976 2234 2030 2277 et
2052 2224 2329 2288 exaltaris,
2353 2223 2465 2291 jam
2491 2238 2683 2292 peccas
2708 2242 2721 2279 :
2756 2234 2811 2278 et
2832 2225 2965 2279 scito
2995 2226 3251 2294 quoniam
3283 2242 3306 2276 ε
3335 2225 3381 2277 si
3407 2222 3549 2278 Deus

1979 2314 2313 2368 naturalibus
2364 2316 2527 2369 ramis
2583 2330 2687 2370 non
2739 2318 3000 2385 pepercit,
3046 2331 3145 2371 nec
3181 2316 3272 2371 tibi
3302 2325 3543 2385 parcet.»

1978 2402 2108 2458 Post
2144 2405 2259 2458 lnec
2298 2419 2425 2460 vero
2479 2407 2583 2460 iste
2618 2406 2732 2477 (93)
2778 2407 2869 2476 qui
2924 2407 3169 2476 superbit
3214 2416 3270 2462 et
3327 2408 3549 2462 insultat

1978 2496 2169 2566 lapsis,
2209 2497 2491 2552 altioribus
2533 2497 2603 2551 ab
2638 2497 2894 2566 Apostoio
2936 2498 3183 2553 sensibus
3229 2497 3550 2552 humilitatis

1981 2587 2284 2653 imbuitur;
2322 2595 2374 2641 et
2419 2587 2623 2642 dicitur
2674 2588 2740 2640 ad
2785 2603 2906 2641 eum
2935 2606 2950 2644 :
2984 2587 3063 2642 Tu
3096 2590 3187 2658 qui
3231 2589 3346 2644 haec
3391 2590 3547 2649 dicis,

1983 2694 2004 2730 ι
2042 2677 2165 2732 vide
2197 2678 2493 2733 bonitatem
2525 2687 2577 2733 et
2608 2680 2953 2734 severitatem
2988 2680 3078 2734 Dei
3109 2698 3122 2734 :
3156 2699 3175 2731 ι
3211 2688 3265 2735 et
3299 2695 3417 2734 cum
3468 2682 3550 2733 vi-

1980 2771 2075 2825 des
2104 2770 2451 2825 severitatem
2490 2771 2608 2841 ejus
2653 2786 2776 2842 erga
2816 2771 3091 2827 defractos
3115 2787 3317 2837 ramos,
3371 2782 3548 2827 metu-

1978 2859 2175 2915 endmn
2206 2862 2299 2914 tibi
2332 2870 2416 2915 est
2443 2875 2508 2914 ne
2532 2861 2674 2915 forte
2724 2870 2778 2916 et
2828 2871 2884 2916 tu
2914 2862 3042 2917 dum
3088 2862 3345 2932 superbis
3378 2873 3433 2918 et
3463 2864 3548 2917 iu-

1979 2952 2149 3007 sultas
2172 2953 2355 3020 lapsis,
2385 2954 2733 3009 severitatem
2767 2954 2858 3009 Dei
2913 2970 3034 3024 qua:
3078 2965 3393 3023 peccatores
3425 2971 3551 3025 per-

1982 3055 2161 3113 urget,
2220 3044 2470 3097 incurras
2500 3045 2613 3113 ipse
2665 3047 2962 3114 peccando.
2996 3044 3222 3100 Bonitas
3259 3048 3403 3100 enim
3435 3048 3557 3113 ejus

1979 3143 2264 3203 permanet
2291 3135 2341 3187 in
2364 3134 2551 3203 bisqui
2575 3136 2626 3188 in
2655 3136 2891 3189 bonitate
2921 3140 3336 3208 permanserint.
3366 3160 3383 3192 ι
3408 3142 3555 3194 Alio-'

1977 3222 2108 3291 quin
2132 3241 2150 3274 ι
2167 3223 2353 3277 eodem
2368 3224 2556 3277 ordine
2576 3242 2594 3275 ι
2615 3234 2667 3277 et
2684 3236 2762 3289 tu,
2776 3226 2844 3279 »εἰ
2869 3226 2920 3279 in
2941 3228 3178 3283 bonitate
3192 3244 3293 3283 non
3309 3245 3553 3299 permane

1977 3312 2136 3374 seris,
2158 3330 2176 3362 ι
2197 3313 2495 3366 excideris:
2532 3322 2584 3366 et
2612 3313 2686 3365 illi
2716 3314 2761 3367 si
2795 3317 2846 3366 in
2885 3314 3261 3370 incredulitate
3299 3332 3404 3370 non
3426 3331 3554 3387 per-

1980 3407 2295 3472 manserint,
2314 3407 2639 3461 inserentur.
2657 3427 2674 3459 ι
2703 3408 2812 3462 Deo
2836 3411 2979 3463 enim
3010 3426 3115 3465 non
3135 3422 3216 3465 est
3241 3411 3557 3480 impossibi-

1978 3497 2026 3549 le
2047 3515 2065 3548 ι
2092 3498 2286 3551 iterum
2306 3496 2546 3551 inserere
2569 3496 2688 3551 illos
2706 3516 2724 3547 ι
2745 3498 2789 3552 si
2811 3501 3067 3554 recedant
3082 3503 3151 3556 ab
3173 3503 3550 3559 incredulitate

1974 3587 2140 3659 639
2158 3602 2254 3656 per
2282 3602 2440 3656 quam
2476 3587 2628 3641 fracti
2656 3598 2779 3642 sunt
2815 3607 2829 3642 :
2871 3592 3307 3660 quandoquidem
3338 3594 3555 3649 facilius

1975 3680 2191 3732 videtur
2216 3680 2447 3746 proprizr.
2472 3678 2685 3733 arboris
2724 3693 2909 3733 ramos
2941 3680 3108 3732 radici
3139 3695 3250 3734 sua:
3296 3681 3547 3745 reddere,

1976 3784 2134 3839 quam
2156 3771 2394 3824 inserere
2411 3769 2632 3823 alienos.
2649 3768 2799 3835 Quod
2818 3778 2996 3824 autem
3026 3770 3210 3841 dixit,i
3233 3784 3300 3825 ex
3316 3774 3555 3827 naturali

1975 3862 2230 3929 oleastro,
2266 3876 2356 3914 Del
2378 3860 2618 3914 iterumu
2637 3860 2934 3914 secundum
2966 3872 3213 3915 naturam
3243 3863 3548 3917 inserentur

1975 3967 2085 4007 sua:
2098 3951 2274 4017 olivae,
2299 3971 2318 4004 ι
2345 3959 2593 4006 naturam
2608 3950 2764 4005 oliva:
2793 3950 2875 4005 vel
2894 3950 3110 4005 oleastri
3134 3954 3426 4008 secundum
3448 3954 3549 4013 hoc

1974 4047 2231 4099 debemus
2251 4042 2497 4113 accipere
2519 4043 2661 4110 quod
2682 4056 2843 4109 supra
2870 4043 3240 4112 exposuimus,
3261 4047 3402 4116 quod
3435 4046 3548 4117 (91)

1972 4134 2182 4203 arbitrii
2217 4133 2443 4188 libertas
2470 4141 2721 4186 naturam
2745 4132 2938 4187 fecerit
2968 4134 3261 4206 unicuique
3288 4136 3372 4191 ‘vel
3401 4136 3549 4191 olea-

1973 4226 2092 4290 stri,
2124 4226 2205 4279 vel
2261 4223 2415 4279 bona:
2443 4224 2623 4279 olivae.
2669 4221 3080 4280 Observandum
3116 4241 3246 4281 sane
3289 4237 3371 4281 est
3403 4231 3547 4297 quod

1975 4318 2027 4373 hi
2058 4318 2271 4387 quidem
2295 4318 2385 4387 qui
2417 4332 2484 4371 ex
2508 4318 2726 4387 propria
2754 4319 2895 4372 oliva
2918 4318 3257 4381 deciderunt,
3281 4312 3547 4371 fracti'di-

1973 4420 2170 4464 cuntur
2202 4426 2217 4477 ;
2245 4408 2296 4463 bi
2327 4423 2457 4463 vero
2489 4410 2580 4478 qui
2616 4424 2680 4462 ex
2726 4408 2964 4463 oleastro
3000 4408 3333 4470 inseruntur,
3367 4406 3410 4460 si
3449 4405 3547 4461 ite-

296 4499 432 4552 socii
466 4498 597 4553 ﬂant
623 4501 821 4555 radicis
844 4510 898 4555 et
921 4502 1267 4572 pinguedinis
1298 4504 1528 4559 Christi.
1586 4503 1717 4558 Post
1750 4505 1864 4561 haec
1899 4500 1942 4554 D
1972 4517 2087 4555 rum
2116 4500 2479 4572 peccaverint,
2525 4513 2629 4553 non
2659 4498 2966 4569 frangendi,
3001 4496 3143 4567 quod
3186 4497 3373 4565 utique
3402 4505 3545 4551 esset

367 4635 583 4714 _“_.Psal.
603 4654 742 4714 Lvtt,
769 4640 832 4714 {._
858 4710 876 4714 Δ
902 4641 946 4672 ⁸⁵
988 4640 1182 4709 Ephes.
1210 4656 1283 4714 _u_,
1319 4642 1406 4697 l2.
1481 4641 1681 4698 “Psal.
1712 4659 1832 4714 ut,
1861 4645 1947 4699 11.
2022 4638 2068 4672 ⁸⁸
2094 4638 2248 4693 llorn.
2281 4651 2357 4701 si,
2388 4635 2474 4691 l7.
2550 4634 2593 4665 "
2634 4632 2841 4689 Coloss.
2880 4647 2916 4695 t,
2954 4630 3041 4684 l5.
3119 4629 3161 4658 “'
3184 4626 3324 4683 Psal.
3354 4643 3429 4692 LI,
3454 4625 3543 4682 l0.

294 4704 376 4757 “I
406 4705 531 4761 Cor.
558 4724 628 4774 tv,
665 4704 735 4764 7.7
790 4710 836 4741 '°
856 4710 988 4765 Luc.
1019 4704 1170 4775 ivttt,
1200 4710 1288 4765 14.

391 4817 483 4885 81)
517 4816 683 4884 Editi,
714 4837 734 4871 ς
763 4836 793 4875 a
822 4822 1004 4887 vulva,
1026 4829 1344 4876 erraverunt
1374 4820 1442 4874 ab
1472 4830 1655 4887 utero,
1687 4841 1706 4876 ι
1756 4834 1863 4886 etc.

389 4887 481 4961 8?)
515 4888 731 4961 [Edititc
761 4905 928 4960 genus
950 4906 1070 4946 esse
1102 4891 1406 4961 culpabilis,
1434 4909 1454 4942 ι
1486 4902 1594 4945 etc.

386 4956 461 5012 33
522 4956 639 5011 Sui.
672 4956 834 5015 Deést
865 4962 916 5014 in
948 4961 1127 5016 editis.

386 4962 481 5094 '84;
514 5026 679 5091 Editi,
712 5047 733 5080 ι
762 5031 829 5085 ad
864 5031 1021 5085 ﬁdem
1052 5032 1127 5085 bo:

390 5026 481 5091 84)
514 5026 679 5091 Editi,
712 5047 733 5080 ι
762 5031 829 5085 ad
864 5031 1021 5085 fidem
1052 5031 1196 5085 boni.
1228 5049 1248 5082 ι

365 5096 482 5166 (85)
514 5095 678 5169 Editi.
708 5116 735 5169 «ν
760 5100 913 5154 bona:
937 5101 1134 5155 mentis
1164 5108 1386 5169 ponunt.
1424 5119 1443 5153 ι
1480 5099 1577 5154 Ms.
1600 5115 1736 5156 unus
1757 5101 1862 5156 Re-

291 5166 411 5235 gius
436 5168 771 5241 num.I_639.
800 5187 819 5220 ι
851 5170 973 5224 boni
1002 5166 1177 5224 meriti
1206 5179 1431 5241 ponunt.
1468 5188 1487 5222 ι
1508 5171 1698 5224 Ceteri
1733 5185 1863 5227 vero

293 5250 426 5298 mss.
466 5245 521 5292 et
562 5236 818 5294 llabanus
850 5249 908 5292 ut
938 5241 989 5293 in
1021 5249 1194 5294 textu.

363 5306 480 5376 (86)
506 5308 599 5363 Sic
627 5307 759 5362 editi
786 5318 841 5363 et
872 5311 1142 5365 Babanus.
1164 5309 1260 5365 Ms.
1294 5309 1495 5379 Regius
1524 5323 1673 5363 num.
1708 5307 1871 5371 1659,

298 5393 317 5425 ι
357 5391 557 5432 meum.
592 5396 611 5428 ι
666 5380 860 5433 Crateri
909 5394 1039 5433 mss.
1084 5385 1343 5435 omittunt
1388 5380 1472 5432 vel
1518 5398 1538 5430 ι
1568 5388 1810 5435 nostrum
1846 5400 1865 5432 ι

293 5445 374 5499 vel
419 5464 441 5498 r
470 5462 665 5502 meum.
700 5466 719 5498 ι

365 5514 481 5585 (87)
509 5517 636 5573 Mss.
668 5521 772 5572 duo
796 5518 1019 5585 habent,
1048 5539 1066 5572 ι
1094 5520 1162 5575 ad
1193 5521 1610 5575 conversionem
1639 5519 1862 5576 Israel.»

386 5588 474 5651 88)
513 5587 676 5650 Editi,
708 5590 1008 5644 «insertus.
1037 5610 1058 5645 ο

383 5658 473 5725 89)
498 5658 599 5713 Ms.
651 5659 848 5729 Regius
896 5675 1043 5715 num.
1095 5660 1254 5723 1659,
1314 5678 1331 5711 ι
1368 5660 1494 5715 Post
1535 5658 1728 5713 edocet
1767 5674 1868 5713 nos

296 5728 585 5793 Apostolus
624 5728 955 5784 uon’extolli
992 5732 1277 5785 adversum
1314 5747 1497 5785 ramos
1533 5730 1758 5783 tractos.
1810 5730 1861 5781 id

295 5807 377 5851 est
421 5799 760 5855 lsraelitas...
797 5800 938 5853 Nihil
969 5804 1113 5853 enim
1138 5803 1419 5867 habemus,
1444 5821 1460 5851 ι
1497 5810 1602 5855 etc.
1627 5798 1733 5854 Sed
1757 5812 1863 5853 cce-

534 5894 807 5951 Pn‘nOL.
874 5891 991 5951 Gn.
1052 5891 1216 5953 XIV.

1971 4822 2069 4876 teri
2104 4835 2259 4883 mss.,
2288 4816 2547 4871 Rabanus
2570 4822 2623 4867 et
2653 4808 2786 4883 editi
2811 4813 2942 4883 utin
2965 4820 3174 4883 nostro
3221 4819 3393 4883 textu,
3438 4812 3540 4866 nisv

1968 4891 2109 4961 quod
2141 4881 2269 4961 editi
2298 4886 2553 4940 omittant
2579 4902 2597 4935 t
2625 4881 2726 4944 vel,
2759 4900 2776 4933 ι
2802 4892 2855 4935 et
2884 4881 3130 4935 Ilabauus
3165 4881 3358 4937 haheat
3391 4899 3409 4932 ι
3441 4893 3492 4936 et
3519 4901 3538 4932 ο

1968 4957 2347 5100 ωῗώἴὲῐῖίίί,
2387 5042 2405 5074 ‹
2440 5021 2914 5092 impudentibus...
2942 5021 3049 5075 Sed
3086 5018 3240 5074 fracti
3277 5028 3404 5072 sunt
3455 5036 3540 5072 ra-

1969 5107 2065 5163 mi,
2094 5118 2114 5151 ι
2151 5107 2256 5152 etc.

2040 5166 2148 5241 (91)
2180 5165 2350 5241 Editi,
2376 5184 2393 5215 ι
2428 5163 2654 5241 superba
2681 5176 2888 5241 sapere
2923 5179 2939 5210 ι
3008 5240 3013 5241 7
3054 5236 3065 5241 Δ
3302 5227 3334 5241 η
3359 5227 3373 5240 ο

2044 5227 2158 5310 (9ἕ)
2190 5236 2288 5290 Ms.
2318 5227 2517 5310 Regius
2540 5248 2688 5310 num.
2722 5227 2880 5310 {859,
2915 5247 2933 5281 ι
2968 5236 3113 5310 ethtu
3139 5241 3263 5281 cum
3302 5227 3373 5310 ibi
3401 5240 3543 5310 stes.

1976 5297 2244 5368 ad‘oli'vae,
2278 5324 2295 5356 ι
2322 5297 2430 5358 61.οἶ
2470 5304 2573 5358 Sed
2602 5302 2784 5356 caeteri
2834 5315 2987 5362 mss.,
3021 5297 3274 5355 [tabanus
3316 5306 3371 5350 et
3414 5298 3544 5350 editi

1980 5385 2328 5517 ιηίὲὅὲθῖἔὲ
2351 5441 2639 5517 ,Οιιιίιιίιιιι-
2665 5441 2718 5497 in
2747 5438 2943 5504 editis;
2985 5438 3077 5508 qui
3112 5444 3296 5507 postea
3321 5434 3538 5499 habent,

1983 5540 2002 5571 ι
2032 5512 2324 5573 etdicitad
2351 5512 2495 5567 eum.
2546 5530 2565 5562 ι
2970 5577 2979 5579 Α
3016 5578 3021 5579 ί
3192 5578 3195 5579 ν
3351 5572 3364 5579 Δ
3416 5576 3444 5579 ν,
3480 5576 3485 5579 _

2046 5587 2156 5658 (94)
2204 5602 2221 5635 ι
2242 5584 2416 5658 Quod
2458 5600 2473 5630 ι
2505 5579 2776 5658 ontit_ti_t_uAr
2807 5581 2856 5658 in
2899 5577 3077 5658 editis,
3108 5578 3218 5658 sed
3236 5572 3541 5658 restituitur

1975 5649 2189 5712 eruis.
2242 5653 2408 5721 Ilegio
2447 5665 2593 5704 num.
2629 5649 2763 5704 1659
2808 5657 2886 5721 et
2911 5649 3150 5703 llabauo.
3180 5649 3373 5705 Crateri
3417 5652 3538 5699 vero

1976 5743 2109 5783 mss.
2144 5719 2344 5781 habent
2369 5745 2389 5780 ι
2428 5730 2486 5775 ιιι
2515 5739 2534 5773 ι
2563 5735 2660 5789 pro
2691 5737 2709 5773 ι
2750 5719 2913 5790 quod.
2957 5738 2976 5772 ι

3216 5873 3293 5931 38
