  <div class='ocr_page' id='page_1' title='image "/cluster/home/n/w/nwhite01/storage/ocr_20150623/14/hvd.32044073501363/604.png"; bbox 0 0 4048 6202; ppageno 0'>
   <div class='ocr_carea' id='block_1_1' title="bbox 349 301 489 361">
    <p class='ocr_par' dir='ltr' id='par_1_1' title="bbox 349 301 489 361">
     <span class='ocr_line' id='line_1_1' title="bbox 349 301 489 361; baseline -0.036 0"><span class='ocrx_word' id='word_1_1' title='bbox 349 301 489 361; x_wconf 71' lang='grc'><strong>1191</strong></span> 
     </span>
    </p>
   </div>
   <div class='ocr_carea' id='block_1_2' title="bbox 1276 298 2671 364">
    <p class='ocr_par' dir='ltr' id='par_1_2' title="bbox 1276 298 2671 364">
     <span class='ocr_line' id='line_1_2' title="bbox 1276 298 2671 364; baseline 0.001 -5"><span class='ocrx_word' id='word_1_2' title='bbox 1276 306 1634 364; x_wconf 74' lang='lat' dir='ltr'><strong>COMMENT.</strong></span> <span class='ocrx_word' id='word_1_3' title='bbox 1679 307 1744 362; x_wconf 83' lang='lat' dir='ltr'><strong>IN</strong></span> <span class='ocrx_word' id='word_1_4' title='bbox 1785 305 2000 362; x_wconf 81' lang='lat' dir='ltr'><strong>EPIST.</strong></span> <span class='ocrx_word' id='word_1_5' title='bbox 2037 307 2127 360; x_wconf 75' lang='lat' dir='ltr'><strong>AD</strong></span> <span class='ocrx_word' id='word_1_6' title='bbox 2161 305 2328 362; x_wconf 70' lang='lat' dir='ltr'><strong>IIOM.</strong></span> <span class='ocrx_word' id='word_1_7' title='bbox 2362 305 2490 361; x_wconf 86' lang='lat' dir='ltr'><strong>LIB.</strong></span> <span class='ocrx_word' id='word_1_8' title='bbox 2537 298 2671 361; x_wconf 78' lang='lat' dir='ltr'><strong>VIII.</strong></span> 
     </span>
    </p>
   </div>
   <div class='ocr_carea' id='block_1_3' title="bbox 3470 305 3608 362">
    <p class='ocr_par' dir='ltr' id='par_1_3' title="bbox 3470 305 3608 362">
     <span class='ocr_line' id='line_1_3' title="bbox 3470 305 3608 362; baseline -0.029 -1"><span class='ocrx_word' id='word_1_9' title='bbox 3470 305 3608 362; x_wconf 76' lang='lat' dir='ltr'><strong>I198</strong></span> 
     </span>
    </p>
   </div>
   <div class='ocr_carea' id='block_1_4' title="bbox 350 419 3605 498">
    <p class='ocr_par' dir='ltr' id='par_1_4' title="bbox 350 419 3605 498">
     <span class='ocr_line' id='line_1_4' title="bbox 350 419 3605 498; baseline 0.001 -19"><span class='ocrx_word' id='word_1_10' title='bbox 350 441 383 479; x_wconf 82' lang='grc' dir='ltr'><strong>ιι</strong></span> <span class='ocrx_word' id='word_1_11' title='bbox 411 439 495 479; x_wconf 89' lang='lat' dir='ltr'><strong>me</strong></span> <span class='ocrx_word' id='word_1_12' title='bbox 530 432 929 486; x_wconf 88' lang='lat' dir='ltr'><strong>testamentum.</strong></span> <span class='ocrx_word' id='word_1_13' title='bbox 961 439 1084 480; x_wconf 84' lang='lat' dir='ltr'><strong>cum</strong></span> <span class='ocrx_word' id='word_1_14' title='bbox 1137 427 1412 483; x_wconf 76' lang='lat' dir='ltr'><strong>abstulero</strong></span> <span class='ocrx_word' id='word_1_15' title='bbox 1444 441 1661 498; x_wconf 89' lang='lat' dir='ltr'><strong>peccata</strong></span> <span class='ocrx_word' id='word_1_16' title='bbox 1691 445 1930 484; x_wconf 70' lang='lat' dir='ltr'><strong>cornuti</strong></span> <span class='ocrx_word' id='word_1_17' title='bbox 1967 432 2012 488; x_wconf 76' lang='grc' dir='ltr'><strong>Α</strong></span> <span class='ocrx_word' id='word_1_18' title='bbox 2041 443 2145 496; x_wconf 91' lang='lat' dir='ltr'><strong>qua</strong></span> <span class='ocrx_word' id='word_1_19' title='bbox 2173 442 2304 480; x_wconf 90' lang='lat' dir='ltr'><strong>vero</strong></span> <span class='ocrx_word' id='word_1_20' title='bbox 2344 426 2540 491; x_wconf 88' lang='lat' dir='ltr'><strong>tristia,</strong></span> <span class='ocrx_word' id='word_1_21' title='bbox 2584 427 2629 480; x_wconf 91' lang='lat' dir='ltr'><strong>si</strong></span> <span class='ocrx_word' id='word_1_22' title='bbox 2678 424 2892 495; x_wconf 80' lang='lat' dir='ltr'><strong>quidem</strong></span> <span class='ocrx_word' id='word_1_23' title='bbox 2933 422 3002 475; x_wconf 83' lang='lat' dir='ltr'><strong>de</strong></span> <span class='ocrx_word' id='word_1_24' title='bbox 3038 419 3198 477; x_wconf 56' lang='lat' dir='ltr'><strong>Israel</strong></span> <span class='ocrx_word' id='word_1_25' title='bbox 3243 421 3513 489; x_wconf 82' lang='lat' dir='ltr'><strong>dicuntur,</strong></span> <span class='ocrx_word' id='word_1_26' title='bbox 3542 431 3605 482; x_wconf 89' lang='lat' dir='ltr'><strong>ad</strong></span> 
     </span>
    </p>
   </div>
   <div class='ocr_carea' id='block_1_5' title="bbox 346 515 1935 588">
    <p class='ocr_par' dir='ltr' id='par_1_5' title="bbox 346 515 1935 588">
     <span class='ocr_line' id='line_1_5' title="bbox 346 515 1935 588; baseline 0.001 -16"><span class='ocrx_word' id='word_1_27' title='bbox 346 515 640 572; x_wconf 85' lang='lat' dir='ltr'><strong>Sciendum</strong></span> <span class='ocrx_word' id='word_1_28' title='bbox 669 528 800 568; x_wconf 86' lang='lat' dir='ltr'><strong>sane</strong></span> <span class='ocrx_word' id='word_1_29' title='bbox 824 526 924 579; x_wconf 84' lang='lat' dir='ltr'><strong>est,</strong></span> <span class='ocrx_word' id='word_1_30' title='bbox 941 517 1080 582; x_wconf 90' lang='lat' dir='ltr'><strong>quod</strong></span> <span class='ocrx_word' id='word_1_31' title='bbox 1104 516 1155 568; x_wconf 95' lang='lat' dir='ltr'><strong>in</strong></span> <span class='ocrx_word' id='word_1_32' title='bbox 1174 519 1430 588; x_wconf 90' lang='lat' dir='ltr'><strong>propbeta</strong></span> <span class='ocrx_word' id='word_1_33' title='bbox 1452 521 1601 580; x_wconf 83' lang='lat' dir='ltr'><strong>Isaia.</strong></span> <span class='ocrx_word' id='word_1_34' title='bbox 1624 525 1765 575; x_wconf 92' lang='lat' dir='ltr'><strong>unde</strong></span> <span class='ocrx_word' id='word_1_35' title='bbox 1787 521 1935 575; x_wconf 85' lang='lat' dir='ltr'><strong>testi-</strong></span> 
     </span>
    </p>
   </div>
   <div class='ocr_carea' id='block_1_6' title="bbox 345 605 1934 683">
    <p class='ocr_par' dir='ltr' id='par_1_6' title="bbox 345 605 1934 683">
     <span class='ocr_line' id='line_1_6' title="bbox 345 605 1934 683; baseline 0.003 -22"><span class='ocrx_word' id='word_1_36' title='bbox 345 609 586 662; x_wconf 89' lang='lat' dir='ltr'><strong>mouium</strong></span> <span class='ocrx_word' id='word_1_37' title='bbox 605 606 746 660; x_wconf 90' lang='lat' dir='ltr'><strong>istud</strong></span> <span class='ocrx_word' id='word_1_38' title='bbox 778 605 973 661; x_wconf 80' lang='lat' dir='ltr'><strong>Paulus</strong></span> <span class='ocrx_word' id='word_1_39' title='bbox 989 609 1234 673; x_wconf 82' lang='lat' dir='ltr'><strong>assumit,</strong></span> <span class='ocrx_word' id='word_1_40' title='bbox 1259 625 1355 676; x_wconf 91' lang='lat' dir='ltr'><strong>pro</strong></span> <span class='ocrx_word' id='word_1_41' title='bbox 1383 627 1449 666; x_wconf 90' lang='lat' dir='ltr'><strong>eo</strong></span> <span class='ocrx_word' id='word_1_42' title='bbox 1469 615 1610 682; x_wconf 88' lang='lat' dir='ltr'><strong>quo.l</strong></span> <span class='ocrx_word' id='word_1_43' title='bbox 1639 615 1934 683; x_wconf 79' lang='lat' dir='ltr'><strong>dixitApo-</strong></span> 
     </span>
    </p>
   </div>
   <div class='ocr_carea' id='block_1_7' title="bbox 344 697 1935 774">
    <p class='ocr_par' dir='ltr' id='par_1_7' title="bbox 344 697 1935 774">
     <span class='ocr_line' id='line_1_7' title="bbox 344 697 1935 774; baseline 0.004 -21"><span class='ocrx_word' id='word_1_44' title='bbox 344 704 566 762; x_wconf 75' lang='lat' dir='ltr'><strong>stotns,t</strong></span> <span class='ocrx_word' id='word_1_45' title='bbox 591 698 767 752; x_wconf 90' lang='lat' dir='ltr'><strong>veniet</strong></span> <span class='ocrx_word' id='word_1_46' title='bbox 781 714 847 752; x_wconf 75' lang='lat' dir='ltr'><strong>ex</strong></span> <span class='ocrx_word' id='word_1_47' title='bbox 864 697 1013 761; x_wconf 86' lang='lat' dir='ltr'><strong>Sion,</strong></span> <span class='ocrx_word' id='word_1_48' title='bbox 1029 716 1047 750; x_wconf 83' lang='grc' dir='ltr'><strong>ι</strong></span> <span class='ocrx_word' id='word_1_49' title='bbox 1068 701 1328 770; x_wconf 87' lang='lat' dir='ltr'><strong>scriptum</strong></span> <span class='ocrx_word' id='word_1_50' title='bbox 1347 712 1454 765; x_wconf 91' lang='lat' dir='ltr'><strong>est,</strong></span> <span class='ocrx_word' id='word_1_51' title='bbox 1479 722 1498 754; x_wconf 76' lang='grc' dir='ltr'><strong>ι</strong></span> <span class='ocrx_word' id='word_1_52' title='bbox 1526 705 1935 774; x_wconf 88' lang='lat' dir='ltr'><strong>venietpropter</strong></span> 
     </span>
    </p>
   </div>
   <div class='ocr_carea' id='block_1_8' title="bbox 345 789 1926 862">
    <p class='ocr_par' dir='ltr' id='par_1_8' title="bbox 345 789 1926 862">
     <span class='ocr_line' id='line_1_8' title="bbox 345 789 1926 862; baseline 0.002 -17"><span class='ocrx_word' id='word_1_53' title='bbox 345 789 476 845; x_wconf 83' lang='lat' dir='ltr'><strong>Sion</strong></span> <span class='ocrx_word' id='word_1_54' title='bbox 491 807 506 853; x_wconf 90' lang='lat'><strong>;</strong></span> <span class='ocrx_word' id='word_1_55' title='bbox 519 808 538 841; x_wconf 80' lang='grc' dir='ltr'><strong>ι</strong></span> <span class='ocrx_word' id='word_1_56' title='bbox 555 798 609 844; x_wconf 91' lang='lat' dir='ltr'><strong>et</strong></span> <span class='ocrx_word' id='word_1_57' title='bbox 623 790 764 860; x_wconf 90' lang='lat' dir='ltr'><strong>quod</strong></span> <span class='ocrx_word' id='word_1_58' title='bbox 784 789 858 844; x_wconf 92' lang='lat' dir='ltr'><strong>ait</strong></span> <span class='ocrx_word' id='word_1_59' title='bbox 879 789 1013 853; x_wconf 76' lang='lat' dir='ltr'><strong>bic,t</strong></span> <span class='ocrx_word' id='word_1_60' title='bbox 1033 805 1152 844; x_wconf 90' lang='lat' dir='ltr'><strong>cum</strong></span> <span class='ocrx_word' id='word_1_61' title='bbox 1169 792 1440 846; x_wconf 77' lang='lat' dir='ltr'><strong>abstulero</strong></span> <span class='ocrx_word' id='word_1_62' title='bbox 1455 805 1668 862; x_wconf 87' lang='lat' dir='ltr'><strong>pecca&#39;a</strong></span> <span class='ocrx_word' id='word_1_63' title='bbox 1687 812 1890 858; x_wconf 87' lang='lat' dir='ltr'><strong>eorum,</strong></span> <span class='ocrx_word' id='word_1_64' title='bbox 1907 815 1926 848; x_wconf 80' lang='grc' dir='ltr'><strong>ι</strong></span> 
     </span>
    </p>
   </div>
   <div class='ocr_carea' id='block_1_9' title="bbox 345 881 1933 956">
    <p class='ocr_par' dir='ltr' id='par_1_9' title="bbox 345 881 1933 956">
     <span class='ocr_line' id='line_1_9' title="bbox 345 881 1933 956; baseline 0.004 -20"><span class='ocrx_word' id='word_1_65' title='bbox 345 881 416 936; x_wconf 86' lang='lat' dir='ltr'><strong>ibi</strong></span> <span class='ocrx_word' id='word_1_66' title='bbox 448 883 671 936; x_wconf 90' lang='lat' dir='ltr'><strong>omnino</strong></span> <span class='ocrx_word' id='word_1_67' title='bbox 696 881 956 950; x_wconf 89' lang='lat' dir='ltr'><strong>scriptum</strong></span> <span class='ocrx_word' id='word_1_68' title='bbox 989 899 1094 936; x_wconf 90' lang='lat' dir='ltr'><strong>non</strong></span> <span class='ocrx_word' id='word_1_69' title='bbox 1121 892 1202 938; x_wconf 87' lang='lat' dir='ltr'><strong>cst</strong></span> <span class='ocrx_word' id='word_1_70' title='bbox 1221 923 1238 948; x_wconf 89' lang='lat'><strong>,</strong></span> <span class='ocrx_word' id='word_1_71' title='bbox 1266 885 1359 937; x_wconf 85' lang='lat' dir='ltr'><strong>sed</strong></span> <span class='ocrx_word' id='word_1_72' title='bbox 1387 901 1485 940; x_wconf 92' lang='lat' dir='ltr'><strong>nec</strong></span> <span class='ocrx_word' id='word_1_73' title='bbox 1513 888 1650 956; x_wconf 91' lang='lat' dir='ltr'><strong>apud</strong></span> <span class='ocrx_word' id='word_1_74' title='bbox 1682 886 1933 943; x_wconf 71' lang='lat' dir='ltr'><strong>liebrmos</strong></span> 
     </span>
    </p>
   </div>
   <div class='ocr_carea' id='block_1_10' title="bbox 342 971 1927 1048">
    <p class='ocr_par' dir='ltr' id='par_1_10' title="bbox 342 971 1927 1048">
     <span class='ocr_line' id='line_1_10' title="bbox 342 971 1927 1048; baseline 0.006 -26"><span class='ocrx_word' id='word_1_75' title='bbox 342 973 560 1039; x_wconf 82' lang='lat' dir='ltr'><strong>quidem</strong></span> <span class='ocrx_word' id='word_1_76' title='bbox 599 983 613 1026; x_wconf 89' lang='lat'>:</span> <span class='ocrx_word' id='word_1_77' title='bbox 651 971 892 1039; x_wconf 81' lang='lat' dir='ltr'><strong>Apostoli</strong></span> <span class='ocrx_word' id='word_1_78' title='bbox 949 981 1128 1027; x_wconf 90' lang='lat' dir='ltr'><strong>tamen</strong></span> <span class='ocrx_word' id='word_1_79' title='bbox 1179 974 1502 1028; x_wconf 83' lang='lat' dir='ltr'><strong>auctoritate</strong></span> <span class='ocrx_word' id='word_1_80' title='bbox 1545 987 1927 1048; x_wconf 68' lang='lat' dir='ltr'><strong>przesttmptum</strong></span> 
     </span>
    </p>
   </div>
   <div class='ocr_carea' id='block_1_11' title="bbox 341 1062 1930 1134">
    <p class='ocr_par' dir='ltr' id='par_1_11' title="bbox 341 1062 1930 1134">
     <span class='ocr_line' id='line_1_11' title="bbox 341 1062 1930 1134; baseline 0.004 -16"><span class='ocrx_word' id='word_1_81' title='bbox 341 1071 444 1118; x_wconf 82' lang='lat' dir='ltr'><strong>est.</strong></span> <span class='ocrx_word' id='word_1_82' title='bbox 469 1062 685 1116; x_wconf 73' lang='lat' dir='ltr'><strong>Interim</strong></span> <span class='ocrx_word' id='word_1_83' title='bbox 710 1066 930 1117; x_wconf 88' lang='lat' dir='ltr'><strong>veniens</strong></span> <span class='ocrx_word' id='word_1_84' title='bbox 953 1062 1208 1119; x_wconf 88' lang='lat' dir='ltr'><strong>Dominus</strong></span> <span class='ocrx_word' id='word_1_85' title='bbox 1230 1081 1294 1119; x_wconf 80' lang='lat' dir='ltr'><strong>ex</strong></span> <span class='ocrx_word' id='word_1_86' title='bbox 1317 1066 1448 1120; x_wconf 89' lang='lat' dir='ltr'><strong>Sion</strong></span> <span class='ocrx_word' id='word_1_87' title='bbox 1473 1066 1682 1134; x_wconf 88' lang='lat' dir='ltr'><strong>liberat,</strong></span> <span class='ocrx_word' id='word_1_88' title='bbox 1702 1079 1756 1124; x_wconf 91' lang='lat' dir='ltr'><strong>et</strong></span> <span class='ocrx_word' id='word_1_89' title='bbox 1779 1085 1930 1124; x_wconf 84' lang='lat' dir='ltr'><strong>aver-</strong></span> 
     </span>
    </p>
   </div>
   <div class='ocr_carea' id='block_1_12' title="bbox 346 1153 1931 1231">
    <p class='ocr_par' dir='ltr' id='par_1_12' title="bbox 346 1153 1931 1231">
     <span class='ocr_line' id='line_1_12' title="bbox 346 1153 1931 1231; baseline 0.006 -24"><span class='ocrx_word' id='word_1_90' title='bbox 346 1153 412 1207; x_wconf 91' lang='lat' dir='ltr'><strong>tit</strong></span> <span class='ocrx_word' id='word_1_91' title='bbox 445 1153 754 1222; x_wconf 89' lang='lat' dir='ltr'><strong>impietates</strong></span> <span class='ocrx_word' id='word_1_92' title='bbox 784 1155 852 1208; x_wconf 82' lang='lat' dir='ltr'><strong>ab</strong></span> <span class='ocrx_word' id='word_1_93' title='bbox 901 1153 1090 1212; x_wconf 83' lang='lat' dir='ltr'><strong>Jacob.</strong></span> <span class='ocrx_word' id='word_1_94' title='bbox 1138 1157 1350 1212; x_wconf 79' lang='lat' dir='ltr'><strong>Avertit</strong></span> <span class='ocrx_word' id='word_1_95' title='bbox 1390 1169 1573 1215; x_wconf 89' lang='lat' dir='ltr'><strong>autem</strong></span> <span class='ocrx_word' id='word_1_96' title='bbox 1608 1159 1685 1230; x_wconf 87' lang='lat'><strong>(9)</strong></span> <span class='ocrx_word' id='word_1_97' title='bbox 1737 1160 1931 1231; x_wconf 87' lang='lat' dir='ltr'><strong>impie-</strong></span> 
     </span>
    </p>
   </div>
   <div class='ocr_carea' id='block_1_13' title="bbox 346 1246 1922 1321">
    <p class='ocr_par' dir='ltr' id='par_1_13' title="bbox 346 1246 1922 1321">
     <span class='ocr_line' id='line_1_13' title="bbox 346 1246 1922 1321; baseline 0.007 -23"><span class='ocrx_word' id='word_1_98' title='bbox 346 1254 489 1300; x_wconf 89' lang='lat' dir='ltr'><strong>tates</strong></span> <span class='ocrx_word' id='word_1_99' title='bbox 540 1246 609 1299; x_wconf 89' lang='lat' dir='ltr'><strong>ab</strong></span> <span class='ocrx_word' id='word_1_100' title='bbox 655 1261 722 1301; x_wconf 91' lang='lat' dir='ltr'><strong>co</strong></span> <span class='ocrx_word' id='word_1_101' title='bbox 755 1247 1053 1301; x_wconf 91' lang='lat' dir='ltr'><strong>secundum</strong></span> <span class='ocrx_word' id='word_1_102' title='bbox 1101 1247 1230 1302; x_wconf 91' lang='lat' dir='ltr'><strong>illud</strong></span> <span class='ocrx_word' id='word_1_103' title='bbox 1269 1251 1413 1318; x_wconf 91' lang='lat' dir='ltr'><strong>quod</strong></span> <span class='ocrx_word' id='word_1_104' title='bbox 1440 1252 1701 1321; x_wconf 87' lang='lat' dir='ltr'><strong>scriptum</strong></span> <span class='ocrx_word' id='word_1_105' title='bbox 1725 1263 1808 1307; x_wconf 85' lang='lat' dir='ltr'><strong>est</strong></span> <span class='ocrx_word' id='word_1_106' title='bbox 1833 1253 1922 1309; x_wconf 78' lang='lat' dir='ltr'><strong>&quot;z</strong></span> 
     </span>
    </p>
   </div>
   <div class='ocr_carea' id='block_1_14' title="bbox 346 1335 1923 1403">
    <p class='ocr_par' dir='ltr' id='par_1_14' title="bbox 346 1335 1923 1403">
     <span class='ocr_line' id='line_1_14' title="bbox 346 1335 1923 1403; baseline 0.006 -14"><span class='ocrx_word' id='word_1_107' title='bbox 346 1335 483 1403; x_wconf 84' lang='lat' dir='ltr'><strong>Quia</strong></span> <span class='ocrx_word' id='word_1_108' title='bbox 520 1354 539 1388; x_wconf 81' lang='grc' dir='ltr'><strong>ι</strong></span> <span class='ocrx_word' id='word_1_109' title='bbox 573 1337 744 1392; x_wconf 90' lang='lat' dir='ltr'><strong>diluet</strong></span> <span class='ocrx_word' id='word_1_110' title='bbox 795 1339 1048 1396; x_wconf 87' lang='lat' dir='ltr'><strong>Dominus</strong></span> <span class='ocrx_word' id='word_1_111' title='bbox 1089 1341 1283 1396; x_wconf 88' lang='lat' dir='ltr'><strong>sordes</strong></span> <span class='ocrx_word' id='word_1_112' title='bbox 1334 1341 1566 1397; x_wconf 84' lang='lat' dir='ltr'><strong>ﬁliorqu</strong></span> <span class='ocrx_word' id='word_1_113' title='bbox 1600 1351 1649 1398; x_wconf 89' lang='lat' dir='ltr'><strong>et</strong></span> <span class='ocrx_word' id='word_1_114' title='bbox 1693 1344 1923 1399; x_wconf 84' lang='lat' dir='ltr'><strong>filiarum</strong></span> 
     </span>
    </p>
   </div>
   <div class='ocr_carea' id='block_1_15' title="bbox 346 1426 1922 1504">
    <p class='ocr_par' dir='ltr' id='par_1_15' title="bbox 346 1426 1922 1504">
     <span class='ocr_line' id='line_1_15' title="bbox 346 1426 1922 1504; baseline 0.006 -24"><span class='ocrx_word' id='word_1_115' title='bbox 346 1426 502 1488; x_wconf 87' lang='lat' dir='ltr'><strong>Sion,</strong></span> <span class='ocrx_word' id='word_1_116' title='bbox 531 1435 586 1481; x_wconf 90' lang='lat' dir='ltr'><strong>et</strong></span> <span class='ocrx_word' id='word_1_117' title='bbox 634 1428 950 1497; x_wconf 87' lang='lat' dir='ltr'><strong>sanguinem</strong></span> <span class='ocrx_word' id='word_1_118' title='bbox 984 1430 1266 1484; x_wconf 87' lang='lat' dir='ltr'><strong>mundabit</strong></span> <span class='ocrx_word' id='word_1_119' title='bbox 1291 1431 1400 1502; x_wconf 86' lang='grc'><strong>(10)</strong></span> <span class='ocrx_word' id='word_1_120' title='bbox 1429 1433 1495 1488; x_wconf 91' lang='lat' dir='ltr'><strong>de</strong></span> <span class='ocrx_word' id='word_1_121' title='bbox 1519 1432 1697 1488; x_wconf 92' lang='lat' dir='ltr'><strong>medio</strong></span> <span class='ocrx_word' id='word_1_122' title='bbox 1727 1433 1842 1504; x_wconf 81' lang='lat' dir='ltr'><strong>ejus</strong></span> <span class='ocrx_word' id='word_1_123' title='bbox 1871 1437 1922 1490; x_wconf 93' lang='lat' dir='ltr'><strong>in</strong></span> 
     </span>
    </p>
   </div>
   <div class='ocr_carea' id='block_1_16' title="bbox 342 1521 1924 1597">
    <p class='ocr_par' dir='ltr' id='par_1_16' title="bbox 342 1521 1924 1597">
     <span class='ocr_line' id='line_1_16' title="bbox 342 1521 1924 1597; baseline 0.006 -23"><span class='ocrx_word' id='word_1_124' title='bbox 342 1522 539 1591; x_wconf 84' lang='lat' dir='ltr'><strong>spiritu</strong></span> <span class='ocrx_word' id='word_1_125' title='bbox 560 1521 770 1590; x_wconf 84' lang='lat' dir='ltr'><strong>judieii,</strong></span> <span class='ocrx_word' id='word_1_126' title='bbox 811 1531 866 1576; x_wconf 93' lang='lat' dir='ltr'><strong>et</strong></span> <span class='ocrx_word' id='word_1_127' title='bbox 893 1524 1086 1593; x_wconf 85' lang='lat' dir='ltr'><strong>spiritu</strong></span> <span class='ocrx_word' id='word_1_128' title='bbox 1123 1526 1352 1581; x_wconf 89' lang='lat' dir='ltr'><strong>ustionis</strong></span> <span class='ocrx_word' id='word_1_129' title='bbox 1385 1526 1495 1597; x_wconf 89' lang='lat' dir='ltr'><strong>(II)</strong></span> <span class='ocrx_word' id='word_1_130' title='bbox 1530 1543 1545 1592; x_wconf 91' lang='lat'><strong>;</strong></span> <span class='ocrx_word' id='word_1_131' title='bbox 1577 1545 1595 1579; x_wconf 80' lang='grc' dir='ltr'><strong>ι</strong></span> <span class='ocrx_word' id='word_1_132' title='bbox 1628 1538 1683 1582; x_wconf 91' lang='lat' dir='ltr'><strong>et</strong></span> <span class='ocrx_word' id='word_1_133' title='bbox 1724 1530 1826 1584; x_wconf 93' lang='lat' dir='ltr'><strong>boc</strong></span> <span class='ocrx_word' id='word_1_134' title='bbox 1850 1529 1924 1584; x_wconf 89' lang='lat' dir='ltr'><strong>ita</strong></span> 
     </span>
    </p>
   </div>
   <div class='ocr_carea' id='block_1_17' title="bbox 345 1611 1920 1684">
    <p class='ocr_par' dir='ltr' id='par_1_17' title="bbox 345 1611 1920 1684">
     <span class='ocr_line' id='line_1_17' title="bbox 345 1611 1920 1684; baseline 0.007 -20"><span class='ocrx_word' id='word_1_135' title='bbox 345 1611 462 1666; x_wconf 75' lang='lat' dir='ltr'><strong>ﬁeri</strong></span> <span class='ocrx_word' id='word_1_136' title='bbox 491 1621 870 1667; x_wconf 89' lang='lat' dir='ltr'><strong>testamentum</strong></span> <span class='ocrx_word' id='word_1_137' title='bbox 901 1615 982 1668; x_wconf 87' lang='lat' dir='ltr'><strong>eis</strong></span> <span class='ocrx_word' id='word_1_138' title='bbox 1001 1627 1118 1670; x_wconf 89' lang='lat' dir='ltr'><strong>erat</strong></span> <span class='ocrx_word' id='word_1_139' title='bbox 1149 1632 1177 1670; x_wconf 92' lang='lat' dir='ltr'><strong>a</strong></span> <span class='ocrx_word' id='word_1_140' title='bbox 1208 1617 1338 1684; x_wconf 91' lang='lat' dir='ltr'><strong>Deo,</strong></span> <span class='ocrx_word' id='word_1_141' title='bbox 1372 1628 1431 1673; x_wconf 91' lang='lat' dir='ltr'><strong>ut</strong></span> <span class='ocrx_word' id='word_1_142' title='bbox 1458 1619 1539 1674; x_wconf 76' lang='lat' dir='ltr'><strong>sic</strong></span> <span class='ocrx_word' id='word_1_143' title='bbox 1565 1620 1632 1673; x_wconf 89' lang='lat' dir='ltr'><strong>ab</strong></span> <span class='ocrx_word' id='word_1_144' title='bbox 1658 1621 1739 1676; x_wconf 89' lang='lat' dir='ltr'><strong>eis</strong></span> <span class='ocrx_word' id='word_1_145' title='bbox 1759 1635 1920 1674; x_wconf 86' lang='lat' dir='ltr'><strong>aver-</strong></span> 
     </span>
    </p>
   </div>
   <div class='ocr_carea' id='block_1_18' title="bbox 344 1703 1919 1776">
    <p class='ocr_par' dir='ltr' id='par_1_18' title="bbox 344 1703 1919 1776">
     <span class='ocr_line' id='line_1_18' title="bbox 344 1703 1919 1776; baseline 0.005 -21"><span class='ocrx_word' id='word_1_146' title='bbox 344 1711 593 1757; x_wconf 87' lang='lat' dir='ltr'><strong>terentur</strong></span> <span class='ocrx_word' id='word_1_147' title='bbox 622 1703 927 1772; x_wconf 86' lang='lat' dir='ltr'><strong>impietates</strong></span> <span class='ocrx_word' id='word_1_148' title='bbox 951 1745 965 1767; x_wconf 88' lang='lat'><strong>,</strong></span> <span class='ocrx_word' id='word_1_149' title='bbox 997 1716 1050 1760; x_wconf 85' lang='lat' dir='ltr'><strong>et</strong></span> <span class='ocrx_word' id='word_1_150' title='bbox 1096 1707 1442 1762; x_wconf 90' lang='lat' dir='ltr'><strong>auferrentur</strong></span> <span class='ocrx_word' id='word_1_151' title='bbox 1496 1717 1738 1776; x_wconf 87' lang='lat' dir='ltr'><strong>peccata.</strong></span> <span class='ocrx_word' id='word_1_152' title='bbox 1789 1709 1919 1776; x_wconf 88' lang='lat' dir='ltr'><strong>Quis</strong></span> 
     </span>
    </p>
   </div>
   <div class='ocr_carea' id='block_1_19' title="bbox 2045 516 3612 586">
    <p class='ocr_par' dir='ltr' id='par_1_19' title="bbox 2045 516 3612 586">
     <span class='ocr_line' id='line_1_19' title="bbox 2045 516 3612 586; baseline 0.004 -16"><span class='ocrx_word' id='word_1_153' title='bbox 2045 518 2168 571; x_wconf 86' lang='lat' dir='ltr'><strong>illos</strong></span> <span class='ocrx_word' id='word_1_154' title='bbox 2193 517 2312 571; x_wconf 91' lang='lat' dir='ltr'><strong>sine</strong></span> <span class='ocrx_word' id='word_1_155' title='bbox 2343 517 2507 571; x_wconf 93' lang='lat' dir='ltr'><strong>dubio</strong></span> <span class='ocrx_word' id='word_1_156' title='bbox 2535 516 2773 586; x_wconf 90' lang='lat' dir='ltr'><strong>reliquos</strong></span> <span class='ocrx_word' id='word_1_157' title='bbox 2797 517 2885 586; x_wconf 90' lang='lat' dir='ltr'><strong>qui</strong></span> <span class='ocrx_word' id='word_1_158' title='bbox 2924 519 3182 571; x_wconf 69' lang='lat' dir='ltr'><strong>cxcmcati</strong></span> <span class='ocrx_word' id='word_1_159' title='bbox 3212 529 3336 572; x_wconf 83' lang='lat' dir='ltr'><strong>sunt</strong></span> <span class='ocrx_word' id='word_1_160' title='bbox 3363 520 3612 577; x_wconf 52' lang='lat' dir='ltr'><strong>refernt»</strong></span> 
     </span>
    </p>
   </div>
   <div class='ocr_carea' id='block_1_20' title="bbox 2044 607 3613 680">
    <p class='ocr_par' dir='ltr' id='par_1_20' title="bbox 2044 607 3613 680">
     <span class='ocr_line' id='line_1_20' title="bbox 2044 607 3613 680; baseline 0.003 -17"><span class='ocrx_word' id='word_1_161' title='bbox 2044 619 2132 663; x_wconf 91' lang='lat' dir='ltr'><strong>tur</strong></span> <span class='ocrx_word' id='word_1_162' title='bbox 2161 627 2175 664; x_wconf 87' lang='lat'><strong>:</strong></span> <span class='ocrx_word' id='word_1_163' title='bbox 2199 610 2242 664; x_wconf 88' lang='lat' dir='ltr'><strong>si</strong></span> <span class='ocrx_word' id='word_1_164' title='bbox 2279 623 2406 663; x_wconf 86' lang='lat' dir='ltr'><strong>vero</strong></span> <span class='ocrx_word' id='word_1_165' title='bbox 2431 609 2497 664; x_wconf 91' lang='lat' dir='ltr'><strong>de</strong></span> <span class='ocrx_word' id='word_1_166' title='bbox 2529 609 2795 680; x_wconf 80' lang='lat' dir='ltr'><strong>gentibus,</strong></span> <span class='ocrx_word' id='word_1_167' title='bbox 2815 608 2932 663; x_wconf 88' lang='lat' dir='ltr'><strong>illos</strong></span> <span class='ocrx_word' id='word_1_168' title='bbox 2960 607 3206 677; x_wconf 82' lang='lat' dir='ltr'><strong>Proiecto</strong></span> <span class='ocrx_word' id='word_1_169' title='bbox 3235 611 3327 678; x_wconf 89' lang='lat' dir='ltr'><strong>qui</strong></span> <span class='ocrx_word' id='word_1_170' title='bbox 3355 621 3482 666; x_wconf 90' lang='lat' dir='ltr'><strong>sunt</strong></span> <span class='ocrx_word' id='word_1_171' title='bbox 3509 625 3613 668; x_wconf 58' lang='lat' dir='ltr'><strong>ex-</strong></span> 
     </span>
    </p>
   </div>
   <div class='ocr_carea' id='block_1_21' title="bbox 2041 699 3614 773">
    <p class='ocr_par' dir='ltr' id='par_1_21' title="bbox 2041 699 3614 773">
     <span class='ocr_line' id='line_1_21' title="bbox 2041 699 3614 773; baseline 0.001 -17"><span class='ocrx_word' id='word_1_172' title='bbox 2041 712 2122 756; x_wconf 91' lang='lat' dir='ltr'><strong>tra</strong></span> <span class='ocrx_word' id='word_1_173' title='bbox 2155 703 2544 772; x_wconf 88' lang='lat' dir='ltr'><strong>plenitudinem</strong></span> <span class='ocrx_word' id='word_1_174' title='bbox 2576 703 2866 773; x_wconf 89' lang='lat' dir='ltr'><strong>stringunt.</strong></span> <span class='ocrx_word' id='word_1_175' title='bbox 2909 699 3100 756; x_wconf 81' lang='lat' dir='ltr'><strong>Omnia</strong></span> <span class='ocrx_word' id='word_1_176' title='bbox 3133 708 3310 755; x_wconf 87' lang='lat' dir='ltr'><strong>tamen</strong></span> <span class='ocrx_word' id='word_1_177' title='bbox 3341 704 3462 758; x_wconf 87' lang='lat' dir='ltr'><strong>linis</strong></span> <span class='ocrx_word' id='word_1_178' title='bbox 3488 717 3614 772; x_wconf 80' lang='lat' dir='ltr'><strong>per-</strong></span> 
     </span>
    </p>
   </div>
   <div class='ocr_carea' id='block_1_22' title="bbox 2039 793 3610 864">
    <p class='ocr_par' dir='ltr' id='par_1_22' title="bbox 2039 793 3610 864">
     <span class='ocr_line' id='line_1_22' title="bbox 2039 793 3610 864; baseline 0.001 -16"><span class='ocrx_word' id='word_1_179' title='bbox 2039 804 2215 864; x_wconf 86' lang='lat' dir='ltr'><strong>urget,</strong></span> <span class='ocrx_word' id='word_1_180' title='bbox 2263 803 2315 848; x_wconf 90' lang='lat' dir='ltr'><strong>et</strong></span> <span class='ocrx_word' id='word_1_181' title='bbox 2357 809 2453 848; x_wconf 90' lang='lat' dir='ltr'><strong>eos</strong></span> <span class='ocrx_word' id='word_1_182' title='bbox 2498 795 2712 862; x_wconf 79' lang='lat' dir='ltr'><strong>quidem</strong></span> <span class='ocrx_word' id='word_1_183' title='bbox 2751 795 2841 864; x_wconf 90' lang='lat' dir='ltr'><strong>qui</strong></span> <span class='ocrx_word' id='word_1_184' title='bbox 2890 793 3031 848; x_wconf 82' lang='lat' dir='ltr'><strong>beati</strong></span> <span class='ocrx_word' id='word_1_185' title='bbox 3073 804 3219 857; x_wconf 88' lang='lat' dir='ltr'><strong>sunt,</strong></span> <span class='ocrx_word' id='word_1_186' title='bbox 3257 793 3372 848; x_wconf 87' lang='lat' dir='ltr'><strong>sive</strong></span> <span class='ocrx_word' id='word_1_187' title='bbox 3413 795 3487 849; x_wconf 91' lang='lat' dir='ltr'><strong>illi</strong></span> <span class='ocrx_word' id='word_1_188' title='bbox 3541 809 3610 850; x_wconf 77' lang='lat' dir='ltr'><strong>ex</strong></span> 
     </span>
    </p>
   </div>
   <div class='ocr_carea' id='block_1_23' title="bbox 2039 883 3612 952">
    <p class='ocr_par' dir='ltr' id='par_1_23' title="bbox 2039 883 3612 952">
     <span class='ocr_line' id='line_1_23' title="bbox 2039 883 3612 952; baseline 0 -14"><span class='ocrx_word' id='word_1_189' title='bbox 2039 884 2232 949; x_wconf 84' lang='lat' dir='ltr'><strong>Israel,</strong></span> <span class='ocrx_word' id='word_1_190' title='bbox 2268 884 2383 938; x_wconf 84' lang='lat' dir='ltr'><strong>sive</strong></span> <span class='ocrx_word' id='word_1_191' title='bbox 2416 883 2580 936; x_wconf 90' lang='lat' dir='ltr'><strong>etiam</strong></span> <span class='ocrx_word' id='word_1_192' title='bbox 2627 898 2690 936; x_wconf 80' lang='lat' dir='ltr'><strong>ex</strong></span> <span class='ocrx_word' id='word_1_193' title='bbox 2745 883 2997 952; x_wconf 76' lang='lat' dir='ltr'><strong>gentibus</strong></span> <span class='ocrx_word' id='word_1_194' title='bbox 3036 883 3287 948; x_wconf 89' lang='lat' dir='ltr'><strong>veniant,</strong></span> <span class='ocrx_word' id='word_1_195' title='bbox 3329 884 3612 948; x_wconf 62' lang='lat' dir='ltr'><strong>pra&#39;sentis</strong></span> 
     </span>
    </p>
   </div>
   <div class='ocr_carea' id='block_1_24' title="bbox 2039 973 3608 1043">
    <p class='ocr_par' dir='ltr' id='par_1_24' title="bbox 2039 973 3608 1043">
     <span class='ocr_line' id='line_1_24' title="bbox 2039 973 3608 1043; baseline 0.001 -15"><span class='ocrx_word' id='word_1_196' title='bbox 2039 975 2299 1043; x_wconf 86' lang='lat' dir='ltr'><strong>temporis</strong></span> <span class='ocrx_word' id='word_1_197' title='bbox 2330 976 2347 1030; x_wconf 75' lang='grc' dir='ltr'>ί</span> <span class='ocrx_word' id='word_1_198' title='bbox 2359 974 2442 1043; x_wconf 83' lang='grc'><strong>16)</strong></span> <span class='ocrx_word' id='word_1_199' title='bbox 2478 973 2804 1042; x_wconf 62' lang='lat' dir='ltr'><strong>evangelicae</strong></span> <span class='ocrx_word' id='word_1_200' title='bbox 2827 975 3088 1029; x_wconf 75' lang='lat' dir='ltr'><strong>doctrina:</strong></span> <span class='ocrx_word' id='word_1_201' title='bbox 3126 989 3307 1029; x_wconf 87' lang='lat' dir='ltr'><strong>sermo</strong></span> <span class='ocrx_word' id='word_1_202' title='bbox 3338 975 3608 1043; x_wconf 81' lang='lat' dir='ltr'><strong>puriiicat.</strong></span> 
     </span>
    </p>
   </div>
   <div class='ocr_carea' id='block_1_25' title="bbox 2037 1065 3610 1134">
    <p class='ocr_par' dir='ltr' id='par_1_25' title="bbox 2037 1065 3610 1134">
     <span class='ocr_line' id='line_1_25' title="bbox 2037 1065 3610 1134; baseline 0.001 -13"><span class='ocrx_word' id='word_1_203' title='bbox 2037 1078 2090 1121; x_wconf 91' lang='lat' dir='ltr'><strong>ut</strong></span> <span class='ocrx_word' id='word_1_204' title='bbox 2124 1067 2232 1122; x_wconf 90' lang='lat' dir='ltr'><strong>sint</strong></span> <span class='ocrx_word' id='word_1_205' title='bbox 2262 1068 2396 1121; x_wconf 78' lang='lat' dir='ltr'><strong>tales</strong></span> <span class='ocrx_word' id='word_1_206' title='bbox 2423 1068 2563 1122; x_wconf 89' lang='lat' dir='ltr'><strong>sicut</strong></span> <span class='ocrx_word' id='word_1_207' title='bbox 2585 1076 2740 1120; x_wconf 91' lang='lat' dir='ltr'><strong>erant</strong></span> <span class='ocrx_word' id='word_1_208' title='bbox 2784 1065 2858 1118; x_wconf 93' lang='lat' dir='ltr'><strong>illi</strong></span> <span class='ocrx_word' id='word_1_209' title='bbox 2891 1065 2958 1119; x_wconf 91' lang='lat' dir='ltr'><strong>ad</strong></span> <span class='ocrx_word' id='word_1_210' title='bbox 2993 1080 3130 1134; x_wconf 88' lang='lat' dir='ltr'><strong>quos</strong></span> <span class='ocrx_word' id='word_1_211' title='bbox 3168 1066 3424 1122; x_wconf 83' lang='lat' dir='ltr'><strong>Dominus</strong></span> <span class='ocrx_word' id='word_1_212' title='bbox 3460 1067 3610 1123; x_wconf 76' lang='lat' dir='ltr'><strong>dice-</strong></span> 
     </span>
    </p>
   </div>
   <div class='ocr_carea' id='block_1_26' title="bbox 2035 1157 3612 1228">
    <p class='ocr_par' dir='ltr' id='par_1_26' title="bbox 2035 1157 3612 1228">
     <span class='ocr_line' id='line_1_26' title="bbox 2035 1157 3612 1228; baseline -0.001 -15"><span class='ocrx_word' id='word_1_213' title='bbox 2035 1159 2124 1213; x_wconf 88' lang='lat' dir='ltr'><strong>bat</strong></span> <span class='ocrx_word' id='word_1_214' title='bbox 2155 1159 2202 1191; x_wconf 77' lang='grc'><strong>⁸⁸</strong></span> <span class='ocrx_word' id='word_1_215' title='bbox 2232 1174 2246 1209; x_wconf 93' lang='lat'><strong>:</strong></span> <span class='ocrx_word' id='word_1_216' title='bbox 2289 1177 2308 1210; x_wconf 75' lang='grc' dir='ltr'><strong>ι</strong></span> <span class='ocrx_word' id='word_1_217' title='bbox 2345 1159 2480 1214; x_wconf 87' lang='lat' dir='ltr'><strong>Ecce</strong></span> <span class='ocrx_word' id='word_1_218' title='bbox 2503 1157 2614 1226; x_wconf 92' lang='lat' dir='ltr'><strong>jam</strong></span> <span class='ocrx_word' id='word_1_219' title='bbox 2640 1172 2735 1212; x_wconf 91' lang='lat' dir='ltr'><strong>vos</strong></span> <span class='ocrx_word' id='word_1_220' title='bbox 2777 1157 2962 1211; x_wconf 89' lang='lat' dir='ltr'><strong>mundi</strong></span> <span class='ocrx_word' id='word_1_221' title='bbox 2996 1157 3130 1210; x_wconf 77' lang='lat' dir='ltr'><strong>estis</strong></span> <span class='ocrx_word' id='word_1_222' title='bbox 3158 1169 3374 1228; x_wconf 85' lang='lat' dir='ltr'><strong>propter</strong></span> <span class='ocrx_word' id='word_1_223' title='bbox 3401 1174 3612 1214; x_wconf 65' lang='lat' dir='ltr'><strong>scrtum</strong></span> 
     </span>
    </p>
   </div>
   <div class='ocr_carea' id='block_1_27' title="bbox 2037 1250 3609 1319">
    <p class='ocr_par' dir='ltr' id='par_1_27' title="bbox 2037 1250 3609 1319">
     <span class='ocr_line' id='line_1_27' title="bbox 2037 1250 3609 1319; baseline 0.001 -15"><span class='ocrx_word' id='word_1_224' title='bbox 2037 1265 2158 1304; x_wconf 89' lang='lat' dir='ltr'><strong>nem</strong></span> <span class='ocrx_word' id='word_1_225' title='bbox 2189 1266 2347 1319; x_wconf 86' lang='lat' dir='ltr'><strong>quem</strong></span> <span class='ocrx_word' id='word_1_226' title='bbox 2377 1250 2586 1306; x_wconf 84' lang='lat' dir='ltr'><strong>locutus</strong></span> <span class='ocrx_word' id='word_1_227' title='bbox 2615 1264 2734 1304; x_wconf 91' lang='lat' dir='ltr'><strong>sum</strong></span> <span class='ocrx_word' id='word_1_228' title='bbox 2767 1250 2938 1304; x_wconf 86' lang='lat' dir='ltr'><strong>vobis.</strong></span> <span class='ocrx_word' id='word_1_229' title='bbox 2975 1270 2992 1303; x_wconf 80' lang='grc' dir='ltr'><strong>ι</strong></span> <span class='ocrx_word' id='word_1_230' title='bbox 3029 1251 3129 1318; x_wconf 88' lang='lat' dir='ltr'><strong>Qui</strong></span> <span class='ocrx_word' id='word_1_231' title='bbox 3178 1264 3306 1304; x_wconf 90' lang='lat' dir='ltr'><strong>vero</strong></span> <span class='ocrx_word' id='word_1_232' title='bbox 3333 1251 3479 1304; x_wconf 90' lang='lat' dir='ltr'><strong>vcrbi</strong></span> <span class='ocrx_word' id='word_1_233' title='bbox 3517 1251 3609 1306; x_wconf 87' lang='lat' dir='ltr'><strong>Dei</strong></span> 
     </span>
    </p>
   </div>
   <div class='ocr_carea' id='block_1_28' title="bbox 2032 1340 3606 1410">
    <p class='ocr_par' dir='ltr' id='par_1_28' title="bbox 2032 1340 3606 1410">
     <span class='ocr_line' id='line_1_28' title="bbox 2032 1340 3606 1410; baseline 0.001 -15"><span class='ocrx_word' id='word_1_234' title='bbox 2032 1351 2085 1395; x_wconf 88' lang='lat' dir='ltr'><strong>et</strong></span> <span class='ocrx_word' id='word_1_235' title='bbox 2129 1342 2392 1395; x_wconf 67' lang='lat' dir='ltr'><strong>doctrina:</strong></span> <span class='ocrx_word' id='word_1_236' title='bbox 2450 1340 2779 1410; x_wconf 70' lang='lat' dir='ltr'><strong>evangelica:</strong></span> <span class='ocrx_word' id='word_1_237' title='bbox 2817 1341 3246 1409; x_wconf 69' lang='lat' dir='ltr'><strong>purificationem</strong></span> <span class='ocrx_word' id='word_1_238' title='bbox 3291 1345 3558 1409; x_wconf 78' lang='lat' dir='ltr'><strong>spreverit</strong></span> <span class='ocrx_word' id='word_1_239' title='bbox 3588 1380 3606 1405; x_wconf 88' lang='lat'><strong>,</strong></span> 
     </span>
    </p>
   </div>
   <div class='ocr_carea' id='block_1_29' title="bbox 2034 1431 3604 1503">
    <p class='ocr_par' dir='ltr' id='par_1_29' title="bbox 2034 1431 3604 1503">
     <span class='ocr_line' id='line_1_29' title="bbox 2034 1431 3604 1503; baseline 0.003 -18"><span class='ocrx_word' id='word_1_240' title='bbox 2034 1432 2279 1487; x_wconf 79' lang='lat' dir='ltr'><strong>tristibus</strong></span> <span class='ocrx_word' id='word_1_241' title='bbox 2323 1442 2376 1485; x_wconf 89' lang='lat' dir='ltr'><strong>et</strong></span> <span class='ocrx_word' id='word_1_242' title='bbox 2408 1434 2706 1500; x_wconf 61' lang='lat' dir='ltr'><strong>poenalibus</strong></span> <span class='ocrx_word' id='word_1_243' title='bbox 2752 1431 3217 1501; x_wconf 76' lang='lat' dir='ltr'><strong>purificationibus</strong></span> <span class='ocrx_word' id='word_1_244' title='bbox 3251 1432 3604 1503; x_wconf 88' lang='lat' dir='ltr'><strong>semetipsum</strong></span> 
     </span>
    </p>
   </div>
   <div class='ocr_carea' id='block_1_30' title="bbox 2028 1523 3602 1597">
    <p class='ocr_par' dir='ltr' id='par_1_30' title="bbox 2028 1523 3602 1597">
     <span class='ocr_line' id='line_1_30' title="bbox 2028 1523 3602 1597; baseline 0 -18"><span class='ocrx_word' id='word_1_245' title='bbox 2028 1534 2293 1588; x_wconf 84' lang='lat' dir='ltr'><strong>reservat,</strong></span> <span class='ocrx_word' id='word_1_246' title='bbox 2310 1532 2368 1578; x_wconf 87' lang='lat' dir='ltr'><strong>ut</strong></span> <span class='ocrx_word' id='word_1_247' title='bbox 2383 1523 2523 1594; x_wconf 89' lang='lat' dir='ltr'><strong>ignis</strong></span> <span class='ocrx_word' id='word_1_248' title='bbox 2533 1523 2855 1594; x_wconf 77' lang='lat' dir='ltr'><strong>geheunzeiu</strong></span> <span class='ocrx_word' id='word_1_249' title='bbox 2868 1524 3206 1580; x_wconf 85' lang='lat' dir='ltr'><strong>cruciatibus</strong></span> <span class='ocrx_word' id='word_1_250' title='bbox 3218 1537 3426 1595; x_wconf 84' lang='lat' dir='ltr'><strong>purget,</strong></span> <span class='ocrx_word' id='word_1_251' title='bbox 3442 1542 3602 1597; x_wconf 89' lang='lat' dir='ltr'><strong>quem</strong></span> 
     </span>
    </p>
   </div>
   <div class='ocr_carea' id='block_1_31' title="bbox 2029 1613 3605 1685">
    <p class='ocr_par' dir='ltr' id='par_1_31' title="bbox 2029 1613 3605 1685">
     <span class='ocr_line' id='line_1_31' title="bbox 2029 1613 3605 1685; baseline -0.002 -15"><span class='ocrx_word' id='word_1_252' title='bbox 2029 1629 2131 1670; x_wconf 92' lang='lat' dir='ltr'><strong>nec</strong></span> <span class='ocrx_word' id='word_1_253' title='bbox 2153 1614 2446 1684; x_wconf 88' lang='lat' dir='ltr'><strong>apostolica</strong></span> <span class='ocrx_word' id='word_1_254' title='bbox 2471 1614 2717 1669; x_wconf 82' lang='lat' dir='ltr'><strong>doctrina</strong></span> <span class='ocrx_word' id='word_1_255' title='bbox 2751 1627 2850 1668; x_wconf 92' lang='lat' dir='ltr'><strong>nec</strong></span> <span class='ocrx_word' id='word_1_256' title='bbox 2875 1613 3219 1684; x_wconf 85' lang='lat' dir='ltr'><strong>evangelicus</strong></span> <span class='ocrx_word' id='word_1_257' title='bbox 3270 1628 3451 1669; x_wconf 85' lang='lat' dir='ltr'><strong>sermo</strong></span> <span class='ocrx_word' id='word_1_258' title='bbox 3476 1631 3605 1685; x_wconf 76' lang='lat' dir='ltr'><strong>pur-</strong></span> 
     </span>
    </p>
   </div>
   <div class='ocr_carea' id='block_1_32' title="bbox 2025 1705 3608 1777">
    <p class='ocr_par' dir='ltr' id='par_1_32' title="bbox 2025 1705 3608 1777">
     <span class='ocr_line' id='line_1_32' title="bbox 2025 1705 3608 1777; baseline 0.002 -20"><span class='ocrx_word' id='word_1_259' title='bbox 2025 1706 2191 1776; x_wconf 83' lang='lat' dir='ltr'><strong>gavit,</strong></span> <span class='ocrx_word' id='word_1_260' title='bbox 2214 1705 2507 1760; x_wconf 91' lang='lat' dir='ltr'><strong>secundum</strong></span> <span class='ocrx_word' id='word_1_261' title='bbox 2545 1705 2674 1758; x_wconf 89' lang='lat' dir='ltr'><strong>illud</strong></span> <span class='ocrx_word' id='word_1_262' title='bbox 2705 1707 2846 1775; x_wconf 89' lang='lat' dir='ltr'><strong>quod</strong></span> <span class='ocrx_word' id='word_1_263' title='bbox 2872 1706 3127 1775; x_wconf 88' lang='lat' dir='ltr'><strong>scriptum</strong></span> <span class='ocrx_word' id='word_1_264' title='bbox 3157 1717 3241 1761; x_wconf 92' lang='lat' dir='ltr'><strong>est</strong></span> <span class='ocrx_word' id='word_1_265' title='bbox 3265 1707 3307 1739; x_wconf 77' lang='grc'>⁸¹</span> <span class='ocrx_word' id='word_1_266' title='bbox 3329 1725 3342 1759; x_wconf 92' lang='lat'><strong>:</strong></span> <span class='ocrx_word' id='word_1_267' title='bbox 3364 1725 3382 1759; x_wconf 84' lang='grc' dir='ltr'><strong>ι</strong></span> <span class='ocrx_word' id='word_1_268' title='bbox 3425 1708 3486 1761; x_wconf 84' lang='lat' dir='ltr'><strong>Et</strong></span> <span class='ocrx_word' id='word_1_269' title='bbox 3511 1725 3608 1777; x_wconf 79' lang='lat' dir='ltr'><strong>pu-</strong></span> 
     </span>
    </p>
   </div>
   <div class='ocr_carea' id='block_1_33' title="bbox 343 1784 3608 1868">
    <p class='ocr_par' dir='ltr' id='par_1_33' title="bbox 343 1784 3608 1868">
     <span class='ocr_line' id='line_1_33' title="bbox 343 1784 3608 1868; baseline 0.001 -21"><span class='ocrx_word' id='word_1_270' title='bbox 343 1804 530 1849; x_wconf 80' lang='lat' dir='ltr'><strong>autem</strong></span> <span class='ocrx_word' id='word_1_271' title='bbox 581 1796 652 1850; x_wconf 89' lang='lat' dir='ltr'><strong>sit</strong></span> <span class='ocrx_word' id='word_1_272' title='bbox 704 1797 807 1850; x_wconf 87' lang='lat' dir='ltr'><strong>iste</strong></span> <span class='ocrx_word' id='word_1_273' title='bbox 855 1797 1034 1851; x_wconf 90' lang='lat' dir='ltr'><strong>omnis</strong></span> <span class='ocrx_word' id='word_1_274' title='bbox 1066 1797 1228 1851; x_wconf 87' lang='lat' dir='ltr'><strong>Israel</strong></span> <span class='ocrx_word' id='word_1_275' title='bbox 1261 1800 1350 1868; x_wconf 91' lang='lat' dir='ltr'><strong>qui</strong></span> <span class='ocrx_word' id='word_1_276' title='bbox 1397 1801 1582 1854; x_wconf 90' lang='lat' dir='ltr'><strong>salvus</strong></span> <span class='ocrx_word' id='word_1_277' title='bbox 1617 1802 1788 1864; x_wconf 87' lang='lat' dir='ltr'><strong>Iieret,</strong></span> <span class='ocrx_word' id='word_1_278' title='bbox 1838 1802 1921 1855; x_wconf 93' lang='lat' dir='ltr'><strong>vel</strong></span> <span class='ocrx_word' id='word_1_279' title='bbox 1956 1784 1998 1839; x_wconf 76' lang='grc' dir='ltr'><strong><em>Β</em></strong></span> <span class='ocrx_word' id='word_1_280' title='bbox 2029 1795 2253 1849; x_wconf 84' lang='lat' dir='ltr'><strong>riﬁcabo</strong></span> <span class='ocrx_word' id='word_1_281' title='bbox 2280 1806 2334 1848; x_wconf 91' lang='lat' dir='ltr'><strong>te</strong></span> <span class='ocrx_word' id='word_1_282' title='bbox 2365 1795 2474 1864; x_wconf 92' lang='lat' dir='ltr'><strong>igni</strong></span> <span class='ocrx_word' id='word_1_283' title='bbox 2500 1795 2566 1847; x_wconf 91' lang='lat' dir='ltr'><strong>ad</strong></span> <span class='ocrx_word' id='word_1_284' title='bbox 2594 1809 2808 1863; x_wconf 90' lang='lat' dir='ltr'><strong>purum.</strong></span> <span class='ocrx_word' id='word_1_285' title='bbox 2851 1814 2869 1846; x_wconf 81' lang='grc' dir='ltr'><strong>ι</strong></span> <span class='ocrx_word' id='word_1_286' title='bbox 2899 1793 3096 1848; x_wconf 84' lang='lat' dir='ltr'><strong>Verum</strong></span> <span class='ocrx_word' id='word_1_287' title='bbox 3131 1796 3182 1849; x_wconf 94' lang='lat' dir='ltr'><strong>in</strong></span> <span class='ocrx_word' id='word_1_288' title='bbox 3213 1797 3313 1849; x_wconf 86' lang='lat' dir='ltr'><strong>bac</strong></span> <span class='ocrx_word' id='word_1_289' title='bbox 3339 1797 3452 1866; x_wconf 90' lang='lat' dir='ltr'><strong>ipsa</strong></span> <span class='ocrx_word' id='word_1_290' title='bbox 3477 1813 3608 1864; x_wconf 81' lang='lat' dir='ltr'><strong>pur-</strong></span> 
     </span>
    </p>
   </div>
   <div class='ocr_carea' id='block_1_34' title="bbox 341 1881 1921 1954">
    <p class='ocr_par' dir='ltr' id='par_1_34' title="bbox 341 1881 1921 1954">
     <span class='ocr_line' id='line_1_34' title="bbox 341 1881 1921 1954; baseline 0.008 -22"><span class='ocrx_word' id='word_1_291' title='bbox 341 1894 466 1950; x_wconf 65' lang='lat' dir='ltr'><strong>qnz</strong></span> <span class='ocrx_word' id='word_1_292' title='bbox 497 1881 604 1936; x_wconf 88' lang='lat' dir='ltr'><strong>erit</strong></span> <span class='ocrx_word' id='word_1_293' title='bbox 634 1881 731 1934; x_wconf 85' lang='lat' dir='ltr'><strong>ista</strong></span> <span class='ocrx_word' id='word_1_294' title='bbox 771 1881 1048 1951; x_wconf 79' lang='lat' dir='ltr'><strong>plenitudo</strong></span> <span class='ocrx_word' id='word_1_295' title='bbox 1096 1884 1259 1938; x_wconf 85' lang='lat' dir='ltr'><strong>etiam</strong></span> <span class='ocrx_word' id='word_1_296' title='bbox 1295 1889 1558 1954; x_wconf 86' lang='lat' dir='ltr'><strong>gentium,</strong></span> <span class='ocrx_word' id='word_1_297' title='bbox 1596 1886 1740 1942; x_wconf 89' lang='lat' dir='ltr'><strong>Deus</strong></span> <span class='ocrx_word' id='word_1_298' title='bbox 1771 1887 1921 1944; x_wconf 89' lang='lat' dir='ltr'><strong>solus</strong></span> 
     </span>
    </p>
   </div>
   <div class='ocr_carea' id='block_1_35' title="bbox 343 1975 1922 2054">
    <p class='ocr_par' dir='ltr' id='par_1_35' title="bbox 343 1975 1922 2054">
     <span class='ocr_line' id='line_1_35' title="bbox 343 1975 1922 2054; baseline 0.006 -24"><span class='ocrx_word' id='word_1_299' title='bbox 343 1976 518 2040; x_wconf 86' lang='lat' dir='ltr'><strong>novit,</strong></span> <span class='ocrx_word' id='word_1_300' title='bbox 547 1986 602 2030; x_wconf 91' lang='lat' dir='ltr'><strong>et</strong></span> <span class='ocrx_word' id='word_1_301' title='bbox 630 1975 952 2045; x_wconf 84' lang='lat' dir='ltr'><strong>Unigenitus</strong></span> <span class='ocrx_word' id='word_1_302' title='bbox 982 1993 1136 2044; x_wconf 89' lang='lat' dir='ltr'><strong>suus,</strong></span> <span class='ocrx_word' id='word_1_303' title='bbox 1162 1988 1217 2033; x_wconf 93' lang='lat' dir='ltr'><strong>et</strong></span> <span class='ocrx_word' id='word_1_304' title='bbox 1255 1979 1300 2033; x_wconf 86' lang='lat' dir='ltr'><strong>si</strong></span> <span class='ocrx_word' id='word_1_305' title='bbox 1326 1981 1418 2050; x_wconf 91' lang='lat' dir='ltr'><strong>qui</strong></span> <span class='ocrx_word' id='word_1_306' title='bbox 1451 1981 1592 2037; x_wconf 91' lang='lat' dir='ltr'><strong>forte</strong></span> <span class='ocrx_word' id='word_1_307' title='bbox 1617 1983 1775 2038; x_wconf 87' lang='lat' dir='ltr'><strong>amici</strong></span> <span class='ocrx_word' id='word_1_308' title='bbox 1804 1984 1922 2054; x_wconf 82' lang='lat' dir='ltr'><strong>ejus</strong></span> 
     </span>
    </p>
   </div>
   <div class='ocr_carea' id='block_1_36' title="bbox 342 2070 1922 2139">
    <p class='ocr_par' dir='ltr' id='par_1_36' title="bbox 342 2070 1922 2139">
     <span class='ocr_line' id='line_1_36' title="bbox 342 2070 1922 2139; baseline 0.004 -15"><span class='ocrx_word' id='word_1_309' title='bbox 342 2079 506 2136; x_wconf 87' lang='lat' dir='ltr'><strong>sunt;</strong></span> <span class='ocrx_word' id='word_1_310' title='bbox 531 2070 596 2124; x_wconf 86' lang='lat' dir='ltr'><strong>ad</strong></span> <span class='ocrx_word' id='word_1_311' title='bbox 627 2084 766 2139; x_wconf 85' lang='lat' dir='ltr'><strong>quos</strong></span> <span class='ocrx_word' id='word_1_312' title='bbox 805 2071 944 2125; x_wconf 89' lang='lat' dir='ltr'><strong>dicat</strong></span> <span class='ocrx_word' id='word_1_313' title='bbox 970 2071 1016 2103; x_wconf 87' lang='lat'><strong>&quot;</strong></span> <span class='ocrx_word' id='word_1_314' title='bbox 1049 2086 1064 2125; x_wconf 89' lang='lat'><strong>:</strong></span> <span class='ocrx_word' id='word_1_315' title='bbox 1110 2089 1129 2122; x_wconf 78' lang='grc' dir='ltr'><strong>ι</strong></span> <span class='ocrx_word' id='word_1_316' title='bbox 1165 2070 1282 2126; x_wconf 87' lang='lat' dir='ltr'><strong>Jam</strong></span> <span class='ocrx_word' id='word_1_317' title='bbox 1321 2087 1428 2128; x_wconf 90' lang='lat' dir='ltr'><strong>non</strong></span> <span class='ocrx_word' id='word_1_318' title='bbox 1460 2075 1635 2130; x_wconf 90' lang='lat' dir='ltr'><strong>dicam</strong></span> <span class='ocrx_word' id='word_1_319' title='bbox 1677 2091 1772 2130; x_wconf 90' lang='lat' dir='ltr'><strong>vos</strong></span> <span class='ocrx_word' id='word_1_320' title='bbox 1805 2091 1922 2132; x_wconf 86' lang='lat' dir='ltr'><strong>ser-</strong></span> 
     </span>
    </p>
   </div>
   <div class='ocr_carea' id='block_1_37' title="bbox 342 2163 1920 2238">
    <p class='ocr_par' dir='ltr' id='par_1_37' title="bbox 342 2163 1920 2238">
     <span class='ocr_line' id='line_1_37' title="bbox 342 2163 1920 2238; baseline 0.006 -25"><span class='ocrx_word' id='word_1_321' title='bbox 342 2177 460 2223; x_wconf 84' lang='lat' dir='ltr'><strong>vos.</strong></span> <span class='ocrx_word' id='word_1_322' title='bbox 501 2163 596 2217; x_wconf 89' lang='lat' dir='ltr'><strong>sed</strong></span> <span class='ocrx_word' id='word_1_323' title='bbox 639 2164 882 2229; x_wconf 87' lang='lat' dir='ltr'><strong>amicos;</strong></span> <span class='ocrx_word' id='word_1_324' title='bbox 911 2164 1038 2234; x_wconf 87' lang='lat' dir='ltr'><strong>quia</strong></span> <span class='ocrx_word' id='word_1_325' title='bbox 1089 2174 1213 2218; x_wconf 89' lang='lat' dir='ltr'><strong>uota</strong></span> <span class='ocrx_word' id='word_1_326' title='bbox 1263 2165 1418 2219; x_wconf 87' lang='lat' dir='ltr'><strong>vobis</strong></span> <span class='ocrx_word' id='word_1_327' title='bbox 1447 2166 1549 2221; x_wconf 93' lang='lat' dir='ltr'><strong>feci</strong></span> <span class='ocrx_word' id='word_1_328' title='bbox 1593 2168 1772 2222; x_wconf 85' lang='lat' dir='ltr'><strong>omnia</strong></span> <span class='ocrx_word' id='word_1_329' title='bbox 1799 2183 1920 2238; x_wconf 75' lang='lat' dir='ltr'><strong>qua:</strong></span> 
     </span>
    </p>
   </div>
   <div class='ocr_carea' id='block_1_38' title="bbox 343 2254 1920 2326">
    <p class='ocr_par' dir='ltr' id='par_1_38' title="bbox 343 2254 1920 2326">
     <span class='ocr_line' id='line_1_38' title="bbox 343 2254 1920 2326; baseline 0.006 -20"><span class='ocrx_word' id='word_1_330' title='bbox 343 2254 524 2308; x_wconf 89' lang='lat' dir='ltr'><strong>audivi</strong></span> <span class='ocrx_word' id='word_1_331' title='bbox 574 2269 604 2308; x_wconf 87' lang='lat' dir='ltr'><strong>a</strong></span> <span class='ocrx_word' id='word_1_332' title='bbox 654 2254 836 2312; x_wconf 89' lang='lat' dir='ltr'><strong>Patre.</strong></span> <span class='ocrx_word' id='word_1_333' title='bbox 878 2275 896 2306; x_wconf 74' lang='grc' dir='ltr'><strong>ι</strong></span> <span class='ocrx_word' id='word_1_334' title='bbox 940 2256 1050 2310; x_wconf 92' lang='lat' dir='ltr'><strong>lIoc</strong></span> <span class='ocrx_word' id='word_1_335' title='bbox 1091 2267 1270 2311; x_wconf 86' lang='lat' dir='ltr'><strong>tamen</strong></span> <span class='ocrx_word' id='word_1_336' title='bbox 1319 2266 1497 2326; x_wconf 89' lang='lat' dir='ltr'><strong>potest</strong></span> <span class='ocrx_word' id='word_1_337' title='bbox 1537 2259 1702 2313; x_wconf 89' lang='lat' dir='ltr'><strong>etiam</strong></span> <span class='ocrx_word' id='word_1_338' title='bbox 1733 2271 1920 2316; x_wconf 89' lang='lat' dir='ltr'><strong>nostro</strong></span> 
     </span>
    </p>
   </div>
   <div class='ocr_carea' id='block_1_39' title="bbox 342 2347 1917 2421">
    <p class='ocr_par' dir='ltr' id='par_1_39' title="bbox 342 2347 1917 2421">
     <span class='ocr_line' id='line_1_39' title="bbox 342 2347 1917 2421; baseline 0.004 -22"><span class='ocrx_word' id='word_1_339' title='bbox 342 2347 524 2400; x_wconf 82' lang='lat' dir='ltr'><strong>sensui</strong></span> <span class='ocrx_word' id='word_1_340' title='bbox 553 2362 842 2401; x_wconf 91' lang='lat' dir='ltr'><strong>occurrere</strong></span> <span class='ocrx_word' id='word_1_341' title='bbox 862 2388 877 2412; x_wconf 97' lang='lat'><strong>,</strong></span> <span class='ocrx_word' id='word_1_342' title='bbox 909 2348 1051 2416; x_wconf 93' lang='lat' dir='ltr'><strong>quod</strong></span> <span class='ocrx_word' id='word_1_343' title='bbox 1093 2347 1236 2402; x_wconf 91' lang='lat' dir='ltr'><strong>sicut</strong></span> <span class='ocrx_word' id='word_1_344' title='bbox 1274 2349 1476 2416; x_wconf 91' lang='lat' dir='ltr'><strong>Israel,</strong></span> <span class='ocrx_word' id='word_1_345' title='bbox 1508 2351 1748 2419; x_wconf 88' lang='lat' dir='ltr'><strong>quandiu</strong></span> <span class='ocrx_word' id='word_1_346' title='bbox 1791 2365 1917 2421; x_wconf 90' lang='lat' dir='ltr'><strong>per-</strong></span> 
     </span>
    </p>
   </div>
   <div class='ocr_carea' id='block_1_40' title="bbox 340 2438 1920 2503">
    <p class='ocr_par' dir='ltr' id='par_1_40' title="bbox 340 2438 1920 2503">
     <span class='ocr_line' id='line_1_40' title="bbox 340 2438 1920 2503; baseline 0.004 -12"><span class='ocrx_word' id='word_1_347' title='bbox 340 2447 525 2492; x_wconf 77' lang='lat' dir='ltr'><strong>manet</strong></span> <span class='ocrx_word' id='word_1_348' title='bbox 548 2440 847 2492; x_wconf 88' lang='lat' dir='ltr'><strong>secundum</strong></span> <span class='ocrx_word' id='word_1_349' title='bbox 876 2454 1096 2494; x_wconf 91' lang='lat' dir='ltr'><strong>carnem</strong></span> <span class='ocrx_word' id='word_1_350' title='bbox 1126 2438 1381 2503; x_wconf 88' lang='lat' dir='ltr'><strong>Israel,et</strong></span> <span class='ocrx_word' id='word_1_351' title='bbox 1402 2455 1508 2495; x_wconf 89' lang='lat' dir='ltr'><strong>non</strong></span> <span class='ocrx_word' id='word_1_352' title='bbox 1535 2441 1698 2496; x_wconf 91' lang='lat' dir='ltr'><strong>etiam</strong></span> <span class='ocrx_word' id='word_1_353' title='bbox 1730 2457 1920 2498; x_wconf 86' lang='lat' dir='ltr'><strong>secun-</strong></span> 
     </span>
    </p>
   </div>
   <div class='ocr_carea' id='block_1_41' title="bbox 341 2529 1915 2597">
    <p class='ocr_par' dir='ltr' id='par_1_41' title="bbox 341 2529 1915 2597">
     <span class='ocr_line' id='line_1_41' title="bbox 341 2529 1915 2597; baseline 0.004 -15"><span class='ocrx_word' id='word_1_354' title='bbox 341 2529 469 2582; x_wconf 91' lang='lat' dir='ltr'><strong>dum</strong></span> <span class='ocrx_word' id='word_1_355' title='bbox 495 2530 746 2597; x_wconf 72' lang='lat' dir='ltr'><strong>spirituum</strong></span> <span class='ocrx_word' id='word_1_356' title='bbox 777 2529 951 2584; x_wconf 87' lang='lat' dir='ltr'><strong>factus</strong></span> <span class='ocrx_word' id='word_1_357' title='bbox 973 2529 1135 2585; x_wconf 89' lang='lat' dir='ltr'><strong>fuerit</strong></span> <span class='ocrx_word' id='word_1_358' title='bbox 1160 2531 1400 2587; x_wconf 87' lang='lat' dir='ltr'><strong>Israelita</strong></span> <span class='ocrx_word' id='word_1_359' title='bbox 1430 2547 1594 2589; x_wconf 90' lang='lat' dir='ltr'><strong>verus</strong></span> <span class='ocrx_word' id='word_1_360' title='bbox 1628 2543 1808 2590; x_wconf 85' lang='lat' dir='ltr'><strong>mente</strong></span> <span class='ocrx_word' id='word_1_361' title='bbox 1833 2536 1915 2589; x_wconf 84' lang='lat' dir='ltr'><strong>vI-</strong></span> 
     </span>
    </p>
   </div>
   <div class='ocr_carea' id='block_1_42' title="bbox 338 2613 1912 2692">
    <p class='ocr_par' dir='ltr' id='par_1_42' title="bbox 338 2613 1912 2692">
     <span class='ocr_line' id='line_1_42' title="bbox 338 2613 1912 2692; baseline 0.006 -22"><span class='ocrx_word' id='word_1_362' title='bbox 338 2613 475 2671; x_wconf 89' lang='lat' dir='ltr'><strong>deus</strong></span> <span class='ocrx_word' id='word_1_363' title='bbox 502 2617 695 2681; x_wconf 89' lang='lat' dir='ltr'><strong>Deum,</strong></span> <span class='ocrx_word' id='word_1_364' title='bbox 713 2621 983 2687; x_wconf 88' lang='lat' dir='ltr'><strong>pertinere</strong></span> <span class='ocrx_word' id='word_1_365' title='bbox 1009 2620 1120 2690; x_wconf 76' lang='lat' dir='ltr'><strong>(I2)</strong></span> <span class='ocrx_word' id='word_1_366' title='bbox 1152 2636 1255 2676; x_wconf 89' lang='lat' dir='ltr'><strong>non</strong></span> <span class='ocrx_word' id='word_1_367' title='bbox 1281 2631 1463 2692; x_wconf 88' lang='lat' dir='ltr'><strong>potest</strong></span> <span class='ocrx_word' id='word_1_368' title='bbox 1482 2624 1549 2678; x_wconf 88' lang='lat' dir='ltr'><strong>ad</strong></span> <span class='ocrx_word' id='word_1_369' title='bbox 1571 2624 1821 2691; x_wconf 85' lang='lat' dir='ltr'><strong>salutem,</strong></span> <span class='ocrx_word' id='word_1_370' title='bbox 1841 2625 1912 2680; x_wconf 92' lang='lat' dir='ltr'><strong>ita</strong></span> 
     </span>
    </p>
   </div>
   <div class='ocr_carea' id='block_1_43' title="bbox 340 2707 1915 2786">
    <p class='ocr_par' dir='ltr' id='par_1_43' title="bbox 340 2707 1915 2786">
     <span class='ocr_line' id='line_1_43' title="bbox 340 2707 1915 2786; baseline 0.007 -23"><span class='ocrx_word' id='word_1_371' title='bbox 340 2723 442 2763; x_wconf 89' lang='lat' dir='ltr'><strong>nec</strong></span> <span class='ocrx_word' id='word_1_372' title='bbox 470 2719 660 2779; x_wconf 83' lang='lat' dir='ltr'><strong>gentes</strong></span> <span class='ocrx_word' id='word_1_373' title='bbox 685 2707 900 2779; x_wconf 84' lang='lat' dir='ltr'><strong>quidem</strong></span> <span class='ocrx_word' id='word_1_374' title='bbox 931 2727 1122 2769; x_wconf 85' lang='lat' dir='ltr'><strong>omnes</strong></span> <span class='ocrx_word' id='word_1_375' title='bbox 1166 2715 1390 2769; x_wconf 91' lang='lat' dir='ltr'><strong>omnino</strong></span> <span class='ocrx_word' id='word_1_376' title='bbox 1440 2715 1639 2771; x_wconf 90' lang='lat' dir='ltr'><strong>salvari</strong></span> <span class='ocrx_word' id='word_1_377' title='bbox 1669 2726 1915 2786; x_wconf 85' lang='lat' dir='ltr'><strong>possunt,</strong></span> 
     </span>
    </p>
   </div>
   <div class='ocr_carea' id='block_1_44' title="bbox 341 2795 1914 2876">
    <p class='ocr_par' dir='ltr' id='par_1_44' title="bbox 341 2795 1914 2876">
     <span class='ocr_line' id='line_1_44' title="bbox 341 2795 1914 2876; baseline 0.005 -24"><span class='ocrx_word' id='word_1_378' title='bbox 341 2795 444 2852; x_wconf 84' lang='lat' dir='ltr'><strong>nisi</strong></span> <span class='ocrx_word' id='word_1_379' title='bbox 471 2811 595 2865; x_wconf 76' lang='lat' dir='ltr'><strong>qua:</strong></span> <span class='ocrx_word' id='word_1_380' title='bbox 636 2798 776 2852; x_wconf 91' lang='lat' dir='ltr'><strong>intra</strong></span> <span class='ocrx_word' id='word_1_381' title='bbox 819 2799 1208 2868; x_wconf 91' lang='lat' dir='ltr'><strong>plenitudinem</strong></span> <span class='ocrx_word' id='word_1_382' title='bbox 1246 2801 1447 2857; x_wconf 91' lang='lat' dir='ltr'><strong>fuerint</strong></span> <span class='ocrx_word' id='word_1_383' title='bbox 1479 2814 1730 2874; x_wconf 66' lang='lat' dir='ltr'><strong>repertae,</strong></span> <span class='ocrx_word' id='word_1_384' title='bbox 1761 2821 1914 2876; x_wconf 71' lang='lat' dir='ltr'><strong>qua:-</strong></span> 
     </span>
    </p>
   </div>
   <div class='ocr_carea' id='block_1_45' title="bbox 341 2888 1914 2968">
    <p class='ocr_par' dir='ltr' id='par_1_45' title="bbox 341 2888 1914 2968">
     <span class='ocr_line' id='line_1_45' title="bbox 341 2888 1914 2968; baseline 0.006 -26"><span class='ocrx_word' id='word_1_385' title='bbox 341 2901 556 2961; x_wconf 83' lang='lat' dir='ltr'><strong>ounque</strong></span> <span class='ocrx_word' id='word_1_386' title='bbox 582 2888 677 2944; x_wconf 87' lang='lat' dir='ltr'><strong>illa</strong></span> <span class='ocrx_word' id='word_1_387' title='bbox 709 2899 930 2961; x_wconf 70' lang='lat' dir='ltr'><strong>estquae</strong></span> <span class='ocrx_word' id='word_1_388' title='bbox 955 2891 1024 2946; x_wconf 86' lang='lat' dir='ltr'><strong>ab</strong></span> <span class='ocrx_word' id='word_1_389' title='bbox 1055 2891 1318 2963; x_wconf 83' lang='lat' dir='ltr'><strong>Apostolo</strong></span> <span class='ocrx_word' id='word_1_390' title='bbox 1362 2893 1642 2964; x_wconf 88' lang='lat' dir='ltr'><strong>plenitudo</strong></span> <span class='ocrx_word' id='word_1_391' title='bbox 1669 2897 1783 2968; x_wconf 78' lang='grc'><strong>(15)</strong></span> <span class='ocrx_word' id='word_1_392' title='bbox 1815 2913 1914 2953; x_wconf 87' lang='lat' dir='ltr'><strong>no-</strong></span> 
     </span>
    </p>
   </div>
   <div class='ocr_carea' id='block_1_46' title="bbox 342 2982 1911 3056">
    <p class='ocr_par' dir='ltr' id='par_1_46' title="bbox 342 2982 1911 3056">
     <span class='ocr_line' id='line_1_46' title="bbox 342 2982 1911 3056; baseline 0.005 -22"><span class='ocrx_word' id='word_1_393' title='bbox 342 2984 599 3037; x_wconf 89' lang='lat' dir='ltr'><strong>minatur.</strong></span> <span class='ocrx_word' id='word_1_394' title='bbox 637 2982 711 3038; x_wconf 90' lang='lat' dir='ltr'><strong>Ita</strong></span> <span class='ocrx_word' id='word_1_395' title='bbox 739 2999 868 3056; x_wconf 88' lang='lat' dir='ltr'><strong>ergo</strong></span> <span class='ocrx_word' id='word_1_396' title='bbox 900 2984 1218 3056; x_wconf 86' lang='lat' dir='ltr'><strong>mysterium</strong></span> <span class='ocrx_word' id='word_1_397' title='bbox 1257 2983 1347 3038; x_wconf 91' lang='lat' dir='ltr'><strong>Dei</strong></span> <span class='ocrx_word' id='word_1_398' title='bbox 1385 2984 1642 3040; x_wconf 73' lang='lat' dir='ltr'><strong>ineffabili</strong></span> <span class='ocrx_word' id='word_1_399' title='bbox 1675 2988 1911 3056; x_wconf 87' lang='lat' dir='ltr'><strong>quadam</strong></span> 
     </span>
    </p>
   </div>
   <div class='ocr_carea' id='block_1_47' title="bbox 339 3072 1908 3144">
    <p class='ocr_par' dir='ltr' id='par_1_47' title="bbox 339 3072 1908 3144">
     <span class='ocr_line' id='line_1_47' title="bbox 339 3072 1908 3144; baseline 0.007 -21"><span class='ocrx_word' id='word_1_400' title='bbox 339 3073 622 3141; x_wconf 64' lang='lat' dir='ltr'><strong>sapientiai</strong></span> <span class='ocrx_word' id='word_1_401' title='bbox 674 3072 792 3142; x_wconf 84' lang='lat' dir='ltr'><strong>ejus</strong></span> <span class='ocrx_word' id='word_1_402' title='bbox 843 3074 1250 3144; x_wconf 89' lang='lat' dir='ltr'><strong>dispensatione</strong></span> <span class='ocrx_word' id='word_1_403' title='bbox 1303 3083 1603 3141; x_wconf 89' lang='lat' dir='ltr'><strong>tractatur,</strong></span> <span class='ocrx_word' id='word_1_404' title='bbox 1635 3085 1690 3131; x_wconf 93' lang='lat' dir='ltr'><strong>ut</strong></span> <span class='ocrx_word' id='word_1_405' title='bbox 1744 3078 1908 3133; x_wconf 91' lang='lat' dir='ltr'><strong>etiam</strong></span> 
     </span>
    </p>
   </div>
   <div class='ocr_carea' id='block_1_48' title="bbox 341 3163 1909 3236">
    <p class='ocr_par' dir='ltr' id='par_1_48' title="bbox 341 3163 1909 3236">
     <span class='ocr_line' id='line_1_48' title="bbox 341 3163 1909 3236; baseline 0.005 -20"><span class='ocrx_word' id='word_1_406' title='bbox 341 3177 464 3216; x_wconf 89' lang='lat' dir='ltr'><strong>cum</strong></span> <span class='ocrx_word' id='word_1_407' title='bbox 502 3163 607 3218; x_wconf 87' lang='lat' dir='ltr'><strong>sibi</strong></span> <span class='ocrx_word' id='word_1_408' title='bbox 646 3166 826 3218; x_wconf 90' lang='lat' dir='ltr'><strong>anima</strong></span> <span class='ocrx_word' id='word_1_409' title='bbox 861 3176 1062 3220; x_wconf 91' lang='lat' dir='ltr'><strong>sortem</strong></span> <span class='ocrx_word' id='word_1_410' title='bbox 1108 3166 1370 3222; x_wconf 90' lang='lat' dir='ltr'><strong>malorum</strong></span> <span class='ocrx_word' id='word_1_411' title='bbox 1417 3168 1528 3235; x_wconf 85' lang='lat' dir='ltr'><strong>ipsa</strong></span> <span class='ocrx_word' id='word_1_412' title='bbox 1559 3169 1909 3236; x_wconf 88' lang='lat' dir='ltr'><strong>consciverit,</strong></span> 
     </span>
    </p>
   </div>
   <div class='ocr_carea' id='block_1_49' title="bbox 341 3254 1914 3331">
    <p class='ocr_par' dir='ltr' id='par_1_49' title="bbox 341 3254 1914 3331">
     <span class='ocr_line' id='line_1_49' title="bbox 341 3254 1914 3331; baseline 0.004 -22"><span class='ocrx_word' id='word_1_413' title='bbox 341 3254 430 3309; x_wconf 91' lang='lat' dir='ltr'><strong>ille</strong></span> <span class='ocrx_word' id='word_1_414' title='bbox 465 3257 556 3324; x_wconf 89' lang='lat' dir='ltr'><strong>qui</strong></span> <span class='ocrx_word' id='word_1_415' title='bbox 593 3256 744 3312; x_wconf 91' lang='lat' dir='ltr'><strong>novit</strong></span> <span class='ocrx_word' id='word_1_416' title='bbox 783 3256 1034 3312; x_wconf 85' lang='lat' dir='ltr'><strong>universa</strong></span> <span class='ocrx_word' id='word_1_417' title='bbox 1065 3257 1372 3328; x_wconf 91' lang='lat' dir='ltr'><strong>disponere,</strong></span> <span class='ocrx_word' id='word_1_418' title='bbox 1406 3259 1765 3326; x_wconf 87' lang='lat' dir='ltr'><strong>abjectionem</strong></span> <span class='ocrx_word' id='word_1_419' title='bbox 1797 3261 1914 3331; x_wconf 87' lang='lat' dir='ltr'><strong>ejus</strong></span> 
     </span>
    </p>
   </div>
   <div class='ocr_carea' id='block_1_50' title="bbox 339 3346 1913 3415">
    <p class='ocr_par' dir='ltr' id='par_1_50' title="bbox 339 3346 1913 3415">
     <span class='ocr_line' id='line_1_50' title="bbox 339 3346 1913 3415; baseline 0.003 -14"><span class='ocrx_word' id='word_1_420' title='bbox 339 3356 397 3401; x_wconf 92' lang='lat' dir='ltr'><strong>et</strong></span> <span class='ocrx_word' id='word_1_421' title='bbox 432 3361 670 3415; x_wconf 67' lang='lat' dir='ltr'><strong>pinnam,</strong></span> <span class='ocrx_word' id='word_1_422' title='bbox 707 3347 937 3402; x_wconf 90' lang='lat' dir='ltr'><strong>aliorum</strong></span> <span class='ocrx_word' id='word_1_423' title='bbox 973 3346 1134 3402; x_wconf 87' lang='lat' dir='ltr'><strong>faciat</strong></span> <span class='ocrx_word' id='word_1_424' title='bbox 1171 3348 1422 3404; x_wconf 88' lang='lat' dir='ltr'><strong>salutem.</strong></span> <span class='ocrx_word' id='word_1_425' title='bbox 1455 3349 1560 3404; x_wconf 88' lang='lat' dir='ltr'><strong>Sed</strong></span> <span class='ocrx_word' id='word_1_426' title='bbox 1593 3359 1648 3404; x_wconf 90' lang='lat' dir='ltr'><strong>et</strong></span> <span class='ocrx_word' id='word_1_427' title='bbox 1681 3351 1810 3406; x_wconf 92' lang='lat' dir='ltr'><strong>illud</strong></span> <span class='ocrx_word' id='word_1_428' title='bbox 1833 3352 1913 3406; x_wconf 86' lang='lat' dir='ltr'><strong>vi-</strong></span> 
     </span>
    </p>
   </div>
   <div class='ocr_carea' id='block_1_51' title="bbox 340 3438 1911 3513">
    <p class='ocr_par' dir='ltr' id='par_1_51' title="bbox 340 3438 1911 3513">
     <span class='ocr_line' id='line_1_51' title="bbox 340 3438 1911 3513; baseline 0.003 -19"><span class='ocrx_word' id='word_1_429' title='bbox 340 3438 502 3494; x_wconf 91' lang='lat' dir='ltr'><strong>detur</strong></span> <span class='ocrx_word' id='word_1_430' title='bbox 526 3439 656 3493; x_wconf 87' lang='lat' dir='ltr'><strong>ntibi</strong></span> <span class='ocrx_word' id='word_1_431' title='bbox 687 3439 741 3494; x_wconf 93' lang='lat' dir='ltr'><strong>in</strong></span> <span class='ocrx_word' id='word_1_432' title='bbox 772 3439 875 3494; x_wconf 88' lang='lat' dir='ltr'><strong>hoc</strong></span> <span class='ocrx_word' id='word_1_433' title='bbox 901 3439 1012 3512; x_wconf 69' lang='grc'><strong>(14)</strong></span> <span class='ocrx_word' id='word_1_434' title='bbox 1041 3440 1158 3496; x_wconf 93' lang='lat' dir='ltr'><strong>loco</strong></span> <span class='ocrx_word' id='word_1_435' title='bbox 1179 3442 1488 3513; x_wconf 88' lang='lat' dir='ltr'><strong>diligentius</strong></span> <span class='ocrx_word' id='word_1_436' title='bbox 1510 3445 1874 3498; x_wconf 89' lang='lat' dir='ltr'><strong>contuendum</strong></span> <span class='ocrx_word' id='word_1_437' title='bbox 1894 3485 1911 3512; x_wconf 90' lang='lat'><strong>,</strong></span> 
     </span>
    </p>
   </div>
   <div class='ocr_carea' id='block_1_52' title="bbox 340 3530 1916 3597">
    <p class='ocr_par' dir='ltr' id='par_1_52' title="bbox 340 3530 1916 3597">
     <span class='ocr_line' id='line_1_52' title="bbox 340 3530 1916 3597; baseline 0.005 -17"><span class='ocrx_word' id='word_1_438' title='bbox 340 3530 483 3597; x_wconf 91' lang='lat' dir='ltr'><strong>quod</strong></span> <span class='ocrx_word' id='word_1_439' title='bbox 523 3531 819 3583; x_wconf 69' lang='lat' dir='ltr'><strong>caecitatem</strong></span> <span class='ocrx_word' id='word_1_440' title='bbox 859 3530 1017 3585; x_wconf 89' lang='lat' dir='ltr'><strong>istam</strong></span> <span class='ocrx_word' id='word_1_441' title='bbox 1061 3547 1168 3585; x_wconf 92' lang='lat' dir='ltr'><strong>non</strong></span> <span class='ocrx_word' id='word_1_442' title='bbox 1208 3533 1340 3588; x_wconf 92' lang='lat' dir='ltr'><strong>dicit</strong></span> <span class='ocrx_word' id='word_1_443' title='bbox 1365 3533 1509 3587; x_wconf 92' lang='lat' dir='ltr'><strong>omni</strong></span> <span class='ocrx_word' id='word_1_444' title='bbox 1539 3532 1705 3588; x_wconf 89' lang='lat' dir='ltr'><strong>Israel</strong></span> <span class='ocrx_word' id='word_1_445' title='bbox 1737 3535 1916 3588; x_wconf 90' lang='lat' dir='ltr'><strong>conti-</strong></span> 
     </span>
    </p>
   </div>
   <div class='ocr_carea' id='block_1_53' title="bbox 341 3619 1912 3692">
    <p class='ocr_par' dir='ltr' id='par_1_53' title="bbox 341 3619 1912 3692">
     <span class='ocr_line' id='line_1_53' title="bbox 341 3619 1912 3692; baseline 0.003 -18"><span class='ocrx_word' id='word_1_446' title='bbox 341 3619 507 3689; x_wconf 89' lang='lat' dir='ltr'><strong>gisse,</strong></span> <span class='ocrx_word' id='word_1_447' title='bbox 538 3620 633 3674; x_wconf 89' lang='lat' dir='ltr'><strong>sed</strong></span> <span class='ocrx_word' id='word_1_448' title='bbox 666 3639 684 3671; x_wconf 80' lang='grc' dir='ltr'><strong>ι</strong></span> <span class='ocrx_word' id='word_1_449' title='bbox 723 3635 790 3675; x_wconf 82' lang='lat' dir='ltr'><strong>ex</strong></span> <span class='ocrx_word' id='word_1_450' title='bbox 814 3630 988 3689; x_wconf 84' lang='lat' dir='ltr'><strong>parte.</strong></span> <span class='ocrx_word' id='word_1_451' title='bbox 1031 3621 1294 3692; x_wconf 74' lang='lat' dir='ltr'><strong>Reliquiae</strong></span> <span class='ocrx_word' id='word_1_452' title='bbox 1329 3642 1349 3674; x_wconf 74' lang='grc' dir='ltr'><strong>ι</strong></span> <span class='ocrx_word' id='word_1_453' title='bbox 1381 3625 1525 3678; x_wconf 91' lang='lat' dir='ltr'><strong>enim</strong></span> <span class='ocrx_word' id='word_1_454' title='bbox 1565 3642 1584 3674; x_wconf 77' lang='grc' dir='ltr'><strong>ι</strong></span> <span class='ocrx_word' id='word_1_455' title='bbox 1619 3624 1912 3678; x_wconf 88' lang='lat' dir='ltr'><strong>secundum</strong></span> 
     </span>
    </p>
   </div>
   <div class='ocr_carea' id='block_1_54' title="bbox 343 3709 1914 3780">
    <p class='ocr_par' dir='ltr' id='par_1_54' title="bbox 343 3709 1914 3780">
     <span class='ocr_line' id='line_1_54' title="bbox 343 3709 1914 3780; baseline 0.002 -18"><span class='ocrx_word' id='word_1_456' title='bbox 343 3709 664 3766; x_wconf 88' lang='lat' dir='ltr'><strong>electionem</strong></span> <span class='ocrx_word' id='word_1_457' title='bbox 691 3710 877 3780; x_wconf 78' lang='lat' dir='ltr'><strong>gratia:</strong></span> <span class='ocrx_word' id='word_1_458' title='bbox 906 3709 1069 3765; x_wconf 65' lang='lat' dir='ltr'><strong>salvat</strong></span> <span class='ocrx_word' id='word_1_459' title='bbox 1100 3711 1255 3765; x_wconf 74' lang='lat' dir='ltr'><strong>facta:</strong></span> <span class='ocrx_word' id='word_1_460' title='bbox 1297 3720 1424 3772; x_wconf 82' lang='lat' dir='ltr'><strong>sunt</strong></span> <span class='ocrx_word' id='word_1_461' title='bbox 1449 3712 1516 3765; x_wconf 76' lang='grc'><strong>⁷⁸.</strong></span> <span class='ocrx_word' id='word_1_462' title='bbox 1558 3730 1577 3763; x_wconf 79' lang='grc' dir='ltr'><strong>ι</strong></span> <span class='ocrx_word' id='word_1_463' title='bbox 1612 3712 1685 3765; x_wconf 92' lang='lat' dir='ltr'><strong>De</strong></span> <span class='ocrx_word' id='word_1_464' title='bbox 1718 3712 1914 3780; x_wconf 90' lang='lat' dir='ltr'><strong>quibus</strong></span> 
     </span>
    </p>
   </div>
   <div class='ocr_carea' id='block_1_55' title="bbox 343 3799 1916 3872">
    <p class='ocr_par' dir='ltr' id='par_1_55' title="bbox 343 3799 1916 3872">
     <span class='ocr_line' id='line_1_55' title="bbox 343 3799 1916 3872; baseline 0.001 -18"><span class='ocrx_word' id='word_1_465' title='bbox 343 3802 586 3871; x_wconf 90' lang='lat' dir='ltr'><strong>reliquiis</strong></span> <span class='ocrx_word' id='word_1_466' title='bbox 619 3811 675 3856; x_wconf 92' lang='lat' dir='ltr'><strong>et</strong></span> <span class='ocrx_word' id='word_1_467' title='bbox 698 3801 862 3856; x_wconf 89' lang='lat' dir='ltr'><strong>Isaias</strong></span> <span class='ocrx_word' id='word_1_468' title='bbox 891 3802 1310 3872; x_wconf 84' lang='lat' dir='ltr'><strong>prepbetaverat</strong></span> <span class='ocrx_word' id='word_1_469' title='bbox 1357 3801 1542 3855; x_wconf 91' lang='lat' dir='ltr'><strong>dicens</strong></span> <span class='ocrx_word' id='word_1_470' title='bbox 1572 3815 1586 3852; x_wconf 89' lang='lat'><strong>:</strong></span> <span class='ocrx_word' id='word_1_471' title='bbox 1620 3820 1638 3852; x_wconf 80' lang='grc' dir='ltr'><strong>ι</strong></span> <span class='ocrx_word' id='word_1_472' title='bbox 1669 3799 1780 3855; x_wconf 88' lang='lat' dir='ltr'><strong>Nisi</strong></span> <span class='ocrx_word' id='word_1_473' title='bbox 1815 3801 1916 3856; x_wconf 85' lang='lat' dir='ltr'><strong>Do-</strong></span> 
     </span>
    </p>
   </div>
   <div class='ocr_carea' id='block_1_56' title="bbox 343 3892 1916 3964">
    <p class='ocr_par' dir='ltr' id='par_1_56' title="bbox 343 3892 1916 3964">
     <span class='ocr_line' id='line_1_56' title="bbox 343 3892 1916 3964; baseline -0.002 -15"><span class='ocrx_word' id='word_1_474' title='bbox 343 3897 526 3950; x_wconf 88' lang='lat' dir='ltr'><strong>minus</strong></span> <span class='ocrx_word' id='word_1_475' title='bbox 580 3894 818 3949; x_wconf 88' lang='lat' dir='ltr'><strong>Sabaoth</strong></span> <span class='ocrx_word' id='word_1_476' title='bbox 873 3893 1178 3964; x_wconf 88' lang='lat' dir='ltr'><strong>reliquisset</strong></span> <span class='ocrx_word' id='word_1_477' title='bbox 1228 3892 1384 3948; x_wconf 89' lang='lat' dir='ltr'><strong>nobis</strong></span> <span class='ocrx_word' id='word_1_478' title='bbox 1430 3908 1614 3948; x_wconf 89' lang='lat' dir='ltr'><strong>semen</strong></span> <span class='ocrx_word' id='word_1_479' title='bbox 1645 3894 1759 3946; x_wconf 78' lang='grc'><strong>⁷⁸.»</strong></span> <span class='ocrx_word' id='word_1_480' title='bbox 1797 3892 1916 3948; x_wconf 72' lang='lat' dir='ltr'><strong>Istae</strong></span> 
     </span>
    </p>
   </div>
   <div class='ocr_carea' id='block_1_57' title="bbox 342 3986 1914 4060">
    <p class='ocr_par' dir='ltr' id='par_1_57' title="bbox 342 3986 1914 4060">
     <span class='ocr_line' id='line_1_57' title="bbox 342 3986 1914 4060; baseline -0.003 -16"><span class='ocrx_word' id='word_1_481' title='bbox 342 4005 472 4060; x_wconf 83' lang='lat' dir='ltr'><strong>ergo</strong></span> <span class='ocrx_word' id='word_1_482' title='bbox 509 3987 746 4057; x_wconf 64' lang='lat' dir='ltr'><strong>reliquiae</strong></span> <span class='ocrx_word' id='word_1_483' title='bbox 781 3988 834 4041; x_wconf 91' lang='lat' dir='ltr'><strong>in</strong></span> <span class='ocrx_word' id='word_1_484' title='bbox 877 3986 1209 4042; x_wconf 85' lang='lat' dir='ltr'><strong>beatitudine</strong></span> <span class='ocrx_word' id='word_1_485' title='bbox 1252 3986 1611 4043; x_wconf 85' lang='lat' dir='ltr'><strong>conferuntur</strong></span> <span class='ocrx_word' id='word_1_486' title='bbox 1650 4000 1770 4039; x_wconf 90' lang='lat' dir='ltr'><strong>cum</strong></span> <span class='ocrx_word' id='word_1_487' title='bbox 1801 3986 1914 4054; x_wconf 89' lang='lat' dir='ltr'><strong>ple-</strong></span> 
     </span>
    </p>
   </div>
   <div class='ocr_carea' id='block_1_58' title="bbox 345 4077 1914 4148">
    <p class='ocr_par' dir='ltr' id='par_1_58' title="bbox 345 4077 1914 4148">
     <span class='ocr_line' id='line_1_58' title="bbox 345 4077 1914 4148; baseline -0.003 -14"><span class='ocrx_word' id='word_1_488' title='bbox 345 4081 590 4134; x_wconf 90' lang='lat' dir='ltr'><strong>nitudine</strong></span> <span class='ocrx_word' id='word_1_489' title='bbox 620 4080 856 4148; x_wconf 83' lang='lat' dir='ltr'><strong>gentium</strong></span> <span class='ocrx_word' id='word_1_490' title='bbox 884 4097 897 4133; x_wconf 93' lang='lat'>:</span> <span class='ocrx_word' id='word_1_491' title='bbox 938 4079 1116 4134; x_wconf 59' lang='lat' dir='ltr'><strong>ceteri</strong></span> <span class='ocrx_word' id='word_1_492' title='bbox 1143 4093 1272 4133; x_wconf 87' lang='lat' dir='ltr'><strong>vero</strong></span> <span class='ocrx_word' id='word_1_493' title='bbox 1294 4077 1384 4147; x_wconf 91' lang='lat' dir='ltr'><strong>qui</strong></span> <span class='ocrx_word' id='word_1_494' title='bbox 1414 4078 1669 4132; x_wconf 64' lang='lat' dir='ltr'><strong>excaecati</strong></span> <span class='ocrx_word' id='word_1_495' title='bbox 1698 4088 1914 4133; x_wconf 79' lang='lat' dir='ltr'><strong>suntex</strong></span> 
     </span>
    </p>
   </div>
   <div class='ocr_carea' id='block_1_59' title="bbox 343 4171 1915 4244">
    <p class='ocr_par' dir='ltr' id='par_1_59' title="bbox 343 4171 1915 4244">
     <span class='ocr_line' id='line_1_59' title="bbox 343 4171 1915 4244; baseline -0.003 -17"><span class='ocrx_word' id='word_1_496' title='bbox 343 4173 533 4239; x_wconf 90' lang='lat' dir='ltr'><strong>Israel,</strong></span> <span class='ocrx_word' id='word_1_497' title='bbox 557 4171 916 4227; x_wconf 89' lang='lat' dir='ltr'><strong>conferuntur</strong></span> <span class='ocrx_word' id='word_1_498' title='bbox 943 4172 1030 4228; x_wconf 87' lang='lat' dir='ltr'><strong>his</strong></span> <span class='ocrx_word' id='word_1_499' title='bbox 1063 4172 1317 4244; x_wconf 76' lang='lat' dir='ltr'><strong>gentibus</strong></span> <span class='ocrx_word' id='word_1_500' title='bbox 1344 4184 1464 4240; x_wconf 66' lang='lat' dir='ltr'><strong>qua;</strong></span> <span class='ocrx_word' id='word_1_501' title='bbox 1491 4183 1596 4223; x_wconf 93' lang='lat' dir='ltr'><strong>non</strong></span> <span class='ocrx_word' id='word_1_502' title='bbox 1624 4178 1915 4238; x_wconf 90' lang='lat' dir='ltr'><strong>potuerunt</strong></span> 
     </span>
    </p>
   </div>
   <div class='ocr_carea' id='block_1_60' title="bbox 342 4257 1916 4332">
    <p class='ocr_par' dir='ltr' id='par_1_60' title="bbox 342 4257 1916 4332">
     <span class='ocr_line' id='line_1_60' title="bbox 342 4257 1916 4332; baseline -0.003 -16"><span class='ocrx_word' id='word_1_503' title='bbox 342 4264 406 4316; x_wconf 86' lang='lat' dir='ltr'><strong>ad</strong></span> <span class='ocrx_word' id='word_1_504' title='bbox 441 4262 829 4331; x_wconf 88' lang='lat' dir='ltr'><strong>plenitudinem</strong></span> <span class='ocrx_word' id='word_1_505' title='bbox 862 4262 1166 4332; x_wconf 88' lang='lat' dir='ltr'><strong>pervenire.</strong></span> <span class='ocrx_word' id='word_1_506' title='bbox 1197 4259 1287 4315; x_wconf 90' lang='lat' dir='ltr'><strong>Sic</strong></span> <span class='ocrx_word' id='word_1_507' title='bbox 1316 4274 1444 4328; x_wconf 87' lang='lat' dir='ltr'><strong>ergo</strong></span> <span class='ocrx_word' id='word_1_508' title='bbox 1467 4257 1581 4330; x_wconf 78' lang='grc'><strong>(15)</strong></span> <span class='ocrx_word' id='word_1_509' title='bbox 1610 4273 1730 4328; x_wconf 67' lang='lat' dir='ltr'><strong>qua:</strong></span> <span class='ocrx_word' id='word_1_510' title='bbox 1768 4259 1916 4313; x_wconf 84' lang='lat' dir='ltr'><strong>inve-</strong></span> 
     </span>
    </p>
   </div>
   <div class='ocr_carea' id='block_1_61' title="bbox 344 4350 1918 4420">
    <p class='ocr_par' dir='ltr' id='par_1_61' title="bbox 344 4350 1918 4420">
     <span class='ocr_line' id='line_1_61' title="bbox 344 4350 1918 4420; baseline -0.001 -13"><span class='ocrx_word' id='word_1_511' title='bbox 344 4355 566 4408; x_wconf 91' lang='lat' dir='ltr'><strong>niuntur</strong></span> <span class='ocrx_word' id='word_1_512' title='bbox 608 4353 661 4408; x_wconf 90' lang='lat' dir='ltr'><strong>in</strong></span> <span class='ocrx_word' id='word_1_513' title='bbox 697 4353 1039 4408; x_wconf 91' lang='lat' dir='ltr'><strong>sermonibus</strong></span> <span class='ocrx_word' id='word_1_514' title='bbox 1084 4351 1469 4420; x_wconf 88' lang='lat' dir='ltr'><strong>prophetarum</strong></span> <span class='ocrx_word' id='word_1_515' title='bbox 1509 4350 1575 4403; x_wconf 90' lang='lat' dir='ltr'><strong>de</strong></span> <span class='ocrx_word' id='word_1_516' title='bbox 1621 4350 1918 4419; x_wconf 85' lang='lat' dir='ltr'><strong>repromis-</strong></span> 
     </span>
    </p>
   </div>
   <div class='ocr_carea' id='block_1_62' title="bbox 2026 1883 3608 1954">
    <p class='ocr_par' dir='ltr' id='par_1_62' title="bbox 2026 1883 3608 1954">
     <span class='ocr_line' id='line_1_62' title="bbox 2026 1883 3608 1954; baseline 0 -16"><span class='ocrx_word' id='word_1_517' title='bbox 2026 1886 2242 1954; x_wconf 82' lang='lat' dir='ltr'><strong>gatione</strong></span> <span class='ocrx_word' id='word_1_518' title='bbox 2271 1898 2391 1954; x_wconf 73' lang='lat' dir='ltr'><strong>qua:</strong></span> <span class='ocrx_word' id='word_1_519' title='bbox 2427 1897 2524 1954; x_wconf 87' lang='lat' dir='ltr'><strong>per</strong></span> <span class='ocrx_word' id='word_1_520' title='bbox 2569 1899 2786 1954; x_wconf 63' lang='lat' dir='ltr'><strong>poenam</strong></span> <span class='ocrx_word' id='word_1_521' title='bbox 2837 1883 2977 1953; x_wconf 87' lang='lat' dir='ltr'><strong>ignis</strong></span> <span class='ocrx_word' id='word_1_522' title='bbox 3025 1884 3350 1951; x_wconf 86' lang='lat' dir='ltr'><strong>adhibetur,</strong></span> <span class='ocrx_word' id='word_1_523' title='bbox 3387 1885 3608 1953; x_wconf 86' lang='lat' dir='ltr'><strong>quantis</strong></span> 
     </span>
    </p>
   </div>
   <div class='ocr_carea' id='block_1_63' title="bbox 2027 1973 3609 2046">
    <p class='ocr_par' dir='ltr' id='par_1_63' title="bbox 2027 1973 3609 2046">
     <span class='ocr_line' id='line_1_63' title="bbox 2027 1973 3609 2046; baseline 0.003 -20"><span class='ocrx_word' id='word_1_524' title='bbox 2027 1973 2382 2044; x_wconf 81' lang='lat' dir='ltr'><strong>temporibus,</strong></span> <span class='ocrx_word' id='word_1_525' title='bbox 2417 1975 2701 2043; x_wconf 87' lang='lat' dir='ltr'><strong>quantisve</strong></span> <span class='ocrx_word' id='word_1_526' title='bbox 2749 1975 2963 2031; x_wconf 69' lang='lat' dir='ltr'><strong>smculis</strong></span> <span class='ocrx_word' id='word_1_527' title='bbox 2991 1975 3058 2031; x_wconf 89' lang='lat' dir='ltr'><strong>de</strong></span> <span class='ocrx_word' id='word_1_528' title='bbox 3096 1978 3478 2046; x_wconf 89' lang='lat' dir='ltr'><strong>peccatoribus</strong></span> <span class='ocrx_word' id='word_1_529' title='bbox 3510 1994 3609 2031; x_wconf 79' lang='lat' dir='ltr'><strong>cx-</strong></span> 
     </span>
    </p>
   </div>
   <div class='ocr_carea' id='block_1_64' title="bbox 2026 2066 3607 2138">
    <p class='ocr_par' dir='ltr' id='par_1_64' title="bbox 2026 2066 3607 2138">
     <span class='ocr_line' id='line_1_64' title="bbox 2026 2066 3607 2138; baseline 0.003 -19"><span class='ocrx_word' id='word_1_530' title='bbox 2026 2066 2204 2136; x_wconf 82' lang='lat' dir='ltr'><strong>igatur</strong></span> <span class='ocrx_word' id='word_1_531' title='bbox 2232 2066 2345 2137; x_wconf 96' lang='lat' dir='ltr'><strong>(I7)</strong></span> <span class='ocrx_word' id='word_1_532' title='bbox 2371 2067 2670 2131; x_wconf 87' lang='lat' dir='ltr'><strong>cruciatus,</strong></span> <span class='ocrx_word' id='word_1_533' title='bbox 2699 2067 2846 2121; x_wconf 88' lang='lat' dir='ltr'><strong>solus</strong></span> <span class='ocrx_word' id='word_1_534' title='bbox 2867 2068 3009 2123; x_wconf 90' lang='lat' dir='ltr'><strong>scire</strong></span> <span class='ocrx_word' id='word_1_535' title='bbox 3037 2080 3214 2138; x_wconf 81' lang='lat' dir='ltr'><strong>petest</strong></span> <span class='ocrx_word' id='word_1_536' title='bbox 3237 2068 3326 2123; x_wconf 90' lang='lat' dir='ltr'><strong>ille</strong></span> <span class='ocrx_word' id='word_1_537' title='bbox 3351 2069 3436 2124; x_wconf 87' lang='lat' dir='ltr'><strong>cui</strong></span> <span class='ocrx_word' id='word_1_538' title='bbox 3461 2087 3479 2120; x_wconf 83' lang='lat' dir='ltr'><strong>t</strong></span> <span class='ocrx_word' id='word_1_539' title='bbox 3507 2067 3607 2123; x_wconf 77' lang='lat' dir='ltr'><strong>Ps-</strong></span> 
     </span>
    </p>
   </div>
   <div class='ocr_carea' id='block_1_65' title="bbox 2025 2158 3607 2231">
    <p class='ocr_par' dir='ltr' id='par_1_65' title="bbox 2025 2158 3607 2231">
     <span class='ocr_line' id='line_1_65' title="bbox 2025 2158 3607 2231; baseline 0.002 -18"><span class='ocrx_word' id='word_1_540' title='bbox 2025 2165 2112 2214; x_wconf 89' lang='lat' dir='ltr'><strong>ter</strong></span> <span class='ocrx_word' id='word_1_541' title='bbox 2145 2174 2308 2214; x_wconf 89' lang='lat' dir='ltr'><strong>omne</strong></span> <span class='ocrx_word' id='word_1_542' title='bbox 2330 2158 2595 2226; x_wconf 91' lang='lat' dir='ltr'><strong>judicium</strong></span> <span class='ocrx_word' id='word_1_543' title='bbox 2627 2159 2933 2225; x_wconf 72' lang='lat' dir='ltr'><strong>tradidit&quot;,</strong></span> <span class='ocrx_word' id='word_1_544' title='bbox 2979 2179 2996 2211; x_wconf 83' lang='grc' dir='ltr'><strong>ι</strong></span> <span class='ocrx_word' id='word_1_545' title='bbox 3029 2161 3116 2229; x_wconf 92' lang='lat' dir='ltr'><strong>qui</strong></span> <span class='ocrx_word' id='word_1_546' title='bbox 3149 2161 3220 2215; x_wconf 89' lang='lat' dir='ltr'><strong>ita</strong></span> <span class='ocrx_word' id='word_1_547' title='bbox 3255 2161 3426 2231; x_wconf 88' lang='lat' dir='ltr'><strong>diligit</strong></span> <span class='ocrx_word' id='word_1_548' title='bbox 3450 2175 3607 2216; x_wconf 55' lang='lat' dir='ltr'><strong>crea¢</strong></span> 
     </span>
    </p>
   </div>
   <div class='ocr_carea' id='block_1_66' title="bbox 2024 2251 3606 2320">
    <p class='ocr_par' dir='ltr' id='par_1_66' title="bbox 2024 2251 3606 2320">
     <span class='ocr_line' id='line_1_66' title="bbox 2024 2251 3606 2320; baseline 0.002 -16"><span class='ocrx_word' id='word_1_549' title='bbox 2024 2259 2199 2305; x_wconf 91' lang='lat' dir='ltr'><strong>turam</strong></span> <span class='ocrx_word' id='word_1_550' title='bbox 2228 2265 2406 2313; x_wconf 88' lang='lat' dir='ltr'><strong>suam,</strong></span> <span class='ocrx_word' id='word_1_551' title='bbox 2437 2259 2494 2303; x_wconf 94' lang='lat' dir='ltr'><strong>ut</strong></span> <span class='ocrx_word' id='word_1_552' title='bbox 2534 2264 2633 2319; x_wconf 92' lang='lat' dir='ltr'><strong>pro</strong></span> <span class='ocrx_word' id='word_1_553' title='bbox 2660 2251 2770 2320; x_wconf 87' lang='lat' dir='ltr'><strong>ipsa</strong></span> <span class='ocrx_word' id='word_1_554' title='bbox 2796 2252 3138 2305; x_wconf 84' lang='lat' dir='ltr'><strong>evacuaverit</strong></span> <span class='ocrx_word' id='word_1_555' title='bbox 3159 2253 3503 2320; x_wconf 84' lang='lat' dir='ltr'><strong>semetipsum</strong></span> <span class='ocrx_word' id='word_1_556' title='bbox 3538 2253 3606 2307; x_wconf 87' lang='lat' dir='ltr'><strong>de</strong></span> 
     </span>
    </p>
   </div>
   <div class='ocr_carea' id='block_1_67' title="bbox 2026 2339 3604 2410">
    <p class='ocr_par' dir='ltr' id='par_1_67' title="bbox 2026 2339 3604 2410">
     <span class='ocr_line' id='line_1_67' title="bbox 2026 2339 3604 2410; baseline 0.002 -17"><span class='ocrx_word' id='word_1_557' title='bbox 2026 2339 2117 2394; x_wconf 86' lang='lat' dir='ltr'><strong>Dei</strong></span> <span class='ocrx_word' id='word_1_558' title='bbox 2153 2339 2351 2404; x_wconf 82' lang='lat' dir='ltr'><strong>forma,</strong></span> <span class='ocrx_word' id='word_1_559' title='bbox 2389 2349 2446 2393; x_wconf 93' lang='lat' dir='ltr'><strong>et</strong></span> <span class='ocrx_word' id='word_1_560' title='bbox 2484 2341 2627 2410; x_wconf 82' lang='lat' dir='ltr'><strong>servi</strong></span> <span class='ocrx_word' id='word_1_561' title='bbox 2676 2340 2900 2394; x_wconf 87' lang='lat' dir='ltr'><strong>fortnam</strong></span> <span class='ocrx_word' id='word_1_562' title='bbox 2945 2342 3265 2410; x_wconf 88' lang='lat' dir='ltr'><strong>susceperit,</strong></span> <span class='ocrx_word' id='word_1_563' title='bbox 3310 2343 3604 2397; x_wconf 87' lang='lat' dir='ltr'><strong>lutmilians</strong></span> 
     </span>
    </p>
   </div>
   <div class='ocr_carea' id='block_1_68' title="bbox 2021 2431 3605 2502">
    <p class='ocr_par' dir='ltr' id='par_1_68' title="bbox 2021 2431 3605 2502">
     <span class='ocr_line' id='line_1_68' title="bbox 2021 2431 3605 2502; baseline 0.003 -16"><span class='ocrx_word' id='word_1_564' title='bbox 2021 2431 2370 2502; x_wconf 86' lang='lat' dir='ltr'><strong>semetipsum</strong></span> <span class='ocrx_word' id='word_1_565' title='bbox 2422 2446 2594 2501; x_wconf 87' lang='lat' dir='ltr'><strong>usque</strong></span> <span class='ocrx_word' id='word_1_566' title='bbox 2630 2432 2694 2485; x_wconf 87' lang='lat' dir='ltr'><strong>ad</strong></span> <span class='ocrx_word' id='word_1_567' title='bbox 2743 2441 2965 2486; x_wconf 90' lang='lat' dir='ltr'><strong>mortem</strong></span> <span class='ocrx_word' id='word_1_568' title='bbox 2997 2432 3043 2464; x_wconf 81' lang='grc'>⁸³</span> <span class='ocrx_word' id='word_1_569' title='bbox 3066 2471 3082 2496; x_wconf 82' lang='grc'><strong>.</strong></span> <span class='ocrx_word' id='word_1_570' title='bbox 3112 2433 3298 2488; x_wconf 88' lang='lat' dir='ltr'><strong>volens</strong></span> <span class='ocrx_word' id='word_1_571' title='bbox 3351 2451 3370 2485; x_wconf 83' lang='grc' dir='ltr'><strong>ι</strong></span> <span class='ocrx_word' id='word_1_572' title='bbox 3413 2447 3605 2491; x_wconf 83' lang='lat' dir='ltr'><strong>omnes</strong></span> 
     </span>
    </p>
   </div>
   <div class='ocr_carea' id='block_1_69' title="bbox 2019 2524 3602 2595">
    <p class='ocr_par' dir='ltr' id='par_1_69' title="bbox 2019 2524 3602 2595">
     <span class='ocr_line' id='line_1_69' title="bbox 2019 2524 3602 2595; baseline 0.001 -15"><span class='ocrx_word' id='word_1_573' title='bbox 2019 2526 2267 2582; x_wconf 82' lang='lat' dir='ltr'><strong>homines</strong></span> <span class='ocrx_word' id='word_1_574' title='bbox 2290 2525 2468 2580; x_wconf 88' lang='lat' dir='ltr'><strong>salvos</strong></span> <span class='ocrx_word' id='word_1_575' title='bbox 2503 2524 2641 2587; x_wconf 86' lang='lat' dir='ltr'><strong>tieri,</strong></span> <span class='ocrx_word' id='word_1_576' title='bbox 2672 2533 2726 2580; x_wconf 91' lang='lat' dir='ltr'><strong>et</strong></span> <span class='ocrx_word' id='word_1_577' title='bbox 2761 2524 2811 2578; x_wconf 91' lang='lat' dir='ltr'><strong>in</strong></span> <span class='ocrx_word' id='word_1_578' title='bbox 2861 2524 3191 2595; x_wconf 88' lang='lat' dir='ltr'><strong>agnitionem</strong></span> <span class='ocrx_word' id='word_1_579' title='bbox 3228 2527 3473 2581; x_wconf 83' lang='lat' dir='ltr'><strong>veritatis</strong></span> <span class='ocrx_word' id='word_1_580' title='bbox 3505 2541 3602 2582; x_wconf 82' lang='lat' dir='ltr'><strong>ve-</strong></span> 
     </span>
    </p>
   </div>
   <div class='ocr_carea' id='block_1_70' title="bbox 2021 2617 3598 2690">
    <p class='ocr_par' dir='ltr' id='par_1_70' title="bbox 2021 2617 3598 2690">
     <span class='ocr_line' id='line_1_70' title="bbox 2021 2617 3598 2690; baseline 0.003 -18"><span class='ocrx_word' id='word_1_581' title='bbox 2021 2619 2137 2674; x_wconf 88' lang='lat' dir='ltr'><strong>nire</strong></span> <span class='ocrx_word' id='word_1_582' title='bbox 2159 2619 2227 2673; x_wconf 77' lang='lat'><strong>“.</strong></span> <span class='ocrx_word' id='word_1_583' title='bbox 2268 2636 2287 2670; x_wconf 87' lang='grc' dir='ltr'><strong>ι</strong></span> <span class='ocrx_word' id='word_1_584' title='bbox 2313 2617 2698 2674; x_wconf 85' lang='lat' dir='ltr'><strong>Verumtamen</strong></span> <span class='ocrx_word' id='word_1_585' title='bbox 2730 2618 3039 2673; x_wconf 87' lang='lat' dir='ltr'><strong>meminisse</strong></span> <span class='ocrx_word' id='word_1_586' title='bbox 3081 2633 3296 2688; x_wconf 86' lang='lat' dir='ltr'><strong>semper</strong></span> <span class='ocrx_word' id='word_1_587' title='bbox 3317 2620 3598 2690; x_wconf 86' lang='lat' dir='ltr'><strong>debemus,</strong></span> 
     </span>
    </p>
   </div>
   <div class='ocr_carea' id='block_1_71' title="bbox 2019 2710 3599 2784">
    <p class='ocr_par' dir='ltr' id='par_1_71' title="bbox 2019 2710 3599 2784">
     <span class='ocr_line' id='line_1_71' title="bbox 2019 2710 3599 2784; baseline 0.005 -23"><span class='ocrx_word' id='word_1_588' title='bbox 2019 2710 2160 2777; x_wconf 86' lang='lat' dir='ltr'><strong>quod</strong></span> <span class='ocrx_word' id='word_1_589' title='bbox 2192 2718 2514 2779; x_wconf 69' lang='lat' dir='ltr'><strong>praesentem</strong></span> <span class='ocrx_word' id='word_1_590' title='bbox 2550 2711 2726 2766; x_wconf 91' lang='lat' dir='ltr'><strong>locum</strong></span> <span class='ocrx_word' id='word_1_591' title='bbox 2774 2712 3066 2780; x_wconf 87' lang='lat' dir='ltr'><strong>Apostolus</strong></span> <span class='ocrx_word' id='word_1_592' title='bbox 3097 2713 3248 2782; x_wconf 87' lang='lat' dir='ltr'><strong>quasi</strong></span> <span class='ocrx_word' id='word_1_593' title='bbox 3284 2714 3599 2784; x_wconf 84' lang='lat' dir='ltr'><strong>mysterium</strong></span> 
     </span>
    </p>
   </div>
   <div class='ocr_carea' id='block_1_72' title="bbox 2017 2801 3599 2873">
    <p class='ocr_par' dir='ltr' id='par_1_72' title="bbox 2017 2801 3599 2873">
     <span class='ocr_line' id='line_1_72' title="bbox 2017 2801 3599 2873; baseline 0.003 -17"><span class='ocrx_word' id='word_1_594' title='bbox 2017 2802 2207 2856; x_wconf 85' lang='lat' dir='ltr'><strong>ltaberi</strong></span> <span class='ocrx_word' id='word_1_595' title='bbox 2231 2803 2394 2856; x_wconf 89' lang='lat' dir='ltr'><strong>voluit</strong></span> <span class='ocrx_word' id='word_1_596' title='bbox 2417 2801 2550 2873; x_wconf 86' lang='grc'><strong>(18),</strong></span> <span class='ocrx_word' id='word_1_597' title='bbox 2593 2817 2700 2872; x_wconf 88' lang='lat' dir='ltr'><strong>quo</strong></span> <span class='ocrx_word' id='word_1_598' title='bbox 2731 2803 2938 2858; x_wconf 86' lang='lat' dir='ltr'><strong>scilicet</strong></span> <span class='ocrx_word' id='word_1_599' title='bbox 2979 2805 3280 2872; x_wconf 90' lang='lat' dir='ltr'><strong>Itujnsmodi</strong></span> <span class='ocrx_word' id='word_1_600' title='bbox 3313 2807 3599 2861; x_wconf 81' lang='lat' dir='ltr'><strong>seusus‘Ii-</strong></span> 
     </span>
    </p>
   </div>
   <div class='ocr_carea' id='block_1_73' title="bbox 2016 2891 3599 2968">
    <p class='ocr_par' dir='ltr' id='par_1_73' title="bbox 2016 2891 3599 2968">
     <span class='ocr_line' id='line_1_73' title="bbox 2016 2891 3599 2968; baseline 0.004 -23"><span class='ocrx_word' id='word_1_601' title='bbox 2016 2891 2164 2947; x_wconf 89' lang='lat' dir='ltr'><strong>deles</strong></span> <span class='ocrx_word' id='word_1_602' title='bbox 2198 2895 2400 2960; x_wconf 87' lang='lat' dir='ltr'><strong>quique</strong></span> <span class='ocrx_word' id='word_1_603' title='bbox 2426 2902 2479 2946; x_wconf 91' lang='lat' dir='ltr'><strong>et</strong></span> <span class='ocrx_word' id='word_1_604' title='bbox 2509 2893 2735 2961; x_wconf 90' lang='lat' dir='ltr'><strong>perfecti</strong></span> <span class='ocrx_word' id='word_1_605' title='bbox 2776 2893 2916 2948; x_wconf 90' lang='lat' dir='ltr'><strong>intra</strong></span> <span class='ocrx_word' id='word_1_606' title='bbox 2964 2895 3285 2965; x_wconf 87' lang='lat' dir='ltr'><strong>semetipsos</strong></span> <span class='ocrx_word' id='word_1_607' title='bbox 3314 2896 3459 2950; x_wconf 92' lang='lat' dir='ltr'><strong>velut</strong></span> <span class='ocrx_word' id='word_1_608' title='bbox 3482 2911 3599 2968; x_wconf 74' lang='lat' dir='ltr'><strong>my-</strong></span> 
     </span>
    </p>
   </div>
   <div class='ocr_carea' id='block_1_74' title="bbox 2015 2981 3602 3053">
    <p class='ocr_par' dir='ltr' id='par_1_74' title="bbox 2015 2981 3602 3053">
     <span class='ocr_line' id='line_1_74' title="bbox 2015 2981 3602 3053; baseline 0.004 -18"><span class='ocrx_word' id='word_1_609' title='bbox 2015 2982 2238 3036; x_wconf 89' lang='lat' dir='ltr'><strong>sterimn</strong></span> <span class='ocrx_word' id='word_1_610' title='bbox 2271 2982 2360 3036; x_wconf 90' lang='lat' dir='ltr'><strong>Dei</strong></span> <span class='ocrx_word' id='word_1_611' title='bbox 2396 2981 2614 3036; x_wconf 88' lang='lat' dir='ltr'><strong>silentio</strong></span> <span class='ocrx_word' id='word_1_612' title='bbox 2645 2992 2865 3052; x_wconf 82' lang='lat' dir='ltr'><strong>tegant,</strong></span> <span class='ocrx_word' id='word_1_613' title='bbox 2902 2998 3001 3040; x_wconf 90' lang='lat' dir='ltr'><strong>nec</strong></span> <span class='ocrx_word' id='word_1_614' title='bbox 3040 2986 3238 3053; x_wconf 88' lang='lat' dir='ltr'><strong>passim</strong></span> <span class='ocrx_word' id='word_1_615' title='bbox 3271 2987 3602 3053; x_wconf 79' lang='lat' dir='ltr'><strong>imperfectis</strong></span> 
     </span>
    </p>
   </div>
   <div class='ocr_carea' id='block_1_75' title="bbox 2015 3073 3598 3149">
    <p class='ocr_par' dir='ltr' id='par_1_75' title="bbox 2015 3073 3598 3149">
     <span class='ocr_line' id='line_1_75' title="bbox 2015 3073 3598 3149; baseline 0.006 -25"><span class='ocrx_word' id='word_1_616' title='bbox 2015 3082 2072 3125; x_wconf 89' lang='lat' dir='ltr'><strong>et</strong></span> <span class='ocrx_word' id='word_1_617' title='bbox 2120 3073 2298 3127; x_wconf 90' lang='lat' dir='ltr'><strong>minus</strong></span> <span class='ocrx_word' id='word_1_618' title='bbox 2343 3075 2636 3144; x_wconf 78' lang='lat' dir='ltr'><strong>capacibus</strong></span> <span class='ocrx_word' id='word_1_619' title='bbox 2687 3074 2982 3144; x_wconf 87' lang='lat' dir='ltr'><strong>proferant.</strong></span> <span class='ocrx_word' id='word_1_620' title='bbox 3033 3094 3050 3128; x_wconf 83' lang='grc' dir='ltr'><strong>ι</strong></span> <span class='ocrx_word' id='word_1_621' title='bbox 3086 3076 3410 3149; x_wconf 85' lang='lat' dir='ltr'><strong>‘Mysterium</strong></span> <span class='ocrx_word' id='word_1_622' title='bbox 3453 3080 3598 3134; x_wconf 88' lang='lat' dir='ltr'><strong>enim</strong></span> 
     </span>
    </p>
   </div>
   <div class='ocr_carea' id='block_1_76' title="bbox 2020 3164 3454 3237">
    <p class='ocr_par' dir='ltr' id='par_1_76' title="bbox 2020 3164 3454 3237">
     <span class='ocr_line' id='line_1_76' title="bbox 2020 3164 3454 3237; baseline 0.003 -19"><span class='ocrx_word' id='word_1_623' title='bbox 2020 3164 2183 3235; x_wconf 86' lang='lat' dir='ltr'><strong>regis,</strong></span> <span class='ocrx_word' id='word_1_624' title='bbox 2214 3184 2232 3216; x_wconf 84' lang='grc' dir='ltr'><strong>ι</strong></span> <span class='ocrx_word' id='word_1_625' title='bbox 2269 3165 2346 3219; x_wconf 89' lang='lat' dir='ltr'><strong>ait</strong></span> <span class='ocrx_word' id='word_1_626' title='bbox 2375 3165 2657 3237; x_wconf 88' lang='lat' dir='ltr'><strong>Scriptura</strong></span> <span class='ocrx_word' id='word_1_627' title='bbox 2687 3168 2757 3232; x_wconf 82' lang='lat'><strong>&quot;&#39;,</strong></span> <span class='ocrx_word' id='word_1_628' title='bbox 2797 3187 2815 3220; x_wconf 76' lang='grc' dir='ltr'><strong>ι</strong></span> <span class='ocrx_word' id='word_1_629' title='bbox 2856 3169 3036 3224; x_wconf 89' lang='lat' dir='ltr'><strong>celare</strong></span> <span class='ocrx_word' id='word_1_630' title='bbox 3064 3170 3262 3224; x_wconf 90' lang='lat' dir='ltr'><strong>bonum</strong></span> <span class='ocrx_word' id='word_1_631' title='bbox 3296 3179 3400 3225; x_wconf 83' lang='lat' dir='ltr'><strong>est.</strong></span> <span class='ocrx_word' id='word_1_632' title='bbox 3435 3190 3454 3222; x_wconf 77' lang='grc' dir='ltr'><strong>ι</strong></span> 
     </span>
    </p>
   </div>
   <div class='ocr_carea' id='block_1_77' title="bbox 2086 3257 3600 3332">
    <p class='ocr_par' dir='ltr' id='par_1_77' title="bbox 2086 3257 3600 3332">
     <span class='ocr_line' id='line_1_77' title="bbox 2086 3257 3600 3332; baseline 0.005 -22"><span class='ocrx_word' id='word_1_633' title='bbox 2086 3257 2172 3310; x_wconf 80' lang='grc'><strong>15.</strong></span> <span class='ocrx_word' id='word_1_634' title='bbox 2223 3275 2242 3308; x_wconf 78' lang='grc' dir='ltr'><strong>ι</strong></span> <span class='ocrx_word' id='word_1_635' title='bbox 2299 3257 2613 3314; x_wconf 88' lang='lat' dir='ltr'><strong>Secundum</strong></span> <span class='ocrx_word' id='word_1_636' title='bbox 2687 3260 3038 3332; x_wconf 84' lang='lat' dir='ltr'><strong>Evangelium</strong></span> <span class='ocrx_word' id='word_1_637' title='bbox 3098 3260 3318 3331; x_wconf 86' lang='lat' dir='ltr'><strong>quidem</strong></span> <span class='ocrx_word' id='word_1_638' title='bbox 3392 3261 3600 3317; x_wconf 89' lang='lat' dir='ltr'><strong>inimici</strong></span> 
     </span>
    </p>
   </div>
   <div class='ocr_carea' id='block_1_78' title="bbox 2007 3345 3604 3414">
    <p class='ocr_par' dir='ltr' id='par_1_78' title="bbox 2007 3345 3604 3414">
     <span class='ocr_line' id='line_1_78' title="bbox 2007 3345 3604 3414; baseline 0.005 -17"><span class='ocrx_word' id='word_1_639' title='bbox 2007 3352 2240 3414; x_wconf 62' lang='lat' dir='ltr'><strong>«propter</strong></span> <span class='ocrx_word' id='word_1_640' title='bbox 2262 3358 2360 3398; x_wconf 89' lang='lat' dir='ltr'><strong>vos</strong></span> <span class='ocrx_word' id='word_1_641' title='bbox 2387 3360 2399 3396; x_wconf 93' lang='lat'>:</span> <span class='ocrx_word' id='word_1_642' title='bbox 2429 3345 2727 3400; x_wconf 91' lang='lat' dir='ltr'><strong>secundum</strong></span> <span class='ocrx_word' id='word_1_643' title='bbox 2751 3346 3071 3402; x_wconf 84' lang='lat' dir='ltr'><strong>electionem</strong></span> <span class='ocrx_word' id='word_1_644' title='bbox 3096 3359 3276 3402; x_wconf 88' lang='lat' dir='ltr'><strong>autem</strong></span> <span class='ocrx_word' id='word_1_645' title='bbox 3298 3347 3604 3406; x_wconf 87' lang='lat' dir='ltr'><strong>charissimi</strong></span> 
     </span>
    </p>
   </div>
   <div class='ocr_carea' id='block_1_79' title="bbox 2021 3436 3606 3507">
    <p class='ocr_par' dir='ltr' id='par_1_79' title="bbox 2021 3436 3606 3507">
     <span class='ocr_line' id='line_1_79' title="bbox 2021 3436 3606 3507; baseline 0.004 -19"><span class='ocrx_word' id='word_1_646' title='bbox 2021 3443 2246 3506; x_wconf 88' lang='lat' dir='ltr'><strong>propter</strong></span> <span class='ocrx_word' id='word_1_647' title='bbox 2290 3445 2496 3506; x_wconf 89' lang='lat' dir='ltr'><strong>patres.</strong></span> <span class='ocrx_word' id='word_1_648' title='bbox 2549 3436 2678 3492; x_wconf 91' lang='lat' dir='ltr'><strong>Sine</strong></span> <span class='ocrx_word' id='word_1_649' title='bbox 2732 3437 3051 3507; x_wconf 73' lang='lat' dir='ltr'><strong>poenitentia</strong></span> <span class='ocrx_word' id='word_1_650' title='bbox 3104 3439 3250 3492; x_wconf 91' lang='lat' dir='ltr'><strong>enim</strong></span> <span class='ocrx_word' id='word_1_651' title='bbox 3299 3450 3428 3496; x_wconf 90' lang='lat' dir='ltr'><strong>sunt</strong></span> <span class='ocrx_word' id='word_1_652' title='bbox 3464 3440 3606 3495; x_wconf 89' lang='lat' dir='ltr'><strong>dona</strong></span> 
     </span>
    </p>
   </div>
   <div class='ocr_carea' id='block_1_80' title="bbox 2007 3527 3608 3632">
    <p class='ocr_par' dir='ltr' id='par_1_80' title="bbox 2007 3527 3608 3632">
     <span class='ocr_line' id='line_1_80' title="bbox 2007 3527 3608 3632; baseline 0.004 -50"><span class='ocrx_word' id='word_1_653' title='bbox 2007 3527 2076 3632; x_wconf 56' lang='lat' dir='ltr'><strong>iet</strong></span> <span class='ocrx_word' id='word_1_654' title='bbox 2112 3530 2327 3583; x_wconf 88' lang='lat' dir='ltr'><strong>vocatio</strong></span> <span class='ocrx_word' id='word_1_655' title='bbox 2364 3530 2480 3592; x_wconf 87' lang='lat' dir='ltr'><strong>Dei,</strong></span> <span class='ocrx_word' id='word_1_656' title='bbox 2507 3529 2659 3584; x_wconf 89' lang='lat' dir='ltr'><strong>Sicut</strong></span> <span class='ocrx_word' id='word_1_657' title='bbox 2697 3532 2843 3585; x_wconf 90' lang='lat' dir='ltr'><strong>enim</strong></span> <span class='ocrx_word' id='word_1_658' title='bbox 2880 3547 2976 3586; x_wconf 84' lang='lat' dir='ltr'><strong>vos</strong></span> <span class='ocrx_word' id='word_1_659' title='bbox 3012 3531 3304 3601; x_wconf 88' lang='lat' dir='ltr'><strong>aliquando</strong></span> <span class='ocrx_word' id='word_1_660' title='bbox 3343 3549 3452 3587; x_wconf 89' lang='lat' dir='ltr'><strong>non</strong></span> <span class='ocrx_word' id='word_1_661' title='bbox 3491 3549 3608 3588; x_wconf 88' lang='lat' dir='ltr'><strong>cre-</strong></span> 
     </span>
    </p>
   </div>
   <div class='ocr_carea' id='block_1_81' title="bbox 2008 3618 3605 3691">
    <p class='ocr_par' dir='ltr' id='par_1_81' title="bbox 2008 3618 3605 3691">
     <span class='ocr_line' id='line_1_81' title="bbox 2008 3618 3605 3691; baseline 0.003 -17"><span class='ocrx_word' id='word_1_662' title='bbox 2008 3618 2234 3690; x_wconf 60' lang='lat' dir='ltr'><strong>fdidistis</strong></span> <span class='ocrx_word' id='word_1_663' title='bbox 2273 3620 2406 3680; x_wconf 85' lang='lat' dir='ltr'><strong>Deo,</strong></span> <span class='ocrx_word' id='word_1_664' title='bbox 2425 3635 2572 3672; x_wconf 90' lang='lat' dir='ltr'><strong>nunc</strong></span> <span class='ocrx_word' id='word_1_665' title='bbox 2611 3630 2792 3674; x_wconf 89' lang='lat' dir='ltr'><strong>autem</strong></span> <span class='ocrx_word' id='word_1_666' title='bbox 2823 3620 2982 3691; x_wconf 68' lang='grc'><strong>641</strong></span> <span class='ocrx_word' id='word_1_667' title='bbox 3018 3619 3440 3676; x_wconf 89' lang='lat' dir='ltr'><strong>misericordiam</strong></span> <span class='ocrx_word' id='word_1_668' title='bbox 3472 3639 3605 3678; x_wconf 91' lang='lat' dir='ltr'><strong>con-</strong></span> 
     </span>
    </p>
   </div>
   <div class='ocr_carea' id='block_1_82' title="bbox 2008 3693 3603 3781">
    <p class='ocr_par' dir='ltr' id='par_1_82' title="bbox 2008 3693 3603 3781">
     <span class='ocr_line' id='line_1_82' title="bbox 2008 3693 3603 3781; baseline 0.003 -16"><span class='ocrx_word' id='word_1_669' title='bbox 2008 3693 2194 3765; x_wconf 29' lang='lat' dir='ltr'><strong>‘secuti</strong></span> <span class='ocrx_word' id='word_1_670' title='bbox 2237 3711 2370 3765; x_wconf 88' lang='lat' dir='ltr'><strong>estis</strong></span> <span class='ocrx_word' id='word_1_671' title='bbox 2425 3720 2648 3780; x_wconf 87' lang='lat' dir='ltr'><strong>propter</strong></span> <span class='ocrx_word' id='word_1_672' title='bbox 2702 3712 2943 3781; x_wconf 90' lang='lat' dir='ltr'><strong>ipsorum</strong></span> <span class='ocrx_word' id='word_1_673' title='bbox 2999 3711 3431 3768; x_wconf 85' lang='lat' dir='ltr'><strong>incredulitatem</strong></span> <span class='ocrx_word' id='word_1_674' title='bbox 3476 3731 3488 3767; x_wconf 93' lang='lat'><strong>:</strong></span> <span class='ocrx_word' id='word_1_675' title='bbox 3531 3715 3603 3769; x_wconf 86' lang='lat' dir='ltr'><strong>ita</strong></span> 
     </span>
    </p>
   </div>
   <div class='ocr_carea' id='block_1_83' title="bbox 2020 3800 3605 3869">
    <p class='ocr_par' dir='ltr' id='par_1_83' title="bbox 2020 3800 3605 3869">
     <span class='ocr_line' id='line_1_83' title="bbox 2020 3800 3605 3869; baseline 0.004 -13"><span class='ocrx_word' id='word_1_676' title='bbox 2020 3808 2076 3856; x_wconf 90' lang='lat' dir='ltr'><strong>et</strong></span> <span class='ocrx_word' id='word_1_677' title='bbox 2115 3800 2203 3856; x_wconf 88' lang='lat' dir='ltr'><strong>isti</strong></span> <span class='ocrx_word' id='word_1_678' title='bbox 2243 3816 2390 3855; x_wconf 90' lang='lat' dir='ltr'><strong>nunc</strong></span> <span class='ocrx_word' id='word_1_679' title='bbox 2427 3800 2776 3855; x_wconf 87' lang='lat' dir='ltr'><strong>crediderunt</strong></span> <span class='ocrx_word' id='word_1_680' title='bbox 2814 3801 2867 3854; x_wconf 92' lang='lat' dir='ltr'><strong>in</strong></span> <span class='ocrx_word' id='word_1_681' title='bbox 2908 3802 3072 3856; x_wconf 83' lang='lat' dir='ltr'><strong>vestri</strong></span> <span class='ocrx_word' id='word_1_682' title='bbox 3113 3803 3500 3869; x_wconf 88' lang='lat' dir='ltr'><strong>misericordia,</strong></span> <span class='ocrx_word' id='word_1_683' title='bbox 3543 3819 3605 3862; x_wconf 86' lang='lat' dir='ltr'><strong>ut</strong></span> 
     </span>
    </p>
   </div>
   <div class='ocr_carea' id='block_1_84' title="bbox 2019 3891 3604 3965">
    <p class='ocr_par' dir='ltr' id='par_1_84' title="bbox 2019 3891 3604 3965">
     <span class='ocr_line' id='line_1_84' title="bbox 2019 3891 3604 3965; baseline 0.004 -18"><span class='ocrx_word' id='word_1_684' title='bbox 2019 3900 2074 3947; x_wconf 89' lang='lat' dir='ltr'><strong>et</strong></span> <span class='ocrx_word' id='word_1_685' title='bbox 2139 3891 2241 3962; x_wconf 89' lang='lat' dir='ltr'><strong>ipsi</strong></span> <span class='ocrx_word' id='word_1_686' title='bbox 2300 3893 2728 3948; x_wconf 90' lang='lat' dir='ltr'><strong>miscricordiam</strong></span> <span class='ocrx_word' id='word_1_687' title='bbox 2797 3905 3200 3965; x_wconf 88' lang='lat' dir='ltr'><strong>consequantur</strong></span> <span class='ocrx_word' id='word_1_688' title='bbox 3261 3916 3272 3950; x_wconf 91' lang='lat'><strong>:</strong></span> <span class='ocrx_word' id='word_1_689' title='bbox 3335 3898 3604 3953; x_wconf 88' lang='lat' dir='ltr'><strong>conclusit</strong></span> 
     </span>
    </p>
   </div>
   <div class='ocr_carea' id='block_1_85' title="bbox 2019 3983 3606 4053">
    <p class='ocr_par' dir='ltr' id='par_1_85' title="bbox 2019 3983 3606 4053">
     <span class='ocr_line' id='line_1_85' title="bbox 2019 3983 3606 4053; baseline 0.006 -17"><span class='ocrx_word' id='word_1_690' title='bbox 2019 3983 2164 4036; x_wconf 91' lang='lat' dir='ltr'><strong>enim</strong></span> <span class='ocrx_word' id='word_1_691' title='bbox 2197 3983 2341 4037; x_wconf 88' lang='lat' dir='ltr'><strong>Deus</strong></span> <span class='ocrx_word' id='word_1_692' title='bbox 2375 3999 2565 4038; x_wconf 89' lang='lat' dir='ltr'><strong>omnes</strong></span> <span class='ocrx_word' id='word_1_693' title='bbox 2605 3985 2656 4038; x_wconf 92' lang='lat' dir='ltr'><strong>in</strong></span> <span class='ocrx_word' id='word_1_694' title='bbox 2699 3985 3096 4053; x_wconf 87' lang='lat' dir='ltr'><strong>incredulitate,</strong></span> <span class='ocrx_word' id='word_1_695' title='bbox 3129 3998 3189 4043; x_wconf 91' lang='lat' dir='ltr'><strong>ut</strong></span> <span class='ocrx_word' id='word_1_696' title='bbox 3225 3989 3479 4045; x_wconf 90' lang='lat' dir='ltr'><strong>omnibus</strong></span> <span class='ocrx_word' id='word_1_697' title='bbox 3507 3992 3606 4046; x_wconf 86' lang='lat' dir='ltr'><strong>mi-</strong></span> 
     </span>
    </p>
   </div>
   <div class='ocr_carea' id='block_1_86' title="bbox 2019 4075 3616 4158">
    <p class='ocr_par' dir='ltr' id='par_1_86' title="bbox 2019 4075 3616 4158">
     <span class='ocr_line' id='line_1_86' title="bbox 2019 4075 3616 4158; baseline 0.006 -29"><span class='ocrx_word' id='word_1_698' title='bbox 2019 4083 2286 4129; x_wconf 87' lang='lat' dir='ltr'><strong>sereatur.</strong></span> <span class='ocrx_word' id='word_1_699' title='bbox 2319 4075 2363 4130; x_wconf 92' lang='lat'>0</span> <span class='ocrx_word' id='word_1_700' title='bbox 2401 4075 2629 4130; x_wconf 87' lang='lat' dir='ltr'><strong>altitudo</strong></span> <span class='ocrx_word' id='word_1_701' title='bbox 2665 4077 2976 4133; x_wconf 88' lang='lat' dir='ltr'><strong>divitiarum</strong></span> <span class='ocrx_word' id='word_1_702' title='bbox 3019 4079 3298 4150; x_wconf 71' lang='lat' dir='ltr'><strong>sapientiae</strong></span> <span class='ocrx_word' id='word_1_703' title='bbox 3335 4092 3389 4136; x_wconf 90' lang='lat' dir='ltr'><strong>et</strong></span> <span class='ocrx_word' id='word_1_704' title='bbox 3427 4082 3616 4158; x_wconf 57' lang='lat' dir='ltr'><strong>scien-§</strong></span> 
     </span>
    </p>
   </div>
   <div class='ocr_carea' id='block_1_87' title="bbox 2020 4165 3604 4244">
    <p class='ocr_par' dir='ltr' id='par_1_87' title="bbox 2020 4165 3604 4244">
     <span class='ocr_line' id='line_1_87' title="bbox 2020 4165 3604 4244; baseline 0.007 -23"><span class='ocrx_word' id='word_1_705' title='bbox 2020 4165 2109 4221; x_wconf 72' lang='lat' dir='ltr'><strong>tia:</strong></span> <span class='ocrx_word' id='word_1_706' title='bbox 2147 4165 2242 4221; x_wconf 91' lang='lat' dir='ltr'><strong>Dei</strong></span> <span class='ocrx_word' id='word_1_707' title='bbox 2287 4184 2298 4220; x_wconf 93' lang='lat'>:</span> <span class='ocrx_word' id='word_1_708' title='bbox 2340 4183 2500 4238; x_wconf 91' lang='lat' dir='ltr'><strong>quam</strong></span> <span class='ocrx_word' id='word_1_709' title='bbox 2543 4165 2912 4224; x_wconf 89' lang='lat' dir='ltr'><strong>inscrutabilia</strong></span> <span class='ocrx_word' id='word_1_710' title='bbox 2949 4179 3079 4227; x_wconf 89' lang='lat' dir='ltr'><strong>sunt</strong></span> <span class='ocrx_word' id='word_1_711' title='bbox 3112 4172 3315 4243; x_wconf 90' lang='lat' dir='ltr'><strong>judicia</strong></span> <span class='ocrx_word' id='word_1_712' title='bbox 3355 4173 3505 4244; x_wconf 89' lang='lat' dir='ltr'><strong>ejus,</strong></span> <span class='ocrx_word' id='word_1_713' title='bbox 3547 4187 3604 4232; x_wconf 87' lang='lat' dir='ltr'><strong>et</strong></span> 
     </span>
    </p>
   </div>
   <div class='ocr_carea' id='block_1_88' title="bbox 2023 4259 3603 4336">
    <p class='ocr_par' dir='ltr' id='par_1_88' title="bbox 2023 4259 3603 4336">
     <span class='ocr_line' id='line_1_88' title="bbox 2023 4259 3603 4336; baseline 0.006 -24"><span class='ocrx_word' id='word_1_714' title='bbox 2023 4259 2424 4332; x_wconf 89' lang='lat' dir='ltr'><strong>investigabiles</strong></span> <span class='ocrx_word' id='word_1_715' title='bbox 2472 4261 2571 4316; x_wconf 67' lang='lat' dir='ltr'><strong>vite</strong></span> <span class='ocrx_word' id='word_1_716' title='bbox 2608 4262 2757 4331; x_wconf 79' lang='lat' dir='ltr'><strong>eius!</strong></span> <span class='ocrx_word' id='word_1_717' title='bbox 2801 4261 2936 4329; x_wconf 87' lang='lat' dir='ltr'><strong>Quis</strong></span> <span class='ocrx_word' id='word_1_718' title='bbox 2983 4265 3130 4320; x_wconf 89' lang='lat' dir='ltr'><strong>enim</strong></span> <span class='ocrx_word' id='word_1_719' title='bbox 3183 4267 3434 4336; x_wconf 84' lang='lat' dir='ltr'><strong>cognovit</strong></span> <span class='ocrx_word' id='word_1_720' title='bbox 3471 4283 3603 4324; x_wconf 90' lang='lat' dir='ltr'><strong>sen-</strong></span> 
     </span>
    </p>
   </div>
   <div class='ocr_carea' id='block_1_89' title="bbox 2021 4345 3596 4415">
    <p class='ocr_par' dir='ltr' id='par_1_89' title="bbox 2021 4345 3596 4415">
     <span class='ocr_line' id='line_1_89' title="bbox 2021 4345 3596 4415; baseline 0 -13"><span class='ocrx_word' id='word_1_721' title='bbox 2021 4363 2140 4402; x_wconf 90' lang='lat' dir='ltr'><strong>sum</strong></span> <span class='ocrx_word' id='word_1_722' title='bbox 2178 4345 2425 4401; x_wconf 82' lang='lat' dir='ltr'><strong>Domini?</strong></span> <span class='ocrx_word' id='word_1_723' title='bbox 2461 4345 2571 4398; x_wconf 83' lang='lat' dir='ltr'><strong>Aut</strong></span> <span class='ocrx_word' id='word_1_724' title='bbox 2602 4347 2724 4415; x_wconf 93' lang='lat' dir='ltr'><strong>quis</strong></span> <span class='ocrx_word' id='word_1_725' title='bbox 2771 4345 2846 4400; x_wconf 92' lang='lat' dir='ltr'><strong>illi</strong></span> <span class='ocrx_word' id='word_1_726' title='bbox 2898 4345 3246 4402; x_wconf 86' lang='lat' dir='ltr'><strong>consiliarius</strong></span> <span class='ocrx_word' id='word_1_727' title='bbox 3289 4347 3433 4401; x_wconf 81' lang='lat' dir='ltr'><strong>fuit?</strong></span> <span class='ocrx_word' id='word_1_728' title='bbox 3489 4351 3596 4402; x_wconf 83' lang='lat' dir='ltr'><strong>Aut</strong></span> 
     </span>
    </p>
   </div>
   <div class='ocr_carea' id='block_1_90' title="bbox 339 4436 3596 4524">
    <p class='ocr_par' dir='ltr' id='par_1_90' title="bbox 339 4436 3596 4524">
     <span class='ocr_line' id='line_1_90' title="bbox 339 4436 3596 4524; baseline -0.002 -25"><span class='ocrx_word' id='word_1_729' title='bbox 339 4445 586 4501; x_wconf 86' lang='lat' dir='ltr'><strong>sionibus</strong></span> <span class='ocrx_word' id='word_1_730' title='bbox 639 4445 841 4510; x_wconf 85' lang='lat' dir='ltr'><strong>scripta</strong></span> <span class='ocrx_word' id='word_1_731' title='bbox 897 4442 1288 4498; x_wconf 86' lang='lat' dir='ltr'><strong>beatitudinem</strong></span> <span class='ocrx_word' id='word_1_732' title='bbox 1338 4442 1706 4524; x_wconf 50' lang='lat' dir='ltr'><strong>continentia,</strong></span> <span class='ocrx_word' id='word_1_733' title='bbox 1750 4441 1795 4496; x_wconf 91' lang='lat' dir='ltr'><strong>si</strong></span> <span class='ocrx_word' id='word_1_734' title='bbox 1848 4443 1915 4497; x_wconf 91' lang='lat' dir='ltr'><strong>de</strong></span> <span class='ocrx_word' id='word_1_735' title='bbox 1946 4465 1991 4520; x_wconf 78' lang='grc' dir='ltr'><strong>ι)</strong></span> <span class='ocrx_word' id='word_1_736' title='bbox 2021 4439 2144 4508; x_wconf 83' lang='lat' dir='ltr'><strong>quis</strong></span> <span class='ocrx_word' id='word_1_737' title='bbox 2174 4438 2323 4508; x_wconf 91' lang='lat' dir='ltr'><strong>prior</strong></span> <span class='ocrx_word' id='word_1_738' title='bbox 2363 4436 2511 4492; x_wconf 90' lang='lat' dir='ltr'><strong>dedit</strong></span> <span class='ocrx_word' id='word_1_739' title='bbox 2535 4438 2609 4500; x_wconf 91' lang='lat' dir='ltr'><strong>ei,</strong></span> <span class='ocrx_word' id='word_1_740' title='bbox 2643 4446 2698 4489; x_wconf 91' lang='lat' dir='ltr'><strong>et</strong></span> <span class='ocrx_word' id='word_1_741' title='bbox 2744 4437 3078 4491; x_wconf 91' lang='lat' dir='ltr'><strong>retribuetur</strong></span> <span class='ocrx_word' id='word_1_742' title='bbox 3105 4437 3196 4492; x_wconf 78' lang='lat' dir='ltr'><strong>ei?</strong></span> <span class='ocrx_word' id='word_1_743' title='bbox 3224 4437 3491 4504; x_wconf 86' lang='lat' dir='ltr'><strong>Quoniam</strong></span> <span class='ocrx_word' id='word_1_744' title='bbox 3526 4454 3596 4494; x_wconf 81' lang='lat' dir='ltr'><strong>ex</strong></span> 
     </span>
    </p>
   </div>
   <div class='ocr_carea' id='block_1_91' title="bbox 340 4533 1916 4604">
    <p class='ocr_par' dir='ltr' id='par_1_91' title="bbox 340 4533 1916 4604">
     <span class='ocr_line' id='line_1_91' title="bbox 340 4533 1916 4604; baseline -0.002 -16"><span class='ocrx_word' id='word_1_745' title='bbox 340 4534 524 4600; x_wconf 91' lang='lat' dir='ltr'><strong>Israel,</strong></span> <span class='ocrx_word' id='word_1_746' title='bbox 561 4537 628 4590; x_wconf 90' lang='lat' dir='ltr'><strong>ad</strong></span> <span class='ocrx_word' id='word_1_747' title='bbox 664 4536 922 4603; x_wconf 90' lang='lat' dir='ltr'><strong>reliquias</strong></span> <span class='ocrx_word' id='word_1_748' title='bbox 962 4535 1092 4589; x_wconf 84' lang='lat' dir='ltr'><strong>istas</strong></span> <span class='ocrx_word' id='word_1_749' title='bbox 1145 4548 1268 4604; x_wconf 75' lang='lat' dir='ltr'><strong>qua:</strong></span> <span class='ocrx_word' id='word_1_750' title='bbox 1322 4533 1507 4589; x_wconf 83' lang='lat' dir='ltr'><strong>electae</strong></span> <span class='ocrx_word' id='word_1_751' title='bbox 1545 4541 1694 4598; x_wconf 86' lang='lat' dir='ltr'><strong>sunt,</strong></span> <span class='ocrx_word' id='word_1_752' title='bbox 1747 4533 1916 4602; x_wconf 89' lang='lat' dir='ltr'><strong>perti-</strong></span> 
     </span>
    </p>
   </div>
   <div class='ocr_carea' id='block_1_92' title="bbox 341 4624 1910 4697">
    <p class='ocr_par' dir='ltr' id='par_1_92' title="bbox 341 4624 1910 4697">
     <span class='ocr_line' id='line_1_92' title="bbox 341 4624 1910 4697; baseline -0.002 -15"><span class='ocrx_word' id='word_1_753' title='bbox 341 4637 469 4682; x_wconf 90' lang='lat' dir='ltr'><strong>nent</strong></span> <span class='ocrx_word' id='word_1_754' title='bbox 495 4645 509 4681; x_wconf 91' lang='lat'><strong>:</strong></span> <span class='ocrx_word' id='word_1_755' title='bbox 536 4628 580 4682; x_wconf 92' lang='lat' dir='ltr'><strong>si</strong></span> <span class='ocrx_word' id='word_1_756' title='bbox 615 4629 681 4682; x_wconf 88' lang='lat' dir='ltr'><strong>de</strong></span> <span class='ocrx_word' id='word_1_757' title='bbox 709 4628 980 4697; x_wconf 89' lang='lat' dir='ltr'><strong>gentibus,</strong></span> <span class='ocrx_word' id='word_1_758' title='bbox 1013 4627 1078 4680; x_wconf 88' lang='lat' dir='ltr'><strong>ad</strong></span> <span class='ocrx_word' id='word_1_759' title='bbox 1117 4626 1502 4696; x_wconf 84' lang='lat' dir='ltr'><strong>plenitudinem</strong></span> <span class='ocrx_word' id='word_1_760' title='bbox 1545 4633 1812 4694; x_wconf 88' lang='lat' dir='ltr'><strong>spectant.</strong></span> <span class='ocrx_word' id='word_1_761' title='bbox 1855 4624 1910 4679; x_wconf 92' lang='lat' dir='ltr'><strong>Si</strong></span> 
     </span>
    </p>
   </div>
   <div class='ocr_carea' id='block_1_93' title="bbox 444 4758 1869 4821">
    <p class='ocr_par' dir='ltr' id='par_1_93' title="bbox 444 4758 1869 4821">
     <span class='ocr_line' id='line_1_93' title="bbox 444 4758 1869 4821; baseline -0.004 -5"><span class='ocrx_word' id='word_1_762' title='bbox 444 4764 490 4794; x_wconf 84' lang='grc' dir='ltr'><strong>τ⁶</strong></span> <span class='ocrx_word' id='word_1_763' title='bbox 519 4763 620 4816; x_wconf 90' lang='lat' dir='ltr'><strong>lsa.</strong></span> <span class='ocrx_word' id='word_1_764' title='bbox 649 4777 723 4821; x_wconf 87' lang='lat' dir='ltr'><strong>tv.</strong></span> <span class='ocrx_word' id='word_1_765' title='bbox 752 4761 806 4814; x_wconf 73' lang='grc' dir='ltr'>ι.</span> <span class='ocrx_word' id='word_1_766' title='bbox 905 4761 951 4791; x_wconf 71' lang='grc'><strong>⁷⁷</strong></span> <span class='ocrx_word' id='word_1_767' title='bbox 979 4759 1138 4814; x_wconf 86' lang='lat' dir='ltr'><strong>.Ioan.</strong></span> <span class='ocrx_word' id='word_1_768' title='bbox 1173 4774 1259 4820; x_wconf 80' lang='lat' dir='ltr'><strong>xv,</strong></span> <span class='ocrx_word' id='word_1_769' title='bbox 1293 4759 1375 4812; x_wconf 81' lang='grc'><strong>15.</strong></span> <span class='ocrx_word' id='word_1_770' title='bbox 1469 4758 1514 4789; x_wconf 81' lang='grc'><strong>’⁸</strong></span> <span class='ocrx_word' id='word_1_771' title='bbox 1546 4759 1702 4812; x_wconf 78' lang='lat' dir='ltr'><strong>Rom.</strong></span> <span class='ocrx_word' id='word_1_772' title='bbox 1725 4759 1869 4820; x_wconf 75' lang='lat' dir='ltr'><strong>x1,5.</strong></span> 
     </span>
    </p>
   </div>
   <div class='ocr_carea' id='block_1_94' title="bbox 1966 4755 2294 4817">
    <p class='ocr_par' dir='ltr' id='par_1_94' title="bbox 1966 4755 2294 4817">
     <span class='ocr_line' id='line_1_94' title="bbox 1966 4755 2294 4817; baseline 0 -7"><span class='ocrx_word' id='word_1_773' title='bbox 1966 4759 2012 4792; x_wconf 82' lang='lat'><strong>&quot;</strong></span> <span class='ocrx_word' id='word_1_774' title='bbox 2041 4758 2142 4812; x_wconf 87' lang='lat' dir='ltr'><strong>lsa.</strong></span> <span class='ocrx_word' id='word_1_775' title='bbox 2179 4774 2215 4817; x_wconf 84' lang='grc' dir='ltr'>ι.</span> <span class='ocrx_word' id='word_1_776' title='bbox 2239 4755 2294 4810; x_wconf 84' lang='grc'><strong>9.</strong></span> 
     </span>
    </p>
   </div>
   <div class='ocr_carea' id='block_1_95' title="bbox 2026 4526 3594 4600">
    <p class='ocr_par' dir='ltr' id='par_1_95' title="bbox 2026 4526 3594 4600">
     <span class='ocr_line' id='line_1_95' title="bbox 2026 4526 3594 4600; baseline -0.003 -16"><span class='ocrx_word' id='word_1_777' title='bbox 2026 4530 2165 4600; x_wconf 86' lang='lat' dir='ltr'><strong>ipso,</strong></span> <span class='ocrx_word' id='word_1_778' title='bbox 2200 4538 2255 4583; x_wconf 93' lang='lat' dir='ltr'><strong>et</strong></span> <span class='ocrx_word' id='word_1_779' title='bbox 2285 4543 2383 4598; x_wconf 90' lang='lat' dir='ltr'><strong>per</strong></span> <span class='ocrx_word' id='word_1_780' title='bbox 2408 4527 2606 4597; x_wconf 74' lang='lat' dir='ltr'><strong>ipsum,</strong></span> <span class='ocrx_word' id='word_1_781' title='bbox 2639 4536 2694 4581; x_wconf 91' lang='lat' dir='ltr'><strong>et</strong></span> <span class='ocrx_word' id='word_1_782' title='bbox 2724 4526 2777 4580; x_wconf 93' lang='lat' dir='ltr'><strong>in</strong></span> <span class='ocrx_word' id='word_1_783' title='bbox 2811 4527 2926 4594; x_wconf 89' lang='lat' dir='ltr'><strong>ipso</strong></span> <span class='ocrx_word' id='word_1_784' title='bbox 2951 4535 3076 4580; x_wconf 90' lang='lat' dir='ltr'><strong>sunt</strong></span> <span class='ocrx_word' id='word_1_785' title='bbox 3105 4526 3286 4580; x_wconf 91' lang='lat' dir='ltr'><strong>omnia</strong></span> <span class='ocrx_word' id='word_1_786' title='bbox 3315 4544 3329 4581; x_wconf 92' lang='lat'><strong>:</strong></span> <span class='ocrx_word' id='word_1_787' title='bbox 3354 4528 3450 4596; x_wconf 91' lang='lat' dir='ltr'><strong>ipsi</strong></span> <span class='ocrx_word' id='word_1_788' title='bbox 3476 4528 3594 4598; x_wconf 85' lang='lat' dir='ltr'><strong>glo-</strong></span> 
     </span>
    </p>
   </div>
   <div class='ocr_carea' id='block_1_96' title="bbox 2025 4616 3596 4692">
    <p class='ocr_par' dir='ltr' id='par_1_96' title="bbox 2025 4616 3596 4692">
     <span class='ocr_line' id='line_1_96' title="bbox 2025 4616 3596 4692; baseline -0.002 -15"><span class='ocrx_word' id='word_1_789' title='bbox 2025 4624 2103 4677; x_wconf 81' lang='lat' dir='ltr'><strong>ria</strong></span> <span class='ocrx_word' id='word_1_790' title='bbox 2125 4621 2178 4675; x_wconf 93' lang='lat' dir='ltr'><strong>in</strong></span> <span class='ocrx_word' id='word_1_791' title='bbox 2210 4619 2404 4676; x_wconf 74' lang='lat' dir='ltr'><strong>saecula</strong></span> <span class='ocrx_word' id='word_1_792' title='bbox 2433 4619 2776 4674; x_wconf 73' lang='lat' dir='ltr'><strong>szeculorum.</strong></span> <span class='ocrx_word' id='word_1_793' title='bbox 2797 4618 2971 4673; x_wconf 85' lang='lat' dir='ltr'><strong>Amen</strong></span> <span class='ocrx_word' id='word_1_794' title='bbox 2989 4617 3034 4649; x_wconf 81' lang='grc'><strong>⁸⁸</strong></span> <span class='ocrx_word' id='word_1_795' title='bbox 3057 4617 3188 4688; x_wconf 84' lang='grc'><strong>(19).</strong></span> <span class='ocrx_word' id='word_1_796' title='bbox 3205 4637 3224 4670; x_wconf 79' lang='grc' dir='ltr'><strong>ι</strong></span> <span class='ocrx_word' id='word_1_797' title='bbox 3250 4616 3449 4692; x_wconf 86' lang='lat' dir='ltr'><strong>Eadem</strong></span> <span class='ocrx_word' id='word_1_798' title='bbox 3473 4635 3596 4688; x_wconf 91' lang='lat' dir='ltr'><strong>per-</strong></span> 
     </span>
    </p>
   </div>
   <div class='ocr_carea' id='block_1_97' title="bbox 2406 4750 3592 4818">
    <p class='ocr_par' dir='ltr' id='par_1_97' title="bbox 2406 4750 3592 4818">
     <span class='ocr_line' id='line_1_97' title="bbox 2406 4750 3592 4818; baseline -0.001 -8"><span class='ocrx_word' id='word_1_799' title='bbox 2406 4754 2452 4787; x_wconf 78' lang='lat'><strong>“</strong></span> <span class='ocrx_word' id='word_1_800' title='bbox 2472 4753 2632 4810; x_wconf 79' lang='lat' dir='ltr'><strong>Joan.</strong></span> <span class='ocrx_word' id='word_1_801' title='bbox 2665 4768 2756 4818; x_wconf 81' lang='lat' dir='ltr'><strong>xv,</strong></span> <span class='ocrx_word' id='word_1_802' title='bbox 2778 4750 2832 4807; x_wconf 80' lang='grc'><strong>5.</strong></span> <span class='ocrx_word' id='word_1_803' title='bbox 2945 4751 2988 4784; x_wconf 82' lang='grc'><strong>⁸¹</strong></span> <span class='ocrx_word' id='word_1_804' title='bbox 3019 4752 3119 4807; x_wconf 85' lang='lat' dir='ltr'><strong>lsa.</strong></span> <span class='ocrx_word' id='word_1_805' title='bbox 3158 4768 3204 4817; x_wconf 91' lang='lat' dir='ltr'><strong>t,</strong></span> <span class='ocrx_word' id='word_1_806' title='bbox 3231 4752 3322 4810; x_wconf 69' lang='lat'><strong>25.</strong></span> <span class='ocrx_word' id='word_1_807' title='bbox 3361 4754 3404 4786; x_wconf 81' lang='grc'><strong>⁸¹</strong></span> <span class='ocrx_word' id='word_1_808' title='bbox 3432 4751 3592 4810; x_wconf 81' lang='lat' dir='ltr'><strong>.Ioan.</strong></span> 
     </span>
    </p>
   </div>
   <div class='ocr_carea' id='block_1_98' title="bbox 337 4823 1918 4901">
    <p class='ocr_par' dir='ltr' id='par_1_98' title="bbox 337 4828 1918 4901">
     <span class='ocr_line' id='line_1_98' title="bbox 337 4828 1918 4901; baseline -0.003 -15"><span class='ocrx_word' id='word_1_809' title='bbox 337 4849 393 4901; x_wconf 88' lang='lat' dir='ltr'><strong>v,</strong></span> <span class='ocrx_word' id='word_1_810' title='bbox 421 4833 512 4886; x_wconf 74' lang='lat'><strong>22.</strong></span> <span class='ocrx_word' id='word_1_811' title='bbox 590 4833 637 4864; x_wconf 86' lang='grc'>⁸³</span> <span class='ocrx_word' id='word_1_812' title='bbox 680 4832 872 4900; x_wconf 82' lang='lat' dir='ltr'><strong>Pbilip.</strong></span> <span class='ocrx_word' id='word_1_813' title='bbox 917 4846 978 4897; x_wconf 90' lang='lat' dir='ltr'><strong>tt,</strong></span> <span class='ocrx_word' id='word_1_814' title='bbox 1008 4831 1060 4887; x_wconf 89' lang='lat'><strong>7.</strong></span> <span class='ocrx_word' id='word_1_815' title='bbox 1133 4829 1221 4883; x_wconf 75' lang='grc'><strong>⁸⁸1</strong></span> <span class='ocrx_word' id='word_1_816' title='bbox 1264 4828 1402 4882; x_wconf 86' lang='lat' dir='ltr'><strong>Tim.</strong></span> <span class='ocrx_word' id='word_1_817' title='bbox 1434 4828 1585 4893; x_wconf 73' lang='lat'><strong>&quot;,4.</strong></span> <span class='ocrx_word' id='word_1_818' title='bbox 1661 4828 1706 4859; x_wconf 82' lang='grc'>⁸³</span> <span class='ocrx_word' id='word_1_819' title='bbox 1739 4828 1918 4883; x_wconf 56' lang='lat' dir='ltr'><strong>Toba</strong></span> 
     </span>
    </p>
   </div>
   <div class='ocr_carea' id='block_1_99' title="bbox 2024 4823 2744 4901">
    <p class='ocr_par' dir='ltr' id='par_1_99' title="bbox 2028 4823 2744 4892">
     <span class='ocr_line' id='line_1_99' title="bbox 2028 4823 2744 4892; baseline -0.003 -13"><span class='ocrx_word' id='word_1_820' title='bbox 2028 4828 2082 4882; x_wconf 89' lang='lat'><strong>7.</strong></span> <span class='ocrx_word' id='word_1_821' title='bbox 2156 4827 2203 4858; x_wconf 85' lang='grc'>⁸⁸</span> <span class='ocrx_word' id='word_1_822' title='bbox 2231 4826 2387 4880; x_wconf 79' lang='lat' dir='ltr'><strong>Rom.</strong></span> <span class='ocrx_word' id='word_1_823' title='bbox 2422 4840 2499 4890; x_wconf 72' lang='lat' dir='ltr'><strong>XI,</strong></span> <span class='ocrx_word' id='word_1_824' title='bbox 2527 4823 2598 4878; x_wconf 77' lang='grc'><strong>28</strong></span> <span class='ocrx_word' id='word_1_825' title='bbox 2629 4839 2744 4892; x_wconf 87' lang='lat' dir='ltr'><strong>seq.</strong></span> 
     </span>
    </p>
   </div>
   <div class='ocr_carea' id='block_1_100' title="bbox 412 4941 1911 5016">
    <p class='ocr_par' dir='ltr' id='par_1_100' title="bbox 412 4941 1911 5016">
     <span class='ocr_line' id='line_1_100' title="bbox 412 4941 1911 5016; baseline -0.003 -14"><span class='ocrx_word' id='word_1_826' title='bbox 412 4948 489 5016; x_wconf 83' lang='lat'><strong>(9)</strong></span> <span class='ocrx_word' id='word_1_827' title='bbox 530 4946 694 5011; x_wconf 83' lang='lat' dir='ltr'><strong>Editi,</strong></span> <span class='ocrx_word' id='word_1_828' title='bbox 728 4965 746 4998; x_wconf 75' lang='grc' dir='ltr'><strong>ι</strong></span> <span class='ocrx_word' id='word_1_829' title='bbox 799 4947 1013 5008; x_wconf 90' lang='lat' dir='ltr'><strong>liberet,</strong></span> <span class='ocrx_word' id='word_1_830' title='bbox 1037 4956 1093 5000; x_wconf 90' lang='lat' dir='ltr'><strong>et</strong></span> <span class='ocrx_word' id='word_1_831' title='bbox 1130 4953 1342 5000; x_wconf 89' lang='lat' dir='ltr'><strong>avertat</strong></span> <span class='ocrx_word' id='word_1_832' title='bbox 1382 4942 1688 5012; x_wconf 89' lang='lat' dir='ltr'><strong>impietates</strong></span> <span class='ocrx_word' id='word_1_833' title='bbox 1720 4941 1911 4998; x_wconf 74' lang='lat' dir='ltr'><strong>abla-</strong></span> 
     </span>
    </p>
   </div>
   <div class='ocr_carea' id='block_1_101' title="bbox 337 5017 1119 5077">
    <p class='ocr_par' dir='ltr' id='par_1_101' title="bbox 337 5017 1119 5077">
     <span class='ocr_line' id='line_1_101' title="bbox 337 5017 1119 5077; baseline -0.004 -6"><span class='ocrx_word' id='word_1_834' title='bbox 337 5019 462 5072; x_wconf 85' lang='lat' dir='ltr'><strong>cob.</strong></span> <span class='ocrx_word' id='word_1_835' title='bbox 493 5017 699 5070; x_wconf 82' lang='lat' dir='ltr'><strong>Avertit</strong></span> <span class='ocrx_word' id='word_1_836' title='bbox 721 5026 921 5077; x_wconf 88' lang='lat' dir='ltr'><strong>autem,</strong></span> <span class='ocrx_word' id='word_1_837' title='bbox 960 5036 978 5068; x_wconf 80' lang='grc' dir='ltr'><strong>ι</strong></span> <span class='ocrx_word' id='word_1_838' title='bbox 1013 5026 1119 5070; x_wconf 89' lang='lat' dir='ltr'><strong>etc.</strong></span> 
     </span>
    </p>
   </div>
   <div class='ocr_carea' id='block_1_102' title="bbox 412 5082 1910 5156">
    <p class='ocr_par' dir='ltr' id='par_1_102' title="bbox 412 5082 1910 5156">
     <span class='ocr_line' id='line_1_102' title="bbox 412 5082 1910 5156; baseline -0.005 -15"><span class='ocrx_word' id='word_1_839' title='bbox 412 5084 525 5156; x_wconf 89' lang='lat' dir='ltr'><strong>(I0)</strong></span> <span class='ocrx_word' id='word_1_840' title='bbox 557 5085 647 5139; x_wconf 89' lang='lat' dir='ltr'><strong>Sic</strong></span> <span class='ocrx_word' id='word_1_841' title='bbox 672 5101 771 5140; x_wconf 92' lang='lat' dir='ltr'><strong>ms.</strong></span> <span class='ocrx_word' id='word_1_842' title='bbox 800 5085 999 5156; x_wconf 79' lang='lat' dir='ltr'><strong>Regius</strong></span> <span class='ocrx_word' id='word_1_843' title='bbox 1022 5100 1171 5156; x_wconf 88' lang='lat' dir='ltr'><strong>num.</strong></span> <span class='ocrx_word' id='word_1_844' title='bbox 1202 5082 1359 5139; x_wconf 76' lang='lat' dir='ltr'><strong>I659.</strong></span> <span class='ocrx_word' id='word_1_845' title='bbox 1378 5082 1571 5156; x_wconf 71' lang='lat' dir='ltr'><strong>caeteri</strong></span> <span class='ocrx_word' id='word_1_846' title='bbox 1597 5096 1726 5137; x_wconf 91' lang='lat' dir='ltr'><strong>vero</strong></span> <span class='ocrx_word' id='word_1_847' title='bbox 1755 5098 1910 5146; x_wconf 91' lang='lat' dir='ltr'><strong>mss.,</strong></span> 
     </span>
    </p>
   </div>
   <div class='ocr_carea' id='block_1_103' title="bbox 340 5153 1622 5218">
    <p class='ocr_par' dir='ltr' id='par_1_103' title="bbox 340 5153 1622 5218">
     <span class='ocr_line' id='line_1_103' title="bbox 340 5153 1622 5218; baseline -0.006 -7"><span class='ocrx_word' id='word_1_848' title='bbox 340 5153 602 5211; x_wconf 69' lang='lat' dir='ltr'><strong>“abantis</strong></span> <span class='ocrx_word' id='word_1_849' title='bbox 635 5163 689 5209; x_wconf 91' lang='lat' dir='ltr'><strong>et</strong></span> <span class='ocrx_word' id='word_1_850' title='bbox 721 5154 875 5218; x_wconf 88' lang='lat' dir='ltr'><strong>editi,</strong></span> <span class='ocrx_word' id='word_1_851' title='bbox 899 5172 918 5206; x_wconf 82' lang='grc' dir='ltr'><strong>ι</strong></span> <span class='ocrx_word' id='word_1_852' title='bbox 956 5153 1561 5208; x_wconf 84' lang='lat' dir='ltr'><strong>delevit....nmndavit.</strong></span> <span class='ocrx_word' id='word_1_853' title='bbox 1602 5171 1622 5203; x_wconf 83' lang='grc' dir='ltr'><strong>ι</strong></span> 
     </span>
    </p>
   </div>
   <div class='ocr_carea' id='block_1_104' title="bbox 412 5222 1415 5294">
    <p class='ocr_par' dir='ltr' id='par_1_104' title="bbox 412 5222 1415 5294">
     <span class='ocr_line' id='line_1_104' title="bbox 412 5222 1415 5294; baseline -0.004 -16"><span class='ocrx_word' id='word_1_854' title='bbox 412 5222 531 5294; x_wconf 86' lang='lat' dir='ltr'><strong>(II)</strong></span> <span class='ocrx_word' id='word_1_855' title='bbox 568 5223 734 5289; x_wconf 81' lang='lat' dir='ltr'><strong>Editi,</strong></span> <span class='ocrx_word' id='word_1_856' title='bbox 767 5242 786 5276; x_wconf 85' lang='lat' dir='ltr'><strong>t</strong></span> <span class='ocrx_word' id='word_1_857' title='bbox 822 5233 879 5278; x_wconf 90' lang='lat' dir='ltr'><strong>et</strong></span> <span class='ocrx_word' id='word_1_858' title='bbox 903 5225 1095 5292; x_wconf 90' lang='lat' dir='ltr'><strong>spiritu</strong></span> <span class='ocrx_word' id='word_1_859' title='bbox 1127 5223 1366 5278; x_wconf 90' lang='lat' dir='ltr'><strong>ultionis.</strong></span> <span class='ocrx_word' id='word_1_860' title='bbox 1397 5240 1415 5273; x_wconf 78' lang='grc' dir='ltr'><strong>ι</strong></span> 
     </span>
    </p>
   </div>
   <div class='ocr_carea' id='block_1_105' title="bbox 406 5295 1913 5367">
    <p class='ocr_par' dir='ltr' id='par_1_105' title="bbox 406 5295 1913 5367">
     <span class='ocr_line' id='line_1_105' title="bbox 406 5295 1913 5367; baseline 0.001 -19"><span class='ocrx_word' id='word_1_861' title='bbox 406 5296 518 5367; x_wconf 59' lang='lat' dir='ltr'><strong>(I2)</strong></span> <span class='ocrx_word' id='word_1_862' title='bbox 552 5295 713 5367; x_wconf 70' lang='lat' dir='ltr'><strong>Editi,</strong></span> <span class='ocrx_word' id='word_1_863' title='bbox 757 5315 774 5345; x_wconf 88' lang='grc' dir='ltr'><strong>ι</strong></span> <span class='ocrx_word' id='word_1_864' title='bbox 813 5297 1144 5366; x_wconf 81' lang='lat' dir='ltr'><strong>pertingere,</strong></span> <span class='ocrx_word' id='word_1_865' title='bbox 1183 5315 1200 5345; x_wconf 75' lang='grc' dir='ltr'><strong>ι</strong></span> <span class='ocrx_word' id='word_1_866' title='bbox 1231 5305 1286 5349; x_wconf 91' lang='lat' dir='ltr'><strong>et</strong></span> <span class='ocrx_word' id='word_1_867' title='bbox 1325 5297 1396 5350; x_wconf 91' lang='lat' dir='ltr'><strong>ita</strong></span> <span class='ocrx_word' id='word_1_868' title='bbox 1432 5296 1718 5367; x_wconf 86' lang='lat' dir='ltr'><strong>legendum</strong></span> <span class='ocrx_word' id='word_1_869' title='bbox 1764 5296 1913 5350; x_wconf 86' lang='lat' dir='ltr'><strong>vide-</strong></span> 
     </span>
    </p>
   </div>
   <div class='ocr_carea' id='block_1_106' title="bbox 333 5363 1916 5436">
    <p class='ocr_par' dir='ltr' id='par_1_106' title="bbox 333 5363 1916 5436">
     <span class='ocr_line' id='line_1_106' title="bbox 333 5363 1916 5436; baseline 0.003 -18"><span class='ocrx_word' id='word_1_870' title='bbox 333 5374 453 5429; x_wconf 87' lang='lat' dir='ltr'><strong>tur;</strong></span> <span class='ocrx_word' id='word_1_871' title='bbox 483 5363 738 5421; x_wconf 79' lang='lat' dir='ltr'><strong>Rab‘anus</strong></span> <span class='ocrx_word' id='word_1_872' title='bbox 780 5363 912 5419; x_wconf 86' lang='lat' dir='ltr'><strong>vero</strong></span> <span class='ocrx_word' id='word_1_873' title='bbox 957 5363 1019 5420; x_wconf 75' lang='lat' dir='ltr'><strong>et</strong></span> <span class='ocrx_word' id='word_1_874' title='bbox 1049 5380 1179 5419; x_wconf 89' lang='lat' dir='ltr'><strong>mss.</strong></span> <span class='ocrx_word' id='word_1_875' title='bbox 1221 5367 1391 5420; x_wconf 86' lang='lat' dir='ltr'><strong>nostri</strong></span> <span class='ocrx_word' id='word_1_876' title='bbox 1437 5363 1658 5429; x_wconf 80' lang='lat' dir='ltr'><strong>omnes,</strong></span> <span class='ocrx_word' id='word_1_877' title='bbox 1697 5385 1714 5417; x_wconf 86' lang='grc' dir='ltr'><strong>ι</strong></span> <span class='ocrx_word' id='word_1_878' title='bbox 1751 5367 1916 5436; x_wconf 71' lang='lat' dir='ltr'><strong>peni-</strong></span> 
     </span>
    </p>
   </div>
   <div class='ocr_carea' id='block_1_107' title="bbox 335 5449 543 5489">
    <p class='ocr_par' dir='ltr' id='par_1_107' title="bbox 335 5449 543 5489">
     <span class='ocr_line' id='line_1_107' title="bbox 335 5449 543 5489; baseline -0.019 0"><span class='ocrx_word' id='word_1_879' title='bbox 335 5449 488 5489; x_wconf 89' lang='lat' dir='ltr'><strong>nere.</strong></span> <span class='ocrx_word' id='word_1_880' title='bbox 523 5451 543 5485; x_wconf 70' lang='grc'><strong>1</strong></span> 
     </span>
    </p>
   </div>
   <div class='ocr_carea' id='block_1_108' title="bbox 409 5502 1539 5641">
    <p class='ocr_par' dir='ltr' id='par_1_108' title="bbox 409 5502 1539 5641">
     <span class='ocr_line' id='line_1_108' title="bbox 409 5502 1539 5572; baseline 0.003 -16"><span class='ocrx_word' id='word_1_881' title='bbox 409 5505 498 5572; x_wconf 77' lang='lat' dir='ltr'><strong>(I5</strong></span> <span class='ocrx_word' id='word_1_882' title='bbox 557 5502 858 5558; x_wconf 84' lang='lat' dir='ltr'><strong>Plenitudo.</strong></span> <span class='ocrx_word' id='word_1_883' title='bbox 898 5504 1060 5559; x_wconf 90' lang='lat' dir='ltr'><strong>Deest</strong></span> <span class='ocrx_word' id='word_1_884' title='bbox 1085 5505 1138 5558; x_wconf 91' lang='lat' dir='ltr'><strong>in</strong></span> <span class='ocrx_word' id='word_1_885' title='bbox 1169 5515 1327 5560; x_wconf 88' lang='lat' dir='ltr'><strong>antea</strong></span> <span class='ocrx_word' id='word_1_886' title='bbox 1359 5506 1539 5561; x_wconf 90' lang='lat' dir='ltr'><strong>editis.</strong></span> 
     </span>
     <span class='ocr_line' id='line_1_109' title="bbox 409 5504 1539 5641; baseline 0.004 -15"><span class='ocrx_word' id='word_1_887' title='bbox 409 5504 519 5641; x_wconf 62' lang='grc'><strong>[141</strong></span> <span class='ocrx_word' id='word_1_888' title='bbox 564 5592 582 5624; x_wconf 76' lang='grc' dir='ltr'><strong>ι</strong></span> <span class='ocrx_word' id='word_1_889' title='bbox 640 5571 754 5628; x_wconf 86' lang='lat' dir='ltr'><strong>Hoc</strong></span> <span class='ocrx_word' id='word_1_890' title='bbox 809 5592 828 5626; x_wconf 74' lang='grc' dir='ltr'><strong>ι</strong></span> <span class='ocrx_word' id='word_1_891' title='bbox 877 5574 1032 5629; x_wconf 86' lang='lat' dir='ltr'><strong>deest</strong></span> <span class='ocrx_word' id='word_1_892' title='bbox 1071 5575 1124 5629; x_wconf 92' lang='lat' dir='ltr'><strong>in</strong></span> <span class='ocrx_word' id='word_1_893' title='bbox 1173 5575 1368 5641; x_wconf 88' lang='lat' dir='ltr'><strong>editis,</strong></span> <span class='ocrx_word' id='word_1_894' title='bbox 1412 5586 1467 5632; x_wconf 92' lang='lat' dir='ltr'><strong>et</strong></span> <span class='ocrx_word' id='word_1_895' title='bbox 1505 5588 1539 5630; x_wconf 60' lang='lat' dir='ltr'><strong>rt</strong></span> 
     </span>
    </p>
   </div>
   <div class='ocr_carea' id='block_1_109' title="bbox 405 5571 1913 5642">
    <p class='ocr_par' dir='ltr' id='par_1_109' title="bbox 405 5571 1913 5642">
     <span class='ocr_line' id='line_1_110' title="bbox 405 5571 1913 5642; baseline 0.005 -16"><span class='ocrx_word' id='word_1_896' title='bbox 405 5571 518 5641; x_wconf 76' lang='lat' dir='ltr'><strong>(M)</strong></span> <span class='ocrx_word' id='word_1_897' title='bbox 564 5592 582 5624; x_wconf 76' lang='grc' dir='ltr'><strong>ι</strong></span> <span class='ocrx_word' id='word_1_898' title='bbox 640 5571 754 5628; x_wconf 86' lang='lat' dir='ltr'><strong>Hoc</strong></span> <span class='ocrx_word' id='word_1_899' title='bbox 809 5592 828 5626; x_wconf 74' lang='grc' dir='ltr'><strong>ι</strong></span> <span class='ocrx_word' id='word_1_900' title='bbox 877 5574 1032 5629; x_wconf 86' lang='lat' dir='ltr'><strong>deest</strong></span> <span class='ocrx_word' id='word_1_901' title='bbox 1071 5575 1124 5629; x_wconf 92' lang='lat' dir='ltr'><strong>in</strong></span> <span class='ocrx_word' id='word_1_902' title='bbox 1173 5575 1368 5642; x_wconf 88' lang='lat' dir='ltr'><strong>editis,</strong></span> <span class='ocrx_word' id='word_1_903' title='bbox 1412 5586 1467 5632; x_wconf 92' lang='lat' dir='ltr'><strong>et</strong></span> <span class='ocrx_word' id='word_1_904' title='bbox 1505 5574 1810 5633; x_wconf 88' lang='lat' dir='ltr'><strong>restituitur</strong></span> <span class='ocrx_word' id='word_1_905' title='bbox 1846 5591 1913 5634; x_wconf 78' lang='lat' dir='ltr'><strong>ex</strong></span> 
     </span>
    </p>
   </div>
   <div class='ocr_carea' id='block_1_110' title="bbox 329 5641 711 5697">
    <p class='ocr_par' dir='ltr' id='par_1_110' title="bbox 329 5641 711 5697">
     <span class='ocr_line' id='line_1_111' title="bbox 329 5641 711 5697; baseline 0 -1"><span class='ocrx_word' id='word_1_906' title='bbox 329 5641 543 5696; x_wconf 88' lang='lat' dir='ltr'><strong>duobus</strong></span> <span class='ocrx_word' id='word_1_907' title='bbox 581 5657 711 5697; x_wconf 87' lang='lat' dir='ltr'><strong>mss.</strong></span> 
     </span>
    </p>
   </div>
   <div class='ocr_carea' id='block_1_111' title="bbox 404 5712 1097 5784">
    <p class='ocr_par' dir='ltr' id='par_1_111' title="bbox 404 5712 1097 5784">
     <span class='ocr_line' id='line_1_112' title="bbox 404 5712 1097 5784; baseline 0.004 -20"><span class='ocrx_word' id='word_1_908' title='bbox 404 5713 516 5784; x_wconf 84' lang='lat' dir='ltr'><strong>(I5)</strong></span> <span class='ocrx_word' id='word_1_909' title='bbox 551 5712 714 5780; x_wconf 82' lang='lat' dir='ltr'><strong>Editi,</strong></span> <span class='ocrx_word' id='word_1_910' title='bbox 750 5733 768 5766; x_wconf 82' lang='grc' dir='ltr'><strong>ι</strong></span> <span class='ocrx_word' id='word_1_911' title='bbox 802 5712 855 5768; x_wconf 88' lang='lat' dir='ltr'><strong>Si</strong></span> <span class='ocrx_word' id='word_1_912' title='bbox 893 5729 1024 5784; x_wconf 85' lang='lat' dir='ltr'><strong>ergo</strong></span> <span class='ocrx_word' id='word_1_913' title='bbox 1081 5733 1097 5754; x_wconf 69' lang='grc' dir='ltr'><strong>ι</strong></span> 
     </span>
    </p>
   </div>
   <div class='ocr_carea' id='block_1_112' title="bbox 2091 4932 3594 5012">
    <p class='ocr_par' dir='ltr' id='par_1_112' title="bbox 2091 4932 3594 5012">
     <span class='ocr_line' id='line_1_113' title="bbox 2091 4932 3594 5012; baseline -0.007 -15"><span class='ocrx_word' id='word_1_914' title='bbox 2091 4942 2200 5012; x_wconf 88' lang='grc'><strong>(16)</strong></span> <span class='ocrx_word' id='word_1_915' title='bbox 2236 4940 2401 5012; x_wconf 81' lang='lat' dir='ltr'><strong>Editi,</strong></span> <span class='ocrx_word' id='word_1_916' title='bbox 2431 4957 2450 4990; x_wconf 76' lang='grc' dir='ltr'><strong>ι</strong></span> <span class='ocrx_word' id='word_1_917' title='bbox 2485 4937 2599 4992; x_wconf 85' lang='lat' dir='ltr'><strong>sive</strong></span> <span class='ocrx_word' id='word_1_918' title='bbox 2631 4945 2687 5012; x_wconf 76' lang='lat' dir='ltr'><strong>et</strong></span> <span class='ocrx_word' id='word_1_919' title='bbox 2711 4935 3056 5012; x_wconf 76' lang='lat' dir='ltr'><strong>ex_geu_tibus</strong></span> <span class='ocrx_word' id='word_1_920' title='bbox 3080 4932 3332 5012; x_wconf 45' lang='lat' dir='ltr'><strong>veniant:</strong></span> <span class='ocrx_word' id='word_1_921' title='bbox 3354 4946 3594 5002; x_wconf 68' lang='lat' dir='ltr'><strong>praesen-</strong></span> 
     </span>
    </p>
   </div>
   <div class='ocr_carea' id='block_1_113' title="bbox 2021 5002 3596 5080">
    <p class='ocr_par' dir='ltr' id='par_1_113' title="bbox 2021 5002 3596 5080">
     <span class='ocr_line' id='line_1_114' title="bbox 2021 5002 3596 5080; baseline -0.007 -13"><span class='ocrx_word' id='word_1_922' title='bbox 2021 5002 2108 5068; x_wconf 51' lang='lat' dir='ltr'><strong>tis‘</strong></span> <span class='ocrx_word' id='word_1_923' title='bbox 2129 5002 2409 5080; x_wconf 72' lang='lat' dir='ltr'><strong>temporis,</strong></span> <span class='ocrx_word' id='word_1_924' title='bbox 2459 5026 2478 5059; x_wconf 78' lang='grc' dir='ltr'><strong>ι</strong></span> <span class='ocrx_word' id='word_1_925' title='bbox 2511 5005 2740 5062; x_wconf 77' lang='lat' dir='ltr'><strong>etc.Ms.</strong></span> <span class='ocrx_word' id='word_1_926' title='bbox 2775 5002 2976 5076; x_wconf 58' lang='lat' dir='ltr'><strong>B&#39;egius</strong></span> <span class='ocrx_word' id='word_1_927' title='bbox 3010 5021 3161 5059; x_wconf 89' lang='lat' dir='ltr'><strong>num.</strong></span> <span class='ocrx_word' id='word_1_928' title='bbox 3199 5002 3356 5069; x_wconf 77' lang='lat' dir='ltr'><strong>I639,</strong></span> <span class='ocrx_word' id='word_1_929' title='bbox 3393 5022 3412 5054; x_wconf 76' lang='grc' dir='ltr'><strong>ι</strong></span> <span class='ocrx_word' id='word_1_930' title='bbox 3451 5017 3596 5072; x_wconf 76' lang='lat' dir='ltr'><strong>pra:-</strong></span> 
     </span>
    </p>
   </div>
   <div class='ocr_carea' id='block_1_114' title="bbox 2019 5082 2524 5150">
    <p class='ocr_par' dir='ltr' id='par_1_114' title="bbox 2019 5082 2524 5150">
     <span class='ocr_line' id='line_1_115' title="bbox 2019 5082 2524 5150; baseline -0.014 -12"><span class='ocrx_word' id='word_1_931' title='bbox 2019 5082 2157 5138; x_wconf 87' lang='lat' dir='ltr'><strong>senti</strong></span> <span class='ocrx_word' id='word_1_932' title='bbox 2195 5092 2461 5150; x_wconf 85' lang='lat' dir='ltr'><strong>tempore.</strong></span> <span class='ocrx_word' id='word_1_933' title='bbox 2501 5096 2524 5150; x_wconf 62' lang='grc' dir='ltr'><em>ε</em></span> 
     </span>
    </p>
   </div>
   <div class='ocr_carea' id='block_1_115' title="bbox 2093 5139 3591 5222">
    <p class='ocr_par' dir='ltr' id='par_1_115' title="bbox 2093 5139 3591 5222">
     <span class='ocr_line' id='line_1_116' title="bbox 2093 5139 3591 5222; baseline -0.008 -17"><span class='ocrx_word' id='word_1_934' title='bbox 2093 5152 2206 5216; x_wconf 88' lang='lat' dir='ltr'><strong>(I7)</strong></span> <span class='ocrx_word' id='word_1_935' title='bbox 2242 5139 2324 5204; x_wconf 76' lang='lat' dir='ltr'><strong>Ita</strong></span> <span class='ocrx_word' id='word_1_936' title='bbox 2351 5163 2451 5203; x_wconf 88' lang='lat' dir='ltr'><strong>ms.</strong></span> <span class='ocrx_word' id='word_1_937' title='bbox 2499 5147 2700 5222; x_wconf 79' lang='lat' dir='ltr'><strong>Regius</strong></span> <span class='ocrx_word' id='word_1_938' title='bbox 2749 5162 2897 5222; x_wconf 69' lang='lat' dir='ltr'><strong>num.</strong></span> <span class='ocrx_word' id='word_1_939' title='bbox 2932 5144 3138 5222; x_wconf 77' lang='lat' dir='ltr'><strong>I659__et</strong></span> <span class='ocrx_word' id='word_1_940' title='bbox 3164 5143 3438 5222; x_wconf 70' lang='lat' dir='ltr'><strong>Dabanus.</strong></span> <span class='ocrx_word' id='word_1_941' title='bbox 3473 5139 3591 5222; x_wconf 49' lang='lat' dir='ltr'><strong>the:</strong></span> 
     </span>
    </p>
   </div>
   <div class='ocr_carea' id='block_1_116' title="bbox 2021 5211 3591 5293">
    <p class='ocr_par' dir='ltr' id='par_1_116' title="bbox 2021 5211 3591 5293">
     <span class='ocr_line' id='line_1_117' title="bbox 2021 5211 3591 5293; baseline -0.008 -17"><span class='ocrx_word' id='word_1_942' title='bbox 2021 5211 2288 5293; x_wconf 78' lang='lat' dir='ltr'><strong>terivero</strong></span> <span class='ocrx_word' id='word_1_943' title='bbox 2309 5234 2434 5273; x_wconf 90' lang='lat' dir='ltr'><strong>mss.</strong></span> <span class='ocrx_word' id='word_1_944' title='bbox 2469 5211 2692 5293; x_wconf 68' lang='lat' dir='ltr'><strong>et__€diti</strong></span> <span class='ocrx_word' id='word_1_945' title='bbox 2717 5255 2734 5281; x_wconf 94' lang='lat'><strong>,</strong></span> <span class='ocrx_word' id='word_1_946' title='bbox 2773 5235 2806 5293; x_wconf 71' lang='lat' dir='ltr'><strong>t_</strong></span> <span class='ocrx_word' id='word_1_947' title='bbox 2829 5216 2895 5270; x_wconf 82' lang='lat' dir='ltr'><strong>Et</strong></span> <span class='ocrx_word' id='word_1_948' title='bbox 2944 5214 3239 5293; x_wconf 80' lang='lat' dir='ltr'><strong>puriticabo</strong></span> <span class='ocrx_word' id='word_1_949' title='bbox 3291 5221 3341 5293; x_wconf 80' lang='lat' dir='ltr'><strong>te</strong></span> <span class='ocrx_word' id='word_1_950' title='bbox 3378 5211 3486 5280; x_wconf 87' lang='lat' dir='ltr'><strong>igni</strong></span> <span class='ocrx_word' id='word_1_951' title='bbox 3523 5211 3591 5293; x_wconf 72' lang='lat' dir='ltr'><strong>ad</strong></span> 
     </span>
    </p>
   </div>
   <div class='ocr_carea' id='block_1_117' title="bbox 2023 5282 3592 5362">
    <p class='ocr_par' dir='ltr' id='par_1_117' title="bbox 2023 5282 3592 5362">
     <span class='ocr_line' id='line_1_118' title="bbox 2023 5282 3592 5362; baseline -0.007 -17"><span class='ocrx_word' id='word_1_952' title='bbox 2023 5291 2503 5362; x_wconf 87' lang='lat' dir='ltr'><strong>purilicationem._</strong></span> <span class='ocrx_word' id='word_1_953' title='bbox 2533 5286 2728 5342; x_wconf 78' lang='lat' dir='ltr'><strong>Verum</strong></span> <span class='ocrx_word' id='word_1_954' title='bbox 2794 5286 2908 5362; x_wconf 64' lang='lat' dir='ltr'><strong>haec</strong></span> <span class='ocrx_word' id='word_1_955' title='bbox 2945 5282 3074 5353; x_wconf 74' lang='lat' dir='ltr'><strong>ipsa</strong></span> <span class='ocrx_word' id='word_1_956' title='bbox 3125 5282 3394 5362; x_wconf 76' lang='lat' dir='ltr'><strong>purgatio.</strong></span> <span class='ocrx_word' id='word_1_957' title='bbox 3417 5282 3592 5362; x_wconf 80' lang='lat' dir='ltr'><strong>de</strong></span> 
     </span>
    </p>
   </div>
   <div class='ocr_carea' id='block_1_118' title="bbox 2020 5350 3592 5430">
    <p class='ocr_par' dir='ltr' id='par_1_118' title="bbox 2020 5350 3592 5430">
     <span class='ocr_line' id='line_1_119' title="bbox 2020 5350 3592 5430; baseline -0.008 -15"><span class='ocrx_word' id='word_1_958' title='bbox 2020 5350 2394 5430; x_wconf 79' lang='lat' dir='ltr'><strong>peccatoribus</strong></span> <span class='ocrx_word' id='word_1_959' title='bbox 2419 5357 2620 5430; x_wconf 76' lang='lat' dir='ltr'><strong>exigat,</strong></span> <span class='ocrx_word' id='word_1_960' title='bbox 2647 5374 2666 5408; x_wconf 75' lang='grc' dir='ltr'><strong>ι</strong></span> <span class='ocrx_word' id='word_1_961' title='bbox 2703 5363 2808 5409; x_wconf 89' lang='lat' dir='ltr'><strong>etc.</strong></span> <span class='ocrx_word' id='word_1_962' title='bbox 2842 5353 2966 5430; x_wconf 63' lang='lat' dir='ltr'><strong>Haec</strong></span> <span class='ocrx_word' id='word_1_963' title='bbox 2987 5350 3152 5407; x_wconf 50' lang='lat' dir='ltr'><strong>&#39;caute</strong></span> <span class='ocrx_word' id='word_1_964' title='bbox 3175 5351 3417 5430; x_wconf 71' lang='lat' dir='ltr'><strong>legenda.</strong></span> <span class='ocrx_word' id='word_1_965' title='bbox 3453 5350 3592 5404; x_wconf 78' lang='lat' dir='ltr'><strong>Vide</strong></span> 
     </span>
    </p>
   </div>
   <div class='ocr_carea' id='block_1_119' title="bbox 2025 5423 3270 5506">
    <p class='ocr_par' dir='ltr' id='par_1_119' title="bbox 2025 5423 3270 5506">
     <span class='ocr_line' id='line_1_120' title="bbox 2025 5423 3270 5506; baseline -0.008 -22"><span class='ocrx_word' id='word_1_966' title='bbox 2025 5423 2392 5506; x_wconf 54' lang='lat' dir='ltr'><strong>Driggttiqngr,</strong></span> <span class='ocrx_word' id='word_1_967' title='bbox 2428 5427 2523 5506; x_wconf 90' lang='lat' dir='ltr'><strong>lib_.</strong></span> <span class='ocrx_word' id='word_1_968' title='bbox 2559 5442 2618 5506; x_wconf 69' lang='lat' dir='ltr'><strong>tt,</strong></span> <span class='ocrx_word' id='word_1_969' title='bbox 2650 5425 2956 5506; x_wconf 26' lang='lat' dir='ltr'><strong>quassanti,</strong></span> <span class='ocrx_word' id='word_1_970' title='bbox 3001 5439 3151 5478; x_wconf 89' lang='lat' dir='ltr'><strong>num.</strong></span> <span class='ocrx_word' id='word_1_971' title='bbox 3185 5423 3270 5476; x_wconf 85' lang='lat' dir='ltr'><strong>I6.</strong></span> 
     </span>
    </p>
   </div>
   <div class='ocr_carea' id='block_1_120' title="bbox 2094 5494 2970 5568">
    <p class='ocr_par' dir='ltr' id='par_1_120' title="bbox 2094 5494 2970 5568">
     <span class='ocr_line' id='line_1_121' title="bbox 2094 5494 2970 5568; baseline -0.007 -15"><span class='ocrx_word' id='word_1_972' title='bbox 2094 5494 2206 5568; x_wconf 84' lang='lat' dir='ltr'><strong>(I8)</strong></span> <span class='ocrx_word' id='word_1_973' title='bbox 2250 5498 2409 5568; x_wconf 60' lang='lat' dir='ltr'><strong>Editi,</strong></span> <span class='ocrx_word' id='word_1_974' title='bbox 2445 5514 2464 5546; x_wconf 80' lang='grc' dir='ltr'><strong>ι</strong></span> <span class='ocrx_word' id='word_1_975' title='bbox 2495 5496 2696 5568; x_wconf 83' lang='lat' dir='ltr'><strong>habere</strong></span> <span class='ocrx_word' id='word_1_976' title='bbox 2721 5494 2929 5568; x_wconf 32' lang='lat' dir='ltr'><strong>voluit.‘</strong></span> <span class='ocrx_word' id='word_1_977' title='bbox 2950 5511 2970 5546; x_wconf 79' lang='grc' dir='ltr'><strong>ι</strong></span> 
     </span>
    </p>
   </div>
   <div class='ocr_carea' id='block_1_121' title="bbox 2105 5562 3588 5638">
    <p class='ocr_par' dir='ltr' id='par_1_121' title="bbox 2105 5562 3588 5638">
     <span class='ocr_line' id='line_1_122' title="bbox 2105 5562 3588 5638; baseline -0.005 -16"><span class='ocrx_word' id='word_1_978' title='bbox 2105 5562 2216 5638; x_wconf 82' lang='grc'><strong>(19)</strong></span> <span class='ocrx_word' id='word_1_979' title='bbox 2248 5566 2372 5620; x_wconf 66' lang='lat' dir='ltr'><strong>ﬂare</strong></span> <span class='ocrx_word' id='word_1_980' title='bbox 2409 5567 2595 5638; x_wconf 79' lang='lat' dir='ltr'><strong>verba,</strong></span> <span class='ocrx_word' id='word_1_981' title='bbox 2650 5563 2961 5638; x_wconf 60' lang='lat' dir='ltr'><strong>tconclusit</strong></span> <span class='ocrx_word' id='word_1_982' title='bbox 3001 5562 3152 5638; x_wconf 83' lang='lat' dir='ltr'><strong>enim</strong></span> <span class='ocrx_word' id='word_1_983' title='bbox 3203 5562 3361 5622; x_wconf 86' lang='lat' dir='ltr'><strong>Deus,</strong></span> <span class='ocrx_word' id='word_1_984' title='bbox 3385 5577 3423 5638; x_wconf 72' lang='lat' dir='ltr'><strong>t_</strong></span> <span class='ocrx_word' id='word_1_985' title='bbox 3455 5568 3588 5626; x_wconf 87' lang='lat' dir='ltr'><strong>ctc.,</strong></span> 
     </span>
    </p>
   </div>
   <div class='ocr_carea' id='block_1_122' title="bbox 2036 5632 3591 5762">
    <p class='ocr_par' dir='ltr' id='par_1_122' title="bbox 2036 5632 3591 5762">
     <span class='ocr_line' id='line_1_123' title="bbox 2036 5632 3591 5706; baseline -0.005 -15"><span class='ocrx_word' id='word_1_986' title='bbox 2036 5632 2206 5706; x_wconf 84' lang='lat' dir='ltr'><strong>usque</strong></span> <span class='ocrx_word' id='word_1_987' title='bbox 2238 5638 2326 5696; x_wconf 75' lang='lat' dir='ltr'><strong>ad;</strong></span> <span class='ocrx_word' id='word_1_988' title='bbox 2368 5635 2460 5688; x_wconf 73' lang='lat' dir='ltr'><strong>«in</strong></span> <span class='ocrx_word' id='word_1_989' title='bbox 2502 5634 2696 5689; x_wconf 62' lang='lat' dir='ltr'><strong>saecula</strong></span> <span class='ocrx_word' id='word_1_990' title='bbox 2740 5635 3082 5696; x_wconf 74' lang='lat' dir='ltr'><strong>saeculormit,</strong></span> <span class='ocrx_word' id='word_1_991' title='bbox 3127 5634 3319 5694; x_wconf 80' lang='lat' dir='ltr'><strong>Amen,</strong></span> <span class='ocrx_word' id='word_1_992' title='bbox 3345 5650 3363 5683; x_wconf 85' lang='grc' dir='ltr'><strong>ι</strong></span> <span class='ocrx_word' id='word_1_993' title='bbox 3393 5632 3591 5687; x_wconf 84' lang='lat' dir='ltr'><strong>desunt</strong></span> 
     </span>
     <span class='ocr_line' id='line_1_124' title="bbox 2036 5703 3295 5762; baseline -0.004 0"><span class='ocrx_word' id='word_1_994' title='bbox 2036 5710 2087 5762; x_wconf 91' lang='lat' dir='ltr'><strong>in</strong></span> <span class='ocrx_word' id='word_1_995' title='bbox 2113 5706 2294 5762; x_wconf 88' lang='lat' dir='ltr'><strong>editis.</strong></span> <span class='ocrx_word' id='word_1_996' title='bbox 2325 5717 2380 5761; x_wconf 92' lang='lat' dir='ltr'><strong>et</strong></span> <span class='ocrx_word' id='word_1_997' title='bbox 2407 5705 2764 5760; x_wconf 86' lang='lat' dir='ltr'><strong>restituuntur</strong></span> <span class='ocrx_word' id='word_1_998' title='bbox 2787 5719 2851 5758; x_wconf 77' lang='lat' dir='ltr'><strong>ex</strong></span> <span class='ocrx_word' id='word_1_999' title='bbox 2881 5703 3134 5759; x_wconf 88' lang='lat' dir='ltr'><strong>omnibus</strong></span> <span class='ocrx_word' id='word_1_1000' title='bbox 3164 5718 3295 5759; x_wconf 84' lang='lat' dir='ltr'><strong>mss.</strong></span> 
     </span>
    </p>
   </div>
   <div class='ocr_carea' id='block_1_123' title="bbox 2057 5723 3295 5774">
    <p class='ocr_par' dir='ltr' id='par_1_123' title="bbox 2057 5723 3295 5774">
     <span class='ocr_line' id='line_1_125' title="bbox 2057 5723 3295 5774; baseline -0.003 -13"><span class='ocrx_word' id='word_1_1001' title='bbox 2057 5723 2087 5761; x_wconf 88' lang='grc' dir='ltr'><strong>ΙΙ</strong></span> <span class='ocrx_word' id='word_1_1002' title='bbox 2113 5723 2294 5774; x_wconf 73' lang='grc'><strong>0111115,</strong></span> <span class='ocrx_word' id='word_1_1003' title='bbox 2325 5723 2380 5761; x_wconf 75' lang='grc' dir='ltr'>ει</span> <span class='ocrx_word' id='word_1_1004' title='bbox 2407 5723 2764 5760; x_wconf 74' lang='grc' dir='ltr'>ῐεδιιιιιιιιιιυτ</span> <span class='ocrx_word' id='word_1_1005' title='bbox 2787 5723 2851 5758; x_wconf 72' lang='grc' dir='ltr'>ει</span> <span class='ocrx_word' id='word_1_1006' title='bbox 2881 5723 3134 5759; x_wconf 81' lang='lat' dir='ltr'><strong>omnwus</strong></span> <span class='ocrx_word' id='word_1_1007' title='bbox 3164 5723 3295 5759; x_wconf 69' lang='grc'><strong>11158.</strong></span> 
     </span>
    </p>
   </div>
  </div>
