  <div class='ocr_page' id='page_1' title='image "/cluster/home/n/w/nwhite01/storage/ocr_20150623/14/hvd.32044073501363/605.png"; bbox 0 0 4048 6202; ppageno 0'>
   <div class='ocr_carea' id='block_1_1' title="bbox 469 276 2035 334">
    <p class='ocr_par' dir='ltr' id='par_1_1' title="bbox 469 277 2035 334">
     <span class='ocr_line' id='line_1_1' title="bbox 469 277 2035 334; baseline 0.001 -3"><span class='ocrx_word' id='word_1_1' title='bbox 469 282 490 331; x_wconf 99' lang='grc'><strong>1</strong></span> <span class='ocrx_word' id='word_1_2' title='bbox 508 279 600 334; x_wconf 73' lang='grc'><strong>199</strong></span> <span class='ocrx_word' id='word_1_3' title='bbox 1897 277 2035 333; x_wconf 67' lang='grc'><strong>0111(</strong></span> 
     </span>
    </p>
   </div>
   <div class='ocr_carea' id='block_1_2' title="bbox 2136 276 3720 334">
    <p class='ocr_par' dir='ltr' id='par_1_2' title="bbox 2136 277 3720 334">
     <span class='ocr_line' id='line_1_2' title="bbox 2136 277 3720 334; baseline 0.001 -2"><span class='ocrx_word' id='word_1_4' title='bbox 2136 277 2217 332; x_wconf 83' lang='lat' dir='ltr'><strong>tlS</strong></span> <span class='ocrx_word' id='word_1_5' title='bbox 3575 278 3720 334; x_wconf 62' lang='lat'><strong>13-20</strong></span> 
     </span>
    </p>
   </div>
   <div class='ocr_carea' id='block_1_3' title="bbox 460 385 3720 460">
    <p class='ocr_par' dir='ltr' id='par_1_3' title="bbox 460 385 3720 460">
     <span class='ocr_line' id='line_1_3' title="bbox 460 385 3720 460; baseline 0 -15"><span class='ocrx_word' id='word_1_6' title='bbox 460 404 694 460; x_wconf 83' lang='lat' dir='ltr'><strong>sequens</strong></span> <span class='ocrx_word' id='word_1_7' title='bbox 733 387 906 441; x_wconf 85' lang='lat' dir='ltr'><strong>adhuc</strong></span> <span class='ocrx_word' id='word_1_8' title='bbox 945 388 1009 440; x_wconf 84' lang='lat' dir='ltr'><strong>de</strong></span> <span class='ocrx_word' id='word_1_9' title='bbox 1055 385 1216 440; x_wconf 84' lang='lat' dir='ltr'><strong>Israel</strong></span> <span class='ocrx_word' id='word_1_10' title='bbox 1247 394 1302 438; x_wconf 90' lang='lat' dir='ltr'><strong>et</strong></span> <span class='ocrx_word' id='word_1_11' title='bbox 1347 386 1598 452; x_wconf 74' lang='lat' dir='ltr'><strong>gentibus</strong></span> <span class='ocrx_word' id='word_1_12' title='bbox 1637 387 1951 455; x_wconf 77' lang='lat' dir='ltr'><strong>Apostolus,</strong></span> <span class='ocrx_word' id='word_1_13' title='bbox 1977 397 2031 441; x_wconf 90' lang='lat' dir='ltr'><strong>et</strong></span> <span class='ocrx_word' id='word_1_14' title='bbox 2059 393 2100 450; x_wconf 76' lang='grc' dir='ltr'><strong>Α</strong></span> <span class='ocrx_word' id='word_1_15' title='bbox 2133 388 2493 458; x_wconf 83' lang='lat' dir='ltr'><strong>dispensatio,</strong></span> <span class='ocrx_word' id='word_1_16' title='bbox 2521 387 2685 442; x_wconf 87' lang='lat' dir='ltr'><strong>etiam</strong></span> <span class='ocrx_word' id='word_1_17' title='bbox 2739 387 2840 456; x_wconf 87' lang='lat' dir='ltr'><strong>ipsi</strong></span> <span class='ocrx_word' id='word_1_18' title='bbox 2890 386 3320 444; x_wconf 87' lang='lat' dir='ltr'><strong>misericordiam</strong></span> <span class='ocrx_word' id='word_1_19' title='bbox 3372 405 3720 460; x_wconf 84' lang='lat' dir='ltr'><strong>consequen-</strong></span> 
     </span>
    </p>
   </div>
   <div class='ocr_carea' id='block_1_4' title="bbox 465 477 3718 548">
    <p class='ocr_par' dir='ltr' id='par_1_4' title="bbox 465 477 3718 548">
     <span class='ocr_line' id='line_1_4' title="bbox 465 477 3718 548; baseline 0 -12"><span class='ocrx_word' id='word_1_20' title='bbox 465 485 630 538; x_wconf 89' lang='lat' dir='ltr'><strong>ratnis</strong></span> <span class='ocrx_word' id='word_1_21' title='bbox 677 481 895 536; x_wconf 96' lang='lat' dir='ltr'><strong>oleastri</strong></span> <span class='ocrx_word' id='word_1_22' title='bbox 930 478 1019 547; x_wconf 92' lang='lat' dir='ltr'><strong>qui</strong></span> <span class='ocrx_word' id='word_1_23' title='bbox 1055 477 1386 532; x_wconf 86' lang='lat' dir='ltr'><strong>insultabant</strong></span> <span class='ocrx_word' id='word_1_24' title='bbox 1420 479 1588 533; x_wconf 81' lang='lat' dir='ltr'><strong>rantis</strong></span> <span class='ocrx_word' id='word_1_25' title='bbox 1642 480 1797 533; x_wconf 68' lang='lat' dir='ltr'><strong>olivae</strong></span> <span class='ocrx_word' id='word_1_26' title='bbox 1848 480 2026 533; x_wconf 73' lang='lat' dir='ltr'><strong>deira-</strong></span> <span class='ocrx_word' id='word_1_27' title='bbox 2137 486 2242 532; x_wconf 91' lang='lat' dir='ltr'><strong>tur.</strong></span> <span class='ocrx_word' id='word_1_28' title='bbox 2269 478 2323 531; x_wconf 91' lang='lat' dir='ltr'><strong>in</strong></span> <span class='ocrx_word' id='word_1_29' title='bbox 2352 493 2458 547; x_wconf 87' lang='lat' dir='ltr'><strong>quo</strong></span> <span class='ocrx_word' id='word_1_30' title='bbox 2485 477 2668 532; x_wconf 78' lang='lat' dir='ltr'><strong>volens</strong></span> <span class='ocrx_word' id='word_1_31' title='bbox 2684 478 2972 548; x_wconf 74' lang='lat' dir='ltr'><strong>Apostolus</strong></span> <span class='ocrx_word' id='word_1_32' title='bbox 3005 479 3297 535; x_wconf 74' lang='lat' dir='ltr'><strong>bonitatem</strong></span> <span class='ocrx_word' id='word_1_33' title='bbox 3319 481 3415 534; x_wconf 85' lang='lat' dir='ltr'><strong>Dei</strong></span> <span class='ocrx_word' id='word_1_34' title='bbox 3448 485 3718 537; x_wconf 83' lang='lat' dir='ltr'><strong>ostende-</strong></span> 
     </span>
    </p>
   </div>
   <div class='ocr_carea' id='block_1_5' title="bbox 461 569 3714 642">
    <p class='ocr_par' dir='ltr' id='par_1_5' title="bbox 461 569 3714 642">
     <span class='ocr_line' id='line_1_5' title="bbox 461 569 3714 642; baseline -0.001 -11"><span class='ocrx_word' id='word_1_35' title='bbox 461 577 566 630; x_wconf 91' lang='lat' dir='ltr'><strong>ctis</strong></span> <span class='ocrx_word' id='word_1_36' title='bbox 604 574 717 642; x_wconf 76' lang='lat'><strong>(20)</strong></span> <span class='ocrx_word' id='word_1_37' title='bbox 755 575 1026 639; x_wconf 89' lang='lat' dir='ltr'><strong>imputans</strong></span> <span class='ocrx_word' id='word_1_38' title='bbox 1073 569 1237 624; x_wconf 89' lang='lat' dir='ltr'><strong>etiam</strong></span> <span class='ocrx_word' id='word_1_39' title='bbox 1291 571 1405 626; x_wconf 77' lang='lat' dir='ltr'><strong>htec</strong></span> <span class='ocrx_word' id='word_1_40' title='bbox 1447 571 1598 624; x_wconf 91' lang='lat' dir='ltr'><strong>addit</strong></span> <span class='ocrx_word' id='word_1_41' title='bbox 1635 585 1651 624; x_wconf 87' lang='lat'><strong>:</strong></span> <span class='ocrx_word' id='word_1_42' title='bbox 1687 571 1822 638; x_wconf 83' lang='lat' dir='ltr'><strong>Quia</strong></span> <span class='ocrx_word' id='word_1_43' title='bbox 1860 571 2026 626; x_wconf 90' lang='lat' dir='ltr'><strong>Israel</strong></span> <span class='ocrx_word' id='word_1_44' title='bbox 2136 584 2331 638; x_wconf 89' lang='lat' dir='ltr'><strong>re,qua</strong></span> <span class='ocrx_word' id='word_1_45' title='bbox 2351 569 2724 625; x_wconf 86' lang='lat' dir='ltr'><strong>incredulitate</strong></span> <span class='ocrx_word' id='word_1_46' title='bbox 2747 570 3004 637; x_wconf 88' lang='lat' dir='ltr'><strong>aliorum,</strong></span> <span class='ocrx_word' id='word_1_47' title='bbox 3031 571 3259 626; x_wconf 85' lang='lat' dir='ltr'><strong>aliorum</strong></span> <span class='ocrx_word' id='word_1_48' title='bbox 3287 572 3520 628; x_wconf 80' lang='lat' dir='ltr'><strong>salutem</strong></span> <span class='ocrx_word' id='word_1_49' title='bbox 3538 573 3714 628; x_wconf 79' lang='lat' dir='ltr'><strong>facit:</strong></span> 
     </span>
    </p>
   </div>
   <div class='ocr_carea' id='block_1_6' title="bbox 461 661 3718 733">
    <p class='ocr_par' dir='ltr' id='par_1_6' title="bbox 461 661 3718 733">
     <span class='ocr_line' id='line_1_6' title="bbox 461 661 3718 733; baseline -0 -15"><span class='ocrx_word' id='word_1_50' title='bbox 461 665 760 720; x_wconf 84' lang='lat' dir='ltr'><strong>secundum</strong></span> <span class='ocrx_word' id='word_1_51' title='bbox 800 663 1150 730; x_wconf 76' lang='lat' dir='ltr'><strong>Evangelium</strong></span> <span class='ocrx_word' id='word_1_52' title='bbox 1187 662 1406 731; x_wconf 84' lang='lat' dir='ltr'><strong>quidem</strong></span> <span class='ocrx_word' id='word_1_53' title='bbox 1451 662 1705 717; x_wconf 89' lang='lat' dir='ltr'><strong>inimicus</strong></span> <span class='ocrx_word' id='word_1_54' title='bbox 1746 661 1920 718; x_wconf 79' lang='lat' dir='ltr'><strong>factus</strong></span> <span class='ocrx_word' id='word_1_55' title='bbox 1945 673 2029 718; x_wconf 92' lang='lat' dir='ltr'><strong>est</strong></span> <span class='ocrx_word' id='word_1_56' title='bbox 2139 662 2478 729; x_wconf 76' lang='lat' dir='ltr'><strong>tConclusit,</strong></span> <span class='ocrx_word' id='word_1_57' title='bbox 2522 661 2715 728; x_wconf 82' lang='lat' dir='ltr'><strong>inquit,</strong></span> <span class='ocrx_word' id='word_1_58' title='bbox 2765 662 3276 733; x_wconf 57' lang='lat' dir='ltr'><strong>Deusomnesﬁii)</strong></span> <span class='ocrx_word' id='word_1_59' title='bbox 3303 663 3358 718; x_wconf 89' lang='lat' dir='ltr'><strong>in</strong></span> <span class='ocrx_word' id='word_1_60' title='bbox 3405 663 3718 718; x_wconf 83' lang='lat' dir='ltr'><strong>increduli-</strong></span> 
     </span>
    </p>
   </div>
   <div class='ocr_carea' id='block_1_7' title="bbox 462 753 3721 825">
    <p class='ocr_par' dir='ltr' id='par_1_7' title="bbox 462 753 3721 825">
     <span class='ocr_line' id='line_1_7' title="bbox 462 753 3721 825; baseline -0 -14"><span class='ocrx_word' id='word_1_61' title='bbox 462 759 570 812; x_wconf 84' lang='lat' dir='ltr'><strong>Deo</strong></span> <span class='ocrx_word' id='word_1_62' title='bbox 591 798 605 822; x_wconf 95' lang='lat'><strong>,</strong></span> <span class='ocrx_word' id='word_1_63' title='bbox 653 757 777 824; x_wconf 83' lang='lat' dir='ltr'><strong>quia</strong></span> <span class='ocrx_word' id='word_1_64' title='bbox 826 772 931 809; x_wconf 89' lang='lat' dir='ltr'><strong>non</strong></span> <span class='ocrx_word' id='word_1_65' title='bbox 980 755 1212 810; x_wconf 84' lang='lat' dir='ltr'><strong>credidit</strong></span> <span class='ocrx_word' id='word_1_66' title='bbox 1243 753 1463 809; x_wconf 82' lang='lat' dir='ltr'><strong>Christo</strong></span> <span class='ocrx_word' id='word_1_67' title='bbox 1491 769 1505 806; x_wconf 90' lang='lat'><strong>:</strong></span> <span class='ocrx_word' id='word_1_68' title='bbox 1532 762 1793 822; x_wconf 85' lang='lat' dir='ltr'><strong>quantum</strong></span> <span class='ocrx_word' id='word_1_69' title='bbox 1847 763 2029 809; x_wconf 85' lang='lat' dir='ltr'><strong>autem</strong></span> <span class='ocrx_word' id='word_1_70' title='bbox 2134 766 2266 822; x_wconf 88' lang='lat' dir='ltr'><strong>tate,</strong></span> <span class='ocrx_word' id='word_1_71' title='bbox 2295 765 2356 811; x_wconf 91' lang='lat' dir='ltr'><strong>ut</strong></span> <span class='ocrx_word' id='word_1_72' title='bbox 2382 755 2636 810; x_wconf 87' lang='lat' dir='ltr'><strong>omnibus</strong></span> <span class='ocrx_word' id='word_1_73' title='bbox 2661 756 3022 818; x_wconf 81' lang='lat' dir='ltr'><strong>misereatur;</strong></span> <span class='ocrx_word' id='word_1_74' title='bbox 3056 772 3075 806; x_wconf 73' lang='grc' dir='ltr'><strong>ι</strong></span> <span class='ocrx_word' id='word_1_75' title='bbox 3106 769 3210 808; x_wconf 90' lang='lat' dir='ltr'><strong>non</strong></span> <span class='ocrx_word' id='word_1_76' title='bbox 3238 769 3346 822; x_wconf 89' lang='lat' dir='ltr'><strong>quo</strong></span> <span class='ocrx_word' id='word_1_77' title='bbox 3375 756 3496 825; x_wconf 89' lang='lat' dir='ltr'><strong>ipse</strong></span> <span class='ocrx_word' id='word_1_78' title='bbox 3520 755 3604 811; x_wconf 88' lang='lat' dir='ltr'><strong>eis</strong></span> <span class='ocrx_word' id='word_1_79' title='bbox 3635 759 3721 810; x_wconf 82' lang='lat' dir='ltr'><strong>in-</strong></span> 
     </span>
    </p>
   </div>
   <div class='ocr_carea' id='block_1_8' title="bbox 462 844 3713 918">
    <p class='ocr_par' dir='ltr' id='par_1_8' title="bbox 462 844 3713 918">
     <span class='ocr_line' id='line_1_8' title="bbox 462 844 3713 918; baseline 0 -16"><span class='ocrx_word' id='word_1_80' title='bbox 462 857 673 918; x_wconf 80' lang='lat' dir='ltr'><strong>spectat</strong></span> <span class='ocrx_word' id='word_1_81' title='bbox 709 849 777 902; x_wconf 91' lang='lat' dir='ltr'><strong>ad</strong></span> <span class='ocrx_word' id='word_1_82' title='bbox 819 847 1292 902; x_wconf 80' lang='lat' dir='ltr'><strong>honoriﬁcentiam</strong></span> <span class='ocrx_word' id='word_1_83' title='bbox 1331 855 1570 914; x_wconf 89' lang='lat' dir='ltr'><strong>patrum,</strong></span> <span class='ocrx_word' id='word_1_84' title='bbox 1603 844 1810 899; x_wconf 85' lang='lat' dir='ltr'><strong>electus</strong></span> <span class='ocrx_word' id='word_1_85' title='bbox 1839 854 1941 908; x_wconf 91' lang='lat' dir='ltr'><strong>est,</strong></span> <span class='ocrx_word' id='word_1_86' title='bbox 1977 854 2034 900; x_wconf 90' lang='lat' dir='ltr'><strong>et</strong></span> <span class='ocrx_word' id='word_1_87' title='bbox 2128 847 2323 916; x_wconf 80' lang='lat' dir='ltr'><strong>jecerit</strong></span> <span class='ocrx_word' id='word_1_88' title='bbox 2371 847 2765 904; x_wconf 86' lang='lat' dir='ltr'><strong>incredulitatis</strong></span> <span class='ocrx_word' id='word_1_89' title='bbox 2804 846 3166 915; x_wconf 83' lang='lat' dir='ltr'><strong>propositum,</strong></span> <span class='ocrx_word' id='word_1_90' title='bbox 3199 847 3298 902; x_wconf 89' lang='lat' dir='ltr'><strong>sed</strong></span> <span class='ocrx_word' id='word_1_91' title='bbox 3343 862 3414 902; x_wconf 76' lang='lat' dir='ltr'><strong>ex</strong></span> <span class='ocrx_word' id='word_1_92' title='bbox 3456 847 3713 916; x_wconf 87' lang='lat' dir='ltr'><strong>ipsorum</strong></span> 
     </span>
    </p>
   </div>
   <div class='ocr_carea' id='block_1_9' title="bbox 460 935 3717 1009">
    <p class='ocr_par' dir='ltr' id='par_1_9' title="bbox 460 935 3717 1009">
     <span class='ocr_line' id='line_1_9' title="bbox 460 935 3717 1009; baseline 0 -15"><span class='ocrx_word' id='word_1_93' title='bbox 460 940 814 995; x_wconf 78' lang='lat' dir='ltr'><strong>citarissimns</strong></span> <span class='ocrx_word' id='word_1_94' title='bbox 847 939 1076 994; x_wconf 84' lang='lat' dir='ltr'><strong>habetur</strong></span> <span class='ocrx_word' id='word_1_95' title='bbox 1106 937 1245 1008; x_wconf 89' lang='lat' dir='ltr'><strong>apud</strong></span> <span class='ocrx_word' id='word_1_96' title='bbox 1289 937 1479 991; x_wconf 88' lang='lat' dir='ltr'><strong>Deum.</strong></span> <span class='ocrx_word' id='word_1_97' title='bbox 1509 935 1688 991; x_wconf 88' lang='lat' dir='ltr'><strong>Semel</strong></span> <span class='ocrx_word' id='word_1_98' title='bbox 1719 947 1902 991; x_wconf 88' lang='lat' dir='ltr'><strong>autem</strong></span> <span class='ocrx_word' id='word_1_99' title='bbox 1935 939 2031 991; x_wconf 79' lang='lat' dir='ltr'><strong>do-</strong></span> <span class='ocrx_word' id='word_1_100' title='bbox 2135 939 2530 996; x_wconf 79' lang='lat' dir='ltr'><strong>incredulitatis</strong></span> <span class='ocrx_word' id='word_1_101' title='bbox 2568 948 2848 1009; x_wconf 88' lang='lat' dir='ltr'><strong>propostto</strong></span> <span class='ocrx_word' id='word_1_102' title='bbox 2885 938 3144 994; x_wconf 87' lang='lat' dir='ltr'><strong>credendi</strong></span> <span class='ocrx_word' id='word_1_103' title='bbox 3185 939 3394 993; x_wconf 81' lang='lat' dir='ltr'><strong>aditum</strong></span> <span class='ocrx_word' id='word_1_104' title='bbox 3447 939 3575 994; x_wconf 84' lang='lat' dir='ltr'><strong>aliis</strong></span> <span class='ocrx_word' id='word_1_105' title='bbox 3621 941 3717 1008; x_wconf 84' lang='lat' dir='ltr'><strong>qui</strong></span> 
     </span>
    </p>
   </div>
   <div class='ocr_carea' id='block_1_10' title="bbox 461 1026 2032 1098">
    <p class='ocr_par' dir='ltr' id='par_1_10' title="bbox 461 1026 2032 1098">
     <span class='ocr_line' id='line_1_10' title="bbox 461 1026 2032 1098; baseline -0.004 -13"><span class='ocrx_word' id='word_1_106' title='bbox 461 1043 585 1085; x_wconf 84' lang='lat' dir='ltr'><strong>nata</strong></span> <span class='ocrx_word' id='word_1_107' title='bbox 621 1031 888 1086; x_wconf 89' lang='lat' dir='ltr'><strong>electione</strong></span> <span class='ocrx_word' id='word_1_108' title='bbox 925 1028 1121 1084; x_wconf 84' lang='lat' dir='ltr'><strong>semini</strong></span> <span class='ocrx_word' id='word_1_109' title='bbox 1166 1037 1410 1098; x_wconf 88' lang='lat' dir='ltr'><strong>patrum,</strong></span> <span class='ocrx_word' id='word_1_110' title='bbox 1459 1036 1514 1082; x_wconf 90' lang='lat' dir='ltr'><strong>et</strong></span> <span class='ocrx_word' id='word_1_111' title='bbox 1561 1026 1853 1082; x_wconf 84' lang='lat' dir='ltr'><strong>dilectione</strong></span> <span class='ocrx_word' id='word_1_112' title='bbox 1900 1041 2032 1081; x_wconf 85' lang='lat' dir='ltr'><strong>con-</strong></span> 
     </span>
    </p>
   </div>
   <div class='ocr_carea' id='block_1_11' title="bbox 460 1110 2034 1188">
    <p class='ocr_par' dir='ltr' id='par_1_11' title="bbox 460 1110 2034 1188">
     <span class='ocr_line' id='line_1_11' title="bbox 460 1110 2034 1188; baseline -0.004 -9"><span class='ocrx_word' id='word_1_113' title='bbox 460 1139 637 1188; x_wconf 89' lang='lat' dir='ltr'><strong>cessa,</strong></span> <span class='ocrx_word' id='word_1_114' title='bbox 671 1110 852 1178; x_wconf 78' lang='lat' dir='ltr'><strong>servat</strong></span> <span class='ocrx_word' id='word_1_115' title='bbox 892 1120 1011 1176; x_wconf 92' lang='lat' dir='ltr'><strong>sine</strong></span> <span class='ocrx_word' id='word_1_116' title='bbox 1059 1120 1226 1174; x_wconf 93' lang='lat' dir='ltr'><strong>dubio</strong></span> <span class='ocrx_word' id='word_1_117' title='bbox 1259 1119 1398 1174; x_wconf 87' lang='lat' dir='ltr'><strong>Deus</strong></span> <span class='ocrx_word' id='word_1_118' title='bbox 1442 1119 1582 1173; x_wconf 90' lang='lat' dir='ltr'><strong>dona</strong></span> <span class='ocrx_word' id='word_1_119' title='bbox 1608 1127 1662 1172; x_wconf 92' lang='lat' dir='ltr'><strong>et</strong></span> <span class='ocrx_word' id='word_1_120' title='bbox 1691 1117 2034 1174; x_wconf 88' lang='lat' dir='ltr'><strong>vocationem</strong></span> 
     </span>
    </p>
   </div>
   <div class='ocr_carea' id='block_1_12' title="bbox 460 1207 2032 1284">
    <p class='ocr_par' dir='ltr' id='par_1_12' title="bbox 460 1207 2032 1284">
     <span class='ocr_line' id='line_1_12' title="bbox 460 1207 2032 1284; baseline -0.008 -14"><span class='ocrx_word' id='word_1_121' title='bbox 460 1230 614 1270; x_wconf 88' lang='lat' dir='ltr'><strong>suam</strong></span> <span class='ocrx_word' id='word_1_122' title='bbox 656 1231 780 1284; x_wconf 88' lang='lat' dir='ltr'><strong>erga</strong></span> <span class='ocrx_word' id='word_1_123' title='bbox 819 1227 1003 1268; x_wconf 87' lang='lat' dir='ltr'><strong>semen</strong></span> <span class='ocrx_word' id='word_1_124' title='bbox 1045 1227 1234 1266; x_wconf 92' lang='lat' dir='ltr'><strong>eorum</strong></span> <span class='ocrx_word' id='word_1_125' title='bbox 1281 1225 1510 1280; x_wconf 90' lang='lat' dir='ltr'><strong>quorum</strong></span> <span class='ocrx_word' id='word_1_126' title='bbox 1558 1209 1766 1264; x_wconf 87' lang='lat' dir='ltr'><strong>meritis</strong></span> <span class='ocrx_word' id='word_1_127' title='bbox 1823 1209 1875 1263; x_wconf 88' lang='lat' dir='ltr'><strong>id</strong></span> <span class='ocrx_word' id='word_1_128' title='bbox 1930 1207 2032 1262; x_wconf 89' lang='lat' dir='ltr'><strong>ali.</strong></span> 
     </span>
    </p>
   </div>
   <div class='ocr_carea' id='block_1_13' title="bbox 461 1299 2030 1375">
    <p class='ocr_par' dir='ltr' id='par_1_13' title="bbox 461 1299 2030 1375">
     <span class='ocr_line' id='line_1_13' title="bbox 461 1299 2030 1375; baseline -0.007 -15"><span class='ocrx_word' id='word_1_129' title='bbox 461 1308 679 1375; x_wconf 84' lang='lat' dir='ltr'><strong>quando</strong></span> <span class='ocrx_word' id='word_1_130' title='bbox 705 1305 932 1373; x_wconf 84' lang='lat' dir='ltr'><strong>largitus</strong></span> <span class='ocrx_word' id='word_1_131' title='bbox 947 1312 1030 1358; x_wconf 86' lang='lat' dir='ltr'><strong>est</strong></span> <span class='ocrx_word' id='word_1_132' title='bbox 1053 1321 1066 1356; x_wconf 88' lang='lat'><strong>:</strong></span> <span class='ocrx_word' id='word_1_133' title='bbox 1096 1316 1194 1356; x_wconf 89' lang='lat' dir='ltr'><strong>nec</strong></span> <span class='ocrx_word' id='word_1_134' title='bbox 1216 1300 1497 1370; x_wconf 74' lang='lat' dir='ltr'><strong>pmnitudo</strong></span> <span class='ocrx_word' id='word_1_135' title='bbox 1515 1299 1743 1354; x_wconf 86' lang='lat' dir='ltr'><strong>incurrit</strong></span> <span class='ocrx_word' id='word_1_136' title='bbox 1765 1299 1818 1354; x_wconf 89' lang='lat' dir='ltr'><strong>in</strong></span> <span class='ocrx_word' id='word_1_137' title='bbox 1841 1299 2030 1361; x_wconf 88' lang='lat' dir='ltr'><strong>Deum,</strong></span> 
     </span>
    </p>
   </div>
   <div class='ocr_carea' id='block_1_14' title="bbox 459 1389 2032 1463">
    <p class='ocr_par' dir='ltr' id='par_1_14' title="bbox 459 1389 2032 1463">
     <span class='ocr_line' id='line_1_14' title="bbox 459 1389 2032 1463; baseline -0.005 -13"><span class='ocrx_word' id='word_1_138' title='bbox 459 1396 671 1454; x_wconf 82' lang='lat' dir='ltr'><strong>etiamsi</strong></span> <span class='ocrx_word' id='word_1_139' title='bbox 699 1396 875 1450; x_wconf 88' lang='lat' dir='ltr'><strong>minus</strong></span> <span class='ocrx_word' id='word_1_140' title='bbox 903 1393 1048 1463; x_wconf 75' lang='lat' dir='ltr'><strong>digni</strong></span> <span class='ocrx_word' id='word_1_141' title='bbox 1075 1392 1363 1447; x_wconf 86' lang='lat' dir='ltr'><strong>videantur</strong></span> <span class='ocrx_word' id='word_1_142' title='bbox 1388 1392 1652 1445; x_wconf 81' lang='lat' dir='ltr'><strong>exsistere</strong></span> <span class='ocrx_word' id='word_1_143' title='bbox 1668 1389 1720 1443; x_wconf 94' lang='lat' dir='ltr'><strong>hi</strong></span> <span class='ocrx_word' id='word_1_144' title='bbox 1745 1404 1874 1458; x_wconf 90' lang='lat' dir='ltr'><strong>erga</strong></span> <span class='ocrx_word' id='word_1_145' title='bbox 1898 1402 2032 1457; x_wconf 86' lang='lat' dir='ltr'><strong>quos</strong></span> 
     </span>
    </p>
   </div>
   <div class='ocr_carea' id='block_1_15' title="bbox 463 1481 2034 1558">
    <p class='ocr_par' dir='ltr' id='par_1_15' title="bbox 463 1481 2034 1558">
     <span class='ocr_line' id='line_1_15' title="bbox 463 1481 2034 1558; baseline -0.005 -16"><span class='ocrx_word' id='word_1_146' title='bbox 463 1489 726 1558; x_wconf 69' lang='lat' dir='ltr'><strong>promiSsa</strong></span> <span class='ocrx_word' id='word_1_147' title='bbox 768 1488 1015 1556; x_wconf 81' lang='lat' dir='ltr'><strong>patribus</strong></span> <span class='ocrx_word' id='word_1_148' title='bbox 1063 1483 1326 1540; x_wconf 85' lang='lat' dir='ltr'><strong>beneiicia</strong></span> <span class='ocrx_word' id='word_1_149' title='bbox 1393 1482 1764 1539; x_wconf 81' lang='lat' dir='ltr'><strong>ctutieruntur.</strong></span> <span class='ocrx_word' id='word_1_150' title='bbox 1807 1481 2034 1545; x_wconf 81' lang='lat' dir='ltr'><strong>Verum,</strong></span> 
     </span>
    </p>
   </div>
   <div class='ocr_carea' id='block_1_16' title="bbox 462 1572 2032 1650">
    <p class='ocr_par' dir='ltr' id='par_1_16' title="bbox 462 1572 2032 1650">
     <span class='ocr_line' id='line_1_16' title="bbox 462 1572 2032 1650; baseline -0.005 -16"><span class='ocrx_word' id='word_1_151' title='bbox 462 1593 521 1636; x_wconf 92' lang='lat' dir='ltr'><strong>ut</strong></span> <span class='ocrx_word' id='word_1_152' title='bbox 556 1594 699 1650; x_wconf 73' lang='lat' dir='ltr'><strong>serpe</strong></span> <span class='ocrx_word' id='word_1_153' title='bbox 725 1577 1184 1642; x_wconf 87' lang='lat' dir='ltr'><strong>commonuimus,</strong></span> <span class='ocrx_word' id='word_1_154' title='bbox 1213 1577 1377 1630; x_wconf 88' lang='lat' dir='ltr'><strong>etiam</strong></span> <span class='ocrx_word' id='word_1_155' title='bbox 1427 1575 1479 1629; x_wconf 90' lang='lat' dir='ltr'><strong>in</strong></span> <span class='ocrx_word' id='word_1_156' title='bbox 1512 1573 1764 1642; x_wconf 66' lang='lat' dir='ltr'><strong>praesenti</strong></span> <span class='ocrx_word' id='word_1_157' title='bbox 1796 1573 1913 1628; x_wconf 88' lang='lat' dir='ltr'><strong>loco</strong></span> <span class='ocrx_word' id='word_1_158' title='bbox 1943 1572 2032 1626; x_wconf 84' lang='lat' dir='ltr'><strong>illa</strong></span> 
     </span>
    </p>
   </div>
   <div class='ocr_carea' id='block_1_17' title="bbox 460 1663 2030 1735">
    <p class='ocr_par' dir='ltr' id='par_1_17' title="bbox 460 1663 2030 1735">
     <span class='ocr_line' id='line_1_17' title="bbox 460 1663 2030 1735; baseline -0.006 -10"><span class='ocrx_word' id='word_1_159' title='bbox 460 1683 545 1727; x_wconf 87' lang='lat' dir='ltr'><strong>est</strong></span> <span class='ocrx_word' id='word_1_160' title='bbox 569 1669 909 1726; x_wconf 80' lang='lat' dir='ltr'><strong>obserVanda</strong></span> <span class='ocrx_word' id='word_1_161' title='bbox 955 1666 1262 1731; x_wconf 87' lang='lat' dir='ltr'><strong>distinctio,</strong></span> <span class='ocrx_word' id='word_1_162' title='bbox 1299 1666 1442 1735; x_wconf 89' lang='lat' dir='ltr'><strong>quod</strong></span> <span class='ocrx_word' id='word_1_163' title='bbox 1473 1663 1640 1719; x_wconf 89' lang='lat' dir='ltr'><strong>Israel</strong></span> <span class='ocrx_word' id='word_1_164' title='bbox 1681 1663 1900 1733; x_wconf 86' lang='lat' dir='ltr'><strong>quidem</strong></span> <span class='ocrx_word' id='word_1_165' title='bbox 1941 1663 2030 1732; x_wconf 85' lang='lat' dir='ltr'><strong>qui</strong></span> 
     </span>
    </p>
   </div>
   <div class='ocr_carea' id='block_1_18' title="bbox 463 1754 2031 1825">
    <p class='ocr_par' dir='ltr' id='par_1_18' title="bbox 463 1754 2031 1825">
     <span class='ocr_line' id='line_1_18' title="bbox 463 1754 2031 1825; baseline -0.005 -9"><span class='ocrx_word' id='word_1_166' title='bbox 463 1764 720 1816; x_wconf 91' lang='lat' dir='ltr'><strong>inimicus</strong></span> <span class='ocrx_word' id='word_1_167' title='bbox 752 1770 836 1814; x_wconf 91' lang='lat' dir='ltr'><strong>cst</strong></span> <span class='ocrx_word' id='word_1_168' title='bbox 867 1757 998 1825; x_wconf 88' lang='lat' dir='ltr'><strong>Deo,</strong></span> <span class='ocrx_word' id='word_1_169' title='bbox 1041 1758 1132 1813; x_wconf 90' lang='lat' dir='ltr'><strong>ille</strong></span> <span class='ocrx_word' id='word_1_170' title='bbox 1177 1757 1393 1812; x_wconf 81' lang='lat' dir='ltr'><strong>dicatur</strong></span> <span class='ocrx_word' id='word_1_171' title='bbox 1424 1757 1515 1824; x_wconf 92' lang='lat' dir='ltr'><strong>qui</strong></span> <span class='ocrx_word' id='word_1_172' title='bbox 1550 1755 1751 1810; x_wconf 89' lang='lat' dir='ltr'><strong>clamat</strong></span> <span class='ocrx_word' id='word_1_173' title='bbox 1774 1755 1840 1810; x_wconf 88' lang='lat' dir='ltr'><strong>de</strong></span> <span class='ocrx_word' id='word_1_174' title='bbox 1872 1754 2031 1810; x_wconf 83' lang='lat' dir='ltr'><strong>Citri-</strong></span> 
     </span>
    </p>
   </div>
   <div class='ocr_carea' id='block_1_19' title="bbox 461 1844 2034 1916">
    <p class='ocr_par' dir='ltr' id='par_1_19' title="bbox 461 1844 2034 1916">
     <span class='ocr_line' id='line_1_19' title="bbox 461 1844 2034 1916; baseline -0.005 -11"><span class='ocrx_word' id='word_1_175' title='bbox 461 1861 549 1906; x_wconf 88' lang='lat' dir='ltr'><strong>sto</strong></span> <span class='ocrx_word' id='word_1_176' title='bbox 578 1870 590 1906; x_wconf 89' lang='lat'><strong>:</strong></span> <span class='ocrx_word' id='word_1_177' title='bbox 616 1869 636 1902; x_wconf 78' lang='grc' dir='ltr'><strong>ι</strong></span> <span class='ocrx_word' id='word_1_178' title='bbox 659 1849 832 1912; x_wconf 88' lang='lat' dir='ltr'><strong>Tolle,</strong></span> <span class='ocrx_word' id='word_1_179' title='bbox 863 1848 1006 1912; x_wconf 91' lang='lat' dir='ltr'><strong>tolle,</strong></span> <span class='ocrx_word' id='word_1_180' title='bbox 1031 1847 1290 1916; x_wconf 84' lang='lat' dir='ltr'><strong>erucilige</strong></span> <span class='ocrx_word' id='word_1_181' title='bbox 1315 1861 1438 1900; x_wconf 92' lang='lat' dir='ltr'><strong>eum</strong></span> <span class='ocrx_word' id='word_1_182' title='bbox 1455 1845 1522 1900; x_wconf 82' lang='grc'><strong>⁸⁷.</strong></span> <span class='ocrx_word' id='word_1_183' title='bbox 1545 1862 1566 1896; x_wconf 75' lang='grc' dir='ltr'><strong>ι</strong></span> <span class='ocrx_word' id='word_1_184' title='bbox 1589 1844 1869 1912; x_wconf 76' lang='lat' dir='ltr'><strong>Quomodo</strong></span> <span class='ocrx_word' id='word_1_185' title='bbox 1886 1844 2034 1900; x_wconf 85' lang='lat' dir='ltr'><strong>enim</strong></span> 
     </span>
    </p>
   </div>
   <div class='ocr_carea' id='block_1_20' title="bbox 464 1936 2034 2008">
    <p class='ocr_par' dir='ltr' id='par_1_20' title="bbox 464 1936 2034 2008">
     <span class='ocr_line' id='line_1_20' title="bbox 464 1936 2034 2008; baseline -0.005 -12"><span class='ocrx_word' id='word_1_186' title='bbox 464 1958 570 1998; x_wconf 91' lang='lat' dir='ltr'><strong>non</strong></span> <span class='ocrx_word' id='word_1_187' title='bbox 618 1942 876 1996; x_wconf 88' lang='lat' dir='ltr'><strong>dicantur</strong></span> <span class='ocrx_word' id='word_1_188' title='bbox 927 1939 1130 1994; x_wconf 88' lang='lat' dir='ltr'><strong>inimici</strong></span> <span class='ocrx_word' id='word_1_189' title='bbox 1182 1938 1274 1994; x_wconf 92' lang='lat' dir='ltr'><strong>Dei</strong></span> <span class='ocrx_word' id='word_1_190' title='bbox 1329 1937 1463 2006; x_wconf 71' lang='grc'><strong>(31),</strong></span> <span class='ocrx_word' id='word_1_191' title='bbox 1497 1939 1590 2008; x_wconf 90' lang='lat' dir='ltr'><strong>qui</strong></span> <span class='ocrx_word' id='word_1_192' title='bbox 1634 1938 1718 1993; x_wconf 88' lang='lat' dir='ltr'><strong>vel</strong></span> <span class='ocrx_word' id='word_1_193' title='bbox 1773 1947 1922 2002; x_wconf 90' lang='lat' dir='ltr'><strong>tunc,</strong></span> <span class='ocrx_word' id='word_1_194' title='bbox 1950 1936 2034 1989; x_wconf 86' lang='lat' dir='ltr'><strong>vel</strong></span> 
     </span>
    </p>
   </div>
   <div class='ocr_carea' id='block_1_21' title="bbox 463 2026 2034 2096">
    <p class='ocr_par' dir='ltr' id='par_1_21' title="bbox 463 2026 2034 2096">
     <span class='ocr_line' id='line_1_21' title="bbox 463 2026 2034 2096; baseline -0.001 -14"><span class='ocrx_word' id='word_1_195' title='bbox 463 2033 625 2086; x_wconf 84' lang='lat' dir='ltr'><strong>etiam</strong></span> <span class='ocrx_word' id='word_1_196' title='bbox 664 2045 806 2086; x_wconf 89' lang='lat' dir='ltr'><strong>nunc</strong></span> <span class='ocrx_word' id='word_1_197' title='bbox 837 2029 1082 2084; x_wconf 73' lang='lat' dir='ltr'><strong>dixerint</strong></span> <span class='ocrx_word' id='word_1_198' title='bbox 1115 2030 1236 2093; x_wconf 89' lang='lat' dir='ltr'><strong>ista,</strong></span> <span class='ocrx_word' id='word_1_199' title='bbox 1272 2028 1357 2083; x_wconf 91' lang='lat' dir='ltr'><strong>vel</strong></span> <span class='ocrx_word' id='word_1_200' title='bbox 1395 2028 1610 2084; x_wconf 81' lang='lat' dir='ltr'><strong>dicant?</strong></span> <span class='ocrx_word' id='word_1_201' title='bbox 1637 2027 1744 2084; x_wconf 82' lang='lat' dir='ltr'><strong>Sed</strong></span> <span class='ocrx_word' id='word_1_202' title='bbox 1777 2026 1921 2096; x_wconf 90' lang='lat' dir='ltr'><strong>quod</strong></span> <span class='ocrx_word' id='word_1_203' title='bbox 1946 2027 2034 2081; x_wconf 73' lang='lat' dir='ltr'><strong>di-</strong></span> 
     </span>
    </p>
   </div>
   <div class='ocr_carea' id='block_1_22' title="bbox 463 2119 2036 2194">
    <p class='ocr_par' dir='ltr' id='par_1_22' title="bbox 463 2119 2036 2194">
     <span class='ocr_line' id='line_1_22' title="bbox 463 2119 2036 2194; baseline -0.004 -14"><span class='ocrx_word' id='word_1_204' title='bbox 463 2126 560 2188; x_wconf 81' lang='lat' dir='ltr'><strong>cit,</strong></span> <span class='ocrx_word' id='word_1_205' title='bbox 590 2143 610 2175; x_wconf 80' lang='grc' dir='ltr'><strong>ι</strong></span> <span class='ocrx_word' id='word_1_206' title='bbox 629 2137 844 2194; x_wconf 85' lang='lat' dir='ltr'><strong>propter</strong></span> <span class='ocrx_word' id='word_1_207' title='bbox 879 2138 997 2184; x_wconf 84' lang='lat' dir='ltr'><strong>vos,</strong></span> <span class='ocrx_word' id='word_1_208' title='bbox 1022 2141 1040 2171; x_wconf 80' lang='grc' dir='ltr'><strong>ι</strong></span> <span class='ocrx_word' id='word_1_209' title='bbox 1083 2123 1182 2176; x_wconf 89' lang='lat' dir='ltr'><strong>hoc</strong></span> <span class='ocrx_word' id='word_1_210' title='bbox 1212 2131 1296 2177; x_wconf 88' lang='lat' dir='ltr'><strong>est</strong></span> <span class='ocrx_word' id='word_1_211' title='bbox 1325 2121 1461 2190; x_wconf 57' lang='grc' dir='ltr'><strong>(ἦ),</strong></span> <span class='ocrx_word' id='word_1_212' title='bbox 1484 2135 1715 2190; x_wconf 91' lang='lat' dir='ltr'><strong>quorum</strong></span> <span class='ocrx_word' id='word_1_213' title='bbox 1739 2120 1899 2176; x_wconf 90' lang='lat' dir='ltr'><strong>saluti</strong></span> <span class='ocrx_word' id='word_1_214' title='bbox 1923 2119 2036 2174; x_wconf 88' lang='lat' dir='ltr'><strong>sci-</strong></span> 
     </span>
    </p>
   </div>
   <div class='ocr_carea' id='block_1_23' title="bbox 463 2210 2032 2284">
    <p class='ocr_par' dir='ltr' id='par_1_23' title="bbox 463 2210 2032 2284">
     <span class='ocr_line' id='line_1_23' title="bbox 463 2210 2032 2284; baseline -0.003 -14"><span class='ocrx_word' id='word_1_215' title='bbox 463 2218 590 2270; x_wconf 85' lang='lat' dir='ltr'><strong>licet</strong></span> <span class='ocrx_word' id='word_1_216' title='bbox 611 2213 872 2279; x_wconf 88' lang='lat' dir='ltr'><strong>invident,</strong></span> <span class='ocrx_word' id='word_1_217' title='bbox 907 2213 1260 2284; x_wconf 84' lang='lat' dir='ltr'><strong>prohibentes</strong></span> <span class='ocrx_word' id='word_1_218' title='bbox 1289 2211 1564 2282; x_wconf 82' lang='lat' dir='ltr'><strong>apostolos</strong></span> <span class='ocrx_word' id='word_1_219' title='bbox 1582 2211 1837 2281; x_wconf 76' lang='lat' dir='ltr'><strong>gentibus</strong></span> <span class='ocrx_word' id='word_1_220' title='bbox 1864 2210 2032 2283; x_wconf 82' lang='lat' dir='ltr'><strong>loqui,</strong></span> 
     </span>
    </p>
   </div>
   <div class='ocr_carea' id='block_1_24' title="bbox 463 2303 2033 2379">
    <p class='ocr_par' dir='ltr' id='par_1_24' title="bbox 463 2303 2033 2379">
     <span class='ocr_line' id='line_1_24' title="bbox 463 2303 2033 2379; baseline -0.004 -14"><span class='ocrx_word' id='word_1_221' title='bbox 463 2321 522 2365; x_wconf 82' lang='lat' dir='ltr'><strong>et</strong></span> <span class='ocrx_word' id='word_1_222' title='bbox 545 2316 936 2379; x_wconf 79' lang='lat' dir='ltr'><strong>persequentes</strong></span> <span class='ocrx_word' id='word_1_223' title='bbox 962 2321 1056 2360; x_wconf 86' lang='lat' dir='ltr'><strong>eos</strong></span> <span class='ocrx_word' id='word_1_224' title='bbox 1092 2305 1188 2373; x_wconf 87' lang='lat' dir='ltr'><strong>qui</strong></span> <span class='ocrx_word' id='word_1_225' title='bbox 1237 2305 1567 2360; x_wconf 82' lang='lat' dir='ltr'><strong>annuntiant</strong></span> <span class='ocrx_word' id='word_1_226' title='bbox 1598 2303 1897 2360; x_wconf 79' lang='lat' dir='ltr'><strong>ChriStum.</strong></span> <span class='ocrx_word' id='word_1_227' title='bbox 1930 2303 2033 2360; x_wconf 90' lang='lat' dir='ltr'><strong>Sc-</strong></span> 
     </span>
    </p>
   </div>
   <div class='ocr_carea' id='block_1_25' title="bbox 463 2396 2034 2468">
    <p class='ocr_par' dir='ltr' id='par_1_25' title="bbox 463 2396 2034 2468">
     <span class='ocr_line' id='line_1_25' title="bbox 463 2396 2034 2468; baseline -0.004 -12"><span class='ocrx_word' id='word_1_228' title='bbox 463 2402 697 2456; x_wconf 83' lang='lat' dir='ltr'><strong>cundum</strong></span> <span class='ocrx_word' id='word_1_229' title='bbox 738 2399 992 2468; x_wconf 79' lang='lat' dir='ltr'><strong>reliquias</strong></span> <span class='ocrx_word' id='word_1_230' title='bbox 1023 2413 1154 2453; x_wconf 85' lang='lat' dir='ltr'><strong>vero</strong></span> <span class='ocrx_word' id='word_1_231' title='bbox 1205 2414 1325 2467; x_wconf 79' lang='lat' dir='ltr'><strong>qua:</strong></span> <span class='ocrx_word' id='word_1_232' title='bbox 1359 2397 1628 2453; x_wconf 70' lang='lat' dir='ltr'><strong>satvandae</strong></span> <span class='ocrx_word' id='word_1_233' title='bbox 1678 2396 1952 2462; x_wconf 90' lang='lat' dir='ltr'><strong>dicuntur,</strong></span> <span class='ocrx_word' id='word_1_234' title='bbox 1980 2396 2034 2450; x_wconf 88' lang='lat' dir='ltr'><strong>in</strong></span> 
     </span>
    </p>
   </div>
   <div class='ocr_carea' id='block_1_26' title="bbox 466 2485 2035 2563">
    <p class='ocr_par' dir='ltr' id='par_1_26' title="bbox 466 2485 2035 2563">
     <span class='ocr_line' id='line_1_26' title="bbox 466 2485 2035 2563; baseline -0.003 -17"><span class='ocrx_word' id='word_1_235' title='bbox 466 2491 663 2563; x_wconf 83' lang='lat' dir='ltr'><strong>quibus</strong></span> <span class='ocrx_word' id='word_1_236' title='bbox 679 2490 875 2546; x_wconf 90' lang='lat' dir='ltr'><strong>electio</strong></span> <span class='ocrx_word' id='word_1_237' title='bbox 889 2489 1225 2545; x_wconf 80' lang='lat' dir='ltr'><strong>credentium</strong></span> <span class='ocrx_word' id='word_1_238' title='bbox 1250 2497 1435 2546; x_wconf 88' lang='lat' dir='ltr'><strong>secuta</strong></span> <span class='ocrx_word' id='word_1_239' title='bbox 1454 2498 1620 2542; x_wconf 79' lang='lat' dir='ltr'><strong>estex</strong></span> <span class='ocrx_word' id='word_1_240' title='bbox 1648 2485 1833 2554; x_wconf 79' lang='lat' dir='ltr'><strong>Israel,</strong></span> <span class='ocrx_word' id='word_1_241' title='bbox 1863 2504 1882 2540; x_wconf 75' lang='grc' dir='ltr'>σ</span> <span class='ocrx_word' id='word_1_242' title='bbox 1907 2486 2035 2542; x_wconf 88' lang='lat' dir='ltr'><strong>cita-</strong></span> 
     </span>
    </p>
   </div>
   <div class='ocr_carea' id='block_1_27' title="bbox 467 2577 2037 2653">
    <p class='ocr_par' dir='ltr' id='par_1_27' title="bbox 467 2577 2037 2653">
     <span class='ocr_line' id='line_1_27' title="bbox 467 2577 2037 2653; baseline -0.004 -15"><span class='ocrx_word' id='word_1_243' title='bbox 467 2584 710 2639; x_wconf 74' lang='lat' dir='ltr'><strong>rissintis</strong></span> <span class='ocrx_word' id='word_1_244' title='bbox 740 2593 868 2638; x_wconf 89' lang='lat' dir='ltr'><strong>sunt</strong></span> <span class='ocrx_word' id='word_1_245' title='bbox 906 2593 1166 2653; x_wconf 69' lang='lat' dir='ltr'><strong>«propter</strong></span> <span class='ocrx_word' id='word_1_246' title='bbox 1213 2590 1482 2650; x_wconf 75' lang='lat' dir='ltr'><strong>patreszi</strong></span> <span class='ocrx_word' id='word_1_247' title='bbox 1535 2591 1768 2647; x_wconf 83' lang='lat' dir='ltr'><strong>quorum</strong></span> <span class='ocrx_word' id='word_1_248' title='bbox 1828 2577 2037 2632; x_wconf 85' lang='lat' dir='ltr'><strong>scilicet</strong></span> 
     </span>
    </p>
   </div>
   <div class='ocr_carea' id='block_1_28' title="bbox 468 2668 2038 2746">
    <p class='ocr_par' dir='ltr' id='par_1_28' title="bbox 468 2668 2038 2746">
     <span class='ocr_line' id='line_1_28' title="bbox 468 2668 2038 2746; baseline -0.003 -18"><span class='ocrx_word' id='word_1_249' title='bbox 468 2677 629 2732; x_wconf 87' lang='lat' dir='ltr'><strong>tidem</strong></span> <span class='ocrx_word' id='word_1_250' title='bbox 669 2684 982 2746; x_wconf 79' lang='lat' dir='ltr'><strong>sequentes,</strong></span> <span class='ocrx_word' id='word_1_251' title='bbox 1018 2674 1246 2728; x_wconf 85' lang='lat' dir='ltr'><strong>credunt</strong></span> <span class='ocrx_word' id='word_1_252' title='bbox 1293 2689 1311 2721; x_wconf 75' lang='grc' dir='ltr'><strong>ι</strong></span> <span class='ocrx_word' id='word_1_253' title='bbox 1338 2671 1390 2726; x_wconf 90' lang='lat' dir='ltr'><strong>in</strong></span> <span class='ocrx_word' id='word_1_254' title='bbox 1415 2684 1538 2725; x_wconf 88' lang='lat' dir='ltr'><strong>eum</strong></span> <span class='ocrx_word' id='word_1_255' title='bbox 1601 2670 1694 2737; x_wconf 85' lang='lat' dir='ltr'><strong>qui</strong></span> <span class='ocrx_word' id='word_1_256' title='bbox 1752 2668 2038 2725; x_wconf 84' lang='lat' dir='ltr'><strong>suscitavit</strong></span> 
     </span>
    </p>
   </div>
   <div class='ocr_carea' id='block_1_29' title="bbox 464 2762 2034 2836">
    <p class='ocr_par' dir='ltr' id='par_1_29' title="bbox 464 2762 2034 2836">
     <span class='ocr_line' id='line_1_29' title="bbox 464 2762 2034 2836; baseline -0.004 -13"><span class='ocrx_word' id='word_1_257' title='bbox 464 2767 742 2826; x_wconf 84' lang='lat' dir='ltr'><strong>Christum</strong></span> <span class='ocrx_word' id='word_1_258' title='bbox 775 2767 888 2836; x_wconf 72' lang='lat'><strong>(23)</strong></span> <span class='ocrx_word' id='word_1_259' title='bbox 940 2764 1123 2819; x_wconf 81' lang='lat' dir='ltr'><strong>Jesum</strong></span> <span class='ocrx_word' id='word_1_260' title='bbox 1165 2780 1195 2818; x_wconf 87' lang='lat' dir='ltr'><strong>a</strong></span> <span class='ocrx_word' id='word_1_261' title='bbox 1237 2762 1546 2819; x_wconf 74' lang='lat' dir='ltr'><strong>mortuis”.</strong></span> <span class='ocrx_word' id='word_1_262' title='bbox 1575 2780 1594 2814; x_wconf 76' lang='grc' dir='ltr'><strong>ι</strong></span> <span class='ocrx_word' id='word_1_263' title='bbox 1629 2763 1692 2817; x_wconf 82' lang='lat' dir='ltr'><strong>Et</strong></span> <span class='ocrx_word' id='word_1_264' title='bbox 1736 2763 2034 2817; x_wconf 89' lang='lat' dir='ltr'><strong>secundum</strong></span> 
     </span>
    </p>
   </div>
   <div class='ocr_carea' id='block_1_30' title="bbox 465 2853 2036 2930">
    <p class='ocr_par' dir='ltr' id='par_1_30' title="bbox 465 2853 2036 2930">
     <span class='ocr_line' id='line_1_30' title="bbox 465 2853 2036 2930; baseline -0.004 -16"><span class='ocrx_word' id='word_1_265' title='bbox 465 2863 570 2914; x_wconf 87' lang='lat' dir='ltr'><strong>hoc</strong></span> <span class='ocrx_word' id='word_1_266' title='bbox 601 2875 730 2930; x_wconf 88' lang='lat' dir='ltr'><strong>erga</strong></span> <span class='ocrx_word' id='word_1_267' title='bbox 781 2856 1086 2924; x_wconf 72' lang='lat' dir='ltr'><strong>huiusmodi</strong></span> <span class='ocrx_word' id='word_1_268' title='bbox 1138 2870 1322 2909; x_wconf 78' lang='lat' dir='ltr'><strong>semen</strong></span> <span class='ocrx_word' id='word_1_269' title='bbox 1359 2871 1377 2904; x_wconf 74' lang='grc' dir='ltr'><strong>ι</strong></span> <span class='ocrx_word' id='word_1_270' title='bbox 1399 2854 1516 2910; x_wconf 91' lang='lat' dir='ltr'><strong>sine</strong></span> <span class='ocrx_word' id='word_1_271' title='bbox 1545 2853 1862 2924; x_wconf 68' lang='lat' dir='ltr'><strong>paenitentia</strong></span> <span class='ocrx_word' id='word_1_272' title='bbox 1906 2863 2036 2909; x_wconf 83' lang='lat' dir='ltr'><strong>sunt</strong></span> 
     </span>
    </p>
   </div>
   <div class='ocr_carea' id='block_1_31' title="bbox 467 2945 2036 3017">
    <p class='ocr_par' dir='ltr' id='par_1_31' title="bbox 467 2945 2036 3017">
     <span class='ocr_line' id='line_1_31' title="bbox 467 2945 2036 3017; baseline -0.004 -13"><span class='ocrx_word' id='word_1_273' title='bbox 467 2953 604 3004; x_wconf 88' lang='lat' dir='ltr'><strong>dona</strong></span> <span class='ocrx_word' id='word_1_274' title='bbox 633 2960 688 3004; x_wconf 90' lang='lat' dir='ltr'><strong>et</strong></span> <span class='ocrx_word' id='word_1_275' title='bbox 713 2949 923 3002; x_wconf 84' lang='lat' dir='ltr'><strong>vocatio</strong></span> <span class='ocrx_word' id='word_1_276' title='bbox 949 2947 1063 3001; x_wconf 89' lang='lat' dir='ltr'><strong>Dei.</strong></span> <span class='ocrx_word' id='word_1_277' title='bbox 1090 2965 1108 2998; x_wconf 85' lang='grc'><strong>›</strong></span> <span class='ocrx_word' id='word_1_278' title='bbox 1143 2946 1274 3002; x_wconf 81' lang='lat' dir='ltr'><strong>Post</strong></span> <span class='ocrx_word' id='word_1_279' title='bbox 1308 2948 1424 3002; x_wconf 80' lang='lat' dir='ltr'><strong>haec</strong></span> <span class='ocrx_word' id='word_1_280' title='bbox 1453 2961 1582 3002; x_wconf 89' lang='lat' dir='ltr'><strong>vero</strong></span> <span class='ocrx_word' id='word_1_281' title='bbox 1609 2946 1776 3002; x_wconf 91' lang='lat' dir='ltr'><strong>etiam</strong></span> <span class='ocrx_word' id='word_1_282' title='bbox 1809 2945 1925 3017; x_wconf 63' lang='grc' dir='ltr'><strong>(ει)</strong></span> <span class='ocrx_word' id='word_1_283' title='bbox 1955 2945 2036 3002; x_wconf 88' lang='lat' dir='ltr'><strong>la-</strong></span> 
     </span>
    </p>
   </div>
   <div class='ocr_carea' id='block_1_32' title="bbox 2103 1028 3722 1116">
    <p class='ocr_par' dir='ltr' id='par_1_32' title="bbox 2103 1028 3722 1116">
     <span class='ocr_line' id='line_1_32' title="bbox 2103 1028 3722 1116; baseline -0.002 -31"><span class='ocrx_word' id='word_1_284' title='bbox 2103 1041 2185 1116; x_wconf 25' lang='lat' dir='ltr'><strong>tet</strong></span> <span class='ocrx_word' id='word_1_285' title='bbox 2217 1031 2317 1101; x_wconf 83' lang='lat' dir='ltr'><strong>ipsi</strong></span> <span class='ocrx_word' id='word_1_286' title='bbox 2344 1030 2456 1102; x_wconf 78' lang='lat'><strong>(27)</strong></span> <span class='ocrx_word' id='word_1_287' title='bbox 2485 1030 2639 1100; x_wconf 89' lang='lat' dir='ltr'><strong>prius</strong></span> <span class='ocrx_word' id='word_1_288' title='bbox 2663 1029 2932 1085; x_wconf 87' lang='lat' dir='ltr'><strong>increduli</strong></span> <span class='ocrx_word' id='word_1_289' title='bbox 2957 1028 3193 1095; x_wconf 76' lang='lat' dir='ltr'><strong>inerant,</strong></span> <span class='ocrx_word' id='word_1_290' title='bbox 3227 1028 3507 1099; x_wconf 80' lang='lat' dir='ltr'><strong>patefecit.</strong></span> <span class='ocrx_word' id='word_1_291' title='bbox 3534 1029 3598 1084; x_wconf 86' lang='lat' dir='ltr'><strong>In</strong></span> <span class='ocrx_word' id='word_1_292' title='bbox 3631 1029 3722 1082; x_wconf 90' lang='lat' dir='ltr'><strong>his</strong></span> 
     </span>
    </p>
   </div>
   <div class='ocr_carea' id='block_1_33' title="bbox 2133 1119 3715 1192">
    <p class='ocr_par' dir='ltr' id='par_1_33' title="bbox 2133 1119 3715 1192">
     <span class='ocr_line' id='line_1_33' title="bbox 2133 1119 3715 1192; baseline -0.003 -17"><span class='ocrx_word' id='word_1_293' title='bbox 2133 1130 2313 1177; x_wconf 90' lang='lat' dir='ltr'><strong>autem</strong></span> <span class='ocrx_word' id='word_1_294' title='bbox 2343 1121 2552 1192; x_wconf 86' lang='lat' dir='ltr'><strong>positus</strong></span> <span class='ocrx_word' id='word_1_295' title='bbox 2575 1120 2709 1176; x_wconf 87' lang='lat' dir='ltr'><strong>locis</strong></span> <span class='ocrx_word' id='word_1_296' title='bbox 2731 1119 2952 1182; x_wconf 80' lang='lat' dir='ltr'><strong>Paulus,</strong></span> <span class='ocrx_word' id='word_1_297' title='bbox 2984 1127 3037 1174; x_wconf 93' lang='lat' dir='ltr'><strong>et</strong></span> <span class='ocrx_word' id='word_1_298' title='bbox 3066 1120 3232 1177; x_wconf 83' lang='lat' dir='ltr'><strong>altius</strong></span> <span class='ocrx_word' id='word_1_299' title='bbox 3269 1120 3486 1176; x_wconf 89' lang='lat' dir='ltr'><strong>intuens</strong></span> <span class='ocrx_word' id='word_1_300' title='bbox 3518 1121 3715 1191; x_wconf 79' lang='lat' dir='ltr'><strong>hujus-</strong></span> 
     </span>
    </p>
   </div>
   <div class='ocr_carea' id='block_1_34' title="bbox 2134 1212 3714 1282">
    <p class='ocr_par' dir='ltr' id='par_1_34' title="bbox 2134 1212 3714 1282">
     <span class='ocr_line' id='line_1_34' title="bbox 2134 1212 3714 1282; baseline 0.001 -15"><span class='ocrx_word' id='word_1_301' title='bbox 2134 1212 2277 1268; x_wconf 85' lang='lat' dir='ltr'><strong>modi</strong></span> <span class='ocrx_word' id='word_1_302' title='bbox 2307 1221 2523 1277; x_wconf 77' lang='lat' dir='ltr'><strong>causas,</strong></span> <span class='ocrx_word' id='word_1_303' title='bbox 2551 1212 2820 1282; x_wconf 88' lang='lat' dir='ltr'><strong>quomodo</strong></span> <span class='ocrx_word' id='word_1_304' title='bbox 2844 1212 2983 1267; x_wconf 88' lang='lat' dir='ltr'><strong>Deus</strong></span> <span class='ocrx_word' id='word_1_305' title='bbox 3009 1212 3209 1267; x_wconf 84' lang='lat' dir='ltr'><strong>malum</strong></span> <span class='ocrx_word' id='word_1_306' title='bbox 3235 1213 3575 1282; x_wconf 88' lang='lat' dir='ltr'><strong>propositum</strong></span> <span class='ocrx_word' id='word_1_307' title='bbox 3601 1228 3714 1268; x_wconf 69' lang='lat' dir='ltr'><strong>non</strong></span> 
     </span>
    </p>
   </div>
   <div class='ocr_carea' id='block_1_35' title="bbox 2134 1303 3712 1374">
    <p class='ocr_par' dir='ltr' id='par_1_35' title="bbox 2134 1303 3712 1374">
     <span class='ocr_line' id='line_1_35' title="bbox 2134 1303 3712 1374; baseline 0.001 -16"><span class='ocrx_word' id='word_1_308' title='bbox 2134 1304 2389 1358; x_wconf 84' lang='lat' dir='ltr'><strong>continuo</strong></span> <span class='ocrx_word' id='word_1_309' title='bbox 2434 1312 2645 1358; x_wconf 82' lang='lat' dir='ltr'><strong>resecet</strong></span> <span class='ocrx_word' id='word_1_310' title='bbox 2694 1312 2748 1358; x_wconf 90' lang='lat' dir='ltr'><strong>et</strong></span> <span class='ocrx_word' id='word_1_311' title='bbox 2778 1303 3016 1369; x_wconf 74' lang='lat' dir='ltr'><strong>excidat,</strong></span> <span class='ocrx_word' id='word_1_312' title='bbox 3046 1305 3139 1359; x_wconf 90' lang='lat' dir='ltr'><strong>sed</strong></span> <span class='ocrx_word' id='word_1_313' title='bbox 3174 1306 3415 1374; x_wconf 86' lang='lat' dir='ltr'><strong>patiatur</strong></span> <span class='ocrx_word' id='word_1_314' title='bbox 3444 1314 3501 1361; x_wconf 91' lang='lat' dir='ltr'><strong>et</strong></span> <span class='ocrx_word' id='word_1_315' title='bbox 3541 1319 3712 1360; x_wconf 84' lang='lat' dir='ltr'><strong>reser-</strong></span> 
     </span>
    </p>
   </div>
   <div class='ocr_carea' id='block_1_36' title="bbox 2132 1394 3712 1467">
    <p class='ocr_par' dir='ltr' id='par_1_36' title="bbox 2132 1394 3712 1467">
     <span class='ocr_line' id='line_1_36' title="bbox 2132 1394 3712 1467; baseline 0.003 -17"><span class='ocrx_word' id='word_1_316' title='bbox 2132 1403 2222 1450; x_wconf 85' lang='lat' dir='ltr'><strong>vet</strong></span> <span class='ocrx_word' id='word_1_317' title='bbox 2243 1394 2358 1465; x_wconf 72' lang='grc'><strong>(9.8)</strong></span> <span class='ocrx_word' id='word_1_318' title='bbox 2385 1413 2400 1449; x_wconf 90' lang='lat'><strong>:</strong></span> <span class='ocrx_word' id='word_1_319' title='bbox 2428 1395 2768 1466; x_wconf 84' lang='lat' dir='ltr'><strong>prospiciens</strong></span> <span class='ocrx_word' id='word_1_320' title='bbox 2811 1396 2937 1464; x_wconf 89' lang='lat' dir='ltr'><strong>quia</strong></span> <span class='ocrx_word' id='word_1_321' title='bbox 2983 1396 3186 1467; x_wconf 88' lang='lat' dir='ltr'><strong>aliquid</strong></span> <span class='ocrx_word' id='word_1_322' title='bbox 3225 1398 3351 1454; x_wconf 87' lang='lat' dir='ltr'><strong>boni</strong></span> <span class='ocrx_word' id='word_1_323' title='bbox 3387 1399 3439 1454; x_wconf 91' lang='lat' dir='ltr'><strong>in</strong></span> <span class='ocrx_word' id='word_1_324' title='bbox 3474 1399 3604 1456; x_wconf 90' lang='lat' dir='ltr'><strong>aliis</strong></span> <span class='ocrx_word' id='word_1_325' title='bbox 3622 1399 3712 1454; x_wconf 79' lang='lat' dir='ltr'><strong>fn-</strong></span> 
     </span>
    </p>
   </div>
   <div class='ocr_carea' id='block_1_37' title="bbox 2136 1483 3715 1554">
    <p class='ocr_par' dir='ltr' id='par_1_37' title="bbox 2136 1483 3715 1554">
     <span class='ocr_line' id='line_1_37' title="bbox 2136 1483 3715 1554; baseline 0.004 -16"><span class='ocrx_word' id='word_1_326' title='bbox 2136 1495 2315 1538; x_wconf 93' lang='lat' dir='ltr'><strong>tnrum</strong></span> <span class='ocrx_word' id='word_1_327' title='bbox 2349 1485 2420 1539; x_wconf 90' lang='lat' dir='ltr'><strong>sit</strong></span> <span class='ocrx_word' id='word_1_328' title='bbox 2463 1498 2558 1554; x_wconf 90' lang='lat' dir='ltr'><strong>per</strong></span> <span class='ocrx_word' id='word_1_329' title='bbox 2595 1483 2819 1540; x_wconf 84' lang='lat' dir='ltr'><strong>alterius</strong></span> <span class='ocrx_word' id='word_1_330' title='bbox 2857 1485 3191 1554; x_wconf 82' lang='lat' dir='ltr'><strong>propositum</strong></span> <span class='ocrx_word' id='word_1_331' title='bbox 3225 1487 3424 1543; x_wconf 86' lang='lat' dir='ltr'><strong>malum</strong></span> <span class='ocrx_word' id='word_1_332' title='bbox 3452 1506 3468 1544; x_wconf 89' lang='lat'><strong>:</strong></span> <span class='ocrx_word' id='word_1_333' title='bbox 3499 1491 3570 1544; x_wconf 87' lang='lat' dir='ltr'><strong>ab</strong></span> <span class='ocrx_word' id='word_1_334' title='bbox 3599 1489 3715 1551; x_wconf 85' lang='lat' dir='ltr'><strong>his.</strong></span> 
     </span>
    </p>
   </div>
   <div class='ocr_carea' id='block_1_38' title="bbox 2134 1573 3712 1645">
    <p class='ocr_par' dir='ltr' id='par_1_38' title="bbox 2134 1573 3712 1645">
     <span class='ocr_line' id='line_1_38' title="bbox 2134 1573 3712 1645; baseline 0.003 -15"><span class='ocrx_word' id='word_1_335' title='bbox 2134 1575 2352 1645; x_wconf 87' lang='lat' dir='ltr'><strong>opinor,</strong></span> <span class='ocrx_word' id='word_1_336' title='bbox 2375 1575 2444 1630; x_wconf 87' lang='lat' dir='ltr'><strong>de</strong></span> <span class='ocrx_word' id='word_1_337' title='bbox 2475 1573 2674 1644; x_wconf 83' lang='lat' dir='ltr'><strong>quibus</strong></span> <span class='ocrx_word' id='word_1_338' title='bbox 2721 1573 3064 1644; x_wconf 83' lang='lat' dir='ltr'><strong>loquebatur,</strong></span> <span class='ocrx_word' id='word_1_339' title='bbox 3095 1576 3282 1632; x_wconf 91' lang='lat' dir='ltr'><strong>retulit</strong></span> <span class='ocrx_word' id='word_1_340' title='bbox 3303 1579 3494 1633; x_wconf 87' lang='lat' dir='ltr'><strong>oculos</strong></span> <span class='ocrx_word' id='word_1_341' title='bbox 3525 1581 3712 1635; x_wconf 79' lang='lat' dir='ltr'><strong>cordis</strong></span> 
     </span>
    </p>
   </div>
   <div class='ocr_carea' id='block_1_39' title="bbox 2136 1665 3710 1738">
    <p class='ocr_par' dir='ltr' id='par_1_39' title="bbox 2136 1665 3710 1738">
     <span class='ocr_line' id='line_1_39' title="bbox 2136 1665 3710 1738; baseline 0.005 -19"><span class='ocrx_word' id='word_1_342' title='bbox 2136 1665 2219 1720; x_wconf 90' lang='lat' dir='ltr'><strong>sui</strong></span> <span class='ocrx_word' id='word_1_343' title='bbox 2255 1666 2322 1720; x_wconf 87' lang='lat' dir='ltr'><strong>ad</strong></span> <span class='ocrx_word' id='word_1_344' title='bbox 2355 1665 2528 1735; x_wconf 90' lang='lat' dir='ltr'><strong>ipsam</strong></span> <span class='ocrx_word' id='word_1_345' title='bbox 2564 1665 3084 1736; x_wconf 69' lang='lat' dir='ltr'><strong>ntalitiazoriginem,</strong></span> <span class='ocrx_word' id='word_1_346' title='bbox 3121 1669 3262 1738; x_wconf 90' lang='lat' dir='ltr'><strong>quod</strong></span> <span class='ocrx_word' id='word_1_347' title='bbox 3291 1684 3414 1724; x_wconf 87' lang='lat' dir='ltr'><strong>eam</strong></span> <span class='ocrx_word' id='word_1_348' title='bbox 3451 1670 3593 1726; x_wconf 87' lang='lat' dir='ltr'><strong>Dens</strong></span> <span class='ocrx_word' id='word_1_349' title='bbox 3637 1687 3710 1727; x_wconf 69' lang='lat' dir='ltr'><strong>ex</strong></span> 
     </span>
    </p>
   </div>
   <div class='ocr_carea' id='block_1_40' title="bbox 2136 1754 3708 1830">
    <p class='ocr_par' dir='ltr' id='par_1_40' title="bbox 2136 1754 3708 1830">
     <span class='ocr_line' id='line_1_40' title="bbox 2136 1754 3708 1830; baseline 0.003 -20"><span class='ocrx_word' id='word_1_350' title='bbox 2136 1754 2294 1810; x_wconf 86' lang='lat' dir='ltr'><strong>initio</strong></span> <span class='ocrx_word' id='word_1_351' title='bbox 2329 1754 2446 1826; x_wconf 73' lang='lat'><strong>(29)</strong></span> <span class='ocrx_word' id='word_1_352' title='bbox 2481 1755 2532 1810; x_wconf 92' lang='lat' dir='ltr'><strong>in</strong></span> <span class='ocrx_word' id='word_1_353' title='bbox 2571 1754 2659 1810; x_wconf 90' lang='lat' dir='ltr'><strong>bis</strong></span> <span class='ocrx_word' id='word_1_354' title='bbox 2687 1755 2890 1825; x_wconf 86' lang='lat' dir='ltr'><strong>quibus</strong></span> <span class='ocrx_word' id='word_1_355' title='bbox 2934 1757 3128 1812; x_wconf 84' lang='lat' dir='ltr'><strong>oborta</strong></span> <span class='ocrx_word' id='word_1_356' title='bbox 3159 1767 3261 1821; x_wconf 88' lang='lat' dir='ltr'><strong>est,</strong></span> <span class='ocrx_word' id='word_1_357' title='bbox 3285 1760 3604 1830; x_wconf 77' lang='lat' dir='ltr'><strong>quicunque</strong></span> <span class='ocrx_word' id='word_1_358' title='bbox 3629 1761 3708 1815; x_wconf 83' lang='lat' dir='ltr'><strong>illi</strong></span> 
     </span>
    </p>
   </div>
   <div class='ocr_carea' id='block_1_41' title="bbox 2133 1845 3712 1917">
    <p class='ocr_par' dir='ltr' id='par_1_41' title="bbox 2133 1845 3712 1917">
     <span class='ocr_line' id='line_1_41' title="bbox 2133 1845 3712 1917; baseline 0.003 -13"><span class='ocrx_word' id='word_1_359' title='bbox 2133 1856 2283 1914; x_wconf 88' lang='lat' dir='ltr'><strong>sunt,</strong></span> <span class='ocrx_word' id='word_1_360' title='bbox 2316 1845 2694 1917; x_wconf 88' lang='lat' dir='ltr'><strong>puliulantent,</strong></span> <span class='ocrx_word' id='word_1_361' title='bbox 2727 1855 2784 1900; x_wconf 91' lang='lat' dir='ltr'><strong>et</strong></span> <span class='ocrx_word' id='word_1_362' title='bbox 2814 1846 3032 1903; x_wconf 87' lang='lat' dir='ltr'><strong>arbitrii</strong></span> <span class='ocrx_word' id='word_1_363' title='bbox 3081 1849 3332 1906; x_wconf 87' lang='lat' dir='ltr'><strong>libertate</strong></span> <span class='ocrx_word' id='word_1_364' title='bbox 3366 1863 3712 1908; x_wconf 88' lang='lat' dir='ltr'><strong>crescentem</strong></span> 
     </span>
    </p>
   </div>
   <div class='ocr_carea' id='block_1_42' title="bbox 2134 1938 3718 2011">
    <p class='ocr_par' dir='ltr' id='par_1_42' title="bbox 2134 1938 3718 2011">
     <span class='ocr_line' id='line_1_42' title="bbox 2134 1938 3718 2011; baseline 0.002 -15"><span class='ocrx_word' id='word_1_365' title='bbox 2134 1938 2266 1996; x_wconf 81' lang='lat' dir='ltr'><strong>utile</strong></span> <span class='ocrx_word' id='word_1_366' title='bbox 2309 1953 2416 1994; x_wconf 90' lang='lat' dir='ltr'><strong>non</strong></span> <span class='ocrx_word' id='word_1_367' title='bbox 2457 1938 2789 2010; x_wconf 69' lang='lat' dir='ltr'><strong>iudicaverit</strong></span> <span class='ocrx_word' id='word_1_368' title='bbox 2826 1954 3113 2008; x_wconf 85' lang='lat' dir='ltr'><strong>resecare;</strong></span> <span class='ocrx_word' id='word_1_369' title='bbox 3140 1942 3238 1997; x_wconf 88' lang='lat' dir='ltr'><strong>sed</strong></span> <span class='ocrx_word' id='word_1_370' title='bbox 3269 1945 3587 2011; x_wconf 84' lang='lat' dir='ltr'><strong>permiserit</strong></span> <span class='ocrx_word' id='word_1_371' title='bbox 3615 1959 3718 2000; x_wconf 76' lang='lat' dir='ltr'><strong>eos</strong></span> 
     </span>
    </p>
   </div>
   <div class='ocr_carea' id='block_1_43' title="bbox 2135 2031 3725 2103">
    <p class='ocr_par' dir='ltr' id='par_1_43' title="bbox 2135 2031 3725 2103">
     <span class='ocr_line' id='line_1_43' title="bbox 2135 2031 3725 2103; baseline 0.004 -19"><span class='ocrx_word' id='word_1_372' title='bbox 2135 2031 2214 2085; x_wconf 88' lang='lat' dir='ltr'><strong>uti</strong></span> <span class='ocrx_word' id='word_1_373' title='bbox 2237 2031 2514 2100; x_wconf 89' lang='lat' dir='ltr'><strong>pr0posito</strong></span> <span class='ocrx_word' id='word_1_374' title='bbox 2540 2045 2661 2096; x_wconf 88' lang='lat' dir='ltr'><strong>suo,</strong></span> <span class='ocrx_word' id='word_1_375' title='bbox 2687 2031 2866 2088; x_wconf 83' lang='lat' dir='ltr'><strong>sciens</strong></span> <span class='ocrx_word' id='word_1_376' title='bbox 2885 2040 2940 2087; x_wconf 90' lang='lat' dir='ltr'><strong>et</strong></span> <span class='ocrx_word' id='word_1_377' title='bbox 2971 2033 3312 2101; x_wconf 86' lang='lat' dir='ltr'><strong>prospiciens</strong></span> <span class='ocrx_word' id='word_1_378' title='bbox 3331 2035 3469 2103; x_wconf 90' lang='lat' dir='ltr'><strong>quod</strong></span> <span class='ocrx_word' id='word_1_379' title='bbox 3499 2035 3725 2090; x_wconf 43' lang='lat' dir='ltr'><strong>multoo&#39;</strong></span> 
     </span>
    </p>
   </div>
   <div class='ocr_carea' id='block_1_44' title="bbox 2139 2120 3716 2192">
    <p class='ocr_par' dir='ltr' id='par_1_44' title="bbox 2139 2120 3716 2192">
     <span class='ocr_line' id='line_1_44' title="bbox 2139 2120 3716 2192; baseline 0.003 -17"><span class='ocrx_word' id='word_1_380' title='bbox 2139 2137 2258 2176; x_wconf 89' lang='lat' dir='ltr'><strong>rum</strong></span> <span class='ocrx_word' id='word_1_381' title='bbox 2285 2120 2400 2192; x_wconf 74' lang='grc'><strong>(50)</strong></span> <span class='ocrx_word' id='word_1_382' title='bbox 2439 2121 2717 2190; x_wconf 78' lang='lat' dir='ltr'><strong>prolectus</strong></span> <span class='ocrx_word' id='word_1_383' title='bbox 2760 2130 2814 2176; x_wconf 89' lang='lat' dir='ltr'><strong>et</strong></span> <span class='ocrx_word' id='word_1_384' title='bbox 2859 2122 3070 2177; x_wconf 84' lang='lat' dir='ltr'><strong>utilitas</strong></span> <span class='ocrx_word' id='word_1_385' title='bbox 3116 2138 3184 2179; x_wconf 75' lang='lat' dir='ltr'><strong>ex</strong></span> <span class='ocrx_word' id='word_1_386' title='bbox 3227 2125 3449 2179; x_wconf 69' lang='lat' dir='ltr'><strong>malitia:</strong></span> <span class='ocrx_word' id='word_1_387' title='bbox 3488 2125 3716 2180; x_wconf 85' lang='lat' dir='ltr'><strong>illorum</strong></span> 
     </span>
    </p>
   </div>
   <div class='ocr_carea' id='block_1_45' title="bbox 2135 2212 3716 2290">
    <p class='ocr_par' dir='ltr' id='par_1_45' title="bbox 2135 2212 3716 2290">
     <span class='ocr_line' id='line_1_45' title="bbox 2135 2212 3716 2290; baseline 0.004 -23"><span class='ocrx_word' id='word_1_388' title='bbox 2135 2212 2422 2267; x_wconf 88' lang='lat' dir='ltr'><strong>occasione</strong></span> <span class='ocrx_word' id='word_1_389' title='bbox 2448 2220 2762 2282; x_wconf 74' lang='lat' dir='ltr'><strong>consurget,</strong></span> <span class='ocrx_word' id='word_1_390' title='bbox 2794 2222 2848 2268; x_wconf 87' lang='lat' dir='ltr'><strong>et</strong></span> <span class='ocrx_word' id='word_1_391' title='bbox 2890 2213 3154 2269; x_wconf 85' lang='lat' dir='ltr'><strong>intantum</strong></span> <span class='ocrx_word' id='word_1_392' title='bbox 3194 2219 3333 2286; x_wconf 89' lang='lat' dir='ltr'><strong>apud</strong></span> <span class='ocrx_word' id='word_1_393' title='bbox 3361 2220 3560 2273; x_wconf 84' lang='lat' dir='ltr'><strong>bonum</strong></span> <span class='ocrx_word' id='word_1_394' title='bbox 3587 2217 3716 2290; x_wconf 76' lang='lat'><strong>(3|)</strong></span> 
     </span>
    </p>
   </div>
   <div class='ocr_carea' id='block_1_46' title="bbox 2137 2302 3708 2380">
    <p class='ocr_par' dir='ltr' id='par_1_46' title="bbox 2137 2302 3708 2380">
     <span class='ocr_line' id='line_1_46' title="bbox 2137 2302 3708 2380; baseline 0.003 -20"><span class='ocrx_word' id='word_1_395' title='bbox 2137 2306 2309 2360; x_wconf 90' lang='lat' dir='ltr'><strong>Deum</strong></span> <span class='ocrx_word' id='word_1_396' title='bbox 2343 2303 2530 2358; x_wconf 79' lang='lat' dir='ltr'><strong>virtuti</strong></span> <span class='ocrx_word' id='word_1_397' title='bbox 2565 2302 2716 2360; x_wconf 87' lang='lat' dir='ltr'><strong>locus</strong></span> <span class='ocrx_word' id='word_1_398' title='bbox 2746 2315 2851 2371; x_wconf 85' lang='lat' dir='ltr'><strong>est,</strong></span> <span class='ocrx_word' id='word_1_399' title='bbox 2878 2315 2938 2358; x_wconf 93' lang='lat' dir='ltr'><strong>ut</strong></span> <span class='ocrx_word' id='word_1_400' title='bbox 2974 2315 3030 2360; x_wconf 92' lang='lat' dir='ltr'><strong>et</strong></span> <span class='ocrx_word' id='word_1_401' title='bbox 3065 2306 3287 2364; x_wconf 67' lang='lat' dir='ltr'><strong>malitiae</strong></span> <span class='ocrx_word' id='word_1_402' title='bbox 3330 2325 3470 2380; x_wconf 89' lang='lat' dir='ltr'><strong>opus</strong></span> <span class='ocrx_word' id='word_1_403' title='bbox 3500 2327 3708 2378; x_wconf 83' lang='lat' dir='ltr'><strong>quam-</strong></span> 
     </span>
    </p>
   </div>
   <div class='ocr_carea' id='block_1_47' title="bbox 2135 2392 3712 2465">
    <p class='ocr_par' dir='ltr' id='par_1_47' title="bbox 2135 2392 3712 2465">
     <span class='ocr_line' id='line_1_47' title="bbox 2135 2392 3712 2465; baseline 0.008 -21"><span class='ocrx_word' id='word_1_404' title='bbox 2135 2392 2219 2448; x_wconf 88' lang='lat' dir='ltr'><strong>vis</strong></span> <span class='ocrx_word' id='word_1_405' title='bbox 2247 2392 2320 2447; x_wconf 86' lang='lat' dir='ltr'><strong>illi</strong></span> <span class='ocrx_word' id='word_1_406' title='bbox 2353 2393 2660 2462; x_wconf 87' lang='lat' dir='ltr'><strong>perniciosa</strong></span> <span class='ocrx_word' id='word_1_407' title='bbox 2704 2394 2774 2446; x_wconf 86' lang='lat' dir='ltr'><strong>sit</strong></span> <span class='ocrx_word' id='word_1_408' title='bbox 2826 2395 2892 2450; x_wconf 90' lang='lat' dir='ltr'><strong>de</strong></span> <span class='ocrx_word' id='word_1_409' title='bbox 2925 2408 3034 2462; x_wconf 91' lang='lat' dir='ltr'><strong>quo</strong></span> <span class='ocrx_word' id='word_1_410' title='bbox 3079 2397 3347 2465; x_wconf 85' lang='lat' dir='ltr'><strong>procedit,</strong></span> <span class='ocrx_word' id='word_1_411' title='bbox 3379 2399 3712 2456; x_wconf 71' lang='lat' dir='ltr'><strong>beneﬁcium</strong></span> 
     </span>
    </p>
   </div>
   <div class='ocr_carea' id='block_1_48' title="bbox 2137 2487 3706 2563">
    <p class='ocr_par' dir='ltr' id='par_1_48' title="bbox 2137 2487 3706 2563">
     <span class='ocr_line' id='line_1_48' title="bbox 2137 2487 3706 2563; baseline 0.003 -21"><span class='ocrx_word' id='word_1_412' title='bbox 2137 2497 2315 2542; x_wconf 90' lang='lat' dir='ltr'><strong>tamen</strong></span> <span class='ocrx_word' id='word_1_413' title='bbox 2345 2495 2605 2563; x_wconf 57' lang='lat' dir='ltr'><strong>praestare</strong></span> <span class='ocrx_word' id='word_1_414' title='bbox 2646 2487 2995 2556; x_wconf 76' lang='lat' dir='ltr'><strong>dispensatur</strong></span> <span class='ocrx_word' id='word_1_415' title='bbox 3019 2489 3109 2544; x_wconf 89' lang='lat' dir='ltr'><strong>cui</strong></span> <span class='ocrx_word' id='word_1_416' title='bbox 3139 2503 3344 2559; x_wconf 87' lang='lat' dir='ltr'><strong>agones</strong></span> <span class='ocrx_word' id='word_1_417' title='bbox 3368 2503 3706 2556; x_wconf 81' lang='lat' dir='ltr'><strong>commovet,</strong></span> 
     </span>
    </p>
   </div>
   <div class='ocr_carea' id='block_1_49' title="bbox 2135 2578 3716 2651">
    <p class='ocr_par' dir='ltr' id='par_1_49' title="bbox 2135 2578 3716 2651">
     <span class='ocr_line' id='line_1_49' title="bbox 2135 2578 3716 2651; baseline 0.003 -17"><span class='ocrx_word' id='word_1_418' title='bbox 2135 2594 2257 2634; x_wconf 87' lang='lat' dir='ltr'><strong>eum</strong></span> <span class='ocrx_word' id='word_1_419' title='bbox 2307 2579 2472 2634; x_wconf 75' lang='lat' dir='ltr'><strong>fuerit</strong></span> <span class='ocrx_word' id='word_1_420' title='bbox 2523 2587 2798 2648; x_wconf 86' lang='lat' dir='ltr'><strong>superata.</strong></span> <span class='ocrx_word' id='word_1_421' title='bbox 2855 2578 3222 2636; x_wconf 86' lang='lat' dir='ltr'><strong>Cousideraus</strong></span> <span class='ocrx_word' id='word_1_422' title='bbox 3275 2580 3442 2651; x_wconf 88' lang='lat' dir='ltr'><strong>igitur</strong></span> <span class='ocrx_word' id='word_1_423' title='bbox 3481 2593 3716 2639; x_wconf 77' lang='lat' dir='ltr'><strong>sanctus</strong></span> 
     </span>
    </p>
   </div>
   <div class='ocr_carea' id='block_1_50' title="bbox 2135 2670 3716 2744">
    <p class='ocr_par' dir='ltr' id='par_1_50' title="bbox 2135 2670 3716 2744">
     <span class='ocr_line' id='line_1_50' title="bbox 2135 2670 3716 2744; baseline 0.003 -18"><span class='ocrx_word' id='word_1_424' title='bbox 2135 2670 2429 2741; x_wconf 81' lang='lat' dir='ltr'><strong>Apostolus</strong></span> <span class='ocrx_word' id='word_1_425' title='bbox 2461 2679 2642 2727; x_wconf 89' lang='lat' dir='ltr'><strong>tantas</strong></span> <span class='ocrx_word' id='word_1_426' title='bbox 2672 2684 2796 2728; x_wconf 81' lang='lat' dir='ltr'><strong>esse</strong></span> <span class='ocrx_word' id='word_1_427' title='bbox 2822 2671 3082 2728; x_wconf 84' lang='lat' dir='ltr'><strong>bonitatis</strong></span> <span class='ocrx_word' id='word_1_428' title='bbox 3111 2672 3208 2730; x_wconf 79' lang='lat' dir='ltr'><strong>Dei</strong></span> <span class='ocrx_word' id='word_1_429' title='bbox 3233 2673 3346 2744; x_wconf 61' lang='grc' dir='ltr'><strong>(δὲ)</strong></span> <span class='ocrx_word' id='word_1_430' title='bbox 3380 2674 3621 2741; x_wconf 82' lang='lat' dir='ltr'><strong>divitias,</strong></span> <span class='ocrx_word' id='word_1_431' title='bbox 3657 2685 3716 2730; x_wconf 80' lang='lat' dir='ltr'><strong>et</strong></span> 
     </span>
    </p>
   </div>
   <div class='ocr_carea' id='block_1_51' title="bbox 2138 2763 3716 2835">
    <p class='ocr_par' dir='ltr' id='par_1_51' title="bbox 2138 2763 3716 2835">
     <span class='ocr_line' id='line_1_51' title="bbox 2138 2763 3716 2835; baseline 0.002 -16"><span class='ocrx_word' id='word_1_432' title='bbox 2138 2773 2350 2820; x_wconf 88' lang='lat' dir='ltr'><strong>tantum</strong></span> <span class='ocrx_word' id='word_1_433' title='bbox 2390 2763 2592 2820; x_wconf 68' lang='lat' dir='ltr'><strong>divina</strong></span> <span class='ocrx_word' id='word_1_434' title='bbox 2651 2764 2936 2829; x_wconf 66' lang='lat' dir='ltr'><strong>sapientiae</strong></span> <span class='ocrx_word' id='word_1_435' title='bbox 2981 2777 3119 2834; x_wconf 86' lang='lat' dir='ltr'><strong>opus</strong></span> <span class='ocrx_word' id='word_1_436' title='bbox 3170 2779 3302 2835; x_wconf 84' lang='lat' dir='ltr'><strong>erga</strong></span> <span class='ocrx_word' id='word_1_437' title='bbox 3349 2766 3716 2822; x_wconf 70' lang='lat' dir='ltr'><strong>rationabiles</strong></span> 
     </span>
    </p>
   </div>
   <div class='ocr_carea' id='block_1_52' title="bbox 2138 2854 3716 2930">
    <p class='ocr_par' dir='ltr' id='par_1_52' title="bbox 2138 2854 3716 2930">
     <span class='ocr_line' id='line_1_52' title="bbox 2138 2854 3716 2930; baseline -0.003 -16"><span class='ocrx_word' id='word_1_438' title='bbox 2138 2859 2221 2930; x_wconf 78' lang='lat' dir='ltr'><strong>agi</strong></span> <span class='ocrx_word' id='word_1_439' title='bbox 2257 2868 2504 2922; x_wconf 84' lang='lat' dir='ltr'><strong>naturas,</strong></span> <span class='ocrx_word' id='word_1_440' title='bbox 2541 2865 2597 2912; x_wconf 87' lang='lat' dir='ltr'><strong>et</strong></span> <span class='ocrx_word' id='word_1_441' title='bbox 2627 2857 2756 2926; x_wconf 88' lang='lat' dir='ltr'><strong>quia</strong></span> <span class='ocrx_word' id='word_1_442' title='bbox 2779 2864 2990 2910; x_wconf 89' lang='lat' dir='ltr'><strong>tantum</strong></span> <span class='ocrx_word' id='word_1_443' title='bbox 3027 2871 3048 2904; x_wconf 76' lang='grc' dir='ltr'><strong>ι</strong></span> <span class='ocrx_word' id='word_1_444' title='bbox 3075 2854 3218 2910; x_wconf 88' lang='lat' dir='ltr'><strong>Deus</strong></span> <span class='ocrx_word' id='word_1_445' title='bbox 3240 2855 3391 2911; x_wconf 71' lang='lat' dir='ltr'><strong>dives</strong></span> <span class='ocrx_word' id='word_1_446' title='bbox 3415 2858 3580 2910; x_wconf 75' lang='lat' dir='ltr'><strong>estin</strong></span> <span class='ocrx_word' id='word_1_447' title='bbox 3607 2856 3716 2910; x_wconf 81' lang='lat' dir='ltr'><strong>mi-</strong></span> 
     </span>
    </p>
   </div>
   <div class='ocr_carea' id='block_1_53' title="bbox 2139 2947 3714 3016">
    <p class='ocr_par' dir='ltr' id='par_1_53' title="bbox 2139 2947 3714 3016">
     <span class='ocr_line' id='line_1_53' title="bbox 2139 2947 3714 3016; baseline -0.004 -8"><span class='ocrx_word' id='word_1_448' title='bbox 2139 2951 2434 3008; x_wconf 86' lang='lat' dir='ltr'><strong>sericordia</strong></span> <span class='ocrx_word' id='word_1_449' title='bbox 2456 2951 2526 3016; x_wconf 65' lang='grc' dir='ltr'><strong>π’,</strong></span> <span class='ocrx_word' id='word_1_450' title='bbox 2555 2969 2575 3003; x_wconf 73' lang='grc' dir='ltr'><strong>ι</strong></span> <span class='ocrx_word' id='word_1_451' title='bbox 2620 2959 2676 3005; x_wconf 90' lang='lat' dir='ltr'><strong>et</strong></span> <span class='ocrx_word' id='word_1_452' title='bbox 2707 2948 2903 3004; x_wconf 66' lang='lat' dir='ltr'><strong>«dives</strong></span> <span class='ocrx_word' id='word_1_453' title='bbox 2954 2947 3007 3002; x_wconf 89' lang='lat' dir='ltr'><strong>itt</strong></span> <span class='ocrx_word' id='word_1_454' title='bbox 3059 2961 3250 3002; x_wconf 77' lang='lat' dir='ltr'><strong>orttnes</strong></span> <span class='ocrx_word' id='word_1_455' title='bbox 3298 2948 3392 3016; x_wconf 87' lang='lat' dir='ltr'><strong>qui</strong></span> <span class='ocrx_word' id='word_1_456' title='bbox 3451 2949 3714 3004; x_wconf 84' lang='lat' dir='ltr'><strong>invocant</strong></span> 
     </span>
    </p>
   </div>
   <div class='ocr_carea' id='block_1_54' title="bbox 463 3036 3717 3121">
    <p class='ocr_par' dir='ltr' id='par_1_54' title="bbox 463 3036 3717 3121">
     <span class='ocr_line' id='line_1_54' title="bbox 463 3036 3717 3121; baseline -0.001 -27"><span class='ocrx_word' id='word_1_457' title='bbox 463 3051 645 3095; x_wconf 75' lang='lat' dir='ltr'><strong>tentes</strong></span> <span class='ocrx_word' id='word_1_458' title='bbox 682 3049 738 3095; x_wconf 91' lang='lat' dir='ltr'><strong>et</strong></span> <span class='ocrx_word' id='word_1_459' title='bbox 783 3039 1170 3110; x_wconf 81' lang='lat' dir='ltr'><strong>profundiores</strong></span> <span class='ocrx_word' id='word_1_460' title='bbox 1205 3036 1604 3094; x_wconf 84' lang='lat' dir='ltr'><strong>incredulitatis</strong></span> <span class='ocrx_word' id='word_1_461' title='bbox 1637 3051 1826 3094; x_wconf 88' lang='lat' dir='ltr'><strong>eorum</strong></span> <span class='ocrx_word' id='word_1_462' title='bbox 1857 3038 2034 3108; x_wconf 88' lang='lat' dir='ltr'><strong>aperit</strong></span> <span class='ocrx_word' id='word_1_463' title='bbox 2059 3062 2104 3121; x_wconf 74' lang='grc' dir='ltr'>ο</span> <span class='ocrx_word' id='word_1_464' title='bbox 2136 3059 2258 3099; x_wconf 82' lang='lat' dir='ltr'><strong>eum</strong></span> <span class='ocrx_word' id='word_1_465' title='bbox 2279 3044 2380 3108; x_wconf 74' lang='lat' dir='ltr'><strong>&quot;,i</strong></span> <span class='ocrx_word' id='word_1_466' title='bbox 2415 3050 2469 3098; x_wconf 86' lang='lat' dir='ltr'><strong>et</strong></span> <span class='ocrx_word' id='word_1_467' title='bbox 2497 3051 2644 3096; x_wconf 91' lang='lat' dir='ltr'><strong>tanta</strong></span> <span class='ocrx_word' id='word_1_468' title='bbox 2675 3050 2761 3096; x_wconf 91' lang='lat' dir='ltr'><strong>est</strong></span> <span class='ocrx_word' id='word_1_469' title='bbox 2790 3039 3051 3097; x_wconf 81' lang='lat' dir='ltr'><strong>bonitatis</strong></span> <span class='ocrx_word' id='word_1_470' title='bbox 3087 3037 3224 3106; x_wconf 77' lang='lat' dir='ltr'><strong>ejus,</strong></span> <span class='ocrx_word' id='word_1_471' title='bbox 3249 3047 3304 3092; x_wconf 89' lang='lat' dir='ltr'><strong>et</strong></span> <span class='ocrx_word' id='word_1_472' title='bbox 3330 3038 3626 3106; x_wconf 67' lang='lat' dir='ltr'><strong>patientia,</strong></span> <span class='ocrx_word' id='word_1_473' title='bbox 3657 3050 3717 3092; x_wconf 85' lang='lat' dir='ltr'><strong>et</strong></span> 
     </span>
    </p>
   </div>
   <div class='ocr_carea' id='block_1_55' title="bbox 467 3130 2029 3200">
    <p class='ocr_par' dir='ltr' id='par_1_55' title="bbox 467 3130 2029 3200">
     <span class='ocr_line' id='line_1_55' title="bbox 467 3130 2029 3200; baseline -0.001 -15"><span class='ocrx_word' id='word_1_474' title='bbox 467 3148 685 3197; x_wconf 77' lang='lat' dir='ltr'><strong>causas,</strong></span> <span class='ocrx_word' id='word_1_475' title='bbox 717 3140 772 3185; x_wconf 81' lang='lat' dir='ltr'><strong>et</strong></span> <span class='ocrx_word' id='word_1_476' title='bbox 805 3131 963 3186; x_wconf 89' lang='lat' dir='ltr'><strong>dicit:</strong></span> <span class='ocrx_word' id='word_1_477' title='bbox 1007 3130 1142 3198; x_wconf 86' lang='lat' dir='ltr'><strong>Quia</strong></span> <span class='ocrx_word' id='word_1_478' title='bbox 1175 3131 1316 3184; x_wconf 90' lang='lat' dir='ltr'><strong>sicut</strong></span> <span class='ocrx_word' id='word_1_479' title='bbox 1366 3145 1461 3187; x_wconf 89' lang='lat' dir='ltr'><strong>vos</strong></span> <span class='ocrx_word' id='word_1_480' title='bbox 1510 3138 1706 3200; x_wconf 80' lang='lat' dir='ltr'><strong>gentes</strong></span> <span class='ocrx_word' id='word_1_481' title='bbox 1759 3130 2029 3198; x_wconf 83' lang='lat' dir='ltr'><strong>quondam</strong></span> 
     </span>
    </p>
   </div>
   <div class='ocr_carea' id='block_1_56' title="bbox 469 3220 2030 3289">
    <p class='ocr_par' dir='ltr' id='par_1_56' title="bbox 469 3220 2030 3289">
     <span class='ocr_line' id='line_1_56' title="bbox 469 3220 2030 3289; baseline -0.002 -11"><span class='ocrx_word' id='word_1_482' title='bbox 469 3240 577 3280; x_wconf 86' lang='lat' dir='ltr'><strong>non</strong></span> <span class='ocrx_word' id='word_1_483' title='bbox 611 3221 920 3278; x_wconf 86' lang='lat' dir='ltr'><strong>credebatis</strong></span> <span class='ocrx_word' id='word_1_484' title='bbox 943 3221 1070 3288; x_wconf 85' lang='lat' dir='ltr'><strong>Deo,</strong></span> <span class='ocrx_word' id='word_1_485' title='bbox 1113 3235 1214 3274; x_wconf 91' lang='lat' dir='ltr'><strong>nec</strong></span> <span class='ocrx_word' id='word_1_486' title='bbox 1262 3230 1442 3275; x_wconf 89' lang='lat' dir='ltr'><strong>tamen</strong></span> <span class='ocrx_word' id='word_1_487' title='bbox 1475 3220 1678 3276; x_wconf 90' lang='lat' dir='ltr'><strong>idcirco</strong></span> <span class='ocrx_word' id='word_1_488' title='bbox 1700 3220 1916 3289; x_wconf 91' lang='lat' dir='ltr'><strong>penitus</strong></span> <span class='ocrx_word' id='word_1_489' title='bbox 1944 3234 2030 3275; x_wconf 83' lang='lat' dir='ltr'><strong>re-</strong></span> 
     </span>
    </p>
   </div>
   <div class='ocr_carea' id='block_1_57' title="bbox 469 3310 2032 3386">
    <p class='ocr_par' dir='ltr' id='par_1_57' title="bbox 469 3310 2032 3386">
     <span class='ocr_line' id='line_1_57' title="bbox 469 3310 2032 3386; baseline -0.003 -16"><span class='ocrx_word' id='word_1_490' title='bbox 469 3316 624 3386; x_wconf 82' lang='lat' dir='ltr'><strong>liquit</strong></span> <span class='ocrx_word' id='word_1_491' title='bbox 653 3329 750 3370; x_wconf 85' lang='lat' dir='ltr'><strong>vos</strong></span> <span class='ocrx_word' id='word_1_492' title='bbox 783 3313 948 3377; x_wconf 88' lang='lat' dir='ltr'><strong>Deus,</strong></span> <span class='ocrx_word' id='word_1_493' title='bbox 979 3311 1072 3367; x_wconf 88' lang='lat' dir='ltr'><strong>sed</strong></span> <span class='ocrx_word' id='word_1_494' title='bbox 1110 3311 1404 3381; x_wconf 84' lang='lat' dir='ltr'><strong>aliquando</strong></span> <span class='ocrx_word' id='word_1_495' title='bbox 1431 3312 1500 3367; x_wconf 83' lang='lat' dir='ltr'><strong>ad</strong></span> <span class='ocrx_word' id='word_1_496' title='bbox 1534 3310 1786 3366; x_wconf 89' lang='lat' dir='ltr'><strong>ultimunt</strong></span> <span class='ocrx_word' id='word_1_497' title='bbox 1813 3311 2032 3370; x_wconf 78' lang='lat' dir='ltr'><strong>miseri-</strong></span> 
     </span>
    </p>
   </div>
   <div class='ocr_carea' id='block_1_58' title="bbox 467 3401 2036 3464">
    <p class='ocr_par' dir='ltr' id='par_1_58' title="bbox 467 3401 2036 3464">
     <span class='ocr_line' id='line_1_58' title="bbox 467 3401 2036 3464; baseline -0.004 0"><span class='ocrx_word' id='word_1_498' title='bbox 467 3408 709 3464; x_wconf 87' lang='lat' dir='ltr'><strong>cordiam</strong></span> <span class='ocrx_word' id='word_1_499' title='bbox 733 3405 1009 3462; x_wconf 82' lang='lat' dir='ltr'><strong>consecuti</strong></span> <span class='ocrx_word' id='word_1_500' title='bbox 1035 3404 1169 3460; x_wconf 86' lang='lat' dir='ltr'><strong>estis</strong></span> <span class='ocrx_word' id='word_1_501' title='bbox 1196 3419 1210 3457; x_wconf 86' lang='lat'><strong>:</strong></span> <span class='ocrx_word' id='word_1_502' title='bbox 1236 3404 1456 3460; x_wconf 82' lang='lat' dir='ltr'><strong>occasio</strong></span> <span class='ocrx_word' id='word_1_503' title='bbox 1483 3412 1660 3459; x_wconf 83' lang='lat' dir='ltr'><strong>tamen</strong></span> <span class='ocrx_word' id='word_1_504' title='bbox 1688 3401 2036 3460; x_wconf 60' lang='lat' dir='ltr'><strong>conferendae</strong></span> 
     </span>
    </p>
   </div>
   <div class='ocr_carea' id='block_1_59' title="bbox 469 3495 2033 3567">
    <p class='ocr_par' dir='ltr' id='par_1_59' title="bbox 469 3495 2033 3567">
     <span class='ocr_line' id='line_1_59' title="bbox 469 3495 2033 3567; baseline -0.003 -12"><span class='ocrx_word' id='word_1_505' title='bbox 469 3504 520 3555; x_wconf 90' lang='lat' dir='ltr'><strong>in</strong></span> <span class='ocrx_word' id='word_1_506' title='bbox 549 3517 646 3557; x_wconf 89' lang='lat' dir='ltr'><strong>vos</strong></span> <span class='ocrx_word' id='word_1_507' title='bbox 684 3498 1093 3563; x_wconf 65' lang='lat' dir='ltr'><strong>misericordiae,</strong></span> <span class='ocrx_word' id='word_1_508' title='bbox 1125 3495 1309 3567; x_wconf 88' lang='lat' dir='ltr'><strong>populi</strong></span> <span class='ocrx_word' id='word_1_509' title='bbox 1354 3496 1517 3552; x_wconf 89' lang='lat' dir='ltr'><strong>tsrael</strong></span> <span class='ocrx_word' id='word_1_510' title='bbox 1556 3495 1912 3552; x_wconf 83' lang='lat' dir='ltr'><strong>incredulitas</strong></span> <span class='ocrx_word' id='word_1_511' title='bbox 1937 3511 2033 3551; x_wconf 74' lang='lat' dir='ltr'><strong>ex-</strong></span> 
     </span>
    </p>
   </div>
   <div class='ocr_carea' id='block_1_60' title="bbox 471 3588 2030 3660">
    <p class='ocr_par' dir='ltr' id='par_1_60' title="bbox 471 3588 2030 3660">
     <span class='ocr_line' id='line_1_60' title="bbox 471 3588 2030 3660; baseline -0.003 -12"><span class='ocrx_word' id='word_1_512' title='bbox 471 3595 611 3648; x_wconf 84' lang='lat' dir='ltr'><strong>stitit</strong></span> <span class='ocrx_word' id='word_1_513' title='bbox 636 3609 650 3647; x_wconf 85' lang='lat'><strong>:</strong></span> <span class='ocrx_word' id='word_1_514' title='bbox 675 3593 749 3647; x_wconf 89' lang='lat' dir='ltr'><strong>ita</strong></span> <span class='ocrx_word' id='word_1_515' title='bbox 789 3591 954 3647; x_wconf 83' lang='lat' dir='ltr'><strong>etiam</strong></span> <span class='ocrx_word' id='word_1_516' title='bbox 988 3591 1041 3644; x_wconf 89' lang='lat' dir='ltr'><strong>bi</strong></span> <span class='ocrx_word' id='word_1_517' title='bbox 1092 3589 1183 3660; x_wconf 92' lang='lat' dir='ltr'><strong>qui</strong></span> <span class='ocrx_word' id='word_1_518' title='bbox 1216 3605 1357 3643; x_wconf 91' lang='lat' dir='ltr'><strong>nunc</strong></span> <span class='ocrx_word' id='word_1_519' title='bbox 1387 3591 1452 3644; x_wconf 90' lang='lat' dir='ltr'><strong>de</strong></span> <span class='ocrx_word' id='word_1_520' title='bbox 1492 3588 1692 3658; x_wconf 89' lang='lat' dir='ltr'><strong>popqu</strong></span> <span class='ocrx_word' id='word_1_521' title='bbox 1726 3589 1892 3644; x_wconf 90' lang='lat' dir='ltr'><strong>Israel</strong></span> <span class='ocrx_word' id='word_1_522' title='bbox 1923 3605 2030 3645; x_wconf 87' lang='lat' dir='ltr'><strong>ttort</strong></span> 
     </span>
    </p>
   </div>
   <div class='ocr_carea' id='block_1_61' title="bbox 469 3680 2031 3752">
    <p class='ocr_par' dir='ltr' id='par_1_61' title="bbox 469 3680 2031 3752">
     <span class='ocr_line' id='line_1_61' title="bbox 469 3680 2031 3752; baseline -0.002 -13"><span class='ocrx_word' id='word_1_523' title='bbox 469 3685 833 3748; x_wconf 86' lang='lat' dir='ltr'><strong>crediderunt,</strong></span> <span class='ocrx_word' id='word_1_524' title='bbox 865 3692 922 3738; x_wconf 90' lang='lat' dir='ltr'><strong>et</strong></span> <span class='ocrx_word' id='word_1_525' title='bbox 943 3697 1042 3752; x_wconf 91' lang='lat' dir='ltr'><strong>pro</strong></span> <span class='ocrx_word' id='word_1_526' title='bbox 1067 3680 1448 3736; x_wconf 88' lang='lat' dir='ltr'><strong>incredulitate</strong></span> <span class='ocrx_word' id='word_1_527' title='bbox 1476 3696 1573 3735; x_wconf 84' lang='lat' dir='ltr'><strong>sua</strong></span> <span class='ocrx_word' id='word_1_528' title='bbox 1599 3680 1844 3735; x_wconf 90' lang='lat' dir='ltr'><strong>derelicti</strong></span> <span class='ocrx_word' id='word_1_529' title='bbox 1879 3690 2031 3744; x_wconf 87' lang='lat' dir='ltr'><strong>sunt.</strong></span> 
     </span>
    </p>
   </div>
   <div class='ocr_carea' id='block_1_62' title="bbox 471 3773 2034 3845">
    <p class='ocr_par' dir='ltr' id='par_1_62' title="bbox 471 3773 2034 3845">
     <span class='ocr_line' id='line_1_62' title="bbox 471 3773 2034 3845; baseline -0.003 -13"><span class='ocrx_word' id='word_1_530' title='bbox 471 3790 528 3832; x_wconf 88' lang='lat' dir='ltr'><strong>ut</strong></span> <span class='ocrx_word' id='word_1_531' title='bbox 571 3778 638 3833; x_wconf 90' lang='lat' dir='ltr'><strong>ad</strong></span> <span class='ocrx_word' id='word_1_532' title='bbox 677 3793 774 3833; x_wconf 89' lang='lat' dir='ltr'><strong>vos</strong></span> <span class='ocrx_word' id='word_1_533' title='bbox 827 3777 920 3832; x_wconf 88' lang='lat' dir='ltr'><strong>Dei</strong></span> <span class='ocrx_word' id='word_1_534' title='bbox 973 3775 1350 3830; x_wconf 87' lang='lat' dir='ltr'><strong>misericordia</strong></span> <span class='ocrx_word' id='word_1_535' title='bbox 1397 3773 1704 3828; x_wconf 81' lang='lat' dir='ltr'><strong>ﬂecteretur</strong></span> <span class='ocrx_word' id='word_1_536' title='bbox 1739 3774 1876 3845; x_wconf 70' lang='lat'><strong>(25),</strong></span> <span class='ocrx_word' id='word_1_537' title='bbox 1924 3790 2034 3828; x_wconf 90' lang='lat' dir='ltr'><strong>non</strong></span> 
     </span>
    </p>
   </div>
   <div class='ocr_carea' id='block_1_63' title="bbox 473 3865 2034 3940">
    <p class='ocr_par' dir='ltr' id='par_1_63' title="bbox 473 3865 2034 3940">
     <span class='ocr_line' id='line_1_63' title="bbox 473 3865 2034 3940; baseline -0.001 -18"><span class='ocrx_word' id='word_1_538' title='bbox 473 3885 854 3940; x_wconf 76' lang='lat' dir='ltr'><strong>usquequaque</strong></span> <span class='ocrx_word' id='word_1_539' title='bbox 879 3868 1248 3938; x_wconf 89' lang='lat' dir='ltr'><strong>relinquentur</strong></span> <span class='ocrx_word' id='word_1_540' title='bbox 1274 3867 1326 3922; x_wconf 93' lang='lat' dir='ltr'><strong>in</strong></span> <span class='ocrx_word' id='word_1_541' title='bbox 1364 3865 1738 3922; x_wconf 86' lang='lat' dir='ltr'><strong>incredulitate</strong></span> <span class='ocrx_word' id='word_1_542' title='bbox 1775 3882 1908 3932; x_wconf 90' lang='lat' dir='ltr'><strong>sua;</strong></span> <span class='ocrx_word' id='word_1_543' title='bbox 1940 3868 2034 3921; x_wconf 89' lang='lat' dir='ltr'><strong>sed</strong></span> 
     </span>
    </p>
   </div>
   <div class='ocr_carea' id='block_1_64' title="bbox 465 3958 2036 4030">
    <p class='ocr_par' dir='ltr' id='par_1_64' title="bbox 465 3958 2036 4030">
     <span class='ocr_line' id='line_1_64' title="bbox 465 3958 2036 4030; baseline -0.001 -16"><span class='ocrx_word' id='word_1_544' title='bbox 465 3973 822 4030; x_wconf 79' lang='lat' dir='ltr'><strong>posteaquam</strong></span> <span class='ocrx_word' id='word_1_545' title='bbox 891 3959 1244 4029; x_wconf 88' lang='lat' dir='ltr'><strong>plenitudinis</strong></span> <span class='ocrx_word' id='word_1_546' title='bbox 1301 3961 1540 4028; x_wconf 84' lang='lat' dir='ltr'><strong>gentium</strong></span> <span class='ocrx_word' id='word_1_547' title='bbox 1603 3958 1766 4012; x_wconf 78' lang='lat' dir='ltr'><strong>inerit</strong></span> <span class='ocrx_word' id='word_1_548' title='bbox 1816 3958 2036 4027; x_wconf 84' lang='lat' dir='ltr'><strong>impleta</strong></span> 
     </span>
    </p>
   </div>
   <div class='ocr_carea' id='block_1_65' title="bbox 576 4097 1079 4163">
    <p class='ocr_par' dir='ltr' id='par_1_65' title="bbox 576 4097 1079 4163">
     <span class='ocr_line' id='line_1_65' title="bbox 576 4097 1079 4163; baseline -0.004 -11"><span class='ocrx_word' id='word_1_549' title='bbox 576 4101 618 4131; x_wconf 81' lang='grc'><strong>⁸⁷</strong></span> <span class='ocrx_word' id='word_1_550' title='bbox 646 4099 802 4152; x_wconf 84' lang='lat' dir='ltr'><strong>Joan.</strong></span> <span class='ocrx_word' id='word_1_551' title='bbox 845 4112 956 4163; x_wconf 78' lang='lat' dir='ltr'><strong>xix,</strong></span> <span class='ocrx_word' id='word_1_552' title='bbox 993 4097 1079 4150; x_wconf 78' lang='grc'><strong>15.</strong></span> 
     </span>
    </p>
   </div>
   <div class='ocr_carea' id='block_1_66' title="bbox 544 4207 2037 4295">
    <p class='ocr_par' dir='ltr' id='par_1_66' title="bbox 544 4207 2037 4295">
     <span class='ocr_line' id='line_1_66' title="bbox 544 4207 2037 4295; baseline -0.003 -28"><span class='ocrx_word' id='word_1_553' title='bbox 544 4211 902 4295; x_wconf 42' lang='grc' dir='ltr'><strong>(20).Ει1ἰιξ,¹ι</strong></span> <span class='ocrx_word' id='word_1_554' title='bbox 929 4221 987 4295; x_wconf 80' lang='lat' dir='ltr'><strong>et</strong></span> <span class='ocrx_word' id='word_1_555' title='bbox 1021 4207 1710 4295; x_wconf 31' lang='lat' dir='ltr'><strong>ratnisgejttscleafstri‘qui</strong></span> <span class='ocrx_word' id='word_1_556' title='bbox 1740 4208 2037 4264; x_wconf 78' lang='lat' dir='ltr'><strong>insultabat</strong></span> 
     </span>
    </p>
   </div>
   <div class='ocr_carea' id='block_1_67' title="bbox 473 4277 1719 4423">
    <p class='ocr_par' dir='ltr' id='par_1_67' title="bbox 473 4277 1719 4423">
     <span class='ocr_line' id='line_1_67' title="bbox 473 4277 1719 4353; baseline -0.006 -16"><span class='ocrx_word' id='word_1_557' title='bbox 473 4277 588 4353; x_wconf 61' lang='lat' dir='ltr'><strong>(ab,</strong></span> <span class='ocrx_word' id='word_1_558' title='bbox 624 4277 1048 4351; x_wconf 59' lang='lat' dir='ltr'><strong>(insultabttntr)</strong></span> <span class='ocrx_word' id='word_1_559' title='bbox 1083 4279 1250 4332; x_wconf 85' lang='lat' dir='ltr'><strong>ramis</strong></span> <span class='ocrx_word' id='word_1_560' title='bbox 1283 4278 1440 4332; x_wconf 74' lang='lat' dir='ltr'><strong>oliva:</strong></span> <span class='ocrx_word' id='word_1_561' title='bbox 1469 4277 1674 4334; x_wconf 71' lang='lat' dir='ltr'><strong>fractis.</strong></span> <span class='ocrx_word' id='word_1_562' title='bbox 1700 4296 1719 4330; x_wconf 72' lang='grc' dir='ltr'><strong>ι</strong></span> 
     </span>
     <span class='ocr_line' id='line_1_68' title="bbox 539 4350 1642 4423; baseline -0.004 -16"><span class='ocrx_word' id='word_1_563' title='bbox 539 4353 651 4423; x_wconf 60' lang='grc'><strong>(⁵21)</strong></span> <span class='ocrx_word' id='word_1_564' title='bbox 687 4351 849 4423; x_wconf 71' lang='lat' dir='ltr'><strong>Editi,</strong></span> <span class='ocrx_word' id='word_1_565' title='bbox 885 4370 902 4400; x_wconf 72' lang='grc' dir='ltr'><strong>ι</strong></span> <span class='ocrx_word' id='word_1_566' title='bbox 929 4350 1055 4423; x_wconf 74' lang='lat' dir='ltr'><strong>Deo.</strong></span> <span class='ocrx_word' id='word_1_567' title='bbox 1081 4368 1100 4402; x_wconf 75' lang='grc' dir='ltr'><strong>ι</strong></span> <span class='ocrx_word' id='word_1_568' title='bbox 1171 4419 1182 4423; x_wconf 91' lang='lat'><em>_</em></span> <span class='ocrx_word' id='word_1_569' title='bbox 1512 4415 1549 4423; x_wconf 91' lang='lat'><em>_</em></span> <span class='ocrx_word' id='word_1_570' title='bbox 1629 4415 1642 4423; x_wconf 37' lang='lat'>.</span> 
     </span>
    </p>
   </div>
   <div class='ocr_carea' id='block_1_68' title="bbox 541 4383 2114 4491">
    <p class='ocr_par' dir='ltr' id='par_1_68' title="bbox 541 4383 2114 4491">
     <span class='ocr_line' id='line_1_69' title="bbox 541 4383 2114 4491; baseline -0.003 -15"><span class='ocrx_word' id='word_1_571' title='bbox 688 4383 1486 4491; x_wconf 36' lang='lat' dir='ltr'><strong>ﬁguraliie’stituiturexms.</strong></span> <span class='ocrx_word' id='word_1_572' title='bbox 1512 4415 1680 4487; x_wconf 85' lang='lat' dir='ltr'><strong>Regio</strong></span> <span class='ocrx_word' id='word_1_573' title='bbox 1707 4417 2030 4491; x_wconf 68' lang='lat' dir='ltr'><strong>nu_m.1659.</strong></span> <span class='ocrx_word' id='word_1_574' title='bbox 2071 4383 2114 4438; x_wconf 69' lang='grc' dir='ltr'>θ</span> 
     </span>
    </p>
   </div>
   <div class='ocr_carea' id='block_1_69' title="bbox 477 4487 2027 4557">
    <p class='ocr_par' dir='ltr' id='par_1_69' title="bbox 477 4487 2027 4557">
     <span class='ocr_line' id='line_1_70' title="bbox 477 4487 2027 4557; baseline -0.003 -11"><span class='ocrx_word' id='word_1_575' title='bbox 477 4487 679 4546; x_wconf 80' lang='lat' dir='ltr'><strong>Deinde</strong></span> <span class='ocrx_word' id='word_1_576' title='bbox 697 4493 850 4556; x_wconf 89' lang='lat' dir='ltr'><strong>editi,</strong></span> <span class='ocrx_word' id='word_1_577' title='bbox 889 4511 905 4542; x_wconf 76' lang='grc' dir='ltr'><strong>ι</strong></span> <span class='ocrx_word' id='word_1_578' title='bbox 935 4489 1238 4544; x_wconf 85' lang='lat' dir='ltr'><strong>invidentes</strong></span> <span class='ocrx_word' id='word_1_579' title='bbox 1262 4487 1550 4557; x_wconf 88' lang='lat' dir='ltr'><strong>prohibent</strong></span> <span class='ocrx_word' id='word_1_580' title='bbox 1578 4487 1900 4557; x_wconf 73' lang='lat' dir='ltr'><strong>apostolos,i</strong></span> <span class='ocrx_word' id='word_1_581' title='bbox 1924 4499 2027 4542; x_wconf 88' lang='lat' dir='ltr'><strong>etc.</strong></span> 
     </span>
    </p>
   </div>
   <div class='ocr_carea' id='block_1_70' title="bbox 546 4556 2024 4631">
    <p class='ocr_par' dir='ltr' id='par_1_70' title="bbox 546 4556 2024 4631">
     <span class='ocr_line' id='line_1_71' title="bbox 546 4556 2024 4631; baseline -0.005 -15"><span class='ocrx_word' id='word_1_582' title='bbox 546 4563 661 4631; x_wconf 68' lang='grc' dir='ltr'><strong>(ἓὸ)</strong></span> <span class='ocrx_word' id='word_1_583' title='bbox 693 4560 981 4615; x_wconf 78' lang='lat' dir='ltr'><strong>Christum.</strong></span> <span class='ocrx_word' id='word_1_584' title='bbox 1013 4556 1298 4614; x_wconf 80' lang='grc' dir='ltr'>Οιιιὶιιίιιιι·</span> <span class='ocrx_word' id='word_1_585' title='bbox 1338 4557 1391 4610; x_wconf 91' lang='lat' dir='ltr'><strong>itt</strong></span> <span class='ocrx_word' id='word_1_586' title='bbox 1439 4557 1620 4623; x_wconf 87' lang='lat' dir='ltr'><strong>editis,</strong></span> <span class='ocrx_word' id='word_1_587' title='bbox 1652 4556 1746 4611; x_wconf 82' lang='lat' dir='ltr'><strong>sed</strong></span> <span class='ocrx_word' id='word_1_588' title='bbox 1782 4557 2024 4611; x_wconf 87' lang='lat' dir='ltr'><strong>restitui-</strong></span> 
     </span>
    </p>
   </div>
   <div class='ocr_carea' id='block_1_71' title="bbox 478 4633 1115 4685">
    <p class='ocr_par' dir='ltr' id='par_1_71' title="bbox 478 4633 1115 4685">
     <span class='ocr_line' id='line_1_72' title="bbox 478 4633 1115 4685; baseline -0.002 -3"><span class='ocrx_word' id='word_1_589' title='bbox 478 4642 565 4684; x_wconf 90' lang='lat' dir='ltr'><strong>tur</strong></span> <span class='ocrx_word' id='word_1_590' title='bbox 592 4646 656 4685; x_wconf 82' lang='lat' dir='ltr'><strong>ex</strong></span> <span class='ocrx_word' id='word_1_591' title='bbox 697 4633 948 4684; x_wconf 90' lang='lat' dir='ltr'><strong>omnibus</strong></span> <span class='ocrx_word' id='word_1_592' title='bbox 985 4643 1115 4682; x_wconf 88' lang='lat' dir='ltr'><strong>mss.</strong></span> 
     </span>
    </p>
   </div>
   <div class='ocr_carea' id='block_1_72' title="bbox 491 4693 2034 4771">
    <p class='ocr_par' dir='ltr' id='par_1_72' title="bbox 491 4693 2034 4771">
     <span class='ocr_line' id='line_1_73' title="bbox 491 4693 2034 4771; baseline -0.003 -15"><span class='ocrx_word' id='word_1_593' title='bbox 491 4723 494 4726; x_wconf 57' lang='grc'><strong>’</strong></span> <span class='ocrx_word' id='word_1_594' title='bbox 547 4701 660 4771; x_wconf 67' lang='grc'><strong>(24)</strong></span> <span class='ocrx_word' id='word_1_595' title='bbox 689 4698 906 4771; x_wconf 53' lang='lat' dir='ltr'><strong>Etiam.</strong></span> <span class='ocrx_word' id='word_1_596' title='bbox 943 4698 1101 4771; x_wconf 81' lang='lat' dir='ltr'><strong>Deest</strong></span> <span class='ocrx_word' id='word_1_597' title='bbox 1132 4697 1185 4752; x_wconf 90' lang='lat' dir='ltr'><strong>in</strong></span> <span class='ocrx_word' id='word_1_598' title='bbox 1233 4695 1418 4771; x_wconf 66' lang='lat' dir='ltr'><strong>editis.</strong></span> <span class='ocrx_word' id='word_1_599' title='bbox 1443 4693 1672 4771; x_wconf 50' lang='lat' dir='ltr'><strong>“Deinde</strong></span> <span class='ocrx_word' id='word_1_600' title='bbox 1701 4710 1803 4750; x_wconf 89' lang='lat' dir='ltr'><strong>ms.</strong></span> <span class='ocrx_word' id='word_1_601' title='bbox 1833 4694 2034 4766; x_wconf 78' lang='lat' dir='ltr'><strong>Regius</strong></span> 
     </span>
    </p>
   </div>
   <div class='ocr_carea' id='block_1_73' title="bbox 477 4763 1791 4835">
    <p class='ocr_par' dir='ltr' id='par_1_73' title="bbox 477 4763 1791 4835">
     <span class='ocr_line' id='line_1_74' title="bbox 477 4763 1791 4835; baseline -0.003 -12"><span class='ocrx_word' id='word_1_602' title='bbox 477 4763 623 4825; x_wconf 78' lang='lat' dir='ltr'><strong>nuiu.</strong></span> <span class='ocrx_word' id='word_1_603' title='bbox 642 4763 812 4834; x_wconf 66' lang='grc'><strong>⁷1639,</strong></span> <span class='ocrx_word' id='word_1_604' title='bbox 853 4789 870 4820; x_wconf 75' lang='grc' dir='ltr'><strong>ι</strong></span> <span class='ocrx_word' id='word_1_605' title='bbox 896 4769 1112 4822; x_wconf 87' lang='lat' dir='ltr'><strong>latentis</strong></span> <span class='ocrx_word' id='word_1_606' title='bbox 1141 4775 1197 4821; x_wconf 92' lang='lat' dir='ltr'><strong>et</strong></span> <span class='ocrx_word' id='word_1_607' title='bbox 1226 4763 1614 4835; x_wconf 67' lang='lat' dir='ltr'><strong>profttndioris,</strong></span> <span class='ocrx_word' id='word_1_608' title='bbox 1637 4783 1655 4815; x_wconf 78' lang='grc' dir='ltr'><strong>ι</strong></span> <span class='ocrx_word' id='word_1_609' title='bbox 1684 4775 1791 4820; x_wconf 88' lang='lat' dir='ltr'><strong>etc.</strong></span> 
     </span>
    </p>
   </div>
   <div class='ocr_carea' id='block_1_74' title="bbox 546 4833 2030 4911">
    <p class='ocr_par' dir='ltr' id='par_1_74' title="bbox 546 4833 2030 4911">
     <span class='ocr_line' id='line_1_75' title="bbox 546 4833 2030 4911; baseline -0.004 -16"><span class='ocrx_word' id='word_1_610' title='bbox 546 4841 660 4911; x_wconf 69' lang='lat'><strong>(25)</strong></span> <span class='ocrx_word' id='word_1_611' title='bbox 683 4841 774 4894; x_wconf 82' lang='lat' dir='ltr'><strong>Sic</strong></span> <span class='ocrx_word' id='word_1_612' title='bbox 801 4855 901 4894; x_wconf 89' lang='lat' dir='ltr'><strong>ms.</strong></span> <span class='ocrx_word' id='word_1_613' title='bbox 929 4837 1130 4908; x_wconf 80' lang='lat' dir='ltr'><strong>Regius</strong></span> <span class='ocrx_word' id='word_1_614' title='bbox 1153 4833 1302 4891; x_wconf 89' lang='lat' dir='ltr'><strong>nuiu.</strong></span> <span class='ocrx_word' id='word_1_615' title='bbox 1334 4833 1491 4911; x_wconf 54' lang='lat'><strong>[639,</strong></span> <span class='ocrx_word' id='word_1_616' title='bbox 1521 4833 1780 4911; x_wconf 17' lang='lat' dir='ltr'><strong>Raba‘nus</strong></span> <span class='ocrx_word' id='word_1_617' title='bbox 1801 4846 1855 4911; x_wconf 74' lang='lat' dir='ltr'><strong>et</strong></span> <span class='ocrx_word' id='word_1_618' title='bbox 1877 4835 2030 4889; x_wconf 91' lang='lat' dir='ltr'><strong>editi.</strong></span> 
     </span>
    </p>
   </div>
   <div class='ocr_carea' id='block_1_75' title="bbox 476 4903 2036 4972">
    <p class='ocr_par' dir='ltr' id='par_1_75' title="bbox 476 4903 2036 4972">
     <span class='ocr_line' id='line_1_76' title="bbox 476 4903 2036 4972; baseline -0.005 -6"><span class='ocrx_word' id='word_1_619' title='bbox 476 4903 672 4966; x_wconf 64' lang='lat' dir='ltr'><strong>Ctéteri</strong></span> <span class='ocrx_word' id='word_1_620' title='bbox 705 4922 832 4965; x_wconf 85' lang='lat' dir='ltr'><strong>vero</strong></span> <span class='ocrx_word' id='word_1_621' title='bbox 870 4903 1039 4972; x_wconf 39' lang='lat' dir='ltr'><strong>mss;</strong></span> <span class='ocrx_word' id='word_1_622' title='bbox 1067 4925 1084 4958; x_wconf 73' lang='grc' dir='ltr'><strong>ι</strong></span> <span class='ocrx_word' id='word_1_623' title='bbox 1109 4917 1166 4960; x_wconf 85' lang='grc' dir='ltr'><strong>ιιι</strong></span> <span class='ocrx_word' id='word_1_624' title='bbox 1209 4921 1304 4960; x_wconf 83' lang='lat' dir='ltr'><strong>vos</strong></span> <span class='ocrx_word' id='word_1_625' title='bbox 1351 4905 1443 4959; x_wconf 87' lang='lat' dir='ltr'><strong>Dei</strong></span> <span class='ocrx_word' id='word_1_626' title='bbox 1495 4903 1874 4960; x_wconf 81' lang='lat' dir='ltr'><strong>misericordia</strong></span> <span class='ocrx_word' id='word_1_627' title='bbox 1919 4922 2036 4959; x_wconf 80' lang='lat' dir='ltr'><strong>am-</strong></span> 
     </span>
    </p>
   </div>
   <div class='ocr_carea' id='block_1_76' title="bbox 477 4973 2034 5049">
    <p class='ocr_par' dir='ltr' id='par_1_76' title="bbox 477 4973 2034 5049">
     <span class='ocr_line' id='line_1_77' title="bbox 477 4973 2034 5049; baseline -0.003 -16"><span class='ocrx_word' id='word_1_628' title='bbox 477 4982 824 5049; x_wconf 89' lang='lat' dir='ltr'><strong>plecteretur.</strong></span> <span class='ocrx_word' id='word_1_629' title='bbox 845 4997 865 5030; x_wconf 72' lang='grc' dir='ltr'><strong>ι</strong></span> <span class='ocrx_word' id='word_1_630' title='bbox 898 4978 1062 5032; x_wconf 83' lang='lat' dir='ltr'><strong>Paulo</strong></span> <span class='ocrx_word' id='word_1_631' title='bbox 1082 4985 1202 5048; x_wconf 72' lang='lat' dir='ltr'><strong>post</strong></span> <span class='ocrx_word' id='word_1_632' title='bbox 1225 4973 1498 5049; x_wconf 70' lang='lat' dir='ltr'><strong>Rubenius,</strong></span> <span class='ocrx_word' id='word_1_633' title='bbox 1532 4990 1552 5049; x_wconf 62' lang='grc' dir='ltr'><strong>ς</strong></span> <span class='ocrx_word' id='word_1_634' title='bbox 1573 4975 1667 5030; x_wconf 89' lang='lat' dir='ltr'><strong>sed</strong></span> <span class='ocrx_word' id='word_1_635' title='bbox 1688 4986 2034 5045; x_wconf 86' lang='lat' dir='ltr'><strong>posteaquam</strong></span> 
     </span>
    </p>
   </div>
   <div class='ocr_carea' id='block_1_77' title="bbox 478 5043 2038 5120">
    <p class='ocr_par' dir='ltr' id='par_1_77' title="bbox 478 5043 2038 5120">
     <span class='ocr_line' id='line_1_78' title="bbox 478 5043 2038 5120; baseline -0.003 -18"><span class='ocrx_word' id='word_1_636' title='bbox 478 5043 753 5120; x_wconf 80' lang='lat' dir='ltr'><strong>plenitudo</strong></span> <span class='ocrx_word' id='word_1_637' title='bbox 779 5049 1019 5120; x_wconf 71' lang='lat' dir='ltr'><strong>gentium</strong></span> <span class='ocrx_word' id='word_1_638' title='bbox 1065 5043 1372 5116; x_wconf 72' lang='lat' dir='ltr'><strong>ijttraverit.</strong></span> <span class='ocrx_word' id='word_1_639' title='bbox 1396 5062 1415 5096; x_wconf 74' lang='grc' dir='ltr'><strong>ι</strong></span> <span class='ocrx_word' id='word_1_640' title='bbox 1445 5043 1554 5098; x_wconf 84' lang='lat' dir='ltr'><strong>Sed</strong></span> <span class='ocrx_word' id='word_1_641' title='bbox 1603 5043 1792 5100; x_wconf 78' lang='lat' dir='ltr'><strong>omnes</strong></span> <span class='ocrx_word' id='word_1_642' title='bbox 1821 5043 1953 5100; x_wconf 72' lang='lat' dir='ltr'><strong>mss.</strong></span> <span class='ocrx_word' id='word_1_643' title='bbox 1983 5053 2038 5098; x_wconf 85' lang='lat' dir='ltr'><strong>et</strong></span> 
     </span>
    </p>
   </div>
   <div class='ocr_carea' id='block_1_78' title="bbox 478 5119 965 5174">
    <p class='ocr_par' dir='ltr' id='par_1_78' title="bbox 478 5119 965 5174">
     <span class='ocr_line' id='line_1_79' title="bbox 478 5119 965 5174; baseline -0.006 -2"><span class='ocrx_word' id='word_1_644' title='bbox 478 5122 603 5174; x_wconf 88' lang='lat' dir='ltr'><strong>editi</strong></span> <span class='ocrx_word' id='word_1_645' title='bbox 631 5131 687 5174; x_wconf 90' lang='lat' dir='ltr'><strong>ut</strong></span> <span class='ocrx_word' id='word_1_646' title='bbox 713 5119 766 5172; x_wconf 84' lang='lat' dir='ltr'><strong>in</strong></span> <span class='ocrx_word' id='word_1_647' title='bbox 790 5119 965 5172; x_wconf 76' lang='lat' dir='ltr'><strong>textu.</strong></span> 
     </span>
    </p>
   </div>
   <div class='ocr_carea' id='block_1_79' title="bbox 548 5182 2036 5261">
    <p class='ocr_par' dir='ltr' id='par_1_79' title="bbox 548 5182 2036 5261">
     <span class='ocr_line' id='line_1_80' title="bbox 548 5182 2036 5261; baseline -0.005 -18"><span class='ocrx_word' id='word_1_648' title='bbox 548 5190 660 5261; x_wconf 75' lang='lat'><strong>(26)</strong></span> <span class='ocrx_word' id='word_1_649' title='bbox 687 5190 778 5244; x_wconf 80' lang='lat' dir='ltr'><strong>Sic</strong></span> <span class='ocrx_word' id='word_1_650' title='bbox 799 5196 1080 5261; x_wconf 54' lang='lat' dir='ltr'><strong>rectene.</strong></span> <span class='ocrx_word' id='word_1_651' title='bbox 1121 5185 1322 5261; x_wconf 75' lang='lat' dir='ltr'><strong>Regius</strong></span> <span class='ocrx_word' id='word_1_652' title='bbox 1345 5199 1500 5261; x_wconf 79' lang='lat' dir='ltr'><strong>num.</strong></span> <span class='ocrx_word' id='word_1_653' title='bbox 1538 5182 1696 5261; x_wconf 63' lang='lat'><strong>1659.</strong></span> <span class='ocrx_word' id='word_1_654' title='bbox 1719 5182 1858 5261; x_wconf 57' lang='lat' dir='ltr'><strong>Editi</strong></span> <span class='ocrx_word' id='word_1_655' title='bbox 1886 5196 2036 5261; x_wconf 77' lang='lat' dir='ltr'><strong>vero,</strong></span> 
     </span>
    </p>
   </div>
   <div class='ocr_carea' id='block_1_80' title="bbox 485 5252 2034 5328">
    <p class='ocr_par' dir='ltr' id='par_1_80' title="bbox 485 5252 2034 5328">
     <span class='ocr_line' id='line_1_81' title="bbox 485 5252 2034 5328; baseline -0.003 -19"><span class='ocrx_word' id='word_1_656' title='bbox 485 5279 503 5309; x_wconf 77' lang='grc' dir='ltr'><strong>ι</strong></span> <span class='ocrx_word' id='word_1_657' title='bbox 527 5252 653 5328; x_wconf 73' lang='grc' dir='ltr'>(ιύιεᾶ</span> <span class='ocrx_word' id='word_1_658' title='bbox 683 5257 1116 5328; x_wconf 67' lang='lat' dir='ltr'><strong>incredulitatem</strong></span> <span class='ocrx_word' id='word_1_659' title='bbox 1150 5252 1364 5328; x_wconf 76' lang='lat' dir='ltr'><strong>illorum</strong></span> <span class='ocrx_word' id='word_1_660' title='bbox 1391 5252 1618 5328; x_wconf 64' lang='lat' dir='ltr'><strong>salutem</strong></span> <span class='ocrx_word' id='word_1_661' title='bbox 1645 5254 1794 5328; x_wconf 75' lang='lat' dir='ltr'><strong>facit,</strong></span> <span class='ocrx_word' id='word_1_662' title='bbox 1821 5253 2034 5328; x_wconf 61' lang='lat' dir='ltr'><strong>inquit:</strong></span> 
     </span>
    </p>
   </div>
   <div class='ocr_carea' id='block_1_81' title="bbox 477 5320 2036 5391">
    <p class='ocr_par' dir='ltr' id='par_1_81' title="bbox 477 5320 2036 5391">
     <span class='ocr_line' id='line_1_82' title="bbox 477 5320 2036 5391; baseline -0.003 -12"><span class='ocrx_word' id='word_1_663' title='bbox 477 5320 752 5384; x_wconf 69' lang='lat' dir='ltr'><strong>conclusit</strong></span> <span class='ocrx_word' id='word_1_664' title='bbox 795 5327 938 5382; x_wconf 89' lang='lat' dir='ltr'><strong>enim</strong></span> <span class='ocrx_word' id='word_1_665' title='bbox 970 5325 1111 5381; x_wconf 90' lang='lat' dir='ltr'><strong>Deus</strong></span> <span class='ocrx_word' id='word_1_666' title='bbox 1137 5325 1344 5389; x_wconf 87' lang='lat' dir='ltr'><strong>omnia,</strong></span> <span class='ocrx_word' id='word_1_667' title='bbox 1369 5341 1388 5375; x_wconf 75' lang='grc' dir='ltr'><strong>ι</strong></span> <span class='ocrx_word' id='word_1_668' title='bbox 1422 5332 1530 5376; x_wconf 91' lang='lat' dir='ltr'><strong>etc.</strong></span> <span class='ocrx_word' id='word_1_669' title='bbox 1560 5321 1688 5376; x_wconf 71' lang='lat' dir='ltr'><strong>Mss.</strong></span> <span class='ocrx_word' id='word_1_670' title='bbox 1723 5323 1827 5376; x_wconf 89' lang='lat' dir='ltr'><strong>dno</strong></span> <span class='ocrx_word' id='word_1_671' title='bbox 1858 5320 2036 5391; x_wconf 80' lang='lat' dir='ltr'><strong>Regii,</strong></span> 
     </span>
    </p>
   </div>
   <div class='ocr_carea' id='block_1_82' title="bbox 486 5390 2038 5521">
    <p class='ocr_par' dir='ltr' id='par_1_82' title="bbox 486 5390 2038 5521">
     <span class='ocr_line' id='line_1_83' title="bbox 486 5390 2036 5468; baseline -0.005 -17"><span class='ocrx_word' id='word_1_672' title='bbox 486 5417 502 5446; x_wconf 79' lang='grc' dir='ltr'><strong>ι</strong></span> <span class='ocrx_word' id='word_1_673' title='bbox 523 5401 648 5468; x_wconf 87' lang='lat' dir='ltr'><strong>quia</strong></span> <span class='ocrx_word' id='word_1_674' title='bbox 678 5397 1110 5453; x_wconf 87' lang='lat' dir='ltr'><strong>incredulitatem</strong></span> <span class='ocrx_word' id='word_1_675' title='bbox 1141 5393 1301 5450; x_wconf 78' lang='lat' dir='ltr'><strong>tsrael</strong></span> <span class='ocrx_word' id='word_1_676' title='bbox 1334 5391 1564 5447; x_wconf 88' lang='lat' dir='ltr'><strong>aliorum</strong></span> <span class='ocrx_word' id='word_1_677' title='bbox 1600 5391 1827 5446; x_wconf 86' lang='lat' dir='ltr'><strong>salutem</strong></span> <span class='ocrx_word' id='word_1_678' title='bbox 1853 5390 2036 5455; x_wconf 76' lang='lat' dir='ltr'><strong>facit,s</strong></span> 
     </span>
     <span class='ocr_line' id='line_1_84' title="bbox 486 5462 2038 5521; baseline -0.005 -2"><span class='ocrx_word' id='word_1_679' title='bbox 486 5478 582 5521; x_wconf 72' lang='lat' dir='ltr'><strong>ulc.</strong></span> <span class='ocrx_word' id='word_1_680' title='bbox 639 5468 916 5521; x_wconf 87' lang='lat' dir='ltr'><strong>Rabanus.</strong></span> <span class='ocrx_word' id='word_1_681' title='bbox 955 5466 1126 5521; x_wconf 71' lang='lat' dir='ltr'><strong>«quia</strong></span> <span class='ocrx_word' id='word_1_682' title='bbox 1174 5479 1269 5521; x_wconf 81' lang='lat' dir='ltr'><strong>per</strong></span> <span class='ocrx_word' id='word_1_683' title='bbox 1328 5462 1760 5516; x_wconf 84' lang='lat' dir='ltr'><strong>incredulitatem</strong></span> <span class='ocrx_word' id='word_1_684' title='bbox 1811 5462 2038 5516; x_wconf 86' lang='lat' dir='ltr'><strong>aliorum</strong></span> 
     </span>
    </p>
   </div>
   <div class='ocr_carea' id='block_1_83' title="bbox 477 5477 2020 5532">
    <p class='ocr_par' dir='ltr' id='par_1_83' title="bbox 477 5477 2020 5532">
     <span class='ocr_line' id='line_1_85' title="bbox 477 5477 2020 5532; baseline -0.004 -14"><span class='ocrx_word' id='word_1_685' title='bbox 477 5478 582 5523; x_wconf 83' lang='lat' dir='ltr'><strong>etc.</strong></span> <span class='ocrx_word' id='word_1_686' title='bbox 639 5477 916 5532; x_wconf 79' lang='lat' dir='ltr'><strong>Rabattus,</strong></span> <span class='ocrx_word' id='word_1_687' title='bbox 955 5482 1126 5532; x_wconf 70' lang='lat' dir='ltr'><strong>«qula</strong></span> <span class='ocrx_word' id='word_1_688' title='bbox 1174 5479 1269 5532; x_wconf 81' lang='lat' dir='ltr'><strong>per</strong></span> <span class='ocrx_word' id='word_1_689' title='bbox 1329 5477 1760 5516; x_wconf 77' lang='lat' dir='ltr'><strong>tttcreauntatettt</strong></span> <span class='ocrx_word' id='word_1_690' title='bbox 1811 5477 2020 5516; x_wconf 84' lang='lat' dir='ltr'><strong>attorun</strong></span> 
     </span>
    </p>
   </div>
   <div class='ocr_carea' id='block_1_84' title="bbox 477 5479 1476 5604">
    <p class='ocr_par' dir='ltr' id='par_1_84' title="bbox 477 5479 1476 5604">
     <span class='ocr_line' id='line_1_86' title="bbox 477 5479 1476 5536; baseline -0.002 -18"><span class='ocrx_word' id='word_1_691' title='bbox 477 5479 582 5523; x_wconf 82' lang='lat' dir='ltr'><strong>etc.</strong></span> <span class='ocrx_word' id='word_1_692' title='bbox 639 5479 916 5532; x_wconf 63' lang='lat' dir='ltr'><strong>“altanus,</strong></span> <span class='ocrx_word' id='word_1_693' title='bbox 955 5482 1126 5536; x_wconf 71' lang='lat' dir='ltr'><strong>«quia</strong></span> <span class='ocrx_word' id='word_1_694' title='bbox 1174 5479 1269 5534; x_wconf 85' lang='lat' dir='ltr'><strong>per</strong></span> <span class='ocrx_word' id='word_1_695' title='bbox 1329 5479 1476 5516; x_wconf 73' lang='lat' dir='ltr'><strong>mere</strong></span> 
     </span>
     <span class='ocr_line' id='line_1_87' title="bbox 477 5536 1476 5604; baseline -0.008 -13"><span class='ocrx_word' id='word_1_696' title='bbox 477 5537 705 5591; x_wconf 81' lang='lat' dir='ltr'><strong>salutem</strong></span> <span class='ocrx_word' id='word_1_697' title='bbox 733 5539 880 5604; x_wconf 81' lang='lat' dir='ltr'><strong>facit,</strong></span> <span class='ocrx_word' id='word_1_698' title='bbox 902 5557 921 5589; x_wconf 75' lang='grc' dir='ltr'><strong>ι</strong></span> <span class='ocrx_word' id='word_1_699' title='bbox 951 5547 1085 5601; x_wconf 92' lang='lat' dir='ltr'><strong>etc.,</strong></span> <span class='ocrx_word' id='word_1_700' title='bbox 1116 5545 1176 5588; x_wconf 90' lang='lat' dir='ltr'><strong>ut</strong></span> <span class='ocrx_word' id='word_1_701' title='bbox 1215 5536 1267 5588; x_wconf 89' lang='lat' dir='ltr'><strong>in</strong></span> <span class='ocrx_word' id='word_1_702' title='bbox 1305 5541 1476 5604; x_wconf 80' lang='lat' dir='ltr'><strong>textu.</strong></span> 
     </span>
    </p>
   </div>
   <div class='ocr_carea' id='block_1_85' title="bbox 547 5600 2040 5678">
    <p class='ocr_par' dir='ltr' id='par_1_85' title="bbox 547 5600 2040 5678">
     <span class='ocr_line' id='line_1_88' title="bbox 547 5600 2040 5678; baseline -0.004 -18"><span class='ocrx_word' id='word_1_703' title='bbox 547 5606 661 5678; x_wconf 64' lang='lat'><strong>(‘17)</strong></span> <span class='ocrx_word' id='word_1_704' title='bbox 697 5609 760 5660; x_wconf 71' lang='lat' dir='ltr'><strong>Et</strong></span> <span class='ocrx_word' id='word_1_705' title='bbox 802 5600 923 5678; x_wconf 64' lang='lat' dir='ltr'><strong>igii.</strong></span> <span class='ocrx_word' id='word_1_706' title='bbox 946 5600 1580 5678; x_wconf 25' lang='lat' dir='ltr'><strong>Ottti’ttuntu_r_i_n‘editis,</strong></span> <span class='ocrx_word' id='word_1_707' title='bbox 1608 5600 1704 5678; x_wconf 79' lang='lat' dir='ltr'><strong>sed</strong></span> <span class='ocrx_word' id='word_1_708' title='bbox 1739 5601 2040 5656; x_wconf 86' lang='lat' dir='ltr'><strong>restituun-</strong></span> 
     </span>
    </p>
   </div>
   <div class='ocr_carea' id='block_1_86' title="bbox 477 5671 2042 5744">
    <p class='ocr_par' dir='ltr' id='par_1_86' title="bbox 477 5671 2042 5744">
     <span class='ocr_line' id='line_1_89' title="bbox 477 5671 2042 5744; baseline -0.004 -14"><span class='ocrx_word' id='word_1_709' title='bbox 477 5671 566 5730; x_wconf 77' lang='lat' dir='ltr'><strong>tur</strong></span> <span class='ocrx_word' id='word_1_710' title='bbox 588 5671 653 5731; x_wconf 70' lang='lat' dir='ltr'><strong>eti</strong></span> <span class='ocrx_word' id='word_1_711' title='bbox 688 5693 788 5732; x_wconf 91' lang='lat' dir='ltr'><strong>ms.</strong></span> <span class='ocrx_word' id='word_1_712' title='bbox 824 5671 998 5744; x_wconf 83' lang='lat' dir='ltr'><strong>Regio</strong></span> <span class='ocrx_word' id='word_1_713' title='bbox 1046 5689 1194 5728; x_wconf 89' lang='lat' dir='ltr'><strong>num.</strong></span> <span class='ocrx_word' id='word_1_714' title='bbox 1246 5671 1404 5727; x_wconf 74' lang='lat'><strong>1639.</strong></span> <span class='ocrx_word' id='word_1_715' title='bbox 1439 5673 1636 5726; x_wconf 70' lang='lat' dir='ltr'><strong>tia-teri</strong></span> <span class='ocrx_word' id='word_1_716' title='bbox 1671 5685 1796 5725; x_wconf 73' lang='lat' dir='ltr'><strong>vero</strong></span> <span class='ocrx_word' id='word_1_717' title='bbox 1826 5687 1955 5725; x_wconf 84' lang='lat' dir='ltr'><strong>mss.</strong></span> <span class='ocrx_word' id='word_1_718' title='bbox 1989 5680 2042 5724; x_wconf 88' lang='lat' dir='ltr'><strong>et</strong></span> 
     </span>
    </p>
   </div>
   <div class='ocr_carea' id='block_1_87' title="bbox 2135 3130 3716 3207">
    <p class='ocr_par' dir='ltr' id='par_1_87' title="bbox 2135 3130 3716 3207">
     <span class='ocr_line' id='line_1_90' title="bbox 2135 3130 3716 3207; baseline -0.003 -18"><span class='ocrx_word' id='word_1_719' title='bbox 2135 3134 2564 3207; x_wconf 88' lang='lat' dir='ltr'><strong>longanimitatis</strong></span> <span class='ocrx_word' id='word_1_720' title='bbox 2592 3131 2756 3204; x_wconf 61' lang='lat'><strong>66.2</strong></span> <span class='ocrx_word' id='word_1_721' title='bbox 2792 3132 3130 3200; x_wconf 81' lang='lat' dir='ltr'><strong>magnitudo,</strong></span> <span class='ocrx_word' id='word_1_722' title='bbox 3179 3141 3406 3200; x_wconf 82' lang='lat' dir='ltr'><strong>repente</strong></span> <span class='ocrx_word' id='word_1_723' title='bbox 3444 3130 3716 3185; x_wconf 79' lang='lat' dir='ltr'><strong>interiori-</strong></span> 
     </span>
    </p>
   </div>
   <div class='ocr_carea' id='block_1_88' title="bbox 2138 3222 3716 3293">
    <p class='ocr_par' dir='ltr' id='par_1_88' title="bbox 2138 3222 3716 3293">
     <span class='ocr_line' id='line_1_91' title="bbox 2138 3222 3716 3293; baseline -0.004 -11"><span class='ocrx_word' id='word_1_724' title='bbox 2138 3227 2240 3282; x_wconf 80' lang='lat' dir='ltr'><strong>bus</strong></span> <span class='ocrx_word' id='word_1_725' title='bbox 2261 3242 2352 3282; x_wconf 90' lang='lat' dir='ltr'><strong>eas</strong></span> <span class='ocrx_word' id='word_1_726' title='bbox 2379 3225 2559 3282; x_wconf 86' lang='lat' dir='ltr'><strong>cordis</strong></span> <span class='ocrx_word' id='word_1_727' title='bbox 2587 3225 2759 3279; x_wconf 88' lang='lat' dir='ltr'><strong>oculis</strong></span> <span class='ocrx_word' id='word_1_728' title='bbox 2788 3223 3155 3293; x_wconf 79' lang='lat' dir='ltr'><strong>(33)intuens,</strong></span> <span class='ocrx_word' id='word_1_729' title='bbox 3176 3222 3716 3290; x_wconf 77' lang='lat' dir='ltr'><strong>immensitatemque</strong></span> 
     </span>
    </p>
   </div>
   <div class='ocr_carea' id='block_1_89' title="bbox 2140 3313 3718 3387">
    <p class='ocr_par' dir='ltr' id='par_1_89' title="bbox 2140 3313 3718 3387">
     <span class='ocr_line' id='line_1_92' title="bbox 2140 3313 3718 3387; baseline -0.005 -13"><span class='ocrx_word' id='word_1_730' title='bbox 2140 3334 2328 3375; x_wconf 88' lang='lat' dir='ltr'><strong>earum</strong></span> <span class='ocrx_word' id='word_1_731' title='bbox 2369 3315 2724 3387; x_wconf 87' lang='lat' dir='ltr'><strong>perspiciens,</strong></span> <span class='ocrx_word' id='word_1_732' title='bbox 2769 3323 2994 3383; x_wconf 89' lang='lat' dir='ltr'><strong>stupore</strong></span> <span class='ocrx_word' id='word_1_733' title='bbox 3046 3313 3205 3368; x_wconf 88' lang='lat' dir='ltr'><strong>simul</strong></span> <span class='ocrx_word' id='word_1_734' title='bbox 3243 3323 3298 3368; x_wconf 90' lang='lat' dir='ltr'><strong>et</strong></span> <span class='ocrx_word' id='word_1_735' title='bbox 3333 3328 3542 3383; x_wconf 87' lang='lat' dir='ltr'><strong>pavore</strong></span> <span class='ocrx_word' id='word_1_736' title='bbox 3590 3329 3718 3381; x_wconf 85' lang='lat' dir='ltr'><strong>per-</strong></span> 
     </span>
    </p>
   </div>
   <div class='ocr_carea' id='block_1_90' title="bbox 2139 3404 3715 3470">
    <p class='ocr_par' dir='ltr' id='par_1_90' title="bbox 2139 3404 3715 3470">
     <span class='ocr_line' id='line_1_93' title="bbox 2139 3404 3715 3470; baseline -0.004 -7"><span class='ocrx_word' id='word_1_737' title='bbox 2139 3410 2325 3470; x_wconf 86' lang='lat' dir='ltr'><strong>culsus</strong></span> <span class='ocrx_word' id='word_1_738' title='bbox 2369 3408 2643 3463; x_wconf 77' lang='lat' dir='ltr'><strong>exclamat.</strong></span> <span class='ocrx_word' id='word_1_739' title='bbox 2681 3417 2737 3462; x_wconf 90' lang='lat' dir='ltr'><strong>et</strong></span> <span class='ocrx_word' id='word_1_740' title='bbox 2788 3407 2922 3462; x_wconf 88' lang='lat' dir='ltr'><strong>dicit</strong></span> <span class='ocrx_word' id='word_1_741' title='bbox 2950 3428 2962 3462; x_wconf 89' lang='lat'><strong>:</strong></span> <span class='ocrx_word' id='word_1_742' title='bbox 2993 3425 3012 3458; x_wconf 84' lang='grc'><em>‹</em></span> <span class='ocrx_word' id='word_1_743' title='bbox 3042 3407 3087 3461; x_wconf 90' lang='grc' dir='ltr'><strong>Ο</strong></span> <span class='ocrx_word' id='word_1_744' title='bbox 3126 3404 3354 3460; x_wconf 87' lang='lat' dir='ltr'><strong>altitudo</strong></span> <span class='ocrx_word' id='word_1_745' title='bbox 3396 3405 3715 3458; x_wconf 86' lang='lat' dir='ltr'><strong>divitiarum</strong></span> 
     </span>
    </p>
   </div>
   <div class='ocr_carea' id='block_1_91' title="bbox 2141 3495 3718 3572">
    <p class='ocr_par' dir='ltr' id='par_1_91' title="bbox 2141 3495 3718 3572">
     <span class='ocr_line' id='line_1_94' title="bbox 2141 3495 3718 3572; baseline -0.005 -16"><span class='ocrx_word' id='word_1_746' title='bbox 2141 3501 2422 3572; x_wconf 65' lang='lat' dir='ltr'><strong>sapientiae</strong></span> <span class='ocrx_word' id='word_1_747' title='bbox 2456 3510 2510 3554; x_wconf 91' lang='lat' dir='ltr'><strong>et</strong></span> <span class='ocrx_word' id='word_1_748' title='bbox 2540 3499 2784 3554; x_wconf 75' lang='lat' dir='ltr'><strong>scientia:</strong></span> <span class='ocrx_word' id='word_1_749' title='bbox 2814 3498 2935 3560; x_wconf 87' lang='lat' dir='ltr'><strong>Dei,</strong></span> <span class='ocrx_word' id='word_1_750' title='bbox 2963 3512 3126 3566; x_wconf 86' lang='lat' dir='ltr'><strong>quam</strong></span> <span class='ocrx_word' id='word_1_751' title='bbox 3173 3495 3552 3551; x_wconf 84' lang='lat' dir='ltr'><strong>inscrutabilia</strong></span> <span class='ocrx_word' id='word_1_752' title='bbox 3583 3504 3718 3551; x_wconf 80' lang='lat' dir='ltr'><strong>sunt</strong></span> 
     </span>
    </p>
   </div>
   <div class='ocr_carea' id='block_1_92' title="bbox 2136 3587 3716 3664">
    <p class='ocr_par' dir='ltr' id='par_1_92' title="bbox 2136 3587 3716 3664">
     <span class='ocr_line' id='line_1_95' title="bbox 2136 3587 3716 3664; baseline -0.004 -17"><span class='ocrx_word' id='word_1_753' title='bbox 2136 3593 2340 3664; x_wconf 78' lang='lat' dir='ltr'><strong>judicia</strong></span> <span class='ocrx_word' id='word_1_754' title='bbox 2366 3592 2504 3661; x_wconf 80' lang='lat' dir='ltr'><strong>ejus,</strong></span> <span class='ocrx_word' id='word_1_755' title='bbox 2528 3601 2583 3646; x_wconf 92' lang='lat' dir='ltr'><strong>et</strong></span> <span class='ocrx_word' id='word_1_756' title='bbox 2608 3589 3015 3658; x_wconf 80' lang='lat' dir='ltr'><strong>investigabiles</strong></span> <span class='ocrx_word' id='word_1_757' title='bbox 3043 3589 3145 3642; x_wconf 58' lang='lat' dir='ltr'><strong>vim</strong></span> <span class='ocrx_word' id='word_1_758' title='bbox 3201 3587 3353 3654; x_wconf 78' lang='lat' dir='ltr'><strong>ejus!</strong></span> <span class='ocrx_word' id='word_1_759' title='bbox 3388 3605 3409 3640; x_wconf 82' lang='grc'>›</span> <span class='ocrx_word' id='word_1_760' title='bbox 3447 3587 3600 3644; x_wconf 88' lang='lat' dir='ltr'><strong>Unde</strong></span> <span class='ocrx_word' id='word_1_761' title='bbox 3623 3596 3716 3642; x_wconf 80' lang='lat' dir='ltr'><strong>et-</strong></span> 
     </span>
    </p>
   </div>
   <div class='ocr_carea' id='block_1_93' title="bbox 2142 3677 3718 3748">
    <p class='ocr_par' dir='ltr' id='par_1_93' title="bbox 2142 3677 3718 3748">
     <span class='ocr_line' id='line_1_96' title="bbox 2142 3677 3718 3748; baseline -0.007 -6"><span class='ocrx_word' id='word_1_762' title='bbox 2142 3687 2290 3742; x_wconf 84' lang='lat' dir='ltr'><strong>enim</strong></span> <span class='ocrx_word' id='word_1_763' title='bbox 2320 3685 2570 3740; x_wconf 75' lang='lat' dir='ltr'><strong>ltumana:</strong></span> <span class='ocrx_word' id='word_1_764' title='bbox 2594 3682 2794 3737; x_wconf 83' lang='lat' dir='ltr'><strong>mentis</strong></span> <span class='ocrx_word' id='word_1_765' title='bbox 2825 3695 3016 3736; x_wconf 86' lang='lat' dir='ltr'><strong>sensus</strong></span> <span class='ocrx_word' id='word_1_766' title='bbox 3041 3679 3144 3734; x_wconf 91' lang='lat' dir='ltr'><strong>ista</strong></span> <span class='ocrx_word' id='word_1_767' title='bbox 3167 3688 3354 3748; x_wconf 82' lang='lat' dir='ltr'><strong>posset</strong></span> <span class='ocrx_word' id='word_1_768' title='bbox 3391 3677 3627 3748; x_wconf 81' lang='lat' dir='ltr'><strong>Opinari,</strong></span> <span class='ocrx_word' id='word_1_769' title='bbox 3656 3688 3718 3733; x_wconf 76' lang='lat' dir='ltr'><strong>ut</strong></span> 
     </span>
    </p>
   </div>
   <div class='ocr_carea' id='block_1_94' title="bbox 2143 3767 3716 3845">
    <p class='ocr_par' dir='ltr' id='par_1_94' title="bbox 2143 3767 3716 3845">
     <span class='ocr_line' id='line_1_97' title="bbox 2143 3767 3716 3845; baseline -0.006 -13"><span class='ocrx_word' id='word_1_770' title='bbox 2143 3785 2353 3832; x_wconf 86' lang='lat' dir='ltr'><strong>servata</strong></span> <span class='ocrx_word' id='word_1_771' title='bbox 2392 3775 2682 3845; x_wconf 88' lang='lat' dir='ltr'><strong>unicuique</strong></span> <span class='ocrx_word' id='word_1_772' title='bbox 2736 3771 2951 3828; x_wconf 88' lang='lat' dir='ltr'><strong>arbitrii</strong></span> <span class='ocrx_word' id='word_1_773' title='bbox 2985 3771 3260 3835; x_wconf 86' lang='lat' dir='ltr'><strong>libertate,</strong></span> <span class='ocrx_word' id='word_1_774' title='bbox 3296 3769 3522 3824; x_wconf 85' lang='lat' dir='ltr'><strong>alterius</strong></span> <span class='ocrx_word' id='word_1_775' title='bbox 3551 3767 3716 3823; x_wconf 77' lang='lat' dir='ltr'><strong>mali-</strong></span> 
     </span>
    </p>
   </div>
   <div class='ocr_carea' id='block_1_95' title="bbox 2145 3859 3724 3935">
    <p class='ocr_par' dir='ltr' id='par_1_95' title="bbox 2145 3859 3724 3935">
     <span class='ocr_line' id='line_1_98' title="bbox 2145 3859 3724 3935; baseline -0.005 -15"><span class='ocrx_word' id='word_1_776' title='bbox 2145 3866 2234 3921; x_wconf 72' lang='lat' dir='ltr'><strong>tia:</strong></span> <span class='ocrx_word' id='word_1_777' title='bbox 2277 3879 2414 3935; x_wconf 85' lang='lat' dir='ltr'><strong>opus</strong></span> <span class='ocrx_word' id='word_1_778' title='bbox 2445 3875 2749 3920; x_wconf 75' lang='lat' dir='ltr'><strong>verteretur</strong></span> <span class='ocrx_word' id='word_1_779' title='bbox 2791 3862 2950 3916; x_wconf 86' lang='lat' dir='ltr'><strong>alteri</strong></span> <span class='ocrx_word' id='word_1_780' title='bbox 2979 3861 3046 3916; x_wconf 91' lang='lat' dir='ltr'><strong>ad</strong></span> <span class='ocrx_word' id='word_1_781' title='bbox 3079 3861 3310 3916; x_wconf 87' lang='lat' dir='ltr'><strong>salutem</strong></span> <span class='ocrx_word' id='word_1_782' title='bbox 3360 3859 3497 3932; x_wconf 72' lang='grc'><strong>(34),</strong></span> <span class='ocrx_word' id='word_1_783' title='bbox 3520 3869 3578 3914; x_wconf 84' lang='lat' dir='ltr'><strong>et</strong></span> <span class='ocrx_word' id='word_1_784' title='bbox 3603 3859 3724 3913; x_wconf 80' lang='lat' dir='ltr'><strong>vin—</strong></span> 
     </span>
    </p>
   </div>
   <div class='ocr_carea' id='block_1_96' title="bbox 2142 3951 3718 4026">
    <p class='ocr_par' dir='ltr' id='par_1_96' title="bbox 2142 3951 3718 4026">
     <span class='ocr_line' id='line_1_99' title="bbox 2142 3951 3718 4026; baseline -0.003 -14"><span class='ocrx_word' id='word_1_785' title='bbox 2142 3958 2286 4013; x_wconf 87' lang='lat' dir='ltr'><strong>centi</strong></span> <span class='ocrx_word' id='word_1_786' title='bbox 2337 3972 2399 4014; x_wconf 82' lang='lat' dir='ltr'><strong>se</strong></span> <span class='ocrx_word' id='word_1_787' title='bbox 2454 3957 2659 4013; x_wconf 86' lang='lat' dir='ltr'><strong>malitia</strong></span> <span class='ocrx_word' id='word_1_788' title='bbox 2701 3956 2936 4026; x_wconf 79' lang='lat' dir='ltr'><strong>palmam</strong></span> <span class='ocrx_word' id='word_1_789' title='bbox 2971 3956 3266 4022; x_wconf 77' lang='lat' dir='ltr'><strong>conferret,</strong></span> <span class='ocrx_word' id='word_1_790' title='bbox 3289 3968 3413 4023; x_wconf 75' lang='lat' dir='ltr'><strong>qua:</strong></span> <span class='ocrx_word' id='word_1_791' title='bbox 3439 3951 3614 4010; x_wconf 85' lang='lat' dir='ltr'><strong>utenti</strong></span> <span class='ocrx_word' id='word_1_792' title='bbox 3653 3963 3718 4007; x_wconf 76' lang='lat' dir='ltr'><strong>se</strong></span> 
     </span>
    </p>
   </div>
   <div class='ocr_carea' id='block_1_97' title="bbox 1165 4093 2636 4162">
    <p class='ocr_par' dir='ltr' id='par_1_97' title="bbox 1165 4093 2636 4162">
     <span class='ocr_line' id='line_1_100' title="bbox 1165 4093 2636 4162; baseline -0.003 -12"><span class='ocrx_word' id='word_1_793' title='bbox 1165 4097 1209 4128; x_wconf 81' lang='grc'>⁸⁸</span> <span class='ocrx_word' id='word_1_794' title='bbox 1237 4095 1393 4150; x_wconf 89' lang='lat' dir='ltr'><strong>Rom.</strong></span> <span class='ocrx_word' id='word_1_795' title='bbox 1423 4111 1494 4157; x_wconf 82' lang='lat' dir='ltr'><strong>tv,</strong></span> <span class='ocrx_word' id='word_1_796' title='bbox 1526 4094 1613 4148; x_wconf 73' lang='lat' dir='ltr'><strong>2t.</strong></span> <span class='ocrx_word' id='word_1_797' title='bbox 1689 4094 1734 4125; x_wconf 81' lang='grc'><strong>⁸⁸</strong></span> <span class='ocrx_word' id='word_1_798' title='bbox 1767 4093 1958 4162; x_wconf 82' lang='lat' dir='ltr'><strong>Ephes.</strong></span> <span class='ocrx_word' id='word_1_799' title='bbox 1999 4108 2060 4161; x_wconf 91' lang='lat' dir='ltr'><strong>tt,</strong></span> <span class='ocrx_word' id='word_1_800' title='bbox 2095 4095 2148 4148; x_wconf 71' lang='grc' dir='ltr'>ι.</span> <span class='ocrx_word' id='word_1_801' title='bbox 2195 4095 2241 4126; x_wconf 81' lang='grc' dir='ltr'><strong>ὀ</strong></span> <span class='ocrx_word' id='word_1_802' title='bbox 2275 4093 2432 4151; x_wconf 88' lang='lat' dir='ltr'><strong>Rom.</strong></span> <span class='ocrx_word' id='word_1_803' title='bbox 2463 4110 2517 4158; x_wconf 81' lang='lat' dir='ltr'><strong>tt,</strong></span> <span class='ocrx_word' id='word_1_804' title='bbox 2553 4093 2636 4148; x_wconf 71' lang='lat'><strong>12.</strong></span> 
     </span>
    </p>
   </div>
   <div class='ocr_carea' id='block_1_98' title="bbox 2145 4208 2872 4265">
    <p class='ocr_par' dir='ltr' id='par_1_98' title="bbox 2145 4208 2872 4265">
     <span class='ocr_line' id='line_1_101' title="bbox 2145 4208 2872 4265; baseline -0.006 -1"><span class='ocrx_word' id='word_1_805' title='bbox 2145 4208 2397 4264; x_wconf 85' lang='lat' dir='ltr'><strong>Rabanus</strong></span> <span class='ocrx_word' id='word_1_806' title='bbox 2429 4210 2627 4265; x_wconf 86' lang='lat' dir='ltr'><strong>habent</strong></span> <span class='ocrx_word' id='word_1_807' title='bbox 2658 4227 2676 4261; x_wconf 74' lang='grc' dir='ltr'><strong>ι</strong></span> <span class='ocrx_word' id='word_1_808' title='bbox 2699 4209 2824 4264; x_wconf 90' lang='lat' dir='ltr'><strong>etsi.</strong></span> <span class='ocrx_word' id='word_1_809' title='bbox 2851 4226 2872 4260; x_wconf 75' lang='grc' dir='ltr'><strong>ι</strong></span> 
     </span>
    </p>
   </div>
   <div class='ocr_carea' id='block_1_99' title="bbox 2216 4273 3711 4349">
    <p class='ocr_par' dir='ltr' id='par_1_99' title="bbox 2216 4273 3711 4349">
     <span class='ocr_line' id='line_1_102' title="bbox 2216 4273 3711 4349; baseline -0.001 -17"><span class='ocrx_word' id='word_1_810' title='bbox 2216 4279 2328 4349; x_wconf 74' lang='grc'><strong>(28)</strong></span> <span class='ocrx_word' id='word_1_811' title='bbox 2353 4279 2513 4349; x_wconf 82' lang='lat' dir='ltr'><strong>Editi,</strong></span> <span class='ocrx_word' id='word_1_812' title='bbox 2533 4279 2980 4349; x_wconf 18' lang='lat' dir='ltr'><strong>Aceompatituret</strong></span> <span class='ocrx_word' id='word_1_813' title='bbox 3011 4285 3268 4349; x_wconf 82' lang='lat' dir='ltr'><strong>reservat.</strong></span> <span class='ocrx_word' id='word_1_814' title='bbox 3294 4294 3313 4349; x_wconf 61' lang='grc' dir='ltr'>ρ</span> <span class='ocrx_word' id='word_1_815' title='bbox 3351 4273 3555 4349; x_wconf 79' lang='lat' dir='ltr'><strong>Deinde</strong></span> <span class='ocrx_word' id='word_1_816' title='bbox 3577 4289 3711 4349; x_wconf 67' lang='lat' dir='ltr'><strong>mss.</strong></span> 
     </span>
    </p>
   </div>
   <div class='ocr_carea' id='block_1_100' title="bbox 2146 4345 3703 4418">
    <p class='ocr_par' dir='ltr' id='par_1_100' title="bbox 2146 4345 3703 4418">
     <span class='ocr_line' id='line_1_103' title="bbox 2146 4345 3703 4418; baseline -0.002 -18"><span class='ocrx_word' id='word_1_817' title='bbox 2146 4345 2414 4418; x_wconf 82' lang='lat' dir='ltr'><strong>plerique,</strong></span> <span class='ocrx_word' id='word_1_818' title='bbox 2447 4345 2798 4418; x_wconf 71' lang='lat' dir='ltr'><strong>Rabanuset</strong></span> <span class='ocrx_word' id='word_1_819' title='bbox 2841 4345 2996 4413; x_wconf 87' lang='lat' dir='ltr'><strong>editi,</strong></span> <span class='ocrx_word' id='word_1_820' title='bbox 3017 4363 3052 4418; x_wconf 33' lang='lat' dir='ltr'><strong>At</strong></span> <span class='ocrx_word' id='word_1_821' title='bbox 3073 4347 3411 4418; x_wconf 79' lang='lat' dir='ltr'><strong>prospiciens</strong></span> <span class='ocrx_word' id='word_1_822' title='bbox 3443 4346 3570 4412; x_wconf 79' lang='lat' dir='ltr'><strong>quia</strong></span> <span class='ocrx_word' id='word_1_823' title='bbox 3599 4347 3703 4418; x_wconf 72' lang='lat' dir='ltr'><strong>ali-</strong></span> 
     </span>
    </p>
   </div>
   <div class='ocr_carea' id='block_1_101' title="bbox 2141 4415 3714 4486">
    <p class='ocr_par' dir='ltr' id='par_1_101' title="bbox 2141 4415 3714 4486">
     <span class='ocr_line' id='line_1_104' title="bbox 2141 4415 3714 4486; baseline -0.006 -14"><span class='ocrx_word' id='word_1_824' title='bbox 2141 4415 2270 4486; x_wconf 80' lang='lat' dir='ltr'><strong>quid</strong></span> <span class='ocrx_word' id='word_1_825' title='bbox 2304 4415 2434 4473; x_wconf 85' lang='lat' dir='ltr'><strong>boni</strong></span> <span class='ocrx_word' id='word_1_826' title='bbox 2465 4419 2516 4471; x_wconf 87' lang='lat' dir='ltr'><strong>iu</strong></span> <span class='ocrx_word' id='word_1_827' title='bbox 2558 4417 2683 4473; x_wconf 89' lang='lat' dir='ltr'><strong>aliis</strong></span> <span class='ocrx_word' id='word_1_828' title='bbox 2711 4416 2954 4471; x_wconf 78' lang='lat' dir='ltr'><strong>facturus</strong></span> <span class='ocrx_word' id='word_1_829' title='bbox 2985 4415 3182 4486; x_wconf 33' lang='lat' dir='ltr'><strong>sit’per</strong></span> <span class='ocrx_word' id='word_1_830' title='bbox 3210 4415 3438 4470; x_wconf 85' lang='lat' dir='ltr'><strong>alterius</strong></span> <span class='ocrx_word' id='word_1_831' title='bbox 3465 4415 3714 4486; x_wconf 55' lang='lat' dir='ltr'><strong>proposi—</strong></span> 
     </span>
    </p>
   </div>
   <div class='ocr_carea' id='block_1_102' title="bbox 2135 4482 3714 4568">
    <p class='ocr_par' dir='ltr' id='par_1_102' title="bbox 2135 4482 3714 4568">
     <span class='ocr_line' id='line_1_105' title="bbox 2135 4482 3714 4568; baseline -0.002 -27"><span class='ocrx_word' id='word_1_832' title='bbox 2135 4482 2248 4568; x_wconf 76' lang='lat' dir='ltr'><strong>tum</strong></span> <span class='ocrx_word' id='word_1_833' title='bbox 2278 4487 2476 4568; x_wconf 75' lang='lat' dir='ltr'><strong>tnali._t</strong></span> <span class='ocrx_word' id='word_1_834' title='bbox 2512 4486 2622 4540; x_wconf 75' lang='lat' dir='ltr'><strong>Sed</strong></span> <span class='ocrx_word' id='word_1_835' title='bbox 2670 4487 2876 4544; x_wconf 75' lang='lat' dir='ltr'><strong>rectius</strong></span> <span class='ocrx_word' id='word_1_836' title='bbox 2903 4500 3006 4542; x_wconf 85' lang='lat' dir='ltr'><strong>ms.</strong></span> <span class='ocrx_word' id='word_1_837' title='bbox 3038 4482 3236 4556; x_wconf 75' lang='lat' dir='ltr'><strong>Regius</strong></span> <span class='ocrx_word' id='word_1_838' title='bbox 3287 4499 3441 4538; x_wconf 87' lang='lat' dir='ltr'><strong>nutu.</strong></span> <span class='ocrx_word' id='word_1_839' title='bbox 3468 4482 3618 4537; x_wconf 72' lang='grc'><strong>1659</strong></span> <span class='ocrx_word' id='word_1_840' title='bbox 3652 4493 3714 4538; x_wconf 85' lang='grc' dir='ltr'><strong>ιιι</strong></span> 
     </span>
    </p>
   </div>
   <div class='ocr_carea' id='block_1_103' title="bbox 2136 4566 2608 4610">
    <p class='ocr_par' dir='ltr' id='par_1_103' title="bbox 2136 4566 2608 4610">
     <span class='ocr_line' id='line_1_106' title="bbox 2136 4566 2608 4610; baseline -0.004 0"><span class='ocrx_word' id='word_1_841' title='bbox 2136 4566 2188 4610; x_wconf 74' lang='lat' dir='ltr'><strong>ill</strong></span> <span class='ocrx_word' id='word_1_842' title='bbox 2226 4568 2411 4610; x_wconf 75' lang='lat' dir='ltr'><strong>llOSll‘O</strong></span> <span class='ocrx_word' id='word_1_843' title='bbox 2437 4566 2608 4610; x_wconf 77' lang='grc' dir='ltr'>ιωιιυ.</span> 
     </span>
    </p>
   </div>
   <div class='ocr_carea' id='block_1_104' title="bbox 2204 4620 3712 4696">
    <p class='ocr_par' dir='ltr' id='par_1_104' title="bbox 2204 4620 3712 4696">
     <span class='ocr_line' id='line_1_107' title="bbox 2204 4620 3712 4696; baseline -0.003 -17"><span class='ocrx_word' id='word_1_844' title='bbox 2204 4626 2319 4696; x_wconf 68' lang='lat'><strong>(‘29)</strong></span> <span class='ocrx_word' id='word_1_845' title='bbox 2350 4624 2448 4696; x_wconf 78' lang='lat' dir='ltr'><strong>Ms.</strong></span> <span class='ocrx_word' id='word_1_846' title='bbox 2485 4625 2686 4694; x_wconf 81' lang='lat' dir='ltr'><strong>Regius</strong></span> <span class='ocrx_word' id='word_1_847' title='bbox 2716 4640 2868 4696; x_wconf 74' lang='lat' dir='ltr'><strong>num.</strong></span> <span class='ocrx_word' id='word_1_848' title='bbox 2901 4624 3064 4696; x_wconf 75' lang='lat' dir='ltr'><strong>i639,</strong></span> <span class='ocrx_word' id='word_1_849' title='bbox 3097 4643 3115 4675; x_wconf 73' lang='grc' dir='ltr'><strong>ι</strong></span> <span class='ocrx_word' id='word_1_850' title='bbox 3138 4637 3303 4696; x_wconf 75' lang='lat' dir='ltr'><strong>quam</strong></span> <span class='ocrx_word' id='word_1_851' title='bbox 3343 4621 3484 4676; x_wconf 90' lang='lat' dir='ltr'><strong>Dens</strong></span> <span class='ocrx_word' id='word_1_852' title='bbox 3507 4635 3574 4696; x_wconf 76' lang='lat' dir='ltr'><strong>ex</strong></span> <span class='ocrx_word' id='word_1_853' title='bbox 3604 4620 3712 4675; x_wconf 86' lang='lat' dir='ltr'><strong>ini-</strong></span> 
     </span>
    </p>
   </div>
   <div class='ocr_carea' id='block_1_105' title="bbox 2136 4692 3710 4776">
    <p class='ocr_par' dir='ltr' id='par_1_105' title="bbox 2136 4692 3710 4776">
     <span class='ocr_line' id='line_1_108' title="bbox 2136 4692 3710 4776; baseline -0.004 -26"><span class='ocrx_word' id='word_1_854' title='bbox 2136 4692 2234 4763; x_wconf 81' lang='lat' dir='ltr'><strong>tio,</strong></span> <span class='ocrx_word' id='word_1_855' title='bbox 2241 4713 2266 4776; x_wconf 57' lang='grc' dir='ltr'><em>ρ</em></span> <span class='ocrx_word' id='word_1_856' title='bbox 2285 4692 2392 4776; x_wconf 61' lang='lat' dir='ltr'><strong>etc.</strong></span> <span class='ocrx_word' id='word_1_857' title='bbox 2411 4692 2607 4776; x_wconf 61' lang='lat' dir='ltr'><strong>Galeri</strong></span> <span class='ocrx_word' id='word_1_858' title='bbox 2634 4711 2789 4761; x_wconf 83' lang='lat' dir='ltr'><strong>tnss.,</strong></span> <span class='ocrx_word' id='word_1_859' title='bbox 2816 4693 3072 4749; x_wconf 82' lang='lat' dir='ltr'><strong>Rabanus</strong></span> <span class='ocrx_word' id='word_1_860' title='bbox 3099 4692 3164 4748; x_wconf 66' lang='lat' dir='ltr'><strong>et</strong></span> <span class='ocrx_word' id='word_1_861' title='bbox 3175 4693 3331 4756; x_wconf 85' lang='lat' dir='ltr'><strong>editi,</strong></span> <span class='ocrx_word' id='word_1_862' title='bbox 3366 4709 3385 4741; x_wconf 77' lang='grc' dir='ltr'><strong>ι</strong></span> <span class='ocrx_word' id='word_1_863' title='bbox 3411 4692 3558 4760; x_wconf 84' lang='lat' dir='ltr'><strong>quod</strong></span> <span class='ocrx_word' id='word_1_864' title='bbox 3587 4706 3710 4744; x_wconf 84' lang='lat' dir='ltr'><strong>eam</strong></span> 
     </span>
    </p>
   </div>
   <div class='ocr_carea' id='block_1_106' title="bbox 2133 4765 2597 4828">
    <p class='ocr_par' dir='ltr' id='par_1_106' title="bbox 2133 4765 2597 4828">
     <span class='ocr_line' id='line_1_109' title="bbox 2133 4765 2597 4828; baseline -0.009 -6"><span class='ocrx_word' id='word_1_865' title='bbox 2133 4781 2198 4822; x_wconf 76' lang='lat' dir='ltr'><strong>cx</strong></span> <span class='ocrx_word' id='word_1_866' title='bbox 2241 4765 2414 4828; x_wconf 89' lang='lat' dir='ltr'><strong>initio,</strong></span> <span class='ocrx_word' id='word_1_867' title='bbox 2442 4785 2460 4816; x_wconf 75' lang='grc' dir='ltr'><strong>ι</strong></span> <span class='ocrx_word' id='word_1_868' title='bbox 2491 4773 2597 4820; x_wconf 89' lang='lat' dir='ltr'><strong>etc.</strong></span> 
     </span>
    </p>
   </div>
   <div class='ocr_carea' id='block_1_107' title="bbox 2207 4828 3704 4904">
    <p class='ocr_par' dir='ltr' id='par_1_107' title="bbox 2207 4828 3704 4904">
     <span class='ocr_line' id='line_1_110' title="bbox 2207 4828 3704 4904; baseline -0.005 -17"><span class='ocrx_word' id='word_1_869' title='bbox 2207 4834 2318 4904; x_wconf 78' lang='grc'><strong>(50)</strong></span> <span class='ocrx_word' id='word_1_870' title='bbox 2354 4835 2447 4889; x_wconf 84' lang='lat' dir='ltr'><strong>Sic</strong></span> <span class='ocrx_word' id='word_1_871' title='bbox 2479 4850 2580 4888; x_wconf 90' lang='lat' dir='ltr'><strong>ms.</strong></span> <span class='ocrx_word' id='word_1_872' title='bbox 2616 4834 2816 4904; x_wconf 85' lang='lat' dir='ltr'><strong>Regius</strong></span> <span class='ocrx_word' id='word_1_873' title='bbox 2854 4848 3002 4904; x_wconf 86' lang='lat' dir='ltr'><strong>nttm.</strong></span> <span class='ocrx_word' id='word_1_874' title='bbox 3044 4831 3180 4886; x_wconf 82' lang='lat' dir='ltr'><strong>l659</strong></span> <span class='ocrx_word' id='word_1_875' title='bbox 3207 4828 3476 4904; x_wconf 66' lang='lat' dir='ltr'><strong>§t_editi.</strong></span> <span class='ocrx_word' id='word_1_876' title='bbox 3504 4828 3704 4904; x_wconf 69' lang='lat' dir='ltr'><strong>Cameri</strong></span> 
     </span>
    </p>
   </div>
   <div class='ocr_carea' id='block_1_108' title="bbox 2137 4897 3697 4974">
    <p class='ocr_par' dir='ltr' id='par_1_108' title="bbox 2137 4897 3697 4974">
     <span class='ocr_line' id='line_1_111' title="bbox 2137 4897 3697 4974; baseline -0.006 -16"><span class='ocrx_word' id='word_1_877' title='bbox 2137 4897 2268 4974; x_wconf 76' lang='lat' dir='ltr'><strong>mss.</strong></span> <span class='ocrx_word' id='word_1_878' title='bbox 2299 4897 2530 4967; x_wconf 82' lang='lat' dir='ltr'><strong>habent,</strong></span> <span class='ocrx_word' id='word_1_879' title='bbox 2565 4920 2584 4953; x_wconf 81' lang='grc' dir='ltr'><strong>ι</strong></span> <span class='ocrx_word' id='word_1_880' title='bbox 2605 4897 2766 4974; x_wconf 60' lang='grc' dir='ltr'>ηυῶιι</span> <span class='ocrx_word' id='word_1_881' title='bbox 2808 4903 3126 4974; x_wconf 64' lang='lat' dir='ltr'><strong>multorum.</strong></span> <span class='ocrx_word' id='word_1_882' title='bbox 3152 4920 3170 4953; x_wconf 76' lang='grc' dir='ltr'><strong>ι</strong></span> <span class='ocrx_word' id='word_1_883' title='bbox 3200 4900 3488 4974; x_wconf 74' lang='lat' dir='ltr'><strong>Rabanus,</strong></span> <span class='ocrx_word' id='word_1_884' title='bbox 3528 4916 3548 4949; x_wconf 75' lang='grc' dir='ltr'><strong>ι</strong></span> <span class='ocrx_word' id='word_1_885' title='bbox 3569 4897 3697 4966; x_wconf 85' lang='lat' dir='ltr'><strong>quia</strong></span> 
     </span>
    </p>
   </div>
   <div class='ocr_carea' id='block_1_109' title="bbox 2139 4969 3708 5040">
    <p class='ocr_par' dir='ltr' id='par_1_109' title="bbox 2139 4969 3708 5040">
     <span class='ocr_line' id='line_1_112' title="bbox 2139 4969 3708 5040; baseline -0.004 -14"><span class='ocrx_word' id='word_1_886' title='bbox 2139 4972 2451 5027; x_wconf 89' lang='lat' dir='ltr'><strong>multorum.</strong></span> <span class='ocrx_word' id='word_1_887' title='bbox 2478 4993 2495 5025; x_wconf 75' lang='grc' dir='ltr'><strong>ι</strong></span> <span class='ocrx_word' id='word_1_888' title='bbox 2531 4969 2734 5027; x_wconf 78' lang='lat' dir='ltr'><strong>Deinde</strong></span> <span class='ocrx_word' id='word_1_889' title='bbox 2775 4972 2909 5026; x_wconf 91' lang='lat' dir='ltr'><strong>alter</strong></span> <span class='ocrx_word' id='word_1_890' title='bbox 2946 4986 3050 5027; x_wconf 89' lang='lat' dir='ltr'><strong>ms.</strong></span> <span class='ocrx_word' id='word_1_891' title='bbox 3083 4970 3284 5040; x_wconf 88' lang='lat' dir='ltr'><strong>Regius</strong></span> <span class='ocrx_word' id='word_1_892' title='bbox 3327 4969 3492 5023; x_wconf 84' lang='lat' dir='ltr'><strong>habet</strong></span> <span class='ocrx_word' id='word_1_893' title='bbox 3529 4985 3547 5016; x_wconf 79' lang='grc' dir='ltr'><strong>ι</strong></span> <span class='ocrx_word' id='word_1_894' title='bbox 3574 4983 3708 5020; x_wconf 69' lang='lat' dir='ltr'><strong>cosa-</strong></span> 
     </span>
    </p>
   </div>
   <div class='ocr_carea' id='block_1_110' title="bbox 2137 5050 2940 5111">
    <p class='ocr_par' dir='ltr' id='par_1_110' title="bbox 2137 5050 2940 5111">
     <span class='ocr_line' id='line_1_113' title="bbox 2137 5050 2940 5111; baseline -0.004 -14"><span class='ocrx_word' id='word_1_895' title='bbox 2137 5050 2320 5111; x_wconf 80' lang='lat' dir='ltr'><strong>surgat</strong></span> <span class='ocrx_word' id='word_1_896' title='bbox 2346 5061 2364 5093; x_wconf 71' lang='lat'><strong>)</strong></span> <span class='ocrx_word' id='word_1_897' title='bbox 2398 5057 2499 5111; x_wconf 85' lang='lat' dir='ltr'><strong>pro</strong></span> <span class='ocrx_word' id='word_1_898' title='bbox 2533 5061 2554 5091; x_wconf 76' lang='grc' dir='ltr'><strong>ι</strong></span> <span class='ocrx_word' id='word_1_899' title='bbox 2577 5051 2892 5111; x_wconf 66' lang='grc' dir='ltr'><strong>εοιιευγςυι.</strong></span> <span class='ocrx_word' id='word_1_900' title='bbox 2921 5060 2940 5094; x_wconf 70' lang='grc' dir='ltr'><strong>ι</strong></span> 
     </span>
    </p>
   </div>
   <div class='ocr_carea' id='block_1_111' title="bbox 2208 5059 3452 5178">
    <p class='ocr_par' dir='ltr' id='par_1_111' title="bbox 2208 5059 3452 5178">
     <span class='ocr_line' id='line_1_114' title="bbox 2208 5059 2940 5165; baseline -0.003 -69"><span class='ocrx_word' id='word_1_901' title='bbox 2208 5059 2320 5165; x_wconf 58' lang='lat' dir='ltr'><strong>rgat</strong></span> <span class='ocrx_word' id='word_1_902' title='bbox 2346 5061 2364 5093; x_wconf 69' lang='grc' dir='ltr'><strong>ι</strong></span> <span class='ocrx_word' id='word_1_903' title='bbox 2398 5059 2499 5111; x_wconf 91' lang='lat' dir='ltr'><strong>pro</strong></span> <span class='ocrx_word' id='word_1_904' title='bbox 2533 5061 2554 5091; x_wconf 77' lang='grc' dir='ltr'><strong>ι</strong></span> <span class='ocrx_word' id='word_1_905' title='bbox 2577 5059 2892 5111; x_wconf 82' lang='lat' dir='ltr'><strong>consurget.</strong></span> <span class='ocrx_word' id='word_1_906' title='bbox 2921 5060 2940 5094; x_wconf 72' lang='grc' dir='ltr'><strong>ι</strong></span> 
     </span>
     <span class='ocr_line' id='line_1_115' title="bbox 2208 5105 3452 5178; baseline -0.01 -13"><span class='ocrx_word' id='word_1_907' title='bbox 2208 5114 2224 5178; x_wconf 93' lang='grc'><strong>(</strong></span> <span class='ocrx_word' id='word_1_908' title='bbox 2275 5113 2320 5170; x_wconf 84' lang='lat' dir='ltr'><strong>ll</strong></span> <span class='ocrx_word' id='word_1_909' title='bbox 2355 5111 2580 5165; x_wconf 77' lang='lat' dir='ltr'><strong>Bonum.</strong></span> <span class='ocrx_word' id='word_1_910' title='bbox 2615 5112 2963 5166; x_wconf 87' lang='lat' dir='ltr'><strong>Desideratur</strong></span> <span class='ocrx_word' id='word_1_911' title='bbox 2997 5111 3050 5165; x_wconf 93' lang='lat' dir='ltr'><strong>in</strong></span> <span class='ocrx_word' id='word_1_912' title='bbox 3075 5119 3233 5167; x_wconf 81' lang='lat' dir='ltr'><strong>antea</strong></span> <span class='ocrx_word' id='word_1_913' title='bbox 3270 5105 3452 5160; x_wconf 88' lang='lat' dir='ltr'><strong>editis.</strong></span> 
     </span>
    </p>
   </div>
   <div class='ocr_carea' id='block_1_112' title="bbox 2209 5178 3531 5252">
    <p class='ocr_par' dir='ltr' id='par_1_112' title="bbox 2209 5178 3531 5252">
     <span class='ocr_line' id='line_1_116' title="bbox 2209 5178 3531 5252; baseline -0.005 -17"><span class='ocrx_word' id='word_1_914' title='bbox 2209 5181 2320 5252; x_wconf 71' lang='lat'><strong>(5‘1)</strong></span> <span class='ocrx_word' id='word_1_915' title='bbox 2355 5181 2516 5252; x_wconf 64' lang='lat' dir='ltr'><strong>ljlditi,</strong></span> <span class='ocrx_word' id='word_1_916' title='bbox 2552 5199 2572 5232; x_wconf 80' lang='grc' dir='ltr'><strong>ι</strong></span> <span class='ocrx_word' id='word_1_917' title='bbox 2594 5189 2774 5252; x_wconf 72' lang='lat' dir='ltr'><strong>tantae</strong></span> <span class='ocrx_word' id='word_1_918' title='bbox 2797 5197 2920 5234; x_wconf 84' lang='lat' dir='ltr'><strong>esse</strong></span> <span class='ocrx_word' id='word_1_919' title='bbox 2943 5181 3198 5252; x_wconf 57' lang='lat' dir='ltr'><strong>bonitatis</strong></span> <span class='ocrx_word' id='word_1_920' title='bbox 3231 5178 3531 5252; x_wconf 36' lang='lat' dir='ltr'><strong>[leni-etc.</strong></span> 
     </span>
    </p>
   </div>
   <div class='ocr_carea' id='block_1_113' title="bbox 2211 5242 3712 5322">
    <p class='ocr_par' dir='ltr' id='par_1_113' title="bbox 2211 5242 3712 5322">
     <span class='ocr_line' id='line_1_117' title="bbox 2211 5242 3712 5322; baseline -0.007 -16"><span class='ocrx_word' id='word_1_921' title='bbox 2211 5242 2324 5322; x_wconf 75' lang='grc'><strong>(55)</strong></span> <span class='ocrx_word' id='word_1_922' title='bbox 2357 5251 2450 5305; x_wconf 88' lang='lat' dir='ltr'><strong>Sic</strong></span> <span class='ocrx_word' id='word_1_923' title='bbox 2486 5242 2616 5322; x_wconf 75' lang='lat' dir='ltr'><strong>mss.</strong></span> <span class='ocrx_word' id='word_1_924' title='bbox 2647 5250 2891 5322; x_wconf 60' lang='lat' dir='ltr'><strong>plerique</strong></span> <span class='ocrx_word' id='word_1_925' title='bbox 2917 5248 3272 5322; x_wconf 75' lang='lat' dir='ltr'><strong>etRabanus,</strong></span> <span class='ocrx_word' id='word_1_926' title='bbox 3306 5245 3412 5299; x_wconf 82' lang='lat' dir='ltr'><strong>nisi</strong></span> <span class='ocrx_word' id='word_1_927' title='bbox 3445 5245 3593 5315; x_wconf 80' lang='lat' dir='ltr'><strong>quod</strong></span> <span class='ocrx_word' id='word_1_928' title='bbox 3615 5242 3712 5322; x_wconf 70' lang='lat' dir='ltr'><strong>ille</strong></span> 
     </span>
    </p>
   </div>
   <div class='ocr_carea' id='block_1_114' title="bbox 2139 5315 3713 5388">
    <p class='ocr_par' dir='ltr' id='par_1_114' title="bbox 2139 5315 3713 5388">
     <span class='ocr_line' id='line_1_118' title="bbox 2139 5315 3713 5388; baseline -0.006 -12"><span class='ocrx_word' id='word_1_929' title='bbox 2139 5315 2356 5376; x_wconf 78' lang='lat' dir='ltr'><strong>omittat</strong></span> <span class='ocrx_word' id='word_1_930' title='bbox 2389 5337 2407 5370; x_wconf 74' lang='grc' dir='ltr'><strong>ι</strong></span> <span class='ocrx_word' id='word_1_931' title='bbox 2433 5315 2766 5388; x_wconf 80' lang='lat' dir='ltr'><strong>magnitudo.</strong></span> <span class='ocrx_word' id='word_1_932' title='bbox 2796 5315 2817 5370; x_wconf 75' lang='grc' dir='ltr'><strong><em>ἱ</em></strong></span> <span class='ocrx_word' id='word_1_933' title='bbox 2850 5318 2994 5372; x_wconf 86' lang='lat' dir='ltr'><strong>Editi</strong></span> <span class='ocrx_word' id='word_1_934' title='bbox 3045 5333 3197 5383; x_wconf 86' lang='lat' dir='ltr'><strong>vero,</strong></span> <span class='ocrx_word' id='word_1_935' title='bbox 3234 5337 3253 5370; x_wconf 80' lang='grc' dir='ltr'><strong>ι</strong></span> <span class='ocrx_word' id='word_1_936' title='bbox 3281 5325 3444 5388; x_wconf 59' lang='lat' dir='ltr'><strong>tanta</strong></span> <span class='ocrx_word' id='word_1_937' title='bbox 3490 5322 3578 5368; x_wconf 79' lang='lat' dir='ltr'><strong>est</strong></span> <span class='ocrx_word' id='word_1_938' title='bbox 3615 5315 3713 5367; x_wconf 85' lang='lat' dir='ltr'><strong>bo-</strong></span> 
     </span>
    </p>
   </div>
   <div class='ocr_carea' id='block_1_115' title="bbox 2141 5385 3710 5460">
    <p class='ocr_par' dir='ltr' id='par_1_115' title="bbox 2141 5385 3710 5460">
     <span class='ocr_line' id='line_1_119' title="bbox 2141 5385 3710 5460; baseline -0.006 -16"><span class='ocrx_word' id='word_1_939' title='bbox 2141 5391 2348 5454; x_wconf 83' lang='lat' dir='ltr'><strong>uitatis,</strong></span> <span class='ocrx_word' id='word_1_940' title='bbox 2416 5399 2471 5443; x_wconf 89' lang='lat' dir='ltr'><strong>et</strong></span> <span class='ocrx_word' id='word_1_941' title='bbox 2524 5385 2935 5460; x_wconf 28' lang='lat' dir='ltr'><strong>patientiathet</strong></span> <span class='ocrx_word' id='word_1_942' title='bbox 2974 5385 3426 5460; x_wconf 68' lang='lat' dir='ltr'><strong>longanimitatis2</strong></span> <span class='ocrx_word' id='word_1_943' title='bbox 3486 5395 3710 5460; x_wconf 55' lang='lat' dir='ltr'><strong>repente</strong></span> 
     </span>
    </p>
   </div>
   <div class='ocr_carea' id='block_1_116' title="bbox 2144 5452 3713 5523">
    <p class='ocr_par' dir='ltr' id='par_1_116' title="bbox 2144 5452 3713 5523">
     <span class='ocr_line' id='line_1_120' title="bbox 2144 5452 3713 5523; baseline -0.004 -10"><span class='ocrx_word' id='word_1_944' title='bbox 2144 5452 2492 5513; x_wconf 81' lang='lat' dir='ltr'><strong>interioribus</strong></span> <span class='ocrx_word' id='word_1_945' title='bbox 2526 5452 2666 5512; x_wconf 71' lang='lat' dir='ltr'><strong>eam</strong></span> <span class='ocrx_word' id='word_1_946' title='bbox 2721 5457 2907 5512; x_wconf 86' lang='lat' dir='ltr'><strong>cordis</strong></span> <span class='ocrx_word' id='word_1_947' title='bbox 2967 5452 3161 5523; x_wconf 71' lang='lat' dir='ltr'><strong>neniis,</strong></span> <span class='ocrx_word' id='word_1_948' title='bbox 3182 5477 3201 5508; x_wconf 72' lang='grc' dir='ltr'><strong>ι</strong></span> <span class='ocrx_word' id='word_1_949' title='bbox 3236 5465 3342 5509; x_wconf 89' lang='lat' dir='ltr'><strong>etc.</strong></span> <span class='ocrx_word' id='word_1_950' title='bbox 3377 5453 3478 5508; x_wconf 72' lang='lat' dir='ltr'><strong>Ms.</strong></span> <span class='ocrx_word' id='word_1_951' title='bbox 3509 5452 3713 5522; x_wconf 68' lang='lat' dir='ltr'><strong>Regius</strong></span> 
     </span>
    </p>
   </div>
   <div class='ocr_carea' id='block_1_117' title="bbox 2143 5525 3708 5593">
    <p class='ocr_par' dir='ltr' id='par_1_117' title="bbox 2143 5525 3708 5593">
     <span class='ocr_line' id='line_1_121' title="bbox 2143 5525 3708 5593; baseline -0.002 -11"><span class='ocrx_word' id='word_1_952' title='bbox 2143 5546 2290 5582; x_wconf 88' lang='lat' dir='ltr'><strong>num.</strong></span> <span class='ocrx_word' id='word_1_953' title='bbox 2319 5527 2478 5593; x_wconf 77' lang='lat' dir='ltr'><strong>i659,</strong></span> <span class='ocrx_word' id='word_1_954' title='bbox 2513 5545 2534 5579; x_wconf 74' lang='grc' dir='ltr'><strong>ι</strong></span> <span class='ocrx_word' id='word_1_955' title='bbox 2555 5538 2609 5581; x_wconf 91' lang='lat' dir='ltr'><strong>et</strong></span> <span class='ocrx_word' id='word_1_956' title='bbox 2643 5537 2804 5582; x_wconf 74' lang='lat' dir='ltr'><strong>tantm</strong></span> <span class='ocrx_word' id='word_1_957' title='bbox 2833 5539 2959 5582; x_wconf 89' lang='lat' dir='ltr'><strong>sunt</strong></span> <span class='ocrx_word' id='word_1_958' title='bbox 2988 5529 3189 5582; x_wconf 79' lang='lat' dir='ltr'><strong>divitia:</strong></span> <span class='ocrx_word' id='word_1_959' title='bbox 3217 5525 3494 5586; x_wconf 84' lang='lat' dir='ltr'><strong>bonttatis,</strong></span> <span class='ocrx_word' id='word_1_960' title='bbox 3517 5541 3534 5573; x_wconf 72' lang='grc' dir='ltr'><strong>ι</strong></span> <span class='ocrx_word' id='word_1_961' title='bbox 3572 5535 3708 5580; x_wconf 88' lang='lat' dir='ltr'><strong>etc..</strong></span> 
     </span>
    </p>
   </div>
   <div class='ocr_carea' id='block_1_118' title="bbox 2143 5598 3470 5664">
    <p class='ocr_par' dir='ltr' id='par_1_118' title="bbox 2143 5598 3470 5664">
     <span class='ocr_line' id='line_1_122' title="bbox 2143 5598 3470 5664; baseline 0 -14"><span class='ocrx_word' id='word_1_962' title='bbox 2143 5601 2344 5652; x_wconf 80' lang='lat' dir='ltr'><strong>mitisso</strong></span> <span class='ocrx_word' id='word_1_963' title='bbox 2371 5614 2388 5647; x_wconf 78' lang='grc' dir='ltr'><strong>ι</strong></span> <span class='ocrx_word' id='word_1_964' title='bbox 2420 5598 2754 5664; x_wconf 74' lang='lat' dir='ltr'><strong>magnitudo.</strong></span> <span class='ocrx_word' id='word_1_965' title='bbox 2781 5616 2798 5648; x_wconf 76' lang='grc' dir='ltr'><strong>ι</strong></span> <span class='ocrx_word' id='word_1_966' title='bbox 3248 5662 3259 5664; x_wconf 28' lang='grc' dir='ltr'><strong><em>Α</em></strong></span> <span class='ocrx_word' id='word_1_967' title='bbox 3396 5661 3421 5664; x_wconf 16' lang='grc' dir='ltr'><strong>ί-</strong></span> <span class='ocrx_word' id='word_1_968' title='bbox 3467 5647 3470 5650; x_wconf 83' lang='lat'><strong>.</strong></span> 
     </span>
    </p>
   </div>
   <div class='ocr_carea' id='block_1_119' title="bbox 2215 5661 3704 5738">
    <p class='ocr_par' dir='ltr' id='par_1_119' title="bbox 2215 5661 3704 5738">
     <span class='ocr_line' id='line_1_123' title="bbox 2215 5661 3704 5738; baseline -0.005 -17"><span class='ocrx_word' id='word_1_969' title='bbox 2215 5669 2330 5738; x_wconf 77' lang='grc'><strong>(54)</strong></span> <span class='ocrx_word' id='word_1_970' title='bbox 2363 5670 2452 5720; x_wconf 75' lang='lat' dir='ltr'><strong>Ste</strong></span> <span class='ocrx_word' id='word_1_971' title='bbox 2480 5661 2625 5720; x_wconf 77' lang='lat' dir='ltr'><strong>recte</strong></span> <span class='ocrx_word' id='word_1_972' title='bbox 2659 5683 2758 5721; x_wconf 89' lang='lat' dir='ltr'><strong>ms.</strong></span> <span class='ocrx_word' id='word_1_973' title='bbox 2791 5667 2992 5738; x_wconf 80' lang='lat' dir='ltr'><strong>Regius</strong></span> <span class='ocrx_word' id='word_1_974' title='bbox 3019 5681 3170 5721; x_wconf 88' lang='lat' dir='ltr'><strong>nttttt.</strong></span> <span class='ocrx_word' id='word_1_975' title='bbox 3203 5662 3353 5719; x_wconf 71' lang='lat'><strong>1639.</strong></span> <span class='ocrx_word' id='word_1_976' title='bbox 3384 5661 3580 5717; x_wconf 56' lang='lat' dir='ltr'><strong>Creteri</strong></span> <span class='ocrx_word' id='word_1_977' title='bbox 3617 5677 3704 5715; x_wconf 85' lang='lat' dir='ltr'><strong>ve-</strong></span> 
     </span>
    </p>
   </div>
  </div>
