4048 6202
368 330 499 385 {Qui

1325 337 1684 399 COMMENT.
1717 343 1781 398 IN
1808 344 2026 405 EPIST.
2069 350 2159 404 AD
2187 351 2353 409 ROM.
2392 354 2518 411 LIB.
2553 353 2644 410 IX.

3472 367 3639 421 uni

362 448 661 518 perniciem
698 447 939 520 prmbet?
964 450 1057 506 His
1080 453 1246 522 igitur
1274 457 1536 525 generali,
1570 471 1833 528 quantum
1857 463 1939 517 vi-
1969 468 2013 524 Α
2044 466 2160 520 tiat.
2188 469 2489 524 Consilium
2532 485 2661 525 vero
2689 470 2922 540 sapienti
2962 474 3272 528 necessario
3305 474 3358 529 in
3391 477 3608 544 sapien-

360 540 549 604 detur,
587 538 879 607 Apostolus
935 543 1144 599 ratione
1202 549 1529 615 perspectis,
1568 552 1840 607 exclamat
1884 564 1941 609 et

358 631 515 692 dicit,
548 631 673 699 quia
710 640 857 685 tanta
892 642 972 687 est
1006 635 1237 691 altitudo
1270 637 1578 695 divitiarum
1621 642 1739 708 Dei,
1773 656 1827 700 et
1851 663 1939 702 sa-

362 720 584 787 pientia:
605 722 725 791 ejus
750 731 901 776 tanta
926 735 1010 779 est
1035 726 1287 793 altitudo,
1316 738 1370 783 et
1388 731 1632 787 scientia:
1661 734 1939 792 nihilomi-

362 826 469 867 nus
497 821 647 867 tanta
693 821 778 868 est
807 814 1038 872 altitudo
1089 820 1178 891 (ad
1210 822 1391 875 omnia
1424 825 1568 878 cnim
1611 826 1728 882 haec
1752 830 1935 885 altitu-

361 899 504 955 «linis
540 912 721 957 sermo
745 896 1189 975 deservitl35i),
1216 918 1276 963 ut
1302 914 1535 967 scrutari
1557 914 1761 981 judicia
1794 918 1935 988 eius,

360 990 561 1059 quibus
589 1006 1028 1065 unamquamque
1059 998 1296 1056 animam
1332 1011 1498 1074 atque
1526 1021 1744 1064 omnem
1772 1022 1936 1067 natu-

364 1096 484 1137 ram
536 1084 918 1142 rationabilem
976 1088 1278 1160 dispensat,
1331 1109 1493 1153 nemo
1547 1099 1797 1169 suiiieiat,
1837 1121 1936 1162 nec

350 1171 481 1263 vias
510 1171 604 1229 Dei
641 1176 837 1244 quibus
868 1180 1205 1248 providentia
1250 1186 1368 1255 eius
1399 1188 1603 1245 incedit
1637 1191 1752 1263 (36)
1791 1193 1937 1251 inve-

358 1261 570 1330 stigare
604 1264 805 1334 aliquis
834 1271 1025 1337 possit.
1075 1271 1288 1343 Aliquis
1338 1288 1516 1334 autem
1554 1261 1784 1340 dicimus
1828 1300 1933 1341 non

358 1348 540 1405 solum
587 1352 903 1422 hominum,
947 1357 1041 1412 sed
1091 1369 1147 1415 et
1194 1364 1363 1419 totius
1411 1376 1700 1425 creaturae.
1750 1370 1936 1443 Neque

356 1442 506 1535 enim
545 1443 922 1535 inserutabiiia
962 1450 1169 1520 judicia
1209 1454 1328 1525 eius
1369 1458 1506 1529 (37),
1541 1469 1597 1515 et
1648 1462 1937 1535 investiga-

358 1531 500 1588 biies
528 1534 632 1591 vis
655 1536 774 1605 ejus
806 1539 1139 1608 dicerentur,
1174 1545 1279 1602 nisi
1308 1549 1435 1617 quia
1478 1550 1626 1605 nulla
1656 1562 1743 1609 est
1774 1531 1933 1611 crea-

357 1629 487 1676 tura
525 1638 648 1693 qua:
682 1626 768 1681 vel
802 1626 1130 1703 investigare
1167 1635 1347 1691 valeat
1388 1639 1501 1706 illa,
1542 1642 1628 1697 vel
1676 1647 1932 1702 scrutari.

362 1711 526 1768 Solus
547 1724 635 1772 est
658 1718 802 1772 enim
828 1718 1000 1777 Filius
1037 1725 1129 1793 qui
1167 1730 1382 1785 noverit
1422 1731 1639 1789 Patrem
1660 1735 1732 1802 ",
1762 1744 1817 1791 et
1846 1752 1936 1793 so-

357 1802 445 1859 lus
473 1814 557 1860 est
606 1826 628 1859 «
646 1807 882 1877 Spiritus
908 1832 928 1867 ο
970 1828 1189 1873 sanctus
1233 1824 1325 1892 qui
1382 1842 1401 1875 «
1425 1835 1700 1882 scrutatur
1727 1832 1933 1899 omnia,

356 1898 523 1952 etiam
552 1897 889 1958 altitudinem
918 1904 1010 1961 Dei
1037 1907 1085 1941 "
1113 1910 1246 1980 (58).
1275 1931 1295 1965 ι
1328 1914 1393 1968 Et
1418 1915 1538 1971 ideo
1571 1918 1709 1974 hanc
1740 1897 1933 1976 aititu¥

356 1985 540 2041 dinem
566 1987 684 2054 Dei,
714 2004 876 2059 quam
916 2003 972 2049 et
1002 1996 1416 2057 inscrutabilem
1463 2004 1597 2060 dicit
1624 2016 1682 2061 et
1710 2008 1935 2065 investi-

357 2075 614 2145 gabilem,
643 2092 913 2139 creaturae
940 2089 1088 2143 omni
1120 2090 1530 2151 inscrutabilem
1558 2108 1614 2153 et
1642 2099 1935 2170 investiga-

363 2167 523 2224 bilem
570 2172 726 2228 dicit.
761 2174 838 2231 De
872 2177 1009 2234 Filio
1038 2194 1170 2237 vero
1200 2192 1257 2239 et
1302 2185 1506 2256 Spiritu
1538 2201 1723 2245 sancto
1750 2167 1934 2249 dicere

360 2258 463 2346 ista
494 2274 599 2314 non
632 2272 874 2330 poterat,
921 2269 1047 2336 quia
1083 2271 1252 2327 Filius
1286 2274 1340 2329 in
1386 2276 1677 2346 Evangelio
1708 2278 1837 2335 dicit
1864 2282 1931 2336 ad

360 2344 575 2402 Patrem
598 2367 612 2403 :
634 2369 653 2401 «
680 2350 859 2417 Pater,
884 2359 1066 2413 omnia
1086 2376 1202 2416 mea
1220 2372 1309 2417 tua
1333 2378 1479 2433 sunt,
1502 2344 1561 2422 ei
1580 2378 1666 2423 tua
1690 2371 1926 2440 mea";i

356 2446 412 2491 et
451 2439 518 2493 de
571 2440 780 2509 Spiritu
821 2460 1014 2503 sancto
1069 2452 1187 2520 ipse
1230 2454 1432 2511 Paulus
1497 2463 1810 2528 pronuntiat
1850 2465 1933 2519 di-

357 2530 589 2588 cens":
624 2533 834 2591 «Nemo
866 2542 1011 2595 enim
1054 2545 1161 2599 scit
1206 2546 1484 2605 hominum
1516 2567 1635 2621 qua:
1682 2565 1805 2610 sunt
1833 2557 1932 2612 ho-

360 2620 541 2688 minis,
572 2623 676 2679 nisi
712 2628 937 2697 spiritus
969 2632 1209 2689 hominis
1234 2638 1328 2707 qui
1369 2640 1423 2693 in
1475 2620 1593 2713 ipso
1619 2654 1699 2699 est
1733 2665 1747 2700 τ
1776 2647 1845 2701 ita
1878 2660 1932 2705 et

355 2725 477 2808 qua:
507 2714 584 2808 _in
639 2717 750 2772 Deo
805 2733 952 2789 sunt,
1011 2741 1173 2783 nemo
1206 2735 1487 2802 cognovit,
1540 2736 1644 2791 nisi
1696 2737 1932 2808 Spiritus

360 2801 450 2895 Dei
481 2805 619 2875 (59).
643 2825 662 2859 ι
700 2809 865 2867 Vides
896 2829 1026 2885 ergo
1058 2820 1202 2887 quod
1235 2801 1433 2879 Paulus
1467 2825 1519 2879 in
1553 2801 1805 2895 praesenti
1838 2843 1931 2885 ea-

356 2893 530 2961 pitulo
562 2898 618 2953 in
649 2900 735 2957 liis
767 2918 888 2973 qua:
912 2908 1044 2962 dicit
1072 2928 1087 2963 ε
1120 2928 1138 2961 «
1165 2911 1298 2977 Quis
1328 2917 1471 2969 enim
1509 2893 1763 2988 cognovit
1805 2940 1931 2983 sen-

358 3000 479 3091 sum
517 2988 752 3091 Domini,
785 3006 879 3091 aut
911 3000 1037 3068 quis
1082 3001 1157 3056 illi
1205 3005 1546 3064 consiliarius
1577 3009 1677 3066 iuit
1706 3015 1861 3091 ($0)?
1900 3038 1920 3071 ι

2044 559 2115 611 tia
2154 573 2250 613 sua
2284 569 2387 625 est,
2418 561 2507 630 qui
2556 573 2642 616 est
2676 561 2952 627 Christus,
2986 572 3041 618 et
3084 581 3138 618 in
3168 566 3483 631 sanctitate,
3516 571 3606 636 qui

2038 656 2123 704 est
2158 648 2392 720 Spiritus
2433 663 2670 707 sanctus.
2712 652 2890 708 Simili
2928 665 3108 709 autem
3160 659 3317 710 modo
3346 668 3400 712 et
3431 678 3450 711 «
3477 661 3606 727 Quis

2039 738 2191 809 prior
2232 739 2380 794 dedit
2417 741 2489 806 ei,
2525 750 2580 795 et
2620 742 2952 798 retribuetur
2996 745 3089 799 ei?
3118 762 3136 795 ι
3199 744 3606 818 intelligendum

2038 840 2139 887 est.
2170 830 2339 888 Nemo
2376 833 2521 887 enim
2559 831 2763 904 aliquid
2797 834 2990 891 factori
3022 852 3122 893 suo
3152 840 3300 908 prior
3332 843 3561 896 contulit
3590 862 3603 897 :

2038 922 2236 993 quippe
2262 936 2385 977 cum
2435 923 2601 978 etiam
2654 923 2759 979 hoc
2809 926 2985 994 ipsum
3015 928 3156 997 quod
3186 939 3291 991 est,
3324 932 3609 1000 unusquis-

2036 1029 2148 1084 que
2178 1029 2208 1069 a
2248 1016 2535 1072 conditore
2576 1017 2898 1087 susceperit.
2934 1034 2956 1070 t
2980 1017 3247 1085 Quoniam
3280 1036 3345 1075 ex
3390 1022 3531 1090 ipso,
3559 1036 3627 1076 et.

2036 1120 2135 1176 per
2162 1108 2362 1177 ipsum,
2394 1116 2450 1162 et
2483 1108 2536 1163 in
2568 1108 2685 1180 ipso
2704 1118 2831 1164 sunt
2863 1110 3068 1165 omnia.
3096 1127 3115 1160 ι
3155 1108 3314 1165 Vides
3337 1114 3619 1179 quomodo

2039 1198 2092 1251 in
2124 1197 2330 1255 ultimis
2363 1199 2624 1266 ostendit,
2647 1200 2788 1271 quod
2826 1200 2880 1256 in
2910 1199 3163 1256 omnibus
3193 1216 3312 1270 quae
3339 1217 3502 1272 supra
3534 1203 3616 1255 di-

2038 1288 2139 1354 xit,
2206 1290 2506 1360 signaverit
2555 1291 2671 1361 (Β)
2721 1292 3038 1362 mysterium
3088 1290 3393 1348 Trinitatis.
3455 1294 3610 1348 Sicut

2034 1380 2180 1434 enim
2211 1380 2264 1434 in
2316 1382 2569 1450 przesenti
2605 1381 2726 1436 loco
2751 1382 2893 1451 quod
2926 1381 3005 1436 ait
3032 1396 3045 1432 :
3082 1400 3099 1433 «
3128 1381 3395 1451 Quoniam
3430 1398 3497 1438 ex
3526 1384 3606 1452 ip-

2035 1484 2119 1531 so,
2148 1478 2203 1524 et
2230 1485 2327 1539 per
2359 1470 2561 1541 ipsum,
2592 1480 2645 1524 et
2674 1471 2725 1523 in
2756 1470 2873 1537 ipso
2904 1479 3033 1524 sunt
3061 1472 3268 1533 omnia,
3295 1489 3313 1521 ι
3348 1473 3606 1525 convenit

2038 1558 2143 1614 iliis
2176 1560 2335 1615 «lictis
2366 1576 2487 1629 qua:
2547 1560 2689 1614 idem
2749 1560 3038 1629 Apostolus
3081 1561 3134 1614 iu
3184 1561 3306 1616 aliis
3345 1570 3609 1616 memorat

2036 1649 2170 1705 iocis
2200 1666 2324 1707 cum
2354 1651 2551 1705 dicit"
2583 1669 2596 1704 :
2631 1667 2649 1700 «
2681 1648 2831 1706 Unus
2880 1650 3022 1705 Deus
3068 1648 3231 1703 Pater
3260 1666 3325 1704 ex
3354 1665 3460 1719 quo
3490 1666 3608 1705 Olli-

2034 1742 2148 1804 nia,
2192 1752 2247 1796 et
2290 1756 2430 1795 unus
2476 1742 2734 1795 Dominus
2782 1750 2970 1795 noster
3025 1739 3183 1795 Jesus
3226 1742 3471 1797 Christus
3512 1756 3608 1809 per

2037 1847 2199 1901 quem
2228 1832 2448 1897 omnia;
2474 1851 2492 1883 ι
2525 1840 2581 1887 et
2604 1832 2733 1888 item
2760 1834 2813 1887 iu
2841 1833 3047 1899 Spiritu
3079 1833 3171 1887 Dei
3210 1833 3341 1886 dicit
3376 1834 3605 1889 revelari

2033 1923 2216 1977 omnia
2231 1922 2303 1988 ",
2332 1934 2388 1978 et
2426 1937 2524 1992 per
2547 1924 2661 1978 haec
2685 1924 2938 1993 designat
2973 1924 3023 1977 in
3056 1923 3308 1977 omnibus
3341 1936 3463 1978 esse
3488 1938 3608 1993 proo

2036 2011 2327 2066 videntiam
2367 2011 2685 2075 Trinitatis;
2732 2013 2804 2067 ita
2849 2020 2905 2066 et
2942 2026 3064 2065 cum
3117 2012 3290 2066 dicit:
3327 2012 3608 2067 «Altitudo

2034 2102 2369 2168 divitiarum,
2394 2121 2412 2154 ι
2446 2102 2683 2165 Patrem,
2729 2117 2796 2157 ex
2839 2116 2946 2171 quo
2980 2103 3159 2156 omnia
3196 2103 3327 2157 dicit
3355 2116 3496 2168 esse,
3529 2100 3609 2154 si-

2037 2190 2300 2259 gnificat:
2347 2202 2401 2247 et
2454 2193 2735 2261 sapientia:
2788 2192 3152 2255 altitudinem,
3180 2191 3482 2256 Christum,
3513 2194 3604 2260 qui

2033 2292 2121 2337 est
2160 2284 2429 2352 sapientia
2479 2283 2618 2352 eius,
2666 2284 2948 2339 ostendit:
2984 2296 3038 2339 et
3081 2286 3323 2339 scientia:
3361 2284 3604 2337 altitudi-

2035 2388 2179 2437 nem,
2218 2375 2478 2444 Spiritum
2502 2383 2769 2439 sanetum,
2799 2375 2891 2444 qui
2918 2376 3081 2441 etiam
3108 2375 3212 2428 alta
3245 2374 3335 2427 Dei
3365 2375 3515 2428 novit
3535 2373 3601 2438 ⁸⁷,

2036 2468 2280 2523 declarat
2302 2466 2441 2537 με).
2471 2466 2857 2522 Verumtamen
2887 2467 3029 2537 quod
3060 2466 3192 2521 dicit
3218 2480 3231 2517 :
3264 2482 3282 2516 «
3314 2465 3390 2519 Ex
3428 2467 3597 2533 ipso,»

2034 2560 2137 2615 hoc
2163 2562 2339 2629 ipsum
2370 2560 2514 2630 quod
2538 2574 2723 2615 sumus
2754 2559 2961 2615 indicat
2988 2575 3003 2611 :
3045 2578 3063 2610 «
3090 2557 3193 2612 Per
3240 2558 3415 2626 ipsum
3449 2577 3467 2608 ι
3508 2574 3599 2609 au-

2036 2660 2167 2717 tetn,
2208 2653 2351 2722 quod
2405 2666 2502 2721 per
2537 2650 2655 2720 eius
2686 2651 3085 2722 providentiam
3129 2650 3511 2719 dispensamur
3544 2650 3596 2703 iu

2033 2745 2143 2798 vita
2176 2762 2190 2799 :
2224 2763 2244 2795 «
2270 2745 2323 2799 In
2378 2745 2494 2815 ipso
2518 2764 2536 2797 ι
2569 2758 2718 2809 vero,
2751 2743 2894 2813 quod
2946 2742 3213 2811 perfectio
3252 2742 3496 2795 omnium
3548 2752 3603 2793 et

2033 2832 2158 2887 linis
2190 2834 2240 2886 in
2275 2833 2390 2903 ipso
2418 2834 2522 2888 erit
2555 2843 2682 2889 tunc
2707 2846 2828 2887 cum
2860 2836 2965 2887 erit
2998 2832 3138 2886 Deus
3164 2832 3342 2886 omnia
3378 2832 3429 2884 iu
3474 2847 3597 2886 om~

2033 2922 2190 2979 uibus
2210 2924 2257 2956 ’°
2285 2941 2301 2979 :
2332 2933 2388 2979 et
2436 2934 2566 2981 tunc
2632 2925 2775 2995 «ipsi
2846 2924 3016 2994 gloria
3050 2923 3102 2977 in
3149 2924 3343 2977 smcula
3380 2923 3605 2979 szecnlu-

2031 3026 2151 3068 rum
2185 3012 2565 3085 (44):Amen.
2610 3016 2667 3069 lu
2718 3016 2934 3080 sarcula,
2968 3036 2986 3069 ο
3031 3024 3250 3087 propter
3301 3016 3405 3069 hoe
3454 3014 3598 3082 quod

357 3075 427 3177 de
476 3083 747 3184 creaturis
780 3086 961 3153 dicat;
1005 3100 1256 3146 naturam
1306 3108 1437 3151 vero
1467 3075 1750 3160 Trinitatis
1781 3075 1929 3165 exci-
1954 3135 1999 3195 ο
2031 3075 2293 3175 perfectio
2321 3106 2562 3161 omnium
2597 3106 2709 3177 (15)
2766 3123 2872 3162 non
2921 3075 3079 3163 intra
3132 3075 3305 3161 unum
3340 3106 3598 3161 smculum

355 3165 468 3266 piat
489 3186 515 3266 ἐ
546 3171 746 3242 quippe
790 3177 874 3231 cui
912 3178 1048 3234 nihil
1081 3183 1297 3239 sitcum
1335 3198 1586 3246 creatura
1614 3208 1926 3266 commune,

356 3260 459 3317 nisi
487 3260 864 3357 beneﬁcentia
887 3285 1048 3341 opus.
1094 3274 1201 3331 Sed
1228 3287 1281 3333 et
1311 3282 1454 3349 quod
1485 3284 1562 3339 ait
1591 3302 1604 3339 :
1638 3303 1658 3339 «
1681 3288 1818 3357 Quis
1850 3260 1925 3348 illi

355 3354 699 3412 consiliarius
729 3358 868 3416 initi
892 3380 911 3415 ο
939 3362 1056 3420 Non
1088 3369 1245 3436 quasi
1273 3370 1455 3426 minus
1496 3374 1609 3442 ipse
1644 3354 1925 3440 subiciens

356 3442 585 3498 consilio
632 3446 900 3519 indigeret
943 3452 1191 3519 alterius,
1221 3456 1316 3511 sed
1338 3459 1555 3516 consilii
1590 3466 1907 3535 participem

355 3533 559 3590 nullum
598 3540 816 3608 quidem
873 3544 1014 3600 inter
1047 3560 1333 3606 creaturas
1361 3551 1473 3624 (41)
1522 3569 1644 3610 esse
1675 3533 1915 3627 pronun-

2033 3196 2395 3258 concluditur.
2430 3197 2525 3252 sed
2573 3198 2627 3251 in
2683 3197 2849 3252 multa
2890 3198 3257 3269 protenditur,
3282 3207 3336 3253 et
3369 3198 3459 3252 vix
3504 3198 3601 3250 ali-

2030 3288 2247 3357 quando
2296 3288 2637 3357 adimplenda
2714 3298 2991 3361 speratur.
3059 3288 3249 3359 Jungit
3309 3297 3485 3343 autem
3544 3298 3600 3342 et

2035 3398 2054 3431 «
2080 3380 2276 3445 Amen,
2305 3396 2324 3431 ι
2375 3391 2434 3434 ut
2468 3380 2834 3450 intelligamus
2877 3397 2974 3451 per
3007 3382 3155 3436 illum
3185 3381 3252 3440 ad
3282 3382 3445 3437 istaut
3471 3381 3599 3436 bea-

2031 3472 2316 3526 titudinem
2354 3470 2700 3535 veniendum,
2725 3473 2790 3527 de
2816 3488 2924 3541 quo
2954 3474 3217 3542 scriptum
3246 3481 3329 3528 est
3370 3474 3420 3526 in
3456 3473 3599 3541 Apo-

2028 3562 2228 3631 calypsi
2265 3605 2277 3615 .
2317 3584 2334 3613 «
2362 3561 2486 3616 limo
2516 3562 2643 3616 dicit
2671 3564 2764 3630 qui
2801 3572 2884 3618 est
2906 3563 3155 3619 Anien”.
3188 3583 3204 3615 ι

354 3667 3569 3709 bum”

1542 3829 1897 3921 LIBER
1972 3833 2419 3927 NONUS.

426 4075 587 4148 643
617 4078 666 4132 1.
694 4079 826 4132 Cum
845 4095 941 4151 per
958 4097 1173 4140 omnem
1200 4094 1403 4142 textum
1422 4088 1673 4159 Epistulae
1690 4092 1741 4145 in
1761 4109 1917 4163 supe-

2023 4108 2233 4167 geutes,
2253 4114 2279 4151 a
2317 4098 2732 4154 circumcisione
2764 4099 2831 4153 ad
2871 4098 3053 4163 iidem,
3077 4114 3106 4153 a
3130 4099 3313 4158 littera
3340 4103 3405 4157 ad
3431 4104 3595 4174 spiri-

353 4170 594 4223 rinribns
620 4170 891 4227 docuisset
916 4174 1210 4245 Apostolus
1229 4180 1498 4249 quomodo
1544 4196 1573 4235 a
1613 4180 1814 4238 Iudaeis
1851 4187 1917 4241 ad
2022 4198 2155 4254 tutu,
2179 4189 2246 4242 ab
2278 4190 2466 4244 umbra
2489 4190 2554 4244 ad
2581 4191 2891 4256 veritatem,
2915 4189 2983 4245 ab
3017 4192 3365 4248 observantia
3387 4170 3592 4250 carnali

462 4305 726 4384 f‘AMaAtth.
765 4330 843 4379 Xi,
883 4314 974 4370 27.
1076 4316 1310 4373 "lCor.
1338 4334 1397 4384 ti,
1426 4318 1512 4373 10.

354 4396 416 4448 tt,
458 4380 543 4435 10.
617 4380 662 4414 ⁸⁷
691 4384 824 4440 ibid.
899 4387 946 4419 "
973 4386 1106 4444 ibid.
1162 4402 1251 4454 xv,
1286 4380 1394 4444 28(
1453 4391 1499 4423 "
1521 4391 1685 4462 Apoc.
1714 4408 1795 4458 lli,
1828 4395 1910 4449 11.

358 4513 419 4577 re
442 4502 891 4577 mss.,‘naba‘nus
924 4513 978 4558 et
1020 4505 1175 4577 editi,
1214 4523 1249 4577 VC
1279 4512 1920 4577 incomprehensibilia...

1617 4321 1661 4356 ⁸³
1689 4321 1842 4378 Joan.
1874 4341 2004 4391 xvn,
2038 4327 2122 4388 10,
2224 4326 2273 4358 ’⁵
2300 4327 2314 4381 l
2341 4326 2466 4384 Cor.
2503 4345 2563 4393 tt,
2600 4329 2685 4384 11.

2784 4330 2829 4362 ⁸⁸
2859 4328 2874 4383 l
2903 4328 3028 4384 Cor.
3065 4344 3179 4393 vui,
3220 4328 3271 4383 6.
3345 4330 3390 4361 ’°
3420 4329 3437 4384 l
3464 4328 3591 4386 Cor.

2034 4513 2184 4583 prior
2216 4511 2363 4566 dedit
2408 4510 2506 4573 illi,
2550 4519 2604 4565 et
2640 4508 2971 4583 retribuelur
3008 4510 3159 4583 ei?!”
3184 4506 3307 4583 sed
3336 4508 3450 4562 haec
3494 4524 3591 4583 po-

356 4566 514 4650 Unde
543 4572 753 4656 enim...
790 4572 889 4656 ista
921 4575 1094 4656 possit
1117 4566 1290 4656 (editi,
1341 4593 1358 4625 «
1388 4566 1477 4629 ita'
1525 4580 1697 4656 possit
1719 4579 1764 4656 ξ)
1810 4566 1929 4652 opi-
1960 4586 2004 4641 ι)
2032 4566 2236 4656 ᾇίιέέὴιδ
2271 4583 2431 4656 verba
2463 4566 2524 4633 τ’(
2545 4586 2641 4656 aut
2672 4580 2798 4648 quis
2844 4579 2990 4656 prior
3039 4579 3186 4632 dedit
3234 4576 3410 4656 illiLet
3436 4566 3594 4633 retri-

357 4639 549 4719 nari...
603 4639 934 4719 verteretur'
971 4639 1184 4714 (editi,
1240 4639 1549 4712 «vertatur,
1581 4667 1599 4698 ι
1645 4639 1923 4719 “abantis,

360 4725 382 4759 «
407 4711 659 4776 verteret)
690 4712 754 4766 ad
782 4711 1029 4776 salutem,
1054 4733 1072 4765 ο
1112 4723 1217 4768 etc.
1262 4732 1281 4766 ι

439 4709 659 4832 erteret')
690 4712 754 4766 ad
782 4709 1029 4776 salutem,
1054 4733 1072 4765 ο
1112 4723 1217 4768 etc.
1262 4732 1281 4766 ι
1535 4709 1544 4712 ’
1908 4709 1920 4719 ’

436 4777 549 4848 (35)
576 4781 637 4853 F5
658 4782 717 4853 iti
749 4782 999 4853 plerique
1032 4793 1085 4853 et
1138 4798 1243 4853 ius.
1271 4799 1415 4840 unus
1454 4788 1714 4842 omittunt
1743 4805 1761 4839 «
1790 4788 1877 4853 ad,
1902 4809 1920 4842 ι

354 4849 496 4904 sicut
522 4858 574 4904 et
605 4849 883 4914 Rabauus,
913 4852 1003 4921 qui
1040 4852 1092 4906 in
1126 4852 1230 4907 line
1257 4853 1421 4909 habet
1458 4872 1477 4908 «
1504 4858 1757 4912 disseruit
1781 4878 1799 4910 ι
1829 4849 1927 4929 pro

360 4938 379 4969 «
405 4919 660 4971 deservit.
690 4939 710 4971 ι

360 4938 379 4969 «
405 4921 660 4972 deservit.
690 4939 710 4972 ι

427 4986 666 5060 (ὅϐλδίε
717 5004 819 5045 ms.
861 4991 1065 5060 Regius
1117 5006 1267 5047 num.
1325 4993 1485 5049 1659.
1547 4993 1737 5051 Caneri
1794 5011 1924 5052 vero

357 5059 814 5137 mss._,_lial_iau_us
839 5059 1067 5137 etediti,
1104 5078 1125 5113 «
1148 5076 1249 5118 nec
1286 5064 1402 5119 vias
1460 5064 1670 5121 Domini
1724 5068 1922 5137 quibus

356 5128 701 5195 providentia
736 5131 955 5195 incedit,
979 5151 999 5183 ι
1033 5140 1144 5187 etc.

426 5197 537 5285 (57)
568 5197 733 5285 βίαι,
761 5210 832 5285 Δσει
883 5202 1212 5285 paulo-post
1270 5202 1402 5271 illa,
1441 5204 1738 5285 desuntiin
1785 5208 1922 5285 _pl_e-

355 5266 538 5335 risque
565 5266 698 5322 mss.
725 5280 778 5322 et
809 5266 948 5338 apud
976 5266 1281 5336 Rabanum,
1312 5266 1518 5328 necnon
1550 5284 1605 5327 et
1650 5275 1702 5330 iu
1734 5266 1917 5338 editis,

352 5338 837 5409 sedirestituuutur
867 5355 932 5394 ex
960 5356 1058 5395 ms.
1098 5338 1269 5409 Regio
1292 5358 1439 5395 num.
1476 5343 1633 5398 l659.

423 5406 537 5477 (38)
569 5407 668 5462 Ms.
709 5407 911 5478 Regius
962 5426 1111 5464 num.
1153 5406 1307 5478 1659,
1344 5430 1363 5461 «
1388 5412 1491 5465 alta
1530 5413 1640 5467 Dei.
1674 5431 1691 5465 ι
1723 5413 1914 5469 C:eteri

353 5488 485 5530 vero
516 5492 673 5541 mss.,
705 5477 966 5535 Bahanus
995 5490 1051 5534 et
1074 5480 1228 5546 editi,
1264 5499 1280 5531 «
1307 5482 1645 5536 altitudinem
1684 5483 1798 5536 Dei.
1824 5503 1841 5534 ι

422 5546 707 5621 (ὅθλΜεῆ.
738 5551 987 5621 quidam,
1043 5550 1301 5621 italiauus
1325 5561 1380 5605 et
1414 5552 1564 5621 editi,
1613 5554 1751 5606 «nisi
1795 5554 1917 5621 Spi—

356 5616 500 5691 ritus
519 5617 771 5691 Domini.
803 5638 821 5669 ι
863 5620 968 5674 Sed
1004 5618 1204 5674 rectius
1247 5635 1375 5675 mss.
1420 5620 1573 5691 Regii
1603 5638 1751 5676 num.
1783 5616 1915 5679 1659

352 5695 407 5741 et
440 5685 576 5742 1640
600 5697 658 5741 ut
692 5689 744 5741 in
782 5700 967 5742 nostro
1007 5696 1175 5743 textu.

429 5756 540 5828 (40)
576 5757 736 5823 Editi,
769 5777 787 5810 «
813 5770 902 5813 aut
948 5760 1071 5828 quis
1120 5759 1463 5816 consiliarius
1512 5760 1631 5826 fuit,
1662 5770 1752 5814 aut
1797 5765 1915 5831 quis

2032 4653 2226 4707 buetur
2246 4651 2329 4705 ei?
2350 4671 2367 4702 i
2413 4665 2511 4705 nec
2545 4650 2595 4704 in
2625 4644 2756 4703 mss.
2793 4644 2993 4702 nostris
3023 4660 3119 4703 nec
3145 4647 3282 4716 apud
3307 4644 3591 4703 Rabanunt

2032 4730 2471 4860 reiiiiugigﬂiis.
2500 4786 2700 4860 Regius
2736 4801 2881 4860 num.
2908 4783 3045 4860 16.59
3068 4792 3123 4839 et
3147 4784 3423 4860 Rabanus.
3448 4784 3586 4860 Editi

2035 4854 2241 4924 vei-0,}
2265 4858 2464 4913 nullam
2516 4854 2901 4912 in'ereaturis.
2931 4873 2949 4907 ι
2984 4854 3107 4925 Mss.
3150 4855 3367 4925 quidam
3392 4855 3593 4913 habent

2032 4931 2193 4985 etiam
2232 4947 2250 4979 «
2281 4928 2503 4981 nullam.
2529 4947 2546 4979 ι
2585 4927 2786 4980 Deinde
2817 4925 2976 4980 iidem
3012 4924 3179 4989 editi,
3204 4943 3221 4976 «
3244 4927 3296 4979 iu
3324 4926 3587 4994 sapientia

2033 5015 2130 5054 sua
2166 5009 2247 5052 est
2275 4997 2491 5067 quidem
2534 4995 2801 5067 Christus,
2830 5006 2883 5050 et
2920 4996 2970 5067 in
3031 4997 3331 5067 sanctitate
3369 4996 3586 5063 quidem

2035 5068 2267 5135 Spiritus
2292 5063 2544 5122 sanctus.
2570 5085 2587 5118 ι
2625 5063 2729 5121 Sed
2763 5065 2945 5121 czeteri
2992 5081 3121 5121 mss.
3160 5076 3214 5121 et
3244 5066 3498 5121 Rabarus
3529 5078 3588 5121 ut

2032 5140 2083 5193 in
2121 5145 2303 5192 nostra
2330 5144 2494 5190 textu.

2100 5209 2212 5281 (42)
2243 5208 2405 5271 Editi,
2433 5205 2628 5274 quibus
2662 5205 3002 5281 consentiunt
3034 5219 3221 5281 omnes
3256 5202 3421 5281 nostri
3453 5220 3584 5281 mss.

2028 5273 2266 5344 codices,
2298 5296 2316 5329 «
2344 5273 2729 5347 segregaverit.
2761 5294 2779 5327 ι
2813 5274 2917 5330 Sed
2950 5275 3151 5329 rectius
3173 5273 3450 5337 Rabauus,
3482 5276 3587 5330 «si-

2066 5350 2293 5403 uaverit.
2322 5367 2341 5400 ι

2026 5364 2502 5489 δηξῖξῖῒεὲιαναι.
2534 5413 2976 5471 Ρττειετηιῑιιὶιυι*
2998 5414 3050 5469 in
3095 5413 3249 5469 libris
3277 5422 3435 5466 antea
3471 5414 3585 5469 edi-

2024 5488 2113 5543 tis.

2097 5556 2210 5626 (ii)
2241 5557 2599 5613 Saeculorum.
2634 5555 2799 5610 Deest
2825 5554 2874 5608 iu
2899 5554 3062 5609 editis
3087 5562 3141 5609 et
3182 5554 3230 5608 itt
3277 5570 3374 5609 ms.
3415 5552 3583 5624 Regio

2026 5644 2175 5682 num.
2216 5626 2369 5681 1659.

2097 5697 2212 5767 (45)
2254 5695 2416 5760 Editi,
2457 5714 2474 5747 «
2505 5696 2770 5766 perfectio
2798 5693 2992 5749 omnis.
3025 5713 3043 5745 ι
