4048 6202
463 322 603 382 1203

1877 310 2198 369 ORIGENIS

3567 308 3592 363 1
3603 308 3713 364 204

461 443 533 498 ad
555 436 958 496 observantiam
993 431 1288 502 spiritalem
1331 430 1608 502 religionis
1647 446 1861 487 summa
1919 430 2032 501 (46)
2062 435 2110 490 Α
2140 429 2191 480 in
2222 425 2416 479 librum
2436 422 2661 478 Levitici
2687 423 2869 491 aliqua
2894 422 3199 476 diceremus
3217 420 3355 490 (55),
3375 436 3475 491 pro
3502 424 3717 479 viribus

465 531 730 586 translata
765 528 858 594 sit,
882 535 936 581 et
960 526 1078 582 haec
1100 525 1177 580 ita
1198 523 1379 580 futura
1400 523 1734 595 propheticis
1762 523 2034 579 ostendis-

461 633 544 679 set
583 621 808 677 vocibus
855 617 1142 686 designata
1183 631 1198 669 :
1232 613 1346 688 jam
1385 629 1530 670 nunc
1572 613 1836 684 spiritalis
1877 613 2036 681 hujus

460 711 838 775 observantiae,
864 710 931 774 ad
970 723 1132 779 quam
1160 707 1340 764 cultus
1373 706 1470 761 Dei
1504 707 1666 762 ritum
1705 706 1888 762 docuit
1911 719 2034 760 esse

462 803 806 868 translatum,
843 801 1156 871 aggreditur
1191 813 1374 855 mores
1408 808 1462 855 et
1495 798 1740 855 instituta
1767 795 1880 866 (47)
1905 810 2033 851 san-

457 894 596 960 cire,
620 901 677 947 et
705 892 783 946 ait
816 908 830 948 :
861 890 1089 946 Obsecro
1114 891 1294 962 itaque
1313 905 1424 954 vos,
1455 889 1670 958 fratres,
1707 903 1800 957 per
1821 886 2030 940 miseri-

404 963 412 967 ’
457 989 693 1041 cordiam
734 985 854 1051 Dei,
901 996 954 1040 ut
985 985 1276 1048 exhibeatis
1315 983 1430 1056 (48)
1471 1001 1693 1054 corpora
1731 993 1901 1038 uestra
1929 984 2028 1036 Ito-

455 1077 613 1129 stiam
646 1077 922 1140 uiuentem,
947 1085 1208 1140 sanctam,
1250 1073 1360 1128 Deo
1389 1071 2030 1143 placentem,rationabilc

454 1169 762 1238 obsequium
794 1177 1040 1223 vestrum.
1097 1164 1167 1220 Et
1215 1167 1377 1222 nolite
1416 1166 1743 1236 conformari
1771 1165 1890 1219 huic
1923 1181 2028 1219 stc-

453 1255 573 1309 culo
605 1270 624 1309 .'
655 1257 745 1312 sed
809 1255 1174 1326 reformamini
1234 1254 1566 1310 renovatione
1606 1269 1787 1308 sensus
1822 1255 2028 1340 vestri:

451 1359 509 1405 ut
543 1345 774 1416 probetis
813 1363 932 1416 quae
975 1348 1044 1400 sit
1074 1345 1314 1401 voluntas
1356 1345 1477 1411 Dei,
1511 1346 1651 1416 quod
1699 1345 1926 1409 bonum,
1977 1352 2028 1398 et

454 1436 878 1502 beueplacitunt,
932 1448 982 1490 et.
1041 1435 1333 1504 perfectum
1391 1434 1431 1490 ⁸.
1477 1433 1779 1504 Quoniam,
1824 1434 2023 1504 inquit,
2075 1505 2077 1507 ι

449 1524 791 1580 ostendimus
836 1540 867 1580 a
912 1525 1201 1581 sacriticiis
1253 1524 1569 1580 carnalibus
1625 1526 2023 1592 recedendum,

449 1618 751 1671 secundum
775 1616 920 1686 quod
954 1628 1009 1673 et
1030 1615 1300 1687 Propheta
1333 1618 1503 1674 dicit:
1537 1617 1757 1673 Hostias
1797 1628 1845 1672 et
1875 1618 2026 1672 obta-

453 1708 652 1762 tionem
679 1707 898 1763 noluisti
919 1747 936 1772 .
973 1725 1066 1764 nec
1094 1710 1295 1778 placita
1329 1719 1454 1765 sunt
1495 1712 1589 1766 tibi
1609 1714 1630 1744 ¹
1657 1728 1671 1765 :
1702 1728 1864 1776 nunc,
1906 1714 2018 1778 ait,

2135 519 2432 589 explanare
2469 518 2798 572 tentavimus
2821 514 3096 582 quomodo
3136 513 3518 584 unusquisque
3541 515 3717 568 ratio-

2135 609 2301 664 ηειὺὶΙὶ
2336 608 2599 677 obsequio
2625 606 2804 663 cultus
2841 605 2980 672 Dei,
3009 605 3056 662 si
3085 605 3398 675 superbiam
3435 604 3554 677 (54)
3592 621 3714 661 cor-

2135 699 2282 767 poris
2321 699 2405 753 sui
2441 697 2660 764 vincat,
2700 696 2946 752 immolet
2973 695 3236 763 vitulum;
3285 695 3333 752 si
3369 695 3716 752 iracundiam

2133 797 2386 859 superet,
2424 787 2652 842 arietem
2696 787 2938 858 jugulet;
2987 787 3031 840 si
3075 786 3354 841 libidinem
3399 787 3606 854 vincat,
3658 789 3714 843 in

2131 881 2503 937 holocaustum
2548 877 2745 934 offerat
2805 879 3050 944 hircum;
3088 878 3133 933 si
3179 893 3344 950 vagos
3381 887 3438 934 et
3465 879 3712 935 lubricos

2131 971 2517 1042 cogitationum
2550 979 2765 1025 resecet
2802 969 3035 1036 volatus,
3069 970 3354 1026 columbas
3383 981 3440 1025 et
3466 980 3712 1025 turtures

2129 1061 2375 1118 immolet
2405 1061 2540 1132 (55).
2566 1059 2672 1116 Sed
2698 1061 2835 1127 haec,
2861 1061 3066 1129 utdixi,
3089 1061 3132 1116 si
3157 1063 3279 1132 quis
3309 1062 3454 1118 scire
3485 1063 3710 1133 dignum

2130 1161 2306 1224 putat,
2357 1152 2432 1206 ibi
2475 1152 2635 1206 latius
2691 1153 2928 1208 disserta
2986 1152 3238 1222 reperiet.
3315 1153 3470 1210 Nunc
3523 1163 3709 1209 autem

2128 1243 2327 1300 Paulus
2375 1243 2625 1298 obsecrat
2666 1244 2956 1298 credentes
2991 1244 3044 1298 in
3085 1242 3334 1309 Christo,
3377 1255 3438 1300 ut
3471 1260 3708 1315 corpora

2127 1350 2224 1390 sua
2263 1334 2554 1391 exhibeant
2582 1335 2807 1388 hostiam
2848 1335 3135 1398 viventem,
3175 1346 3446 1401 sanctam,
3491 1338 3708 1405 placen-

2129 1437 2232 1482 tem
2261 1426 2392 1482 Deo.
2433 1425 2716 1482 Viventem
2755 1427 3165 1493 dicithostiam,
3197 1441 3319 1496 quae
3344 1428 3516 1482 vitam
3542 1469 3559 1494 ,
3597 1431 3703 1484 hoc

2126 1525 2232 1584 est,
2267 1517 2550 1573 Christum
2585 1519 2638 1573 in
2669 1533 2728 1573 se
2775 1519 2937 1588 gerit,
2995 1528 3052 1574 ct
3088 1520 3222 1575 dicit
3252 1536 3269 1574 :
3301 1519 3532 1574 Mortem
3569 1521 3704 1576 Jesu

2125 1611 2184 1664 in
2212 1625 2430 1679 corpore
2456 1618 2636 1663 nostro
2669 1607 2781 1681 (56)
2815 1610 3260 1679 circumferimus,
3286 1622 3340 1665 ut
3365 1622 3412 1666 ct
3435 1612 3543 1666 vita
3567 1612 3702 1668 Iesu

2125 1699 2325 1755 Christi
2377 1702 2434 1755 in
2485 1716 2702 1768 corpore
2738 1713 2920 1756 nostra
2956 1703 3325 1768 manifestetur
3351 1705 3396 1760 ‘.
3434 1704 3702 1763 Sanctam

451 1799 622 1853 doceo
661 1814 756 1856 vos
805 1799 1005 1869 quibus
1041 1773 1240 1857 hostiis
1283 1801 1583 1857 delectetur
1609 1802 1865 1860 Deuszct
1904 1805 2009 1862 haec

2123 1790 2278 1855 dicit,
2315 1791 2366 1844 in
2413 1805 2522 1858 qua
2572 1802 2799 1846 sanctus
2839 1791 3078 1859 Spiritus
3114 1793 3356 1857 habitat,
3400 1797 3698 1855 secundum

451 1887 618 1942 doceo
658 1903 764 1942 non
791 1890 947 1959 quasi
987 1889 1284 1959 imperans,
1311 1890 1448 1946 nihil
1469 1892 1613 1946 enim
1638 1893 1854 1962 prolicit
1887 1893 2020 1965 legis

449 1977 759 2046 imperium,
783 1981 1059 2051 sedquasi
1085 1981 1177 2051 qui
1211 1981 1444 2038 olllcium
1470 1987 1802 2054 susceperim
1831 2001 2020 2042 recou-

448 2067 661 2134 ciliandi
701 2085 798 2124 vos
841 2070 971 2135 Deo,
1015 2073 1226 2127 obsecro
1270 2089 1384 2140 vos,
1423 2073 1648 2142 fratres;
1694 2085 1746 2130 et
1792 2076 2018 2132 obsecro

447 2174 556 2218 non
580 2175 680 2230 per
704 2161 1028 2230 potentiam,
1053 2165 1147 2218 sed
1173 2181 1266 2233 per
1295 2165 1710 2220 misericordiam
1746 2167 1862 2222 Dei.
1881 2165 2016 2233 Quia

445 2249 614 2313 enim,
649 2249 791 2304 sicut
821 2265 987 2320 supra
1024 2252 1232 2304 ostendi
1265 2251 1401 2321 (49).
1423 2266 1612 2306 omnes
1632 2251 1869 2307 conclusi
1893 2261 2018 2308 sunt

443 2341 542 2396 sub
578 2350 799 2406 peccato
849 2342 889 2406 ³,
949 2357 1094 2396 nunc
1135 2341 1249 2410 jam
1290 2341 1480 2398 nonin
1516 2345 1760 2410 meritis,
1811 2345 1905 2400 sed
1957 2345 2012 2400 in

445 2433 813 2490 misericordia
837 2434 928 2488 Dei
954 2435 1101 2489 salus
1120 2435 1354 2488 humana
1379 2437 1647 2491 consistit.
1673 2436 1810 2504 Quid
1834 2446 2014 2492 autem

441 2534 524 2578 est
549 2527 692 2594 quod
718 2539 814 2581 vos
839 2525 1101 2581 obsecro?
1137 2524 1206 2580 Ut
1251 2527 1540 2582 exhibeatis
1577 2543 1798 2597 corpora
1843 2539 2013 2583 uestra

439 2614 666 2669 hostium
704 2619 970 2678 viventem,
1011 2628 1273 2682 sanctam,
1313 2617 1426 2672 Deo
1463 2618 1756 2686 placentem
1781 2661 1798 2686 ,
1845 2629 1904 2673 ttt
1943 2619 2015 2676 sit

442 2705 558 2776 (50)
590 2707 904 2762 rationabile
937 2709 1241 2782 obsequium
1273 2719 1526 2765 vestrum.
1561 2711 1890 2782 Obsequium
1925 2711 2013 2768 hic

443 2797 648 2852 cultum
703 2800 793 2852 Dei
827 2797 984 2854 dicit.
1042 2801 1144 2866 Qui
1183 2801 1362 2857 cultus
1408 2803 1664 2872 quoniam
1709 2804 1908 2860 dudum
1957 2807 2010 2861 in

440 2889 709 2956 pecudum
753 2899 1027 2945 mutorum
1080 2894 1400 2962 corporibus
1436 2895 1807 2962 consistebat,
1843 2912 2007 2966 nunc,

441 2978 654 3045 inquit,
682 2978 733 3032 iu
758 2994 991 3050 corpore
1019 2982 1360 3038 rationabilis
1382 2984 1619 3040 hominis
1643 2985 1925 3054 oll'eratur,
1955 2995 2011 3042 et

437 3082 671 3138 corpora
700 3070 870 3139 magis
905 3081 1087 3128 vestra
1121 3088 1283 3143 quam
1324 3077 1590 3144 pecudum
1633 3078 1765 3133 ﬁant
1794 3081 2010 3135 sacrill-

435 3159 578 3213 cium
603 3159 737 3226 Deo,
767 3171 934 3231 atque
967 3165 1020 3218 in
1049 3165 1224 3220 sacris
1258 3166 1524 3222 altaribus
1543 3169 1896 3226 collocentur.
1936 3171 2002 3227 lli

434 3252 577 3304 enim
607 3253 698 3321 qui
726 3255 967 3310 membra
995 3268 1091 3310 sua
1131 3258 1466 3312 mortilicant
1492 3259 1852 3318 abincentivo
1880 3262 2004 3319 libi-

433 3339 576 3395 dinis
606 3349 661 3395 et
687 3340 915 3420 luroris,
956 3351 1010 3398 et
1049 3352 1202 3398 actus
1240 3347 1487 3416 corporis
1517 3349 1602 3402 sui
1632 3348 1739 3404 Deo
1775 3350 2004 3420 placitos

433 3431 670 3495 habent,
720 3417 951 3488 hostiam
992 3435 1293 3503 viventem,
1339 3448 1620 3502 sanctam,
1672 3439 2001 3509 placentem,

432 3522 542 3577 Deo
566 3523 961 3580 rationabiliter
988 3524 1248 3590 oli'erunt,
1294 3537 1349 3582 et
1390 3527 1562 3601 legem
1604 3531 1999 3588 sacriliciorum

429 3628 550 3684 qua:
589 3615 640 3670 in
668 3615 912 3672 Levitico
942 3617 1053 3672 lata
1095 3627 1178 3673 est
1213 3620 1327 3692 (51)
1368 3623 1661 3676 secundum
1697 3623 1998 3693 spiritalem

428 3705 846 3777 intelligentiam
893 3710 1188 3781 complent.
1231 3712 1391 3768 Verbi
1433 3728 1622 3778 causa,
1671 3725 1727 3768 ut
1769 3714 1841 3770 ibi
1863 3713 1996 3771 ode-

430 3795 624 3851 rebant
661 3799 884 3854 vitulum
928 3801 1104 3870 primo
1136 3803 1288 3869 loco,
1324 3803 1410 3858 vel
1467 3807 1706 3860 secundo
1743 3807 1992 3873 arietem,

427 3895 523 3941 aut
550 3889 709 3944 tertio
734 3890 981 3956 hircum,
1031 3902 1125 3946 aut
1163 3903 1366 3962 quarto
1397 3903 1672 3960 turtures,
1707 3895 1790 3948 vel
1827 3897 1992 3951 etiam

426 3977 605 4045 pullos
630 3979 1030 4046 columbarum,
1069 3992 1128 4036 ut
1159 3983 1212 4037 in
1250 3985 1334 4039 his
1363 3985 1786 4054 uniuscujusque
1811 3987 1991 4041 anima

424 4067 810 4134 purilicaretur
829 4083 928 4138 pro
949 4069 1212 4137 qualitate
1241 4081 1518 4141 gestorum
1553 4091 1568 4138 ;
1605 4075 1716 4130 haec
1761 4089 1900 4129 nunc
1938 4075 1990 4130 in

429 4171 530 4211 suo
563 4171 793 4225 corpore
874 4161 1248 4230 unusquisque
1290 4164 1622 4231 puriﬁcans.
1669 4172 1722 4220 et
1755 4166 1990 4234 spiritali

424 4257 589 4297 sensu
635 4245 990 4314 discernens,
1056 4249 1366 4303 rationabili
1411 4251 1674 4320 obsequio
1720 4254 1990 4310 viventem

425 4335 664 4390 hostiam
699 4336 860 4392 olfert
893 4339 1008 4411 (ΒΞ)
1043 4339 1174 4396 Deo.
1210 4340 1285 4395 De
1315 4342 1510 4410 quibus
1557 4345 1818 4412 singulis,
1866 4362 1989 4401 cum

2035 3120 2082 3182 C

2122 1881 2264 1950 quod
2302 1880 2355 1934 itt
2395 1881 2502 1936 alio
2529 1881 2646 1936 loco
2672 1881 2808 1935 dixit
2843 1882 2916 1914 ⁸ο⁶
2945 1900 2960 1935 :
2989 1881 3072 1935 An
3119 1883 3330 1936 nescitis
3362 1886 3488 1953 quia
3531 1884 3702 1958 6“

2123 1971 2376 2041 templum
2429 1971 2523 2026 Dei
2569 1975 2718 2034 estis,
2759 1983 2806 2026 et
2855 1971 3086 2041 Spiritus
3120 1974 3234 2046 (57)
3277 1975 3373 2028 Dei
3404 1977 3608 2030 habitat
3646 1981 3701 2031 in

2119 2061 2303 2115 vobis?
2352 2061 2666 2117 Placeutetn
2711 2064 2843 2129 Deo,
2883 2073 3066 2134 utpote
3097 2081 3127 2118 a
3165 2067 3401 2134 peccatis
3443 2077 3500 2122 et
3541 2069 3698 2124 vitiis

2119 2162 2447 2222 separatam.
2505 2153 2629 2210 Haec
2678 2165 2859 2210 autent
2909 2157 3094 2210 omnia
3139 2159 3476 2214 rationabilis
3513 2161 3698 2217 cultus

2117 2249 2202 2292 est
2235 2239 2350 2294 Dei.
2391 2240 2575 2296 Potest
2615 2243 2760 2298 enim
2797 2260 2897 2312 pro
2933 2245 3024 2299 tali
3059 2247 3202 2302 cultu
3231 2249 3382 2303 reddi
3423 2251 3605 2315 ratio,
3641 2263 3697 2308 et

2117 2333 2326 2386 ostendi
2366 2333 2495 2402 quia
2531 2335 2756 2404 dignum
2813 2346 2894 2394 est
2941 2339 3054 2393 Deo
3086 2340 3221 2397 tales
3248 2342 3450 2399 hostias
3489 2345 3696 2400 immo-

2118 2420 2216 2476 lari
2257 2422 2368 2492 (58)
2393 2442 2406 2479 :
2431 2425 2637 2481 arietes
2681 2438 2885 2496 autem,
2925 2438 2980 2484 et
3012 2430 3218 2498 hircos,
3260 2443 3316 2489 et
3343 2433 3547 2491 vitulos
3587 2439 3696 2492 im-

2116 2513 2329 2569 mortali
2358 2525 2416 2571 et
2451 2517 2772 2588 incorporeo
2817 2521 2928 2577 Deo
2962 2521 3147 2579 oll'erri
3188 2525 3334 2580 nulla
3371 2528 3512 2583 ratio
3541 2542 3693 2586 recta

2113 2614 2170 2659 et
2208 2606 2435 2662 honesta
2473 2612 2752 2682 suscipiet.
2809 2612 2936 2669 llazc
2969 2631 3100 2686 ergo
3142 2617 3216 2672 ita
3263 2618 3446 2674 facere
3469 2662 3486 2688 ,
3523 2633 3580 2678 et
3616 2624 3692 2678 ita

2113 2697 2294 2754 colere
2347 2700 2512 2756 Deum
2572 2718 2665 2758 eos
2718 2706 2810 2774 qui
2864 2706 3083 2764 Christo
3132 2711 3515 2777 crediderunt,
3574 2731 3687 2771 non

2113 2789 2287 2843 solum
2322 2791 2481 2846 docet
2513 2793 2824 2863 Apostolus,
2861 2798 2956 2853 sed
2983 2806 3038 2853 et
3061 2799 3318 2857 obsecrat
3345 2819 3443 2873 per
3468 2805 3688 2862 miseri-

2111 2882 2355 2938 cordiam
2403 2883 2497 2940 Dei
2529 2903 2543 2939 :
2575 2897 2632 2942 ιιι
2659 2891 2912 2947 ostendat
2940 2908 3038 2962 per
3062 2894 3166 2950 hoc
3215 2895 3454 2953 humano
3501 2904 3689 2969 generi

2113 2974 2406 3047 (quoniam
2444 2978 2684 3046 proclive
2735 2989 2819 3035 est
2862 2983 2938 3055 ad.
2979 2984 3273 3056 delictum)
3310 2987 3690 3056 hujuscemodi

2115 3067 2323 3124 hostias
2343 3067 2437 3123 Dei
2467 3070 2811 3128 miseratione
2836 3075 3081 3143 provisas
3107 3077 3334 3146 :quibus
3356 3079 3402 3134 si
3431 3096 3672 3150 unquam

2110 3155 2294 3226 lapsus
2352 3158 2652 3225 acciderit,
2710 3176 2808 3230 per
2862 3163 3188 3220 rationabile
3244 3167 3566 3238 obsequium
3633 3181 3692 3226 et

2109 3249 2318 3305 hostias
2361 3263 2428 3304 eo
2478 3251 2639 3306 modo
2673 3267 2782 3322 quo
2831 3269 2994 3324 supra
3055 3255 3294 3312 diximus
3353 3260 3686 3328 itnmolatas,

2109 3341 2350 3411 reparari
2384 3343 2554 3410 possit
2584 3343 2767 3399 anima
2794 3360 2859 3400 ac
2894 3349 3107 3403 restitui
3135 3349 3201 3403 ad
3235 3350 3486 3407 salutem.
3529 3353 3687 3419 Quod

2107 3438 2288 3486 autem
2317 3433 2501 3486 multa;
2531 3434 2644 3490 sint
2679 3437 3070 3494 misericordia:
3094 3440 3219 3510 Dei,
3250 3442 3504 3513 designat
3537 3445 3684 3498 Pau-

2107 3521 2269 3578 lusin
2301 3525 2540 3580 secunda
2589 3527 2656 3581 ad
2695 3526 3043 3596 Corinthios,
3091 3532 3280 3588 dicens
3319 3533 3686 3591 :Benedictus

2107 3613 2251 3669 Deus
2274 3625 2324 3670 et
2346 3614 2517 3672 Pater
2537 3616 2753 3672 Domini
2779 3623 2947 3676 nostri
2968 3622 3100 3678 Jesu
3122 3623 3320 3680 Christi
3347 3626 3510 3680 Pater
3535 3631 3687 3682 mise-

2106 3713 2456 3768 ricordiarum
2483 3715 2528 3769 '.
2577 3717 2750 3773 Audis
2788 3719 2982 3783 Deum,
3011 3721 3152 3776 sicut
3182 3722 3295 3792 (59)
3335 3723 3538 3778 Christi
3574 3722 3685 3778 Pa.

2107 3813 2190 3860 ter
2217 3815 2335 3871 est,
2386 3815 2442 3861 et
2497 3808 2778 3877 sapientiai
2824 3819 2978 3881 pater
3007 3821 3108 3878 est,
3173 3825 3230 3869 et
3259 3814 3487 3883 justitite
3529 3828 3686 3886 pater

2103 3903 2207 3962 est,
2265 3911 2386 3965 quae
2431 3899 2613 3953 omnia
2663 3900 2914 3957 Christus
2954 3914 3056 3969 est,
3112 3904 3184 3958 ita
3247 3920 3368 3962 esse
3408 3917 3464 3962 et
3512 3908 3683 3962 mise-

2102 3988 2458 4043 ricordiarum
2518 4000 2747 4058 patrem.
2783 3992 2924 4062 Ergo
2971 3994 3224 4052 Christus
3282 3998 3422 4053 sicut
3472 4009 3675 4056 caetera

2100 4079 2280 4133 omnia
2339 4089 2454 4146 est,
2515 4093 2571 4138 et
2630 4083 3018 4142 misericordias
3073 4088 3188 4158 ipse
3247 4099 3371 4156 est,
3461 4093 3680 4149 miseri-

2103 4169 2304 4224 cordiae
2361 4171 2574 4240 multae,
2618 4189 2722 4227 non
2785 4190 2888 4229 una
2938 4175 3049 4248 (60)
3107 4191 3123 4230 :
3183 4177 3286 4234 hoc
3345 4189 3470 4247 est,
3535 4183 3680 4238 sicut

2103 4258 2340 4314 thesauri
2373 4262 2658 4330 sapientiae
2699 4273 2754 4319 et
2811 4264 3054 4320 scientia:
3117 4267 3167 4321 in
3217 4267 3337 4336 ipso
3387 4283 3540 4336 sunt,
3575 4273 3677 4328 sed

2099 4362 2230 4404 sunt
2277 4349 2673 4422 absconditi‘;
2715 4354 2786 4408 ita
2833 4365 2885 4410 et
2944 4357 3330 4414 misericordiae
3383 4360 3676 4418 thesaurus

497 4429 514 4460 ⁸
564 4425 919 4524 linguosus
953 4432 1102 4524 Lg?"
1127 4502 1148 4524 ο
1179 4432 1388 4524 ’nljlsal.
1432 4449 1626 4524 suis,
1669 4435 1735 4502 7;
1778 4435 1942 4499 Hebr.
1969 4455 2022 4506 ι,
2073 4440 2128 4496 8.
2202 4441 2224 4474 ³
2253 4441 2372 4497 Gal.
2413 4458 2498 4510 ut,
2535 4444 2628 4503 22.
2701 4445 2790 4500 ‘ll
2832 4447 2957 4503 Cor.
2983 4464 3058 4516 tv,
3094 4450 3180 4508 10.
3256 4451 3330 4483 ⁸⁸⁸
3359 4451 3381 4506 Ι
3412 4451 3542 4512 Cor.
3581 4473 3668 4524 ut,

421 4497 512 4554 16.
597 4498 617 4530 ⁷
649 4495 693 4552 ll
734 4498 858 4556 Cor.
905 4517 947 4567 ι,
999 4502 1052 4557 3.
1127 4502 1148 4532 "
1205 4502 1383 4558 Colos.
1430 4517 1506 4567 tt,
1541 4506 1595 4562 5.

641 4590 812 4664 _E_diti_.
860 4592 1041 4664 religio
1067 4611 1296 4650 summa.

493 4659 608 4731 (ιζι)
640 4659 742 4731 his.
774 4659 977 4731 Regius
1012 4681 1162 4719 num.
1200 4665 1358 4730 1659.
1387 4674 1434 4720 et
1458 4675 1677 4721 statuta.

492 4728 605 4808 (⁷48)
643 4728 768 4808 Haec
797 4728 984 4797 verba,
1013 4743 1070 4808 ut
1100 4728 1408 4808 exlribeatis,
1436 4746 1577 4808 etc"
1613 4752 1780 4808 usque
1815 4737 1904 4808 ad,
1932 4749 1982 4795 ct

419 4797 821 4871 beneplacitum,
852 4810 903 4854 et
926 4803 1212 4871 perfectum
1233 4843 1250 4866 ,
1296 4797 1776 4860 desiderantur'in
1828 4797 1980 4868 libris

417 4875 577 4922 antea
610 4867 774 4922 editis
800 4908 816 4934 ,
845 4867 940 4926 sed
972 4867 1333 4928 restituuntur
1367 4891 1434 4930 cx
1463 4876 1714 4934 omnibus
1735 4892 1869 4935 mss.

638 4935 738 5011 Ms.
761 4953 930 5011 unus,
949 4943 1082 5002 sicut
1111 4960 1270 5011 supra
1303 4947 1550 5000 ostendit.

511 5003 603 5073 50)
638 5003 707 5060 Ut
749 5009 838 5062 sit.
896 5003 1022 5065 ΙΙωο
1061 5003 1226 5066 verba
1284 5013 1478 5068 desunt
1525 5015 1579 5070 iu
1620 5015 1774 5071 libris
1814 5026 1975 5073 antea

417 5076 615 5151 editis;
662 5077 859 5151 deinde
895 5080 1051 5151 paulo
1101 5081 1240 5136 infra
1275 5093 1398 5150 post
1447 5084 1669 5151 cultum,
1724 5101 1824 5141 vos
1886 5087 1982 5143 Dei

416 5147 690 5201 omittitur
718 5147 906 5224 itidem:
931 5149 985 5204 in
1008 5151 1193 5215 editis,
1220 5147 1292 5224 _et'
1314 5152 1364 5205 in
1394 5147 1664 5224 plerisque
1691 5170 1822 5211 mss.
1851 5173 1982 5212 nec-

418 5231 544 5339 nonn
564 5217 775 5342 etizggd
806 5213 1107 5285 Rabanum,
1141 5213 1234 5280 scd
1265 5213 1654 5279 restituitur-ex
1678 5240 1781 5280 ms.
1811 5225 1979 5297 Regio

418 5301 510 5339 nur
551 5322 567 5339 .
745 5324 762 5342 .

416 5300 567 5339 num.
603 5300 762 5342 ιυδυ.

487 5353 602 5436 (ξι)
637 5357 822 5436 Alias,
848 5356 991 5436 data
1005 5367 1104 5436 est,
1132 5360 1204 5414 al.
1239 5361 1433 5436 collata
1461 5372 1561 5418 est.
1596 5363 1801 5436 Deinde
1849 5381 1982 5423 mss.

413 5423 658 5501 quidam,
704 5435 760 5501 u_t
805 5426 893 5501 ubi
918 5427 1206 5495 o/Ierebant
1252 5433 1472 5501 uitulum
1523 5435 1693 5501 primo
1736 5435 1794 5488 in
1841 5435 1979 5491 loco.

412 5491 665 5577 enim.
691 5493 919 5577 ‘Regius
953 5491 1114 5556 'itum.
1155 5500 1314 5567 1659,
1355 5502 1432 5557 ibi
1480 5491 1793 5577 o/Terebant,
1845 5517 1976 5573 ctc.,

412 5574 615 5616 OIDISSO
647 5573 724 5618 ut.

486 5627 601 5707 (βὲ)
645 5631 772 5707 hlss.
821 5633 1082 5707 pletjque,
1137 5637 1394 5699 Rabanus
1449 5650 1504 5695 et
1545 5641 1708 5707 editi,
1767 5646 1974 5706 obtulit.

410 5699 520 5764 Sed
554 5701 754 5761 rectius
781 5699 880 5758 ms.
916 5699 1116 5773 Regius
1163 5724 1308 5764 num.
1340 5711 1501 5776 1659,
1543 5699 1719 5780 οπενί.

2169 4601 2280 4675 (53)
2317 4603 2452 4675 Ῡίάθ
2493 4606 2677 4662 homil.
2718 4624 2754 4664 ll
2803 4612 2858 4666 in
2893 4611 3131 4674 Leuitic.,
3170 4614 3398 4670 nttm.2.

2164 4674 2278 4743 (54)
2313 4674 2412 4729 Ms.
2460 4692 2622 4744 unus,
2664 4679 2839 4736 cultus
2891 4682 2984 4735 Dei
3029 4684 3238 4750 faciat;
3285 4685 3333 4738 si
3368 4686 3672 4756 superbiant

2088 4751 2194 4798 etc.

2164 4811 2303 4888 (55)_
2339 4811 2434 4888 Sic
2498 4829 2600 4872 ms.
2657 4816 2862 4888 Regius
2888 4835 3037 4875 num.
3090 4821 3249 4879 1639.
3293 4823 3486 4880 Caeteri
3536 4842 3670 4885 vero

2084 4881 2528 4952 mss.,'Rahanus
2557 4896 2612 4940 et
2643 4881 2793 4952 edit'i,
2832 4890 3202 4945 immolaverit.

2156 4952 2272 5021 (56)
2315 4950 2536 5010 Nostro.
2577 4956 2737 5011 Deest
2767 4950 2818 5012 in
2858 4960 3097 5016 editione
3119 4959 3483 5020 Genebrardi.

2157 5023 2270 5094 (Si)
2315 5022 2474 5094 Editi,
2507 5021 2741 5094 Spiritus
2769 5037 3004 5084 sanctus.

2167 5091 2277 5162 (58⁷)
2341 5091 2583 5166 Sients.
2631 5096 2833 5166 Regius
2877 5114 3025 5153 num.
3088 5099 3249 5156 1659.
3289 5102 3486 5159 Caneri
3536 5121 3666 5162 vero

2089 5162 2493 5298 ipsshebedilti,
2540 5162 2855 5232 immolare;
2898 5176 2953 5222 et
2990 5169 3150 5239 paulo
3200 5183 3342 5240 post,
3389 5173 3507 5228 Hoc
3539 5194 3668 5248 ergo

2089 5247 2161 5283 ra
2245 5247 2342 5293 eri,
2390 5247 2418 5284 e
2449 5247 2498 5284 c.

2087 5231 2161 5283 ita
2205 5231 2342 5293 fieri,
2390 5241 2498 5284 etc.

2167 5298 2278 5372 (59)
2321 5300 2498 5372 ljlditi,
2537 5303 2678 5356 Audi
2721 5305 2884 5360 Deum
2910 5309 3064 5372 sicut,
3097 5319 3204 5364 etc.

2165 5371 2277 5440 (60)
2319 5370 2411 5451 Sic
2459 5386 2646 5452 omnes
2701 5393 2829 5430 mss.
2881 5370 3074 5452 nostri.
3137 5378 3281 5436 Editi
3314 5398 3467 5444 vero.
3513 5382 3659 5452 Ergo

2089 5437 2326 5512 Christus
2363 5440 2505 5512 sicut
2529 5451 2575 5494 et
2605 5453 2794 5498 caetera
2819 5449 3018 5512 omnia,
3047 5460 3097 5503 et
3129 5437 3498 5506 misericordia
3537 5437 3653 5506 εεῖἑ

2084 5509 2194 5579 ipse
2225 5521 2298 5562 est
2328 5511 2707 5566 misericordia:
2754 5517 2951 5579 multat,
2985 5509 3087 5572 non
3117 5537 3244 5573 una.
3287 5523 3488 5576 Deinde
3528 5539 3655 5576 mss.

2086 5577 2286 5648 Regius
2325 5595 2475 5632 num.
2524 5580 2682 5646 1639,
2721 5587 2796 5638 ita
2837 5595 2884 5640 et
2922 5577 3406 5646 misericordiat'unt
3447 5591 3654 5647 thesau-

2085 5661 2174 5702 rus
2200 5652 2251 5701 iu
2277 5651 2388 5720 ipso
2426 5659 2524 5716 est,
2563 5661 2668 5709 ctc.
