  <div class='ocr_page' id='page_1' title='image "/cluster/home/n/w/nwhite01/storage/ocr_20150623/14/hvd.32044073501363/608.png"; bbox 0 0 3894 6356; ppageno 0'>
   <div class='ocr_carea' id='block_1_1' title="bbox 104 267 284 325">
    <p class='ocr_par' dir='ltr' id='par_1_1' title="bbox 104 267 284 325">
     <span class='ocr_line' id='line_1_1' title="bbox 104 267 284 325; baseline 0.017 -3"><span class='ocrx_word' id='word_1_1' title='bbox 104 267 284 325; x_wconf 61' lang='grc' dir='ltr'><strong>ηοξ</strong></span> 
     </span>
    </p>
   </div>
   <div class='ocr_carea' id='block_1_2' title="bbox 107 369 3500 455">
    <p class='ocr_par' dir='ltr' id='par_1_2' title="bbox 107 369 3500 455">
     <span class='ocr_line' id='line_1_2' title="bbox 107 369 3500 455; baseline -0.004 -18"><span class='ocrx_word' id='word_1_2' title='bbox 107 385 177 438; x_wconf 87' lang='lat' dir='ltr'><strong>in</strong></span> <span class='ocrx_word' id='word_1_3' title='bbox 216 386 363 454; x_wconf 84' lang='lat' dir='ltr'><strong>ipso</strong></span> <span class='ocrx_word' id='word_1_4' title='bbox 406 395 513 443; x_wconf 81' lang='lat' dir='ltr'><strong>est</strong></span> <span class='ocrx_word' id='word_1_5' title='bbox 545 432 562 455; x_wconf 90' lang='lat'><strong>,</strong></span> <span class='ocrx_word' id='word_1_6' title='bbox 609 391 721 446; x_wconf 86' lang='lat' dir='ltr'><strong>sed</strong></span> <span class='ocrx_word' id='word_1_7' title='bbox 757 399 840 446; x_wconf 88' lang='lat' dir='ltr'><strong>est</strong></span> <span class='ocrx_word' id='word_1_8' title='bbox 887 391 1237 445; x_wconf 74' lang='lat' dir='ltr'><strong>absconditus</strong></span> <span class='ocrx_word' id='word_1_9' title='bbox 1270 409 1285 446; x_wconf 88' lang='lat'><strong>:</strong></span> <span class='ocrx_word' id='word_1_10' title='bbox 1322 407 1388 446; x_wconf 90' lang='lat' dir='ltr'><strong>ne</strong></span> <span class='ocrx_word' id='word_1_11' title='bbox 1445 391 1582 446; x_wconf 88' lang='lat' dir='ltr'><strong>forte</strong></span> <span class='ocrx_word' id='word_1_12' title='bbox 1632 388 1679 444; x_wconf 86' lang='lat' dir='ltr'><strong>si</strong></span> <span class='ocrx_word' id='word_1_13' title='bbox 1729 389 1796 444; x_wconf 89' lang='lat' dir='ltr'><strong>ad</strong></span> <span class='ocrx_word' id='word_1_14' title='bbox 1828 392 1874 448; x_wconf 75' lang='grc' dir='ltr'><strong>Α</strong></span> <span class='ocrx_word' id='word_1_15' title='bbox 1901 384 2060 439; x_wconf 86' lang='lat' dir='ltr'><strong>aliam</strong></span> <span class='ocrx_word' id='word_1_16' title='bbox 2099 397 2218 437; x_wconf 92' lang='lat' dir='ltr'><strong>esse</strong></span> <span class='ocrx_word' id='word_1_17' title='bbox 2245 377 2428 432; x_wconf 69' lang='lat' dir='ltr'><strong>saeculi</strong></span> <span class='ocrx_word' id='word_1_18' title='bbox 2461 374 2674 429; x_wconf 83' lang='lat' dir='ltr'><strong>futuri:</strong></span> <span class='ocrx_word' id='word_1_19' title='bbox 2701 380 2756 428; x_wconf 93' lang='lat' dir='ltr'><strong>et</strong></span> <span class='ocrx_word' id='word_1_20' title='bbox 2797 371 2842 427; x_wconf 87' lang='lat' dir='ltr'><strong>si</strong></span> <span class='ocrx_word' id='word_1_21' title='bbox 2881 372 2968 441; x_wconf 92' lang='lat' dir='ltr'><strong>qui</strong></span> <span class='ocrx_word' id='word_1_22' title='bbox 3003 377 3129 422; x_wconf 89' lang='lat' dir='ltr'><strong>sunt</strong></span> <span class='ocrx_word' id='word_1_23' title='bbox 3163 369 3252 438; x_wconf 88' lang='lat' dir='ltr'><strong>qui</strong></span> <span class='ocrx_word' id='word_1_24' title='bbox 3292 383 3500 422; x_wconf 74' lang='lat' dir='ltr'><strong>autaut-</strong></span> 
     </span>
    </p>
   </div>
   <div class='ocr_carea' id='block_1_3' title="bbox 117 475 1797 552">
    <p class='ocr_par' dir='ltr' id='par_1_3' title="bbox 117 475 1797 552">
     <span class='ocr_line' id='line_1_3' title="bbox 117 475 1797 552; baseline 0.005 -25"><span class='ocrx_word' id='word_1_25' title='bbox 117 475 422 532; x_wconf 76' lang='lat' dir='ltr'><strong>subitum</strong></span> <span class='ocrx_word' id='word_1_26' title='bbox 463 490 530 535; x_wconf 91' lang='lat' dir='ltr'><strong>et</strong></span> <span class='ocrx_word' id='word_1_27' title='bbox 565 491 714 536; x_wconf 96' lang='lat' dir='ltr'><strong>ante</strong></span> <span class='ocrx_word' id='word_1_28' title='bbox 752 491 963 551; x_wconf 93' lang='lat' dir='ltr'><strong>tempus</strong></span> <span class='ocrx_word' id='word_1_29' title='bbox 991 481 1318 552; x_wconf 75' lang='lat' dir='ltr'><strong>proferatur,</strong></span> <span class='ocrx_word' id='word_1_30' title='bbox 1343 483 1505 538; x_wconf 87' lang='lat' dir='ltr'><strong>faciat</strong></span> <span class='ocrx_word' id='word_1_31' title='bbox 1536 496 1644 549; x_wconf 88' lang='lat' dir='ltr'><strong>me,</strong></span> <span class='ocrx_word' id='word_1_32' title='bbox 1671 490 1725 536; x_wconf 89' lang='lat' dir='ltr'><strong>et</strong></span> <span class='ocrx_word' id='word_1_33' title='bbox 1753 481 1797 536; x_wconf 91' lang='lat' dir='ltr'><strong>si</strong></span> 
     </span>
    </p>
   </div>
   <div class='ocr_carea' id='block_1_4' title="bbox 111 569 1800 645">
    <p class='ocr_par' dir='ltr' id='par_1_4' title="bbox 111 569 1800 645">
     <span class='ocr_line' id='line_1_4' title="bbox 111 569 1800 645; baseline 0.004 -24"><span class='ocrx_word' id='word_1_34' title='bbox 111 570 270 635; x_wconf 87' lang='lat' dir='ltr'><strong>quis</strong></span> <span class='ocrx_word' id='word_1_35' title='bbox 307 569 470 624; x_wconf 86' lang='lat' dir='ltr'><strong>mihi</strong></span> <span class='ocrx_word' id='word_1_36' title='bbox 516 571 581 625; x_wconf 87' lang='lat' dir='ltr'><strong>in</strong></span> <span class='ocrx_word' id='word_1_37' title='bbox 626 573 842 627; x_wconf 82' lang='lat' dir='ltr'><strong>desidia</strong></span> <span class='ocrx_word' id='word_1_38' title='bbox 865 572 1061 628; x_wconf 86' lang='lat' dir='ltr'><strong>similis</strong></span> <span class='ocrx_word' id='word_1_39' title='bbox 1082 588 1202 629; x_wconf 88' lang='lat' dir='ltr'><strong>esse</strong></span> <span class='ocrx_word' id='word_1_40' title='bbox 1229 573 1493 640; x_wconf 88' lang='lat' dir='ltr'><strong>voluerit,</strong></span> <span class='ocrx_word' id='word_1_41' title='bbox 1523 572 1800 645; x_wconf 83' lang='lat' dir='ltr'><strong>negligen-</strong></span> 
     </span>
    </p>
   </div>
   <div class='ocr_carea' id='block_1_5' title="bbox 117 660 1802 734">
    <p class='ocr_par' dir='ltr' id='par_1_5' title="bbox 117 660 1802 734">
     <span class='ocr_line' id='line_1_5' title="bbox 117 660 1802 734; baseline 0.004 -23"><span class='ocrx_word' id='word_1_42' title='bbox 117 667 279 712; x_wconf 84' lang='lat' dir='ltr'><strong>tetn.</strong></span> <span class='ocrx_word' id='word_1_43' title='bbox 343 660 695 718; x_wconf 75' lang='lat' dir='ltr'><strong>Videbitur</strong></span> <span class='ocrx_word' id='word_1_44' title='bbox 746 678 878 734; x_wconf 91' lang='lat' dir='ltr'><strong>ergo</strong></span> <span class='ocrx_word' id='word_1_45' title='bbox 931 665 1198 734; x_wconf 64' lang='lat' dir='ltr'><strong>praecipue</strong></span> <span class='ocrx_word' id='word_1_46' title='bbox 1243 665 1420 719; x_wconf 88' lang='lat' dir='ltr'><strong>hostia</strong></span> <span class='ocrx_word' id='word_1_47' title='bbox 1473 665 1703 729; x_wconf 84' lang='lat' dir='ltr'><strong>vivens,</strong></span> <span class='ocrx_word' id='word_1_48' title='bbox 1749 672 1802 719; x_wconf 92' lang='lat' dir='ltr'><strong>et</strong></span> 
     </span>
    </p>
   </div>
   <div class='ocr_carea' id='block_1_6' title="bbox 119 754 1804 825">
    <p class='ocr_par' dir='ltr' id='par_1_6' title="bbox 119 754 1804 825">
     <span class='ocr_line' id='line_1_6' title="bbox 119 754 1804 825; baseline 0.004 -22"><span class='ocrx_word' id='word_1_49' title='bbox 119 761 385 812; x_wconf 80' lang='lat' dir='ltr'><strong>sancta.</strong></span> <span class='ocrx_word' id='word_1_50' title='bbox 423 763 490 808; x_wconf 90' lang='lat' dir='ltr'><strong>et</strong></span> <span class='ocrx_word' id='word_1_51' title='bbox 535 754 673 809; x_wconf 88' lang='lat' dir='ltr'><strong>Deo</strong></span> <span class='ocrx_word' id='word_1_52' title='bbox 702 754 950 824; x_wconf 90' lang='lat' dir='ltr'><strong>placens,</strong></span> <span class='ocrx_word' id='word_1_53' title='bbox 995 771 1194 825; x_wconf 86' lang='lat' dir='ltr'><strong>corpus</strong></span> <span class='ocrx_word' id='word_1_54' title='bbox 1237 771 1360 811; x_wconf 90' lang='lat' dir='ltr'><strong>esse</strong></span> <span class='ocrx_word' id='word_1_55' title='bbox 1409 756 1804 811; x_wconf 86' lang='lat' dir='ltr'><strong>incontamina-</strong></span> 
     </span>
    </p>
   </div>
   <div class='ocr_carea' id='block_1_7' title="bbox 122 845 1804 920">
    <p class='ocr_par' dir='ltr' id='par_1_7' title="bbox 122 845 1804 920">
     <span class='ocr_line' id='line_1_7' title="bbox 122 845 1804 920; baseline 0.005 -27"><span class='ocrx_word' id='word_1_56' title='bbox 122 851 290 898; x_wconf 87' lang='lat' dir='ltr'><strong>turn.</strong></span> <span class='ocrx_word' id='word_1_57' title='bbox 351 845 603 902; x_wconf 77' lang='lat' dir='ltr'><strong>Verum</strong></span> <span class='ocrx_word' id='word_1_58' title='bbox 665 849 922 920; x_wconf 89' lang='lat' dir='ltr'><strong>quoniam</strong></span> <span class='ocrx_word' id='word_1_59' title='bbox 970 849 1216 904; x_wconf 75' lang='lat' dir='ltr'><strong>videmus</strong></span> <span class='ocrx_word' id='word_1_60' title='bbox 1260 849 1546 904; x_wconf 90' lang='lat' dir='ltr'><strong>nonnullos</strong></span> <span class='ocrx_word' id='word_1_61' title='bbox 1591 857 1804 904; x_wconf 88' lang='lat' dir='ltr'><strong>sancto-</strong></span> 
     </span>
    </p>
   </div>
   <div class='ocr_carea' id='block_1_8' title="bbox 126 937 1802 1010">
    <p class='ocr_par' dir='ltr' id='par_1_8' title="bbox 126 937 1802 1010">
     <span class='ocr_line' id='line_1_8' title="bbox 126 937 1802 1010; baseline 0.001 -22"><span class='ocrx_word' id='word_1_62' title='bbox 126 950 304 1001; x_wconf 86' lang='lat' dir='ltr'><strong>rum,</strong></span> <span class='ocrx_word' id='word_1_63' title='bbox 345 937 614 1008; x_wconf 83' lang='lat' dir='ltr'><strong>aliquos</strong></span> <span class='ocrx_word' id='word_1_64' title='bbox 646 941 812 995; x_wconf 89' lang='lat' dir='ltr'><strong>etiam</strong></span> <span class='ocrx_word' id='word_1_65' title='bbox 841 940 1210 1010; x_wconf 82' lang='lat' dir='ltr'><strong>apostolorum</strong></span> <span class='ocrx_word' id='word_1_66' title='bbox 1243 939 1498 994; x_wconf 81' lang='lat' dir='ltr'><strong>habuisse</strong></span> <span class='ocrx_word' id='word_1_67' title='bbox 1528 937 1802 1010; x_wconf 75' lang='lat' dir='ltr'><strong>coniugia,</strong></span> 
     </span>
    </p>
   </div>
   <div class='ocr_carea' id='block_1_9' title="bbox 131 1027 1802 1102">
    <p class='ocr_par' dir='ltr' id='par_1_9' title="bbox 131 1027 1802 1102">
     <span class='ocr_line' id='line_1_9' title="bbox 131 1027 1802 1102; baseline 0.001 -24"><span class='ocrx_word' id='word_1_68' title='bbox 131 1037 264 1080; x_wconf 84' lang='lat' dir='ltr'><strong>non</strong></span> <span class='ocrx_word' id='word_1_69' title='bbox 297 1041 755 1102; x_wconf 81' lang='lat' dir='ltr'><strong>usquequaque</strong></span> <span class='ocrx_word' id='word_1_70' title='bbox 783 1045 1068 1102; x_wconf 87' lang='lat' dir='ltr'><strong>possumus</strong></span> <span class='ocrx_word' id='word_1_71' title='bbox 1093 1031 1196 1084; x_wconf 92' lang='lat' dir='ltr'><strong>hoc</strong></span> <span class='ocrx_word' id='word_1_72' title='bbox 1248 1028 1360 1100; x_wconf 86' lang='grc'>(61)</span> <span class='ocrx_word' id='word_1_73' title='bbox 1391 1029 1457 1083; x_wconf 87' lang='lat' dir='ltr'><strong>de</strong></span> <span class='ocrx_word' id='word_1_74' title='bbox 1491 1028 1602 1082; x_wconf 91' lang='lat' dir='ltr'><strong>sola</strong></span> <span class='ocrx_word' id='word_1_75' title='bbox 1633 1027 1802 1098; x_wconf 79' lang='lat' dir='ltr'><strong>virgi—</strong></span> 
     </span>
    </p>
   </div>
   <div class='ocr_carea' id='block_1_10' title="bbox 132 1116 1805 1192">
    <p class='ocr_par' dir='ltr' id='par_1_10' title="bbox 132 1116 1805 1192">
     <span class='ocr_line' id='line_1_10' title="bbox 132 1116 1805 1192; baseline 0 -21"><span class='ocrx_word' id='word_1_76' title='bbox 132 1116 346 1176; x_wconf 80' lang='lat' dir='ltr'><strong>nitate</strong></span> <span class='ocrx_word' id='word_1_77' title='bbox 372 1121 648 1188; x_wconf 82' lang='lat' dir='ltr'><strong>sentire,</strong></span> <span class='ocrx_word' id='word_1_78' title='bbox 671 1122 916 1192; x_wconf 82' lang='lat' dir='ltr'><strong>quamvis</strong></span> <span class='ocrx_word' id='word_1_79' title='bbox 940 1121 992 1176; x_wconf 88' lang='lat' dir='ltr'><strong>in</strong></span> <span class='ocrx_word' id='word_1_80' title='bbox 1011 1120 1382 1189; x_wconf 83' lang='lat' dir='ltr'><strong>hujuscemodi</strong></span> <span class='ocrx_word' id='word_1_81' title='bbox 1398 1119 1593 1174; x_wconf 89' lang='lat' dir='ltr'><strong>hostiis</strong></span> <span class='ocrx_word' id='word_1_82' title='bbox 1606 1117 1805 1172; x_wconf 87' lang='lat' dir='ltr'><strong>habere</strong></span> 
     </span>
    </p>
   </div>
   <div class='ocr_carea' id='block_1_11' title="bbox 139 1206 1806 1281">
    <p class='ocr_par' dir='ltr' id='par_1_11' title="bbox 139 1206 1806 1281">
     <span class='ocr_line' id='line_1_11' title="bbox 139 1206 1806 1281; baseline 0.001 -22"><span class='ocrx_word' id='word_1_83' title='bbox 139 1207 437 1276; x_wconf 85' lang='lat' dir='ltr'><strong>primum</strong></span> <span class='ocrx_word' id='word_1_84' title='bbox 477 1211 750 1267; x_wconf 79' lang='lat' dir='ltr'><strong>ordinem</strong></span> <span class='ocrx_word' id='word_1_85' title='bbox 793 1210 965 1281; x_wconf 88' lang='lat' dir='ltr'><strong>possit</strong></span> <span class='ocrx_word' id='word_1_86' title='bbox 1005 1209 1120 1281; x_wconf 77' lang='lat'><strong>(62)</strong></span> <span class='ocrx_word' id='word_1_87' title='bbox 1151 1227 1166 1263; x_wconf 90' lang='lat'><strong>:</strong></span> <span class='ocrx_word' id='word_1_88' title='bbox 1201 1209 1344 1263; x_wconf 89' lang='lat' dir='ltr'><strong>sicut</strong></span> <span class='ocrx_word' id='word_1_89' title='bbox 1375 1217 1428 1262; x_wconf 84' lang='lat' dir='ltr'><strong>et</strong></span> <span class='ocrx_word' id='word_1_90' title='bbox 1471 1209 1525 1264; x_wconf 88' lang='lat' dir='ltr'><strong>in</strong></span> <span class='ocrx_word' id='word_1_91' title='bbox 1563 1207 1680 1278; x_wconf 90' lang='lat' dir='ltr'><strong>lege</strong></span> <span class='ocrx_word' id='word_1_92' title='bbox 1701 1206 1806 1261; x_wconf 86' lang='lat' dir='ltr'><strong>alia</strong></span> 
     </span>
    </p>
   </div>
   <div class='ocr_carea' id='block_1_12' title="bbox 141 1297 1810 1368">
    <p class='ocr_par' dir='ltr' id='par_1_12' title="bbox 141 1297 1810 1368">
     <span class='ocr_line' id='line_1_12' title="bbox 141 1297 1810 1368; baseline -0.001 -17"><span class='ocrx_word' id='word_1_93' title='bbox 141 1304 292 1351; x_wconf 88' lang='lat' dir='ltr'><strong>erat.</strong></span> <span class='ocrx_word' id='word_1_94' title='bbox 327 1298 554 1354; x_wconf 82' lang='lat' dir='ltr'><strong>hostia</strong></span> <span class='ocrx_word' id='word_1_95' title='bbox 587 1299 909 1366; x_wconf 88' lang='lat' dir='ltr'><strong>sacerdotis,</strong></span> <span class='ocrx_word' id='word_1_96' title='bbox 959 1299 1063 1354; x_wconf 87' lang='lat' dir='ltr'><strong>alia</strong></span> <span class='ocrx_word' id='word_1_97' title='bbox 1120 1297 1403 1368; x_wconf 89' lang='lat' dir='ltr'><strong>principis,</strong></span> <span class='ocrx_word' id='word_1_98' title='bbox 1436 1297 1536 1352; x_wconf 87' lang='lat' dir='ltr'><strong>alia</strong></span> <span class='ocrx_word' id='word_1_99' title='bbox 1563 1298 1810 1368; x_wconf 81' lang='lat' dir='ltr'><strong>Synago—</strong></span> 
     </span>
    </p>
   </div>
   <div class='ocr_carea' id='block_1_13' title="bbox 147 1389 1808 1458">
    <p class='ocr_par' dir='ltr' id='par_1_13' title="bbox 147 1389 1808 1458">
     <span class='ocr_line' id='line_1_13' title="bbox 147 1389 1808 1458; baseline 0.002 -16"><span class='ocrx_word' id='word_1_100' title='bbox 147 1403 274 1455; x_wconf 69' lang='lat' dir='ltr'><strong>gae,</strong></span> <span class='ocrx_word' id='word_1_101' title='bbox 309 1398 378 1442; x_wconf 86' lang='lat' dir='ltr'><strong>et</strong></span> <span class='ocrx_word' id='word_1_102' title='bbox 407 1390 538 1445; x_wconf 84' lang='lat' dir='ltr'><strong>alia</strong></span> <span class='ocrx_word' id='word_1_103' title='bbox 579 1391 745 1446; x_wconf 90' lang='lat' dir='ltr'><strong>unius</strong></span> <span class='ocrx_word' id='word_1_104' title='bbox 776 1392 971 1446; x_wconf 73' lang='lat' dir='ltr'><strong>anima:</strong></span> <span class='ocrx_word' id='word_1_105' title='bbox 996 1391 1038 1444; x_wconf 83' lang='lat'><strong>’.</strong></span> <span class='ocrx_word' id='word_1_106' title='bbox 1077 1389 1142 1443; x_wconf 86' lang='lat' dir='ltr'><strong>Et</strong></span> <span class='ocrx_word' id='word_1_107' title='bbox 1181 1390 1430 1458; x_wconf 78' lang='lat' dir='ltr'><strong>quamvis</strong></span> <span class='ocrx_word' id='word_1_108' title='bbox 1481 1389 1533 1444; x_wconf 93' lang='lat' dir='ltr'><strong>in</strong></span> <span class='ocrx_word' id='word_1_109' title='bbox 1567 1389 1808 1446; x_wconf 86' lang='lat' dir='ltr'><strong>Ecclesia</strong></span> 
     </span>
    </p>
   </div>
   <div class='ocr_carea' id='block_1_14' title="bbox 150 1479 1806 1552">
    <p class='ocr_par' dir='ltr' id='par_1_14' title="bbox 150 1479 1806 1552">
     <span class='ocr_line' id='line_1_14' title="bbox 150 1479 1806 1552; baseline 0.003 -20"><span class='ocrx_word' id='word_1_110' title='bbox 150 1479 371 1548; x_wconf 79' lang='lat' dir='ltr'><strong>prima</strong></span> <span class='ocrx_word' id='word_1_111' title='bbox 440 1491 584 1552; x_wconf 87' lang='lat' dir='ltr'><strong>post</strong></span> <span class='ocrx_word' id='word_1_112' title='bbox 638 1481 913 1552; x_wconf 88' lang='lat' dir='ltr'><strong>apostolos</strong></span> <span class='ocrx_word' id='word_1_113' title='bbox 969 1481 1149 1536; x_wconf 89' lang='lat' dir='ltr'><strong>hostia</strong></span> <span class='ocrx_word' id='word_1_114' title='bbox 1201 1491 1526 1551; x_wconf 88' lang='lat' dir='ltr'><strong>martyrum,</strong></span> <span class='ocrx_word' id='word_1_115' title='bbox 1569 1482 1806 1537; x_wconf 87' lang='lat' dir='ltr'><strong>secunda</strong></span> 
     </span>
    </p>
   </div>
   <div class='ocr_carea' id='block_1_15' title="bbox 159 1569 1600 1640">
    <p class='ocr_par' dir='ltr' id='par_1_15' title="bbox 159 1569 1600 1640">
     <span class='ocr_line' id='line_1_15' title="bbox 159 1569 1600 1640; baseline 0.001 -18"><span class='ocrx_word' id='word_1_116' title='bbox 159 1569 490 1640; x_wconf 77' lang='lat' dir='ltr'><strong>virginum</strong></span> <span class='ocrx_word' id='word_1_117' title='bbox 586 1573 860 1638; x_wconf 89' lang='lat' dir='ltr'><strong>videatur,</strong></span> <span class='ocrx_word' id='word_1_118' title='bbox 937 1571 1098 1627; x_wconf 90' lang='lat' dir='ltr'><strong>tertia</strong></span> <span class='ocrx_word' id='word_1_119' title='bbox 1165 1570 1600 1636; x_wconf 88' lang='lat' dir='ltr'><strong>continentium;</strong></span> 
     </span>
    </p>
   </div>
   <div class='ocr_carea' id='block_1_16' title="bbox 166 1661 1803 1732">
    <p class='ocr_par' dir='ltr' id='par_1_16' title="bbox 166 1661 1803 1732">
     <span class='ocr_line' id='line_1_16' title="bbox 166 1661 1803 1732; baseline 0.001 -18"><span class='ocrx_word' id='word_1_120' title='bbox 166 1667 388 1716; x_wconf 78' lang='lat' dir='ltr'><strong>tamen</strong></span> <span class='ocrx_word' id='word_1_121' title='bbox 431 1663 598 1732; x_wconf 91' lang='lat' dir='ltr'><strong>quod</strong></span> <span class='ocrx_word' id='word_1_122' title='bbox 645 1679 821 1732; x_wconf 89' lang='lat' dir='ltr'><strong>neque</strong></span> <span class='ocrx_word' id='word_1_123' title='bbox 849 1662 926 1718; x_wconf 93' lang='lat' dir='ltr'><strong>illi</strong></span> <span class='ocrx_word' id='word_1_124' title='bbox 957 1661 1049 1732; x_wconf 91' lang='lat' dir='ltr'><strong>qui</strong></span> <span class='ocrx_word' id='word_1_125' title='bbox 1082 1661 1134 1715; x_wconf 94' lang='lat' dir='ltr'><strong>in</strong></span> <span class='ocrx_word' id='word_1_126' title='bbox 1163 1661 1432 1731; x_wconf 86' lang='lat' dir='ltr'><strong>conjugiis</strong></span> <span class='ocrx_word' id='word_1_127' title='bbox 1462 1662 1619 1730; x_wconf 85' lang='lat' dir='ltr'><strong>positi</strong></span> <span class='ocrx_word' id='word_1_128' title='bbox 1653 1671 1803 1727; x_wconf 92' lang='lat' dir='ltr'><strong>sunt,</strong></span> 
     </span>
    </p>
   </div>
   <div class='ocr_carea' id='block_1_17' title="bbox 165 1733 3492 1821">
    <p class='ocr_par' dir='ltr' id='par_1_17' title="bbox 165 1733 3492 1821">
     <span class='ocr_line' id='line_1_17' title="bbox 165 1733 3492 1821; baseline -0.003 -14"><span class='ocrx_word' id='word_1_129' title='bbox 165 1758 232 1804; x_wconf 85' lang='lat' dir='ltr'><strong>et</strong></span> <span class='ocrx_word' id='word_1_130' title='bbox 257 1765 340 1805; x_wconf 77' lang='lat' dir='ltr'><strong>ex</strong></span> <span class='ocrx_word' id='word_1_131' title='bbox 365 1766 670 1808; x_wconf 86' lang='lat' dir='ltr'><strong>consensu</strong></span> <span class='ocrx_word' id='word_1_132' title='bbox 698 1751 765 1806; x_wconf 88' lang='lat' dir='ltr'><strong>ad</strong></span> <span class='ocrx_word' id='word_1_133' title='bbox 797 1762 1014 1821; x_wconf 86' lang='lat' dir='ltr'><strong>tempus</strong></span> <span class='ocrx_word' id='word_1_134' title='bbox 1051 1754 1247 1804; x_wconf 77' lang='lat' dir='ltr'><strong>vacant</strong></span> <span class='ocrx_word' id='word_1_135' title='bbox 1281 1749 1514 1804; x_wconf 87' lang='lat' dir='ltr'><strong>orationi</strong></span> <span class='ocrx_word' id='word_1_136' title='bbox 1550 1749 1615 1814; x_wconf 79' lang='grc' dir='ltr'><strong>⁸ο,</strong></span> <span class='ocrx_word' id='word_1_137' title='bbox 1663 1751 1807 1806; x_wconf 83' lang='lat' dir='ltr'><strong>velut</strong></span> <span class='ocrx_word' id='word_1_138' title='bbox 1837 1733 1880 1788; x_wconf 80' lang='grc' dir='ltr'><strong>Β</strong></span> <span class='ocrx_word' id='word_1_139' title='bbox 1909 1744 2138 1799; x_wconf 88' lang='lat' dir='ltr'><strong>formam</strong></span> <span class='ocrx_word' id='word_1_140' title='bbox 2163 1743 2257 1798; x_wconf 89' lang='lat' dir='ltr'><strong>tibi</strong></span> <span class='ocrx_word' id='word_1_141' title='bbox 2282 1743 2464 1798; x_wconf 70' lang='lat' dir='ltr'><strong>saeculi</strong></span> <span class='ocrx_word' id='word_1_142' title='bbox 2483 1745 2763 1813; x_wconf 64' lang='lat' dir='ltr'><strong>praesentis</strong></span> <span class='ocrx_word' id='word_1_143' title='bbox 2787 1745 3087 1814; x_wconf 90' lang='lat' dir='ltr'><strong>imponant.</strong></span> <span class='ocrx_word' id='word_1_144' title='bbox 3105 1743 3161 1798; x_wconf 90' lang='lat' dir='ltr'><strong>Si</strong></span> <span class='ocrx_word' id='word_1_145' title='bbox 3178 1758 3304 1798; x_wconf 91' lang='lat' dir='ltr'><strong>vero</strong></span> <span class='ocrx_word' id='word_1_146' title='bbox 3319 1756 3492 1798; x_wconf 84' lang='lat' dir='ltr'><strong>econ-</strong></span> 
     </span>
    </p>
   </div>
   <div class='ocr_carea' id='block_1_18' title="bbox 168 1839 1809 1908">
    <p class='ocr_par' dir='ltr' id='par_1_18' title="bbox 168 1839 1809 1908">
     <span class='ocr_line' id='line_1_18' title="bbox 168 1839 1809 1908; baseline 0.001 -14"><span class='ocrx_word' id='word_1_147' title='bbox 168 1839 618 1897; x_wconf 66' lang='lat' dir='ltr'><strong>Nazartnorum</strong></span> <span class='ocrx_word' id='word_1_148' title='bbox 665 1853 790 1898; x_wconf 88' lang='lat' dir='ltr'><strong>vota</strong></span> <span class='ocrx_word' id='word_1_149' title='bbox 839 1844 1136 1908; x_wconf 88' lang='lat' dir='ltr'><strong>solventes,</strong></span> <span class='ocrx_word' id='word_1_150' title='bbox 1184 1843 1230 1897; x_wconf 92' lang='lat' dir='ltr'><strong>si</strong></span> <span class='ocrx_word' id='word_1_151' title='bbox 1277 1842 1330 1896; x_wconf 91' lang='lat' dir='ltr'><strong>in</strong></span> <span class='ocrx_word' id='word_1_152' title='bbox 1377 1840 1589 1896; x_wconf 80' lang='lat' dir='ltr'><strong>caeteris</strong></span> <span class='ocrx_word' id='word_1_153' title='bbox 1617 1849 1809 1895; x_wconf 83' lang='lat' dir='ltr'><strong>sancte</strong></span> 
     </span>
    </p>
   </div>
   <div class='ocr_carea' id='block_1_19' title="bbox 170 2022 1807 2093">
    <p class='ocr_par' dir='ltr' id='par_1_19' title="bbox 170 2022 1807 2093">
     <span class='ocr_line' id='line_1_19' title="bbox 170 2022 1807 2093; baseline -0.001 -15"><span class='ocrx_word' id='word_1_154' title='bbox 170 2039 362 2091; x_wconf 83' lang='lat' dir='ltr'><strong>posse</strong></span> <span class='ocrx_word' id='word_1_155' title='bbox 424 2024 669 2079; x_wconf 78' lang='lat' dir='ltr'><strong>hostium</strong></span> <span class='ocrx_word' id='word_1_156' title='bbox 720 2027 990 2086; x_wconf 84' lang='lat' dir='ltr'><strong>viventem,</strong></span> <span class='ocrx_word' id='word_1_157' title='bbox 1023 2035 1283 2085; x_wconf 87' lang='lat' dir='ltr'><strong>sanetam,</strong></span> <span class='ocrx_word' id='word_1_158' title='bbox 1331 2022 1438 2076; x_wconf 89' lang='lat' dir='ltr'><strong>Deo</strong></span> <span class='ocrx_word' id='word_1_159' title='bbox 1479 2025 1807 2093; x_wconf 80' lang='lat' dir='ltr'><strong>placentem;</strong></span> 
     </span>
    </p>
   </div>
   <div class='ocr_carea' id='block_1_20' title="bbox 170 2115 1806 2187">
    <p class='ocr_par' dir='ltr' id='par_1_20' title="bbox 170 2115 1806 2187">
     <span class='ocr_line' id='line_1_20' title="bbox 170 2115 1806 2187; baseline 0.001 -19"><span class='ocrx_word' id='word_1_160' title='bbox 170 2129 288 2170; x_wconf 82' lang='lat' dir='ltr'><strong>nec</strong></span> <span class='ocrx_word' id='word_1_161' title='bbox 319 2130 572 2170; x_wconf 84' lang='lat' dir='ltr'><strong>rursum</strong></span> <span class='ocrx_word' id='word_1_162' title='bbox 613 2132 838 2186; x_wconf 84' lang='lat' dir='ltr'><strong>corpora</strong></span> <span class='ocrx_word' id='word_1_163' title='bbox 884 2117 1156 2187; x_wconf 80' lang='lat' dir='ltr'><strong>virginum</strong></span> <span class='ocrx_word' id='word_1_164' title='bbox 1198 2115 1282 2171; x_wconf 88' lang='lat' dir='ltr'><strong>vel</strong></span> <span class='ocrx_word' id='word_1_165' title='bbox 1315 2115 1736 2182; x_wconf 86' lang='lat' dir='ltr'><strong>continentium,</strong></span> <span class='ocrx_word' id='word_1_166' title='bbox 1763 2117 1806 2170; x_wconf 88' lang='lat' dir='ltr'><strong>si</strong></span> 
     </span>
    </p>
   </div>
   <div class='ocr_carea' id='block_1_21' title="bbox 175 2207 1812 2274">
    <p class='ocr_par' dir='ltr' id='par_1_21' title="bbox 175 2207 1812 2274">
     <span class='ocr_line' id='line_1_21' title="bbox 175 2207 1812 2274; baseline 0.003 -16"><span class='ocrx_word' id='word_1_167' title='bbox 175 2214 286 2258; x_wconf 81' lang='lat' dir='ltr'><strong>aut</strong></span> <span class='ocrx_word' id='word_1_168' title='bbox 331 2207 634 2274; x_wconf 71' lang='lat' dir='ltr'><strong>superbia:</strong></span> <span class='ocrx_word' id='word_1_169' title='bbox 673 2208 904 2272; x_wconf 80' lang='lat' dir='ltr'><strong>macula,</strong></span> <span class='ocrx_word' id='word_1_170' title='bbox 959 2217 1055 2262; x_wconf 88' lang='lat' dir='ltr'><strong>aut</strong></span> <span class='ocrx_word' id='word_1_171' title='bbox 1103 2207 1348 2262; x_wconf 69' lang='lat' dir='ltr'><strong>avaritiae</strong></span> <span class='ocrx_word' id='word_1_172' title='bbox 1378 2207 1662 2271; x_wconf 87' lang='lat' dir='ltr'><strong>sordibus,</strong></span> <span class='ocrx_word' id='word_1_173' title='bbox 1715 2219 1812 2263; x_wconf 88' lang='lat' dir='ltr'><strong>aut</strong></span> 
     </span>
    </p>
   </div>
   <div class='ocr_carea' id='block_1_22' title="bbox 1196 255 1808 340">
    <p class='ocr_par' dir='ltr' id='par_1_22' title="bbox 1196 265 1808 331">
     <span class='ocr_line' id='line_1_22' title="bbox 1196 265 1808 331; baseline -0.013 0"><span class='ocrx_word' id='word_1_174' title='bbox 1196 269 1551 331; x_wconf 74' lang='lat' dir='ltr'><strong>COMMENT.</strong></span> <span class='ocrx_word' id='word_1_175' title='bbox 1588 265 1657 325; x_wconf 62' lang='lat' dir='ltr'><strong>IN</strong></span> <span class='ocrx_word' id='word_1_176' title='bbox 1699 267 1808 324; x_wconf 76' lang='lat' dir='ltr'><strong>EPI</strong></span> 
     </span>
    </p>
   </div>
   <div class='ocr_carea' id='block_1_23' title="bbox 1916 255 3471 340">
    <p class='ocr_par' dir='ltr' id='par_1_23' title="bbox 1916 255 3471 340">
     <span class='ocr_line' id='line_1_23' title="bbox 1916 255 3471 340; baseline -0.021 -15"><span class='ocrx_word' id='word_1_177' title='bbox 1916 312 1922 326; x_wconf 91' lang='lat'>.</span> <span class='ocrx_word' id='word_1_178' title='bbox 1957 265 2048 322; x_wconf 82' lang='lat' dir='ltr'><strong>AD</strong></span> <span class='ocrx_word' id='word_1_179' title='bbox 2075 263 2242 320; x_wconf 74' lang='lat' dir='ltr'><strong>non.</strong></span> <span class='ocrx_word' id='word_1_180' title='bbox 2275 262 2402 316; x_wconf 84' lang='lat' dir='ltr'><strong>LIB.</strong></span> <span class='ocrx_word' id='word_1_181' title='bbox 2437 259 2528 316; x_wconf 75' lang='lat' dir='ltr'><strong>IX.</strong></span> <span class='ocrx_word' id='word_1_182' title='bbox 3149 285 3205 340; x_wconf 47' lang='grc' dir='ltr'><strong>ι</strong></span> <span class='ocrx_word' id='word_1_183' title='bbox 3337 255 3471 312; x_wconf 58' lang='grc' dir='ltr'><strong>,ευρ</strong></span> 
     </span>
    </p>
   </div>
   <div class='ocr_carea' id='block_1_24' title="bbox 1905 461 3474 547">
    <p class='ocr_par' dir='ltr' id='par_1_24' title="bbox 1905 461 3474 547">
     <span class='ocr_line' id='line_1_24' title="bbox 1905 461 3474 547; baseline -0.013 -16"><span class='ocrx_word' id='word_1_184' title='bbox 1905 489 2144 547; x_wconf 70' lang='lat' dir='ltr'><strong>praesens</strong></span> <span class='ocrx_word' id='word_1_185' title='bbox 2183 469 2465 532; x_wconf 68' lang='lat' dir='ltr'><strong>saeculum,</strong></span> <span class='ocrx_word' id='word_1_186' title='bbox 2515 477 2566 522; x_wconf 83' lang='lat' dir='ltr'><strong>et.</strong></span> <span class='ocrx_word' id='word_1_187' title='bbox 2606 482 2671 520; x_wconf 86' lang='lat' dir='ltr'><strong>ea</strong></span> <span class='ocrx_word' id='word_1_188' title='bbox 2719 479 2839 534; x_wconf 70' lang='lat' dir='ltr'><strong>qua:</strong></span> <span class='ocrx_word' id='word_1_189' title='bbox 2867 472 2991 518; x_wconf 91' lang='lat' dir='ltr'><strong>sunt</strong></span> <span class='ocrx_word' id='word_1_190' title='bbox 3025 463 3078 516; x_wconf 93' lang='lat' dir='ltr'><strong>in</strong></span> <span class='ocrx_word' id='word_1_191' title='bbox 3118 462 3218 515; x_wconf 81' lang='lat' dir='ltr'><strong>hoc</strong></span> <span class='ocrx_word' id='word_1_192' title='bbox 3254 461 3474 522; x_wconf 80' lang='lat' dir='ltr'><strong>ntundn,</strong></span> 
     </span>
    </p>
   </div>
   <div class='ocr_carea' id='block_1_25' title="bbox 1905 553 3476 624">
    <p class='ocr_par' dir='ltr' id='par_1_25' title="bbox 1905 553 3476 624">
     <span class='ocr_line' id='line_1_25' title="bbox 1905 553 3476 624; baseline -0.01 -3"><span class='ocrx_word' id='word_1_193' title='bbox 1905 565 2198 622; x_wconf 89' lang='lat' dir='ltr'><strong>secundum</strong></span> <span class='ocrx_word' id='word_1_194' title='bbox 2236 561 2469 616; x_wconf 86' lang='lat' dir='ltr'><strong>fortnam</strong></span> <span class='ocrx_word' id='word_1_195' title='bbox 2505 555 2687 612; x_wconf 70' lang='lat' dir='ltr'><strong>stt-culi</strong></span> <span class='ocrx_word' id='word_1_196' title='bbox 2739 553 3026 624; x_wconf 70' lang='lat' dir='ltr'><strong>praesentis</strong></span> <span class='ocrx_word' id='word_1_197' title='bbox 3062 561 3351 623; x_wconf 85' lang='lat' dir='ltr'><strong>aptantur:</strong></span> <span class='ocrx_word' id='word_1_198' title='bbox 3382 553 3476 621; x_wconf 88' lang='lat' dir='ltr'><strong>qui</strong></span> 
     </span>
    </p>
   </div>
   <div class='ocr_carea' id='block_1_26' title="bbox 1905 645 3474 722">
    <p class='ocr_par' dir='ltr' id='par_1_26' title="bbox 1905 645 3474 722">
     <span class='ocr_line' id='line_1_26' title="bbox 1905 645 3474 722; baseline -0.01 -11"><span class='ocrx_word' id='word_1_199' title='bbox 1905 671 2034 713; x_wconf 90' lang='lat' dir='ltr'><strong>vero</strong></span> <span class='ocrx_word' id='word_1_200' title='bbox 2058 671 2162 710; x_wconf 94' lang='lat' dir='ltr'><strong>non</strong></span> <span class='ocrx_word' id='word_1_201' title='bbox 2195 651 2495 722; x_wconf 82' lang='lat' dir='ltr'><strong>respiciunt</strong></span> <span class='ocrx_word' id='word_1_202' title='bbox 2523 663 2586 702; x_wconf 89' lang='lat' dir='ltr'><strong>ea</strong></span> <span class='ocrx_word' id='word_1_203' title='bbox 2621 663 2741 716; x_wconf 67' lang='lat' dir='ltr'><strong>quae</strong></span> <span class='ocrx_word' id='word_1_204' title='bbox 2784 646 3057 713; x_wconf 80' lang='lat' dir='ltr'><strong>videntur,</strong></span> <span class='ocrx_word' id='word_1_205' title='bbox 3097 645 3189 700; x_wconf 91' lang='lat' dir='ltr'><strong>sed</strong></span> <span class='ocrx_word' id='word_1_206' title='bbox 3219 659 3338 713; x_wconf 67' lang='lat' dir='ltr'><strong>qua:</strong></span> <span class='ocrx_word' id='word_1_207' title='bbox 3367 661 3474 698; x_wconf 89' lang='lat' dir='ltr'><strong>non</strong></span> 
     </span>
    </p>
   </div>
   <div class='ocr_carea' id='block_1_27' title="bbox 1903 735 3479 802">
    <p class='ocr_par' dir='ltr' id='par_1_27' title="bbox 1903 735 3479 802">
     <span class='ocr_line' id='line_1_27' title="bbox 1903 735 3479 802; baseline -0.01 0"><span class='ocrx_word' id='word_1_208' title='bbox 1903 747 2154 802; x_wconf 88' lang='lat' dir='ltr'><strong>videntur</strong></span> <span class='ocrx_word' id='word_1_209' title='bbox 2183 753 2238 799; x_wconf 88' lang='lat' dir='ltr'><strong>et</strong></span> <span class='ocrx_word' id='word_1_210' title='bbox 2265 753 2466 797; x_wconf 83' lang='lat' dir='ltr'><strong>:eterna</strong></span> <span class='ocrx_word' id='word_1_211' title='bbox 2486 748 2614 794; x_wconf 90' lang='lat' dir='ltr'><strong>sunt</strong></span> <span class='ocrx_word' id='word_1_212' title='bbox 2639 737 2706 800; x_wconf 80' lang='lat'><strong>&quot;,</strong></span> <span class='ocrx_word' id='word_1_213' title='bbox 2732 735 3189 790; x_wconf 78' lang='lat' dir='ltr'><strong>transformamur</strong></span> <span class='ocrx_word' id='word_1_214' title='bbox 3225 744 3283 788; x_wconf 89' lang='lat' dir='ltr'><strong>et</strong></span> <span class='ocrx_word' id='word_1_215' title='bbox 3318 750 3479 789; x_wconf 83' lang='lat' dir='ltr'><strong>reno-</strong></span> 
     </span>
    </p>
   </div>
   <div class='ocr_carea' id='block_1_28' title="bbox 1905 828 3479 893">
    <p class='ocr_par' dir='ltr' id='par_1_28' title="bbox 1905 828 3479 893">
     <span class='ocr_line' id='line_1_28' title="bbox 1905 828 3479 893; baseline -0.008 -2"><span class='ocrx_word' id='word_1_216' title='bbox 1905 846 2104 893; x_wconf 85' lang='lat' dir='ltr'><strong>vantur</strong></span> <span class='ocrx_word' id='word_1_217' title='bbox 2133 835 2198 889; x_wconf 90' lang='lat' dir='ltr'><strong>ad</strong></span> <span class='ocrx_word' id='word_1_218' title='bbox 2230 831 2399 887; x_wconf 91' lang='lat' dir='ltr'><strong>futuri</strong></span> <span class='ocrx_word' id='word_1_219' title='bbox 2428 829 2612 884; x_wconf 76' lang='lat' dir='ltr'><strong>saeculi</strong></span> <span class='ocrx_word' id='word_1_220' title='bbox 2644 829 2872 882; x_wconf 83' lang='lat' dir='ltr'><strong>formam</strong></span> <span class='ocrx_word' id='word_1_221' title='bbox 2906 844 2919 880; x_wconf 89' lang='lat'><strong>:</strong></span> <span class='ocrx_word' id='word_1_222' title='bbox 2957 836 3013 882; x_wconf 87' lang='lat' dir='ltr'><strong>et</strong></span> <span class='ocrx_word' id='word_1_223' title='bbox 3047 828 3175 881; x_wconf 91' lang='lat' dir='ltr'><strong>inde</strong></span> <span class='ocrx_word' id='word_1_224' title='bbox 3213 828 3269 880; x_wconf 88' lang='lat' dir='ltr'><strong>fit</strong></span> <span class='ocrx_word' id='word_1_225' title='bbox 3296 835 3357 880; x_wconf 89' lang='lat' dir='ltr'><strong>ut</strong></span> <span class='ocrx_word' id='word_1_226' title='bbox 3383 840 3479 880; x_wconf 89' lang='lat' dir='ltr'><strong>eos</strong></span> 
     </span>
    </p>
   </div>
   <div class='ocr_carea' id='block_1_29' title="bbox 1904 917 3482 998">
    <p class='ocr_par' dir='ltr' id='par_1_29' title="bbox 1904 917 3482 998">
     <span class='ocr_line' id='line_1_29' title="bbox 1904 917 3482 998; baseline -0.01 -16"><span class='ocrx_word' id='word_1_227' title='bbox 1904 943 2011 982; x_wconf 91' lang='lat' dir='ltr'><strong>non</strong></span> <span class='ocrx_word' id='word_1_228' title='bbox 2037 931 2298 998; x_wconf 82' lang='lat' dir='ltr'><strong>agnoscat</strong></span> <span class='ocrx_word' id='word_1_229' title='bbox 2331 921 2421 976; x_wconf 89' lang='lat' dir='ltr'><strong>hic</strong></span> <span class='ocrx_word' id='word_1_230' title='bbox 2453 919 2716 983; x_wconf 88' lang='lat' dir='ltr'><strong>mundus,</strong></span> <span class='ocrx_word' id='word_1_231' title='bbox 2751 919 2844 972; x_wconf 91' lang='lat' dir='ltr'><strong>sed</strong></span> <span class='ocrx_word' id='word_1_232' title='bbox 2875 917 3000 970; x_wconf 90' lang='lat' dir='ltr'><strong>odio</strong></span> <span class='ocrx_word' id='word_1_233' title='bbox 3031 917 3252 981; x_wconf 88' lang='lat' dir='ltr'><strong>habeat,</strong></span> <span class='ocrx_word' id='word_1_234' title='bbox 3280 926 3338 971; x_wconf 85' lang='lat' dir='ltr'><strong>et</strong></span> <span class='ocrx_word' id='word_1_235' title='bbox 3359 931 3482 986; x_wconf 84' lang='lat' dir='ltr'><strong>per-</strong></span> 
     </span>
    </p>
   </div>
   <div class='ocr_carea' id='block_1_30' title="bbox 1905 1005 3486 1088">
    <p class='ocr_par' dir='ltr' id='par_1_30' title="bbox 1905 1005 3486 1088">
     <span class='ocr_line' id='line_1_30' title="bbox 1905 1005 3486 1088; baseline -0.008 -14"><span class='ocrx_word' id='word_1_236' title='bbox 1905 1028 2164 1088; x_wconf 88' lang='lat' dir='ltr'><strong>sequatur</strong></span> <span class='ocrx_word' id='word_1_237' title='bbox 2191 1016 2255 1071; x_wconf 80' lang='grc'><strong>¹⁴⁵.</strong></span> <span class='ocrx_word' id='word_1_238' title='bbox 2282 1014 2392 1070; x_wconf 87' lang='lat' dir='ltr'><strong>Sed</strong></span> <span class='ocrx_word' id='word_1_239' title='bbox 2411 1021 2711 1082; x_wconf 80' lang='lat' dir='ltr'><strong>agnoscunt</strong></span> <span class='ocrx_word' id='word_1_240' title='bbox 2737 1009 2848 1080; x_wconf 85' lang='lat'><strong>(67)</strong></span> <span class='ocrx_word' id='word_1_241' title='bbox 2871 1009 3026 1063; x_wconf 87' lang='lat' dir='ltr'><strong>istam</strong></span> <span class='ocrx_word' id='word_1_242' title='bbox 3053 1007 3279 1062; x_wconf 87' lang='lat' dir='ltr'><strong>formam</strong></span> <span class='ocrx_word' id='word_1_243' title='bbox 3306 1005 3486 1075; x_wconf 78' lang='lat' dir='ltr'><strong>angeli</strong></span> 
     </span>
    </p>
   </div>
   <div class='ocr_carea' id='block_1_31' title="bbox 1906 1099 3484 1180">
    <p class='ocr_par' dir='ltr' id='par_1_31' title="bbox 1906 1099 3484 1180">
     <span class='ocr_line' id='line_1_31' title="bbox 1906 1099 3484 1180; baseline -0.007 -13"><span class='ocrx_word' id='word_1_244' title='bbox 1906 1111 2024 1175; x_wconf 91' lang='lat' dir='ltr'><strong>Dei,</strong></span> <span class='ocrx_word' id='word_1_245' title='bbox 2078 1109 2168 1180; x_wconf 89' lang='lat' dir='ltr'><strong>qui</strong></span> <span class='ocrx_word' id='word_1_246' title='bbox 2210 1115 2338 1164; x_wconf 85' lang='lat' dir='ltr'><strong>sunt</strong></span> <span class='ocrx_word' id='word_1_247' title='bbox 2398 1105 2465 1161; x_wconf 87' lang='lat' dir='ltr'><strong>de</strong></span> <span class='ocrx_word' id='word_1_248' title='bbox 2512 1102 2602 1158; x_wconf 91' lang='lat' dir='ltr'><strong>illo</strong></span> <span class='ocrx_word' id='word_1_249' title='bbox 2637 1101 2835 1157; x_wconf 68' lang='lat' dir='ltr'><strong>saeculo</strong></span> <span class='ocrx_word' id='word_1_250' title='bbox 2861 1109 3110 1156; x_wconf 89' lang='lat' dir='ltr'><strong>venturo.</strong></span> <span class='ocrx_word' id='word_1_251' title='bbox 3182 1100 3247 1156; x_wconf 85' lang='lat' dir='ltr'><strong>Et</strong></span> <span class='ocrx_word' id='word_1_252' title='bbox 3306 1099 3484 1157; x_wconf 86' lang='lat' dir='ltr'><strong>simile</strong></span> 
     </span>
    </p>
   </div>
   <div class='ocr_carea' id='block_1_32' title="bbox 1907 1192 3480 1264">
    <p class='ocr_par' dir='ltr' id='par_1_32' title="bbox 1907 1192 3480 1264">
     <span class='ocr_line' id='line_1_32' title="bbox 1907 1192 3480 1264; baseline -0.006 -7"><span class='ocrx_word' id='word_1_253' title='bbox 1907 1202 2038 1257; x_wconf 90' lang='lat' dir='ltr'><strong>mihi</strong></span> <span class='ocrx_word' id='word_1_254' title='bbox 2101 1199 2319 1255; x_wconf 87' lang='lat' dir='ltr'><strong>videtur</strong></span> <span class='ocrx_word' id='word_1_255' title='bbox 2373 1212 2497 1254; x_wconf 85' lang='lat' dir='ltr'><strong>esse</strong></span> <span class='ocrx_word' id='word_1_256' title='bbox 2541 1197 2644 1251; x_wconf 90' lang='lat' dir='ltr'><strong>hoc</strong></span> <span class='ocrx_word' id='word_1_257' title='bbox 2697 1195 2770 1250; x_wconf 92' lang='lat' dir='ltr'><strong>illi</strong></span> <span class='ocrx_word' id='word_1_258' title='bbox 2829 1196 2978 1251; x_wconf 89' lang='lat' dir='ltr'><strong>dicto</strong></span> <span class='ocrx_word' id='word_1_259' title='bbox 3021 1209 3130 1264; x_wconf 89' lang='lat' dir='ltr'><strong>quo</strong></span> <span class='ocrx_word' id='word_1_260' title='bbox 3178 1193 3296 1248; x_wconf 87' lang='lat' dir='ltr'><strong>ait:</strong></span> <span class='ocrx_word' id='word_1_261' title='bbox 3329 1192 3480 1249; x_wconf 81' lang='lat' dir='ltr'><strong>Sicut</strong></span> 
     </span>
    </p>
   </div>
   <div class='ocr_carea' id='block_1_33' title="bbox 1905 1287 3483 1360">
    <p class='ocr_par' dir='ltr' id='par_1_33' title="bbox 1905 1287 3483 1360">
     <span class='ocr_line' id='line_1_33' title="bbox 1905 1287 3483 1360; baseline -0.005 -14"><span class='ocrx_word' id='word_1_262' title='bbox 1905 1292 2231 1359; x_wconf 74' lang='lat' dir='ltr'><strong>portavimus</strong></span> <span class='ocrx_word' id='word_1_263' title='bbox 2259 1291 2541 1360; x_wconf 86' lang='lat' dir='ltr'><strong>imaginem</strong></span> <span class='ocrx_word' id='word_1_264' title='bbox 2569 1288 2765 1343; x_wconf 86' lang='lat' dir='ltr'><strong>terreni</strong></span> <span class='ocrx_word' id='word_1_265' title='bbox 2791 1329 2806 1354; x_wconf 92' lang='lat'><strong>,</strong></span> <span class='ocrx_word' id='word_1_266' title='bbox 2847 1297 3111 1350; x_wconf 76' lang='lat' dir='ltr'><strong>portemus</strong></span> <span class='ocrx_word' id='word_1_267' title='bbox 3133 1294 3180 1340; x_wconf 88' lang='lat' dir='ltr'><strong>et</strong></span> <span class='ocrx_word' id='word_1_268' title='bbox 3201 1287 3483 1352; x_wconf 82' lang='lat' dir='ltr'><strong>imaginem</strong></span> 
     </span>
    </p>
   </div>
   <div class='ocr_carea' id='block_1_34' title="bbox 1920 1371 3498 1456">
    <p class='ocr_par' dir='ltr' id='par_1_34' title="bbox 1920 1371 3498 1456">
     <span class='ocr_line' id='line_1_34' title="bbox 1920 1371 3498 1456; baseline 0.005 -27"><span class='ocrx_word' id='word_1_269' title='bbox 1920 1375 2142 1429; x_wconf 71' lang='lat' dir='ltr'><strong>celestis</strong></span> <span class='ocrx_word' id='word_1_270' title='bbox 2173 1374 2238 1426; x_wconf 78' lang='lat'><strong>&quot;.</strong></span> <span class='ocrx_word' id='word_1_271' title='bbox 2265 1371 2398 1428; x_wconf 82' lang='lat' dir='ltr'><strong>Vide</strong></span> <span class='ocrx_word' id='word_1_272' title='bbox 2425 1389 2554 1445; x_wconf 89' lang='lat' dir='ltr'><strong>ergo</strong></span> <span class='ocrx_word' id='word_1_273' title='bbox 2590 1390 2660 1430; x_wconf 87' lang='lat' dir='ltr'><strong>ne</strong></span> <span class='ocrx_word' id='word_1_274' title='bbox 2696 1375 2833 1430; x_wconf 87' lang='lat' dir='ltr'><strong>forte</strong></span> <span class='ocrx_word' id='word_1_275' title='bbox 2867 1392 2989 1430; x_wconf 89' lang='lat' dir='ltr'><strong>cum</strong></span> <span class='ocrx_word' id='word_1_276' title='bbox 3028 1380 3176 1434; x_wconf 87' lang='lat' dir='ltr'><strong>venit</strong></span> <span class='ocrx_word' id='word_1_277' title='bbox 3213 1381 3290 1436; x_wconf 90' lang='lat' dir='ltr'><strong>ira</strong></span> <span class='ocrx_word' id='word_1_278' title='bbox 3316 1382 3378 1438; x_wconf 88' lang='lat' dir='ltr'><strong>in</strong></span> <span class='ocrx_word' id='word_1_279' title='bbox 3403 1397 3498 1456; x_wconf 84' lang='lat' dir='ltr'><strong>eor</strong></span> 
     </span>
    </p>
   </div>
   <div class='ocr_carea' id='block_1_35' title="bbox 1919 1466 3498 1543">
    <p class='ocr_par' dir='ltr' id='par_1_35' title="bbox 1919 1466 3498 1543">
     <span class='ocr_line' id='line_1_35' title="bbox 1919 1466 3498 1543; baseline 0.006 -22"><span class='ocrx_word' id='word_1_280' title='bbox 1919 1475 2103 1533; x_wconf 73' lang='lat' dir='ltr'><strong>tuum,</strong></span> <span class='ocrx_word' id='word_1_281' title='bbox 2127 1466 2455 1522; x_wconf 75' lang='lat' dir='ltr'><strong>confortnem</strong></span> <span class='ocrx_word' id='word_1_282' title='bbox 2485 1474 2540 1521; x_wconf 84' lang='lat' dir='ltr'><strong>te</strong></span> <span class='ocrx_word' id='word_1_283' title='bbox 2571 1466 2733 1523; x_wconf 85' lang='lat' dir='ltr'><strong>faciat</strong></span> <span class='ocrx_word' id='word_1_284' title='bbox 2766 1469 2893 1523; x_wconf 91' lang='lat' dir='ltr'><strong>huic</strong></span> <span class='ocrx_word' id='word_1_285' title='bbox 2919 1472 3115 1527; x_wconf 68' lang='lat' dir='ltr'><strong>smculo</strong></span> <span class='ocrx_word' id='word_1_286' title='bbox 3146 1473 3256 1543; x_wconf 80' lang='lat'><strong>(6‘8)</strong></span> <span class='ocrx_word' id='word_1_287' title='bbox 3298 1491 3311 1526; x_wconf 91' lang='lat'>:</span> <span class='ocrx_word' id='word_1_288' title='bbox 3344 1471 3498 1530; x_wconf 72' lang='lat' dir='ltr'><strong>simi-</strong></span> 
     </span>
    </p>
   </div>
   <div class='ocr_carea' id='block_1_36' title="bbox 1917 1558 3494 1632">
    <p class='ocr_par' dir='ltr' id='par_1_36' title="bbox 1917 1558 3494 1632">
     <span class='ocr_line' id='line_1_36' title="bbox 1917 1558 3494 1632; baseline 0.004 -18"><span class='ocrx_word' id='word_1_289' title='bbox 1917 1558 2042 1614; x_wconf 88' lang='lat' dir='ltr'><strong>liter</strong></span> <span class='ocrx_word' id='word_1_290' title='bbox 2073 1568 2252 1615; x_wconf 88' lang='lat' dir='ltr'><strong>autem</strong></span> <span class='ocrx_word' id='word_1_291' title='bbox 2279 1568 2334 1615; x_wconf 88' lang='lat' dir='ltr'><strong>et</strong></span> <span class='ocrx_word' id='word_1_292' title='bbox 2357 1561 2794 1631; x_wconf 88' lang='lat' dir='ltr'><strong>concupiscentia</strong></span> <span class='ocrx_word' id='word_1_293' title='bbox 2824 1563 2961 1616; x_wconf 88' lang='lat' dir='ltr'><strong>mala</strong></span> <span class='ocrx_word' id='word_1_294' title='bbox 2983 1606 2997 1629; x_wconf 83' lang='lat'><strong>,</strong></span> <span class='ocrx_word' id='word_1_295' title='bbox 3025 1575 3081 1620; x_wconf 89' lang='lat' dir='ltr'><strong>et.</strong></span> <span class='ocrx_word' id='word_1_296' title='bbox 3112 1567 3355 1623; x_wconf 76' lang='lat' dir='ltr'><strong>avaritia.</strong></span> <span class='ocrx_word' id='word_1_297' title='bbox 3387 1583 3494 1632; x_wconf 67' lang='lat' dir='ltr'><strong>cte-</strong></span> 
     </span>
    </p>
   </div>
   <div class='ocr_carea' id='block_1_37' title="bbox 1913 1651 3496 1724">
    <p class='ocr_par' dir='ltr' id='par_1_37' title="bbox 1913 1651 3496 1724">
     <span class='ocr_line' id='line_1_37' title="bbox 1913 1651 3496 1724; baseline -0.003 -15"><span class='ocrx_word' id='word_1_298' title='bbox 1913 1663 2140 1724; x_wconf 89' lang='lat' dir='ltr'><strong>teraque</strong></span> <span class='ocrx_word' id='word_1_299' title='bbox 2176 1653 2309 1708; x_wconf 91' lang='lat' dir='ltr'><strong>vitia</strong></span> <span class='ocrx_word' id='word_1_300' title='bbox 2344 1653 2543 1724; x_wconf 89' lang='lat' dir='ltr'><strong>quibus</strong></span> <span class='ocrx_word' id='word_1_301' title='bbox 2575 1666 2819 1724; x_wconf 64' lang='lat' dir='ltr'><strong>praesens</strong></span> <span class='ocrx_word' id='word_1_302' title='bbox 2858 1651 3118 1708; x_wconf 60' lang='lat' dir='ltr'><strong>saeculum</strong></span> <span class='ocrx_word' id='word_1_303' title='bbox 3161 1651 3496 1717; x_wconf 71' lang='lat' dir='ltr'><strong>delectatur,</strong></span> 
     </span>
    </p>
   </div>
   <div class='ocr_carea' id='block_1_38' title="bbox 1678 1579 1810 1641">
    <p class='ocr_par' dir='ltr' id='par_1_38' title="bbox 1678 1579 1810 1641">
     <span class='ocr_line' id='line_1_38' title="bbox 1678 1579 1810 1641; baseline 0.023 -17"><span class='ocrx_word' id='word_1_304' title='bbox 1678 1579 1810 1641; x_wconf 90' lang='lat' dir='ltr'><strong>puto</strong></span> 
     </span>
    </p>
   </div>
   <div class='ocr_carea' id='block_1_39' title="bbox 1915 1834 3494 1904">
    <p class='ocr_par' dir='ltr' id='par_1_39' title="bbox 1915 1834 3494 1904">
     <span class='ocr_line' id='line_1_39' title="bbox 1915 1834 3494 1904; baseline -0.001 -15"><span class='ocrx_word' id='word_1_305' title='bbox 1915 1834 2080 1890; x_wconf 86' lang='lat' dir='ltr'><strong>trario</strong></span> <span class='ocrx_word' id='word_1_306' title='bbox 2123 1835 2498 1898; x_wconf 88' lang='lat' dir='ltr'><strong>mansuetudo,</strong></span> <span class='ocrx_word' id='word_1_307' title='bbox 2555 1835 2842 1904; x_wconf 86' lang='lat' dir='ltr'><strong>patientia,</strong></span> <span class='ocrx_word' id='word_1_308' title='bbox 2870 1835 3088 1898; x_wconf 86' lang='lat' dir='ltr'><strong>lenitas,</strong></span> <span class='ocrx_word' id='word_1_309' title='bbox 3127 1835 3494 1901; x_wconf 79' lang='lat' dir='ltr'><strong>continentia,</strong></span> 
     </span>
    </p>
   </div>
   <div class='ocr_carea' id='block_1_40' title="bbox 1911 1925 3490 1996">
    <p class='ocr_par' dir='ltr' id='par_1_40' title="bbox 1911 1925 3490 1996">
     <span class='ocr_line' id='line_1_40' title="bbox 1911 1925 3490 1996; baseline -0.001 -14"><span class='ocrx_word' id='word_1_310' title='bbox 1911 1927 2067 1990; x_wconf 82' lang='lat' dir='ltr'><strong>fides,</strong></span> <span class='ocrx_word' id='word_1_311' title='bbox 2094 1925 2322 1991; x_wconf 88' lang='lat' dir='ltr'><strong>veritas,</strong></span> <span class='ocrx_word' id='word_1_312' title='bbox 2345 1936 2666 1996; x_wconf 58' lang='lat' dir='ltr'><strong>centenaque</strong></span> <span class='ocrx_word' id='word_1_313' title='bbox 2695 1929 2928 1982; x_wconf 89' lang='lat' dir='ltr'><strong>virtutes</strong></span> <span class='ocrx_word' id='word_1_314' title='bbox 2968 1925 3213 1980; x_wconf 88' lang='lat' dir='ltr'><strong>habitent</strong></span> <span class='ocrx_word' id='word_1_315' title='bbox 3236 1927 3288 1980; x_wconf 94' lang='lat' dir='ltr'><strong>in</strong></span> <span class='ocrx_word' id='word_1_316' title='bbox 3321 1940 3490 1981; x_wconf 82' lang='lat' dir='ltr'><strong>sensu</strong></span> 
     </span>
    </p>
   </div>
   <div class='ocr_carea' id='block_1_41' title="bbox 1909 2016 3488 2089">
    <p class='ocr_par' dir='ltr' id='par_1_41' title="bbox 1909 2016 3488 2089">
     <span class='ocr_line' id='line_1_41' title="bbox 1909 2016 3488 2089; baseline 0.001 -19"><span class='ocrx_word' id='word_1_317' title='bbox 1909 2016 2072 2089; x_wconf 63' lang='lat'><strong>645</strong></span> <span class='ocrx_word' id='word_1_318' title='bbox 2091 2028 2200 2084; x_wconf 92' lang='lat' dir='ltr'><strong>tuo,</strong></span> <span class='ocrx_word' id='word_1_319' title='bbox 2228 2018 2561 2072; x_wconf 85' lang='lat' dir='ltr'><strong>conformem</strong></span> <span class='ocrx_word' id='word_1_320' title='bbox 2595 2027 2645 2072; x_wconf 91' lang='lat' dir='ltr'><strong>te</strong></span> <span class='ocrx_word' id='word_1_321' title='bbox 2675 2017 2840 2073; x_wconf 87' lang='lat' dir='ltr'><strong>futuri</strong></span> <span class='ocrx_word' id='word_1_322' title='bbox 2867 2017 3048 2072; x_wconf 73' lang='lat' dir='ltr'><strong>smculi</strong></span> <span class='ocrx_word' id='word_1_323' title='bbox 3085 2017 3305 2085; x_wconf 82' lang='lat' dir='ltr'><strong>facient,</strong></span> <span class='ocrx_word' id='word_1_324' title='bbox 3328 2027 3382 2072; x_wconf 91' lang='lat' dir='ltr'><strong>et</strong></span> <span class='ocrx_word' id='word_1_325' title='bbox 3413 2018 3488 2072; x_wconf 82' lang='lat' dir='ltr'><strong>ita</strong></span> 
     </span>
    </p>
   </div>
   <div class='ocr_carea' id='block_1_42' title="bbox 1911 2109 3486 2180">
    <p class='ocr_par' dir='ltr' id='par_1_42' title="bbox 1911 2109 3486 2180">
     <span class='ocr_line' id='line_1_42' title="bbox 1911 2109 3486 2180; baseline 0 -17"><span class='ocrx_word' id='word_1_326' title='bbox 1911 2111 2189 2180; x_wconf 85' lang='lat' dir='ltr'><strong>pulchram</strong></span> <span class='ocrx_word' id='word_1_327' title='bbox 2212 2109 2409 2163; x_wconf 76' lang='lat' dir='ltr'><strong>anima:</strong></span> <span class='ocrx_word' id='word_1_328' title='bbox 2427 2121 2528 2164; x_wconf 74' lang='lat' dir='ltr'><strong>tuac</strong></span> <span class='ocrx_word' id='word_1_329' title='bbox 2545 2112 2782 2178; x_wconf 88' lang='lat' dir='ltr'><strong>speciem</strong></span> <span class='ocrx_word' id='word_1_330' title='bbox 2806 2110 3052 2175; x_wconf 86' lang='lat' dir='ltr'><strong>reddent,</strong></span> <span class='ocrx_word' id='word_1_331' title='bbox 3070 2118 3128 2164; x_wconf 94' lang='lat' dir='ltr'><strong>ut</strong></span> <span class='ocrx_word' id='word_1_332' title='bbox 3143 2109 3376 2164; x_wconf 83' lang='lat' dir='ltr'><strong>Verbqu</strong></span> <span class='ocrx_word' id='word_1_333' title='bbox 3393 2109 3486 2163; x_wconf 92' lang='lat' dir='ltr'><strong>Dei</strong></span> 
     </span>
    </p>
   </div>
   <div class='ocr_carea' id='block_1_43' title="bbox 1913 2201 3486 2271">
    <p class='ocr_par' dir='ltr' id='par_1_43' title="bbox 1913 2201 3486 2271">
     <span class='ocr_line' id='line_1_43' title="bbox 1913 2201 3486 2271; baseline -0.001 -18"><span class='ocrx_word' id='word_1_334' title='bbox 1913 2202 2060 2271; x_wconf 91' lang='lat' dir='ltr'><strong>quod</strong></span> <span class='ocrx_word' id='word_1_335' title='bbox 2095 2201 2381 2269; x_wconf 84' lang='lat' dir='ltr'><strong>despondit</strong></span> <span class='ocrx_word' id='word_1_336' title='bbox 2410 2214 2528 2254; x_wconf 68' lang='lat' dir='ltr'><strong>eam</strong></span> <span class='ocrx_word' id='word_1_337' title='bbox 2567 2202 2668 2256; x_wconf 89' lang='lat' dir='ltr'><strong>sibi</strong></span> <span class='ocrx_word' id='word_1_338' title='bbox 2706 2204 2758 2256; x_wconf 91' lang='lat' dir='ltr'><strong>in</strong></span> <span class='ocrx_word' id='word_1_339' title='bbox 2795 2201 3169 2257; x_wconf 88' lang='lat' dir='ltr'><strong>misericordia</strong></span> <span class='ocrx_word' id='word_1_340' title='bbox 3194 2201 3237 2232; x_wconf 81' lang='grc'><strong>¹⁸</strong></span> <span class='ocrx_word' id='word_1_341' title='bbox 3266 2209 3319 2255; x_wconf 89' lang='lat' dir='ltr'><strong>et</strong></span> <span class='ocrx_word' id='word_1_342' title='bbox 3359 2201 3486 2263; x_wconf 80' lang='lat' dir='ltr'><strong>fide,</strong></span> 
     </span>
    </p>
   </div>
   <div class='ocr_carea' id='block_1_44' title="bbox 1914 2289 3487 2364">
    <p class='ocr_par' dir='ltr' id='par_1_44' title="bbox 1914 2289 3487 2364">
     <span class='ocr_line' id='line_1_44' title="bbox 1914 2289 3487 2364; baseline 0.001 -19"><span class='ocrx_word' id='word_1_343' title='bbox 1914 2293 2060 2347; x_wconf 87' lang='lat' dir='ltr'><strong>dicat</strong></span> <span class='ocrx_word' id='word_1_344' title='bbox 2091 2293 2158 2348; x_wconf 90' lang='lat' dir='ltr'><strong>ad</strong></span> <span class='ocrx_word' id='word_1_345' title='bbox 2199 2306 2318 2346; x_wconf 89' lang='lat' dir='ltr'><strong>eam</strong></span> <span class='ocrx_word' id='word_1_346' title='bbox 2348 2305 2364 2345; x_wconf 89' lang='lat'><strong>:</strong></span> <span class='ocrx_word' id='word_1_347' title='bbox 2398 2289 2529 2345; x_wconf 86' lang='lat' dir='ltr'><strong>Tota</strong></span> <span class='ocrx_word' id='word_1_348' title='bbox 2560 2309 2613 2346; x_wconf 87' lang='lat' dir='ltr'><strong>es</strong></span> <span class='ocrx_word' id='word_1_349' title='bbox 2650 2293 2904 2361; x_wconf 79' lang='lat' dir='ltr'><strong>formosa,</strong></span> <span class='ocrx_word' id='word_1_350' title='bbox 2935 2292 3178 2361; x_wconf 76' lang='lat' dir='ltr'><strong>proxima</strong></span> <span class='ocrx_word' id='word_1_351' title='bbox 3205 2307 3320 2345; x_wconf 89' lang='lat' dir='ltr'><strong>mea</strong></span> <span class='ocrx_word' id='word_1_352' title='bbox 3345 2291 3487 2364; x_wconf 84' lang='lat'><strong>(69),</strong></span> 
     </span>
    </p>
   </div>
   <div class='ocr_carea' id='block_1_45' title="bbox 1914 2383 3490 2453">
    <p class='ocr_par' dir='ltr' id='par_1_45' title="bbox 1914 2383 3490 2453">
     <span class='ocr_line' id='line_1_45' title="bbox 1914 2383 3490 2453; baseline 0 -15"><span class='ocrx_word' id='word_1_353' title='bbox 1914 2394 1963 2438; x_wconf 85' lang='lat' dir='ltr'><strong>et</strong></span> <span class='ocrx_word' id='word_1_354' title='bbox 1985 2383 2192 2437; x_wconf 81' lang='lat' dir='ltr'><strong>macula</strong></span> <span class='ocrx_word' id='word_1_355' title='bbox 2214 2401 2317 2438; x_wconf 84' lang='lat' dir='ltr'><strong>non</strong></span> <span class='ocrx_word' id='word_1_356' title='bbox 2347 2396 2421 2439; x_wconf 87' lang='lat' dir='ltr'><strong>est</strong></span> <span class='ocrx_word' id='word_1_357' title='bbox 2454 2387 2509 2439; x_wconf 85' lang='lat' dir='ltr'><strong>in</strong></span> <span class='ocrx_word' id='word_1_358' title='bbox 2541 2397 2590 2438; x_wconf 87' lang='lat' dir='ltr'><strong>te</strong></span> <span class='ocrx_word' id='word_1_359' title='bbox 2606 2385 2670 2438; x_wconf 70' lang='lat'><strong>‘7.</strong></span> <span class='ocrx_word' id='word_1_360' title='bbox 2705 2383 2929 2438; x_wconf 89' lang='lat' dir='ltr'><strong>Intende</strong></span> <span class='ocrx_word' id='word_1_361' title='bbox 2967 2393 3144 2438; x_wconf 88' lang='lat' dir='ltr'><strong>autem</strong></span> <span class='ocrx_word' id='word_1_362' title='bbox 3175 2383 3490 2453; x_wconf 78' lang='lat' dir='ltr'><strong>diligentius</strong></span> 
     </span>
    </p>
   </div>
   <div class='ocr_carea' id='block_1_46' title="bbox 1915 2474 3488 2546">
    <p class='ocr_par' dir='ltr' id='par_1_46' title="bbox 1915 2474 3488 2546">
     <span class='ocr_line' id='line_1_46' title="bbox 1915 2474 3488 2546; baseline 0 -18"><span class='ocrx_word' id='word_1_363' title='bbox 1915 2474 2058 2543; x_wconf 88' lang='lat' dir='ltr'><strong>quod</strong></span> <span class='ocrx_word' id='word_1_364' title='bbox 2091 2475 2168 2529; x_wconf 88' lang='lat' dir='ltr'><strong>ait</strong></span> <span class='ocrx_word' id='word_1_365' title='bbox 2197 2493 2212 2530; x_wconf 87' lang='lat'><strong>:</strong></span> <span class='ocrx_word' id='word_1_366' title='bbox 2246 2475 2354 2531; x_wconf 91' lang='lat' dir='ltr'><strong>Sed</strong></span> <span class='ocrx_word' id='word_1_367' title='bbox 2387 2475 2748 2546; x_wconf 77' lang='lat' dir='ltr'><strong>reformamini</strong></span> <span class='ocrx_word' id='word_1_368' title='bbox 2797 2475 3130 2529; x_wconf 80' lang='lat' dir='ltr'><strong>renovatione</strong></span> <span class='ocrx_word' id='word_1_369' title='bbox 3181 2491 3364 2529; x_wconf 83' lang='lat' dir='ltr'><strong>sensus</strong></span> <span class='ocrx_word' id='word_1_370' title='bbox 3409 2491 3488 2529; x_wconf 88' lang='lat' dir='ltr'><strong>ve-</strong></span> 
     </span>
    </p>
   </div>
   <div class='ocr_carea' id='block_1_47' title="bbox 181 1931 1808 2003">
    <p class='ocr_par' dir='ltr' id='par_1_47' title="bbox 181 1931 1808 2003">
     <span class='ocr_line' id='line_1_47' title="bbox 181 1931 1808 2003; baseline 0.001 -19"><span class='ocrx_word' id='word_1_371' title='bbox 181 1941 380 2002; x_wconf 81' lang='lat' dir='ltr'><strong>agant</strong></span> <span class='ocrx_word' id='word_1_372' title='bbox 412 1943 478 1988; x_wconf 89' lang='lat' dir='ltr'><strong>ct</strong></span> <span class='ocrx_word' id='word_1_373' title='bbox 512 1933 685 2003; x_wconf 86' lang='lat' dir='ltr'><strong>juste,</strong></span> <span class='ocrx_word' id='word_1_374' title='bbox 713 1933 945 2003; x_wconf 78' lang='lat' dir='ltr'><strong>negandi</strong></span> <span class='ocrx_word' id='word_1_375' title='bbox 979 1942 1104 1988; x_wconf 90' lang='lat' dir='ltr'><strong>sunt</strong></span> <span class='ocrx_word' id='word_1_376' title='bbox 1144 1946 1369 2000; x_wconf 87' lang='lat' dir='ltr'><strong>corpora</strong></span> <span class='ocrx_word' id='word_1_377' title='bbox 1409 1947 1505 1985; x_wconf 87' lang='lat' dir='ltr'><strong>sua</strong></span> <span class='ocrx_word' id='word_1_378' title='bbox 1550 1931 1808 1986; x_wconf 83' lang='lat' dir='ltr'><strong>exhibere</strong></span> 
     </span>
    </p>
   </div>
   <div class='ocr_carea' id='block_1_48' title="bbox 181 2295 1813 2366">
    <p class='ocr_par' dir='ltr' id='par_1_48' title="bbox 181 2295 1813 2366">
     <span class='ocr_line' id='line_1_48' title="bbox 181 2295 1813 2366; baseline 0.001 -18"><span class='ocrx_word' id='word_1_379' title='bbox 181 2295 411 2366; x_wconf 81' lang='lat' dir='ltr'><strong>lingua:</strong></span> <span class='ocrx_word' id='word_1_380' title='bbox 447 2296 762 2362; x_wconf 60' lang='lat' dir='ltr'><strong>maledicta,</strong></span> <span class='ocrx_word' id='word_1_381' title='bbox 791 2298 874 2350; x_wconf 87' lang='lat' dir='ltr'><strong>vel</strong></span> <span class='ocrx_word' id='word_1_382' title='bbox 900 2298 1170 2353; x_wconf 88' lang='lat' dir='ltr'><strong>mendacii</strong></span> <span class='ocrx_word' id='word_1_383' title='bbox 1192 2297 1534 2352; x_wconf 88' lang='lat' dir='ltr'><strong>immttnditia</strong></span> <span class='ocrx_word' id='word_1_384' title='bbox 1563 2297 1813 2366; x_wconf 87' lang='lat' dir='ltr'><strong>polluan-</strong></span> 
     </span>
    </p>
   </div>
   <div class='ocr_carea' id='block_1_49' title="bbox 190 2387 1810 2459">
    <p class='ocr_par' dir='ltr' id='par_1_49' title="bbox 190 2387 1810 2459">
     <span class='ocr_line' id='line_1_49' title="bbox 190 2387 1810 2459; baseline 0.003 -20"><span class='ocrx_word' id='word_1_385' title='bbox 190 2396 322 2450; x_wconf 86' lang='lat' dir='ltr'><strong>tur,</strong></span> <span class='ocrx_word' id='word_1_386' title='bbox 363 2389 621 2442; x_wconf 90' lang='lat' dir='ltr'><strong>hostiam</strong></span> <span class='ocrx_word' id='word_1_387' title='bbox 676 2398 922 2443; x_wconf 87' lang='lat' dir='ltr'><strong>sanctam</strong></span> <span class='ocrx_word' id='word_1_388' title='bbox 976 2399 1032 2446; x_wconf 91' lang='lat' dir='ltr'><strong>et</strong></span> <span class='ocrx_word' id='word_1_389' title='bbox 1082 2389 1192 2444; x_wconf 88' lang='lat' dir='ltr'><strong>Deo</strong></span> <span class='ocrx_word' id='word_1_390' title='bbox 1238 2387 1540 2459; x_wconf 87' lang='lat' dir='ltr'><strong>placentem</strong></span> <span class='ocrx_word' id='word_1_391' title='bbox 1585 2390 1810 2458; x_wconf 89' lang='lat' dir='ltr'><strong>putandi</strong></span> 
     </span>
    </p>
   </div>
   <div class='ocr_carea' id='block_1_50' title="bbox 194 2479 1810 2552">
    <p class='ocr_par' dir='ltr' id='par_1_50' title="bbox 194 2479 1810 2552">
     <span class='ocr_line' id='line_1_50' title="bbox 194 2479 1810 2552; baseline 0.002 -18"><span class='ocrx_word' id='word_1_392' title='bbox 194 2489 343 2534; x_wconf 83' lang='lat' dir='ltr'><strong>sunt</strong></span> <span class='ocrx_word' id='word_1_393' title='bbox 402 2494 482 2534; x_wconf 81' lang='lat' dir='ltr'><strong>ex</strong></span> <span class='ocrx_word' id='word_1_394' title='bbox 539 2480 654 2536; x_wconf 88' lang='lat' dir='ltr'><strong>sola</strong></span> <span class='ocrx_word' id='word_1_395' title='bbox 700 2480 1015 2550; x_wconf 78' lang='lat' dir='ltr'><strong>virginitate</strong></span> <span class='ocrx_word' id='word_1_396' title='bbox 1063 2481 1177 2552; x_wconf 77' lang='lat'><strong>(65)</strong></span> <span class='ocrx_word' id='word_1_397' title='bbox 1227 2479 1479 2549; x_wconf 83' lang='lat' dir='ltr'><strong>corporis</strong></span> <span class='ocrx_word' id='word_1_398' title='bbox 1513 2479 1810 2538; x_wconf 88' lang='lat' dir='ltr'><strong>obtulisse:</strong></span> 
     </span>
    </p>
   </div>
   <div class='ocr_carea' id='block_1_51' title="bbox 201 2571 1814 2642">
    <p class='ocr_par' dir='ltr' id='par_1_51' title="bbox 201 2571 1814 2642">
     <span class='ocr_line' id='line_1_51' title="bbox 201 2571 1814 2642; baseline 0.004 -18"><span class='ocrx_word' id='word_1_399' title='bbox 201 2571 349 2640; x_wconf 86' lang='lat' dir='ltr'><strong>quia</strong></span> <span class='ocrx_word' id='word_1_400' title='bbox 385 2571 522 2626; x_wconf 89' lang='lat' dir='ltr'><strong>etin</strong></span> <span class='ocrx_word' id='word_1_401' title='bbox 546 2571 666 2642; x_wconf 87' lang='lat' dir='ltr'><strong>lege</strong></span> <span class='ocrx_word' id='word_1_402' title='bbox 692 2571 869 2627; x_wconf 82' lang='lat' dir='ltr'><strong>hostia</strong></span> <span class='ocrx_word' id='word_1_403' title='bbox 895 2587 1021 2629; x_wconf 90' lang='lat' dir='ltr'><strong>cum</strong></span> <span class='ocrx_word' id='word_1_404' title='bbox 1066 2572 1381 2636; x_wconf 69' lang='lat' dir='ltr'><strong>offerretur,</strong></span> <span class='ocrx_word' id='word_1_405' title='bbox 1423 2572 1814 2642; x_wconf 83' lang='lat' dir='ltr'><strong>inspiciebatur</strong></span> 
     </span>
    </p>
   </div>
   <div class='ocr_carea' id='block_1_52' title="bbox 203 2661 1815 2735">
    <p class='ocr_par' dir='ltr' id='par_1_52' title="bbox 203 2661 1815 2735">
     <span class='ocr_line' id='line_1_52' title="bbox 203 2661 1815 2735; baseline 0.003 -18"><span class='ocrx_word' id='word_1_406' title='bbox 203 2677 240 2717; x_wconf 81' lang='lat' dir='ltr'><strong>a</strong></span> <span class='ocrx_word' id='word_1_407' title='bbox 275 2661 587 2718; x_wconf 83' lang='lat' dir='ltr'><strong>sacerdote</strong></span> <span class='ocrx_word' id='word_1_408' title='bbox 620 2664 933 2735; x_wconf 87' lang='lat' dir='ltr'><strong>diligentius</strong></span> <span class='ocrx_word' id='word_1_409' title='bbox 993 2681 1099 2722; x_wconf 90' lang='lat' dir='ltr'><strong>non</strong></span> <span class='ocrx_word' id='word_1_410' title='bbox 1146 2666 1320 2723; x_wconf 90' lang='lat' dir='ltr'><strong>solum</strong></span> <span class='ocrx_word' id='word_1_411' title='bbox 1376 2669 1420 2723; x_wconf 89' lang='lat' dir='ltr'><strong>si</strong></span> <span class='ocrx_word' id='word_1_412' title='bbox 1470 2683 1534 2723; x_wconf 80' lang='lat' dir='ltr'><strong>ex</strong></span> <span class='ocrx_word' id='word_1_413' title='bbox 1598 2667 1815 2722; x_wconf 89' lang='lat' dir='ltr'><strong>mundis</strong></span> 
     </span>
    </p>
   </div>
   <div class='ocr_carea' id='block_1_53' title="bbox 207 2755 1814 2822">
    <p class='ocr_par' dir='ltr' id='par_1_53' title="bbox 207 2755 1814 2822">
     <span class='ocr_line' id='line_1_53' title="bbox 207 2755 1814 2822; baseline 0.003 -14"><span class='ocrx_word' id='word_1_414' title='bbox 207 2762 370 2809; x_wconf 76' lang='lat' dir='ltr'><strong>esset</strong></span> <span class='ocrx_word' id='word_1_415' title='bbox 429 2755 790 2822; x_wconf 85' lang='lat' dir='ltr'><strong>animalibus,</strong></span> <span class='ocrx_word' id='word_1_416' title='bbox 841 2757 936 2812; x_wconf 88' lang='lat' dir='ltr'><strong>sed</strong></span> <span class='ocrx_word' id='word_1_417' title='bbox 991 2772 1060 2812; x_wconf 90' lang='lat' dir='ltr'><strong>ne</strong></span> <span class='ocrx_word' id='word_1_418' title='bbox 1119 2768 1214 2813; x_wconf 91' lang='lat' dir='ltr'><strong>aut</strong></span> <span class='ocrx_word' id='word_1_419' title='bbox 1269 2760 1319 2812; x_wconf 91' lang='lat' dir='ltr'><strong>in</strong></span> <span class='ocrx_word' id='word_1_420' title='bbox 1363 2759 1525 2814; x_wconf 92' lang='lat' dir='ltr'><strong>oculo</strong></span> <span class='ocrx_word' id='word_1_421' title='bbox 1583 2758 1814 2814; x_wconf 88' lang='lat' dir='ltr'><strong>haberet</strong></span> 
     </span>
    </p>
   </div>
   <div class='ocr_carea' id='block_1_54' title="bbox 210 2844 1812 2919">
    <p class='ocr_par' dir='ltr' id='par_1_54' title="bbox 210 2844 1812 2919">
     <span class='ocr_line' id='line_1_54' title="bbox 210 2844 1812 2919; baseline 0.005 -24"><span class='ocrx_word' id='word_1_422' title='bbox 210 2844 446 2908; x_wconf 84' lang='lat' dir='ltr'><strong>vitium,</strong></span> <span class='ocrx_word' id='word_1_423' title='bbox 479 2846 650 2900; x_wconf 88' lang='lat' dir='ltr'><strong>autin</strong></span> <span class='ocrx_word' id='word_1_424' title='bbox 683 2847 929 2914; x_wconf 88' lang='lat' dir='ltr'><strong>auribus,</strong></span> <span class='ocrx_word' id='word_1_425' title='bbox 961 2857 1055 2902; x_wconf 90' lang='lat' dir='ltr'><strong>aut</strong></span> <span class='ocrx_word' id='word_1_426' title='bbox 1080 2848 1133 2902; x_wconf 92' lang='lat' dir='ltr'><strong>in</strong></span> <span class='ocrx_word' id='word_1_427' title='bbox 1160 2849 1412 2919; x_wconf 89' lang='lat' dir='ltr'><strong>pedibus,</strong></span> <span class='ocrx_word' id='word_1_428' title='bbox 1446 2865 1513 2905; x_wconf 89' lang='lat' dir='ltr'><strong>ne</strong></span> <span class='ocrx_word' id='word_1_429' title='bbox 1533 2849 1812 2916; x_wconf 90' lang='lat' dir='ltr'><strong>claudum,</strong></span> 
     </span>
    </p>
   </div>
   <div class='ocr_carea' id='block_1_55' title="bbox 213 2935 1814 3011">
    <p class='ocr_par' dir='ltr' id='par_1_55' title="bbox 213 2935 1814 3011">
     <span class='ocr_line' id='line_1_55' title="bbox 213 2935 1814 3011; baseline 0.005 -23"><span class='ocrx_word' id='word_1_430' title='bbox 213 2951 290 2991; x_wconf 78' lang='lat' dir='ltr'><strong>ne</strong></span> <span class='ocrx_word' id='word_1_431' title='bbox 325 2935 568 3002; x_wconf 86' lang='lat' dir='ltr'><strong>luscum,</strong></span> <span class='ocrx_word' id='word_1_432' title='bbox 598 2951 665 2991; x_wconf 90' lang='lat' dir='ltr'><strong>ne</strong></span> <span class='ocrx_word' id='word_1_433' title='bbox 686 2937 916 2992; x_wconf 88' lang='lat' dir='ltr'><strong>surdum</strong></span> <span class='ocrx_word' id='word_1_434' title='bbox 951 2939 1150 2993; x_wconf 89' lang='lat' dir='ltr'><strong>animal</strong></span> <span class='ocrx_word' id='word_1_435' title='bbox 1196 2939 1310 3011; x_wconf 69' lang='grc'>(64)</span> <span class='ocrx_word' id='word_1_436' title='bbox 1340 2941 1524 2995; x_wconf 87' lang='lat' dir='ltr'><strong>divino</strong></span> <span class='ocrx_word' id='word_1_437' title='bbox 1553 2941 1814 2996; x_wconf 81' lang='lat' dir='ltr'><strong>admove-</strong></span> 
     </span>
    </p>
   </div>
   <div class='ocr_carea' id='block_1_56' title="bbox 216 3027 1882 3112">
    <p class='ocr_par' dir='ltr' id='par_1_56' title="bbox 216 3027 1882 3112">
     <span class='ocr_line' id='line_1_56' title="bbox 216 3027 1882 3112; baseline 0.001 -30"><span class='ocrx_word' id='word_1_438' title='bbox 216 3036 381 3082; x_wconf 72' lang='lat' dir='ltr'><strong>retur</strong></span> <span class='ocrx_word' id='word_1_439' title='bbox 413 3028 573 3082; x_wconf 90' lang='lat' dir='ltr'><strong>altari</strong></span> <span class='ocrx_word' id='word_1_440' title='bbox 602 3028 669 3085; x_wconf 88' lang='lat'><strong>&quot;.</strong></span> <span class='ocrx_word' id='word_1_441' title='bbox 703 3027 795 3082; x_wconf 90' lang='lat' dir='ltr'><strong>Sic</strong></span> <span class='ocrx_word' id='word_1_442' title='bbox 828 3043 961 3099; x_wconf 89' lang='lat' dir='ltr'><strong>ergo</strong></span> <span class='ocrx_word' id='word_1_443' title='bbox 1000 3044 1097 3098; x_wconf 91' lang='lat' dir='ltr'><strong>per</strong></span> <span class='ocrx_word' id='word_1_444' title='bbox 1134 3031 1316 3084; x_wconf 86' lang='lat' dir='ltr'><strong>omnia</strong></span> <span class='ocrx_word' id='word_1_445' title='bbox 1355 3033 1598 3086; x_wconf 88' lang='lat' dir='ltr'><strong>membra</strong></span> <span class='ocrx_word' id='word_1_446' title='bbox 1633 3031 1814 3086; x_wconf 84' lang='lat' dir='ltr'><strong>discu—</strong></span> <span class='ocrx_word' id='word_1_447' title='bbox 1839 3054 1882 3112; x_wconf 68' lang='grc' dir='ltr'>ο</span> 
     </span>
    </p>
   </div>
   <div class='ocr_carea' id='block_1_57' title="bbox 217 3121 1814 3191">
    <p class='ocr_par' dir='ltr' id='par_1_57' title="bbox 217 3121 1814 3191">
     <span class='ocr_line' id='line_1_57' title="bbox 217 3121 1814 3191; baseline 0.004 -18"><span class='ocrx_word' id='word_1_448' title='bbox 217 3121 362 3174; x_wconf 87' lang='lat' dir='ltr'><strong>titur</strong></span> <span class='ocrx_word' id='word_1_449' title='bbox 410 3130 466 3174; x_wconf 94' lang='lat' dir='ltr'><strong>et</strong></span> <span class='ocrx_word' id='word_1_450' title='bbox 512 3129 882 3189; x_wconf 86' lang='lat' dir='ltr'><strong>pertractatur</strong></span> <span class='ocrx_word' id='word_1_451' title='bbox 935 3121 1117 3175; x_wconf 89' lang='lat' dir='ltr'><strong>hostia</strong></span> <span class='ocrx_word' id='word_1_452' title='bbox 1170 3121 1381 3187; x_wconf 83' lang='lat' dir='ltr'><strong>vivens,</strong></span> <span class='ocrx_word' id='word_1_453' title='bbox 1437 3135 1650 3191; x_wconf 88' lang='lat' dir='ltr'><strong>sancta,</strong></span> <span class='ocrx_word' id='word_1_454' title='bbox 1707 3125 1814 3179; x_wconf 86' lang='lat' dir='ltr'><strong>Deo</strong></span> 
     </span>
    </p>
   </div>
   <div class='ocr_carea' id='block_1_58' title="bbox 220 3211 1815 3280">
    <p class='ocr_par' dir='ltr' id='par_1_58' title="bbox 220 3211 1815 3280">
     <span class='ocr_line' id='line_1_58' title="bbox 220 3211 1815 3280; baseline 0.003 -14"><span class='ocrx_word' id='word_1_455' title='bbox 220 3212 478 3280; x_wconf 80' lang='lat' dir='ltr'><strong>placens,</strong></span> <span class='ocrx_word' id='word_1_456' title='bbox 507 3227 627 3280; x_wconf 62' lang='lat' dir='ltr'><strong>quae</strong></span> <span class='ocrx_word' id='word_1_457' title='bbox 665 3211 1061 3267; x_wconf 88' lang='lat' dir='ltr'><strong>rationabiliter</strong></span> <span class='ocrx_word' id='word_1_458' title='bbox 1081 3212 1356 3267; x_wconf 84' lang='lat' dir='ltr'><strong>oﬂerenda</strong></span> <span class='ocrx_word' id='word_1_459' title='bbox 1403 3222 1506 3268; x_wconf 86' lang='lat' dir='ltr'><strong>est.</strong></span> <span class='ocrx_word' id='word_1_460' title='bbox 1553 3214 1618 3268; x_wconf 73' lang='lat' dir='ltr'><strong>Et</strong></span> <span class='ocrx_word' id='word_1_461' title='bbox 1653 3215 1815 3271; x_wconf 83' lang='lat' dir='ltr'><strong>nolite</strong></span> 
     </span>
    </p>
   </div>
   <div class='ocr_carea' id='block_1_59' title="bbox 219 3303 1816 3373">
    <p class='ocr_par' dir='ltr' id='par_1_59' title="bbox 219 3303 1816 3373">
     <span class='ocr_line' id='line_1_59' title="bbox 219 3303 1816 3373; baseline 0.002 -17"><span class='ocrx_word' id='word_1_462' title='bbox 219 3303 558 3372; x_wconf 76' lang='lat' dir='ltr'><strong>conformari</strong></span> <span class='ocrx_word' id='word_1_463' title='bbox 606 3303 728 3355; x_wconf 82' lang='lat' dir='ltr'><strong>huic</strong></span> <span class='ocrx_word' id='word_1_464' title='bbox 767 3304 1004 3368; x_wconf 81' lang='lat' dir='ltr'><strong>swculo;</strong></span> <span class='ocrx_word' id='word_1_465' title='bbox 1043 3305 1134 3357; x_wconf 84' lang='lat' dir='ltr'><strong>sed</strong></span> <span class='ocrx_word' id='word_1_466' title='bbox 1182 3305 1546 3373; x_wconf 75' lang='lat' dir='ltr'><strong>reformamini</strong></span> <span class='ocrx_word' id='word_1_467' title='bbox 1589 3322 1816 3360; x_wconf 83' lang='lat' dir='ltr'><strong>renova-</strong></span> 
     </span>
    </p>
   </div>
   <div class='ocr_carea' id='block_1_60' title="bbox 226 3392 1813 3463">
    <p class='ocr_par' dir='ltr' id='par_1_60' title="bbox 226 3392 1813 3463">
     <span class='ocr_line' id='line_1_60' title="bbox 226 3392 1813 3463; baseline 0 -17"><span class='ocrx_word' id='word_1_468' title='bbox 226 3393 376 3447; x_wconf 85' lang='lat' dir='ltr'><strong>tione</strong></span> <span class='ocrx_word' id='word_1_469' title='bbox 402 3408 587 3446; x_wconf 85' lang='lat' dir='ltr'><strong>sensus</strong></span> <span class='ocrx_word' id='word_1_470' title='bbox 621 3392 800 3456; x_wconf 84' lang='lat' dir='ltr'><strong>vestri,</strong></span> <span class='ocrx_word' id='word_1_471' title='bbox 833 3400 891 3444; x_wconf 88' lang='lat' dir='ltr'><strong>ut</strong></span> <span class='ocrx_word' id='word_1_472' title='bbox 921 3393 1143 3459; x_wconf 85' lang='lat' dir='ltr'><strong>probetis</strong></span> <span class='ocrx_word' id='word_1_473' title='bbox 1175 3409 1294 3463; x_wconf 75' lang='lat' dir='ltr'><strong>qua:</strong></span> <span class='ocrx_word' id='word_1_474' title='bbox 1328 3395 1396 3446; x_wconf 90' lang='lat' dir='ltr'><strong>sit</strong></span> <span class='ocrx_word' id='word_1_475' title='bbox 1428 3393 1668 3447; x_wconf 88' lang='lat' dir='ltr'><strong>voluntas</strong></span> <span class='ocrx_word' id='word_1_476' title='bbox 1692 3394 1813 3458; x_wconf 86' lang='lat' dir='ltr'><strong>Dei,</strong></span> 
     </span>
    </p>
   </div>
   <div class='ocr_carea' id='block_1_61' title="bbox 227 3482 1811 3554">
    <p class='ocr_par' dir='ltr' id='par_1_61' title="bbox 227 3482 1811 3554">
     <span class='ocr_line' id='line_1_61' title="bbox 227 3482 1811 3554; baseline 0.004 -20"><span class='ocrx_word' id='word_1_477' title='bbox 227 3483 373 3551; x_wconf 82' lang='lat' dir='ltr'><strong>quod</strong></span> <span class='ocrx_word' id='word_1_478' title='bbox 398 3482 611 3548; x_wconf 88' lang='lat' dir='ltr'><strong>bonum,</strong></span> <span class='ocrx_word' id='word_1_479' title='bbox 641 3493 688 3535; x_wconf 89' lang='lat' dir='ltr'><strong>et</strong></span> <span class='ocrx_word' id='word_1_480' title='bbox 725 3483 1132 3548; x_wconf 82' lang='lat' dir='ltr'><strong>beneplacitum,</strong></span> <span class='ocrx_word' id='word_1_481' title='bbox 1177 3493 1224 3536; x_wconf 90' lang='lat' dir='ltr'><strong>et</strong></span> <span class='ocrx_word' id='word_1_482' title='bbox 1261 3484 1548 3552; x_wconf 75' lang='lat' dir='ltr'><strong>perfectum</strong></span> <span class='ocrx_word' id='word_1_483' title='bbox 1588 3485 1630 3516; x_wconf 82' lang='grc'>¹²</span> <span class='ocrx_word' id='word_1_484' title='bbox 1673 3482 1811 3554; x_wconf 79' lang='grc'>(65).</span> 
     </span>
    </p>
   </div>
   <div class='ocr_carea' id='block_1_62' title="bbox 234 3572 1814 3642">
    <p class='ocr_par' dir='ltr' id='par_1_62' title="bbox 234 3572 1814 3642">
     <span class='ocr_line' id='line_1_62' title="bbox 234 3572 1814 3642; baseline 0.003 -18"><span class='ocrx_word' id='word_1_485' title='bbox 234 3572 534 3627; x_wconf 83' lang='lat' dir='ltr'><strong>Sciendum</strong></span> <span class='ocrx_word' id='word_1_486' title='bbox 567 3574 813 3642; x_wconf 87' lang='lat' dir='ltr'><strong>estquod</strong></span> <span class='ocrx_word' id='word_1_487' title='bbox 849 3573 900 3625; x_wconf 91' lang='lat' dir='ltr'><strong>in</strong></span> <span class='ocrx_word' id='word_1_488' title='bbox 942 3572 1134 3628; x_wconf 79' lang='lat' dir='ltr'><strong>Cra-co</strong></span> <span class='ocrx_word' id='word_1_489' title='bbox 1178 3574 1407 3628; x_wconf 87' lang='lat' dir='ltr'><strong>habetur</strong></span> <span class='ocrx_word' id='word_1_490' title='bbox 1443 3597 1454 3630; x_wconf 89' lang='lat'><strong>:</strong></span> <span class='ocrx_word' id='word_1_491' title='bbox 1488 3574 1558 3628; x_wconf 89' lang='lat' dir='ltr'><strong>Ut</strong></span> <span class='ocrx_word' id='word_1_492' title='bbox 1588 3576 1814 3642; x_wconf 85' lang='lat' dir='ltr'><strong>probetis</strong></span> 
     </span>
    </p>
   </div>
   <div class='ocr_carea' id='block_1_63' title="bbox 230 3662 1808 3734">
    <p class='ocr_par' dir='ltr' id='par_1_63' title="bbox 230 3662 1808 3734">
     <span class='ocr_line' id='line_1_63' title="bbox 230 3662 1808 3734; baseline 0.004 -21"><span class='ocrx_word' id='word_1_493' title='bbox 230 3677 356 3730; x_wconf 70' lang='lat' dir='ltr'><strong>quae</strong></span> <span class='ocrx_word' id='word_1_494' title='bbox 386 3663 451 3714; x_wconf 89' lang='lat' dir='ltr'><strong>sit</strong></span> <span class='ocrx_word' id='word_1_495' title='bbox 471 3662 708 3716; x_wconf 81' lang='lat' dir='ltr'><strong>voluntas</strong></span> <span class='ocrx_word' id='word_1_496' title='bbox 738 3663 833 3716; x_wconf 87' lang='lat' dir='ltr'><strong>Dei</strong></span> <span class='ocrx_word' id='word_1_497' title='bbox 856 3663 1012 3727; x_wconf 89' lang='lat' dir='ltr'><strong>bona,</strong></span> <span class='ocrx_word' id='word_1_498' title='bbox 1032 3673 1079 3718; x_wconf 89' lang='lat' dir='ltr'><strong>et</strong></span> <span class='ocrx_word' id='word_1_499' title='bbox 1103 3664 1450 3733; x_wconf 83' lang='lat' dir='ltr'><strong>beneplacita,</strong></span> <span class='ocrx_word' id='word_1_500' title='bbox 1481 3674 1530 3718; x_wconf 83' lang='lat' dir='ltr'><strong>et</strong></span> <span class='ocrx_word' id='word_1_501' title='bbox 1558 3665 1808 3734; x_wconf 77' lang='lat' dir='ltr'><strong>perfecta.</strong></span> 
     </span>
    </p>
   </div>
   <div class='ocr_carea' id='block_1_64' title="bbox 235 3751 1808 3825">
    <p class='ocr_par' dir='ltr' id='par_1_64' title="bbox 235 3751 1808 3825">
     <span class='ocr_line' id='line_1_64' title="bbox 235 3751 1808 3825; baseline 0.004 -20"><span class='ocrx_word' id='word_1_502' title='bbox 235 3751 347 3806; x_wconf 78' lang='lat' dir='ltr'><strong>Sed</strong></span> <span class='ocrx_word' id='word_1_503' title='bbox 379 3767 496 3816; x_wconf 88' lang='lat' dir='ltr'><strong>nos,</strong></span> <span class='ocrx_word' id='word_1_504' title='bbox 529 3751 655 3820; x_wconf 89' lang='lat' dir='ltr'><strong>quia</strong></span> <span class='ocrx_word' id='word_1_505' title='bbox 689 3768 826 3808; x_wconf 90' lang='lat' dir='ltr'><strong>unus</strong></span> <span class='ocrx_word' id='word_1_506' title='bbox 848 3753 900 3807; x_wconf 92' lang='lat' dir='ltr'><strong>in</strong></span> <span class='ocrx_word' id='word_1_507' title='bbox 934 3764 1162 3824; x_wconf 85' lang='lat' dir='ltr'><strong>utroque</strong></span> <span class='ocrx_word' id='word_1_508' title='bbox 1188 3765 1368 3825; x_wconf 91' lang='lat' dir='ltr'><strong>potest</strong></span> <span class='ocrx_word' id='word_1_509' title='bbox 1397 3771 1589 3810; x_wconf 86' lang='lat' dir='ltr'><strong>sensus</strong></span> <span class='ocrx_word' id='word_1_510' title='bbox 1615 3757 1808 3822; x_wconf 86' lang='lat' dir='ltr'><strong>videri,</strong></span> 
     </span>
    </p>
   </div>
   <div class='ocr_carea' id='block_1_65' title="bbox 233 3843 1810 3915">
    <p class='ocr_par' dir='ltr' id='par_1_65' title="bbox 233 3843 1810 3915">
     <span class='ocr_line' id='line_1_65' title="bbox 233 3843 1810 3915; baseline 0.004 -21"><span class='ocrx_word' id='word_1_511' title='bbox 233 3843 684 3897; x_wconf 78' lang='lat' dir='ltr'><strong>consuetudinem</strong></span> <span class='ocrx_word' id='word_1_512' title='bbox 753 3846 1030 3915; x_wconf 89' lang='lat' dir='ltr'><strong>sequimur</strong></span> <span class='ocrx_word' id='word_1_513' title='bbox 1093 3845 1432 3902; x_wconf 84' lang='lat' dir='ltr'><strong>Latinorum.</strong></span> <span class='ocrx_word' id='word_1_514' title='bbox 1490 3847 1671 3902; x_wconf 88' lang='lat' dir='ltr'><strong>Nolite</strong></span> <span class='ocrx_word' id='word_1_515' title='bbox 1718 3864 1810 3903; x_wconf 81' lang='lat' dir='ltr'><strong>cr-</strong></span> 
     </span>
    </p>
   </div>
   <div class='ocr_carea' id='block_1_66' title="bbox 236 3934 1814 4012">
    <p class='ocr_par' dir='ltr' id='par_1_66' title="bbox 236 3934 1814 4012">
     <span class='ocr_line' id='line_1_66' title="bbox 236 3934 1814 4012; baseline 0.006 -25"><span class='ocrx_word' id='word_1_516' title='bbox 236 3950 308 4003; x_wconf 80' lang='lat' dir='ltr'><strong>go</strong></span> <span class='ocrx_word' id='word_1_517' title='bbox 343 3934 476 4006; x_wconf 86' lang='lat'><strong>(66),</strong></span> <span class='ocrx_word' id='word_1_518' title='bbox 524 3936 737 4004; x_wconf 82' lang='lat' dir='ltr'><strong>inquit,</strong></span> <span class='ocrx_word' id='word_1_519' title='bbox 777 3938 1102 4007; x_wconf 80' lang='lat' dir='ltr'><strong>conformari</strong></span> <span class='ocrx_word' id='word_1_520' title='bbox 1147 3940 1273 3993; x_wconf 76' lang='lat' dir='ltr'><strong>huic</strong></span> <span class='ocrx_word' id='word_1_521' title='bbox 1322 3941 1538 3996; x_wconf 75' lang='lat' dir='ltr'><strong>swculo.</strong></span> <span class='ocrx_word' id='word_1_522' title='bbox 1590 3941 1646 3995; x_wconf 89' lang='lat' dir='ltr'><strong>ln</strong></span> <span class='ocrx_word' id='word_1_523' title='bbox 1705 3957 1814 4012; x_wconf 90' lang='lat' dir='ltr'><strong>quo</strong></span> 
     </span>
    </p>
   </div>
   <div class='ocr_carea' id='block_1_67' title="bbox 235 4027 1822 4102">
    <p class='ocr_par' dir='ltr' id='par_1_67' title="bbox 235 4027 1822 4102">
     <span class='ocr_line' id='line_1_67' title="bbox 235 4027 1822 4102; baseline 0.005 -22"><span class='ocrx_word' id='word_1_524' title='bbox 235 4027 478 4082; x_wconf 86' lang='lat' dir='ltr'><strong>ostendit</strong></span> <span class='ocrx_word' id='word_1_525' title='bbox 532 4041 653 4084; x_wconf 86' lang='lat' dir='ltr'><strong>esse</strong></span> <span class='ocrx_word' id='word_1_526' title='bbox 689 4031 980 4100; x_wconf 89' lang='lat' dir='ltr'><strong>quamdam</strong></span> <span class='ocrx_word' id='word_1_527' title='bbox 1012 4029 1241 4088; x_wconf 91' lang='lat' dir='ltr'><strong>formam</strong></span> <span class='ocrx_word' id='word_1_528' title='bbox 1287 4032 1451 4102; x_wconf 87' lang='lat' dir='ltr'><strong>hujus</strong></span> <span class='ocrx_word' id='word_1_529' title='bbox 1491 4033 1713 4099; x_wconf 68' lang='lat' dir='ltr'><strong>saeculi,</strong></span> <span class='ocrx_word' id='word_1_530' title='bbox 1763 4042 1822 4088; x_wconf 88' lang='lat' dir='ltr'><strong>et</strong></span> 
     </span>
    </p>
   </div>
   <div class='ocr_carea' id='block_1_68' title="bbox 307 4190 1258 4265">
    <p class='ocr_par' dir='ltr' id='par_1_68' title="bbox 307 4190 1258 4265">
     <span class='ocr_line' id='line_1_68' title="bbox 307 4190 1258 4265; baseline 0.007 -22"><span class='ocrx_word' id='word_1_531' title='bbox 307 4192 331 4224; x_wconf 84' lang='grc'><strong>⁹</strong></span> <span class='ocrx_word' id='word_1_532' title='bbox 381 4190 670 4265; x_wconf 56' lang='lat' dir='ltr'><strong>Levium,</strong></span> <span class='ocrx_word' id='word_1_533' title='bbox 710 4193 860 4257; x_wconf 72' lang='lat'><strong>5.13,</strong></span> <span class='ocrx_word' id='word_1_534' title='bbox 901 4194 994 4256; x_wconf 66' lang='grc' dir='ltr'><strong>Ἡ.</strong></span> <span class='ocrx_word' id='word_1_535' title='bbox 1024 4196 1092 4249; x_wconf 75' lang='grc'>27</span> <span class='ocrx_word' id='word_1_536' title='bbox 1141 4210 1258 4265; x_wconf 86' lang='lat' dir='ltr'><strong>seq.</strong></span> 
     </span>
    </p>
   </div>
   <div class='ocr_carea' id='block_1_69' title="bbox 235 4263 1143 4331">
    <p class='ocr_par' dir='ltr' id='par_1_69' title="bbox 235 4263 1143 4331">
     <span class='ocr_line' id='line_1_69' title="bbox 235 4263 1143 4331; baseline 0.006 -15"><span class='ocrx_word' id='word_1_537' title='bbox 235 4275 325 4331; x_wconf 87' lang='lat' dir='ltr'><strong>tv,</strong></span> <span class='ocrx_word' id='word_1_538' title='bbox 373 4263 461 4319; x_wconf 89' lang='grc'><strong>18.</strong></span> <span class='ocrx_word' id='word_1_539' title='bbox 541 4264 585 4296; x_wconf 70' lang='grc'><strong><em>⁸⁵</em></strong></span> <span class='ocrx_word' id='word_1_540' title='bbox 614 4263 768 4319; x_wconf 81' lang='lat' dir='ltr'><strong>Joan.</strong></span> <span class='ocrx_word' id='word_1_541' title='bbox 802 4278 888 4330; x_wconf 80' lang='lat' dir='ltr'><strong>sv,</strong></span> <span class='ocrx_word' id='word_1_542' title='bbox 938 4265 1024 4331; x_wconf 85' lang='grc'><strong>19,</strong></span> <span class='ocrx_word' id='word_1_543' title='bbox 1051 4266 1143 4321; x_wconf 70' lang='lat'><strong>20.</strong></span> 
     </span>
    </p>
   </div>
   <div class='ocr_carea' id='block_1_70' title="bbox 311 4398 1028 4468">
    <p class='ocr_par' dir='ltr' id='par_1_70' title="bbox 311 4398 1028 4468">
     <span class='ocr_line' id='line_1_70' title="bbox 311 4398 1028 4468; baseline 0.01 -15"><span class='ocrx_word' id='word_1_544' title='bbox 311 4398 420 4468; x_wconf 88' lang='lat'><strong>(6|)</strong></span> <span class='ocrx_word' id='word_1_545' title='bbox 458 4400 610 4456; x_wconf 85' lang='lat' dir='ltr'><strong>Deest</strong></span> <span class='ocrx_word' id='word_1_546' title='bbox 637 4403 735 4457; x_wconf 86' lang='lat' dir='ltr'><strong>hoc</strong></span> <span class='ocrx_word' id='word_1_547' title='bbox 762 4403 814 4458; x_wconf 91' lang='lat' dir='ltr'><strong>in</strong></span> <span class='ocrx_word' id='word_1_548' title='bbox 848 4405 1028 4460; x_wconf 90' lang='lat' dir='ltr'><strong>editis.</strong></span> 
     </span>
    </p>
   </div>
   <div class='ocr_carea' id='block_1_71' title="bbox 317 4470 1275 4544">
    <p class='ocr_par' dir='ltr' id='par_1_71' title="bbox 317 4470 1275 4544">
     <span class='ocr_line' id='line_1_71' title="bbox 317 4470 1275 4544; baseline 0.009 -23"><span class='ocrx_word' id='word_1_549' title='bbox 317 4470 430 4544; x_wconf 55' lang='grc' dir='ltr'>(βξ)</span> <span class='ocrx_word' id='word_1_550' title='bbox 462 4470 626 4544; x_wconf 7' lang='lat' dir='ltr'><strong>Edidi,</strong></span> <span class='ocrx_word' id='word_1_551' title='bbox 650 4475 794 4540; x_wconf 81' lang='lat' dir='ltr'><strong>prius</strong></span> <span class='ocrx_word' id='word_1_552' title='bbox 816 4475 1050 4544; x_wconf 83' lang='lat' dir='ltr'><strong>ordinem</strong></span> <span class='ocrx_word' id='word_1_553' title='bbox 1092 4476 1275 4544; x_wconf 81' lang='lat' dir='ltr'><strong>possit.</strong></span> 
     </span>
    </p>
   </div>
   <div class='ocr_carea' id='block_1_72' title="bbox 315 4537 1806 4612">
    <p class='ocr_par' dir='ltr' id='par_1_72' title="bbox 315 4537 1806 4612">
     <span class='ocr_line' id='line_1_72' title="bbox 315 4537 1806 4612; baseline 0.01 -23"><span class='ocrx_word' id='word_1_554' title='bbox 315 4537 428 4612; x_wconf 57' lang='lat'><strong>(6&#39;6)</strong></span> <span class='ocrx_word' id='word_1_555' title='bbox 465 4539 630 4612; x_wconf 72' lang='lat' dir='ltr'><strong>Editi,</strong></span> <span class='ocrx_word' id='word_1_556' title='bbox 651 4537 902 4596; x_wconf 68' lang='lat' dir='ltr'><strong>putanda</strong></span> <span class='ocrx_word' id='word_1_557' title='bbox 940 4553 1060 4597; x_wconf 88' lang='lat' dir='ltr'><strong>sunt</strong></span> <span class='ocrx_word' id='word_1_558' title='bbox 1092 4537 1172 4598; x_wconf 72' lang='grc' dir='ltr'><strong>ἐπ</strong></span> <span class='ocrx_word' id='word_1_559' title='bbox 1197 4544 1311 4599; x_wconf 89' lang='lat' dir='ltr'><strong>sola</strong></span> <span class='ocrx_word' id='word_1_560' title='bbox 1347 4546 1672 4612; x_wconf 85' lang='lat' dir='ltr'><strong>virginitate,</strong></span> <span class='ocrx_word' id='word_1_561' title='bbox 1695 4557 1806 4604; x_wconf 83' lang='lat' dir='ltr'><strong>etc.</strong></span> 
     </span>
    </p>
   </div>
   <div class='ocr_carea' id='block_1_73' title="bbox 317 4608 1804 4682">
    <p class='ocr_par' dir='ltr' id='par_1_73' title="bbox 317 4608 1804 4682">
     <span class='ocr_line' id='line_1_73' title="bbox 317 4608 1804 4682; baseline 0.003 -16"><span class='ocrx_word' id='word_1_562' title='bbox 317 4608 425 4682; x_wconf 68' lang='grc'>(61)</span> <span class='ocrx_word' id='word_1_563' title='bbox 478 4610 576 4682; x_wconf 79' lang='lat' dir='ltr'><strong>Ms.</strong></span> <span class='ocrx_word' id='word_1_564' title='bbox 615 4611 811 4679; x_wconf 79' lang='lat' dir='ltr'><strong>Regius</strong></span> <span class='ocrx_word' id='word_1_565' title='bbox 853 4629 1006 4669; x_wconf 88' lang='lat' dir='ltr'><strong>num.</strong></span> <span class='ocrx_word' id='word_1_566' title='bbox 1039 4614 1198 4678; x_wconf 67' lang='lat'><strong>1659,</strong></span> <span class='ocrx_word' id='word_1_567' title='bbox 1239 4626 1386 4670; x_wconf 88' lang='lat' dir='ltr'><strong>recte</strong></span> <span class='ocrx_word' id='word_1_568' title='bbox 1406 4608 1522 4679; x_wconf 73' lang='grc' dir='ltr'><strong>,ἰιε</strong></span> <span class='ocrx_word' id='word_1_569' title='bbox 1553 4608 1804 4682; x_wconf 81' lang='lat' dir='ltr'><strong>surdum;</strong></span> 
     </span>
    </p>
   </div>
   <div class='ocr_carea' id='block_1_74' title="bbox 242 4680 1804 4754">
    <p class='ocr_par' dir='ltr' id='par_1_74' title="bbox 242 4680 1804 4754">
     <span class='ocr_line' id='line_1_74' title="bbox 242 4680 1804 4754; baseline 0.004 -20"><span class='ocrx_word' id='word_1_570' title='bbox 242 4687 303 4734; x_wconf 88' lang='lat' dir='ltr'><strong>et</strong></span> <span class='ocrx_word' id='word_1_571' title='bbox 336 4680 472 4754; x_wconf 76' lang='lat' dir='ltr'><strong>hanc</strong></span> <span class='ocrx_word' id='word_1_572' title='bbox 516 4680 828 4754; x_wconf 57' lang='lat' dir='ltr'><strong>lectioni-tm</strong></span> <span class='ocrx_word' id='word_1_573' title='bbox 847 4684 1129 4754; x_wconf 80' lang='lat' dir='ltr'><strong>confirmat</strong></span> <span class='ocrx_word' id='word_1_574' title='bbox 1175 4686 1317 4752; x_wconf 89' lang='lat' dir='ltr'><strong>quod</strong></span> <span class='ocrx_word' id='word_1_575' title='bbox 1363 4700 1521 4754; x_wconf 87' lang='lat' dir='ltr'><strong>supra</strong></span> <span class='ocrx_word' id='word_1_576' title='bbox 1567 4680 1804 4750; x_wconf 80' lang='lat' dir='ltr'><strong>dicitur,</strong></span> 
     </span>
    </p>
   </div>
   <div class='ocr_carea' id='block_1_75' title="bbox 245 4749 1804 4816">
    <p class='ocr_par' dir='ltr' id='par_1_75' title="bbox 245 4749 1804 4816">
     <span class='ocr_line' id='line_1_75' title="bbox 245 4749 1804 4816; baseline 0.007 -17"><span class='ocrx_word' id='word_1_577' title='bbox 245 4757 337 4800; x_wconf 90' lang='lat' dir='ltr'><strong>aut</strong></span> <span class='ocrx_word' id='word_1_578' title='bbox 387 4750 442 4802; x_wconf 87' lang='lat' dir='ltr'><strong>in</strong></span> <span class='ocrx_word' id='word_1_579' title='bbox 497 4751 737 4804; x_wconf 87' lang='lat' dir='ltr'><strong>auribus.</strong></span> <span class='ocrx_word' id='word_1_580' title='bbox 788 4749 986 4806; x_wconf 73' lang='lat' dir='ltr'><strong>Caeteri</strong></span> <span class='ocrx_word' id='word_1_581' title='bbox 1054 4749 1207 4806; x_wconf 50' lang='lat' dir='ltr'><strong>vero&#39;</strong></span> <span class='ocrx_word' id='word_1_582' title='bbox 1241 4769 1394 4816; x_wconf 91' lang='lat' dir='ltr'><strong>mss.,</strong></span> <span class='ocrx_word' id='word_1_583' title='bbox 1431 4749 1709 4810; x_wconf 49' lang='lat' dir='ltr'><strong>&#39;Rabanus</strong></span> <span class='ocrx_word' id='word_1_584' title='bbox 1749 4749 1804 4810; x_wconf 85' lang='lat' dir='ltr'><strong>et</strong></span> 
     </span>
    </p>
   </div>
   <div class='ocr_carea' id='block_1_76' title="bbox 247 4819 1801 4892">
    <p class='ocr_par' dir='ltr' id='par_1_76' title="bbox 247 4819 1801 4892">
     <span class='ocr_line' id='line_1_76' title="bbox 247 4819 1801 4892; baseline 0.005 -22"><span class='ocrx_word' id='word_1_585' title='bbox 247 4819 372 4892; x_wconf 81' lang='lat' dir='ltr'><strong>editi</strong></span> <span class='ocrx_word' id='word_1_586' title='bbox 409 4819 520 4881; x_wconf 81' lang='lat' dir='ltr'><strong>alii,</strong></span> <span class='ocrx_word' id='word_1_587' title='bbox 556 4836 618 4892; x_wconf 74' lang='lat' dir='ltr'><strong>ne</strong></span> <span class='ocrx_word' id='word_1_588' title='bbox 648 4822 847 4874; x_wconf 84' lang='lat' dir='ltr'><strong>vulsum</strong></span> <span class='ocrx_word' id='word_1_589' title='bbox 873 4822 1094 4892; x_wconf 81' lang='lat' dir='ltr'><strong>animal,</strong></span> <span class='ocrx_word' id='word_1_590' title='bbox 1116 4822 1187 4876; x_wconf 86' lang='lat' dir='ltr'><strong>al.</strong></span> <span class='ocrx_word' id='word_1_591' title='bbox 1229 4840 1292 4876; x_wconf 88' lang='lat' dir='ltr'><strong>ne</strong></span> <span class='ocrx_word' id='word_1_592' title='bbox 1317 4824 1555 4879; x_wconf 82' lang='lat' dir='ltr'><strong>avulsum</strong></span> <span class='ocrx_word' id='word_1_593' title='bbox 1580 4827 1801 4892; x_wconf 88' lang='lat' dir='ltr'><strong>anintal,</strong></span> 
     </span>
    </p>
   </div>
   <div class='ocr_carea' id='block_1_77' title="bbox 250 4887 1694 4950">
    <p class='ocr_par' dir='ltr' id='par_1_77' title="bbox 250 4887 1694 4950">
     <span class='ocr_line' id='line_1_77' title="bbox 250 4887 1694 4950; baseline 0.008 -12"><span class='ocrx_word' id='word_1_594' title='bbox 250 4887 320 4941; x_wconf 86' lang='lat' dir='ltr'><strong>al.</strong></span> <span class='ocrx_word' id='word_1_595' title='bbox 367 4904 431 4941; x_wconf 89' lang='lat' dir='ltr'><strong>ne</strong></span> <span class='ocrx_word' id='word_1_596' title='bbox 456 4888 686 4942; x_wconf 83' lang='lat' dir='ltr'><strong>evulsum</strong></span> <span class='ocrx_word' id='word_1_597' title='bbox 732 4891 950 4944; x_wconf 87' lang='lat' dir='ltr'><strong>animal.</strong></span> <span class='ocrx_word' id='word_1_598' title='bbox 1005 4891 1140 4946; x_wconf 82' lang='lat' dir='ltr'><strong>Editi</strong></span> <span class='ocrx_word' id='word_1_599' title='bbox 1180 4894 1440 4947; x_wconf 85' lang='lat' dir='ltr'><strong>mnittunt</strong></span> <span class='ocrx_word' id='word_1_600' title='bbox 1473 4895 1694 4950; x_wconf 87' lang='lat' dir='ltr'><strong>animal.</strong></span> 
     </span>
    </p>
   </div>
   <div class='ocr_carea' id='block_1_78' title="bbox 316 4955 1798 5027">
    <p class='ocr_par' dir='ltr' id='par_1_78' title="bbox 316 4955 1798 5027">
     <span class='ocr_line' id='line_1_78' title="bbox 316 4955 1798 5027; baseline 0.004 -16"><span class='ocrx_word' id='word_1_601' title='bbox 316 4955 426 5026; x_wconf 84' lang='lat'><strong>(65)</strong></span> <span class='ocrx_word' id='word_1_602' title='bbox 485 4957 588 5010; x_wconf 81' lang='lat' dir='ltr'><strong>Sed</strong></span> <span class='ocrx_word' id='word_1_603' title='bbox 622 4959 984 5027; x_wconf 81' lang='lat' dir='ltr'><strong>reformamini</strong></span> <span class='ocrx_word' id='word_1_604' title='bbox 1023 4961 1076 5015; x_wconf 89' lang='lat' dir='ltr'><strong>in</strong></span> <span class='ocrx_word' id='word_1_605' title='bbox 1133 4963 1362 5016; x_wconf 88' lang='lat' dir='ltr'><strong>novitate</strong></span> <span class='ocrx_word' id='word_1_606' title='bbox 1406 4981 1590 5018; x_wconf 84' lang='lat' dir='ltr'><strong>sensus</strong></span> <span class='ocrx_word' id='word_1_607' title='bbox 1626 4967 1798 5027; x_wconf 85' lang='lat' dir='ltr'><strong>vestri,</strong></span> 
     </span>
    </p>
   </div>
   <div class='ocr_carea' id='block_1_79' title="bbox 255 5027 1799 5097">
    <p class='ocr_par' dir='ltr' id='par_1_79' title="bbox 255 5027 1799 5097">
     <span class='ocr_line' id='line_1_79' title="bbox 255 5027 1799 5097; baseline 0.006 -20"><span class='ocrx_word' id='word_1_608' title='bbox 255 5037 305 5097; x_wconf 80' lang='lat' dir='ltr'><strong>ut</strong></span> <span class='ocrx_word' id='word_1_609' title='bbox 341 5027 566 5097; x_wconf 86' lang='lat' dir='ltr'><strong>probetis</strong></span> <span class='ocrx_word' id='word_1_610' title='bbox 611 5045 729 5097; x_wconf 80' lang='lat' dir='ltr'><strong>qua:</strong></span> <span class='ocrx_word' id='word_1_611' title='bbox 772 5030 837 5082; x_wconf 87' lang='lat' dir='ltr'><strong>sit</strong></span> <span class='ocrx_word' id='word_1_612' title='bbox 865 5030 1106 5085; x_wconf 82' lang='lat' dir='ltr'><strong>voluntas</strong></span> <span class='ocrx_word' id='word_1_613' title='bbox 1155 5032 1270 5097; x_wconf 86' lang='lat' dir='ltr'><strong>Dei,</strong></span> <span class='ocrx_word' id='word_1_614' title='bbox 1316 5035 1455 5096; x_wconf 88' lang='lat' dir='ltr'><strong>quod</strong></span> <span class='ocrx_word' id='word_1_615' title='bbox 1502 5035 1716 5096; x_wconf 88' lang='lat' dir='ltr'><strong>bonum,</strong></span> <span class='ocrx_word' id='word_1_616' title='bbox 1752 5045 1799 5087; x_wconf 87' lang='lat' dir='ltr'><strong>et</strong></span> 
     </span>
    </p>
   </div>
   <div class='ocr_carea' id='block_1_80' title="bbox 255 5095 1802 5166">
    <p class='ocr_par' dir='ltr' id='par_1_80' title="bbox 255 5095 1802 5166">
     <span class='ocr_line' id='line_1_80' title="bbox 255 5095 1802 5166; baseline 0.005 -19"><span class='ocrx_word' id='word_1_617' title='bbox 255 5095 648 5166; x_wconf 60' lang='lat' dir='ltr'><strong>beneplact&#39;tum,</strong></span> <span class='ocrx_word' id='word_1_618' title='bbox 684 5107 733 5150; x_wconf 92' lang='lat' dir='ltr'><strong>et</strong></span> <span class='ocrx_word' id='word_1_619' title='bbox 769 5099 1076 5166; x_wconf 79' lang='lat' dir='ltr'><strong>perfectum.</strong></span> <span class='ocrx_word' id='word_1_620' title='bbox 1135 5095 1263 5155; x_wconf 70' lang='lat' dir='ltr'><strong>Hice</strong></span> <span class='ocrx_word' id='word_1_621' title='bbox 1303 5105 1460 5156; x_wconf 84' lang='lat' dir='ltr'><strong>verba</strong></span> <span class='ocrx_word' id='word_1_622' title='bbox 1484 5103 1802 5156; x_wconf 85' lang='lat' dir='ltr'><strong>desiderau-</strong></span> 
     </span>
    </p>
   </div>
   <div class='ocr_carea' id='block_1_81' title="bbox 260 5163 1799 5236">
    <p class='ocr_par' dir='ltr' id='par_1_81' title="bbox 260 5163 1799 5236">
     <span class='ocr_line' id='line_1_81' title="bbox 260 5163 1799 5236; baseline 0.006 -19"><span class='ocrx_word' id='word_1_623' title='bbox 260 5175 340 5217; x_wconf 89' lang='lat' dir='ltr'><strong>tur</strong></span> <span class='ocrx_word' id='word_1_624' title='bbox 365 5167 418 5218; x_wconf 91' lang='lat' dir='ltr'><strong>in</strong></span> <span class='ocrx_word' id='word_1_625' title='bbox 456 5163 608 5221; x_wconf 89' lang='lat' dir='ltr'><strong>libris</strong></span> <span class='ocrx_word' id='word_1_626' title='bbox 637 5163 792 5221; x_wconf 82' lang='lat' dir='ltr'><strong>antea</strong></span> <span class='ocrx_word' id='word_1_627' title='bbox 829 5163 1007 5223; x_wconf 61' lang='lat' dir='ltr'><strong>editis.</strong></span> <span class='ocrx_word' id='word_1_628' title='bbox 1047 5171 1210 5224; x_wconf 81' lang='lat' dir='ltr'><strong>l’aulo</strong></span> <span class='ocrx_word' id='word_1_629' title='bbox 1240 5181 1360 5236; x_wconf 91' lang='lat' dir='ltr'><strong>post</strong></span> <span class='ocrx_word' id='word_1_630' title='bbox 1380 5187 1505 5226; x_wconf 88' lang='lat' dir='ltr'><strong>vero</strong></span> <span class='ocrx_word' id='word_1_631' title='bbox 1555 5189 1654 5226; x_wconf 84' lang='lat' dir='ltr'><strong>tus.</strong></span> <span class='ocrx_word' id='word_1_632' title='bbox 1692 5170 1799 5225; x_wconf 85' lang='lat' dir='ltr'><strong>Re-</strong></span> 
     </span>
    </p>
   </div>
   <div class='ocr_carea' id='block_1_82' title="bbox 257 5236 1798 5311">
    <p class='ocr_par' dir='ltr' id='par_1_82' title="bbox 257 5236 1798 5311">
     <span class='ocr_line' id='line_1_82' title="bbox 257 5236 1798 5311; baseline 0.003 -26"><span class='ocrx_word' id='word_1_633' title='bbox 257 5237 372 5311; x_wconf 73' lang='lat' dir='ltr'><strong>gius</strong></span> <span class='ocrx_word' id='word_1_634' title='bbox 403 5250 572 5311; x_wconf 34' lang='grc' dir='ltr'><strong>ηψπ.-</strong></span> <span class='ocrx_word' id='word_1_635' title='bbox 614 5236 750 5311; x_wconf 71' lang='grc' dir='ltr'><strong>16ζ&gt;9</strong></span> <span class='ocrx_word' id='word_1_636' title='bbox 785 5239 966 5302; x_wconf 86' lang='lat' dir='ltr'><strong>habet,</strong></span> <span class='ocrx_word' id='word_1_637' title='bbox 997 5239 1098 5294; x_wconf 85' lang='lat' dir='ltr'><strong>Sed</strong></span> <span class='ocrx_word' id='word_1_638' title='bbox 1149 5257 1241 5311; x_wconf 85' lang='lat' dir='ltr'><strong>nos</strong></span> <span class='ocrx_word' id='word_1_639' title='bbox 1281 5243 1547 5309; x_wconf 85' lang='lat' dir='ltr'><strong>signantus</strong></span> <span class='ocrx_word' id='word_1_640' title='bbox 1589 5241 1798 5311; x_wconf 82' lang='lat' dir='ltr'><strong>quidem</strong></span> 
     </span>
    </p>
   </div>
   <div class='ocr_carea' id='block_1_83' title="bbox 255 5303 1799 5380">
    <p class='ocr_par' dir='ltr' id='par_1_83' title="bbox 255 5303 1799 5380">
     <span class='ocr_line' id='line_1_83' title="bbox 255 5303 1799 5380; baseline 0.007 -27"><span class='ocrx_word' id='word_1_641' title='bbox 255 5303 374 5370; x_wconf 83' lang='lat' dir='ltr'><strong>quid</strong></span> <span class='ocrx_word' id='word_1_642' title='bbox 407 5306 517 5380; x_wconf 82' lang='lat' dir='ltr'><strong>_sit_</strong></span> <span class='ocrx_word' id='word_1_643' title='bbox 555 5307 610 5358; x_wconf 91' lang='lat' dir='ltr'><strong>in</strong></span> <span class='ocrx_word' id='word_1_644' title='bbox 655 5305 877 5372; x_wconf 69' lang='lat' dir='ltr'><strong>Grazco;</strong></span> <span class='ocrx_word' id='word_1_645' title='bbox 919 5303 1351 5364; x_wconf 78' lang='lat' dir='ltr'><strong>consuetudinem</strong></span> <span class='ocrx_word' id='word_1_646' title='bbox 1401 5303 1799 5380; x_wconf 55' lang='lat' dir='ltr'><strong>tamen&#39;sequi-</strong></span> 
     </span>
    </p>
   </div>
   <div class='ocr_carea' id='block_1_84' title="bbox 257 5373 728 5429">
    <p class='ocr_par' dir='ltr' id='par_1_84' title="bbox 257 5373 728 5429">
     <span class='ocr_line' id='line_1_84' title="bbox 257 5373 728 5429; baseline 0.011 -5"><span class='ocrx_word' id='word_1_647' title='bbox 257 5389 369 5425; x_wconf 88' lang='lat' dir='ltr'><strong>mur</strong></span> <span class='ocrx_word' id='word_1_648' title='bbox 399 5373 728 5429; x_wconf 85' lang='lat' dir='ltr'><strong>Latinorum.</strong></span> 
     </span>
    </p>
   </div>
   <div class='ocr_carea' id='block_1_85' title="bbox 324 5442 1810 5520">
    <p class='ocr_par' dir='ltr' id='par_1_85' title="bbox 324 5442 1810 5520">
     <span class='ocr_line' id='line_1_85' title="bbox 324 5442 1810 5520; baseline 0.006 -25"><span class='ocrx_word' id='word_1_649' title='bbox 324 5442 434 5513; x_wconf 87' lang='lat'><strong>(66)</strong></span> <span class='ocrx_word' id='word_1_650' title='bbox 490 5442 650 5514; x_wconf 81' lang='lat' dir='ltr'><strong>Ergo.</strong></span> <span class='ocrx_word' id='word_1_651' title='bbox 694 5445 975 5520; x_wconf 81' lang='lat' dir='ltr'><strong>Otnittitur</strong></span> <span class='ocrx_word' id='word_1_652' title='bbox 1010 5446 1288 5520; x_wconf 5' lang='lat' dir='ltr'><strong>inpeditis</strong></span> <span class='ocrx_word' id='word_1_653' title='bbox 1321 5458 1376 5502; x_wconf 88' lang='lat' dir='ltr'><strong>et</strong></span> <span class='ocrx_word' id='word_1_654' title='bbox 1423 5449 1475 5504; x_wconf 90' lang='lat' dir='ltr'><strong>in</strong></span> <span class='ocrx_word' id='word_1_655' title='bbox 1538 5449 1810 5520; x_wconf 79' lang='lat' dir='ltr'><strong>plerisque</strong></span> 
     </span>
    </p>
   </div>
   <div class='ocr_carea' id='block_1_86' title="bbox 261 5517 1812 5585">
    <p class='ocr_par' dir='ltr' id='par_1_86' title="bbox 261 5517 1812 5585">
     <span class='ocr_line' id='line_1_86' title="bbox 261 5517 1812 5585; baseline 0.005 -21"><span class='ocrx_word' id='word_1_656' title='bbox 261 5528 409 5576; x_wconf 71' lang='grc' dir='ltr'><strong>ωδε..</strong></span> <span class='ocrx_word' id='word_1_657' title='bbox 479 5530 683 5569; x_wconf 90' lang='lat' dir='ltr'><strong>necnon</strong></span> <span class='ocrx_word' id='word_1_658' title='bbox 722 5525 778 5570; x_wconf 92' lang='lat' dir='ltr'><strong>et</strong></span> <span class='ocrx_word' id='word_1_659' title='bbox 822 5517 962 5585; x_wconf 87' lang='lat' dir='ltr'><strong>apud</strong></span> <span class='ocrx_word' id='word_1_660' title='bbox 1005 5518 1325 5585; x_wconf 82' lang='lat' dir='ltr'><strong>Rabanum,</strong></span> <span class='ocrx_word' id='word_1_661' title='bbox 1371 5521 1466 5573; x_wconf 91' lang='lat' dir='ltr'><strong>sed</strong></span> <span class='ocrx_word' id='word_1_662' title='bbox 1504 5517 1812 5575; x_wconf 78' lang='lat' dir='ltr'><strong>restituitur</strong></span> 
     </span>
    </p>
   </div>
   <div class='ocr_carea' id='block_1_87' title="bbox 261 5585 1030 5652">
    <p class='ocr_par' dir='ltr' id='par_1_87' title="bbox 261 5585 1030 5652">
     <span class='ocr_line' id='line_1_87' title="bbox 261 5585 1030 5652; baseline 0.009 -18"><span class='ocrx_word' id='word_1_663' title='bbox 261 5596 320 5634; x_wconf 69' lang='grc' dir='ltr'><strong>ωε</strong></span> <span class='ocrx_word' id='word_1_664' title='bbox 346 5599 446 5637; x_wconf 86' lang='lat' dir='ltr'><strong>ms.</strong></span> <span class='ocrx_word' id='word_1_665' title='bbox 485 5585 650 5652; x_wconf 83' lang='lat' dir='ltr'><strong>Regio</strong></span> <span class='ocrx_word' id='word_1_666' title='bbox 685 5601 832 5638; x_wconf 83' lang='lat' dir='ltr'><strong>nunt.</strong></span> <span class='ocrx_word' id='word_1_667' title='bbox 874 5586 1030 5640; x_wconf 77' lang='grc'>1659.</span> 
     </span>
    </p>
   </div>
   <div class='ocr_carea' id='block_1_88' title="bbox 325 5652 1810 5729">
    <p class='ocr_par' dir='ltr' id='par_1_88' title="bbox 325 5652 1810 5729">
     <span class='ocr_line' id='line_1_88' title="bbox 325 5652 1810 5729; baseline -0.003 -12"><span class='ocrx_word' id='word_1_668' title='bbox 325 5652 434 5717; x_wconf 73' lang='grc'>(67)</span> <span class='ocrx_word' id='word_1_669' title='bbox 495 5653 622 5708; x_wconf 63' lang='lat' dir='ltr'><strong>Mss.</strong></span> <span class='ocrx_word' id='word_1_670' title='bbox 657 5655 898 5723; x_wconf 86' lang='lat' dir='ltr'><strong>plerique</strong></span> <span class='ocrx_word' id='word_1_671' title='bbox 923 5696 935 5720; x_wconf 90' lang='lat'><strong>,</strong></span> <span class='ocrx_word' id='word_1_672' title='bbox 983 5658 1232 5713; x_wconf 76' lang='lat' dir='ltr'><strong>ltubauus</strong></span> <span class='ocrx_word' id='word_1_673' title='bbox 1255 5669 1306 5713; x_wconf 86' lang='lat' dir='ltr'><strong>et</strong></span> <span class='ocrx_word' id='word_1_674' title='bbox 1332 5658 1485 5722; x_wconf 86' lang='lat' dir='ltr'><strong>editi,</strong></span> <span class='ocrx_word' id='word_1_675' title='bbox 1507 5667 1810 5729; x_wconf 78' lang='lat' dir='ltr'><strong>agnoscant.</strong></span> 
     </span>
    </p>
   </div>
   <div class='ocr_carea' id='block_1_89' title="bbox 1225 4265 1732 4335">
    <p class='ocr_par' dir='ltr' id='par_1_89' title="bbox 1225 4265 1732 4335">
     <span class='ocr_line' id='line_1_89' title="bbox 1225 4265 1732 4335; baseline 0.004 -14"><span class='ocrx_word' id='word_1_676' title='bbox 1225 4267 1267 4299; x_wconf 80' lang='lat'><strong>“</strong></span> <span class='ocrx_word' id='word_1_677' title='bbox 1309 4265 1327 4321; x_wconf 89' lang='lat' dir='ltr'><strong>l</strong></span> <span class='ocrx_word' id='word_1_678' title='bbox 1359 4266 1488 4324; x_wconf 88' lang='lat' dir='ltr'><strong>Cor.</strong></span> <span class='ocrx_word' id='word_1_679' title='bbox 1521 4283 1616 4335; x_wconf 78' lang='lat' dir='ltr'><strong>xv,</strong></span> <span class='ocrx_word' id='word_1_680' title='bbox 1641 4266 1732 4324; x_wconf 74' lang='grc'><strong>46.</strong></span> 
     </span>
    </p>
   </div>
   <div class='ocr_carea' id='block_1_90' title="bbox 1914 2565 3513 2639">
    <p class='ocr_par' dir='ltr' id='par_1_90' title="bbox 1914 2565 3513 2639">
     <span class='ocr_line' id='line_1_90' title="bbox 1914 2565 3513 2639; baseline -0.002 -19"><span class='ocrx_word' id='word_1_681' title='bbox 1914 2567 2012 2620; x_wconf 87' lang='lat' dir='ltr'><strong>stri</strong></span> <span class='ocrx_word' id='word_1_682' title='bbox 2029 2567 2163 2639; x_wconf 86' lang='lat'><strong>(70),</strong></span> <span class='ocrx_word' id='word_1_683' title='bbox 2199 2578 2259 2622; x_wconf 90' lang='lat' dir='ltr'><strong>ut</strong></span> <span class='ocrx_word' id='word_1_684' title='bbox 2297 2569 2550 2624; x_wconf 86' lang='lat' dir='ltr'><strong>ostendat</strong></span> <span class='ocrx_word' id='word_1_685' title='bbox 2597 2569 2826 2623; x_wconf 90' lang='lat' dir='ltr'><strong>formam</strong></span> <span class='ocrx_word' id='word_1_686' title='bbox 2872 2565 3090 2637; x_wconf 88' lang='lat' dir='ltr'><strong>quidem</strong></span> <span class='ocrx_word' id='word_1_687' title='bbox 3122 2567 3445 2636; x_wconf 87' lang='lat' dir='ltr'><strong>culpabilem</strong></span> <span class='ocrx_word' id='word_1_688' title='bbox 3474 2585 3513 2618; x_wconf 91' lang='lat'><strong>:.</strong></span> 
     </span>
    </p>
   </div>
   <div class='ocr_carea' id='block_1_91' title="bbox 1915 2657 3488 2726">
    <p class='ocr_par' dir='ltr' id='par_1_91' title="bbox 1915 2657 3488 2726">
     <span class='ocr_line' id='line_1_91' title="bbox 1915 2657 3488 2726; baseline 0.003 -17"><span class='ocrx_word' id='word_1_689' title='bbox 1915 2657 2064 2726; x_wconf 89' lang='lat' dir='ltr'><strong>prius</strong></span> <span class='ocrx_word' id='word_1_690' title='bbox 2095 2658 2239 2712; x_wconf 90' lang='lat' dir='ltr'><strong>enim</strong></span> <span class='ocrx_word' id='word_1_691' title='bbox 2286 2659 2514 2712; x_wconf 83' lang='lat' dir='ltr'><strong>formam</strong></span> <span class='ocrx_word' id='word_1_692' title='bbox 2573 2658 2789 2714; x_wconf 70' lang='lat' dir='ltr'><strong>malitiae</strong></span> <span class='ocrx_word' id='word_1_693' title='bbox 2823 2659 3010 2712; x_wconf 90' lang='lat' dir='ltr'><strong>habuit</strong></span> <span class='ocrx_word' id='word_1_694' title='bbox 3062 2659 3240 2713; x_wconf 90' lang='lat' dir='ltr'><strong>omnis</strong></span> <span class='ocrx_word' id='word_1_695' title='bbox 3288 2659 3488 2715; x_wconf 87' lang='lat' dir='ltr'><strong>anima.</strong></span> 
     </span>
    </p>
   </div>
   <div class='ocr_carea' id='block_1_92' title="bbox 1917 2745 3491 2819">
    <p class='ocr_par' dir='ltr' id='par_1_92' title="bbox 1917 2745 3491 2819">
     <span class='ocr_line' id='line_1_92' title="bbox 1917 2745 3491 2819; baseline 0.004 -20"><span class='ocrx_word' id='word_1_696' title='bbox 1917 2745 2022 2800; x_wconf 90' lang='lat' dir='ltr'><strong>Sed</strong></span> <span class='ocrx_word' id='word_1_697' title='bbox 2069 2747 2394 2802; x_wconf 84' lang='lat' dir='ltr'><strong>adhortatur</strong></span> <span class='ocrx_word' id='word_1_698' title='bbox 2426 2766 2491 2804; x_wconf 78' lang='lat' dir='ltr'><strong>ex</strong></span> <span class='ocrx_word' id='word_1_699' title='bbox 2527 2749 2630 2805; x_wconf 91' lang='lat' dir='ltr'><strong>hoc</strong></span> <span class='ocrx_word' id='word_1_700' title='bbox 2660 2763 2838 2803; x_wconf 90' lang='lat' dir='ltr'><strong>sermo</strong></span> <span class='ocrx_word' id='word_1_701' title='bbox 2873 2748 3224 2819; x_wconf 88' lang='lat' dir='ltr'><strong>apostolicus,</strong></span> <span class='ocrx_word' id='word_1_702' title='bbox 3279 2760 3360 2815; x_wconf 90' lang='lat' dir='ltr'><strong>ut,</strong></span> <span class='ocrx_word' id='word_1_703' title='bbox 3400 2750 3491 2805; x_wconf 77' lang='lat' dir='ltr'><strong>illa</strong></span> 
     </span>
    </p>
   </div>
   <div class='ocr_carea' id='block_1_93' title="bbox 1915 2836 3490 2910">
    <p class='ocr_par' dir='ltr' id='par_1_93' title="bbox 1915 2836 3490 2910">
     <span class='ocr_line' id='line_1_93' title="bbox 1915 2836 3490 2910; baseline 0.004 -20"><span class='ocrx_word' id='word_1_704' title='bbox 1915 2836 2149 2907; x_wconf 89' lang='lat' dir='ltr'><strong>abjecta,</strong></span> <span class='ocrx_word' id='word_1_705' title='bbox 2183 2840 2250 2892; x_wconf 88' lang='lat' dir='ltr'><strong>ad</strong></span> <span class='ocrx_word' id='word_1_706' title='bbox 2280 2838 2616 2910; x_wconf 85' lang='lat' dir='ltr'><strong>singularum</strong></span> <span class='ocrx_word' id='word_1_707' title='bbox 2651 2839 2910 2894; x_wconf 87' lang='lat' dir='ltr'><strong>virtutum</strong></span> <span class='ocrx_word' id='word_1_708' title='bbox 2946 2841 3182 2909; x_wconf 90' lang='lat' dir='ltr'><strong>speciem</strong></span> <span class='ocrx_word' id='word_1_709' title='bbox 3224 2839 3490 2896; x_wconf 84' lang='lat' dir='ltr'><strong>reforme—</strong></span> 
     </span>
    </p>
   </div>
   <div class='ocr_carea' id='block_1_94' title="bbox 1917 2929 3493 3000">
    <p class='ocr_par' dir='ltr' id='par_1_94' title="bbox 1917 2929 3493 3000">
     <span class='ocr_line' id='line_1_94' title="bbox 1917 2929 3493 3000; baseline 0.005 -21"><span class='ocrx_word' id='word_1_710' title='bbox 1917 2942 2058 2992; x_wconf 90' lang='lat' dir='ltr'><strong>mur,</strong></span> <span class='ocrx_word' id='word_1_711' title='bbox 2091 2938 2146 2983; x_wconf 90' lang='lat' dir='ltr'><strong>et</strong></span> <span class='ocrx_word' id='word_1_712' title='bbox 2189 2929 2265 2983; x_wconf 90' lang='lat' dir='ltr'><strong>ita</strong></span> <span class='ocrx_word' id='word_1_713' title='bbox 2299 2930 2516 2984; x_wconf 89' lang='lat' dir='ltr'><strong>demum</strong></span> <span class='ocrx_word' id='word_1_714' title='bbox 2555 2929 2824 3000; x_wconf 89' lang='lat' dir='ltr'><strong>possimus</strong></span> <span class='ocrx_word' id='word_1_715' title='bbox 2859 2931 3098 2987; x_wconf 87' lang='lat' dir='ltr'><strong>revelato</strong></span> <span class='ocrx_word' id='word_1_716' title='bbox 3131 2931 3277 2987; x_wconf 85' lang='lat' dir='ltr'><strong>vultu</strong></span> <span class='ocrx_word' id='word_1_717' title='bbox 3305 2933 3493 2988; x_wconf 87' lang='lat' dir='ltr'><strong>cordis</strong></span> 
     </span>
    </p>
   </div>
   <div class='ocr_carea' id='block_1_95' title="bbox 1916 3021 3490 3096">
    <p class='ocr_par' dir='ltr' id='par_1_95' title="bbox 1916 3021 3490 3096">
     <span class='ocr_line' id='line_1_95' title="bbox 1916 3021 3490 3096; baseline 0.005 -22"><span class='ocrx_word' id='word_1_718' title='bbox 1916 3021 2143 3093; x_wconf 77' lang='lat' dir='ltr'><strong>gloriam</strong></span> <span class='ocrx_word' id='word_1_719' title='bbox 2195 3021 2406 3077; x_wconf 92' lang='lat' dir='ltr'><strong>Domini</strong></span> <span class='ocrx_word' id='word_1_720' title='bbox 2469 3025 2736 3094; x_wconf 91' lang='lat' dir='ltr'><strong>speculari</strong></span> <span class='ocrx_word' id='word_1_721' title='bbox 2783 3029 2852 3082; x_wconf 89' lang='lat' dir='ltr'><strong>ab</strong></span> <span class='ocrx_word' id='word_1_722' title='bbox 2905 3025 3210 3096; x_wconf 70' lang='lat' dir='ltr'><strong>huiusmodi</strong></span> <span class='ocrx_word' id='word_1_723' title='bbox 3252 3026 3490 3094; x_wconf 85' lang='lat' dir='ltr'><strong>imagine</strong></span> 
     </span>
    </p>
   </div>
   <div class='ocr_carea' id='block_1_96' title="bbox 1917 3113 3490 3182">
    <p class='ocr_par' dir='ltr' id='par_1_96' title="bbox 1917 3113 3490 3182">
     <span class='ocr_line' id='line_1_96' title="bbox 1917 3113 3490 3182; baseline 0.004 -16"><span class='ocrx_word' id='word_1_724' title='bbox 1917 3113 2316 3169; x_wconf 89' lang='lat' dir='ltr'><strong>transformati.</strong></span> <span class='ocrx_word' id='word_1_725' title='bbox 2353 3116 2638 3182; x_wconf 89' lang='lat' dir='ltr'><strong>Quomodo</strong></span> <span class='ocrx_word' id='word_1_726' title='bbox 2667 3127 2848 3172; x_wconf 89' lang='lat' dir='ltr'><strong>autem</strong></span> <span class='ocrx_word' id='word_1_727' title='bbox 2888 3117 2940 3172; x_wconf 92' lang='lat' dir='ltr'><strong>in</strong></span> <span class='ocrx_word' id='word_1_728' title='bbox 2984 3119 3098 3172; x_wconf 63' lang='lat' dir='ltr'><strong>haec</strong></span> <span class='ocrx_word' id='word_1_729' title='bbox 3129 3117 3490 3172; x_wconf 87' lang='lat' dir='ltr'><strong>transforme-</strong></span> 
     </span>
    </p>
   </div>
   <div class='ocr_carea' id='block_1_97' title="bbox 1915 3206 3483 3274">
    <p class='ocr_par' dir='ltr' id='par_1_97' title="bbox 1915 3206 3483 3274">
     <span class='ocr_line' id='line_1_97' title="bbox 1915 3206 3483 3274; baseline 0.006 -17"><span class='ocrx_word' id='word_1_730' title='bbox 1915 3221 2038 3258; x_wconf 87' lang='lat' dir='ltr'><strong>mttr</strong></span> <span class='ocrx_word' id='word_1_731' title='bbox 2088 3206 2202 3274; x_wconf 88' lang='lat' dir='ltr'><strong>ipse</strong></span> <span class='ocrx_word' id='word_1_732' title='bbox 2249 3207 2442 3264; x_wconf 90' lang='lat' dir='ltr'><strong>edocet</strong></span> <span class='ocrx_word' id='word_1_733' title='bbox 2491 3209 2720 3265; x_wconf 88' lang='lat' dir='ltr'><strong>dicens:</strong></span> <span class='ocrx_word' id='word_1_734' title='bbox 2757 3209 3116 3264; x_wconf 86' lang='lat' dir='ltr'><strong>Renovatione</strong></span> <span class='ocrx_word' id='word_1_735' title='bbox 3157 3226 3344 3266; x_wconf 86' lang='lat' dir='ltr'><strong>sensus</strong></span> <span class='ocrx_word' id='word_1_736' title='bbox 3396 3227 3483 3265; x_wconf 82' lang='lat' dir='ltr'><strong>ve-</strong></span> 
     </span>
    </p>
   </div>
   <div class='ocr_carea' id='block_1_98' title="bbox 1913 3297 3490 3372">
    <p class='ocr_par' dir='ltr' id='par_1_98' title="bbox 1913 3297 3490 3372">
     <span class='ocr_line' id='line_1_98' title="bbox 1913 3297 3490 3372; baseline 0.004 -23"><span class='ocrx_word' id='word_1_737' title='bbox 1913 3297 2011 3350; x_wconf 89' lang='lat' dir='ltr'><strong>stri</strong></span> <span class='ocrx_word' id='word_1_738' title='bbox 2028 3297 2162 3368; x_wconf 88' lang='grc'>(71).</span> <span class='ocrx_word' id='word_1_739' title='bbox 2197 3297 2505 3355; x_wconf 82' lang='lat' dir='ltr'><strong>Renovatur</strong></span> <span class='ocrx_word' id='word_1_740' title='bbox 2541 3313 2718 3356; x_wconf 89' lang='lat' dir='ltr'><strong>autem</strong></span> <span class='ocrx_word' id='word_1_741' title='bbox 2763 3317 2958 3357; x_wconf 88' lang='lat' dir='ltr'><strong>sensus</strong></span> <span class='ocrx_word' id='word_1_742' title='bbox 2990 3312 3173 3357; x_wconf 90' lang='lat' dir='ltr'><strong>noster</strong></span> <span class='ocrx_word' id='word_1_743' title='bbox 3198 3317 3292 3372; x_wconf 90' lang='lat' dir='ltr'><strong>per</strong></span> <span class='ocrx_word' id='word_1_744' title='bbox 3329 3317 3490 3358; x_wconf 79' lang='lat' dir='ltr'><strong>excr-</strong></span> 
     </span>
    </p>
   </div>
   <div class='ocr_carea' id='block_1_99' title="bbox 1913 3388 3490 3462">
    <p class='ocr_par' dir='ltr' id='par_1_99' title="bbox 1913 3388 3490 3462">
     <span class='ocr_line' id='line_1_99' title="bbox 1913 3388 3490 3462; baseline 0.004 -18"><span class='ocrx_word' id='word_1_745' title='bbox 1913 3388 2042 3444; x_wconf 90' lang='lat' dir='ltr'><strong>citia</strong></span> <span class='ocrx_word' id='word_1_746' title='bbox 2074 3390 2373 3460; x_wconf 81' lang='lat' dir='ltr'><strong>sapientiae,</strong></span> <span class='ocrx_word' id='word_1_747' title='bbox 2409 3402 2460 3445; x_wconf 90' lang='lat' dir='ltr'><strong>et</strong></span> <span class='ocrx_word' id='word_1_748' title='bbox 2499 3394 2903 3448; x_wconf 88' lang='lat' dir='ltr'><strong>meditationem</strong></span> <span class='ocrx_word' id='word_1_749' title='bbox 2936 3392 3087 3448; x_wconf 86' lang='lat' dir='ltr'><strong>verbi</strong></span> <span class='ocrx_word' id='word_1_750' title='bbox 3120 3393 3233 3461; x_wconf 89' lang='lat' dir='ltr'><strong>Dei,</strong></span> <span class='ocrx_word' id='word_1_751' title='bbox 3265 3402 3320 3448; x_wconf 87' lang='lat' dir='ltr'><strong>et</strong></span> <span class='ocrx_word' id='word_1_752' title='bbox 3352 3394 3490 3462; x_wconf 83' lang='lat' dir='ltr'><strong>legis</strong></span> 
     </span>
    </p>
   </div>
   <div class='ocr_carea' id='block_1_100' title="bbox 1913 3479 3492 3557">
    <p class='ocr_par' dir='ltr' id='par_1_100' title="bbox 1913 3479 3492 3557">
     <span class='ocr_line' id='line_1_100' title="bbox 1913 3479 3492 3557; baseline 0.007 -25"><span class='ocrx_word' id='word_1_753' title='bbox 1913 3479 2028 3549; x_wconf 89' lang='lat' dir='ltr'><strong>ejus</strong></span> <span class='ocrx_word' id='word_1_754' title='bbox 2069 3480 2479 3554; x_wconf 85' lang='lat' dir='ltr'><strong>intelligentiam</strong></span> <span class='ocrx_word' id='word_1_755' title='bbox 2508 3485 2806 3553; x_wconf 88' lang='lat' dir='ltr'><strong>spiritalem</strong></span> <span class='ocrx_word' id='word_1_756' title='bbox 2838 3503 2852 3540; x_wconf 89' lang='lat'><strong>:</strong></span> <span class='ocrx_word' id='word_1_757' title='bbox 2881 3495 2936 3540; x_wconf 88' lang='lat' dir='ltr'><strong>et</strong></span> <span class='ocrx_word' id='word_1_758' title='bbox 2969 3496 3174 3555; x_wconf 89' lang='lat' dir='ltr'><strong>quanto</strong></span> <span class='ocrx_word' id='word_1_759' title='bbox 3205 3487 3328 3556; x_wconf 88' lang='lat' dir='ltr'><strong>quis</strong></span> <span class='ocrx_word' id='word_1_760' title='bbox 3355 3503 3492 3557; x_wconf 89' lang='lat' dir='ltr'><strong>quo-</strong></span> 
     </span>
    </p>
   </div>
   <div class='ocr_carea' id='block_1_101' title="bbox 1917 3569 3488 3646">
    <p class='ocr_par' dir='ltr' id='par_1_101' title="bbox 1917 3569 3488 3646">
     <span class='ocr_line' id='line_1_101' title="bbox 1917 3569 3488 3646; baseline 0.007 -24"><span class='ocrx_word' id='word_1_761' title='bbox 1917 3569 2047 3625; x_wconf 89' lang='lat' dir='ltr'><strong>tidie</strong></span> <span class='ocrx_word' id='word_1_762' title='bbox 2099 3585 2166 3625; x_wconf 83' lang='lat' dir='ltr'><strong>ex</strong></span> <span class='ocrx_word' id='word_1_763' title='bbox 2222 3573 2632 3644; x_wconf 83' lang='lat' dir='ltr'><strong>Scripturarutu</strong></span> <span class='ocrx_word' id='word_1_764' title='bbox 2679 3577 2896 3643; x_wconf 89' lang='lat' dir='ltr'><strong>proficit</strong></span> <span class='ocrx_word' id='word_1_765' title='bbox 2956 3576 3224 3639; x_wconf 88' lang='lat' dir='ltr'><strong>lectione,</strong></span> <span class='ocrx_word' id='word_1_766' title='bbox 3283 3587 3488 3646; x_wconf 83' lang='lat' dir='ltr'><strong>quanto</strong></span> 
     </span>
    </p>
   </div>
   <div class='ocr_carea' id='block_1_102' title="bbox 1916 3663 3491 3735">
    <p class='ocr_par' dir='ltr' id='par_1_102' title="bbox 1916 3663 3491 3735">
     <span class='ocr_line' id='line_1_102' title="bbox 1916 3663 3491 3735; baseline 0.006 -19"><span class='ocrx_word' id='word_1_767' title='bbox 1916 3665 2082 3722; x_wconf 77' lang='lat' dir='ltr'><strong>altius</strong></span> <span class='ocrx_word' id='word_1_768' title='bbox 2115 3663 2420 3720; x_wconf 87' lang='lat' dir='ltr'><strong>intellectus</strong></span> <span class='ocrx_word' id='word_1_769' title='bbox 2453 3664 2570 3730; x_wconf 86' lang='lat' dir='ltr'><strong>ejus</strong></span> <span class='ocrx_word' id='word_1_770' title='bbox 2604 3668 2832 3730; x_wconf 86' lang='lat' dir='ltr'><strong>accedit,</strong></span> <span class='ocrx_word' id='word_1_771' title='bbox 2883 3677 3031 3721; x_wconf 77' lang='lat' dir='ltr'><strong>tanto</strong></span> <span class='ocrx_word' id='word_1_772' title='bbox 3075 3681 3290 3735; x_wconf 88' lang='lat' dir='ltr'><strong>semper</strong></span> <span class='ocrx_word' id='word_1_773' title='bbox 3317 3683 3491 3726; x_wconf 88' lang='lat' dir='ltr'><strong>novus</strong></span> 
     </span>
    </p>
   </div>
   <div class='ocr_carea' id='block_1_103' title="bbox 1917 3757 3487 3829">
    <p class='ocr_par' dir='ltr' id='par_1_103' title="bbox 1917 3757 3487 3829">
     <span class='ocr_line' id='line_1_103' title="bbox 1917 3757 3487 3829; baseline 0.003 -15"><span class='ocrx_word' id='word_1_774' title='bbox 1917 3770 1970 3816; x_wconf 86' lang='lat' dir='ltr'><strong>et</strong></span> <span class='ocrx_word' id='word_1_775' title='bbox 2020 3757 2262 3828; x_wconf 88' lang='lat' dir='ltr'><strong>quotidie</strong></span> <span class='ocrx_word' id='word_1_776' title='bbox 2305 3773 2480 3812; x_wconf 87' lang='lat' dir='ltr'><strong>novus</strong></span> <span class='ocrx_word' id='word_1_777' title='bbox 2524 3758 2917 3829; x_wconf 53' lang='grc' dir='ltr'><strong>(πίθηαι-(72).</strong></span> <span class='ocrx_word' id='word_1_778' title='bbox 2968 3757 3164 3814; x_wconf 80' lang='lat' dir='ltr'><strong>Nescio</strong></span> <span class='ocrx_word' id='word_1_779' title='bbox 3207 3770 3390 3814; x_wconf 88' lang='lat' dir='ltr'><strong>autem</strong></span> <span class='ocrx_word' id='word_1_780' title='bbox 3439 3763 3487 3818; x_wconf 83' lang='lat' dir='ltr'><strong>si</strong></span> 
     </span>
    </p>
   </div>
   <div class='ocr_carea' id='block_1_104' title="bbox 1917 3849 3490 3922">
    <p class='ocr_par' dir='ltr' id='par_1_104' title="bbox 1917 3849 3490 3922">
     <span class='ocr_line' id='line_1_104' title="bbox 1917 3849 3490 3922; baseline 0.002 -17"><span class='ocrx_word' id='word_1_781' title='bbox 1917 3860 2096 3922; x_wconf 90' lang='lat' dir='ltr'><strong>potest</strong></span> <span class='ocrx_word' id='word_1_782' title='bbox 2123 3851 2370 3905; x_wconf 85' lang='lat' dir='ltr'><strong>renovari</strong></span> <span class='ocrx_word' id='word_1_783' title='bbox 2421 3865 2612 3904; x_wconf 90' lang='lat' dir='ltr'><strong>sensus</strong></span> <span class='ocrx_word' id='word_1_784' title='bbox 2641 3850 2730 3919; x_wconf 94' lang='lat' dir='ltr'><strong>qui</strong></span> <span class='ocrx_word' id='word_1_785' title='bbox 2774 3850 2929 3921; x_wconf 88' lang='lat' dir='ltr'><strong>piger</strong></span> <span class='ocrx_word' id='word_1_786' title='bbox 2961 3859 3044 3904; x_wconf 88' lang='lat' dir='ltr'><strong>est</strong></span> <span class='ocrx_word' id='word_1_787' title='bbox 3074 3866 3202 3920; x_wconf 87' lang='lat' dir='ltr'><strong>erga</strong></span> <span class='ocrx_word' id='word_1_788' title='bbox 3243 3849 3490 3920; x_wconf 82' lang='lat' dir='ltr'><strong>Scriptu-</strong></span> 
     </span>
    </p>
   </div>
   <div class='ocr_carea' id='block_1_105' title="bbox 1921 3939 3484 4010">
    <p class='ocr_par' dir='ltr' id='par_1_105' title="bbox 1921 3939 3484 4010">
     <span class='ocr_line' id='line_1_105' title="bbox 1921 3939 3484 4010; baseline 0 -14"><span class='ocrx_word' id='word_1_789' title='bbox 1921 3957 2011 3996; x_wconf 90' lang='lat' dir='ltr'><strong>ras</strong></span> <span class='ocrx_word' id='word_1_790' title='bbox 2063 3941 2277 3994; x_wconf 86' lang='lat' dir='ltr'><strong>divinas</strong></span> <span class='ocrx_word' id='word_1_791' title='bbox 2334 3950 2390 3995; x_wconf 89' lang='lat' dir='ltr'><strong>et</strong></span> <span class='ocrx_word' id='word_1_792' title='bbox 2447 3939 2817 4010; x_wconf 74' lang='lat' dir='ltr'><strong>intelligentiae</strong></span> <span class='ocrx_word' id='word_1_793' title='bbox 2874 3941 3138 4010; x_wconf 89' lang='lat' dir='ltr'><strong>spiritalis</strong></span> <span class='ocrx_word' id='word_1_794' title='bbox 3196 3943 3484 4008; x_wconf 82' lang='lat' dir='ltr'><strong>exercitia,</strong></span> 
     </span>
    </p>
   </div>
   <div class='ocr_carea' id='block_1_106' title="bbox 1922 4031 3484 4104">
    <p class='ocr_par' dir='ltr' id='par_1_106' title="bbox 1922 4031 3484 4104">
     <span class='ocr_line' id='line_1_106' title="bbox 1922 4031 3484 4104; baseline 0.001 -18"><span class='ocrx_word' id='word_1_795' title='bbox 1922 4031 2126 4104; x_wconf 78' lang='lat' dir='ltr'><strong>quibus</strong></span> <span class='ocrx_word' id='word_1_796' title='bbox 2176 4031 2347 4102; x_wconf 88' lang='lat' dir='ltr'><strong>possit</strong></span> <span class='ocrx_word' id='word_1_797' title='bbox 2401 4047 2507 4086; x_wconf 91' lang='lat' dir='ltr'><strong>non</strong></span> <span class='ocrx_word' id='word_1_798' title='bbox 2554 4032 2726 4086; x_wconf 87' lang='lat' dir='ltr'><strong>solum</strong></span> <span class='ocrx_word' id='word_1_799' title='bbox 2758 4032 3060 4102; x_wconf 88' lang='lat' dir='ltr'><strong>intelligere</strong></span> <span class='ocrx_word' id='word_1_800' title='bbox 3107 4049 3228 4104; x_wconf 70' lang='lat' dir='ltr'><strong>qua:</strong></span> <span class='ocrx_word' id='word_1_801' title='bbox 3282 4033 3484 4104; x_wconf 87' lang='lat' dir='ltr'><strong>scripta</strong></span> 
     </span>
    </p>
   </div>
   <div class='ocr_carea' id='block_1_107' title="bbox 1367 4183 1808 4325">
    <p class='ocr_par' dir='ltr' id='par_1_107' title="bbox 1367 4195 1808 4325">
     <span class='ocr_line' id='line_1_107' title="bbox 1367 4195 1808 4266; baseline -0.007 -14"><span class='ocrx_word' id='word_1_802' title='bbox 1367 4195 1411 4229; x_wconf 84' lang='grc'>¹⁰</span> <span class='ocrx_word' id='word_1_803' title='bbox 1442 4196 1482 4252; x_wconf 94' lang='lat' dir='ltr'>II</span> <span class='ocrx_word' id='word_1_804' title='bbox 1521 4197 1650 4254; x_wconf 88' lang='lat' dir='ltr'><strong>Cor.</strong></span> <span class='ocrx_word' id='word_1_805' title='bbox 1683 4198 1808 4266; x_wconf 82' lang='lat' dir='ltr'><strong>vtt,.&#39;</strong></span> 
     </span>
     <span class='ocr_line' id='line_1_108' title="bbox 1367 4266 1732 4325; baseline -0.003 -2"><span class='ocrx_word' id='word_1_806' title='bbox 1367 4266 1488 4324; x_wconf 82' lang='lat' dir='ltr'><strong>Cor.</strong></span> <span class='ocrx_word' id='word_1_807' title='bbox 1521 4283 1616 4325; x_wconf 78' lang='lat' dir='ltr'><strong>xv.</strong></span> <span class='ocrx_word' id='word_1_808' title='bbox 1641 4266 1732 4324; x_wconf 74' lang='grc'><strong>46.</strong></span> 
     </span>
    </p>
   </div>
   <div class='ocr_carea' id='block_1_108' title="bbox 1916 4183 3486 4325">
    <p class='ocr_par' dir='ltr' id='par_1_108' title="bbox 1916 4183 3486 4325">
     <span class='ocr_line' id='line_1_109' title="bbox 1935 4183 3486 4265; baseline 0.003 -15"><span class='ocrx_word' id='word_1_809' title='bbox 1935 4198 1976 4228; x_wconf 76' lang='grc'><strong><em>³³</em></strong></span> <span class='ocrx_word' id='word_1_810' title='bbox 2003 4195 2174 4250; x_wconf 83' lang='lat' dir='ltr'><strong>Levit.</strong></span> <span class='ocrx_word' id='word_1_811' title='bbox 2201 4195 2404 4259; x_wconf 57' lang='lat' dir='ltr'><strong>xxnﬁl</strong></span> <span class='ocrx_word' id='word_1_812' title='bbox 2445 4211 2598 4265; x_wconf 89' lang='lat' dir='ltr'><strong>seqq.</strong></span> <span class='ocrx_word' id='word_1_813' title='bbox 2679 4197 2722 4228; x_wconf 81' lang='grc'><strong>¹²</strong></span> <span class='ocrx_word' id='word_1_814' title='bbox 2758 4195 2916 4253; x_wconf 84' lang='lat' dir='ltr'><strong>Rom.</strong></span> <span class='ocrx_word' id='word_1_815' title='bbox 2946 4211 3046 4264; x_wconf 77' lang='lat' dir='ltr'><strong>stt,</strong></span> <span class='ocrx_word' id='word_1_816' title='bbox 3076 4197 3131 4252; x_wconf 76' lang='lat'><strong>2.</strong></span> <span class='ocrx_word' id='word_1_817' title='bbox 3187 4183 3252 4230; x_wconf 59' lang='grc'><strong>’⁸³</strong></span> <span class='ocrx_word' id='word_1_818' title='bbox 3275 4196 3317 4252; x_wconf 86' lang='grc'><strong>11</strong></span> <span class='ocrx_word' id='word_1_819' title='bbox 3359 4197 3486 4255; x_wconf 88' lang='lat' dir='ltr'><strong>Cor.</strong></span> 
     </span>
     <span class='ocr_line' id='line_1_110' title="bbox 1916 4264 2777 4325; baseline -0.003 -2"><span class='ocrx_word' id='word_1_820' title='bbox 1916 4279 2016 4323; x_wconf 63' lang='lat' dir='ltr'><strong>lsee</strong></span> <span class='ocrx_word' id='word_1_821' title='bbox 2057 4283 2117 4325; x_wconf 88' lang='lat' dir='ltr'><strong>tt.</strong></span> <span class='ocrx_word' id='word_1_822' title='bbox 2163 4266 2247 4322; x_wconf 78' lang='lat' dir='ltr'><strong>i9.</strong></span> <span class='ocrx_word' id='word_1_823' title='bbox 2328 4265 2553 4322; x_wconf 77' lang='lat' dir='ltr'><strong>&quot;Catii.</strong></span> <span class='ocrx_word' id='word_1_824' title='bbox 2597 4281 2672 4325; x_wconf 87' lang='lat' dir='ltr'><strong>tv.</strong></span> <span class='ocrx_word' id='word_1_825' title='bbox 2723 4264 2777 4320; x_wconf 89' lang='lat'><strong>7.</strong></span> 
     </span>
    </p>
   </div>
   <div class='ocr_carea' id='block_1_109' title="bbox 2328 4264 2777 4334">
    <p class='ocr_par' dir='ltr' id='par_1_109' title="bbox 2328 4264 2777 4334">
     <span class='ocr_line' id='line_1_111' title="bbox 2328 4264 2777 4334; baseline -0.004 -12"><span class='ocrx_word' id='word_1_826' title='bbox 2328 4266 2370 4298; x_wconf 82' lang='lat'>&quot;</span> <span class='ocrx_word' id='word_1_827' title='bbox 2395 4264 2574 4322; x_wconf 32' lang='lat' dir='ltr'><strong>Caut.’</strong></span> <span class='ocrx_word' id='word_1_828' title='bbox 2597 4281 2672 4334; x_wconf 88' lang='lat' dir='ltr'><strong>tv,</strong></span> <span class='ocrx_word' id='word_1_829' title='bbox 2723 4264 2777 4320; x_wconf 90' lang='lat'><strong>7.</strong></span> 
     </span>
    </p>
   </div>
   <div class='ocr_carea' id='block_1_110' title="bbox 1841 4407 2848 4474">
    <p class='ocr_par' dir='ltr' id='par_1_110' title="bbox 1841 4407 2848 4474">
     <span class='ocr_line' id='line_1_112' title="bbox 1841 4407 2848 4474; baseline -0.009 -7"><span class='ocrx_word' id='word_1_830' title='bbox 1841 4411 1886 4467; x_wconf 89' lang='lat' dir='ltr'><strong>D</strong></span> <span class='ocrx_word' id='word_1_831' title='bbox 1915 4407 2136 4464; x_wconf 78' lang='lat' dir='ltr'><strong>Rectius</strong></span> <span class='ocrx_word' id='word_1_832' title='bbox 2173 4421 2278 4461; x_wconf 87' lang='lat' dir='ltr'><strong>ms.</strong></span> <span class='ocrx_word' id='word_1_833' title='bbox 2322 4422 2496 4472; x_wconf 77' lang='lat' dir='ltr'><strong>unus,</strong></span> <span class='ocrx_word' id='word_1_834' title='bbox 2533 4414 2848 4474; x_wconf 82' lang='lat' dir='ltr'><strong>agnoscunt.</strong></span> 
     </span>
    </p>
   </div>
   <div class='ocr_carea' id='block_1_111' title="bbox 1982 4472 3482 4550">
    <p class='ocr_par' dir='ltr' id='par_1_111' title="bbox 1982 4472 3482 4550">
     <span class='ocr_line' id='line_1_113' title="bbox 1982 4472 3482 4550; baseline 0.001 -19"><span class='ocrx_word' id='word_1_835' title='bbox 1982 4478 2094 4550; x_wconf 84' lang='lat'><strong>(68)</strong></span> <span class='ocrx_word' id='word_1_836' title='bbox 2161 4478 2263 4550; x_wconf 16' lang='lat' dir='ltr'><strong>Sic;</strong></span> <span class='ocrx_word' id='word_1_837' title='bbox 2304 4490 2494 4531; x_wconf 88' lang='lat' dir='ltr'><strong>omnes</strong></span> <span class='ocrx_word' id='word_1_838' title='bbox 2539 4472 2667 4530; x_wconf 83' lang='lat' dir='ltr'><strong>niss.</strong></span> <span class='ocrx_word' id='word_1_839' title='bbox 2710 4483 2766 4550; x_wconf 79' lang='lat' dir='ltr'><strong>et</strong></span> <span class='ocrx_word' id='word_1_840' title='bbox 2817 4474 3093 4550; x_wconf 80' lang='lat' dir='ltr'><strong>Rabanus.</strong></span> <span class='ocrx_word' id='word_1_841' title='bbox 3135 4472 3272 4550; x_wconf 71' lang='lat' dir='ltr'><strong>Editi</strong></span> <span class='ocrx_word' id='word_1_842' title='bbox 3311 4489 3482 4533; x_wconf 84' lang='lat' dir='ltr'><strong>vero:</strong></span> 
     </span>
    </p>
   </div>
   <div class='ocr_carea' id='block_1_112' title="bbox 1925 4543 3485 4616">
    <p class='ocr_par' dir='ltr' id='par_1_112' title="bbox 1925 4543 3485 4616">
     <span class='ocr_line' id='line_1_114' title="bbox 1925 4543 3485 4616; baseline -0.003 -16"><span class='ocrx_word' id='word_1_843' title='bbox 1925 4543 2084 4602; x_wconf 64' lang='grc' dir='ltr'><em>γεᾶρ’</em></span> <span class='ocrx_word' id='word_1_844' title='bbox 2117 4563 2178 4601; x_wconf 76' lang='lat' dir='ltr'><strong>ne</strong></span> <span class='ocrx_word' id='word_1_845' title='bbox 2236 4547 2382 4616; x_wconf 65' lang='lat' dir='ltr'><strong>forte</strong></span> <span class='ocrx_word' id='word_1_846' title='bbox 2422 4561 2540 4598; x_wconf 81' lang='lat' dir='ltr'><strong>cum</strong></span> <span class='ocrx_word' id='word_1_847' title='bbox 2588 4543 2784 4616; x_wconf 67' lang='lat' dir='ltr'><strong>venerit</strong></span> <span class='ocrx_word' id='word_1_848' title='bbox 2830 4544 2985 4616; x_wconf 64' lang='lat' dir='ltr'><strong>ira...</strong></span> <span class='ocrx_word' id='word_1_849' title='bbox 3051 4544 3396 4616; x_wconf 58' lang='lat' dir='ltr'><strong>conici-ment</strong></span> <span class='ocrx_word' id='word_1_850' title='bbox 3430 4553 3485 4602; x_wconf 77' lang='lat' dir='ltr'><strong>te</strong></span> 
     </span>
    </p>
   </div>
   <div class='ocr_carea' id='block_1_113' title="bbox 1910 4611 3480 4686">
    <p class='ocr_par' dir='ltr' id='par_1_113' title="bbox 1910 4611 3480 4686">
     <span class='ocr_line' id='line_1_115' title="bbox 1910 4611 3480 4686; baseline 0 -16"><span class='ocrx_word' id='word_1_851' title='bbox 1910 4618 2078 4686; x_wconf 81' lang='lat' dir='ltr'><strong>facias</strong></span> <span class='ocrx_word' id='word_1_852' title='bbox 2115 4611 2306 4686; x_wconf 81' lang='lat' dir='ltr'><strong>(editio</strong></span> <span class='ocrx_word' id='word_1_853' title='bbox 2344 4614 2547 4686; x_wconf 78' lang='lat' dir='ltr'><strong>Veneta</strong></span> <span class='ocrx_word' id='word_1_854' title='bbox 2617 4613 2848 4686; x_wconf 68' lang='lat' dir='ltr'><strong>facient;</strong></span> <span class='ocrx_word' id='word_1_855' title='bbox 2889 4611 3159 4667; x_wconf 77' lang='lat' dir='ltr'><strong>Rabauus</strong></span> <span class='ocrx_word' id='word_1_856' title='bbox 3179 4614 3480 4684; x_wconf 76' lang='lat' dir='ltr'><strong>faciunt)...</strong></span> 
     </span>
    </p>
   </div>
   <div class='ocr_carea' id='block_1_114' title="bbox 1908 4682 3481 4754">
    <p class='ocr_par' dir='ltr' id='par_1_114' title="bbox 1908 4682 3481 4754">
     <span class='ocr_line' id='line_1_116' title="bbox 1908 4682 3481 4754; baseline -0.001 -15"><span class='ocrx_word' id='word_1_857' title='bbox 1908 4682 2157 4739; x_wconf 77' lang='lat' dir='ltr'><strong>similiter</strong></span> <span class='ocrx_word' id='word_1_858' title='bbox 2189 4696 2235 4738; x_wconf 89' lang='lat' dir='ltr'><strong>et</strong></span> <span class='ocrx_word' id='word_1_859' title='bbox 2271 4682 2696 4748; x_wconf 85' lang='lat' dir='ltr'><strong>concupiscentia</strong></span> <span class='ocrx_word' id='word_1_860' title='bbox 2724 4682 2956 4736; x_wconf 89' lang='lat' dir='ltr'><strong>mala....</strong></span> <span class='ocrx_word' id='word_1_861' title='bbox 3000 4694 3046 4736; x_wconf 89' lang='lat' dir='ltr'><strong>et</strong></span> <span class='ocrx_word' id='word_1_862' title='bbox 3071 4695 3259 4737; x_wconf 68' lang='lat' dir='ltr'><strong>cratera</strong></span> <span class='ocrx_word' id='word_1_863' title='bbox 3290 4682 3481 4754; x_wconf 85' lang='lat' dir='ltr'><strong>quibus</strong></span> 
     </span>
    </p>
   </div>
   <div class='ocr_carea' id='block_1_115' title="bbox 1911 4755 2598 4824">
    <p class='ocr_par' dir='ltr' id='par_1_115' title="bbox 1911 4755 2598 4824">
     <span class='ocr_line' id='line_1_117' title="bbox 1911 4755 2598 4824; baseline 0.003 -19"><span class='ocrx_word' id='word_1_864' title='bbox 1911 4771 2138 4824; x_wconf 72' lang='lat' dir='ltr'><strong>prtesens</strong></span> <span class='ocrx_word' id='word_1_865' title='bbox 2178 4755 2457 4824; x_wconf 68' lang='lat' dir='ltr'><strong>saxulum,</strong></span> <span class='ocrx_word' id='word_1_866' title='bbox 2489 4762 2598 4807; x_wconf 89' lang='lat' dir='ltr'><strong>etc.</strong></span> 
     </span>
    </p>
   </div>
   <div class='ocr_carea' id='block_1_116' title="bbox 1983 4820 2880 4890">
    <p class='ocr_par' dir='ltr' id='par_1_116' title="bbox 1983 4820 2880 4890">
     <span class='ocr_line' id='line_1_118' title="bbox 1983 4820 2880 4890; baseline -0.002 -14"><span class='ocrx_word' id='word_1_867' title='bbox 1983 4824 2095 4890; x_wconf 88' lang='lat'><strong>(69)</strong></span> <span class='ocrx_word' id='word_1_868' title='bbox 2138 4824 2296 4887; x_wconf 80' lang='lat' dir='ltr'><strong>Editi,</strong></span> <span class='ocrx_word' id='word_1_869' title='bbox 2348 4821 2519 4874; x_wconf 87' lang='lat' dir='ltr'><strong>amica</strong></span> <span class='ocrx_word' id='word_1_870' title='bbox 2554 4839 2686 4883; x_wconf 90' lang='lat' dir='ltr'><strong>mea,</strong></span> <span class='ocrx_word' id='word_1_871' title='bbox 2722 4820 2880 4878; x_wconf 85' lang='lat' dir='ltr'><strong>male.</strong></span> 
     </span>
    </p>
   </div>
   <div class='ocr_carea' id='block_1_117' title="bbox 1981 4891 3482 4963">
    <p class='ocr_par' dir='ltr' id='par_1_117' title="bbox 1981 4891 3482 4963">
     <span class='ocr_line' id='line_1_119' title="bbox 1981 4891 3482 4963; baseline 0 -19"><span class='ocrx_word' id='word_1_872' title='bbox 1981 4893 2094 4963; x_wconf 85' lang='lat'><strong>(70)</strong></span> <span class='ocrx_word' id='word_1_873' title='bbox 2123 4892 2214 4946; x_wconf 88' lang='lat' dir='ltr'><strong>Sic</strong></span> <span class='ocrx_word' id='word_1_874' title='bbox 2239 4909 2337 4946; x_wconf 87' lang='lat' dir='ltr'><strong>tus.</strong></span> <span class='ocrx_word' id='word_1_875' title='bbox 2370 4891 2568 4958; x_wconf 82' lang='lat' dir='ltr'><strong>Regius</strong></span> <span class='ocrx_word' id='word_1_876' title='bbox 2593 4907 2738 4948; x_wconf 90' lang='lat' dir='ltr'><strong>num.</strong></span> <span class='ocrx_word' id='word_1_877' title='bbox 2768 4891 2926 4948; x_wconf 81' lang='grc'><strong>1659.</strong></span> <span class='ocrx_word' id='word_1_878' title='bbox 2953 4892 3092 4946; x_wconf 73' lang='grc' dir='ltr'><strong>ΕιΙίιί</strong></span> <span class='ocrx_word' id='word_1_879' title='bbox 3126 4908 3257 4947; x_wconf 87' lang='lat' dir='ltr'><strong>vero</strong></span> <span class='ocrx_word' id='word_1_880' title='bbox 3288 4901 3342 4948; x_wconf 89' lang='lat' dir='ltr'><strong>et</strong></span> <span class='ocrx_word' id='word_1_881' title='bbox 3373 4893 3482 4948; x_wconf 74' lang='lat' dir='ltr'><strong>Ra.-</strong></span> 
     </span>
    </p>
   </div>
   <div class='ocr_carea' id='block_1_118' title="bbox 1913 4963 3478 5026">
    <p class='ocr_par' dir='ltr' id='par_1_118' title="bbox 1913 4963 3478 5026">
     <span class='ocr_line' id='line_1_120' title="bbox 1913 4963 3478 5026; baseline 0.001 -10"><span class='ocrx_word' id='word_1_882' title='bbox 1913 4965 2105 5022; x_wconf 87' lang='lat' dir='ltr'><strong>hauus,</strong></span> <span class='ocrx_word' id='word_1_883' title='bbox 2133 4963 2188 5015; x_wconf 83' lang='lat' dir='ltr'><strong>in</strong></span> <span class='ocrx_word' id='word_1_884' title='bbox 2213 4965 2442 5015; x_wconf 83' lang='lat' dir='ltr'><strong>novitate</strong></span> <span class='ocrx_word' id='word_1_885' title='bbox 2480 4977 2660 5015; x_wconf 84' lang='lat' dir='ltr'><strong>sensus</strong></span> <span class='ocrx_word' id='word_1_886' title='bbox 2693 4964 2870 5017; x_wconf 87' lang='lat' dir='ltr'><strong>vestri.</strong></span> <span class='ocrx_word' id='word_1_887' title='bbox 2896 4963 3088 5017; x_wconf 69' lang='lat' dir='ltr'><strong>Castori</strong></span> <span class='ocrx_word' id='word_1_888' title='bbox 3132 4977 3287 5026; x_wconf 82' lang='lat' dir='ltr'><strong>mss.,</strong></span> <span class='ocrx_word' id='word_1_889' title='bbox 3317 4979 3478 5017; x_wconf 82' lang='lat' dir='ltr'><strong>reno-</strong></span> 
     </span>
    </p>
   </div>
   <div class='ocr_carea' id='block_1_119' title="bbox 1908 5031 3474 5088">
    <p class='ocr_par' dir='ltr' id='par_1_119' title="bbox 1908 5031 3474 5088">
     <span class='ocr_line' id='line_1_121' title="bbox 1908 5031 3474 5088; baseline 0 -2"><span class='ocrx_word' id='word_1_890' title='bbox 1908 5034 2113 5086; x_wconf 81' lang='lat' dir='ltr'><strong>vatione</strong></span> <span class='ocrx_word' id='word_1_891' title='bbox 2144 5033 2196 5084; x_wconf 88' lang='lat' dir='ltr'><strong>in</strong></span> <span class='ocrx_word' id='word_1_892' title='bbox 2233 5033 2462 5086; x_wconf 85' lang='lat' dir='ltr'><strong>novitate</strong></span> <span class='ocrx_word' id='word_1_893' title='bbox 2491 5047 2671 5085; x_wconf 72' lang='lat' dir='ltr'><strong>sensus</strong></span> <span class='ocrx_word' id='word_1_894' title='bbox 2703 5034 2877 5086; x_wconf 88' lang='lat' dir='ltr'><strong>vestri.</strong></span> <span class='ocrx_word' id='word_1_895' title='bbox 2909 5031 3111 5088; x_wconf 88' lang='lat' dir='ltr'><strong>Deinde</strong></span> <span class='ocrx_word' id='word_1_896' title='bbox 3135 5047 3268 5087; x_wconf 88' lang='lat' dir='ltr'><strong>mss.</strong></span> <span class='ocrx_word' id='word_1_897' title='bbox 3299 5033 3474 5086; x_wconf 88' lang='lat' dir='ltr'><strong>nostri</strong></span> 
     </span>
    </p>
   </div>
   <div class='ocr_carea' id='block_1_120' title="bbox 1908 5099 3485 5173">
    <p class='ocr_par' dir='ltr' id='par_1_120' title="bbox 1908 5099 3485 5173">
     <span class='ocr_line' id='line_1_122' title="bbox 1908 5099 3485 5173; baseline -0.001 -18"><span class='ocrx_word' id='word_1_898' title='bbox 1908 5117 2098 5173; x_wconf 84' lang='lat' dir='ltr'><strong>omnes</strong></span> <span class='ocrx_word' id='word_1_899' title='bbox 2120 5111 2176 5173; x_wconf 85' lang='lat' dir='ltr'><strong>ct</strong></span> <span class='ocrx_word' id='word_1_900' title='bbox 2200 5101 2476 5173; x_wconf 81' lang='lat' dir='ltr'><strong>Rabanus,</strong></span> <span class='ocrx_word' id='word_1_901' title='bbox 2508 5099 2578 5154; x_wconf 88' lang='lat' dir='ltr'><strong>Ut</strong></span> <span class='ocrx_word' id='word_1_902' title='bbox 2599 5104 2835 5173; x_wconf 80' lang='lat' dir='ltr'><strong>ostendat</strong></span> <span class='ocrx_word' id='word_1_903' title='bbox 2860 5104 2983 5173; x_wconf 83' lang='lat' dir='ltr'><strong>quia</strong></span> <span class='ocrx_word' id='word_1_904' title='bbox 3005 5102 3230 5173; x_wconf 77' lang='lat' dir='ltr'><strong>formam</strong></span> <span class='ocrx_word' id='word_1_905' title='bbox 3267 5102 3485 5171; x_wconf 81' lang='lat' dir='ltr'><strong>quidem</strong></span> 
     </span>
    </p>
   </div>
   <div class='ocr_carea' id='block_1_121' title="bbox 1904 5170 3479 5240">
    <p class='ocr_par' dir='ltr' id='par_1_121' title="bbox 1904 5170 3479 5240">
     <span class='ocr_line' id='line_1_123' title="bbox 1904 5170 3479 5240; baseline -0.002 -14"><span class='ocrx_word' id='word_1_906' title='bbox 1904 5171 2216 5240; x_wconf 85' lang='lat' dir='ltr'><strong>culpabilem</strong></span> <span class='ocrx_word' id='word_1_907' title='bbox 2247 5171 2396 5240; x_wconf 83' lang='lat' dir='ltr'><strong>prius</strong></span> <span class='ocrx_word' id='word_1_908' title='bbox 2422 5170 2648 5238; x_wconf 82' lang='lat' dir='ltr'><strong>formam</strong></span> <span class='ocrx_word' id='word_1_909' title='bbox 2680 5170 2920 5236; x_wconf 63' lang='lat' dir='ltr'><strong>malitiae,</strong></span> <span class='ocrx_word' id='word_1_910' title='bbox 2951 5181 3057 5226; x_wconf 89' lang='lat' dir='ltr'><strong>etc.</strong></span> <span class='ocrx_word' id='word_1_911' title='bbox 3097 5170 3318 5226; x_wconf 86' lang='lat' dir='ltr'><strong>Rectius</strong></span> <span class='ocrx_word' id='word_1_912' title='bbox 3351 5185 3479 5224; x_wconf 87' lang='lat' dir='ltr'><strong>vero</strong></span> 
     </span>
    </p>
   </div>
   <div class='ocr_carea' id='block_1_122' title="bbox 1904 5240 3480 5310">
    <p class='ocr_par' dir='ltr' id='par_1_122' title="bbox 1904 5240 3480 5310">
     <span class='ocr_line' id='line_1_124' title="bbox 1904 5240 3480 5310; baseline -0.001 -14"><span class='ocrx_word' id='word_1_913' title='bbox 1904 5243 2032 5296; x_wconf 89' lang='lat' dir='ltr'><strong>editi</strong></span> <span class='ocrx_word' id='word_1_914' title='bbox 2063 5251 2120 5294; x_wconf 89' lang='lat' dir='ltr'><strong>ut</strong></span> <span class='ocrx_word' id='word_1_915' title='bbox 2137 5241 2188 5295; x_wconf 91' lang='lat' dir='ltr'><strong>in</strong></span> <span class='ocrx_word' id='word_1_916' title='bbox 2209 5252 2392 5296; x_wconf 90' lang='lat' dir='ltr'><strong>nostro</strong></span> <span class='ocrx_word' id='word_1_917' title='bbox 2409 5249 2579 5294; x_wconf 81' lang='lat' dir='ltr'><strong>textu.</strong></span> <span class='ocrx_word' id='word_1_918' title='bbox 2599 5241 3000 5305; x_wconf 86' lang='lat' dir='ltr'><strong>Genebrardus,</strong></span> <span class='ocrx_word' id='word_1_919' title='bbox 3029 5256 3127 5310; x_wconf 86' lang='lat' dir='ltr'><strong>pro</strong></span> <span class='ocrx_word' id='word_1_920' title='bbox 3148 5240 3480 5310; x_wconf 85' lang='lat' dir='ltr'><strong>culpabilem,</strong></span> 
     </span>
    </p>
   </div>
   <div class='ocr_carea' id='block_1_123' title="bbox 1909 5310 2769 5381">
    <p class='ocr_par' dir='ltr' id='par_1_123' title="bbox 1909 5310 2769 5381">
     <span class='ocr_line' id='line_1_125' title="bbox 1909 5310 2769 5381; baseline 0 -17"><span class='ocrx_word' id='word_1_921' title='bbox 1909 5326 2192 5381; x_wconf 87' lang='lat' dir='ltr'><strong>perperam</strong></span> <span class='ocrx_word' id='word_1_922' title='bbox 2230 5312 2396 5381; x_wconf 77' lang='lat' dir='ltr'><strong>habet</strong></span> <span class='ocrx_word' id='word_1_923' title='bbox 2427 5310 2769 5378; x_wconf 83' lang='lat' dir='ltr'><strong>probabilem.</strong></span> 
     </span>
    </p>
   </div>
   <div class='ocr_carea' id='block_1_124' title="bbox 1990 5379 3191 5449">
    <p class='ocr_par' dir='ltr' id='par_1_124' title="bbox 1990 5379 3191 5449">
     <span class='ocr_line' id='line_1_126' title="bbox 1990 5379 3191 5449; baseline 0.001 -17"><span class='ocrx_word' id='word_1_924' title='bbox 1990 5381 2102 5449; x_wconf 85' lang='grc'>(71)</span> <span class='ocrx_word' id='word_1_925' title='bbox 2132 5381 2295 5444; x_wconf 87' lang='lat' dir='ltr'><strong>Editi,</strong></span> <span class='ocrx_word' id='word_1_926' title='bbox 2328 5379 2395 5433; x_wconf 87' lang='lat' dir='ltr'><strong>In</strong></span> <span class='ocrx_word' id='word_1_927' title='bbox 2432 5383 2760 5434; x_wconf 84' lang='lat' dir='ltr'><strong>renovatione</strong></span> <span class='ocrx_word' id='word_1_928' title='bbox 2794 5397 2971 5435; x_wconf 84' lang='lat' dir='ltr'><strong>sensus</strong></span> <span class='ocrx_word' id='word_1_929' title='bbox 3006 5381 3191 5434; x_wconf 86' lang='lat' dir='ltr'><strong>nostri.</strong></span> 
     </span>
    </p>
   </div>
   <div class='ocr_carea' id='block_1_125' title="bbox 1990 5450 3482 5521">
    <p class='ocr_par' dir='ltr' id='par_1_125' title="bbox 1990 5450 3482 5521">
     <span class='ocr_line' id='line_1_127' title="bbox 1990 5450 3482 5521; baseline -0.001 -19"><span class='ocrx_word' id='word_1_930' title='bbox 1990 5450 2099 5519; x_wconf 75' lang='lat'><strong>(72)</strong></span> <span class='ocrx_word' id='word_1_931' title='bbox 2132 5450 2291 5521; x_wconf 82' lang='lat' dir='ltr'><strong>Editi,</strong></span> <span class='ocrx_word' id='word_1_932' title='bbox 2333 5459 2380 5503; x_wconf 89' lang='lat' dir='ltr'><strong>et</strong></span> <span class='ocrx_word' id='word_1_933' title='bbox 2437 5461 2691 5521; x_wconf 76' lang='lat' dir='ltr'><strong>quantum</strong></span> <span class='ocrx_word' id='word_1_934' title='bbox 2750 5451 2868 5520; x_wconf 88' lang='lat' dir='ltr'><strong>quis</strong></span> <span class='ocrx_word' id='word_1_935' title='bbox 2917 5451 3240 5518; x_wconf 55' lang='lat' dir='ltr'><strong>qttOlidiL...</strong></span> <span class='ocrx_word' id='word_1_936' title='bbox 3279 5459 3482 5521; x_wconf 85' lang='lat' dir='ltr'><strong>quanto</strong></span> 
     </span>
    </p>
   </div>
   <div class='ocr_carea' id='block_1_126' title="bbox 1921 5517 3477 5590">
    <p class='ocr_par' dir='ltr' id='par_1_126' title="bbox 1921 5517 3477 5590">
     <span class='ocr_line' id='line_1_128' title="bbox 1921 5517 3477 5590; baseline -0.001 -18"><span class='ocrx_word' id='word_1_937' title='bbox 1921 5517 2088 5572; x_wconf 78' lang='lat' dir='ltr'><strong>altius</strong></span> <span class='ocrx_word' id='word_1_938' title='bbox 2112 5519 2406 5590; x_wconf 84' lang='lat' dir='ltr'><strong>intellectus</strong></span> <span class='ocrx_word' id='word_1_939' title='bbox 2442 5517 2655 5590; x_wconf 78' lang='lat' dir='ltr'><strong>incedit,</strong></span> <span class='ocrx_word' id='word_1_940' title='bbox 2691 5517 2835 5590; x_wconf 77' lang='lat' dir='ltr'><strong>tanta</strong></span> <span class='ocrx_word' id='word_1_941' title='bbox 2865 5517 3064 5588; x_wconf 80' lang='lat' dir='ltr'><strong>semper</strong></span> <span class='ocrx_word' id='word_1_942' title='bbox 3111 5517 3477 5590; x_wconf 53' lang='lat' dir='ltr'><strong>novus&#39;mogis</strong></span> 
     </span>
    </p>
   </div>
   <div class='ocr_carea' id='block_1_127' title="bbox 1921 5589 3481 5670">
    <p class='ocr_par' dir='ltr' id='par_1_127' title="bbox 1921 5589 3481 5670">
     <span class='ocr_line' id='line_1_129' title="bbox 1921 5589 3481 5670; baseline 0 -27"><span class='ocrx_word' id='word_1_943' title='bbox 1921 5599 1967 5643; x_wconf 85' lang='lat' dir='ltr'><strong>et</strong></span> <span class='ocrx_word' id='word_1_944' title='bbox 1986 5589 2227 5668; x_wconf 42' lang='lat' dir='ltr'><strong>.thtitlt&#39;e</strong></span> <span class='ocrx_word' id='word_1_945' title='bbox 2255 5589 2436 5667; x_wconf 79' lang='lat' dir='ltr'><strong>novior</strong></span> <span class='ocrx_word' id='word_1_946' title='bbox 2457 5589 2696 5670; x_wconf 67' lang='lat' dir='ltr'><strong>efﬁcitur.</strong></span> <span class='ocrx_word' id='word_1_947' title='bbox 2717 5589 2914 5645; x_wconf 86' lang='lat' dir='ltr'><strong>Deinde</strong></span> <span class='ocrx_word' id='word_1_948' title='bbox 2938 5605 3071 5670; x_wconf 71' lang='lat' dir='ltr'><strong>mss.</strong></span> <span class='ocrx_word' id='word_1_949' title='bbox 3097 5592 3335 5670; x_wconf 78' lang='lat' dir='ltr'><strong>quidam,</strong></span> <span class='ocrx_word' id='word_1_950' title='bbox 3374 5589 3415 5643; x_wconf 66' lang='lat' dir='ltr'><strong>iV</strong></span> <span class='ocrx_word' id='word_1_951' title='bbox 3427 5607 3481 5641; x_wconf 80' lang='lat' dir='ltr'><strong>c-</strong></span> 
     </span>
    </p>
   </div>
   <div class='ocr_carea' id='block_1_128' title="bbox 1923 5658 3474 5732">
    <p class='ocr_par' dir='ltr' id='par_1_128' title="bbox 1923 5658 3474 5732">
     <span class='ocr_line' id='line_1_130' title="bbox 1923 5658 3474 5732; baseline -0.001 -19"><span class='ocrx_word' id='word_1_952' title='bbox 1923 5658 2030 5713; x_wconf 33' lang='lat' dir='ltr'><strong>st‘io</strong></span> <span class='ocrx_word' id='word_1_953' title='bbox 2059 5668 2231 5713; x_wconf 81' lang='lat' dir='ltr'><strong>autent</strong></span> <span class='ocrx_word' id='word_1_954' title='bbox 2255 5659 2298 5712; x_wconf 82' lang='lat' dir='ltr'><strong>si</strong></span> <span class='ocrx_word' id='word_1_955' title='bbox 2328 5659 2568 5712; x_wconf 87' lang='lat' dir='ltr'><strong>renovari</strong></span> <span class='ocrx_word' id='word_1_956' title='bbox 2597 5668 2762 5727; x_wconf 81' lang='lat' dir='ltr'><strong>potest</strong></span> <span class='ocrx_word' id='word_1_957' title='bbox 2788 5677 2941 5715; x_wconf 83' lang='lat' dir='ltr'><strong>sensu</strong></span> <span class='ocrx_word' id='word_1_958' title='bbox 2967 5659 3055 5732; x_wconf 87' lang='lat' dir='ltr'><strong>qui</strong></span> <span class='ocrx_word' id='word_1_959' title='bbox 3081 5658 3221 5732; x_wconf 81' lang='lat' dir='ltr'><strong>piger</strong></span> <span class='ocrx_word' id='word_1_960' title='bbox 3249 5672 3346 5728; x_wconf 83' lang='lat' dir='ltr'><strong>est,</strong></span> <span class='ocrx_word' id='word_1_961' title='bbox 3370 5668 3474 5714; x_wconf 77' lang='lat' dir='ltr'><strong>etc.</strong></span> 
     </span>
    </p>
   </div>
  </div>
