4048 6202
429 154 563 228 i207

1852 151 2169 210 ORIGENIS

3534 147 3679 206 1208

420 281 570 336 sunt,
600 284 788 324 verum
823 276 878 322 et
909 268 1180 338 explicare
1227 270 1468 339 apertius
1495 270 1632 340 (75).
1665 278 1726 325 et
1757 269 1988 325 manife-
2019 273 2066 326 Α
2095 266 2186 320 Dei
2225 267 2337 320 hinc
2381 265 2521 318 bona
2555 269 2659 328 est,
2707 271 2762 317 et
2800 259 3164 330 beneplacita,
3197 267 3361 330 atque
3394 263 3678 330 perfecta;

423 371 568 417 stare
597 359 928 432 diligentius.
969 359 1150 413 Potest
1183 367 1368 415 tamen
1414 361 1530 415 lieri
1567 371 1626 415 ut
1668 375 1772 416 non
1811 360 1990 416 oumis

423 467 617 508 sensus
649 451 701 505 in
725 451 826 504 hoc
857 449 1029 518 possit
1059 451 1325 514 renovari,
1357 461 1416 504 ut
1447 451 1722 519 agnitione
1749 451 1991 508 scientia:

423 541 699 596 dilatetur.
731 538 909 593 Potest
936 539 1080 594 enim
1109 544 1359 595 renovari
1391 555 1585 597 sensus
1609 543 1675 594 ad
1696 541 1988 612 justitiam,

421 635 488 686 ad
523 632 939 694 continentiam,
970 631 1036 685 ad
1076 633 1530 697 misericordiam,
1564 632 1751 698 ﬁdem,
1780 633 1996 705 patien-

424 723 574 776 tiam.
612 720 718 778 Sed
767 722 889 776 vide
918 723 1050 792 quid
1087 723 1141 778 in
1191 724 1544 794 sequentibus
1589 724 1716 780 huic
1760 740 1990 779 renova-

421 813 554 868 tioni
613 827 808 869 sensus
871 815 1134 888 adjungat
1181 817 1493 886 Apostolus.
1531 814 1598 870 Ut
1632 815 1881 886 probetis,
1911 816 1993 870 in-

417 902 536 974 quit
551 902 685 975 (τι),
698 920 815 975 qua:
829 905 894 960 sit
911 907 1152 962 voluntas
1173 906 1288 974 Dei,
1307 907 1446 978 quod
1459 908 1671 971 bonum,
1687 916 1733 964 et
1751 907 1992 976 benepla-

417 995 606 1061 citum,
628 1003 676 1050 et
701 997 1006 1066 perfectum.
1036 997 1102 1051 Et
1134 997 1320 1067 utique
1349 997 1450 1052 nisi
1479 996 1544 1050 ad
1569 1011 1786 1052 omnem
1815 996 1990 1052 scien-

417 1085 549 1140 tiam
597 1096 890 1142 renovatus
919 1089 987 1143 sit
1030 1103 1248 1152 sensus,
1295 1097 1352 1143 et
1399 1096 1543 1142 totus
1591 1087 1685 1142 Dei
1723 1086 1988 1155 sapientia

420 1174 778 1240 illuminatus,
823 1177 1059 1248 probare
1112 1194 1216 1233 non
1252 1188 1432 1250 potest
1463 1193 1584 1250 qua:
1625 1179 1697 1233 sit
1741 1177 1991 1234 voluntas

420 1263 536 1319 Dei.
578 1263 633 1319 In
671 1265 856 1321 multis
898 1268 1041 1321 enim
1085 1277 1308 1338 putatur
1349 1281 1473 1322 esse
1506 1266 1756 1321 voluntas
1789 1264 1906 1333 Dei,
1935 1272 1991 1318 et

418 1369 525 1410 non
556 1363 660 1410 est.
689 1358 750 1411 in
779 1371 888 1427 quo
927 1357 980 1412 hi
1030 1357 1222 1426 utique
1261 1357 1350 1426 qui
1385 1371 1606 1411 sensum
1646 1370 1751 1416 non
1789 1354 1992 1409 habent

419 1454 760 1512 renovatum,
801 1455 988 1502 errant
1028 1457 1080 1502 et
1115 1445 1395 1506 falluntur.
1436 1447 1530 1502 Est
1567 1455 1747 1502 autem
1799 1460 1989 1501 revera

419 1551 528 1592 non
561 1534 930 1609 cujuscunque
976 1553 1170 1594 sensus
1197 1539 1334 1611 (75),
1375 1539 1472 1596 sed
1522 1539 1682 1595 valde
1718 1537 1987 1602 renovati,

2096 367 2152 410 et
2185 371 2290 410 non
2325 354 2448 409 talis
2478 369 2597 422 qua:
2621 353 2793 423 magis
2821 352 3110 407 desideriis
3143 352 3346 406 nostris
3367 351 3676 424 indulgeat,

2096 463 2255 517 quam
2305 447 2631 501 utilitatibus
2678 443 2954 500 consulat.
2997 443 3105 499 Sed
3151 442 3263 512 jam
3293 441 3361 500 ad
3389 448 3676 514 sequentia

2098 548 2502 593 convertamur.

2163 629 2220 682 2.
2253 628 2381 682 Dico
2426 630 2566 683 enim
2611 643 2706 696 per
2746 628 3006 698 gratiam,
3059 646 3176 697 quia
3220 632 3350 686 data
3395 642 3471 685 est
3522 633 3678 694 mihi,

2098 720 2334 774 omnibus
2379 721 2470 790 qui
2508 731 2627 774 sunt
2675 722 2810 774 inter
2856 736 2945 774 eos
2983 737 3002 774 :
3041 738 3144 774 non
3184 722 3302 792 plus
3345 741 3527 793 sapere
3561 724 3680 793 (79)

2096 826 2254 880 quam
2288 819 2488 878 oportet
2529 825 2712 878 sapere
2736 849 2752 875 ,
2806 810 2898 864 sed
2953 827 3138 878 sapere
3177 814 3248 865 ad
3297 813 3634 868 sobrietatem
3657 826 3680 864 :

2097 902 2380 970 unicuique
2420 901 2554 955 sicut
2595 899 2772 952 divisit
2825 898 2966 954 Deus
3004 917 3303 954 mensuram
3332 902 3482 970 fidei.
3522 900 3681 954 Sicut

2097 991 2234 1045 enim
2297 991 2353 1044 in
2401 1006 2506 1044 uno
2561 1005 2778 1058 corpore
2856 992 3023 1044 multa
3087 993 3322 1044 membra
3384 991 3678 1056 habemus,

2097 1082 2324 1136 ntembra
2369 1091 2544 1135 autem
2590 1081 2767 1134 omnia
2817 1097 2919 1134 non
2953 1080 3190 1136 eumdem
3227 1094 3402 1136 actum
3441 1084 3680 1136 habent:

2095 1171 2170 1225 ita
2207 1172 2358 1226 multi
2405 1187 2570 1225 unum
2605 1187 2797 1241 corpus
2840 1187 3023 1226 sumus
3067 1173 3121 1226 in
3166 1171 3416 1238 Christo;
3473 1173 3680 1243 singuli

2095 1271 2271 1316 autem
2297 1261 2435 1325 alter
2465 1261 2684 1316 alterius
2710 1263 2939 1316 membra
2953 1263 3020 1316 ὀ.
3048 1263 3337 1317 Sciendum
3361 1264 3540 1332 primo
3571 1275 3681 1329 est,

2095 1354 2238 1422 quod
2268 1355 2356 1409 ubi
2375 1370 2471 1408 nos
2497 1353 2786 1421 habemus,
2805 1355 3048 1408 omnibus
3068 1354 3162 1425 qui
3179 1365 3299 1409 sunt
3329 1358 3467 1408 inter
3485 1373 3602 1419 eos,
3623 1356 3681 1410 in

2095 1443 2286 1500 Graeco
2340 1445 2589 1512 habetur,
2633 1445 2775 1499 omni
2808 1446 2899 1515 qui
2945 1454 3020 1499 est
3059 1447 3114 1498 in
3173 1448 3335 1500 vobis.
3359 1445 3462 1513 Qui
3490 1461 3683 1501 sermo

2097 1536 2285 1606 utique
2325 1536 2392 1590 ad
2435 1551 2530 1592 eos
2561 1536 2760 1590 indicat
2805 1537 3034 1590 verbum
3081 1535 3220 1598 ﬁeri,
3255 1537 3346 1605 qui
3386 1553 3510 1592 cum
3548 1549 3683 1594 ante

417 1637 471 1682 et
499 1627 580 1698 (ut
609 1628 681 1684 ita
710 1629 913 1702 dicam)
944 1631 1011 1686 ad
1045 1631 1136 1686 Dei
1180 1630 1295 1700 jam
1342 1631 1635 1704 imaginem
1685 1628 1989 1696 reformati,
2022 1627 2066 1684 Β
2096 1643 2200 1704 non
2231 1625 2460 1693 fuerint,
2505 1641 2647 1682 nunc
2695 1641 2816 1681 esse
2859 1635 3164 1694 coeperunt.
3220 1626 3365 1681 Deus
3411 1628 3588 1692 enim,
3621 1638 3684 1681 ut

419 1720 652 1786 probare
697 1721 750 1777 in
803 1723 1033 1793 singulis
1077 1724 1388 1793 quibusque
1431 1738 1554 1792 qua:
1601 1722 1834 1793 agimus,
1869 1737 1992 1792 quae

421 1811 712 1881 loquimur,
757 1828 878 1880 quae
921 1814 1243 1884 cogitainus,
1285 1815 1327 1869 si
1359 1815 1431 1868 sit
1471 1813 1724 1868 voluntas
1774 1812 1903 1879 Dei;
1937 1823 1992 1870 et

421 1903 556 1957 nihil
602 1903 824 1959 omnino
864 1904 948 1958 vel
989 1918 1174 1972 agere,
1223 1903 1309 1958 vel
1353 1904 1557 1967 dicere,
1613 1903 1694 1958 vel
1751 1905 1992 1975 cogitare

419 1993 562 2062 quod
589 1993 856 2048 voluntati
923 1995 1012 2049 Dei
1063 2010 1171 2048 non
1225 1994 1460 2048 senserit
1514 1996 1828 2048 convenire.
1860 1993 1993 2058 Qua:

419 2084 507 2148 sit,
543 2084 738 2153 inquit,
770 2084 1014 2138 voluntas
1057 2085 1171 2148 Dei,
1212 2085 1354 2154 quod
1386 2085 1600 2147 bonum,
1631 2095 1676 2139 et
1702 2085 1992 2155 beneplaci-

420 2187 551 2242 tum,
581 2185 629 2229 et
665 2175 972 2244 perfectum.
1011 2174 1068 2231 Si
1109 2176 1408 2231 secundum
1441 2176 1543 2231 hoc
1575 2175 1817 2244 legamus
1844 2176 1990 2245 quod

420 2264 475 2317 in
508 2262 721 2318 Latinis
771 2261 1050 2318 codicibus
1089 2263 1417 2328 invenimus,
1466 2263 1555 2318 hic
1598 2263 1702 2318 erit
1749 2278 1988 2320 sensus:

418 2351 554 2419 Quia
587 2353 837 2408 voluntas
874 2353 968 2409 Dei
1018 2363 1100 2410 est
1147 2355 1410 2425 quidquid
1452 2357 1676 2421 bonum,
1723 2365 1778 2410 et
1824 2357 1991 2410 bene~

419 2443 700 2512 placitum,
729 2455 785 2500 et
809 2445 1107 2514 perlectum
1134 2455 1216 2500 est
1234 2446 1345 2516 (76)
1371 2464 1384 2500 :
1413 2460 1511 2500 nec
1533 2447 1829 2517 potest(77)
1847 2445 1991 2500 aliud

419 2535 558 2590 velle
604 2535 767 2603 Deus,
813 2537 914 2592 ui'si
970 2539 1112 2607 quod
1153 2538 1353 2592 bonum
1386 2548 1470 2592 est
1498 2555 1512 2591 :
1539 2547 1592 2592 et
1623 2538 1812 2606 utique
1846 2537 1990 2608 quod

425 2626 624 2680 bonum
664 2637 750 2681 est
777 2637 832 2682 et
876 2629 1198 2698 perfectum,
1231 2631 1352 2684 sine
1385 2629 1546 2685 dubio
1594 2629 1698 2684 hoc
1734 2630 1841 2685 Deo
1873 2631 1992 2700 pla-

427 2724 532 2770 cet.
586 2715 645 2770 Si
689 2731 817 2771 vero
861 2717 1156 2771 secundum
1214 2719 1319 2773 hoc
1369 2721 1512 2788 quod
1556 2719 1793 2773 diximus
1850 2719 1992 2787 apud

421 2804 639 2860 Graecos
669 2806 879 2872 haberi,
909 2807 960 2862 id
1005 2817 1089 2862 est
1131 2819 1186 2863 ut
1227 2810 1453 2878 probetis
1488 2826 1605 2880 qua:
1633 2811 1700 2865 sit
1750 2811 1992 2867 voluntas

420 2895 518 2950 Dei
547 2895 702 2960 bona,
737 2907 783 2950 et
811 2897 1156 2968 beneplacita,
1184 2910 1231 2954 et
1263 2900 1516 2970 perfecta,
1549 2910 1730 2970 potest
1768 2902 1987 2971 quidem

421 2985 560 3038 idem
585 2986 728 3054 quod
767 3000 930 3058 supra
962 2988 1220 3056 diximus,
1265 2990 1460 3054 videri,
1491 2991 1635 3059 quod
1662 2990 1775 3063 (78)
1809 2993 1991 3048 omnis

422 3073 665 3129 voluntas
698 3076 792 3130 Dei
825 3078 962 3132 bona
992 3079 1088 3144 sit,
1125 3088 1180 3134 et
1232 3080 1598 3150 beneplacita,
1637 3089 1694 3136 et
1723 3082 1988 3152 perlecta.

419 3165 604 3220 Potest
634 3177 815 3222 autem
841 3177 896 3223 et
928 3169 1034 3224 tale
1058 3170 1264 3240 aliquid
1297 3171 1348 3226 in
1381 3173 1465 3228 liis
1491 3174 1836 3229 sermonibus
1864 3189 1991 3230 sen-

421 3255 532 3318 tiri,
567 3257 694 3325 quia
739 3257 832 3312 Dei
873 3259 1090 3328 quidem
1137 3260 1389 3316 voluntas
1431 3277 1647 3330 semper
1689 3264 1830 3319 bona
1874 3273 1986 3330 est,

418 3348 513 3402 sed
546 3362 654 3402 non
685 3363 900 3419 semper
931 3349 1071 3405 bona
1099 3351 1215 3422 ejus
1242 3352 1521 3408 voluntate
1547 3355 1848 3422 dispensari
1879 3371 1992 3412 me-

421 3453 626 3507 remur,
657 3455 830 3512 neque
859 3441 1197 3512 beneplacita
1229 3453 1285 3499 et
1319 3443 1581 3512 perlecta.
1609 3446 1772 3501 Verbi
1801 3463 1987 3517 causa,

419 3539 478 3584 nt
509 3542 803 3603 angeretur
831 3533 960 3590 Saul
997 3536 1048 3591 in
1100 3551 1278 3608 regem
1335 3537 1436 3594 fuit
1483 3540 1698 3610 quidem
1731 3542 1990 3598 voluntas

421 3621 538 3687 Dei,
561 3624 657 3679 sed
687 3639 793 3680 non
827 3625 1189 3697 beneplacita,
1230 3644 1406 3698 neque
1444 3633 1706 3700 perlecta.
1739 3635 1990 3691 Irascens

417 3713 566 3766 enim
587 3714 804 3784 populo,
833 3717 924 3786 qui
957 3718 1284 3774 refutaverat
1314 3720 1482 3776 Deum
1511 3724 1713 3779 habere
1741 3741 1903 3796 super
1931 3741 1992 3784 se

421 3819 623 3874 regem,
651 3819 832 3877 regem
861 3809 940 3864 eis
969 3810 1244 3867 hominem
1271 3813 1436 3883 jussit
1469 3814 1764 3872 institui“.
1798 3815 1904 3874 Sed
1937 3826 1992 3874 et

417 3895 686 3966 Propheta
730 3914 799 3955 ex
849 3910 1079 3970 persona
1116 3903 1208 3959 Dei
1258 3905 1390 3960 dicit
1421 3924 1434 3960 :
1463 3905 1658 3962 Dimisi
1690 3924 1779 3964 eos
1805 3925 1990 3963 secun-

419 3989 546 4041 dum
575 3988 836 4043 desideria
875 3993 1051 4047 cordis
1091 4009 1295 4061 eorum,
1328 3991 1384 4050 ut
1429 3997 1564 4051 irent
1593 4000 1650 4052 in
1687 4000 1989 4063 cupiditati-

419 4082 514 4132 bus
547 4079 658 4133 suis
675 4080 746 4134 ".
777 4079 871 4137 Sic
918 4095 1048 4153 ergo
1092 4084 1383 4154 aliquando
1414 4089 1473 4142 lit
1503 4089 1754 4146 voluntas
1789 4090 1882 4146 Dei
1932 4092 1988 4146 in

420 4173 506 4227 his
555 4172 608 4226 in
657 4173 852 4244 quibus
883 4176 1320 4246 concupiscimus
1353 4190 1410 4234 et
1443 4181 1816 4238 desideramus
1843 4197 1860 4236 :
1892 4184 1988 4240 sed

416 4265 508 4335 qui
545 4276 836 4323 renovatus
877 4279 962 4324 est
996 4286 1180 4335 sensu,
1211 4273 1443 4340 probare
1472 4274 1636 4332 debet
1661 4277 1706 4331 si
1735 4277 1987 4334 voluntas

493 4357 576 4434 1⁸1
615 4359 746 4434 Reg.
772 4375 869 4425 vu,
905 4359 936 4413 7
965 4377 1081 4434 seq.

417 4428 434 4481 1
461 4429 586 4487 Cor.
614 4444 678 4493 ιι.
703 4432 756 4484 Α.

487 4523 598 4598 (Ῑᾷ)
639 4523 811 4598 15(ιίιῇ
841 4543 904 4598 ea
930 4528 1197 4598 applicare
1225 4529 1480 4592 apertius.

487 4592 596 4664 (7i)
628 4592 828 4671 Inquit.
865 4592 1028 4671 Deest
1065 4598 1117 4652 in
1157 4599 1320 4671 editis
1363 4609 1418 4653 et
1453 4601 1518 4671 in
1567 4600 1810 4671 pluribus
1841 4619 1974 4660 mss.

411 4675 630 4717 ‘nccnon
679 4667 819 4732 apud
870 4667 1175 4730 Rabanutn.
1207 4668 1302 4723 sed
1333 4667 1640 4726 restituitur
1667 4688 1736 4727 ex
1768 4673 1978 4730 duobus

419 4749 547 4788 mss.
585 4733 790 4808 lttjgiis.
833 4735 1038 4791 Deinde
1087 4754 1217 4793 mss.
1247 4737 1490 4808 plerique
1516 4751 1570 4796 et
1594 4743 1749 4804 editi,
1787 4741 1850 4796 Et
1875 4743 1980 4798 uti-

413 4819 513 4882 que
551 4805 654 4860 nisi
687 4804 756 4857 ad
798 4822 974 4860 omnes
1005 4804 1308 4882 (Datianus.
1363 4804 1430 4862 ad
1461 4811 1661 4882 omnia)
1701 4821 1978 4868 renovatus

415 4877 481 4952 sit
504 4889 706 4952 sensus,
741 4885 790 4929 et
815 4877 1292 4952 totus__(l_iabanu§,
1331 4888 1381 4952 et
1419 4881 1549 4952 tota)
1595 4877 1980 4952 Deisapientia

415 4941 768 5007 illuminatus,
803 4953 910 5000 etc.
932 4941 1051 5017 Sed
1082 4964 1210 5004 mss.
1242 4941 1438 5017 Regius
1481 4941 1628 5004 num.
1657 4941 1810 5011 1659.
1844 4961 1900 5006 ιιι
1929 4953 1980 5008 iu

418 5023 602 5088 nostro
636 5024 810 5088 textu,
842 5015 943 5088 nisi
983 5019 1124 5087 quod
1169 5033 1268 5086 pro
1303 5015 1350 5072 et
1403 5031 1542 5073 totus
1574 5020 1672 5074 Dei
1702 5024 1980 5088 sapientia,

420 5081 690 5158 habegtet
733 5086 808 5138 ita
849 5081 1262 5158 Deiis'apieniia.
1305 5088 1470 5144 Paulo
1513 5101 1632 5158 post
1680 5081 1808 5144 vero
1839 5081 1980 5146 idem

422 5167 522 5230 ius.
547 5153 746 5230 Regius
768 5166 823 5230 et
844 5157 972 5210 editi
992 5153 1193 5211 habent
1228 5175 1452 5230 numero
1479 5153 1762 5230 singulari,
1793 5161 1848 5214 in
1877 5177 1980 5229 quo

419 5221 462 5296 is
488 5221 671 5296 utique
691 5227 784 5295 qui
815 5243 1022 5279 sensum
1060 5244 1162 5280 non
1189 5228 1342 5281 habet
1383 5221 1703 5294 renovaimu,
1735 5221 1901 5296 errat,
1931 5239 1980 5284 et

420 5289 659 5416 migrari
683 5289 774 5349 sed
803 5299 984 5352 caeteri
1018 5313 1146 5352 mss.
1176 5307 1231 5352 et
1253 5296 1506 5355 Rabauus
1533 5289 1814 5370 pluraliter
1843 5289 1900 5355 ui
1926 5301 1978 5354 in

548 5377 606 5416 ro
663 5378 808 5416 extu.

548 5377 606 5416 ro
643 5377 808 5419 ιεκιιι.

643 5432 804 5506 ξιιίιί,
837 5452 938 5490 non
966 5436 1217 5506 cujusque
1245 5455 1448 5493 sensus.

638 5500 1039 5579 Si_secundum'
1081 5500 1176 5560 hoc
1217 5508 1448 5577 legamus
1492 5508 1629 5578 qttotl
1677 5512 1730 5562 in
1775 5511 1976 5565 Latinis

423 5573 688 5628 radicibus
713 5574 1020 5642 invenimus,
1067 5579 1148 5630 hic
1189 5573 1284 5633 erit
1322 5573 1540 5632 sensus:
1567 5580 1704 5644 Quia
1738 5583 1972 5637 t'olttnttts

2015 2950 2062 3010 (Ξ

1162 4364 1205 4397 "
1230 4363 1431 4420 Psalm.
1456 4381 1619 4433 Lxxx,
1644 4367 1730 4422 13.
1807 4368 1854 4400 ’⁸
1879 4369 2038 4424 Rom.
2061 4385 2162 4433 xu,
2203 4369 2238 4423 5
2286 4383 2402 4437 seq.
2475 4367 2680 4420 “ltom.
2714 4381 2789 4429 tv,
2851 4366 2935 4420 17.

2095 1703 2236 1774 idem
2263 1718 2556 1790 Apostolus
2579 1717 2691 1788 (80)
2725 1719 2882 1782 ait",
2918 1729 3066 1773 vocat
3092 1735 3208 1789 qua:
3239 1736 3344 1773 non
3377 1729 3521 1787 sunt,
3553 1734 3683 1774 tan-

2091 1827 2249 1880 quam
2281 1825 2400 1880 qute
2424 1820 2566 1864 sunt.
2610 1807 2777 1882 646
2803 1807 2916 1863 Non
2949 1819 3074 1863 sunt
3101 1820 3278 1864 autem
3303 1810 3356 1865 hi
3383 1811 3476 1880 qui
3505 1812 3684 1880 parti-

2093 1901 2241 1969 cipes
2292 1914 2397 1954 non
2457 1910 2584 1954 sunt
2633 1900 2750 1969 ejus
2787 1899 2882 1969 qui
2926 1915 3056 1954 vere
3108 1910 3216 1967 est,
3267 1903 3357 1970 qui
3408 1903 3547 1956 dixit
3609 1902 3682 1956 ad

2094 1990 2318 2060 Moysen
2335 1991 2383 2022 "
2413 2007 2427 2044 :
2463 1989 2566 2045 Die
2593 1990 2724 2058 ﬁliis
2753 1989 2928 2046 Israel
2951 1990 3065 2061 (81)
3101 2008 3115 2044 :
3146 1990 3252 2056 Qui
3274 2004 3370 2057 est,
3407 1995 3552 2047 misit
3593 2009 3683 2049 me

2092 2083 2161 2134 ad
2198 2097 2306 2135 vos.
2341 2080 2494 2147 Quod
2527 2096 2656 2150 ergo
2688 2081 2764 2134 ait
2798 2079 2994 2134 Paulus
3025 2099 3039 2134 :
3073 2081 3202 2135 Dico
3244 2084 3378 2136 enim
3423 2086 3680 2140 omnibus

2091 2173 2181 2241 qui
2211 2183 2332 2227 sunt
2365 2172 2504 2227 inter
2535 2189 2656 2237 vos;
2702 2173 2809 2237 vel,
2850 2181 2909 2230 ut
2957 2172 3008 2225 in
3059 2171 3264 2228 Graecis
3310 2174 3494 2228 haberi
3527 2177 3678 2230 dixi-

2095 2278 2237 2327 mus,
2269 2265 2411 2318 omni
2438 2263 2530 2334 qui
2553 2277 2630 2318 est
2661 2266 2714 2317 in
2742 2265 2904 2328 vobis,
2925 2255 3115 2320 “imile
3141 2275 3223 2318 est
3254 2281 3317 2320 ac
3352 2267 3395 2320 si
3425 2266 3676 2322 diceret:

2091 2355 2224 2410 Dico
2267 2356 2406 2409 enim
2455 2356 2600 2409 omni
2639 2355 2730 2424 qui
2773 2354 2826 2408 in
2874 2355 2982 2409 Deo
3023 2365 3128 2421 est,
3184 2373 3286 2409 non
3326 2357 3444 2424 plus
3484 2375 3678 2426 sapere

2091 2464 2248 2518 quant
2289 2455 2486 2514 oportet
2522 2463 2727 2514 sapere.
2779 2444 3161 2500 Verumtamen
3215 2449 3510 2502 videndum
3562 2462 3677 2515 est,

2093 2543 2218 2614 quia
2247 2541 2468 2606 Paulus,
2506 2541 2644 2595 sicut
2681 2550 2734 2595 et
2769 2540 2819 2593 in
2857 2539 2979 2593 aliis
3006 2540 3157 2607 dicit,
3185 2541 3373 2594 nonin
3403 2541 3679 2597 suasoriis

2095 2635 2374 2704 sapientiae
2401 2633 2636 2689 carnalis
2677 2633 2858 2688 verbis
2890 2633 2956 2697 ”,
3002 2633 3098 2687 sed
3142 2649 3238 2700 per
3281 2633 3514 2705 gratiam
3547 2650 3678 2703 quae

2092 2725 2192 2780 sibi
2235 2725 2360 2780 data
2406 2733 2492 2780 est
2533 2723 2792 2794 loquitur.
2829 2723 2922 2778 Est
2951 2724 3094 2778 enim
3146 2723 3314 2777 multa
3359 2723 3674 2779 diﬂ'erentia

2093 2831 2191 2887 per
2218 2817 2445 2886 gratiam
2479 2814 2846 2885 loquentis,et
2865 2829 2960 2884 per
2987 2813 3276 2870 humanam
3309 2814 3666 2886 sapientiam.

2096 2908 2335 2978 Denique
2362 2916 2416 2961 et
2453 2905 2612 2960 rebus
2654 2906 2783 2975 ipsis
2822 2920 2966 2977 saepe
3004 2914 3337 2974 compertum
3379 2915 3487 2970 est,
3535 2922 3680 2962 non»

2093 2999 2268 3055 nullos
2314 2999 2632 3067 eloquentes
2665 3007 2724 3051 et
2771 2998 3013 3054 eruditos
3045 2997 3192 3052 viros
3237 3013 3345 3052 non
3397 2998 3572 3053 solum
3618 3000 3673 3052 in

2091 3104 2365 3157 sermone,
2394 3088 2489 3144 sed
2509 3097 2565 3144 et
2590 3088 2643 3142 iu
2673 3087 2922 3144 sensibus
2952 3096 3314 3158 praepotentes
3343 3103 3467 3143 cum
3499 3090 3673 3144 multa

2091 3181 2146 3236 in
2199 3181 2458 3238 Ecclesils
2500 3180 2758 3247 dixerint,
2794 3190 2847 3235 et
2881 3180 3158 3248 ingentem
3192 3179 3440 3250 plausum
3489 3181 3672 3236 laudis

2091 3273 2423 3343 acceperint,
2462 3274 2734 3328 neminem
2784 3281 2964 3327 tamen
3000 3272 3305 3327 auditorum
3335 3288 3402 3328 ex
3433 3273 3520 3328 his
3548 3288 3676 3344 qua:

2091 3367 2230 3422 dicta
2255 3377 2382 3422 sunt
2402 3365 2872 3436 compunctionem
2899 3364 3078 3420 cordis
3117 3364 3384 3435 accipere,
3412 3378 3516 3419 nec
3545 3380 3677 3432 pro-

2090 3459 2256 3514 ﬁcere
2275 3459 2341 3514 ad
2375 3459 2555 3525 ﬁdem,
2583 3472 2683 3513 nec
2706 3456 2773 3511 ad
2799 3455 3049 3510 timorem
3082 3455 3263 3511 Deiex
3294 3455 3676 3510 recordatione

2091 3564 2281 3606 eorum
2306 3563 2426 3619 quae
2451 3549 2598 3604 dicta
2629 3557 2758 3604 sunt
2802 3547 3023 3602 incitari
3053 3563 3068 3602 :
3099 3547 3194 3602 sed
3227 3548 3506 3602 suavitate
3531 3562 3674 3616 qua-

2091 3640 2245 3706 dam,
2295 3647 2352 3695 et
2399 3638 2757 3695 delectatione
2798 3637 2912 3692 sola
2958 3637 3183 3691 auribus
3231 3645 3390 3705 capta
3428 3637 3671 3691 discedi-

2092 3737 2181 3784 tur
2207 3727 2320 3799 (82)
2351 3746 2365 3783 :
2390 3742 2534 3798 saepe
2562 3735 2744 3782 autem
2773 3727 2919 3781 viros
2947 3741 3052 3780 non
3087 3742 3297 3796 magna:
3319 3726 3672 3797 eloquentia,

2090 3832 2190 3874 nec
2221 3819 2601 3890 compositioni
2636 3819 2906 3875 sermonis
2955 3820 3257 3884 studentes,
3304 3821 3487 3876 verbis
3529 3820 3669 3875 siin-

2089 3911 2319 3982 plicibus
2348 3920 2404 3967 et
2429 3911 2806 3980 incompositis
2836 3912 3034 3967 multos
3076 3909 3375 3966 infidelium
3405 3913 3473 3967 ad
3505 3912 3668 3966 fidem

2090 4011 2444 4068 convertere,
2507 4004 2770 4073 superbos
2826 4003 3094 4059 inclinare
3145 4003 3214 4057 ad
3269 4002 3666 4066 humilitatem,

2089 4093 2444 4165 peccantibus
2467 4093 2744 4149 stimulum
2777 4094 3155 4150 conversionis
3189 4093 3434 4164 inﬁgere.
3469 4093 3536 4149 Et
3561 4094 3667 4148 hoc

2091 4185 2276 4256 utique
2305 4185 2517 4253 signum
2549 4193 2657 4250 est,
2699 4184 2842 4238 sicut
2884 4183 2937 4238 in
2976 4183 3226 4254 praesenti
3256 4182 3552 4252 Apostolus
3582 4183 3668 4235 di-

2095 4277 2188 4341 cit,
2239 4291 2336 4346 per
2381 4276 2609 4347 gratiam
2663 4274 2808 4342 loqui
2841 4289 2960 4343 quin
3001 4275 3124 4328 data
3167 4283 3252 4328 est
3287 4271 3519 4344 eis(83).
3554 4273 3666 4342 Ego

3043 4364 3280 4420 “Exod.
3341 4380 3422 4430 ιιι,
3452 4364 3541 4420 14.
3617 4365 3667 4397 ⁸³

2013 4541 2060 4596 D
2089 4532 2183 4586 Dei
2206 4540 2278 4582 est
2301 4526 2554 4598 quidquid
2578 4525 2860 4598 bonum,“
2879 4525 3283 4598 beneplacitum,
3303 4533 3352 4578 et
3373 4523 3664 4592 perfectam

2085 4612 2182 4656 est.
2214 4595 2337 4652 “me
2364 4595 2558 4650 desunt
2594 4597 2648 4649 in
2686 4596 2840 4649 libris
2867 4604 3028 4649 antea
3053 4595 3233 4650 editis.

2157 4667 2272 4740 (π)
2301 4667 2468 4740 βιιῇιί.
2495 4681 2596 4719 non
2628 4675 2816 4733 potest,
2841 4667 2947 4740 etc.

2300 4735 2574 4810 “abantis,
2620 4744 2788 4800 potest
2829 4733 3062 4806 quidem,
3103 4743 3159 4788 ut
3199 4749 3364 4801 supra
3400 4733 3660 4804 diximus,

2087 4808 2274 4872 videri,
2304 4808 2439 4874 quod
2448 4844 2464 4868 ,
2497 4815 2604 4858 etc.

2158 4878 2270 4948 (79)
2301 4876 2423 4948 llazc
2448 4875 2631 4937 verba,
2661 4890 2765 4948 non
2795 4875 2914 4948 plus
2939 4889 3141 4948 sapere,
3170 4884 3302 4948 εις..
3343 4889 3518 4948 usque
3564 4879 3656 4942 ad,

2089 4943 2224 5003 alter
2259 4947 2478 5000 alterius
2527 4944 2781 5005 membra,
2823 4945 3091 4998 desuutiu
3132 4947 3324 5008 editis;
3358 4943 3454 5000 sed
3497 4949 3658 5002 resti-

2088 5029 2316 5073 tuuntur
2340 5031 2406 5069 ex
2429 5017 2681 5068 omnibus
2705 5030 2836 5067 mss.

2161 5089 2273 5159 (80)
2301 5085 2462 5159 Editj,
2491 5083 2753 5159 coeperint.
2796 5083 2935 5136 Deus
2965 5084 3151 5159 enim,
3181 5093 3239 5159 ut
3278 5085 3404 5136 dicit
3429 5085 3655 5152 Aposto-

2087 5152 2192 5222 lus,
2219 5152 2325 5210 etc.
2383 5153 2481 5208 Ms.
2531 5152 2731 5222 Regius
2760 5169 2906 5208 unm.
2961 5153 3094 5206 l659
3141 5155 3324 5207 itidem
3369 5159 3653 5220 coeperint,-

2089 5230 2182 5282 sed
2227 5227 2433 5294 reliqua
2476 5223 2591 5289 ipse
2635 5233 2691 5277 et
2748 5222 2930 5276 eteteri
2973 5238 3104 5277 mss.
3149 5239 3359 5278 uecuou
3392 5223 3651 5279 [tabanus

2088 5298 2288 5352 habent
2317 5308 2376 5348 ut
2419 5297 2469 5347 iu
2511 5301 2675 5345 textu.

2160 5367 2274 5434 (81)
2301 5366 2464 5428 Editi,
2499 5361 2624 5434 Matt:
2649 5363 2788 5416 dices
2822 5363 2950 5432 [iliis
2977 5361 3171 5434 Israel,
3204 5366 3364 5420 male.

2158 5431 2267 5508 (82)
2293 5439 2383 5492 Sic
2417 5453 2516 5492 ius.
2543 5431 2740 5505 Regius
2765 5451 2914 5490 uqu.
2942 5433 3080 5489 i639
3109 5446 3164 5490 et
3183 5437 3336 5493 editi.
3363 5435 3492 5491 Mss.
3519 5452 3644 5490 vero

2085 5509 2344 5579 plerique,
2381 5508 2618 5560 discitur.

2153 5577 2264 5650 (85)
2296 5577 2423 5635 Mss.
2454 5579 2696 5648 plerique
2735 5588 2787 5633 ct
2811 5579 2961 5642 editi,
2997 5578 3134 5650 signi
3182 5590 3347 5635 est....
3375 5595 3490 5644 qua:
3519 5584 3640 5631 data
