4048 6202
289 304 427 360 1299

1275 303 1634 360 COMMENT.
1677 304 1742 360 ΙΝ
1787 302 2006 359 EPIST.
2053 303 2142 358 AD
2177 301 2342 358 ROM.
2369 300 2497 358 LlB.
2533 299 2623 356 lX.

3396 303 3533 358 13m

283 428 463 475 autem
496 427 649 488 puto,
682 432 787 472 non
823 417 999 473 solum
1032 419 1086 474 in
1116 420 1281 476 verbo
1309 422 1400 476 Dei
1433 423 1734 478 Ecclesiam
1767 425 1863 478 «ιο.
1891 430 1934 486 Α
1966 424 2069 477 hac
2103 423 2446 486 delinitione,
2483 433 2540 474 ut
2569 430 2823 475 naturam
2853 417 2937 474 vel
2980 434 3202 474 causam
3237 422 3444 489 peccati
3483 423 3535 474 iu

281 511 531 566 eentibus
556 509 749 564 adesse
782 509 1035 580 gratiam,
1068 511 1114 566 si
1151 511 1274 566 tatis
1313 514 1386 566 sit
1424 527 1607 569 sermo
1640 515 1856 585 qualem

281 616 446 670 supra
489 598 746 662 diximus,
797 601 890 669 qui
936 602 1238 657 auditorem
1294 619 1400 658 non
1448 612 1556 660 tam
1607 606 1861 672 delectet,

282 704 445 762 quam
484 691 752 753 stimulet,
806 699 860 746 et
912 691 978 745 ad
1025 693 1331 762 profectum
1373 695 1608 765 aliquem
1647 697 1863 752 virtutis

281 783 552 849 adducat;
602 781 697 837 sed
730 785 870 838 etin
908 785 1162 839 omnibus
1197 786 1316 840 t‘ere
1362 802 1483 857 quae
1530 796 1764 858 aguntur
1809 790 1860 842 in

283 873 421 938 vita,
460 872 531 926 ita
581 885 703 926 esse
742 870 1116 941 deprehendes
1138 873 1272 944 (81).
1315 875 1416 930 Est
1463 876 1608 932 enim
1657 876 1860 946 aliquis

283 963 376 1035 qui
406 971 462 1017 et
496 963 548 1018 in
575 977 639 1018 eo
670 964 814 1032 quod
837 961 952 1032 agit
977 973 1032 1018 et
1063 963 1116 1018 in
1152 980 1218 1020 eo
1241 965 1384 1036 quod
1410 966 1673 1035 loquitur,
1705 967 1865 1021 habet

283 1054 558 1125 gratiam;
592 1063 645 1108 et
677 1053 816 1108 alius
845 1054 935 1124 qui
974 1055 1243 1111 interdum
1268 1067 1323 1111 et
1348 1059 1671 1128 prudentius
1695 1059 1867 1129 loqui-

284 1156 398 1210 tur,
426 1154 481 1200 et
511 1144 824 1213 diligentius
855 1160 920 1200 ac
945 1145 1273 1204 laboriosius
1300 1149 1436 1220 agit,
1460 1164 1637 1220 neque
1663 1150 1718 1204 in
1742 1167 1866 1205 ver-

284 1235 370 1292 bis
396 1237 532 1304 suis,
563 1252 738 1307 neque
765 1238 820 1290 in
847 1238 1015 1308 gestis
1063 1239 1276 1293 invenit
1307 1241 1567 1310 gratiam.
1597 1241 1862 1312 Denique,

283 1325 430 1380 sicut
453 1336 508 1381 et
535 1327 589 1380 in
618 1326 742 1380 aliis
771 1324 881 1394 iam
910 1327 1145 1382 diximus
1167 1327 1304 1398 (85),
1328 1329 1598 1398 scriptum
1626 1340 1709 1385 est
1737 1331 1861 1398 quia

283 1427 343 1474 et
373 1415 570 1486 .loseph
621 1416 824 1472 invenit
877 1419 1108 1488 gratiam
1162 1419 1214 1474 in
1261 1429 1556 1490 conspectu
1604 1420 1866 1490 principis

287 1511 528 1565 carceris
543 1510 608 1573 “,
637 1519 692 1563 et
719 1509 914 1564 Esther
942 1509 1148 1566 invenit
1171 1512 1399 1581 gratiam
1423 1511 1563 1581 apud
1592 1526 1772 1582 regem
1795 1511 1866 1565 ’⁸.

289 1600 615 1668 Reperimus
644 1610 826 1657 autem
860 1616 962 1656 nos
993 1603 1046 1656 in
1087 1602 1320 1669 quodam
1350 1602 1646 1658 secretiore
1683 1603 1868 1659 libello

289 1693 553 1762 scriptum
589 1692 746 1761 quasi
781 1692 1030 1764 angelum
1060 1693 1352 1763 quemdam
1381 1708 1506 1748 esse
1529 1695 1740 1764 gratiae,
1771 1695 1862 1764 qnl

1961 524 2026 564 eo
2056 519 2283 579 ponant,
2332 510 2377 563 si
2424 518 2519 562 aut
2565 509 2800 562 addatur
2845 508 3048 576 aliquid
3089 509 3405 574 virtutibus,
3444 521 3538 564 aut

1964 601 2262 660 minuatur.
2306 600 2470 656 Verbi
2515 602 2712 670 gratia,
2755 600 2968 668 juSIitia
3021 601 3194 656 virtus
3235 611 3320 654 est
3349 619 3363 656 :
3397 612 3450 657 et
3490 603 3538 658 si

1962 691 2086 761 quis
2123 691 2304 746 minus
2335 690 2540 760 aliquid
2573 689 2701 744 facit
2726 689 2839 762 (93)
2871 705 3032 760 quam
3065 691 3276 757 justitia
3311 693 3539 762 patitur,

1961 782 2081 836 sine
2106 780 2270 836 dubio
2293 779 2530 848 injustus
2547 789 2650 834 est.
2668 780 2724 835 Si
2755 782 2876 850 quis
2897 796 3026 837 vero
3049 783 3150 838 sub
3179 783 3360 852 specie
3381 782 3542 849 justi-

1964 873 2050 926 tiae
2072 887 2202 942 erga
2234 873 2502 927 vindictas
2529 872 2730 926 nimius
2779 874 2890 938 llat,
2920 883 2973 928 et
3014 875 3212 930 saevius
3251 877 3416 943 agitet
3456 877 3538 929 ul-

1965 961 2162 1027 tiones,
2201 963 2254 1016 in
2302 962 2680 1016 crudelitatem
2709 961 2822 1032 (9i)
2875 977 2942 1017 ex
2993 963 3199 1030 iustitia
3255 966 3542 1022 devolutus

1964 1067 2067 1112 est.
2102 1053 2254 1110 Unde
2283 1063 2338 1108 et
2366 1052 2618 1107 Salomon
2653 1054 2844 1108 dicit"
2874 1072 2889 1109 :
2924 1053 3052 1110 Noli
3081 1056 3198 1124 ﬁeri
3221 1058 3402 1127 justus
3427 1057 3542 1127 (95)

1963 1145 2209 1198 multum.
2278 1141 2543 1196 Similiter
2597 1153 2653 1197 et
2706 1143 2970 1210 libertas,
3040 1147 3084 1200 si
3141 1147 3284 1201 intra
3343 1157 3544 1217 tempe-

1965 1234 2202 1290 rantiam
2251 1249 2404 1288 suam
2461 1235 2555 1299 sit,
2602 1235 2776 1291 virtus
2821 1245 2936 1303 est;
2989 1239 3036 1294 si
3095 1239 3276 1294 minus
3323 1239 3544 1304 habeat,

1966 1327 2231 1383 timiditas
2261 1347 2275 1382 :
2305 1329 2351 1384 si
2405 1327 2661 1396 amplius,
2716 1329 2994 1384 temeritas
3041 1331 3372 1385 nominatur.
3421 1329 3546 1384 Pari

1968 1419 2129 1472 modo
2167 1427 2223 1473 et
2283 1417 2569 1488 prudentia
2615 1417 2659 1473 si
2700 1417 2752 1472 in
2783 1432 2880 1472 sua
2927 1431 3184 1474 mensura
3229 1419 3321 1486 sit,
3371 1420 3548 1474 virtus

1968 1516 2088 1574 est;
2128 1509 2174 1563 si
2225 1509 2404 1564 minus
2436 1506 2660 1573 habeat,
2715 1509 3112 1579 imprudentia;
3169 1509 3214 1566 si
3262 1509 3545 1582 plusquam

1967 1609 2206 1668 oportet,
2238 1600 2440 1654 malitia
2481 1600 2810 1667 appellatur.
2845 1600 2976 1656 Inde
3013 1611 3142 1671 puto
3174 1601 3318 1670 quod
3353 1610 3406 1657 et
3429 1616 3547 1655 sero

1970 1705 2104 1760 pens
2131 1689 2295 1762 647
2326 1691 2378 1744 in
2410 1695 2662 1760 paradiso
2693 1691 3012 1762 prudentior
3033 1693 3213 1748 dictus
3237 1694 3308 1748 sit
3332 1693 3548 1748 caeteris

288 1786 451 1842 etiam
477 1787 802 1843 vocabulum
832 1804 899 1844 ex
929 1790 1101 1860 gratia
1127 1789 1390 1844 traheret.
1419 1788 1696 1844 Ananehel
1722 1791 1867 1844 enim
1901 1783 1945 1839 Β
1971 1783 2160 1838 bestiis
2183 1783 2249 1846 ³⁸,
2287 1784 2391 1839 hoc
2454 1797 2538 1838 est
2585 1785 2853 1839 excedens
2883 1800 3190 1839 mensuram
3222 1787 3542 1856 prudentiae,

284 1877 492 1934 dicitur
517 1878 666 1951 (86),
707 1881 850 1949 quod
895 1889 978 1936 est
1031 1881 1449 1949 interpretatum
1507 1883 1679 1950 gratia
1751 1881 1865 1935 Dei.

287 1969 404 2028 lloc
435 1985 567 2042 ergo
609 1972 880 2040 scriptura
933 1971 1026 2026 illa
1075 1972 1413 2034 continebat,
1464 1971 1610 2040 quod
1664 1971 1865 2027 missus

287 2070 439 2116 esset
467 2077 496 2114 a
535 2061 760 2117 Domino
788 2067 888 2118 iste
935 2061 1161 2132 angelus
1205 2063 1272 2116 ad
1303 2062 1519 2128 Esther,
1555 2071 1612 2115 ut
1641 2062 1690 2116 ei
1741 2078 1867 2132 gra-

291 2152 422 2205 tiam
456 2153 609 2206 daret
637 2154 776 2222 apud
804 2166 1006 2222 regem.
1036 2151 1128 2206 Sic
1153 2165 1284 2221 ergo
1311 2150 1416 2204 alia
1447 2151 1622 2204 virtus
1645 2159 1728 2204 est
1751 2165 1870 2204 ser-

288 2244 468 2298 monis
493 2244 580 2312 qui
619 2259 717 2311 per
737 2243 965 2313 gratiam
997 2241 1221 2307 dicitur,
1258 2250 1314 2296 et
1344 2242 1448 2296 alia
1485 2243 1568 2297 vis
1605 2242 1871 2297 doctrinae

290 2343 553 2402 potestas.
585 2334 740 2389 Alius
767 2343 946 2388 autem
984 2348 1166 2388 sermo
1191 2333 1304 2403 (87)
1333 2342 1416 2388 est
1448 2348 1515 2388 ex
1561 2334 1872 2388 eruditione

287 2417 589 2483 communi,
617 2435 706 2488 qui
732 2421 976 2489 quamvis
1001 2422 1181 2476 lautus
1205 2423 1274 2477 sit
1295 2433 1350 2478 et
1371 2433 1486 2479 arte
1515 2426 1868 2496 compositus,

289 2520 472 2563 tamen
500 2509 545 2562 si
582 2525 692 2564 non
734 2525 832 2579 per
871 2511 1092 2582 gratiam
1129 2513 1214 2565 vel
1246 2512 1443 2568 dicitur
1474 2516 1558 2568 vel
1591 2516 1868 2582 scribitur,

284 2604 557 2658 delectare
583 2603 825 2658 fortassis
853 2613 1031 2674 potest
1060 2605 1328 2675 legentem
1347 2645 1362 2671 ,
1391 2607 1658 2662 adducere
1687 2617 1867 2664 autem

285 2695 354 2750 ad
393 2695 694 2766 profectum
740 2711 851 2750 non
901 2705 1079 2766 potest
1119 2699 1439 2753 auditorem.
1477 2700 1675 2756 Paulus
1709 2703 1871 2774 igitur

284 2801 398 2839 non
435 2785 612 2840 solum
661 2786 777 2857 ipse
827 2803 946 2856 quae
985 2789 1116 2844 dicit
1155 2790 1264 2861 (88)
1305 2806 1402 2861 per
1438 2793 1664 2862 gratiam
1702 2794 1865 2861 dicit,

285 2877 380 2931 sed
414 2888 470 2933 et
509 2878 847 2934 auditoribus
883 2879 998 2936 suis
1048 2891 1303 2951 precatur
1349 2884 1573 2954 gratiam
1627 2886 1773 2952 dari;
1813 2895 1868 2942 et

292 2979 400 3018 non
450 2965 624 3018 solum
667 2966 922 3034 gratiam,
967 2967 1061 3020 sed
1098 2975 1153 3020 et
1199 2967 1603 3021 multitudinem
1654 2968 1866 3037 gratiae.

293 3055 386 3108 Sic
423 3055 568 3108 enim
615 3054 801 3110 scribit
838 3073 851 3109 :
887 3052 1072 3108 Gratia
1117 3055 1258 3108 vobis
1298 3055 1681 3124 multiplicetur
1698 3055 1752 3105 ,⁸⁸
1775 3073 1788 3108 :
1813 3063 1870 3109 et

293 3146 346 3198 in
385 3146 636 3200 omnibus
689 3146 946 3214 Epistolis
980 3147 1094 3201 suis
1135 3147 1315 3201 dicit:
1363 3144 1552 3200 Gratia
1606 3147 1769 3210 uobis,
1819 3156 1868 3200 et

289 3254 417 3304 pax.
449 3237 556 3291 Sed
585 3238 862 3291 videamus
899 3237 1028 3307 quid
1059 3235 1171 3308 (89)
1202 3245 1283 3292 est
1311 3238 1452 3306 quod
1501 3251 1597 3306 per
1631 3237 1866 3308 gratiam

291 3323 415 3398 q'um
444 3330 569 3382 data
599 3339 688 3384 est
715 3329 841 3392 sibi,
864 3328 1159 3398 Apostolus
1189 3328 1322 3382 dicit
1347 3328 1600 3383 onmibus
1628 3327 1718 3397 qui
1743 3336 1870 3383 sunt

292 3421 436 3476 inter
462 3419 757 3476 Romanos.
798 3418 922 3474 Non
947 3421 1090 3489 plus,
1122 3419 1296 3490 inquit
1323 3417 1458 3490 (90),
1493 3435 1678 3484 sapere
1711 3433 1872 3488 quam

291 3521 495 3579 oportet
525 3527 730 3578 sapere,
764 3511 854 3565 sed
899 3525 1083 3576 sapere
1123 3513 1192 3562 ad
1235 3509 1592 3564 sobrietatem.
1647 3509 1874 3565 Videtur

292 3605 471 3657 adhuc
499 3602 566 3656 ad
595 3601 973 3667 superbientes
1001 3616 1182 3655 ramos
1211 3601 1452 3666 oleastri,
1470 3613 1524 3655 et
1547 3601 1874 3656 insultantes

295 3695 464 3748 ramis
501 3694 592 3763 qui
643 3696 712 3751 de
765 3695 905 3749 bona
952 3693 1098 3748 oliva
1149 3693 1381 3748 defracti
1435 3702 1560 3747 sunt
1586 3695 1656 3760 ⁸⁷,
1709 3695 1872 3750 etiam

293 3787 439 3840 hunc
467 3786 576 3859 (9|)
612 3796 805 3856 aptare
830 3801 1163 3850 sermonem,
1193 3795 1245 3838 et
1273 3785 1456 3839 dicere
1481 3784 1587 3848 eis,
1617 3799 1720 3838 non
1769 3785 1867 3837 de-

291 3878 423 3932 bere
449 3877 570 3947 plus
591 3891 783 3948 sapere
810 3891 972 3946 quam
1004 3884 1217 3945 oportet
1249 3889 1441 3944 sapere
1473 3891 1488 3929 :
1515 3876 1658 3944 quod
1695 3874 1870 3930 simile

289 3979 374 4022 est
402 3969 481 4024 illi
511 3968 749 4024 sermoni
781 3983 944 4038 quem
982 3967 1156 4021 dixit:
1187 3965 1314 4020 Noli
1344 3966 1562 4034 superbe
1594 3981 1774 4032 sapere
1790 3965 1868 4030 ¹⁸;

294 4061 396 4115 hoc
418 4071 506 4114 est
527 4060 671 4114 enim
703 4060 822 4131 plus
851 4073 1046 4130 sapere
1071 4057 1184 4128 (92)
1223 4071 1388 4126 quam
1421 4066 1654 4125 oportet.
1683 4057 1870 4110 Scien-

269 4155 422 4227 _dum
458 4161 636 4206 tamen
665 4163 774 4216 εει,
808 4152 952 4223 quod
991 4163 1046 4205 et
1073 4149 1257 4205 caeteri
1289 4147 1486 4201 eruditi
1518 4148 1614 4200 viri
1647 4155 1871 4200 utuntur

1970 1886 2027 1930 et
2058 1875 2111 1928 in
2149 1885 2330 1942 partes
2369 1875 2590 1930 malitia:
2635 1875 2940 1946 prolapsus.
2991 1874 3120 1931 Inde
3163 1885 3217 1930 et
3255 1877 3351 1930 lilii
3387 1877 3548 1947 hujus

1970 1965 2155 2021 saeculi
2203 1967 2590 2034 prudentiores
2636 1967 2890 2022 dicuntur
2938 1983 3103 2038 quam
3153 1969 3245 2023 lilii
3296 1968 3433 2024 lucis
3460 1969 3545 2034 ";

1972 2055 2091 2126 plus
2136 2057 2281 2110 enim
2324 2058 2548 2124 sapiunt
2578 2072 2738 2125 quam
2765 2067 2983 2126 oportet
3013 2073 3228 2130 sapere.
3271 2060 3338 2115 Et
3373 2061 3452 2115 sic
3492 2061 3546 2117 in

1971 2144 2196 2214 singulis
2253 2144 2560 2214 quibusque
2608 2146 2901 2200 virtutibus
2950 2156 3128 2216 potest
3181 2149 3380 2218 aliquis
3431 2150 3550 2219 plus

1975 2250 2170 2304 sapere
2198 2252 2362 2304 quam
2392 2245 2609 2304 oportet
2643 2251 2858 2306 sapere.
2892 2238 3074 2292 Potest
3101 2241 3264 2294 etiam
3298 2243 3348 2294 in
3381 2245 3548 2297 casti-

1973 2336 2085 2381 tate
2111 2326 2310 2395 aliquis
2345 2329 2464 2394 plus
2508 2342 2706 2395 sapere
2749 2343 2910 2395 quam
2956 2339 3172 2398 oportet
3213 2345 3438 2401 sapere,
3489 2347 3548 2386 ut

1972 2426 2098 2471 sunt
2143 2415 2222 2469 illi
2270 2416 2357 2486 qui
2401 2418 2677 2469 attendunt
2727 2418 2998 2484 spiritibus
3045 2421 3446 2488 seductoribns,
3497 2435 3546 2476 et

1985 2507 2242 2562 doctrinis
2270 2510 2677 2576 dwntoniorum,
2710 2513 2766 2565 in
2793 2512 3056 2582 hypocrisi
3082 2514 3218 2584 [uisa
3258 2517 3547 2586 loquentes,

1983 2601 2332 2652 canteriatam
2365 2600 2610 2654 habentes
2641 2603 3019 2658 conscientiam
3049 2622 3220 2671 suam,
3263 2610 3546 2676 prohiben-

1971 2701 2046 2744 tes
2085 2692 2312 2756 nubere,
2356 2701 2405 2745 et
2447 2692 2764 2748 abstinentes
2790 2711 2845 2749 se
2872 2714 2906 2750 a
2931 2699 3060 2752 cibis
3088 2715 3218 2768 quos
3259 2700 3369 2771 (96)
3409 2702 3548 2756 Deus

1972 2785 2162 2837 crearit
2183 2783 2250 2838 ⁸¹.
2277 2783 2365 2838 Isti
2392 2784 2511 2853 plus
2532 2787 2748 2856 sapiunt
2767 2788 2833 2842 de
2852 2789 3105 2845 castitate
3125 2807 3288 2861 quam
3310 2803 3543 2861 oportet.

1972 2874 2151 2931 Minus
2185 2885 2366 2931 autem
2408 2878 2550 2945 sapit
2580 2892 2740 2946 quam
2780 2891 2998 2950 oportet
3038 2882 3354 2939 luxuriosus
3379 2895 3433 2940 et
3463 2887 3548 2940 in-

1974 2977 2180 3021 cestus.
2229 2965 2343 3037 Ego
2384 2979 2564 3022 autem
2607 2970 2730 3024 dico
2765 2973 2907 3040 quod
2951 2981 3006 3028 et
3036 2973 3274 3030 haeretici
3316 2975 3436 3045 plus
3462 2993 3549 3032 sa-

1973 3058 2126 3127 piunt
2155 3059 2223 3113 de
2253 3059 2472 3114 Christo
2510 3076 2672 3129 quam
2707 3073 2917 3131 oportet
2961 3079 3180 3136 sapere,
3217 3071 3308 3136 qui
3351 3081 3551 3141 negant

1975 3161 2097 3201 eum
2127 3147 2220 3200 Dei
2265 3149 2538 3203 creatoris
2581 3148 2939 3218 esseFilium,
2974 3155 3069 3208 sed
3097 3154 3323 3211 alterius
3369 3161 3550 3215 nescio

1976 3236 2131 3307 cujus
2163 3238 2406 3293 ιιιθιίοτίε
2435 3237 2530 3293 Dei
2570 3240 2706 3311 (97).
2748 3241 2855 3298 Sed
2883 3253 2940 3298 et
2977 3245 3050 3299 illi
3087 3247 3209 3316 plus
3238 3247 3303 3303 de
3330 3249 3554 3305 Christo

1977 3331 2199 3400 sapiunt
2237 3346 2398 3400 quam
2443 3341 2658 3399 oportet
2699 3349 2922 3405 sapere,
2959 3337 3052 3407 qui
3097 3349 3295 3408 negant
3329 3355 3452 3395 eum
3497 3343 3550 3396 in

1977 3433 2143 3474 carne
2161 3423 2400 3488 venisse,
2423 3432 2478 3476 et
2501 3432 2688 3478 natum
2712 3439 2835 3480 esse
2854 3440 2920 3480 es
2940 3425 3184 3498 Virgine,
3209 3432 3303 3485 sed
3328 3433 3552 3486 caeleste

1978 3512 2028 3566 ci
2064 3527 2264 3582 corpus
2309 3501 2612 3583 assignant.
2661 3513 2719 3568 In
2770 3517 2856 3571 his
2894 3530 3025 3585 ergo
3069 3519 3324 3574 omnibus
3352 3521 3551 3578 Paulus

1978 3615 2078 3656 nos
2107 3602 2222 3655 vult
2257 3619 2363 3656 non
2405 3603 2525 3672 plus
2564 3621 2748 3672 sapere
2789 3622 2946 3675 quam
2981 3618 3181 3674 Oportet
3215 3626 3418 3678 sapere,
3459 3616 3551 3666 sed

1975 3708 2159 3761 sapere
2198 3693 2268 3746 ad
2303 3693 2680 3760 sobrietatem,
2727 3696 2872 3763 quod
2909 3696 2960 3750 in
2987 3697 3178 3752 Graeco
3209 3702 3412 3755 dicitur
3442 3719 3548 3756 σω-

1978 3782 2258 3852 φροσύνη,
2301 3783 2355 3837 in
2393 3785 2595 3839 nostris
2631 3792 2812 3838 autem
2856 3786 3170 3856 codicibus,
3218 3791 3321 3846 hoc
3364 3801 3444 3848 est
3495 3795 3549 3847 iu

1979 3872 2278 3943 Scripturis
2303 3874 2524 3942 divinis,
2555 3875 2811 3930 sobrietas
2840 3893 2870 3931 a
2893 3881 3190 3950 majoribus
3219 3882 3549 3954 interpreta-

1978 3973 2091 4020 tum
2128 3975 2230 4031 est,
2275 3966 2344 4022 ab
2374 3966 2494 4022 aliis
2545 3977 2729 4023 tamen
2765 3971 2995 4027 eruditis
3033 3974 3166 4030 viris
3203 3979 3548 4044 temperantia

1977 4058 2216 4126 ponitur,
2241 4074 2362 4129 qua:
2393 4063 2752 4132 temperantia
2784 4079 2889 4118 una
2918 4079 2986 4120 ex
3015 4076 3248 4135 quatuor
3276 4069 3548 4137 generali-

1977 4145 2076 4200 bus
2111 4147 2402 4204 virtutibus
2434 4151 2692 4208 hahetur.
2726 4153 2792 4208 Et
2823 4153 2878 4207 ιιι
2916 4155 3018 4211 hoc
3052 4171 3182 4227 ergo
3213 4159 3328 4211 loco
3354 4158 3552 4212 melius

364 4271 558 4325 “Gen.
588 4263 886 4332 asslxﬂl.
963 4270 1008 4302 "
1033 4268 1244 4323 Esther.
1271 4284 1331 4330 ιι,
1359 4266 1481 4336 17.νέ
1524 4267 1569 4298 ⁸⁸
1590 4265 1608 4319 l
1630 4265 1773 4336 Petr.
1808 4281 1846 4329 ι,

2003 4265 2045 4297 ³⁷
2073 4265 2229 4321 Rom.
2260 4281 2333 4332 at,
2370 4267 2458 4322 17.
2536 4268 2581 4300 ’⁸
2602 4268 2760 4326 Rom.
2785 4283 2861 4334 xl,
2889 4269 2978 4323 20.
3054 4269 3100 4300 ’⁸
3122 4270 3298 4325 Eccle.
3325 4285 3418 4336 vn,
3461 4272 3547 4329 17.

293 4340 338 4376 ³⁸
366 4341 503 4396 Gen.
540 4356 626 4406 ιιι,
661 4343 711 4395 1.
787 4340 830 4372 ³⁸
857 4340 986 4394 Luc.
1023 4355 1132 4404 xw,
1169 4341 1224 4393 8.
1323 4337 1365 4369 ⁸³
1396 4337 1411 4391 l
1439 4334 1579 4390 Tim.
1611 4351 1684 4400 Iv,
1716 4335 1836 4388 1-3.

291 4443 369 4490 est
413 4436 485 4487 ei.
527 4433 634 4488 Sed
683 4434 888 4491 rectius
934 4448 1035 4488 ms.
1086 4433 1286 4504 Regius
1333 4449 1482 4488 num.
1529 4430 1670 4486 1659
1714 4440 1774 4484 ιιι
1813 4431 1868 4485 in
1901 4433 1946 4489 D

295 4515 484 4560 IIOSlt’O
511 4513 596 4558 lex
607 4514 683 4560 ιιι.

366 4575 479 4642 (81)
510 4573 672 4636 ΕιΙίιί,
699 4573 1065 4642 deprehendet.
1099 4571 1301 4626 Deinde
1321 4571 1480 4624 iidem
1509 4579 1563 4625 et
1589 4586 1718 4625 mss.
1746 4570 1862 4636 ple-

298 4641 503 4712 rique:
543 4643 636 4696 Est
669 4641 806 4697 enim
833 4646 924 4712 qui
966 4653 1015 4696 et
1047 4642 1187 4708 quod
1213 4643 1316 4711 agit
1343 4651 1389 4694 et
1433 4642 1573 4710 quod
1608 4641 1865 4711 loquitur.

295 4714 402 4766 Sed
435 4729 536 4768 ms.
564 4713 764 4782 Regius
796 4729 945 4769 num.
975 4714 1113 4767 1659
1137 4713 1269 4765 utin
1301 4721 1471 4764 textu.

366 4783 482 4845 (35)
513 4781 673 4844 Editi,
699 4783 804 4842 iam
833 4787 1085 4842 scriptum
1109 4797 1221 4836 esse
1253 4781 1508 4834 diximus.

360 4849 474 4920 (86)
506 4851 670 4916 Etliti,
708 4851 1010 4921 Reperimus
1051 4862 1226 4904 autem
1268 4852 1321 4902 in
1359 4849 1869 4921 quodam....gqua_si

289 4918 535 4990 angelum
574 4918 850 4991 quemdam
889 4923 1123 4992 gratiaz,
1155 4918 1584 4992 qui...._’Anah_el
1615 4919 1752 4992 enim
1786 4919 1870 4992 dif

288 4987 452 5053 citur,
489 4987 595 5047 rte.
627 4993 756 5048 Mss.
789 4987 952 5046 etiam
995 4987 1241 5062 plerique
1271 4990 1470 5062 habent
1496 4989 1698 5042 Anahel
1727 5005 1745 5042 :
1773 4987 1868 5042 sed

291 5063 495 5115 rectius
525 5077 626 5115 ms.
655 5078 820 5127 unus,
843 5061 1131 5117 Anartehel.
1165 5061 1240 5115 lta
1263 5063 1426 5112 etiam
1457 5061 1868 5126 intelpretatum

293 5132 534 5200 reperies
559 5133 820 5187 Anameel
842 5133 1011 5187 lilium
1043 5132 1248 5196 Saloni,
1275 5129 1532 5187 inJerem.
1559 5142 1680 5196 cap.
1699 5142 1868 5183 χχχιι.

290 5216 438 5256 vers.
475 5201 529 5266 8,
560 5211 693 5256 tom.
719 5216 801 5256 ιιι.

365 5269 814 5338 (87)lta_omnes
859 5284 971 5323 mss
1042 5268 1256 5321 nostri:
1288 5283 1390 5321 ms.
1443 5277 1620 5322 tamen
1669 5268 1869 5338 Regius

291 5352 444 5391 ttutn.
485 5336 645 5398 1659,
677 5337 882 5391 omittit
922 5340 1019 5392 vis.
1059 5338 1198 5390 Etlili
1238 5352 1381 5400 vero,
1419 5349 1464 5390 et
1502 5340 1611 5390 alia
1656 5336 1870 5392 uis—(lo-

292 5409 499 5469 ctrina',
531 5423 648 5477 qua:
681 5417 907 5476 potestas
942 5420 1182 5462 vocatur.
1215 5407 1369 5460 Alius
1414 5423 1582 5460 mmo
1609 5419 1708 5475 est,
1733 5419 1866 5477 etc.,

291 5477 494 5530 omisso
541 5486 737 5531 autem.

363 5545 475 5615 (88)
499 5547 594 5601 Sic
617 5561 806 5601 omnes
837 5564 973 5603 mss.
999 5549 1190 5604 nostri.
1216 5547 1356 5602 Editi
1385 5562 1536 5605 vero.
1564 5563 1666 5602 non
1695 5547 1863 5602 soluat

293 5615 396 5669 ista
435 5633 554 5680 qua:
578 5617 727 5679 dicit,
757 5627 862 5671 etc.

362 5687 473 5753 (89.)
506 5686 665 5752 Editi,
707 5689 935 5756 quidem.

2053 4428 2398 4498 (90)}uquit.
2430 4428 2871 4483 Prwtermittitur
2895 4429 2946 4489 in
2970 4429 3154 4484 editis.

1971 4569 2003 4624 ἡ
2045 4496 2157 4571 (91)
2174 4496 2338 4618 ξαιιι,
2364 4509 2410 4551 et
2435 4499 2742 4552 insultantes
2770 4500 2977 4570 quidem
3004 4500 3154 4553 bona:
3184 4498 3356 4565 olime,
3388 4511 3550 4553 etiam

2011 4586 2134 4624 nnc.
2165 4583 2196 4622 e
2223 4583 2272 4622 ιε.

2011 4586 2134 4630 nnc,
2165 4577 2272 4622 etc.

2042 4638 2156 4710 (92)
2187 4636 2301 4690 lloc
2325 4645 2398 4690 est
2431 4640 2567 4690 enim
2598 4636 2715 4705 plus
2759 4654 2957 4706 sapere.
2987 4638 3110 4693 llaec
3148 4638 3200 4692 in
3240 4637 3402 4693 editis
3436 4654 3540 4690 non

1971 4717 2309 4775 comparent.

2044 4777 2158 4849 (91’?)
2393 4787 2440 4830 et
2465 4779 2514 4838 si
2535 4777 2662 4844 quid
2694 4778 2865 4832 minus
2891 4778 3088 4849 aliquis
3113 4780 3259 4846 facit.

2045 4846 2155 4919 (94)
2188 4846 2419 4919 Editiet
2448 4864 2578 4912 mss.
2623 4849 2862 4919 quidam,
2893 4859 2940 4901 et
2977 4846 3339 4919 swttiuspgat,
3373 4863 3427 4901 tn
3461 4855 3547 4898 ut-

1972 4916 2144 4972 tio'nis'
2167 4917 2499 4988 crudelitate,
2529 4929 2635 4972 etc.
2681 4916 2785 4971 Sed
2815 4920 3016 4973 rectius
3039 4936 3138 4975 ms.
3169 4917 3371 4988 Regius
3395 4934 3543 4970 nunt.

1974 4988 2113 5043 1659
2137 4996 2192 5041 et
2227 4985 2482 5041 Rabanus
2505 4999 2561 5040 ut
2589 4989 2639 5040 in
2666 4999 2856 5042 nostro
2879 4998 3048 5043 textu.

2044 5058 2156 5128 (95)
2201 5056 2361 5122 Editi,
2407 5058 2462 5129 in
2506 5059 2668 5129 multo
2705 5059 2909 5125 justus.
2973 5060 3038 5113 Et
3076 5059 3235 5129 paulo
3283 5067 3402 5125 post
3437 5075 3540 5129 ms.

1971 5126 2173 5193 Regius
2205 5142 2353 5180 num.
2401 5127 2538 5180 l639
2577 5128 2759 5193 habet,
2786 5135 2830 5181 si
2856 5131 3026 5182 minus
3051 5126 3259 5192 habeat,
3287 5126 3540 5196 formido.

2043 5197 2155 5269 (96)
2184 5199 2274 5251 Sic
2298 5212 2398 5251 ms.
2425 5197 2625 5267 Regius
2654 5213 2793 5269 ιιιιιιι.
2825 5198 2980 5254 1659.
3011 5201 3201 5254 Cameri
3233 5214 3360 5251 vero
3388 5214 3552 5259 mssa,

1971 5268 2227 5322 Bahanus
2255 5276 2309 5322 et
2336 5271 2463 5321 editi
2489 5307 2503 5331 ,
2539 5268 2883 5334 loquentium,
2915 5270 3263 5322 canteriatam
3295 5269 3541 5319 [tabentes

1971 5339 2275 5408 (Rabanus,
2321 5341 2650 5406 habentium)
2681 5374 2694 5389 .
2731 5375 2745 5389 .
2783 5378 2796 5391 .
2829 5341 3216 5406 prohibentium
3248 5339 3462 5402 nubere,
3491 5347 3541 5389 ct

1978 5409 2238 5462 abstinere
2276 5426 2306 5460 a
2352 5409 2506 5470 cibis,
2541 5425 2692 5476 quos,
2732 5417 2838 5460 etc.

2045 5478 2157 5548 (97)
2201 5477 2299 5533 Ms.
2341 5475 2560 5550 Regius;
2595 5494 2744 5532 num.
2796 5477 2964 5542 1659,
3014 5477 3243 5550 minoris
3263 5475 3398 5541 Dei;
3444 5476 3553 5550 sed.

1971 5566 2158 5606 omnes
2201 5550 2288 5604 alii
2336 5565 2494 5616 mss.,
2536 5549 2789 5603 Rabanus
2844 5559 2898 5603 et
2953 5549 3080 5603 editi
3117 5548 3316 5603 rectius
3373 5557 3431 5601 ut
3481 5548 3534 5594 in

1973 5631 2142 5678 textu.
