3894 6356
679 311 806 366 1211

2123 309 2446 366 ORICENIS
2679 363 2686 369 .
3641 328 3689 384 (ξε

675 421 915 490 Apostoli
947 422 1089 476 dicta
1132 422 1380 477 lacerent
1403 461 1416 485 ,
1450 422 1494 476 si
1529 421 1858 476 haberemus
1891 429 1946 477 et
1973 437 2074 478 nos
2112 426 2249 478 scri-

2123 426 2249 478 scri-
2279 430 2324 486 Λ
2356 423 2520 478 latur.
2577 420 2641 475 Et
2691 421 2763 475 ita
2817 419 3078 505 invenias
3133 433 3509 494 unumquemque
3538 446 3689 505 sum...

675 525 826 583 ptum
862 513 1157 568 secundum
1185 513 1359 568 Graeci
1403 515 1673 568 sermonis
1705 514 1962 569 virtutem
1984 555 2000 579 ,
2034 519 2123 569 sed
2157 533 2250 570 sa-

673 621 793 672 pere
823 605 893 656 ad
939 605 1347 670 temperantiam
1379 617 1398 656 .'
1432 605 1533 658 hoc
1562 615 1646 658 est
1669 643 1684 669 ,
1717 615 1777 659 ut
1808 606 1860 659 in
1886 607 2140 662 omnibus
2169 607 2251 660 vel

675 711 797 762 qua:
825 695 1071 764 agimus,
1107 695 1189 749 vel
1223 711 1343 764 quae
1374 694 1670 765 loquimur,
1702 697 1785 750 vel
1815 711 1935 766 quze
1964 700 2249 762 sentimus,

677 786 1091 854 temperantiam
1142 794 1448 840 teneamus.
1505 787 1558 840 In
1611 787 1696 842 his
1733 789 1876 841 enim
1918 803 2036 856 quae
2087 803 2249 857 supra

674 876 1114 932 unumeravimus
1135 893 1308 948 neque
1331 879 1568 947 amplius
1593 894 1766 947 neque
1791 879 1970 934 minus
2000 879 2116 934 lieri
2155 880 2251 933 de-

677 969 839 1032 bere,
877 969 1096 1022 modum
1135 983 1358 1023 servare
1390 971 1538 1023 novit
1567 970 1680 1022 sola
1709 971 2092 1038 temperantia.
2127 969 2250 1022 Post

679 1059 793 1112 haec
811 1059 886 1111 ait
913 1075 926 1111 :
952 1057 1244 1128 Unicuique
1266 1061 1397 1112 sicut
1417 1060 1591 1113 diuisit
1614 1059 1752 1112 Deus
1770 1076 2067 1113 mensuram
2087 1059 2212 1128 fidei
2229 1072 2249 1110 :

679 1149 784 1203 hoc
815 1160 918 1214 est,
955 1158 1013 1203 ιιι
1047 1150 1184 1203 sciat
1220 1151 1588 1219 unusquisque
1618 1160 1673 1204 et
1717 1150 1980 1219 intelligat
2023 1165 2144 1218 qua:
2190 1151 2250 1203 in‘

676 1251 744 1291 eo
770 1237 842 1290 sit
875 1251 1131 1291 mensura
1178 1239 1363 1307 gratia:
1397 1239 1519 1305 Dei,
1553 1255 1716 1308 quam
1743 1239 2001 1308 consequi
2055 1241 2252 1294 meruit

677 1339 774 1394 per
821 1325 1004 1378 lldetn.
1067 1325 1338 1380 Interdum
1379 1327 1524 1380 enim
1570 1326 1769 1395 accipit
1809 1327 1934 1394 quis
1967 1343 1996 1380 a
2043 1327 2150 1382 Deo
2194 1337 2252 1380 ιιι

679 1419 854 1487 sapiat
887 1419 939 1472 itt
971 1433 1136 1489 opere
1167 1417 1280 1488 (98)
1311 1418 1600 1472 charilatis
1625 1457 1639 1481 ,
1668 1428 1761 1470 aut
1791 1427 1849 1470 nt
1877 1418 2050 1486 sapiat
2085 1417 2137 1470 in
2170 1416 2251 1472 οἷά

679 1509 806 1564 licio
845 1510 1100 1564 visitandi
1125 1549 1142 1576 ,
1180 1520 1268 1562 aut
1306 1523 1434 1575 erga
1479 1507 1886 1561 misericordias
1930 1521 2247 1576 pauperum,

679 1601 944 1656 autcirca
985 1601 1240 1655 debilium
1279 1613 1504 1662 curam,
1555 1606 1647 1651 aut
1678 1613 1806 1667 erga
1852 1599 2135 1651 viduarum
2188 1606 2246 1652 et

680 1691 1000 1760 pupillorum
1017 1689 1514 1754 dcl'ensionem,ant
1539 1702 1664 1758 erga
1695 1689 2076 1758 hospitalitatis
2101 1688 2250 1744 solli-

2353 526 2478 579 crga
2519 524 2684 563 unum
2724 507 2957 576 aliquod
2989 504 3242 574 oﬂicium,
3285 521 3336 563 et
3370 516 3579 580 specialius
3601 504 3694 591 im

2351 603 2519 666 dare;
2562 611 2764 655 caetera
2809 615 2951 653 vero
2991 600 3270 668 sequentia
3309 601 3486 659 habere.
3515 607 3694 678 Neque:

2353 691 2455 744 hoc
2487 691 2724 743 dicimus
2764 690 2918 758 quod
2964 705 3132 741 unum
3176 689 3394 745 sullieere
3427 695 3697 763 debeatne“.

2352 783 2590 836 cundum
2655 780 2889 834 formant
2964 780 3229 849 propositi
3268 785 3478 851 exciitpli.
3512 787 3620 858 Sicut,
3643 813 3696 852 im

2352 873 2552 942 gratia,
2601 875 2791 926 oculus
2839 871 3090 939 speciale
3135 870 3351 927 ofﬁcium
3399 878 3524 933 habet
3553 889 3698 940 una.

2353 979 2518 1016 unum
2574 972 2750 1015 tamen
2801 961 2885 1033 (4)
2931 973 3022 1016 est
3071 977 3142 1015 cx
3187 965 3414 1019 omnibus
3451 978 3494 1022 et
3526 972 3561 1024 i
3589 985 3701 1038 mih

2354 1054 2630 1110 membris.
2679 1062 2732 1108 et
2765 1069 2895 1107 cum
2925 1053 3164 1120 singulis
3199 1055 3302 1122 agit
3324 1059 3487 1119 omnia,
3510 1073 3550 1115 et
3573 1075 3703 1136 cunas

2352 1144 2562 1213 singula
2587 1159 2813 1214 quaeque
2838 1153 3026 1214 agunt
3049 1145 3226 1198 omnia
3253 1164 3266 1209 ;
3290 1147 3354 1199 ita
3377 1158 3420 1202 et
3443 1153 3509 1219 qui
3529 1164 3701 1225 pergas,

2355 1235 2478 1288 ﬁdei
2533 1251 2699 1288 unum
2747 1236 2984 1306 aliquod
3038 1235 3236 1290 donum
3269 1239 3465 1307 speciale
3495 1253 3703 1314 increuit

2354 1326 2486 1381 illud
2519 1327 2736 1395 quidem
2771 1326 3170 1396 principaliter
3196 1330 3520 1398 administrat;
3545 1337 3705 1400 inoaaiu

2353 1432 2482 1474 vero
2508 1419 2725 1473 actibus
2766 1419 2963 1472 socius
2995 1433 3123 1472 cum
3154 1421 3355 1474 caneris
3383 1421 3556 1478 habetur
3582 1441 3613 1482 et
3636 1439 3705 1497 puti.

2353 1521 2500 1577 ceps.
2547 1507 2833 1574 Quomodo
2863 1517 3059 1561 autem
3094 1523 3285 1576 corpus
3317 1509 3436 1564 istud
3472 1514 3511 1565 in
3532 1516 3705 1576 Christus.

2355 1599 2407 1652 id
2439 1607 2524 1653 est
2559 1599 2612 1652 in
2639 1600 2904 1661 veritate.
2931 1608 2988 1652 et
3014 1599 3295 1666 sapientia,
3319 1611 3366 1655 et
3387 1603 3706 1672 justitia,et

2357 1687 2612 1742 ﬁcatione
2633 1728 2649 1753 ,
2678 1704 2800 1756 quae
2833 1689 3032 1742 omnia
3066 1685 3307 1741 Christus
3333 1699 3430 1754 est,
3462 1696 3638 1763 sepejsa
3655 1702 3708 1753 si.

677 1783 999 1836 cinnlinem.
1033 1780 1157 1835 llaec
1187 1795 1318 1848 ergo
1346 1779 1556 1850 singula
1583 1780 1766 1834 divisit
1795 1781 2088 1850 unicuique
2108 1780 2250 1836 Deus
2283 1769 2328 1830 Β
2358 1793 2497 1832 mus.
2540 1776 2659 1850 tam
2688 1776 2858 1849 648
2893 1792 3036 1832 vero
3063 1777 3109 1831 si
3145 1777 3197 1830 in
3228 1778 3322 1833 hoc
3347 1794 3539 1847 corpore.
3561 1785 3707 1852 redigit

675 1875 974 1927 secundtnn
1018 1888 1326 1926 mensuram
1379 1871 1527 1926 ﬁdei.
1568 1871 1674 1926 Sed
1721 1872 1766 1925 si
1815 1873 1859 1925 is
1897 1873 1991 1942 qui
2039 1874 2254 1942 accepit

676 1963 903 2028 gratiam
935 1973 990 2016 ut
1015 1964 1079 2017 de
1105 1977 1213 2017 uno
1239 1955 1420 2032 aliquo
1451 1962 1642 2014 horum
1676 1973 1911 2030 saperet,
1954 1979 2058 2017 non
2093 1964 2254 2019 intel-

677 2055 808 2122 ligat
841 2069 1150 2108 mensuram
1180 2053 1294 2123 (99)
1323 2052 1513 2122 gratia:
1541 2051 1642 2105 sibi
1682 2053 1842 2115 datae,
1875 2054 1966 2106 sed
2002 2053 2132 2106 velit
2160 2068 2251 2106 sa-

677 2160 809 2214 pore
839 2145 906 2198 de
939 2145 1210 2212 sapientia
1247 2143 1372 2207 Dei,
1411 2145 1476 2196 tle
1500 2144 1668 2196 verbo
1705 2142 1967 2197 doctrina:
1994 2183 2009 2206 ,
2037 2147 2102 2197 de
2129 2160 2254 2212 pro-

677 2237 945 2291 fumlioris
981 2235 1224 2289 scientiae
1267 2235 1512 2301 ratione,
1547 2234 1598 2286 in
1629 2250 1738 2302 quo
1765 2237 1992 2304 gratiam
2029 2252 2133 2290 non
2164 2252 2253 2290 ac-

684 2329 866 2396 cepit,
901 2338 952 2380 et
992 2344 1098 2381 non
1136 2337 1240 2379 tam
1283 2327 1494 2380 discere
1531 2325 1692 2390 velit,
1717 2342 1878 2394 quam
1911 2329 2108 2382 docere
2135 2343 2253 2397 qua:

679 2420 886 2484 nescit;
929 2419 1033 2472 iste
1080 2434 1203 2471 cum
1249 2417 1429 2471 minus
1468 2416 1681 2486 sapiat,
1732 2417 1855 2486 plus
1904 2419 2017 2469 vult
2062 2433 2252 2487 sapere

677 2526 841 2578 quam
870 2520 1108 2578 oportet.
1143 2509 1258 2564 Non
1287 2509 1433 2562 enim
1464 2509 1608 2577 sapit
1637 2507 1703 2560 ad
1739 2509 2160 2574 ten'tperantiam
2194 2516 2253 2562 ut

677 2603 948 2656 custodiat
971 2604 1248 2672 unicuique
1270 2602 1406 2655 sicut
1428 2602 1608 2655 divisit
1631 2599 1767 2654 Deus
1788 2617 2084 2654 mensuram
2105 2602 2248 2670 ﬁdei.

681 2694 877 2750 Verum
904 2706 960 2748 ut
988 2695 1296 2748 evidentius
1323 2695 1502 2748 adhuc
1531 2694 1598 2747 de
1631 2693 1716 2748 his
1744 2692 1824 2762 (l)
1846 2693 2135 2762 Apostolus
2158 2695 2254 2749 de-

678 2785 942 2854 signaret.
973 2784 1272 2837 introducit
1297 2781 1628 2853 exemplum,
1654 2789 1709 2835 et
1735 2781 1863 2836 dicit
1893 2798 1906 2834 :
1937 2781 2088 2836 Sicut
2115 2785 2250 2838 enim

678 2877 732 2927 in
783 2891 886 2928 uno
929 2889 1143 2942 corpore
1193 2872 1361 2926 ntulta
1413 2872 1645 2926 membra
1695 2873 1976 2936 habemus,
2020 2874 2251 2926 membra

677 2977 853 3018 autem
885 2965 1063 3017 omnia
1105 2980 1210 3017 non
1239 2965 1480 3017 eumdem
1510 2972 1687 3016 actum
1715 2963 1905 3016 habent
1933 2977 1950 3015 :
1984 2964 2058 3017 ita
2098 2963 2251 3018 multi

625 3085 628 3088 ~
679 3073 840 3108 unum
867 3071 1054 3123 corpus
1086 3072 1268 3109 sumus
1310 3055 1365 3108 in
1403 3053 1617 3109 Christo
1637 3093 1653 3120 ,
1683 3054 1881 3122 singuli
1913 3064 2088 3109 autent
2117 3055 2253 3110 alter

677 3148 900 3201 ulterius
949 3149 1180 3201 membra
1225 3163 1244 3200 :
1287 3147 1692 3202 ordinatissime
1734 3161 1831 3215 per
1875 3146 1989 3200 inec
2030 3162 2252 3218 compo-

677 3254 813 3292 nens
843 3253 1002 3292 omne
1032 3253 1228 3306 corpus
1259 3235 1513 3291 Ecclesiae
1539 3252 1554 3298 ;
1589 3247 1646 3289 ut
1676 3237 1817 3290 sicut
1850 3238 2092 3291 membra
2127 3254 2252 3293 cor-

678 3329 827 3398 poris
873 3329 1084 3399 singula
1135 3344 1362 3398 qua'qne
1411 3328 1664 3401 proprios
1710 3329 1914 3382 habent
1961 3340 2141 3396 actus,
2197 3340 2252 3387 et

676 3419 866 3474 ollieiis
891 3421 1006 3474 suis
1033 3421 1456 3491 unumquodque
1485 3423 1743 3488 deservit,
1781 3438 1882 3478 nec
1915 3434 2098 3478 tamen
2132 3437 2252 3493 posv

676 3511 835 3567 sibile
870 3521 956 3567 est
994 3521 1184 3567 utnon
1221 3527 1492 3568 consensu
1536 3506 1721 3570 inutno
1750 3499 2121 3572 sibi'invicem
2158 3532 2251 3572 ce-

677 3603 854 3655 dant:
891 3602 997 3666 ita,
1045 3601 1247 3671 inquit,
1289 3610 1344 3655 et
1389 3601 1440 3655 in
1488 3601 1730 3656 Ecclesia
1773 3618 1894 3672 qua:
1927 3611 2012 3658 est
2055 3617 2253 3674 corpus

677 3691 909 3756 Christi,
937 3693 1182 3746 diversos
1210 3691 1410 3762 singuli
1446 3693 1706 3748 habemus
1727 3704 1902 3749 actus.
1931 3693 2091 3750 Verbi
2123 3687 2251 3765 gira-

680 3783 802 3834 tia:
851 3782 992 3838 alius
1032 3783 1270 3837 studium
1317 3799 1478 3838 omne
1528 3799 1654 3853 erga
1699 3786 2022 3854 sapientiam
2067 3786 2162 3840 Dei
2197 3794 2254 3842 et

679 3872 982 3926 doctrinam
1029 3874 1176 3928 verbi
1219 3874 1481 3940 adhibet,
1526 3887 1582 3930 et
1626 3875 1678 3930 in
1719 3875 2070 3932 meditatione
2121 3877 2253 3948 legis

679 3964 872 4018 divina:
915 3965 1002 4020 die
1031 3982 1094 4019 ac
1125 3975 1284 4020 nocte
1330 3968 1606 4036 persistit;
1656 3977 1709 4022 et
1752 3969 2046 4040 estmagni
2095 3969 2252 4039 hujus

677 4055 922 4122 corporis
951 4055 1163 4108 oculus.
1195 4056 1374 4120 Alius,
1409 4065 1465 4110 ut
1503 4073 1670 4127 supra
1703 4058 1963 4123 diximus,
1997 4073 2123 4129 erga
2153 4059 2256 4112 mi-

677 4143 961 4198 nisterium
999 4143 1249 4208 fratrum,
1281 4157 1336 4200 et
1372 4147 1730 4217 indigentium
1759 4159 1915 4205 curat
1939 4149 2052 4221 (2);
2092 4160 2148 4205 et
2171 4158 2254 4204 est

677 4235 856 4289 sancti
890 4233 1050 4303 hujus
1081 4238 1325 4304 corporis
1359 4255 1571 4294 manus.
1612 4242 1763 4294 Alius
1794 4243 2070 4297 studiosus
2099 4242 2254 4296 audi-

678 4335 765 4382 tor
805 4338 892 4382 cst
929 4329 1075 4383 verbi
1113 4330 1248 4394 Dei;
1293 4341 1348 4384 et
1387 4333 1537 4384 auris
1567 4343 1652 4386 est
1681 4335 1950 4402 corporis.
1997 4333 2154 4387 Alius
2183 4333 2250 4388 ad

677 4420 936 4476 Visendos
971 4422 1380 4487 decumbentes,
1411 4433 1467 4477 et
1505 4425 1858 4492 requirendos
1899 4425 2246 4490 tribulantes,
2281 4434 2325 4489 ο
2355 4419 2720 4474 membrorum
2747 4421 3122 4478 diversitatem
3143 4417 3311 4489 operis
3330 4403 3642 4492 enumerandi

675 4521 732 4566 et
767 4513 972 4580 positos
1018 4514 1071 4567 in
1110 4516 1526 4571 necessitatibus
1563 4516 1830 4571 eruendus
1866 4525 1950 4570 est
1991 4517 2251 4585 impiger;

675 4604 768 4672 qni
805 4619 898 4672 pes
923 4605 1041 4660 sine
1069 4605 1234 4660 dubio
1267 4608 1342 4677 (ὅ)
1381 4608 1739 4662 ecclesiastici
1782 4607 2025 4675 corporis
2069 4607 2254 4674 appel-

782 4699 827 4731 ³³
857 4701 1016 4755 Rom.
1046 4717 1124 4766 Ix,
1150 4701 1242 4756 2|.

649 4799 652 4804 ’
881 4793 1046 4866 Editi,
1061 4797 1275 4860 accidit,
1296 4806 1350 4849 ut
1367 4800 1481 4866 quis
1499 4813 1532 4849 a
1555 4797 1658 4850 Deo
1675 4797 1846 4865 sapiat
1867 4798 1923 4850 in
1943 4813 2114 4866 opere,
2138 4805 2245 4853 etc.

768 4863 1050 4936 99)__Edili,
1075 4883 1176 4936 non
1201 4863 1445 4936 intelligit
1467 4863 1792 4930 mensuram,
1818 4877 1926 4921 etc.

770 4931 928 5004 l)’De
957 4934 1058 4988 Itis.
1098 4935 1257 4990 Deest
1287 4937 1340 4988 in
1373 4931 1564 4989 'editis.
1607 4936 1808 4989 Deinde
1847 4952 1976 4990 mss.
2007 4934 2253 5004 plerique

673 5014 731 5056 ct
757 5003 1026 5074 ’Babanus
1061 5020 1157 5073 pro
1201 5006 1494 5071 designaret
1537 5007 1733 5058 habent
1777 5003 2091 5074 assignaret.
2139 5005 2246 5059 Sed

679 5073 1017 5154 Ittslz‘li‘egius
1051 5090 1200 5154 nunt.
1231 5074 1367 5154 l639
1400 5086 1452 5128 et
1483 5075 1800 5154 milli-“Iuni”
1834 5073 2002 5153 testu.

752 5143 828 5213 (2)
861 5143 954 5198 Sic
983 5160 1083 5197 ms.
1111 5144 1314 5213 Regius
1351 5161 1499 5198 num.
1527 5144 1682 5198 1659.
1718 5145 1915 5198 Cancri
1961 5159 2089 5197 vero
2117 5159 2247 5199 mss.

679 5223 734 5267 et
761 5213 914 5279 editi,
941 5225 987 5266 et
1012 5215 1361 5282 indigentium
1393 5230 1596 5270 curam.
1629 5215 1905 5280 llabanns,
1937 5224 1984 5266 et
2013 5214 2250 5283 indigen-

682 5283 810 5335 tium
837 5299 1019 5337 curant
1051 5285 1226 5338 habet.

750 5353 828 5424 (3)
867 5353 1028 5418 Editi,
1074 5365 1122 5406 et
1159 5371 1247 5419 pes
1289 5354 1400 5408 sine
1435 5351 1629 5414 dubio,
1681 5360 1787 5406 etc.
1826 5351 2049 5416 Deinde,
2087 5363 2134 5406 et
2173 5353 2248 5406 ita

681 5421 908 5494 inuenies
938 5439 1352 5494 unumquemque
1379 5441 1471 5489 pro
1502 5439 1652 5491 posse
1675 5439 1801 5492 ergo
1833 5439 1996 5476 unum
2033 5423 2249 5492 aliquod

682 5491 908 5562 ofﬁcium
934 5491 1173 5554 spiritale
1200 5491 1410 5562 operam
1443 5495 1592 5546 dare.

751 5559 828 5629 (4)
856 5557 1021 5624 Editi,
1049 5557 1288 5631 spiritale
1307 5565 1528 5634 officium
1560 5563 1710 5618 habet
1739 5571 1792 5616 ut
1825 5562 2019 5627 videat,
2046 5577 2250 5617 verum-

681 5638 877 5689 tamen.
914 5640 1021 5684 etc.

752 5697 830 5768 (5)
860 5698 1020 5764 Editi,
1053 5718 1212 5756 unum
1244 5702 1459 5770 aliquod
1487 5702 1676 5756 bonum
1709 5702 1947 5772 spiritale
1982 5703 2192 5756 meruit.

1310 4702 1356 4733 "
1378 4701 1538 4757 Joan.
1573 4719 1668 4766 vn,
1701 4703 1788 4759 l8.
1861 4701 1906 4733 ³⁸
1937 4700 2096 4755 Rom.
2128 4699 2332 4763 “1.6—8

2359 1867 2455 1930 tia,
2485 1876 2541 1918 ut
2574 1867 2644 1919 sit
2671 1866 2749 1938 (6)
2789 1867 2998 1935 aliquis
3043 1866 3269 1929 oculus,
3309 1868 3429 1933 quod
3459 1870 3582 1920 estin
3606 1886 3710 1937 urna

2361 1967 2471 2012 toto
2499 1958 2773 2032 nobilius;
2805 1957 2895 2011 vel
2932 1973 3134 2011 manus
3155 1996 3170 2022 ,
3218 1958 3349 2026 quod
3383 1961 3562 2025 sequenti
3587 1962 3707 2014 locoh-

2356 2051 2471 2104 beri
2508 2060 2729 2119 potest;
2761 2060 2854 2104 aut
2887 2052 3070 2115 auris,
3103 2060 3196 2103 aut
3219 2049 3400 2119 lingua.
3429 2060 3710 2118 antemnaqu-

2354 2157 2460 2210 qne
2493 2157 2614 2210 quze
2646 2142 2904 2196 videntur
2937 2143 3256 2197 honestiora
3279 2157 3421 2196 esse:
3446 2153 3707 2197 etmrstsum

2355 2231 2571 2300 aliqttod
2614 2231 2763 2287 aliud
2812 2230 3131 2286 membrum
3169 2247 3234 2287 ex
3282 2233 3359 2286 his
3387 2247 3482 2300 qua:
3503 2234 3707 2284 videnturn-

2358 2323 2670 2377 bonestiora
2701 2338 2823 2378 esse
2848 2343 2868 2386 ς
2905 2326 3028 2395 ipse
3055 2324 3256 2394 aliquid
3287 2339 3438 2378 causae
3459 2329 3702 2393 pnstileritiii,

2354 2430 2421 2466 an
2468 2413 2561 2468 Dei
2613 2416 2896 2472 voluntate
2939 2420 3156 2485 absque
3199 2419 3316 2473 ullis
3352 2418 3523 2470 omnino
3549 2421 3704 2470 cat-sisi:

2354 2503 2484 2558 illud
2514 2543 2529 2569 ,
2567 2505 2648 2558 vel
2682 2505 2772 2560 ille
2800 2507 2880 2576 (8)
2943 2508 3079 2562 illud
3114 2510 3416 2564 constitutus
3454 2511 3506 2563 sit
3539 2511 3702 2564 incultus.

2353 2611 2520 2665 supra
2569 2606 2806 2652 nostram
2842 2613 2972 2654 esse
3002 2601 3394 2670 intelligentiam
3421 2610 3530 2668 pulo.
3558 2600 3704 2650 lenae

2355 2688 2408 2742 bi
2445 2689 2536 2758 qui
2578 2699 2802 2744 naturas
2837 2692 3098 2747 diversas
3137 2700 3372 2746 asserunt
3403 2691 3626 2750 aniinanim,
3648 2701 3702 2737 ut

2355 2777 2586 2835 diversis
2613 2781 2996 2836 conditoribus
3029 2781 3302 2835 institutas
3320 2819 3334 2843 ,
3357 2779 3494 2832 locum
3516 2777 3700 2829 conﬁrmati

2355 2872 2627 2941 dogmatis
2669 2871 2756 2926 sui
2799 2873 3056 2929 invenire
3099 2873 3393 2936 videantur,
3425 2870 3699 2936 caquenohisi:

2353 2963 2728 3032 superioribus
2777 2965 2844 3018 de
2879 2965 3032 3020 vasis
3085 2964 3307 3019 honoris
3344 2973 3390 3016 et
3428 2961 3537 3013 vasis
3567 2969 3699 3011 maluit-:-

2354 3053 2442 3108 liae
2468 3054 2513 3086 ³³
2541 3055 2774 3110 disserta
2803 3063 2956 3118 sunt,
2989 3055 3158 3110 etiam
3189 3053 3240 3108 in
3266 3051 3336 3122 (9)
3364 3049 3553 3119 presenti
3572 3045 3701 3099 statim

2354 3145 2491 3204 loco.
2518 3145 2801 3216 Nunquam
2829 3148 2978 3202 enim
3010 3147 3392 3201 concedendum
3423 3153 3514 3206 est,
3545 3150 3581 3192 ut
3601 3138 3699 3191 sireis

2356 3237 2629 3306 praesenti,
2679 3238 2792 3292 sive
2827 3237 2878 3291 in
2913 3236 3226 3306 praeteritis,
3268 3235 3371 3289 sive
3406 3233 3526 3286 etiam
3560 3229 3591 3280 in
3615 3226 3700 3278 ῐπιιιάέ

2354 3329 2589 3395 εωευιὶε,
2620 3346 2726 3386 non
2752 3332 2826 3385 ita
2851 3344 3288 3402 unumquemque
3310 3327 3524 3392 dispenset
3537 3319 3602 3388 (l0)
3617 3318 3696 3368 ditia

2353 3419 2720 3488 Providentia,
2741 3431 2799 3475 ut
2824 3421 3246 3490 uniuscujusque
3269 3417 3480 3472 meritum
3491 3407 3619 3465 arbitrii
3632 3406 3699 3490 litt:-

2355 3517 2464 3564 tate
2489 3512 2774 3566 collectum
2805 3513 3095 3567 materiam
3125 3489 3391 3580 prmbuerit
3414 3494 3640 3569 dispensant.
3657 3489 3695 3580 lt-

2354 3609 2470 3653 slus
2491 3610 2574 3655 est
2603 3601 2746 3654 enim
2773 3601 2933 3668 Deus,
2956 3611 3012 3656 et
3034 3578 3290 3671 injustitia
3313 3610 3404 3650 non
3420 3578 3695 3679 estapudeu'.

2425 3691 2478 3745 5.
2537 3690 2802 3746 Habentes
2844 3695 2986 3746 enim
3035 3691 3148 3762 (ll)
3193 3689 3321 3742 dona
3349 3684 3562 3739 secundum
3590 3680 3694 3742 tum

2353 3797 2471 3850 qua:
2505 3782 2632 3836 data
2668 3793 2743 3836 est
2783 3784 2952 3847 nobis,
2990 3783 3310 3853 differentia,
3349 3777 3434 3830 sive
3453 3765 3696 3858 prophetiae

2354 3875 2584 3927 cundunt
2634 3877 2890 3929 rationem
2935 3876 3103 3944 ﬁdei,
3141 3876 3245 3928 sive
3284 3863 3552 3924 ministerium
3577 3859 3608 3944 is
3627 3865 3694 3901 me

2353 3966 2605 4024 strundo,
2652 3965 2760 4018 sive
2795 3965 2887 4033 qui
2922 3943 3073 4020 docet
3113 3965 3168 4016 in
3209 3958 3437 4018 doctrina,
3459 3949 3523 4018 qui
3541 3943 3694 3998 tritanii!

2353 4053 2409 4106 in
2445 4055 2794 4123 exhortando,
2823 4058 2914 4123 qui
2950 4057 3134 4111 tribuit
3164 4055 3216 4107 in
3239 4034 3690 4123 εὲηιριὶιίιαιιισαί

2353 4145 2410 4197 in
2443 4117 2845 4213 sollicitudine,-
2863 4149 2956 4218 qui
2989 4149 3258 4202 miseretur
3291 4117 3340 4195 ut
3364 4133 3560 4190 ιειατίιαιι
3576 4124 3614 4218 τι.
3635 4117 3694 4171 ϐε-

2354 4236 2581 4291 dixisset
2619 4216 3138 4310 singulosquosque
3167 4231 3461 4292 credentiqu
3481 4216 3693 4276 membri?!“

2355 4327 2514 4381 unius
2573 4331 2819 4399 corporis
2868 4332 3112 4396 Christi;
3175 4339 3308 4382 nunc
3357 4315 3480 4389 quasi
3516 4310 3692 4437 diter:er

2356 4419 2514 4437 ,ηικᾼι
2765 4421 2797 4437 ,ο
2937 4425 2969 4437 .,
3020 4434 3027 4437 _
3154 4435 3166 4437 μ
3191 4435 3198 4437 Α
3219 4417 3308 4437 ,,ε,
3333 4409 3602 4437 -..ηιηρηίορ
3671 4407 3680 4434 l

3671 4407 3680 4434 l

3566 4491 3614 4539 est
3628 4480 3690 4528 itte

2361 4525 2522 4566 causa
2545 4553 2562 4578 ,
2595 4513 2739 4568 velut
2765 4516 2922 4571 oculo
2952 4517 3158 4576 visum,
3187 4511 3252 4564 ita
3280 4501 3446 4561 menti,
3467 4505 3550 4562 qua:
3566 4501 3689 4623 esui";

2529 4621 2541 4623 _
2569 4621 2576 4623 _
2627 4607 2639 4623 1
2693 4622 2700 4623 ,
2934 4611 2945 4623 .
3005 4610 3038 4623 _.
3169 4604 3341 4623 “2---.
3384 4588 3618 4623 Ampinmfﬂ
3669 4589 3682 4606 “

3603 4588 3631 4626 ιι
3652 4588 3682 4616 τε

2362 4607 2474 4660 rior
2519 4607 2741 4675 oculus,
2793 4610 3091 4678 prophetia:
3129 4604 3346 4673 assignat
3382 4589 3578 4647 ollicium;

2780 4791 2792 4803 .
3374 4774 3384 4786 ·
3411 4771 3422 4784 ο
3513 4769 3570 4810 de
3577 4793 3588 4814 ,
3606 4755 3636 4798 et
3650 4751 3687 4813 εἷς

2427 4789 2862 4894 (meum?
2897 4776 3684 4894 931'):..'§;"2..°:.?,:‘.:‘.'itiu.cum

2358 4873 2407 4918 et
2432 4849 2604 4932 ‘paulo
2636 4849 2774 4929 post;
2803 4873 2851 4914 et
2899 4879 3078 4915 rursus
3105 4867 3156 4911 ut
3180 4854 3244 4908 sit
3265 4849 3387 4915 aliqu

2360 4949 2493 4986 mss.
2526 4932 2815 5002 utrobique
2844 4933 3102 4985 omittunt
3132 4936 3204 4980 ut.

2431 4979 2509 5064 ᾗ)
2529 4979 2779 5081 in}:
2789 4979 3169 5081 assignas).
3191 4979 3572 5081 Διίξξιεξιξξζξθξ

2353 5052 2527 5126 aliis
2723 5052 2950 5140 ίᾶηίρόἓι
2978 5052 3103 5138 ipse.
3125 5061 3298 5120 Ceteri
3326 5063 3429 5106 vero
3449 5052 3572 5097 nus.“

2359 5145 2469 5209 ipse
2499 5139 2700 5209 aliquid
2727 5156 2901 5194 cauare
2929 5140 3186 5208 prn'stitit.

2453 5211 2508 5290 ξ)
2541 5211 2695 5290 9995!
2729 5210 2816 5262 me
2849 5213 2899 5263 ίιι
2927 5210 3110 5290 sanis.
3190 5284 3262 5290 αμ
3445 5225 3658 5290 manu».

2453 5211 2508 5282 8)
2541 5211 2695 5264 Deest
2729 5211 2816 5262 ille
2849 5213 2899 5263 in
2935 5211 3110 5262 editis.
3509 5243 3518 5253 -

2431 5211 2676 5367 ἓὲλβξῑίίί
2704 5289 2898 5367 9.5933:
2925 5279 3136 5367 “CS‘PS.
3148 5284 3264 5367 23.1"
3273 5255 3519 5367 23633133:

2429 5335 2540 5421 (Ib)
2574 5347 2906 5430 Ms..llegius
2943 5335 3086 5402 nuin.
3120 5335 3679 5432 Ιϐἷιξξε

2358 5401 2583 5474 aut-rion
2605 5401 3019 5488 uniuscujusque
3045 5457 3060 5470 .
3087 5459 3100 5473 .
3125 5455 3139 5471 .
3161 5453 3174 5467 .
3201 5401 3489 5488 materiai.“

2357 5490 2636 5556 pensandi.
2668 5490 2858 5542 Caeteri
2896 5487 3024 5542 vero
3071 5501 3190 5540 mss,
3232 5487 3282 5556 ut
3319 5487 3512 5556 Ill-ultum

2355 5545 2740 5648 έαῑιὲικντξιιβι·
2772 5558 2998 5648 "ceter
3022 5545 3408 5648 tractimifiif;
3441 5584 3562 5648 una
3590 5565 3673 5626 Αιιυι

2429 5616 2556 5702 (η).
2593 5616 2784 5702 Emme,
2821 5629 2980 5684 υεεει
3020 5616 3070 5684 iit
3114 5616 3246 5679 libris
3284 5616 3408 5666 antea
3441 5616 3562 5648 cuiu:-

2357 5701 2532 5756 autcm
2561 5715 2659 5770 pro
2687 5701 2846 5753 enim.

3463 4967 3576 5026 calet

3575 5023 3681 5078 (edin:
