3894 6356
60 326 260 385 lilii

1104 327 1452 385 COMMENT.
1490 324 1552 380 IN
1593 321 1816 382 EPIST.
1857 327 1946 380 AD
1980 325 2146 383 ROM.
2189 325 2317 380 LIB.
2357 324 2439 379 IX.

3253 326 3387 382 1211

63 456 407 519 tauquam
439 451 618 504 manui
654 447 1017 504 ministerium
1053 447 1312 502 adscribit
1341 463 1356 512 ;
1383 456 1438 502 et
1469 447 1559 501 alii
1593 455 1714 500 tau-
1747 453 1788 509 Α
1822 461 1888 498 ne
1935 445 2180 499 videatur
2231 445 2298 499 de
2354 441 2572 497 ltotniue
2616 439 2825 493 arbitrii
2874 449 3112 509 potestas
3161 441 3385 501 auferri.

65 553 294 606 quam
355 543 552 609 lingua!
601 539 902 594 doctrinam
947 539 1141 594 tribuit
1191 558 1204 594 :

67 723 452 793 ambiguum
505 722 826 787 videbatur,
875 722 1140 786 absolvit,
1190 723 1277 776 tibi
1335 723 1709 792 quaerebamus

70 821 320 867 utrum
346 812 766 882 unumquodque
792 815 1094 867 membrum
1120 815 1188 867 ad
1217 815 1466 875 Itone«ta,
1496 813 1580 866 vel
1614 813 1714 865 tui-

71 915 210 954 tttts
280 902 513 956 honesta
556 901 802 971 corporis
847 900 1022 957 oﬂicia
1070 903 1271 974 aliquid
1320 917 1383 956 ex
1427 918 1486 956 se
1529 918 1711 957 causa:

72 991 432 1058 praebendo
478 993 688 1047 veru-rit
723 1010 736 1046 :
769 1008 836 1047 an
878 994 1042 1050 nullis
1079 1009 1146 1050 ex
1191 995 1409 1056 causis,
1454 994 1547 1048 sed
1595 995 1710 1049 sola

73 1071 199 1133 Dei
243 1082 541 1137 voluntate
585 1082 906 1149 honestum,
941 1084 1028 1138 vel
1061 1083 1240 1138 minus
1270 1083 1556 1138 honestum
1588 1098 1710 1140 esse

75 1172 442 1226 membrum
477 1174 769 1243 unicuique
797 1174 1104 1244 delegatum
1138 1175 1208 1229 sit
1235 1175 1369 1246 (12).
1403 1172 1556 1239 Quod
1579 1189 1708 1243 ergo

77 1262 175 1316 ibi
220 1265 398 1319 nobis
433 1264 611 1321 minus
641 1268 852 1321 clarum
887 1266 1008 1333 fuit,
1043 1267 1129 1320 hic
1155 1265 1450 1334 Apostolus
1479 1266 1706 1320 eviden-

79 1363 188 1409 ter
221 1359 456 1426 aperuit
489 1359 695 1422 dicens,
734 1359 841 1413 sive
865 1359 1191 1428 prophetiam
1223 1358 1356 1430 (l3),
1399 1360 1504 1412 sive
1546 1359 1704 1412 mini-

80 1449 372 1512 sterium,
405 1451 521 1504 sive
556 1449 760 1520 reliqua
789 1451 926 1506 dona
963 1452 1262 1520 gratiarum
1297 1451 1580 1504 secundum
1616 1466 1706 1503 ra-

78 1538 327 1593 tionem
369 1540 494 1605 fidei
529 1541 645 1595 dari
697 1559 711 1596 :
762 1542 1012 1610 quamvis
1056 1556 1235 1596 sermo
1269 1541 1405 1606 iste,
1454 1543 1555 1597 hoc
1598 1551 1704 1605 est,

79 1627 414 1682 secundum
443 1627 554 1700 (14)
587 1632 841 1684 rationem
881 1631 1008 1698 ﬁdei
1031 1671 1048 1698 ,
1093 1631 1233 1698 apud
1273 1630 1496 1685 Latinos
1529 1630 1706 1684 minus

79 1719 349 1788 proprie
420 1721 711 1774 translatus
766 1722 1033 1776 videatur.
1103 1722 1388 1792 ’Λναλογία
1450 1723 1593 1776 enim
1648 1721 1702 1776 in

1255 540 1506 595 similiter
1548 541 1714 592 etiam

67 645 364 688 caetera.
415 633 548 687 lllttd
592 647 805 701 quoque
851 632 992 700 quod
1040 631 1198 688 nobis
1249 632 1302 686 itt
1344 633 1714 702 superioribus

1825 533 2200 587 Verumtamen
2231 549 2296 586 ex
2345 533 2446 586 hoc
2490 531 2632 599 quod
2676 528 2753 580 ait
2796 529 2910 583 dari
2954 532 3184 600 gratiam
3215 533 3282 585 ad
3327 534 3384 584 id

1815 624 1953 694 quod
1981 625 2225 693 expedit,
2265 633 2444 691 potest
2476 621 2590 674 ﬁeri
2625 631 2678 672 ιιι
2715 621 2814 673 etsi
2854 621 2923 673 sit
2953 620 3064 690 (l8)
3110 622 3161 674 itt
3201 623 3382 693 aliquo

1818 729 2064 767 mensura
2093 713 2214 767 lidei
2253 723 2396 766 tanta
2419 753 2434 775 ,
2472 725 2595 780 quze
2620 708 2974 763 excelsiorem
3017 711 3242 780 gratiam
3276 730 3386 768 nte-

1815 815 2001 858 reatur
2029 805 2296 872 accipere,
2336 803 2380 857 si
2409 811 2634 858 sanctus
2676 799 2912 869 Spiritus
2953 801 3138 856 l'utura
3169 806 3384 872 prospi-

1811 895 1962 949 ciens
1998 895 2255 964 expedire
2294 892 2578 960 accipienti
2625 906 2734 944 non
2781 891 3017 961 judicet,
3076 893 3385 945 necessario

1810 985 2013 1040 dividat
2060 985 2351 1052 unicuique
2398 992 2560 1053 prout
2603 983 2714 1036 vult
2761 993 2816 1038 et
2858 983 3096 1051 expedit.
3146 982 3386 1051 Denique

1810 1074 2097 1130 nonnullos
2164 1075 2407 1128 videmus
2479 1077 2756 1144 accepisse
2815 1071 3052 1141 gratiam
3118 1072 3382 1128 doctrina:

1809 1167 1894 1221 vel
1929 1166 2326 1220 exhortationis
2366 1166 2435 1220 ad
2478 1165 2729 1234 plebem,
2771 1175 2826 1219 et
2869 1179 2934 1220 ex
2979 1165 3080 1219 hoc
3122 1167 3238 1234 ipso
3275 1167 3386 1222 eia-

1810 1267 1893 1312 tos
1927 1267 2091 1328 atque
2140 1258 2192 1312 itt
2238 1258 2546 1326 superbiam
2594 1271 2783 1312 versos
2833 1257 2886 1309 itt
2933 1256 3195 1326 judicium
3248 1258 3383 1310 inci-

1808 1349 1952 1403 disse
1977 1348 2177 1402 diaboli
2212 1366 2226 1400 :
2258 1348 2395 1402 alios
2425 1348 2701 1417 accepisse
2731 1347 2950 1416 quidem
2979 1348 3244 1416 gratiam,
3285 1355 3380 1403 sed

1809 1438 1977 1510 649
2007 1440 2328 1511 negligentia
2358 1441 2521 1494 animi
2550 1451 2605 1495 et
2635 1440 2756 1494 vita:
2792 1439 2996 1495 desidia
3022 1440 3328 1510 corrupisse
3363 1457 3378 1494 :

1808 1532 1948 1586 unde
1978 1542 2098 1586 erat
2131 1542 2184 1587 et
2225 1532 2313 1586 ille
2358 1533 2450 1600 qtti
2487 1542 2772 1602 acceptum
2805 1531 3088 1585 denarium
3127 1530 3177 1583 itt
3219 1530 3379 1584 suda-

1808 1622 1890 1676 rio
1922 1623 2232 1693 colligavit,
2281 1638 2379 1678 nec
2413 1624 2628 1692 operari
2659 1637 2723 1677 ex
2758 1637 2825 1678 eo
2867 1621 3071 1692 aliquid
3113 1621 3283 1676 valuit
3310 1622 3378 1677 ³⁹.

1809 1714 2098 1782 Propterea
2139 1716 2372 1784 denique
2399 1727 2454 1769 et
2491 1715 2787 1784 Apostolus
2825 1716 3016 1770 scribit
3061 1713 3128 1767 ad
3172 1715 3376 1768 charis-

80 1807 338 1874 GrmCO,
391 1826 497 1864 non
534 1820 640 1864 tattt
687 1812 825 1866 ratio
873 1828 1034 1882 quant
1083 1827 1340 1868 mensura
1390 1822 1703 1880 competens
1735 1796 2004 1860 Bsimum
2061 1805 2168 1860 sibi
2219 1805 2388 1858 (ilium
2423 1805 2810 1861 dicenszNoli
2842 1806 3098 1875 negligere
3147 1807 3375 1873 gratiam

79 1897 218 1952 dici
258 1909 460 1967 potest,
497 1911 554 1953 ιιι
584 1901 708 1970 quia
739 1917 845 1956 uno
880 1918 984 1956 non
1013 1911 1212 1972 potest,
1251 1901 1462 1956 duobus
1492 1917 1701 1956 sermo-

82 1988 285 2044 nibus
329 1991 648 2061 esplicetur.
704 1993 1006 2048 Secundum
1054 1993 1167 2064 (l5)
1219 2010 1518 2047 mensuram
1569 2008 1700 2063 ergo

81 2078 240 2147 ﬁdei
274 2081 700 2153 uniuscuju~que
733 2085 1076 2139 diversitates
1099 2085 1216 2138 dari
1245 2085 1556 2154 pronuntiat
1580 2099 1700 2151 gra-

82 2169 343 2236 tiarum,
380 2185 461 2238 ttt,
495 2176 640 2229 verbi
668 2191 862 2241 causa,
903 2185 1126 2244 accepta
1169 2175 1291 2243 quis
1325 2175 1524 2244 gratia,
1568 2174 1698 2229 illud

82 2260 185 2312 vel
241 2261 377 2315 illud
408 2266 707 2317 membrum
741 2265 794 2318 in
827 2265 1030 2320 Christi
1060 2279 1289 2334 corpore
1337 2263 1452 2318 liat.
1498 2264 1564 2318 Et
1608 2264 1699 2318 hic

79 2352 339 2419 quidem
367 2370 664 2408 mensuram
689 2355 814 2422 ﬁdei
838 2371 1058 2410 causam
1095 2355 1484 2424 capiendarunt
1517 2355 1699 2424 posuit

85 2442 426 2508 gratiarum
453 2458 468 2506 ;
513 2444 576 2496 ad
619 2443 929 2498 Corinthios
958 2459 1088 2499 vero
1121 2444 1369 2499 scribens
1400 2444 1477 2496 ait
1505 2455 1523 2498 :
1561 2440 1697 2496 Uni-

84 2535 308 2600 cuique
337 2544 510 2587 autem
533 2535 692 2587 datur
717 2535 1075 2604 ntanifestatio
1099 2535 1336 2604 Spiritus
1378 2535 1446 2588 ad
1479 2535 1535 2588 id
1557 2535 1698 2604 quod

88 2625 324 2690 expedit
349 2623 428 2690 ’6;
458 2634 512 2677 et
541 2634 659 2693 post
695 2640 864 2694 pauca
901 2626 1096 2680 addit:
1133 2626 1325 2680 Omnia
1363 2633 1536 2680 autem
1575 2641 1698 2694 ope-

92 2725 271 2766 ratur
298 2731 435 2768 unus
467 2724 624 2787 atque
661 2717 798 2770 idem
833 2717 1090 2786 Spiritus,
1130 2717 1368 2771 dividens
1412 2716 1696 2786 unicuique

93 2802 222 2875 (lti)
253 2814 408 2872 prout
438 2804 544 2857 vult
576 2805 638 2858 ".
680 2805 836 2862 Unde
874 2806 1005 2860 tttihi
1033 2808 1285 2870 videtur,
1332 2815 1438 2860 tam
1471 2807 1540 2862 ad
1579 2805 1691 2861 Ro-

93 2907 308 2946 tttattos
339 2907 501 2960 quam
533 2891 598 2946 ad
625 2891 940 2948 Corinthios
971 2895 1243 2961 scribens,
1280 2905 1389 2950 tres
1417 2895 1694 2966 capienda:

93 2981 308 3048 gratia:
356 2981 545 3036 modos
590 2981 817 3048 docere,
861 2993 918 3036 ttt
951 2998 1018 3037 ex
1062 2985 1222 3039 nobis
1260 2985 1314 3038 in
1349 2999 1414 3039 eo
1454 2985 1540 3054 agi
1593 2984 1694 3039 ali-

0 3089 1 3092 η
93 3071 242 3138 qttid
276 3071 562 3134 ostendat,
600 3071 894 3140 plurimum
948 3080 1126 3126 tamen
1175 3073 1228 3127 itt
1272 3073 1366 3128 Dei
1403 3073 1690 3144 largitione

94 3163 430 3216 consistere.
465 3161 622 3216 Ponit
650 3177 782 3233 ergo
815 3173 870 3216 et
898 3179 1197 3217 mensuram
1233 3163 1361 3232 fidei
1393 3179 1518 3219 esse
1539 3205 1555 3231 ,
1592 3180 1689 3231 per

93 3268 272 3322 quant
305 3253 426 3320 quis
455 3252 684 3322 gratiam
718 3253 858 3322 capit
887 3269 904 3318 ;
949 3253 1100 3322 ponit
1144 3263 1202 3309 et
1229 3255 1299 3308 ad
1336 3255 1392 3307 id
1421 3255 1563 3324 quod
1595 3270 1688 3308 ea:-

0 3383 2 3388 .
95 3345 246 3410 pedit
277 3343 392 3396 dari
418 3361 434 3410 ;
465 3351 518 3396 et
543 3341 806 3410 Spiritum
839 3343 1082 3399 dividere
1111 3357 1268 3415 prout
1294 3344 1427 3400 vult.
1463 3345 1530 3400 Ut
1554 3360 1685 3416 ergo

100 3441 264 3486 tanta
304 3433 356 3486 in
405 3432 559 3487 nobis
590 3432 724 3486 lides
759 3433 1086 3500 inveniatur,
1117 3445 1318 3504 quanta
1355 3435 1528 3505 possit
1558 3435 1681 3490 sub-

100 3521 388 3578 limiorem
447 3523 675 3592 gratiam
715 3525 1034 3592 promereri,
1067 3525 1238 3580 nostri
1264 3526 1442 3596 operis
1472 3527 1685 3581 videtur

99 3624 159 3668 et
201 3613 370 3667 studii
409 3630 423 3668 :
460 3623 517 3668 ιιι
558 3623 738 3668 autem
768 3614 832 3668 ad
873 3615 924 3669 id
964 3615 1124 3670 detur
1151 3618 1295 3686 quod
1329 3618 1584 3686 expedit,
1630 3627 1685 3673 et

101 3701 245 3755 utile
265 3702 337 3754 sit
361 3702 670 3771 accipienti,
707 3702 799 3756 Dei
825 3701 1087 3770 judicium
1111 3715 1231 3771 est;
1266 3705 1348 3760 vel
1379 3707 1603 3761 omnino
1635 3707 1683 3762 si

103 3791 230 3844 dari
258 3791 405 3856 velit,
437 3791 490 3845 in
522 3793 638 3861 ipso
663 3802 766 3847 est.
800 3793 922 3847 Ideo
951 3804 1004 3849 et
1034 3793 1087 3848 itt
1125 3795 1246 3849 aliis
1285 3795 1426 3850 idem
1452 3799 1684 3866 Aposto-

103 3885 192 3937 lus
245 3883 375 3936 dicit
429 3901 444 3936 :
503 3882 663 3939 Nunc
710 3897 883 3940 autem
934 3887 1074 3942 Deus
1133 3890 1304 3956 posuit
1360 3890 1414 3943 in
1467 3906 1683 3957 corpore

104 3975 514 4044 unumquodque
536 3978 819 4030 membrum
842 3990 998 4048 prout
1021 3979 1180 4034 voluit
1203 3980 1268 4035 ³⁸.
1297 3979 1480 4036 Voluit
1500 3993 1680 4035 autem

105 4066 254 4119 Deus
284 4067 571 4120 secundum
617 4069 873 4123 rationem
923 4070 1004 4124 vel
1045 4088 1348 4126 mensuram
1395 4074 1521 4142 ﬁdei
1561 4091 1682 4144 quas

102 4165 188 4207 est
224 4154 279 4208 itt
327 4157 481 4209 nobis
521 4157 675 4226 (l7);
718 4159 798 4213 vel
840 4159 1011 4214 voluit
1047 4163 1117 4214 ad
1164 4163 1219 4214 id
1260 4164 1401 4232 quod
1445 4166 1677 4233 expedit.

103 4243 214 4297 Nisi
255 4243 396 4298 forte
429 4247 496 4298 ita
532 4246 734 4316 aliquis
774 4261 831 4303 et
873 4250 976 4304 hoc
1008 4251 1135 4306 velit
1164 4253 1504 4323 intelligere,
1538 4256 1680 4312 Deus

103 4337 273 4402 posuit
308 4336 363 4388 in
399 4353 616 4404 corpore
643 4341 1050 4412 unumquodque
1078 4343 1367 4398 membrum
1395 4359 1550 4416 prout
1588 4364 1677 4402 vo-

1802 1910 1919 1964 qua:
1948 1895 2002 1946 in
2031 1903 2080 1945 te
2107 1903 2182 1946 est
2213 1893 2291 1956 ‘°;
2329 1901 2583 1963 tanquam
2618 1895 2798 1950 sciens
2831 1909 2988 1964 posse
3019 1894 3248 1959 gratiam
3281 1907 3374 1961 per

1801 1983 2180 2054 negligentiam
2209 1984 2472 2052 deperire.
2499 1983 2648 2050 Quod
2670 1993 2847 2038 autem
2878 1985 3044 2039 dixit:
3074 1982 3372 2038 Secundum

1801 2075 2061 2127 rationem
2089 2073 2172 2128 vel
2211 2089 2508 2128 mensuram
2541 2074 2664 2142 ﬁdei
2691 2075 2758 2140 “,
2807 2085 2936 2144 puto
2962 2073 3075 2142 jam
3123 2074 3278 2142 plene
3319 2076 3370 2126 itt

1799 2165 2173 2234 superioribus
2201 2167 2505 2234 expositum
2555 2180 2676 2235 qua:
2716 2165 2788 2220 sit
2835 2165 2966 2221 lides
3009 2181 3128 2235 qua:
3155 2184 3184 2220 a
3217 2167 3368 2220 nobis

1800 2258 2134 2327 requiratur,
2170 2265 2225 2312 et
2252 2273 2374 2326 quae
2402 2259 2473 2312 sit
2498 2274 2618 2327 qua:
2647 2274 2676 2312 a
2721 2259 2831 2314 Deo
2864 2273 2960 2328 per
2997 2259 3229 2328 gratiam
3273 2261 3367 2314 da-

1803 2355 1888 2400 tnr
1919 2346 2218 2401 secundum
2255 2347 2360 2400 hoc
2390 2346 2531 2416 quod
2559 2347 2698 2402 ident
2727 2347 3018 2416 Apostolus
3050 2348 3183 2402 dicit
3211 2366 3224 2403 :
3267 2348 3370 2402 Atii

1797 2437 1927 2506 ﬁdes
1957 2438 2010 2490 in
2048 2438 2225 2492 eodem
2257 2436 2459 2507 Spiritu
2491 2437 2536 2469 ι’
2573 2453 2591 2492 :
2619 2448 2675 2494 et
2699 2437 2828 2493 item
2876 2439 2966 2493 ubi
2998 2439 3017 2499 ί
3026 2439 3112 2510 19)
3141 2441 3370 2510 apostoli

1799 2529 1866 2583 ad
1902 2528 2189 2583 Dominum
2236 2529 2467 2583 dicunt:
2504 2531 2652 2600 Auge
2693 2529 2841 2584 nobis
2885 2529 3041 2598 ﬁdem
3084 2530 3130 2561 ⁴³
3174 2543 3192 2582 :
3226 2532 3368 2600 quod

1798 2617 1935 2674 ﬁdes
1964 2617 2327 2688 quidemquae
2355 2627 2538 2688 speret
2565 2629 2620 2674 et
2665 2620 2872 2687 credat,
2919 2629 2975 2675 et
3011 2620 3217 2690 absque
3260 2620 3368 2675 ulla

1798 2709 2140 2766 dubitatione
2178 2709 2436 2777 conﬁdat,
2465 2710 2516 2764 in
2551 2710 2706 2764 nobis
2727 2718 2847 2765 est:
2898 2711 3036 2766 ratio
3079 2725 3208 2766 vero
3241 2710 3365 2766 ﬁdei

1795 2802 1984 2870 ipsius,
2025 2810 2080 2854 et
2108 2801 2373 2867 scientia,
2411 2811 2467 2856 et
2492 2800 2764 2872 perfectus
2800 2815 2988 2857 eorum
3022 2817 3142 2872 qua:
3183 2802 3366 2857 credi-

1796 2907 1918 2947 mus
1940 2891 2269 2957 iutelleetus,
2299 2893 2580 2946 donatura
2610 2891 2742 2946 Deo.
2774 2889 2880 2947 Sed
2912 2901 2968 2947 et
2996 2891 3128 2948 illud
3160 2893 3212 2947 itt
3241 2891 3366 2948 loco

1794 2997 1899 3036 non
1927 2983 2240 3037 omittamus
2263 2985 2406 3052 quod
2436 2983 2652 3038 videtur
2678 2984 2990 3039 secretioris
3015 2998 3136 3039 esse
3164 2993 3366 3054 mystc-

1793 3073 1881 3127 rii.
1913 3071 1971 3127 Si
2001 3073 2143 3127 enim
2181 3073 2235 3127 in
2268 3074 2518 3142 praesenti
2549 3073 2745 3130 saeculo
2775 3074 2870 3129 dat
2894 3074 3036 3130 Deus
3071 3074 3364 3144 unicuique

1790 3160 2022 3232 gratiam
2062 3162 2350 3220 secundum
2379 3177 2677 3216 mensuram
2705 3163 2852 3232 ﬁdei,
2883 3164 3002 3219 sine
3034 3164 3200 3220 dubio
3227 3165 3360 3220 etin

1787 3254 1972 3307 futuro
2002 3253 2148 3308 dabit
2173 3255 2467 3324 unicuique
2499 3257 2726 3326 gratiam
2761 3271 2858 3326 pro
2908 3271 3162 3312 mensura
3201 3259 3361 3311 meri-

1790 3353 2003 3408 torum;
2033 3352 2087 3398 et
2117 3344 2160 3398 si
2213 3343 2264 3398 itt
2315 3345 2565 3412 praesenti
2606 3346 2810 3401 szecu'lo
2841 3345 2963 3400 talis
2999 3355 3081 3400 cst
3111 3347 3205 3401 Dei
3247 3347 3362 3402 dis-

1786 3433 2054 3502 pensatio,
2086 3441 2145 3488 et
2195 3433 2315 3488 talis
2362 3434 2464 3488 erit
2508 3436 2672 3488 etiam
2721 3435 2774 3489 in
2815 3437 3034 3500 luturo;
3090 3437 3364 3504 quomodo

1787 3540 1894 3580 non
1923 3535 1978 3579 et
2005 3526 2057 3580 itt
2085 3526 2374 3594 praeteritis
2402 3527 2620 3581 saeculis
2653 3526 2792 3597 (20),
2829 3543 2951 3596 qua:
2985 3527 3204 3582 fuerunt
3235 3539 3364 3583 ante

1785 3633 1906 3684 nos,
1932 3617 2124 3673 similis
2155 3617 2248 3673 Dei
2280 3619 2613 3688 dispensatio
2639 3635 2768 3688 erga
2799 3635 3014 3674 omnem
3050 3621 3349 3676 rationabi-

1784 3709 1887 3765 lem
1911 3720 2219 3765 creaturam
2251 3710 2420 3767 l'uisse
2467 3711 2758 3768 credetur?
2807 3709 2909 3765 Sed
2933 3710 3046 3778 jam
3078 3712 3358 3765 videamus

1783 3816 1904 3870 qua:
1945 3804 2052 3856 sint
2096 3801 2209 3874 (21)
2240 3803 2380 3858 dona
2409 3818 2530 3872 qua:
2574 3812 2858 3858 enumerat
2895 3803 3193 3856 secundum
3226 3818 3356 3872 gra-

1783 3893 1914 3946 tiam
1948 3893 2099 3950 data.
2157 3893 2474 3963 Propltetia,
2523 3895 2719 3964 inquit,
2753 3903 2810 3949 et
2861 3893 3246 3958 ministerium,
3302 3903 3357 3947 et

1783 3986 2048 4052 doctrina,
2083 3996 2136 4040 et
2162 3987 2495 4052 exhortatio,
2529 3997 2582 4042 et
2607 3987 2851 4050 tributio,
2885 3987 2986 4040 hoc
3010 3995 3094 4041 est
3125 3995 3355 4054 prwsta-

1781 4077 1881 4142 tio,
1912 4087 1968 4131 et
1989 4091 2242 4147 praeesse,
2275 4088 2330 4131 et
2375 4077 2643 4132 misereri.
2669 4076 2774 4138 ,His
2797 4077 2976 4147 jnttgit
3031 4087 3085 4130 et
3113 4078 3355 4130 cltarita-

1783 4176 1913 4231 tetn,
1953 4178 2006 4222 et
2034 4177 2250 4223 caetera.
2289 4168 2363 4222 De
2392 4169 2587 4238 quibus
2624 4166 2770 4222 dicat
2819 4168 3052 4220 fortasse
3098 4167 3300 4235 aliquis
3335 4183 3351 4220 :

1781 4259 1837 4314 Si
1867 4259 1982 4313 lucc
2011 4260 2190 4313 omnia
2223 4275 2321 4330 per
2351 4260 2584 4330 gratiaut
2619 4261 2815 4312 dantur
2847 4258 2982 4327 (22),
3017 4273 3120 4310 non
3165 4259 3268 4311 erit
3296 4258 3350 4310 itt

1779 4351 1936 4419 culpa
1965 4351 2008 4404 si
2043 4351 2164 4419 quis
2197 4366 2301 4404 non
2324 4351 2629 4420 propltetet,
2678 4357 2769 4402 aut
2799 4365 2903 4403 non
2933 4349 3222 4411 ministret,
3258 4358 3349 4401 aut

104 4425 241 4488 luit,
289 4437 347 4480 ut
380 4429 538 4480 voluit
569 4429 636 4482 ad
674 4433 956 4484 membrum
999 4435 1172 4504 magis
1221 4436 1525 4502 referatur,
1576 4440 1677 4493 ltoc
1707 4453 1755 4513 ο
1785 4457 1891 4494 non
1923 4444 2133 4510 doceat,
2176 4452 2268 4496 aut
2300 4457 2404 4495 non
2460 4443 2802 4503 exltortetur,
2849 4449 2942 4492 attt
2987 4455 3092 4492 nott
3127 4439 3350 4502 tribuat,

105 4523 206 4578 est,
241 4527 389 4582 prout
425 4517 613 4584 voluit,
648 4521 1014 4591 proutelegit,
1047 4535 1206 4593 prout
1233 4541 1452 4596 operam
1481 4531 1667 4598 dedit;

173 4649 413 4711 "lCor.
444 4673 540 4718 stt,
577 4659 629 4713 7.
686 4659 728 4689 ³⁷
758 4659 885 4712 ibid.
924 4661 1010 4715 11.
1060 4662 1106 4694 ³⁸
1131 4663 1261 4719 ibid.
1297 4667 1379 4722 l8.

103 4719 234 4776 Cor.
264 4725 413 4788 stt,9.
490 4726 534 4758 ’⁵³
566 4727 697 4782 Luc.
722 4744 850 4791 xvtt,
873 4731 927 4785 5.

173 4835 288 4918 (Ii!)
312 4835 409 4918 bis.
431 4839 638 4910 Regius
661 4859 808 4898 ttttttt.
831 4844 990 4918 1659,
1013 4849 1370 4918 unusquisque
1392 4851 1672 4908 derelictus

103 4907 192 4958 sit.
225 4908 325 4958 Sed
359 4907 538 4963 t-zeteri
568 4928 696 4965 mss.
727 4923 780 4966 et
809 4916 940 4967 editi
974 4925 1031 4970 ut
1061 4917 1112 4969 itt
1150 4907 1316 4972 textu.

315 4975 458 5054 ξξιὶὶιί
495 4995 798 5054 perperam,
829 4985 937 5038 sive
963 4988 1258 5054 prophetia.

205 5047 283 5111 14)
321 5047 644 5104 Secundum.
671 5051 942 5108 Omittunt
964 5047 1025 5108 'itt
1057 5047 1240 5111 editis.

169 5115 283 5193 (15)
315 5116 513 5193 E_tliti._
538 5124 825 5175 secundum
873 5140 997 5193 ergo
1033 5125 1158 5193 ﬁdet
1198 5143 1499 5186 mensuram
1543 5134 1666 5188 uni-

105 5187 287 5253 cuique
320 5189 650 5244 diversilates
674 5194 818 5252 duri,
851 5187 961 5249 etc:-

173 5254 280 5337 (lb)
309 5257 482 5337 Alias,
511 5259 754 5328 singulis,
787 5264 882 5316 sed
914 5280 1013 5317 ms.
1041 5263 1243 5336 Regius
1269 5284 1419 5323 nutu.
1446 5271 1583 5328 1659
1610 5282 1664 5327 et

107 5325 580 5396 edi_t_i,_uuiruique.

111 5393 284 5515 "03:87)
317 5393 494 5461 Editi,
541 5401 826 5452 secundum
854 5401 980 5470 ﬁdei
1012 5419 1304 5459 mensuram
1336 5426 1455 5476 qua:
1486 5421 1560 5464 est
1610 5412 1663 5468 in

179 5531 278 5604 (l8)
313 5533 660 5611 Msaplures.
693 5547 747 5589 ut
779 5541 823 5591 si
849 5541 920 5594 sit
942 5581 958 5602 .
989 5553 1096 5598 etc.
1129 5544 1330 5600 Deinde
1360 5547 1511 5611 editi,
1543 5559 1662 5604 tan-

115 5605 957 5685 toque-excellentiorcmuqratiam
980 5652 1012 5685 ,γ
1037 5628 1141 5666 etc.
1175 5614 1342 5668 Paulo
1376 5605 1509 5685 post
1531 5635 1662 5674 vero

118 5683 213 5752 tus:
244 5669 436 5752 llegius
473 5691 620 5752 ltlllll.
667 5669 800 5731 1639
841 5669 1042 5735 omittit
1093 5669 1388 5740 necessario.
1421 5669 1658 5752 Wdit'idttt‘,

119 5749 167 5790 et
203 5739 375 5809 habet,
425 5747 704 5814 unicuique
735 5759 888 5814 prout
931 5755 1036 5804 vult
1079 5756 1339 5820 expediat.

1461 4669 1504 4702 ”
1535 4670 1664 4725 Luc.
1698 4683 1811 4734 χιιι,
1855 4664 1947 4729 26,
1987 4663 2079 4719 21.

1783 4542 1877 4586 aut
1905 4547 2008 4585 non
2039 4535 2246 4602 praesit,
2279 4542 2371 4586 aut
2411 4549 2516 4586 non
2565 4533 2910 4595 misereatur,
2958 4537 3050 4581 aut
3092 4544 3194 4582 non
3227 4529 3352 4582 dili-

2178 4665 2223 4697 ⁸⁰
2253 4665 2270 4718 Ι
2299 4663 2438 4719 Τῖιιι.
2465 4680 2536 4730 tv,
2590 4664 2675 4718 14.
2775 4664 2817 4695 δί
2842 4661 3105 4727 Bonum,
3125 4661 3181 4716 5.
3259 4662 3302 4708 ⁸³
3331 4657 3346 4712 Ι

1847 4849 1959 4921 (19)
1999 4849 2099 4902 Ms.
2135 4848 2334 4921 Regius
2373 4866 2522 4904 ttttttt.
2577 4848 2737 4912 1659,
2789 4849 2938 4906 alibi.
2980 4847 3180 4903 Deinde
3206 4849 3344 4919 Apo-

1774 4921 1896 4976 stoli
1923 4921 2268 4973 desideratur
2300 4920 2353 4972 in
2381 4931 2540 4973 antea
2566 4921 2744 4974 editis.

1847 4990 1964 5062 (20)
1995 4989 2156 5062 Editi,
2186 4987 2436 5062 talis_ertt
2462 4993 2686 5062 etiam...
2713 4989 2970 5059 quomodo
2995 5003 3098 5041 non
3124 4998 3345 5062 praeter-

1771 5057 1865 5115 itis'
1906 5057 2115 5114 steculis
2134 5097 2157 5128 ,ί
2176 5067 2284 5112 etc.
2311 5057 2437 5114 Mss.
2484 5057 2733 5128 plerique
2759 5062 3013 5112 omittunt
3056 5060 3344 5127 utrobique

1767 5143 1855 5196 et;
1882 5131 1976 5184 sed
2012 5145 2114 5185 ms.
2143 5127 2345 5196 Regius
2381 5127 2526 5184 nunt.
2560 5128 2696 5182 1659
2727 5130 2856 5181 utin
2882 5138 3055 5181 textu.

1839 5199 1952 5271 (21)
2007 5198 2170 5271 Editi,
2218 5201 2538 5271 crederetur.
2601 5198 2708 5271 Sed
2742 5199 2860 5271 jam
2908 5197 3178 5271 videamus
3209 5214 3338 5271 quia

1767 5282 1910 5332 sunt,
1933 5267 2037 5323 etc.
2075 5268 2298 5331 Deinde,
2329 5268 2633 5338 Prop/talia,
2655 5268 2845 5337 inquit,
2867 5277 2940 5319 est
2965 5267 3333 5338 ntﬁittisteriuttt,

1769 5351 1877 5394 etc.
1909 5341 1973 5394 Et
2007 5338 2166 5408 paulo
2193 5348 2313 5407 post
2341 5337 2445 5392 tns.
2475 5339 2672 5406 Regius
2700 5354 2847 5389 ttttttt.
2897 5337 3057 5408 1659:
3095 5337 3183 5408 sed
3231 5337 3332 5408 tri:

1769 5410 1946 5471 buere,
1977 5403 2074 5460 Itoc
2096 5403 2492 5475 esu-praetore,
2516 5403 2832 5475 et'prwesse,
2864 5417 2972 5460 etc.
3021 5403 3122 5458 Sed
3152 5405 3334 5460 caeteri

1767 5494 1898 5532 tnss.
1930 5490 1986 5532 ιιι
2016 5479 2067 5530 itt
2097 5488 2282 5530 nostro
2316 5488 2482 5531 testu.

1837 5547 1952 5618 (22)
1999 5547 2165 5618 Editi,
2201 5547 2291 5597 dat
2335 5562 2432 5613 pro
2473 5549 2688 5618 dantur.
2722 5544 2931 5618 Deinde
2976 5558 3077 5600 ms.
3128 5543 3332 5616 Regius

1767 5614 1910 5670 nunt.
1949 5614 2107 5676 1659,
2137 5630 2236 5667 nou
2277 5617 2373 5667 erit
2414 5617 2466 5668 in
2500 5616 2650 5680 culpa
2687 5615 2731 5668 si
2755 5617 2963 5684 quidem
2986 5631 3088 5668 non
3108 5614 3334 5684 prophe-

1765 5697 1900 5742 ιρι...
1932 5689 2023 5755 qui
2069 5685 2253 5755 lterum
2297 5688 2526 5737 omnium
2563 5687 2788 5754 gratiam
2839 5701 2941 5738 nou
2978 5687 3182 5753 accipit.
3219 5687 3327 5741 Sed

1765 5752 1953 5811 t'tctcrt
1986 5772 2136 5819 ntss.,
2183 5752 2431 5810 llabanus
2459 5767 2510 5811 ct
2536 5752 2662 5811 editi
2697 5766 2753 5810 ttt
2789 5757 2841 5811 itt
2869 5767 3054 5812 nostro
3081 5768 3249 5812 textu.
