4048 6202
503 242 637 297 I215

1937 243 2257 300 ORIGENIS

3623 249 3762 306 i216

497 375 626 436 gat;
664 365 790 434 quia
827 366 1016 419 horum
1045 365 1283 418 omnium
1312 365 1540 436 gratiam
1565 380 1670 421 non
1707 368 1932 434 accepit.
1961 365 2067 420 Sed
2097 376 2140 428 Α
2173 367 2343 434 genda
2370 376 2454 420 est
2472 364 2589 421 haec
2612 379 2772 434 quam
2799 368 2958 422 docet
2984 369 3293 436 Apostolus,
3321 385 3426 424 non
3458 369 3612 423 illam
3635 385 3760 424 esse

500 459 566 510 ad
597 457 712 512 htec
758 457 1000 510 dicemus
1035 473 1048 509 :
1096 455 1250 510 Sicut
1280 466 1363 510 est
1393 458 1526 513 lides
1567 472 1730 526 quam
1780 458 2070 512 docuimus

499 561 623 602 esse
653 547 704 600 in
737 546 910 611 nobis,
941 555 997 600 et
1033 559 1222 602 rursus
1261 556 1347 602 est
1383 548 1516 602 tides
1541 563 1663 618 quae
1693 565 1789 618 per
1838 551 2070 618 gratiam

504 638 678 698 datur,
709 635 851 692 sicut
877 651 1036 704 supra
1058 637 1295 694 diximus
1323 640 1581 709 scriptum
1622 655 1779 694 esse:
1807 639 1912 692 Alii
1941 640 2074 708 ﬁdes

502 731 560 782 in
583 729 764 782 eodem
791 725 992 796 Spiritu
1013 727 1099 785 “:
1135 730 1210 784 ita
1241 729 1402 784 etiam
1436 729 1489 784 in
1523 745 1850 800 unoquoque
1881 730 2072 783 horum

505 836 625 891 quae
655 835 816 890 supra
847 820 1288 877 enumeravimus
1317 838 1348 878 a
1384 823 1492 878 Deo
1543 839 1639 894 per
1665 822 1898 894 gratiam
1932 820 2074 884 dari,

502 921 592 968 est
623 913 736 982 (25)
769 923 826 969 et
858 913 910 968 in
943 913 1101 969 nobis
1139 913 1364 984 aliquid,
1416 916 1480 971 ad
1515 915 1672 984 cujus
1701 913 2078 983 unusquisque

507 1020 816 1061 mensuram
859 1005 942 1061 vel
975 1007 1240 1063 rationem
1282 1010 1510 1078 gratiam
1565 1018 1932 1078 promeretur.
1968 1005 2076 1062 Ne—

504 1113 613 1168 que
639 1097 785 1152 enim
819 1097 886 1153 de
919 1097 1034 1153 sola
1077 1098 1340 1168 sapientia
1371 1099 1743 1170 accipiendum
1777 1099 1904 1154 illud
1935 1099 2076 1167 quod

506 1191 770 1261 scriptum
803 1197 908 1254 est,
945 1190 1071 1258 quia
1102 1189 1200 1244 etsi
1245 1193 1312 1245 sit
1342 1190 1456 1262 (Ἃ)
1492 1191 1685 1260 aliquis
1728 1191 1990 1259 perfectus
2022 1191 2079 1242 in

506 1280 634 1350 ﬁliis
661 1282 952 1348 hominum,
980 1283 1028 1337 si
1079 1281 1211 1336 desit
1235 1283 1284 1336 ei
1331 1281 1588 1352 sapientia
1626 1299 1745 1353 qua:
1778 1297 1845 1336 ex
1882 1292 1932 1335 te
1981 1290 2080 1344 est,

508 1369 578 1422 ad
621 1369 848 1424 nihilum
908 1370 1234 1440 reputabitur
1274 1370 1343 1426 ".
1401 1370 1598 1426 Eodem
1645 1385 1880 1442 namque
1923 1370 2082 1426 modo

510 1475 798 1528 possumus
846 1462 1030 1518 dicere
1063 1479 1079 1517 :
1109 1461 1333 1518 Etiamsi
1372 1463 1444 1518 sit
1491 1463 1688 1532 aliquis
1725 1461 1996 1534 perfectus
2026 1463 2081 1519 in

511 1557 619 1610 lide
647 1555 760 1628 (25)
792 1557 845 1611 in
877 1555 1001 1612 ﬁliis
1037 1557 1342 1624 hominum,
1373 1557 1417 1614 si
1448 1560 1589 1613 desit
1620 1559 1670 1614 ei
1703 1558 1838 1614 lides
1871 1572 1991 1627 quae
2014 1571 2083 1611 ex

512 1657 600 1702 tua
651 1648 825 1716 gratia
897 1658 1002 1712 est,
1067 1650 1135 1703 in.
1175 1651 1403 1705 nihilum
1457 1649 1812 1718 reputabitur.
1859 1648 1934 1702 Ita
1981 1649 2082 1702 etsi

2178 469 2272 524 per
2311 469 2472 523 quam
2521 455 2719 510 dicitur
2755 472 2769 507 :
2821 457 2948 511 Haec
2992 459 3116 512 dicit
3159 459 3453 525 Dominus;
3483 459 3576 514 illa
3608 466 3760 514 enim

2179 561 2352 614 usque
2382 545 2448 598 ad
2476 543 2743 600 Joannem
2767 547 2940 609 stetit,
2970 550 3267 602 secundum
3301 551 3446 619 quod
3495 550 3550 603 iu
3581 550 3761 603 Evan-

2177 639 2318 706 gelio
2373 638 2634 706 scriptum
2687 647 2772 694 est
2795 639 2838 670 "
2871 655 2884 690 :
2925 637 3034 693 Leu:
3084 650 3132 693 et
3174 638 3458 710 Propheta:
3486 657 3654 710 usque
3692 645 3760 693 ad

2179 726 2441 780 Joannem
2471 727 2627 799 (30):
2667 729 2762 783 sed
2806 728 2954 783 illam
2985 728 3096 799 (51)
3127 729 3191 782 de
3219 744 3324 798 qua
3355 730 3497 784 idem
3522 732 3763 798 Aposto-

2183 817 2263 873 lus
2291 820 2364 872 ait
2389 819 2436 852 “
2460 838 2472 873 :
2506 819 2613 885 Qui
2637 821 2932 889 prophetat,
2959 823 3256 876 hominibus
3284 821 3520 890 loquitur
3544 822 3664 892 (52)
3693 825 3762 873 ad

2182 910 2610 978 wdiﬁcationem,
2642 923 2690 966 et
2736 913 3178 977 exhortationem,
3215 925 3264 967 et
3316 913 3762 968 consolationem.

2183 1001 2473 1071 Prophetia
2503 1017 2634 1073 ergo
2679 1003 2881 1058 dicitur
2905 1003 3046 1073 apud
3097 1002 3325 1058 Paulum
3361 1019 3486 1059 cum
3525 1003 3655 1074 quis
3679 1006 3765 1059 lo-

2183 1095 2372 1164 quitur
2415 1091 2729 1149 hominibus
2757 1096 2825 1149 ad
2852 1094 3294 1160 aediﬁcationem,
3329 1106 3386 1150 et
3427 1109 3555 1150 cum
3589 1095 3768 1164 loqui-

2185 1197 2274 1241 tur
2325 1186 2393 1238 ad
2433 1185 2872 1241 exhortationem
2915 1195 2966 1242 et
3007 1185 3472 1249 consolationem;
3531 1195 3593 1242 et
3641 1189 3766 1242 ideo

2187 1277 2448 1334 adhibere
2484 1277 2724 1332 studiunt
2763 1278 2832 1333 ad
2882 1277 3258 1348 hujuscemodi
3307 1277 3476 1349 650
3524 1281 3767 1350 prephee

2191 1371 2318 1425 tiam
2346 1370 2603 1439 possibile
2630 1371 2788 1426 nobis
2819 1379 2925 1436 est,
2954 1379 3011 1426 et
3042 1379 3128 1426 est
3168 1372 3223 1427 in
3272 1381 3457 1426 nostra
3489 1382 3774 1444 potestate

2189 1471 2249 1516 ut
2282 1463 2437 1518 nobis
2471 1461 2524 1518 ia
2555 1463 2670 1518 haec
2693 1477 2910 1533 operam
2954 1463 3228 1527 dantibus,
3257 1463 3304 1518 si
3347 1465 3646 1519 secundum
3681 1480 3768 1518 ra-

2193 1555 2391 1609 tionem
2419 1555 2503 1610 vel
2530 1569 2842 1610 mensuram
2869 1554 2992 1611 tidei
3024 1557 3138 1610 lure
3163 1555 3412 1621 iacimus,
3441 1556 3680 1610 addatur
3712 1568 3769 1610 et

2191 1647 2279 1703 illa
2307 1663 2428 1718 quae
2457 1663 2522 1702 es
2557 1647 2666 1704 Deo
2705 1657 2789 1704 est
2819 1647 3099 1718 prophetia
3145 1647 3284 1719 (55).
3329 1647 3422 1703 Est
3454 1659 3641 1702 autem
3673 1663 3766 1702 se.-

510 1736 783 1806 perleetus
819 1737 889 1791 sit
921 1739 1042 1806 quis
1083 1738 1136 1792 in
1181 1739 1510 1804 ministerio,
1557 1740 1601 1793 si
1637 1739 1775 1793 desit
1822 1737 1872 1791 ei
1901 1752 1931 1791 a
1979 1737 2088 1791 Deo
2120 1723 2162 1779 Β
2189 1741 2421 1793 cundum
2461 1738 2775 1808 Apostolum
2823 1741 2990 1793 etiam
3037 1737 3141 1791 alia
3185 1738 3396 1806 species
3437 1740 3768 1807 praphetia'.

515 1828 800 1884 ministerii
851 1826 1047 1898 gratia,
1081 1829 1134 1884 itt
1183 1830 1410 1884 nihilum
1455 1830 1795 1899 reputabitur
1825 1827 1958 1902 (26).
2009 1828 2084 1882 Ita

513 1921 611 1975 etsi
643 1918 915 1990 perfectus
957 1921 1028 1974 sit
1061 1919 1114 1974 in
1163 1919 1412 1975 doctrina
1465 1921 1609 1990 quis,
1660 1930 1715 1974 et
1743 1919 1884 1975 desit
1917 1919 1967 1974 ei
1992 1921 2090 1973 do-

512 2013 704 2067 ctrina:
728 2013 901 2082 gratia
937 2013 1050 2083 (27)
1092 2027 1213 2082 quae
1245 2027 1309 2068 ex
1341 2012 1448 2067 Deo
1494 2021 1596 2080 est,
1633 2012 1687 2066 in
1728 2012 1960 2067 nihilum
2000 2026 2087 2066 re-

506 2103 812 2174 putabitur.
859 2104 924 2158 Et
960 2105 1034 2158 ita
1072 2107 1125 2158 in
1173 2103 1428 2159 omnibus
1479 2105 1564 2159 his
1611 2119 1732 2174 qnte
1769 2111 2089 2157 enumerata

518 2204 664 2258 sunt,
714 2203 796 2250 est
827 2189 1074 2264 q‘utedam
1125 2195 1385 2266 perfectio
1432 2199 1573 2250 inter
1625 2195 1764 2250 illios
1810 2195 2089 2250 hominum

520 2300 680 2354 quam
717 2284 903 2342 labore
934 2295 986 2340 et
1024 2285 1216 2342 studiis
1264 2286 1500 2357 propriis
1534 2297 1923 2356 assequuntur,
1978 2287 2094 2341 sive

522 2374 574 2428 itt
603 2375 892 2444 sapientia,
919 2377 1033 2430 sive
1062 2375 1116 2429 in
1151 2377 1426 2441 doctrina,
1475 2374 1589 2430 sive
1617 2376 1670 2430 in
1705 2375 1828 2430 aliis
1855 2373 2044 2430 olliciis
2075 2395 2089 2431 :

520 2481 642 2535 quae
674 2477 851 2522 tamen
883 2467 928 2521 si
976 2481 1082 2520 non
1115 2467 1349 2522 habeant
1388 2482 1417 2520 a
1469 2466 1582 2521 Deo
1629 2466 1858 2538 gratiam
1888 2467 2092 2532 datam,

521 2556 656 2612 nihil
712 2566 916 2612 erunt:
946 2556 1071 2627 quia
1123 2557 1167 2612 si
1206 2558 1347 2612 desit
1391 2557 1470 2612 eis
1505 2557 1678 2626 gratia
1708 2557 1964 2628 Spiritus.
1996 2571 2096 2613 nec

526 2651 768 2706 membra
796 2665 917 2706 csse
957 2650 1162 2705 ChriSti
1192 2651 1436 2719 corporis
1484 2661 1728 2722 possunt.
1767 2649 1873 2706 Sed
1915 2651 1970 2704 in
2009 2647 2096 2706 his

522 2743 788 2811 quaeritur
811 2739 854 2795 si
889 2751 1066 2811 potest
1087 2757 1210 2799 esse
1256 2743 1433 2812 aliqua
1464 2743 1516 2796 in
1547 2743 1705 2798 nobis
1735 2741 1817 2796 vcl
1851 2756 1913 2797 ex
1942 2742 2100 2796 nobis

525 2833 822 2903 prophetia:
849 2834 1077 2904 Species,
1113 2847 1232 2903 qua:
1265 2851 1369 2889 non
1413 2843 1581 2889 totum
1613 2836 1808 2890 haheat
1846 2849 1911 2890 ex
1965 2833 2095 2900 Deo,

525 2923 620 2978 sed
675 2925 1070 2994 aliquantulum
1121 2925 1281 2980 etiam
1333 2925 1445 2995 (28)
1487 2939 1554 2979 ex
1604 2924 1861 2980 humanis
1907 2923 2100 2980 studiis

513 3007 730 3084 capiat.
785 3013 898 3070 Hoc
945 3018 1162 3086 quidem
1215 3017 1354 3085 apud
1397 3026 1624 3071 caeteros
1654 3015 1810 3069 Valde
1843 3013 2100 3084 impossi-

523 3106 636 3160 bile
659 3106 963 3174 videbitur;
1007 3108 1148 3179 apud
1189 3108 1409 3162 Paulum
1455 3116 1634 3162 tamen
1668 3106 1946 3161 evidenter
1971 3120 2097 3176 pro-

529 3197 688 3251 batur
720 3199 987 3253 dicentem
1023 3197 1424 3252 :xEmulamini
1465 3207 1640 3251 autent
1679 3196 1819 3250 dona
1863 3196 2091 3266 majora,

530 3288 697 3356 magis
724 3297 900 3341 autem
932 3296 986 3341 ut
1031 3287 1342 3357 prophetetis
1370 3287 1436 3342 “.
1462 3286 1520 3344 In
1563 3303 1669 3358 quo
1694 3287 1838 3343 sicut
1869 3287 2097 3344 aemula-

528 3385 620 3430 tur
645 3379 768 3448 quis
819 3379 1176 3436 ministerium
1207 3380 1341 3451 (29),
1374 3389 1429 3436 et
1457 3380 1782 3446 doctrinam,
1814 3389 1868 3434 et
1895 3381 2094 3434 exhor-

532 3467 810 3536 tationem,
830 3478 885 3524 et
911 3481 1129 3533 caetera,
1157 3486 1252 3540 per
1281 3472 1380 3526 hoc
1406 3471 1550 3540 quod
1573 3470 1796 3525 adhibet
1827 3485 1954 3539 erga
1984 3469 2100 3524 hmo

531 3559 771 3614 studium
817 3573 882 3616 ac
923 3560 1191 3625 laborem,
1224 3561 1299 3617 ita
1329 3571 1384 3618 et
1423 3578 1550 3633 erga
1603 3562 1947 3634 prophetiam
1983 3560 2098 3616 ﬂeri

532 3651 731 3708 debere
769 3653 1009 3710 ostendit
1037 3653 1350 3725 Apostolus.
1399 3653 1552 3710 Unde
1581 3651 1862 3725 prophetia
1906 3649 2106 3708 intelli-

605 3761 962 3838 “l99r._s_tt,
997 3764 1071 3838 9.,
1108 3765 1337 3838 _“_Sap.
1364 3765 1520 3838 tx,46.
1578 3767 1688 3838 fr‘ﬂl
1713 3765 1840 3822 Cor.
1871 3766 2096 3838 xu,‘3i;
2133 3780 2242 3834 XIV,
2274 3767 2327 3822 1.

536 3849 568 3888 Σ
595 3848 649 3896 v.
705 3833 795 3898 24,
828 3836 920 3889 25.
1025 3837 1077 3868 ⁸⁸
1107 3835 1122 3890 l
1157 3833 1375 3900 Cori",
1411 3836 1498 3891 10.
1575 3837 1618 3868 ⁸⁸
1647 3837 1808 3890 llebr.
1841 3850 1914 3901 Iv,
1948 3833 2035 3888 1‘2.

608 3925 721 3991 (‘23)
755 3924 846 3979 Sic
869 3940 970 3995 ms.
1009 3925 1208 3995 Regius
1235 3943 1382 3980 num.
1427 3927 1584 3982 1659.
1622 3926 1874 3981 Rabanus
1903 3935 1958 3980 et
1984 3926 2101 3979 edi-

541 3995 604 4053 ti.
630 3995 720 4065 qui
763 3993 895 4047 editi
939 3993 1276 4065 solummodo
1308 4012 1590 4065 perperam
1634 3997 1834 4051 habent
1878 3997 1976 4049 erit
2006 4007 2104 4063 pro

539 4059 795 4132 est.Mss.
831 4077 961 4132 vero
981 4064 1086 4114 duo
1115 4063 1262 4132 Regii
1295 4059 1515 4126 habet".
1546 4077 1620 4120 est
1650 4075 1700 4120 et
1735 4065 1788 4118 in
1823 4066 1969 4118 nobis
1998 4059 2102 4117 ali-

538 4129 666 4206 quid
710 4133 779 4184 ad
813 4131 964 4206 cujus
1005 4129 1249 4206 meritum
1293 4137 1646 4206 unusquisque
1683 4149 1980 4188 mensuram
2023 4133 2103 4188 vel

543 4201 797 4274 rationem
823 4202 1008 4274 gratia:
1033 4201 1148 4274 (aL.
1177 4201 1793 4274 gratiam)jpronteretnr.

615 4270 726 4338 (Ἠ)
756 4269 921 4333 Editi,
951 4269 1074 4340 quia
1101 4275 1146 4325 si
1171 4269 1261 4329 sit.
1289 4269 1626 4330 etc.'Deinde
1661 4275 1820 4328 iidem
1864 4272 2017 4338 editi,
2051 4281 2107 4326 et.

545 4357 683 4412 mss.
709 4341 829 4412 duo,
849 4341 948 4412 bis,
975 4358 1092 4409 qua:
1121 4359 1185 4396 ex
1212 4343 1318 4396 Deo
1339 4354 1436 4398 est.
1468 4345 1573 4398 Sed
1607 4361 1706 4398 ms.
1738 4342 1933 4412 Regius
1955 4359 2104 4397 num.

549 4407 688 4464 1659
718 4421 770 4462 et
801 4407 1070 4483 llabanus,
1101 4429 1216 4483 qua!
1242 4429 1309 4467 ea:
1344 4424 1393 4467 te
1426 4423 1525 4478 est,
1554 4414 1693 4468 sicut
1713 4422 1768 4466 et
1799 4407 1960 4479 intra,
1995 4429 2112 4483 qua:

544 4496 613 4534 ea;
644 4492 735 4531 tua
767 4481 940 4542 gratia
966 4493 1060 4535 est.

619 4549 731 4621 (25)
759 4536 970 4621 infide.
1013 4551 1135 4606 llmc
1167 4552 1273 4621 duo
1314 4553 1477 4606 verba
1509 4554 1890 4608 desiderantur
1927 4550 1979 4604 in
2009 4551 2118 4604 edi-

544 4617 636 4676 tis.
675 4619 770 4673 Ms.
807 4617 1006 4689 Regius
1029 4638 1180 4676 num.
1218 4620 1373 4684 1659,
1400 4624 1456 4676 in
1484 4623 1586 4689 ﬁde
1614 4634 1662 4677 et
1714 4625 1770 4678 in
1798 4621 1924 4690 [iliis
1951 4621 2118 4673 homi-

547 4705 708 4750 num;
738 4691 829 4742 sed
863 4692 1042 4745 cmtcri
1083 4707 1211 4746 mss.
1242 4705 1296 4746 et
1329 4693 1585 4747 Rabanus
1617 4705 1673 4747 ιιι
1710 4695 1760 4747 iu
1805 4701 1974 4744 textu.

619 4757 925 4833 (26)_Ita‘et
961 4762 1007 4813 si
1052 4761 1312 4833 perfectus
1356 4763 1423 4815 sit
1470 4764 1585 4833 quis
1635 4764 1688 4816 in
1727 4758 2119 4833 ministerio,_si

547 4829 678 4881 desit
694 4830 748 4900 _ei
779 4845 812 4881 a
840 4827 947 4882 Deo
979 4827 1254 4883 ministerii
1279 4827 1559 4900 gratiaﬁn
1588 4833 1807 4885 nihilum
1849 4829 2119 4898 reputabi-

547 4909 654 4950 tur.
692 4897 815 4952 llaac
845 4913 946 4954 nec
977 4899 1030 4954 itt
1059 4901 1242 4967 editis,
1280 4897 1398 4955 nec
1426 4903 1564 4972 apud
1596 4903 1876 4958 Rabauum
1905 4913 2123 4968 compa-

548 4976 690 5021 rent.

621 5031 737 5110 (ἢ)
771 5036 933 5110 Editi,
972 5038 1213 5110 doctrina
1238 5040 1444 5110 gratiae.
1484 5040 1640 5096 male.

648 5108 737 5172 ‘28)
775 5105 973 5162 Etiam.
1009 5105 1452 5164 pt'ailttt'lltllliiltl'
1485 5111 1536 5163 in
1563 5111 1742 5164 editis.

648 5111 737 5172 ‘28)
775 5111 973 5162 Etiam.
1009 5111 1452 5164 Pt'aitertuittitur
1485 5111 1536 5163 in
1563 5111 1742 5164 editis.

624 5111 738 5247 iiii)
787 5175 925 5231 Editi
953 5216 969 5242 ,
1031 5179 1086 5231 in
1125 5196 1226 5249 quo
1293 5183 1408 5250 quis
1455 5181 1738 5234 tumulatur
1777 5179 1828 5231 in
1883 5179 2122 5233 ministe-

554 5249 716 5312 rium,
741 5257 848 5302 etc.

628 5317 743 5388 (50)
774 5315 948 5388 Stetit_.
977 5319 1261 5372 secundum
1292 5321 1429 5387 quod
1457 5320 1510 5372 in
1544 5319 1826 5388 Evangelia
1870 5319 2124 5387 scriptum

554 5385 645 5442 est,
663 5403 682 5458 :_
702 5385 810 5439 Lex
834 5399 880 5439 et
909 5386 1183 5455 Propheta?
1205 5385 1365 5458 usque
1391 5392 1459 5442 ad
1481 5385 1761 5444 Joannem.
1791 5388 1913 5443 Haec
1939 5385 1988 5442 in
2012 5390 2126 5441 edi-

555 5459 631 5510 tis
661 5456 860 5511 frustra
907 5459 1173 5525 requiras,
1215 5456 1307 5513 sed
1355 5461 1714 5515 restituuntur
1759 5474 1824 5514 ex
1873 5460 2126 5514 omnibus

562 5540 692 5580 mss.
725 5537 780 5579 ct
805 5526 1045 5582 Rabano.

635 5594 746 5666 (3|)
782 5597 951 5657 Editi,
986 5598 1074 5649 sed
1116 5597 1282 5665 illaut,
1323 5608 1430 5655 etc.
1481 5600 1682 5656 Omnes
1739 5615 1865 5656 vero
1913 5612 2044 5653 mss.
2073 5605 2124 5652 et

563 5669 838 5725 llttbauus.
863 5669 951 5719 sed
975 5667 1086 5733 illa,
1122 5678 1226 5722 ctu.

2188 1829 2256 1883 de
2283 1841 2389 1898 qua
2425 1827 2558 1883 dicit
2582 1828 2627 1862 "
2661 1845 2675 1880 :
2711 1827 2773 1884 Si
2823 1843 2944 1883 vero
2998 1827 3333 1896 prophetetis,
3397 1830 3557 1882 intret
3591 1841 3772 1883 autem

2185 1917 2304 1988 quis
2335 1915 2586 1984 inﬁdelis,
2609 1915 2687 1970 vel
2714 1916 2902 1980 idiota,
2933 1916 3186 1985 arguitur
3210 1916 3277 1968 ab
3323 1917 3585 1980 omnibus,
3605 1919 3771 1986 judi-

2173 2017 2342 2062 ‘catur
2374 2009 2437 2062 ab
2459 2009 2720 2072 omnibus,
2745 2006 2948 2063 occulta
2989 2024 3191 2077 quoque
3222 2009 3389 2061 cordis
3429 2009 3545 2078 ejus
3591 2013 3778 2063 mani-

2177 2102 2328 2170 festa
2357 2101 2489 2171 ﬁunt
2526 2102 2660 2172 (51),
2687 2115 2734 2156 et
2763 2112 2886 2156 tunc
2913 2104 3103 2157 cadens
3141 2107 3194 2157 in
3237 2105 3420 2171 faciem
3452 2104 3774 2170 pronuntia-

2191 2195 2262 2248 bit
2307 2195 2430 2264 quia
2473 2209 2587 2248 vere
2627 2193 2767 2248 Deus
2816 2195 2868 2247 in
2919 2195 3061 2248 vobis
3108 2204 3185 2248 est
3233 2193 3367 2264 (55).
3417 2193 3576 2248 Sicut
3623 2195 3771 2248 enim

2193 2283 2426 2351 Spiritus
2456 2285 2547 2337 Dei
2593 2285 2770 2338 omnia
2813 2295 3082 2338 scrutatur
3103 2285 3173 2349 '°,
3206 2283 3276 2338 ita
3323 2295 3378 2339 et
3422 2284 3652 2338 verbum
3679 2283 3772 2338 Dei

2191 2377 2374 2430 omnia
2425 2376 2586 2429 etiam
2643 2374 2846 2444 quaein
2894 2375 3106 2430 occulto
3161 2383 3287 2430 sunt
3343 2383 3769 2444 perscrutatur:

2191 2467 2427 2522 maxime
2457 2483 2578 2520 cum
2616 2467 2824 2520 verbum
2862 2468 3042 2521 vivens
3069 2467 3160 2532 sit,
3195 2475 3241 2520 et
3277 2466 3481 2535 eﬁicaz,
3527 2477 3578 2518 et
3613 2480 3772 2528 pene-

2193 2557 2433 2612 trabilius
2455 2554 2596 2610 omni
2619 2555 2795 2626 gladio
2823 2558 3067 2626 utrinque
3093 2568 3270 2617 acuto,
3297 2567 3580 2625 penetrans
3607 2571 3773 2622 usque

2194 2649 2262 2703 ad
2294 2649 2601 2702 divisionem
2637 2649 2832 2702 animos
2864 2660 2910 2701 et
2945 2649 3184 2717 spiritus,
3226 2662 3534 2715 compagum
3565 2662 3778 2714 quoquc

2196 2757 2257 2795 ac
2287 2739 2639 2794 medullarum
2671 2737 2743 2793 ".
2770 2739 2984 2793 Etenim
3021 2753 3144 2793 cum
3178 2736 3400 2791 moralis
3425 2736 3482 2789 in
3528 2735 3774 2790 Ecclesia

2197 2845 2377 2888 sermo
2401 2841 2664 2886 tractatur
2694 2828 2828 2901 (56),
2861 2842 2987 2884 tunc
3025 2829 3455 2897 uniuscujusque
3503 2827 3651 2882 intra
3693 2843 3778 2880 se-

2199 2925 2488 2992 metipsum
2543 2921 2879 2978 conscientia
2941 2918 3269 2983 stimulatur,
3327 2919 3780 2988 recognoscentis

2199 3031 2264 3072 es
2307 3016 2390 3072 his
2425 3031 2545 3086 qua:
2586 3016 2843 3072 dicuntur
2884 3013 3100 3084 propria
3127 3022 3370 3081 peccata,
3399 3019 3456 3066 et
3482 3011 3777 3066 recordan-

2205 3109 2274 3165 tis
2301 3109 2348 3164 si
2403 3123 2508 3179 qua
2554 3107 2695 3164 forte
2735 3111 2787 3162 in
2843 3106 3056 3162 occulto
3088 3105 3446 3162 commiserit.
3497 3103 3777 3160 Interdum

2203 3208 2383 3255 autem
2418 3209 2473 3256 et
2514 3199 2800 3255 aestimatio
2829 3199 2942 3270 ipsa
2972 3198 3340 3268 prudentium,
3381 3193 3467 3251 vel
3503 3211 3572 3252 ex
3601 3195 3779 3257 vultu.

2205 3288 2287 3344 vel
2335 3303 2402 3344 cx
2435 3289 2695 3354 moribus,
2747 3289 2831 3344 vel
2882 3304 2950 3344 ex
2988 3295 3135 3343 motu
3181 3285 3611 3356 uniuscujusque
3643 3301 3778 3342 cou-

2206 3381 2490 3435 scientiam
2525 3379 2637 3452 (57)
2666 3379 3033 3451 coliigentium
3054 3419 3068 3444 ,
3106 3377 3402 3449 prophetia:
3430 3377 3669 3447 Speciem
3700 3388 3780 3431 te-

2207 3482 2317 3528 net.
2349 3471 2475 3528 ilaac
2503 3473 2660 3528 nobis
2687 3473 2755 3527 tle
2781 3473 3076 3544 prophetiae
3107 3469 3280 3542 gratia
3312 3471 3456 3524 dicta
3485 3471 3615 3524 sint.
3654 3469 3778 3526 Post

2209 3563 2324 3618 haec
2372 3564 2670 3634 sequitur:
2717 3563 2838 3618 Sive
2892 3563 3239 3616 ministerium
3301 3562 3355 3615 in
3402 3561 3780 3615 ministrando.

2212 3651 2508 3708 Possumus
2545 3654 2660 3709 haec
2701 3655 2887 3709 omnia
2921 3654 2987 3708 ad
3043 3653 3186 3708 illam
3229 3651 3474 3723 regulam
3521 3666 3784 3706 revocare

2433 3767 2475 3800 ⁸⁷
2505 3765 2639 3822 Luc.
2669 3782 2780 3831 XVI,
2817 3766 2906 3822 16.
2979 3765 3024 3798 ’⁵⁸
3050 3767 3066 3820 i
3092 3767 3217 3821 Cor.
3247 3780 3358 3832 xiv,
3409 3766 3463 3821 5.
3540 3763 3590 3796 δ’
3611 3763 3632 3818 1
3653 3765 3780 3821 Cor.

2284 3922 2396 3994 (κί)
2437 3923 2601 3988 Editi,
2644 3923 2882 3994 omnibus
2918 3923 3168 3994 loquitur,
3216 3933 3322 3978 etc.
3361 3922 3568 3994 Deinde
3604 3921 3784 3976 :Pro.

2209 3994 2380 4062 phetia
2403 4006 2602 4055 autem,
2632 4003 2738 4046 etc.
2782 3993 2879 4046 Ms.
2927 3993 3123 4061 Regius
3167 4009 3313 4046 nttm.
3358 3993 3520 4056 1659,
3548 3994 3784 4062 homini-

2211 4065 2305 4117 bus
2339 4064 2576 4132 loquitur
2607 4063 3037 4130 aediﬁcationem,
3069 4073 3117 4115 et
3147 4062 3586 4132 consolationem.
3649 4061 3775 4114 Pro-

2206 4133 2385 4201 phetia
2410 4149 2552 4202 ergo,
2583 4142 2689 4188 etc.
2737 4133 2843 4187 Sed
2889 4133 3071 4188 caueri
3103 4148 3230 4186 mss.
3263 4144 3316 4186 et
3347 4131 3608 4186 Rabanus
3645 4141 3703 4186 ut
3731 4133 3783 4185 itt

2211 4212 2380 4256 textu.

2278 4271 2396 4343 (55)
2426 4269 2519 4326 Sic
2551 4286 2654 4326 ms.
2688 4269 2892 4339 Regius
2925 4286 3073 4326 num.
3103 4268 3238 4325 1659
3268 4283 3319 4322 et
3353 4271 3640 4343 Rabanus.
3663 4269 3789 4324 Edi-

2216 4341 2252 4395 ti
2291 4340 2438 4406 vero,
2469 4351 2520 4395 et
2560 4343 2613 4395 in
2641 4353 2820 4394 nostra
2852 4351 3124 4411 potestate,
3165 4349 3221 4392 ut
3252 4342 3481 4394 nobisin
3513 4340 3612 4411 Dei
3634 4355 3788 4407 apere

2214 4412 2530 4465 sudantibus
2555 4413 2838 4466 secundum
2854 4410 3120 4464 irationem
3152 4420 3201 4463 et
3232 4426 3534 4463 mensuram
3561 4410 3712 4477 ﬁdei,
3737 4411 3786 4461 si

2215 4483 2328 4534 ha'c
2351 4481 2596 4548 faciams,
2627 4480 2789 4534 addat
2819 4490 2867 4534 et
2901 4481 3049 4532 illam
3071 4496 3187 4548 qua:
3220 4495 3284 4531 ea:
3314 4479 3422 4532 Deo
3447 4491 3525 4530 est
3567 4480 3793 4543 prophe-

2217 4550 2366 4602 tiam.
2403 4551 2515 4604 Duo
2544 4567 2676 4605 ntss.
2711 4551 2862 4618 Regii
2893 4549 3098 4613 itidem,
3130 4557 3186 4600 ut
3219 4551 3366 4603 nobis
3415 4552 3470 4602 in
3509 4549 3604 4601 Dei
3642 4565 3790 4616 opere

2217 4621 2565 4685 sudantibus;
2596 4620 2690 4674 sed
2721 4629 2916 4673 caetera
2956 4627 3015 4671 ut
3045 4619 3096 4670 in
3129 4628 3304 4672 textu.

2289 4689 2402 4759 (51)
2438 4690 2531 4744 Sic
2562 4707 2692 4744 mss.
2740 4691 2982 4757 plerique
3010 4698 3066 4759 et
3099 4689 3247 4759 editi.
3307 4689 3457 4759 Mss.
3493 4703 3627 4741 vero
3672 4688 3791 4754 qni-

2219 4757 2611 4831 dampocculta
2661 4775 2876 4831 quaeque
2916 4757 3092 4811 cordis
3131 4757 3246 4823 eius
3290 4758 3573 4825 manifesta
3615 4759 3793 4826 ﬁunt;

2219 4829 2371 4889 editi,
2401 4839 2540 4883 sunt.

2293 4898 2405 4964 (55)
2439 4899 2598 4964 Editi,
2630 4901 2685 4951 in
2716 4897 2861 4951 nobis
2884 4910 2982 4956 est.

2295 4899 2384 4962 (55
2439 4899 2598 4964 Editi,
2630 4901 2685 4951 in
2716 4898 2861 4951 nobis
2884 4910 2982 4956 est.

2295 4898 2406 5040 (ὅδὲ
2458 4969 2549 5022 Sic
2607 4979 2754 5042 recte
2802 4985 2903 5042 m_s.
2943 4971 3143 5042 Regius
3193 4984 3342 5025 num.
3398 4964 3557 5042 1659.
3599 4963 3794 5042 caeteri

2225 5033 2354 5091 vero
2379 5033 2510 5095 mss.
2539 5047 2594 5092 et
2623 5039 2750 5092 editi
2780 5054 2793 5089 :
2828 5033 3051 5095 Etenim’
3065 5057 3182 5094 cum
3215 5052 3427 5092 oramus
3453 5038 3508 5087 in
3551 5033 3798 5092 ecclesia,

2223 5118 2274 5161 et
2319 5125 2488 5161 sermo
2530 5117 2811 5164 tractatur.
2857 5109 3058 5164 Deinde
3099 5111 3259 5172 editi,
3305 5120 3615 5175 perperam,
3675 5115 3798 5155 tunc

2227 5179 2648 5248 unusquisque...
2680 5180 3003 5246 stimulatur,
3042 5173 3438 5248 recognoscente
3475 5189 3546 5227 ea:
3572 5173 3658 5226 Itis
3683 5188 3799 5248 quia

2225 5241 2473 5299 dicutitur
2493 5241 2708 5318 propria
2733 5260 2966 5317 peccata,
2989 5241 3304 5318 recordante
3331 5248 3375 5318 si
3405 5261 3536 5318 qua,
3562 5255 3674 5318 et_e__.
3693 5241 3801 5318 δραι

2225 5332 2409 5370 omnes
2448 5313 2667 5371 mss.'ut
2707 5313 2758 5372 in
2805 5313 2988 5374 nostro
3035 5328 3217 5381 textu,
3259 5317 3357 5371 nisi
3391 5313 3536 5384 quod
3575 5313 3668 5384 alii
3703 5314 3802 5364 ha-

2227 5388 2411 5449 beant,
2452 5389 2496 5441 si
2527 5403 2677 5458 qtae;
2727 5389 2884 5456 alius,
2919 5390 2965 5442 si
2991 5390 3142 5458 quid,
3169 5396 3226 5442 et
3259 5383 3500 5457 plerique
3536 5383 3803 5437 emittant

2225 5470 2271 5508 et
2303 5469 2426 5510 ante
2453 5459 2797 5512 recordantis.

2297 5527 2410 5596 (57)
2445 5527 2852 5583 Conscientiam.
2887 5528 3047 5582 Deest
3079 5528 3134 5581 in
3159 5526 3318 5581 editis
3346 5533 3399 5579 et
3434 5524 3487 5596 in
3514 5521 3802 5596 plerisque

2231 5591 2500 5662 mas.,'scd
2527 5599 2826 5653 restituitur
2854 5615 2919 5654 ex
2949 5616 3049 5653 ms.
3089 5599 3257 5666 Regio
3285 5611 3431 5649 num.
3463 5591 3617 5646 1639.
