4048 6202
284 261 422 314 1217

1230 259 1584 313 (ἹΟΜΜΙΞΝΤ.
1628 260 1691 313 ΙΝ
1730 258 1945 315 El‘lST.
1988 260 2077 313 AD
2121 260 2284 315 ROM.
2328 261 2455 314 ΜΒ.
2502 261 2587 317 IX.

3402 272 3555 325 1218-

280 393 400 447 qua:
434 375 681 446 superius
716 374 857 427 dicta
911 383 1030 438 est;
1088 375 1188 428 hoc
1218 387 1299 431 est
1333 393 1348 428 :
1385 375 1505 429 Non
1536 376 1653 443 plus
1680 394 1859 443 sapere
1890 380 1935 436 Α
1965 376 2191 431 fortasse
2214 393 2347 446 opus
2378 392 2521 441 esse,
2549 393 2651 430 non
2690 386 2865 432 tamen
2901 392 2951 433 et
2976 382 3157 449 operis
3195 383 3364 453 ipsius
3395 404 3534 454 unus

278 483 437 536 quam
464 476 665 534 oportet
694 480 875 530 sapere
900 479 918 516 :
953 472 1031 526 ut,
1058 464 1208 518 verbi
1240 480 1425 527 causa,
1461 465 1702 519 dicamus
1749 482 1853 519 Itntt

279 562 478 615 debere
508 573 630 613 eum
656 558 749 628 qui
799 558 1102 624 ministrat,
1138 558 1191 611 in
1223 558 1581 611 ministrando
1617 558 1733 625 plus
1768 574 1858 610 sa-

277 668 409 718 pere
435 666 597 720 quam
626 658 840 719 oportet
868 663 1059 718 sapere
1086 667 1098 701 :
1126 659 1178 704 et
1206 648 1296 717 qui
1324 648 1501 710 docet,
1530 648 1582 701 in
1610 647 1854 700 doctrina

276 761 384 798 non
420 744 540 813 plus
569 756 764 811 sapere
805 756 969 811 quam
1020 748 1235 808 oportet
1281 752 1515 807 sapere:
1561 747 1614 792 et
1641 739 1728 805 qui
1757 753 1854 793 cx—

278 840 553 899 hortatur,
580 834 631 888 in
665 832 1051 887 exhortatione
1078 846 1181 885 non
1212 830 1332 895 plus
1353 843 1542 898 sapere
1564 828 1675 898 (58)
1695 844 1854 898 quam

274 937 494 998 oportet
520 939 731 994 sapere.
770 923 920 978 Multi
958 922 1101 977 enim
1133 931 1354 991 accepto
1392 922 1731 985 ministerio,
1774 922 1856 975 rei

276 1028 501 1089 accepta
533 1017 779 1073 doctrina
815 1014 937 1085 plus
982 1022 1281 1082 sapuerunt
1313 1029 1474 1083 quam
1503 1014 1742 1083 oportuit
1767 1028 1858 1067 sae

273 1127 413 1181 pere
446 1110 558 1182 (59)
588 1126 602 1163 :
631 1118 687 1164 et
728 1109 858 1164 elati
906 1109 958 1164 in
992 1106 1379 1177 arrogantiam,
1413 1106 1495 1159 vel
1533 1107 1586 1160 in
1632 1105 1855 1159 delicias

274 1202 525 1265 resoluti,
571 1200 881 1272 praccipites
928 1208 1276 1267 corruerunt.
1316 1197 1420 1263 Qui
1462 1200 1771 1252 exhortatur
1800 1199 1853 1251 in

274 1294 623 1350 exhortando.
652 1291 971 1346 Exhortatio
1002 1289 1113 1361 (40)
1165 1290 1374 1358 species
1401 1299 1485 1344 est
1514 1290 1768 1344 doctrina:
1799 1299 1854 1345 et

273 1386 448 1449 verbi,
478 1399 588 1455 quo
616 1383 831 1439 aﬂlictm
852 1384 1047 1437 anima:
1087 1383 1488 1452 Scripturarunt
1546 1384 1851 1437 divinarum

274 1480 571 1549 prudenter
595 1476 794 1546 aptatis
825 1484 881 1529 et
919 1475 974 1530 in
1007 1491 1173 1530 unum
1226 1475 1467 1531 collectis
1506 1475 1852 1530 sermonibus

277 1569 609 1624 relevantur.
655 1566 871 1622 Accidit
917 1565 1062 1621 enim
1113 1580 1255 1633 saepe
1297 1565 1492 1620 anima:
1546 1565 1853 1620 tribulatio-

275 1676 408 1713 num
441 1658 719 1712 nimietate
743 1656 1083 1725 desperatio:
1136 1669 1235 1710 nec
1270 1654 1424 1711 facile
1456 1654 1723 1723 reparari,
1758 1666 1852 1709 aut

276 1749 426 1814 reﬁci
456 1749 875 1819 quibuscunaue
906 1746 1090 1801 verbis
1139 1756 1338 1815 potest,
1384 1748 1634 1814 quamvis
1682 1748 1847 1816 polita

273 1842 363 1895 illa
390 1842 501 1896 sint
525 1850 580 1893 et
612 1839 940 1909 plausibilia.
973 1836 1030 1893 Si
1065 1853 1193 1893 vero
1224 1852 1407 1892 sermo
1435 1837 1642 1891 habens
1678 1838 1850 1892 virtu-
1888 1896 1889 1899 η

271 1944 383 1987 tem
416 1931 600 2003 gratiae
625 1930 716 1985 Dei
750 1929 912 1985 fuerit
932 1930 1229 1992 adhibitus,
1262 1939 1389 1984 tunc
1422 1942 1519 1984 cor
1544 1930 1664 1997 ejus
1688 1945 1851 1998 pene-

273 2035 408 2087 trat,
454 2036 507 2079 et
552 2023 978 2080 consolationem
1024 2021 1251 2091 praebet,
1304 2036 1370 2075 ac
1417 2036 1566 2088 spem
1631 2031 1849 2076 revocat

269 2114 649 2183 desperatione
692 2112 965 2175 submota,
1030 2112 1327 2165 secundum
1372 2109 1504 2163 illud
1556 2111 1698 2178 quod
1752 2126 1849 2179 per

272 2206 591 2275 prophetam
615 2204 818 2259 dictum
855 2211 939 2258 est
984 2217 1014 2255 a
1066 2201 1293 2256 Domino
1319 2201 1432 2272 (41)
1466 2220 1478 2256 :
1513 2200 1846 2269 Sacerdotes,

269 2292 559 2361 loquimini
584 2294 637 2345 in
667 2294 823 2345 corde
859 2290 1161 2346 Jerusalem
1195 2290 1262 2345 ".

347 2382 403 2435 5-
432 2382 536 2447 Qui
565 2380 745 2434 tribuit
768 2381 823 2434 in
853 2378 1209 2445 simplicitate,
1241 2380 1330 2449 qui
1349 2390 1536 2448 prteest
1564 2382 1619 2434 in
1645 2382 1846 2435 sollici-

270 2476 477 2538 tudine,
502 2475 591 2545 qui
616 2474 889 2527 miseretur
922 2473 976 2527 in
1022 2472 1292 2526 hilaritate
1326 2473 1387 2525 ".
1426 2472 1525 2538 Qui
1558 2472 1743 2527 tribuit
1794 2482 1848 2527 et

270 2574 495 2636 praestat
526 2564 915 2635 indigentibus,
953 2572 1189 2631 oportet.
1226 2563 1421 2633 inquit,
1458 2573 1515 2617 nt
1552 2564 1605 2618 in
1635 2564 1844 2633 simpli-

272 2661 447 2716 citate
479 2659 662 2714 cordis
690 2658 792 2712 hoc
835 2655 1003 2711 iaciat
1045 2656 1191 2725 (49.);
1223 2657 1327 2712 hoc
1356 2666 1461 2724 est,
1491 2671 1559 2711 ne
1603 2656 1849 2710 videatur

269 2752 493 2821 quidem
525 2750 843 2805 benefacere
876 2747 1256 2816 indigentibus,
1288 2748 1451 2802 corde
1481 2763 1612 2802 vero
1635 2747 1844 2803 laudem

269 2851 484 2909 quierat
511 2841 577 2894 ab
606 2841 935 2895 hominibus.
963 2836 1077 2893 Non
1101 2849 1183 2892 est
1211 2853 1341 2907 ergo
1380 2838 1702 2906 simplicitas
1726 2838 1842 2909 (15)

281 2934 330 2986 si
352 2931 496 2986 aliud
523 2932 609 2999 agi
639 2932 883 2985 videatur
916 2931 967 2984 in
999 2931 1270 2993 manibus,
1299 2938 1353 2983 et
1394 2929 1537 2982 aliud
1573 2938 1846 2996 quaeratur

1958 466 2205 522 allectus.
2234 468 2390 521 Aliud
2413 477 2494 522 est
2529 468 2671 522 enim
2706 469 2836 522 dare
2864 470 3143 541 indigenti,
3175 484 3230 528 et
3276 476 3418 531 aliud
3451 488 3535 534 est

1957 557 2148 613 allectu
2187 560 2574 614 misericordia:
2602 576 2724 615 cum
2752 562 3028 633 indigente
3060 568 3252 633 partiri
3285 585 3297 621 :
3332 577 3385 623 et
3414 570 3534 625 ideo

1958 664 2062 705 non
2118 649 2231 702 vult
2284 650 2333 703 in
2387 651 2476 704 tali
2511 667 2675 720 opere
2722 668 2841 707 esse
2883 655 3176 710 tristitiam.
3241 658 3341 726 Qui
3389 661 3533 715 enim

1958 748 2230 811 praerogat
2264 738 2374 810 (47)
2411 741 2693 809 pecuniam
2746 757 2924 805 suam,
2971 744 3015 797 si
3063 747 3295 801 infidelis
3335 749 3428 816 sit,
3482 760 3538 804 et

1960 837 2300 895 recepturum
2347 844 2406 881 se
2449 830 2733 895 desperet,
2776 834 3090 886 necessario
3142 844 3395 903 tauquam
3443 842 3533 908 qui

1956 932 2072 970 eam
2109 920 2406 987 perdiderit
2450 922 2824 974 contristatur.
2877 924 2977 988 Qui
3021 940 3148 978 vero
3192 942 3313 980 cum
3346 928 3449 983 lide
3481 941 3537 984 et

1956 1025 2049 1078 spe
2079 1010 2180 1064 hoc
2201 1011 2334 1081 agit,
2364 1012 2416 1064 in
2446 1011 2720 1068 hilaritate
2750 1024 2806 1068 et
2829 1014 3015 1069 laztitia
3049 1017 3160 1087 agit
3190 1019 3323 1089 (48),
3357 1030 3538 1076 certus

1955 1102 2099 1169 quod
2134 1118 2299 1171 parva
2353 1103 2467 1157 htec
2516 1119 2635 1172 qua:
2682 1121 2780 1174 pro
2828 1109 3082 1163 mandato
3123 1110 3212 1165 Dei
3256 1113 3531 1180 expendit,

1956 1194 2204 1265 ingentes
2253 1195 2353 1250 sibi
2394 1210 2524 1264 opes
2572 1199 2877 1269 cmlestium
2918 1201 3255 1269 divitiarum,
3310 1204 3535 1275 insuper

1954 1297 2132 1341 autem
2166 1297 2221 1342 et
2244 1296 2501 1342 :etcrnam
2534 1290 2819 1346 conferant
2849 1294 3036 1348 vitam.

2027 1377 2077 1431 4.
2126 1377 2375 1432 Charitas
2415 1379 2527 1432 sine
2568 1381 2904 1437 simulatione
2947 1385 3013 1437 ".
3068 1384 3179 1454 Ego
3222 1394 3350 1456 puto
3391 1389 3532 1455 quod

1951 1473 2131 1525 omnis
2154 1472 2252 1525 cha
2263 1474 2395 1528 ritas
2415 1490 2533 1540 qua:
2553 1490 2657 1529 non
2678 1486 2759 1530 est
2780 1478 3075 1533 semiudum
3102 1479 3289 1542 Deum,
3308 1481 3536 1536 simula-

1954 1572 2003 1615 ta
2027 1562 2120 1624 sit,
2148 1573 2203 1617 et
2225 1579 2351 1618 vera
2389 1581 2494 1619 non
2528 1566 2619 1620 sit.
2655 1566 2863 1621 Etenim
2900 1578 3118 1624 creatur
3157 1572 3352 1626 animae
3392 1573 3535 1627 Deus

1954 1653 2155 1710 idcirco
2177 1658 2223 1710 ei
2247 1673 2370 1711 cum
2397 1659 2610 1714 czeteris
2632 1659 2928 1715 virtutibus
2946 1661 3107 1714 etiam
3127 1661 3380 1718 allectum
3402 1664 3532 1720 cha-

1954 1746 2118 1817 651
2170 1749 2348 1801 ritatis
2391 1750 2644 1814 inseruit,
2696 1761 2754 1803 ut
2779 1752 2964 1821 diligat
2995 1753 3162 1806 Deum
3184 1794 3200 1819 ,
3233 1764 3285 1807 et
3318 1769 3381 1810 ea
3413 1770 3530 1824 quae

1955 1838 2070 1891 vult
2118 1838 2280 1891 Deus.
2315 1839 2447 1893 Cum
2488 1836 2614 1909 ergo
2649 1857 2784 1910 opus
2817 1843 2919 1897 hoc
2953 1843 3005 1897 in
3037 1846 3277 1907 animam
3319 1845 3538 1901 dederit

1955 1926 2283 1995 charitatis,
2320 1930 2630 2001 quicunque
2675 1933 2822 1989 aliud
2874 1934 3073 2003 aliquid
3120 1935 3232 2005 (49)
3281 1935 3538 1993 dilexerit

1954 2031 2116 2084 quam
2158 2019 2346 2081 Deum,
2374 2030 2427 2074 et
2456 2036 2576 2090 qua:
2602 2022 2710 2077 Deo
2747 2022 2961 2092 placent
2985 2061 3000 2085 .
3035 2025 3275 2080 charitas
3304 2026 3355 2081 in
3381 2042 3447 2081 eo
3471 2026 3535 2081 fi-

1956 2117 2038 2160 cta
2064 2118 2119 2161 et
2143 2109 2395 2163 simulata
2420 2113 2645 2167 dicenda
2668 2124 2770 2169 est.
2800 2112 2903 2168 Sed
2932 2126 2987 2169 ct
3014 2116 3059 2170 si
3083 2118 3202 2186 quis
3225 2118 3530 2185 proximum

1955 2212 2111 2251 suum
2143 2198 2346 2268 diligat,
2380 2210 2433 2255 et
2458 2218 2580 2256 cum
2597 2216 2872 2259 errantem
2895 2221 3016 2260 eum
3037 2207 3235 2262 viderit
3253 2222 3358 2261 non
3383 2222 3533 2262 com-

1956 2297 2192 2359 moueat,
2215 2304 2320 2343 non
2346 2292 2605 2360 corrigat,
2633 2294 2883 2349 simulata
2909 2295 3149 2351 charitas
3173 2297 3271 2351 ista
3302 2298 3530 2352 dicenda

1953 2386 2057 2431 est.
2095 2376 2162 2431 Et
2196 2378 2318 2432 ideo
2349 2381 2483 2434 nihil
2542 2382 2742 2438 habere
2779 2386 3165 2453 adulatorimn,
3220 2390 3352 2445 nihil
3379 2388 3533 2445 fuca-

1956 2474 2065 2519 tum
2100 2468 2339 2522 charitas
2382 2469 2562 2536 debet,
2596 2472 2738 2526 sicut
2779 2481 2833 2528 et
2878 2475 3004 2529 alibi
3051 2477 3191 2531 idem
3238 2478 3531 2547 Apostolus

1954 2557 2081 2610 dicit
2111 2575 2123 2612 :
2149 2557 2395 2613 Charitas
2418 2562 2482 2614 de
2504 2565 2659 2616 corde
2691 2580 2846 2631 puro,
2873 2575 2922 2619 et
2948 2569 3267 2622 conscientia
3302 2569 3459 2635 bona,
3479 2581 3530 2625 et

1952 2648 2058 2716 [ide
2081 2666 2185 2703 non
2210 2651 2334 2718 ﬁcta
2367 2652 2457 2707 ⁵⁸⁸.

2022 2741 2074 2795 5.
2107 2740 2355 2797 0dientes
2399 2746 2597 2799 malum
2623 2786 2638 2810 ,
2685 2749 3013 2805 adhaerentes
3051 2751 3184 2804 bono
3225 2751 3297 2805 ⁸⁸.
3330 2751 3527 2807 Mirum

1952 2831 2181 2887 fortasse
2213 2833 2303 2899 sit,
2338 2835 2479 2904 quod
2516 2836 2655 2888 inter
2680 2847 2875 2892 Caetera
2912 2840 3049 2893 bona
3083 2839 3339 2894 virtutum
3367 2856 3523 2896 assu-

1953 2924 2119 2976 mitur
2166 2924 2328 2977 etiam
2374 2926 2589 2988 odium,
2637 2936 2691 2979 et
2740 2936 2995 2996 tanquam
3046 2932 3416 2987 necessarium
3460 2934 3533 2988 ab

271 3023 331 3077 in
359 3024 543 3078 corde.
582 3020 679 3088 Qui
713 3037 839 3075 vero
876 3030 1066 3089 praeest
1094 3018 1377 3084 fratribus,
1409 3020 1492 3074 vel
1527 3021 1617 3089 qui
1652 3028 1845 3089 praeest
1873 3060 1916 3117 Ο
1951 3014 2210 3084 Apostolo
2242 3015 2353 3085 (50)
2382 3018 2617 3083 ponitur.
2655 3017 2805 3071 Unde
2835 3031 3041 3073 certum
3070 3031 3152 3075 est
3194 3024 3373 3078 inesse
3406 3025 3526 3077 aui-

274 3114 550 3179 Ecelesia’,
586 3115 637 3167 in
677 3113 1038 3168 sollicitudine
1068 3124 1188 3164 esse
1234 3110 1396 3165 debet
1428 3127 1531 3165 non
1585 3112 1847 3165 humana-

276 3222 399 3258 rum
429 3220 736 3271 causarum,
774 3218 872 3257 nec
902 3202 1244 3257 szecularium
1273 3216 1453 3254 rerum
1509 3203 1647 3272 (luec
1699 3204 1844 3256 enim

270 3298 583 3353 sollicitudo
626 3297 799 3351 aliena
824 3298 997 3357 debet
1045 3311 1167 3351 esse
1202 3297 1269 3350 ab
1318 3296 1404 3350 his
1444 3296 1536 3364 qui
1590 3296 1846 3351 Ecclesize

270 3386 682 3457 praesunt):sed
715 3385 875 3440 talem
904 3383 1258 3454 recipiatWi)
1274 3383 1688 3437 sollicitudinem
1719 3397 1849 3451 qua-

270 3481 380 3535 lem
413 3478 700 3547 Apostolus
729 3478 860 3533 dicit
889 3494 902 3529 :
937 3476 1237 3531 Concursus
1278 3477 1331 3528 in
1361 3490 1441 3527 me
1481 3474 1842 3543 quotidianus,

267 3570 581 3625 sollicitudo
605 3572 838 3624 omnium
864 3569 1247 3623 Ecclesiarum.
1280 3564 1411 3630 Quis
1435 3565 1761 3633 inﬁrmatur,
1795 3575 1841 3618 et

266 3680 370 3731 ego
403 3679 506 3715 non
548 3662 827 3729 infirmor.’
879 3659 1009 3726 Quis
1053 3659 1476 3718 scandalizatur,
1517 3665 1564 3710 et
1616 3672 1710 3725 ego
1738 3672 1842 3710 non

267 3769 403 3805 uror
432 3750 524 3805 ⁸δῖ
557 3752 658 3819 Qui
692 3766 821 3822 ergo
860 3760 1058 3821 praeest
1090 3749 1350 3804 Ecclesiis
1384 3748 1543 3803 talem
1577 3748 1841 3802 sollicitae

266 3844 455 3897 dinem
487 3842 686 3897 habere
714 3841 895 3905 debet,
928 3851 982 3896 et
1012 3840 1157 3895 illam
1193 3840 1355 3892 aliam
1383 3837 1699 3894 saecularem
1739 3837 1840 3891 ha-

265 3936 404 3991 bere
434 3935 653 3990 omnino
680 3949 787 3988 non
817 3933 995 3990 debet.
1024 3932 1131 3998 Qui
1163 3932 1438 3985 miseretur
1464 3931 1522 3983 in
1550 3928 1840 3984 hilaritate.

268 4025 534 4083 Videatur
557 4024 670 4096 (65)
699 4025 947 4081 fortassis
975 4039 1142 4078 unum
1182 4031 1344 4093 atque
1385 4020 1525 4075 idem
1554 4034 1674 4075 esse
1700 4018 1845 4089 quod

266 4132 437 4189 supra
469 4117 643 4173 dixit:
672 4115 777 4181 Qui
807 4112 992 4168 tribuit
1024 4113 1078 4167 in
1106 4111 1466 4181 simplicitate,
1492 4118 1547 4165 et
1574 4109 1676 4164 boc
1701 4128 1715 4163 :
1741 4106 1845 4173 Qui

267 4214 553 4269 miseretur.
573 4210 687 4283 (l6)
723 4212 778 4265 in
800 4210 1092 4265 hilaritate.
1121 4206 1226 4262 Sed
1269 4205 1401 4260 mibi
1438 4202 1650 4258 videtur
1678 4216 1844 4256 unum

345 4326 393 4360 "
422 4326 527 4382 Isa.
568 4326 716 4392 ηε..

343 4419 456 4489 (58)
481 4419 650 4487 Alias,
671 4421 727 4473 in
752 4416 1076 4475 exhortando
1109 4432 1212 4470 non
1238 4415 1353 4484 plus
1377 4430 1581 4483 sapere,
1606 4426 1715 4469 etc.

341 4482 456 4558 (59)
496 4482 657 4557 Ειιιιι,
706 4502 1029 4557 perperam.
1064 4482 1458 4555 quans'oportet
1499 4500 1702 4555 sapere.
1735 4482 1837 4538 Ms.

270 4575 435 4621 unus,
466 4576 623 4628 quam
660 4564 917 4628 oporteret
950 4572 1151 4623 sapere.

342 4630 456 4699 (ιο)
479 4622 817 4699 Exhortatio.
852 4622 1019 4680 Deest
1044 4622 1308 4699 in_e‘diti_s.

341 4690 457 4767 (41)
482 4697 580 4753 Ms.
610 4698 810 4767 Regius
844 4711 994 4750 num.
1040 4693 1199 4767 1659,
1230 4693 1358 4767 dicit
1403 4690 1679 4746 Dominus.
1732 4692 1839 4747 Sed

269 4761 452 4824 caeteri
485 4783 638 4829 mss.,
671 4761 927 4819 Rabanns
946 4773 999 4818 et
1020 4764 1148 4817 editi
1181 4771 1239 4815 ιιι
1270 4763 1321 4814 in
1353 4772 1523 4814 textu.

343 4838 457 4910 (L2)
499 4838 662 4902 Editi,
696 4846 916 4902 oportet.
952 4833 1140 4903 inquit,
1175 4833 1232 4885 in
1272 4832 1607 4900 simplicitate
1662 4830 1839 4884 cordis

270 4907 597 4981 ἠρείπετο.
657 4976 670 4981 _
807 4973 843 4981 __
1200 4971 1213 4981 ⁸
1389 4972 1400 4981 .
1498 4968 1529 4981 η
1571 4969 1582 4980 _

339 4968 455 5048 (45)
481 4977 607 5031 Mss.
640 4976 765 5048 duo,
796 4973 918 5048 Non
948 4981 1023 5026 est
1054 4987 1177 5039 ergo
1196 4971 1331 5048 bona
1355 4968 1699 5048 simplicitas,
1724 4977 1833 5022 etc.

270 5037 380 5101 Sed
412 5037 547 5101 b'ona
574 5047 841 5099 amittitur
876 5045 929 5095 in
962 5037 1125 5095 antea
1159 5041 1341 5104 editis,
1386 5050 1440 5093 et
1469 5040 1520 5092 in
1568 5037 1839 5105 plerisque

270 5131 404 5185 mss.
440 5125 496 5170 et
523 5115 662 5185 apud
704 5110 1268 5185 Rabanum.__Deiude_
1306 5125 1406 5164 ms.
1442 5108 1644 5180 Regius
1684 5122 1834 5161 num.

268 5183 410 5239 1659
437 5179 641 5240 omittit
666 5193 849 5250 prteest
883 5181 1157 5250 fratribus,
1194 5179 1288 5250 vel.

341 5254 455 5326 (ιι)
483 5254 648 5326 Recte
667 5244 771 5326 ius.
806 5244 1194 5326 Regiusnutn.
1236 5248 1402 5326 1659,
1444 5248 1684 5317 recipiat.
1719 5244 1837 5301 Cte-

272 5319 371 5379 ιείὶ
400 5319 558 5389 mss.,
589 5325 842 5377 Rabauns
871 5319 923 5374 et
950 5321 1104 5384 editi,
1141 5319 1418 5383 recipiant.

342 5394 456 5464 (b5)
485 5385 584 5464 Sic
606 5410 708 5447 ms.
738 5392 935 5464 Regius
959 5404 1124 5464 pum,
1142 5389 1300 5464 1659.
1329 5385 1524 5442 (lateri
1546 5400 1678 5439 vero
1707 5399 1835 5439 mss.

268 5476 323 5518 et
350 5458 505 5522 editi,
544 5462 781 5518 Videtur.
819 5460 1018 5513 Deinde
1042 5458 1197 5518 editi,
1226 5460 1454 5511 dixerat.

343 5533 454 5603 (46)
494 5533 593 5588 Ms.
638 5532 835 5603 Regius
865 5545 1014 5603 num.
1052 5529 1293 5603 1659,_et
1331 5528 1441 5603 hic,
1480 5524 1581 5591 Qui
1626 5526 1840 5603 misere:-

270 5594 375 5667 tur,
406 5594 510 5658 etc.
544 5594 779 5665 Editifet
804 5601 923 5660 hoc,
951 5600 1005 5650 id
1030 5608 1127 5666 est,
1149 5600 1237 5669 qui
1270 5599 1565 5664 miseretur,
1596 5605 1699 5651 etc.
1730 5594 1835 5648 Sed

270 5675 449 5729 ueteri
479 5690 610 5728 mss.
646 5681 702 5726 ut
729 5673 779 5725 in
815 5677 983 5723 textu.

789 4324 835 4357 ³³
862 4322 1015 4380 Rom.
1052 4337 1151 4387 xu,
1182 4320 1236 4376 8.
1312 4320 1361 4352 "
1385 4318 1427 4373 Il
1450 4318 1576 4374 Cor.
1612 4334 1689 4385 st,
1712 4317 1804 4382 28,
1832 4316 1923 4373 29.
1999 4318 2047 4349 "
2078 4318 2341 4384 RothtI,
2374 4321 2424 4376 9.

1952 3120 2053 3160 tute
2081 3106 2189 3159 odii
2222 3104 2476 3159 allectum
2505 3124 2516 3157 :
2559 3116 2640 3160 est
2670 3110 2813 3161 enim
2858 3110 3129 3166 laudabile
3171 3113 3349 3166 odisse
3377 3113 3525 3171 vitia,

1948 3197 2134 3251 odisse
2170 3206 2411 3265 peccata.
2448 3195 2559 3251 Nisi
2605 3199 2748 3252 enim
2796 3202 2916 3268 quis
2962 3204 3090 3255 odio
3132 3202 3327 3256 habeat
3378 3202 3526 3262 vitia.

1950 3304 2057 3343 non
2096 3300 2275 3360 potest
2319 3308 2537 3355 amare,
2571 3308 2674 3348 nec
2705 3308 3036 3349 conservare
3081 3296 3333 3348 virtutes.
3366 3295 3527 3347 Verbi

1949 3382 2144 3449 gratia,
2173 3383 2216 3435 si
2253 3384 2374 3451 quis
2417 3385 2736 3452 pudicitiam
2769 3387 3041 3438 custodire
3071 3396 3370 3452 proponat,
3418 3402 3526 3439 non

1952 3480 2123 3540 potest
2157 3489 2275 3527 eam
2331 3483 2447 3526 tuto
2490 3490 2731 3536 scrvare,
2767 3474 2871 3527 nisi
2918 3475 3102 3527 odium
3150 3476 3427 3543 quoddam
3469 3486 3525 3529 et

1950 3564 2375 3618 exsecrationem
2425 3569 2715 3619 adversum
2743 3564 3134 3632 impudicitiam
3176 3574 3379 3620 sumat.
3411 3565 3523 3619 Dif-

1952 3654 2108 3711 ﬁcilis
2140 3655 2317 3717 enim,
2346 3664 2399 3708 et
2431 3654 2584 3708 valde
2630 3652 2861 3710 diﬂicilis
2902 3663 2985 3707 est
3026 3653 3116 3707 illa
3163 3656 3522 3720 continentia,

1950 3745 2039 3797 ubi
2067 3745 2407 3799 desideratur
2441 3745 2570 3799 illud
2599 3761 2627 3797 a
2656 3760 2762 3813 quo
2792 3744 3094 3799 abstinetur
3118 3784 3134 3810 ,
3164 3756 3217 3800 et
3253 3747 3525 3814 cupiditas

1950 3836 2113 3888 animi
2134 3836 2251 3889 solo
2279 3845 2421 3889 metu
2452 3836 2615 3889 futuri
2636 3834 2826 3905 iudicii
2858 3834 3190 3891 refrenatur.
3215 3837 3524 3895 Periculosa

1952 3925 2095 3991 haee,
2132 3938 2187 3981 et
2222 3926 2380 3982 valde
2411 3926 2707 3995 periculosa
2738 3937 2903 3995 sunt,
2936 3930 3039 3984 nisi
3070 3931 3371 3986 secundum
3396 3947 3526 3987 ωτι-ο

1951 4018 2130 4072 silium
2153 4019 2397 4088 Apostoli
2429 4020 2675 4075 odientes
2699 4021 2862 4088 mala,
2882 4032 2938 4077 et
2969 4023 3235 4093 impacata
3261 4024 3526 4094 quodam-

1952 4110 2112 4164 modo
2146 4110 2257 4182 (5|)
2288 4111 2573 4166 adversum
2607 4128 2672 4168 ea
2704 4114 2948 4174 odiorum
2997 4116 3136 4172 bella
3185 4126 3525 4188 peragentes,

1954 4201 2033 4257 sic
2076 4202 2451 4258 adhaereamus
2493 4205 2653 4259 bono.
2710 4205 3119 4262 Observandum
3184 4209 3347 4263 etiam
3394 4208 3521 4269 hoc.

2520 4322 2588 4354 "’
2618 4321 2637 4375 1
2666 4322 2805 4381 Tim.
2843 4339 2882 4386 ι,
2908 4338 2963 4377 v.
3070 4322 3116 4354 ⁸⁸
3150 4320 3303 4375 Rom.
3340 4339 3436 4388 xtl,
3467 4324 3521 4376 9.

2018 4415 2130 4485 (47)
2174 4418 2267 4471 Sic
2313 4434 2502 4475 omnes
2556 4434 2686 4474 mss.
2749 4418 2943 4472 nostri.
2992 4416 3246 4471 Rabanus
3297 4431 3426 4472 vero
3464 4430 3521 4473 ct

1945 4485 2099 4557 editi,
2133 4500 2333 4557 erogat.

2017 4556 2131 4622 (48)
2167 4555 2291 4614 Mss.
2332 4559 2461 4621 duo,
2494 4558 2592 4611 hoc
2612 4558 2755 4626 agit;
2793 4566 2847 4612 et
2879 4565 3061 4625 postea
3086 4555 3248 4626 editi,
3272 4563 3440 4609 certus
3469 4568 3519 4611 et

1946 4626 2107 4695 quod,
2134 4636 2241 4679 etc.
2264 4626 2469 4680 Deinde
2508 4624 2666 4681 iidem
2712 4628 2839 4680 editi
2872 4624 2924 4679 et
2964 4642 3090 4678 mss.
3121 4624 3385 4695 plerique,
3430 4642 3521 4678 ea—

1944 4694 2531 4766 penditindigentibus,
2573 4698 2671 4748 sibi
2711 4712 2854 4765 opes.
2904 4705 3010 4750 etc.
3041 4697 3147 4748 Sed
3179 4712 3279 4748 Ius.
3319 4694 3518 4766 Regius

1947 4778 2097 4817 num.
2129 4763 2347 4819 1659a
2377 4765 2630 4819 Rabanus
2656 4778 2713 4819 ut
2741 4763 2796 4819 in
2830 4775 3013 4817 nostro
3046 4773 3213 4819 textu.

2019 4832 2131 4900 (49)
2158 4834 2247 4887 Sic
2278 4850 2379 4887 ms.
2404 4833 2604 4902 Regius
2633 4852 2783 4887 num.
2818 4834 2974 4888 1659.
3007 4835 3201 4889 Caneri
3226 4847 3357 4887 vero
3383 4849 3518 4887 mss.

1948 4911 2003 4956 et
2034 4904 2186 4965 editi,
2222 4904 2316 4962 hoc
2344 4919 2471 4969 Opus
2507 4904 2685 4957 anima
2713 4906 2912 4958 dederit
2943 4906 3116 4972 (editi,
3145 4905 3309 4969 dedit)
3341 4903 3518 4956 chari-

1948 4974 2067 5035 tati,
2090 4975 2382 5041 quicunque
2414 4973 2561 5025 aliud
2583 4973 2925 5042 aliquid,etc.
2955 4973 3234 5035 Rabauus,
3266 4975 3364 5025 hoc
3390 4989 3520 5041 opus

1948 5042 2001 5093 in
2044 5043 2245 5113 anima
2276 5043 2476 5098 dederit
2503 5082 2518 5105 ,
2564 5045 2822 5095 charitate
2853 5044 3150 5113 quicunque
3170 5043 3354 5105 aliud,
3387 5052 3519 5105 etc.,

1943 5112 2149 5234 pggso
2177 5112 2397 5181 aliquid,
2428 5113 2571 5185 quod
2601 5114 2761 5167 etiam
2784 5114 2987 5168 omittit
3013 5112 3112 5167 ms.
3140 5113 3343 5183 Regius
3366 5128 3512 5165 num.

2015 5250 2129 5322 (50)
2152 5250 2317 5315 Editi,
2340 5250 2532 5305 Mirum
2563 5252 2787 5322 fortasse
2809 5253 3071 5323 siquidem
3094 5252 3233 5307 inter
3261 5264 3518 5307 cratera...

1944 5323 2239 5374 necessario
2267 5324 2332 5374 ab
2361 5322 2636 5386 Apastoto,
2661 5330 2794 5376 etc.‘

2002 5390 2128 5459 (5|)
2159 5387 2321 5455 Editi,
2353 5394 2583 5444 odientes
2614 5392 2832 5454 malum,
2857 5401 2905 5444 et
2931 5401 3167 5459 peccata,
3192 5400 3239 5444 et
3270 5394 3522 5460 quodam-

1943 5463 2139 5532 modo»,
2173 5468 2279 5514 etc.
2313 5461 2590 5532 _Rabauus
2618 5499 2632 5522 ,
2688 5462 2742 5512 in
2791 5468 3003 5526 peccata
3029 5501 3044 5522 .
3094 5477 3192 5532 pro
3231 5465 3516 5528 impacata.

1946 5530 2146 5583 Deinde
2179 5544 2281 5584 ms.
2311 5529 2510 5599 Regius
2544 5546 2696 5587 num.
2729 5532 2866 5586 1659
2900 5531 3047 5587 addit
3078 5529 3153 5587 sic
3188 5544 3313 5586 ante
3340 5532 3521 5585 adita:-

1948 5615 2085 5653 ream
2096 5616 2173 5653 M8.
