4048 6202
639 350 778 405 1319

2091 341 2409 400 ORIGENIS

3709 355 3812 412 1220

639 465 776 533 quod
801 464 940 518 sicut
973 463 1024 517 in
1053 460 1173 514 aliis
1196 459 1324 514 dicit
1352 478 1365 514 :
1390 457 1491 524 Qui
1527 459 1761 518 adliceret
1799 457 2044 523 Domino,
2077 474 2212 510 unus
2245 467 2288 519 Α
2323 465 2426 508 tur.
2457 453 2583 510 Scio
2611 463 2790 508 autem
2825 455 2876 509 in
2918 456 3189 512 nonnullis
3216 456 3525 516 Latinorum
3551 469 3814 536 exemplari-

633 557 851 616 suiritus
895 565 966 608 est
1003 554 1050 585 "
1070 595 1086 619 ,
1118 553 1190 606 ita
1219 561 1271 605 et
1306 551 1396 605 hic
1423 550 1554 604 dicit
1589 568 1603 605 :
1630 551 2015 604 Adlncreamus
2045 550 2205 612 bona,

633 646 754 700 sine
810 645 972 699 dubio
1023 654 1080 698 ut
1137 643 1416 712 contingat
1474 641 1629 696 nobis
1685 657 1850 695 unum
1906 653 2027 695 esse
2083 654 2205 693 cum

635 738 798 790 lusno.

707 828 759 880 6.
809 826 1131 879 Charitatem
1171 823 1528 893 fraternitatis
1571 822 1787 877 invicem
1830 821 2107 890 diligentes
2137 820 2205 874 ⁸⁸.

637 918 747 972 Ilnc
782 917 1112 974 mandatum,
1142 925 1199 967 ut
1224 915 1508 984 diligamus
1539 914 1791 975 invicem,
1817 914 1958 967 sicut
1986 923 2038 965 et
2069 912 2208 967 Deus

633 1005 818 1062 dilexit
852 1021 949 1059 nos
972 1006 1039 1068 ",
1063 1021 1184 1058 cum
1210 1006 1280 1058 sit
1304 1006 1535 1074 primum
1558 1013 1674 1072 post
1697 1003 1925 1071 primum
1951 1003 2205 1071 (primum

638 1111 872 1166 namque
903 1107 987 1150 est
1008 1096 1230 1164 diligere
1258 1096 1422 1148 Deum
1447 1112 1462 1161 ;
1489 1105 1542 1149 et
1565 1094 1704 1147 inter
1728 1093 1976 1148 homines
2009 1093 2203 1147 iterum

599 1185 606 1258 ξ
637 1188 738 1243 ltoc
763 1189 992 1258 primum
1017 1197 1123 1248 est,
1152 1197 1210 1241 ιιι
1238 1187 1468 1240 invicem
1499 1185 1831 1256 diligamus),
1857 1187 2040 1241 nescio
2072 1201 2208 1256 quo-

599 1259 797 1335 ‘modo
843 1281 994 1348 quasi
1037 1279 1286 1332 ultimum
1333 1287 1386 1331 et
1432 1277 1612 1331 minus
1662 1280 2028 1332 necessarium
2065 1279 2208 1330 inter

633 1371 881 1425 homines
929 1371 1203 1440 spernitur
1229 1412 1244 1433 ,
1276 1378 1328 1424 et
1365 1369 1546 1422 odium
1581 1369 1722 1436 quod
1778 1370 1934 1422 nobis
1985 1368 2204 1422 insitum

629 1478 751 1517 esse
780 1462 1015 1515 diximus
1058 1464 1125 1516 ad
1153 1463 1254 1516 hoc
1288 1471 1346 1514 ut
1378 1461 1517 1515 mala
1561 1462 1685 1514 odio
1717 1461 2038 1528 habeamus,
2068 1477 2206 1531 pra:—

633 1563 848 1621 postero
890 1550 1081 1606 ordine
1123 1564 1442 1604 exercemus
1487 1551 1538 1602 in
1591 1549 1746 1603 bonis
1780 1549 1934 1620 (52),
1981 1559 2035 1604 et
2080 1551 2206 1604 vitia

632 1642 813 1696 carnis
841 1657 905 1696 ac
948 1652 1167 1709 peccata
1200 1640 1484 1707 diligentes
1518 1639 1713 1696 fratres
1757 1641 1884 1696 odio
1919 1641 2202 1698 habemus.

630 1731 741 1788 Nec
773 1733 932 1788 aliter
955 1734 1151 1788 accidit
1175 1735 1353 1788 odisse
1386 1749 1486 1789 nos
1517 1750 1635 1802 quae
1677 1749 1779 1786 non
1822 1744 2033 1800 oportet
2067 1734 2202 1805 (55),

633 1823 734 1877 nisi
765 1823 890 1892 quia
937 1824 1210 1892 diligimus
1254 1838 1372 1892 qme
1407 1839 1512 1877 non
1540 1831 1774 1892 oportet.
1817 1821 2037 1877 Fratres
2075 1839 2205 1893 ergo

627 1907 877 1976 iubemur
903 1909 1146 1980 diligere,
1187 1926 1290 1964 nou
1331 1910 1577 1979 judicare
1605 1910 1741 1982 (54).
1783 1911 1839 1964 Si
1877 1913 2020 1966 enim
2047 1924 2206 1982 putas

557 2015 564 2022 '
630 2001 865 2070 aliquem
893 2000 1113 2070 impium
1151 2016 1288 2063 esse,
1323 2013 1376 2056 et
1407 2002 1528 2058 ideo
1559 2017 1680 2057 eum
1711 2017 1814 2057 non
1845 2001 2058 2069 iudicas
2080 2005 2204 2060 dili-

631 2090 904 2158 gendum,
950 2091 1072 2144 audi
1128 2092 1270 2160 quod
1311 2091 1557 2146 Christus
1605 2109 1700 2160 pro
1739 2094 1914 2162 impiis
1967 2103 2205 2149 mortuus

629 2192 705 2234 est
735 2181 801 2234 “.
843 2181 945 2234 Aut
995 2183 1039 2236 si
1082 2184 1205 2251 quia
1256 2194 1511 2253 peccator
1553 2195 1634 2238 est
1681 2185 1850 2238 frater
1891 2195 2048 2248 tuus,
2085 2187 2206 2241 ideo

628 2286 753 2324 eum
790 2287 894 2324 non
931 2283 1084 2342 putas
1116 2273 1485 2342 diligendum,
1519 2275 1643 2327 audi
1681 2275 1808 2344 quia
1844 2275 2082 2331 Christus
2111 2276 2206 2331 Je-

629 2377 719 2414 sus
738 2360 789 2413 in
814 2362 949 2414 hunc
977 2363 1230 2415 mundum
1257 2363 1394 2415 venit
1416 2375 1713 2431 peccatores
1739 2365 1914 2418 salvos
1939 2366 2112 2433 facere
2136 2368 2200 2420 “.

639 2451 696 2507 Si
739 2467 866 2505 vero
891 2451 1070 2519 justus
1097 2462 1221 2516 est,
1264 2454 1432 2508 multo
1481 2456 1649 2524 magis
1682 2455 1969 2512 dilectione
2011 2457 2204 2527 dignus

631 2551 736 2607 cst,
791 2541 1042 2597 Dentium
1074 2545 1217 2598 enim
1245 2545 1416 2614 diligit
1442 2544 1618 2613 justos
1650 2546 1715 2600 “.

699 2632 754 2686 7.
787 2632 998 2687 Honore
1030 2635 1249 2688 invicem
1290 2637 1662 2701 prwrettientes
1691 2637 1758 2691 ⁶³.
1799 2637 1908 2690 lloc
1939 2647 2023 2691 est
2061 2638 2204 2707 quod

631 2731 686 2776 et
717 2721 974 2776 Dominus
1003 2724 1221 2788 docuit,
1261 2740 1380 2779 cum
1412 2736 1623 2780 notaret
1666 2725 1889 2781 Scribas
1917 2737 1972 2781 et
2009 2727 2202 2782 Phari-

632 2827 770 2867 steos
809 2813 981 2882 prima
1030 2816 1132 2869 sibi
1172 2815 1285 2870 loca
1338 2818 1388 2871 in
1453 2819 1716 2872 conviviis
1757 2819 2096 2876 vindicantes
2137 2821 2202 2885 “,

633 2914 686 2956 et
720 2903 962 2967 doceret,
994 2915 1053 2959 ut
1088 2921 1210 2960 cum
1248 2919 1468 2961 vocatus
1499 2908 1666 2964 fueris
1704 2919 1758 2963 ιιι
1789 2910 1854 2964 ad
1882 2926 2117 2978 coenam,
2150 2913 2202 2967 in

634 2991 924 3047 novissimo
950 2995 1068 3050 loco
1098 2998 1380 3052 recumbas
1409 2999 1546 3069 (55).

700 3081 757 3136 8.
798 3081 1172 3188 Sollicitudine
1217 3103 1319 3140 non
1365 3091 1501 3159 pigri
1528 3092 1595 3144 “.
1641 3090 1903 3160 Superius
1944 3109 2066 3148 eum
2114 3097 2202 3164 qui
2231 3129 2275 3189 ο

632 3182 827 3241 praeest
852 3213 869 3239 ,
917 3175 970 3230 in
1017 3177 1384 3234 sollicitudine
1425 3182 1621 3237 debere
1663 3198 1783 3238 esse
1825 3188 2201 3243 commonuit:

644 3279 786 3320 nunc
813 3281 940 3320 vero
961 3269 1211 3324 omnibus
1231 3270 1323 3324 dat
1349 3273 1449 3327 hoc
1479 3274 1530 3327 in
1561 3289 1845 3330 commune
1870 3279 2204 3344 mandatum,

638 3370 704 3409 ιιο
744 3357 867 3426 quis
915 3368 1156 3414 nostrum
1195 3361 1378 3416 audiat
1427 3377 1457 3417 a
1503 3365 1760 3420 Domino:
1795 3367 1952 3423 Serve
1984 3372 2118 3425 male
2157 3380 2206 3425 et

635 3449 780 3518 piger
803 3448 870 3502 “.

702 3537 757 3593 9.
784 3537 985 3608 Spiritu
1010 3541 1262 3610 ferventes
1289 3545 1355 3600 ⁸⁷.
1391 3545 1454 3600 Ει
1483 3547 1583 3602 hoc
1608 3548 1674 3600 ad
1699 3549 1983 3620 impigrum
2015 3561 2070 3606 et
2098 3553 2207 3608 sol-

635 3629 841 3685 licitum
873 3643 1096 3702 Spectat.
1131 3634 1255 3690 Vult
1289 3639 1432 3691 enim
1459 3638 1572 3708 (56)
1605 3649 1658 3692 ιιι
1690 3657 1806 3705 nos,
1837 3643 1927 3710 qui
1964 3645 2063 3697 sub
2091 3645 2206 3713 lege

633 3721 858 3789 spiritus
887 3725 1142 3792 vivimus,
1167 3728 1297 3781 nihil
1325 3731 1632 3792 remissum,
1662 3733 1796 3786 nihil
1829 3735 2066 3802 tepidqu
2098 3735 2202 3788 ha-

635 3813 858 3871 beamus
886 3817 936 3870 iu
970 3819 1145 3884 nobis,
1171 3821 1264 3874 sed
1296 3837 1416 3874 cum
1444 3821 1659 3878 fervore
1675 3825 1923 3894 spiritus,
1947 3835 2000 3880 et
2023 3827 2203 3882 calore

635 3908 757 3959 tidei
791 3917 981 3961 cuncta
1013 3924 1362 3979 peragamus.

706 3997 793 4050 10.
830 3998 1050 4050 Domino
1081 4001 1356 4054 servientes
1390 4001 1454 4055 ⁸⁸.
1496 4001 1584 4054 Ille
1617 3999 1844 4057 Domino
1876 4007 2073 4069 servit,
2113 4007 2202 4079 qui

635 4095 815 4153 potest
844 4088 1026 4140 dicere
1056 4105 1069 4141 :
1110 4088 1275 4142 Nobis
1306 4107 1439 4146 unus
1469 4095 1722 4152 Dominus
1749 4097 1904 4151 Iesus
1935 4097 2200 4162 Christus,

635 4193 729 4246 per
757 4194 907 4244 quem
946 4181 1120 4232 omnia
1139 4218 1154 4243 ,
1181 4190 1230 4233 ct
1263 4199 1358 4237 nos
1387 4202 1480 4254 per
1528 4188 1697 4255 ipsum
1725 4190 1770 4221 ⁶⁹
1789 4228 1805 4253 ,
1853 4203 1951 4244 nec
1979 4188 2120 4242 ultra
2151 4190 2200 4243 ei

639 4280 732 4322 aut
763 4270 925 4324 libido
948 4312 964 4337 ,
997 4282 1091 4327 aut
1123 4276 1349 4328 avaritia
1379 4316 1395 4342 ,
1425 4288 1517 4330 aut
1554 4279 1727 4334 inanis
1755 4280 1926 4349 gloria
1956 4280 2204 4334 domina-

2311 547 2412 600 bus
2444 548 2654 609 haberi,
2682 550 2905 612 tempori
2927 549 3233 614 servientes,
3268 553 3409 620 quod
3438 568 3535 608 non
3565 557 3677 610 mihi
3707 559 3814 615 ride-

2311 648 2395 691 tur
2430 638 2818 691 convenienter
2861 638 3122 692 insertum
3146 679 3160 702 ,
3202 641 3306 694 nisi
3359 646 3402 696 si
3433 643 3539 713 (57)
3570 647 3674 714 quis
3710 649 3814 705 forte

2311 731 2381 782 ita
2436 730 2636 782 dictum
2683 739 2874 798 putet,
2911 741 2971 784 ut
3021 731 3074 784 in
3124 731 3246 786 aliis
3295 733 3432 787 idem
3459 737 3708 804 Apostolus
3729 744 3811 797 ait:

2311 819 2533 889 Tempus
2557 823 2706 876 breue
2730 833 2826 886 est,
2849 833 3082 891 superest
3109 834 3165 877 ut
3199 825 3291 894 qui
3313 826 3494 880 habent
3523 845 3702 892 uxores,
3725 843 3814 886 tati-

2306 925 2462 978 quam
2493 926 2592 963 non
2623 911 2868 965 habentes
2900 913 3002 965 sint
3027 912 3072 945 "°
3100 928 3116 974 :
3150 913 3235 968 vel
3275 922 3334 967 ιιι
3369 915 3493 970 illud
3525 918 3697 973 dictum
3720 932 3809 978 est:

2309 999 2640 1056 Redimentes
2669 1012 2892 1070 tempus,
2925 1021 3178 1072 quoniam
3211 1005 3322 1058 dies
3362 1009 3485 1060 mali
3509 1009 3692 1063 sunt".

2380 1090 2468 1144 11.
2521 1089 2625 1158 Spe
2673 1091 2996 1158 gaudentes,
3029 1093 3083 1144 in
3134 1092 3472 1146 tribulatione
3513 1097 3728 1162 patientes
3758 1101 3808 1155 ".

2309 1179 2416 1250 Spe
2440 1181 2634 1248 gaudet
2656 1181 2745 1248 qui
2777 1197 2884 1234 non
2916 1183 3136 1249 respicit
3167 1198 3229 1237 ea
3254 1197 3374 1252 qua:
3396 1186 3642 1252 videntur,
3667 1192 3740 1242 sed
3757 1207 3804 1245 ea

2307 1287 2426 1340 quae
2460 1285 2562 1324 non
2589 1272 2838 1325 videntur
2865 1282 3148 1341 exspectat
3170 1272 3219 1303 ⁷³
3245 1289 3260 1336 ;
3289 1282 3345 1326 et
3369 1275 3456 1341 qui
3484 1277 3576 1328 scit
3601 1278 3706 1342 quis
3729 1296 3807 1332 not

2306 1370 2426 1414 sunt
2457 1361 2727 1430 condigna:
2751 1364 3021 1429 passiones
3058 1361 3222 1429 hujus
3265 1365 3500 1430 temporis
3534 1367 3596 1417 ad
3624 1365 3805 1434 futuram

2307 1451 2530 1522 gloriam
2559 1468 2676 1521 quia
2719 1452 3026 1504 revelabitur
3069 1451 3124 1504 in
3152 1452 3305 1506 nobis
3326 1453 3391 1505 ⁷⁵.
3421 1453 3554 1507 Idem
3583 1458 3681 1520 ipse
3705 1466 3743 1509 et
3767 1460 3805 1510 in

2309 1542 2660 1597 tribulatione
2687 1542 2899 1610 patiens
2940 1542 3081 1605 erit;
3117 1543 3247 1612 quia
3281 1543 3541 1598 tribulatio
3566 1548 3805 1612 patientiori

2307 1642 2575 1695 aperatur,
2599 1632 2855 1698 patientia
2873 1631 3264 1699 probationem,
3280 1635 3507 1699 probatio
3527 1652 3629 1689 vero
3644 1639 3804 1702 spent",

2308 1723 2351 1776 si
2381 1732 2562 1776 tamen
2597 1736 2903 1776 sermonem
2938 1723 3027 1790 qui
3058 1724 3414 1793 subsequitur
3448 1725 3733 1794 ittipleamtts.
3766 1729 3803 1782 iil

2237 1799 2281 1859 Β
2311 1821 2394 1866 est
2425 1813 2652 1866 orationi
2702 1813 2953 1866 instantes
2981 1813 3046 1866 ⁷⁸.
3084 1814 3143 1866 In
3192 1828 3302 1882 quo
3341 1817 3478 1868 enim
3525 1833 3616 1869 non
3655 1818 3806 1871 snﬂicit

2308 1905 2541 1959 humana
2576 1904 2877 1973 fragilitas.
2911 1905 3179 1959 auxilium
3209 1905 3304 1960 Dei
3328 1907 3631 1962 orationibus
3655 1909 3803 1978 implo-

2309 2001 2532 2052 randum
2557 2008 2662 2052 est.

2379 2088 2464 2141 12.
2505 2087 2696 2142 Usibus
2721 2086 2835 2157 (58)
2866 2096 3181 2142 sanctorum
3208 2091 3614 2144 communicantes
3637 2093 3690 2144 ⁷⁷.
3723 2092 3803 2145 lle-

2309 2179 2436 2232 niini
2475 2179 2526 2233 in
2549 2179 2750 2232 Latinis
2789 2181 3202 2248 exemplaribus
3234 2183 3404 2249 magis
3462 2181 3618 2234 haberi
3644 2183 3802 2252 :65:

2309 2269 2574 2324 Memoriis
2597 2282 2902 2324 sanctorum
2932 2272 3382 2326 communicantes
3405 2287 3423 2324 ἔ
3449 2288 3610 2325 verum
3631 2289 3712 2325 nos
3729 2289 3801 2327 nec

2306 2362 2755 2415 consuetudinem
2805 2361 3131 2428 turbamus,
3176 2377 3277 2416 nec
3307 2363 3506 2418 veritati
3551 2363 3800 2432 praeiudica-

2308 2467 2448 2514 mus,
2478 2453 2712 2505 maxime
2735 2467 2857 2506 cum
2883 2461 3184 2521 utrumque
3210 2455 3485 2508 conveniat
3504 2456 3796 2508 :cdiﬁcationi.

2307 2539 2442 2593 Nam
2491 2541 2677 2594 usibus
2718 2552 3027 2595 sanctorum
3077 2543 3309 2598 honeste
3350 2553 3404 2598 et
3444 2545 3687 2608 decenter,
3722 2559 3799 2599 non

2307 2627 2465 2696 quasi
2498 2627 2613 2699 (59)
2633 2629 2829 2698 stipem
2860 2631 3236 2700 indigentibus
3259 2633 3504 2702 praebere,
3532 2635 3611 2688 sed
3631 2649 3800 2688 censa

2308 2730 2550 2772 nostrum
2571 2734 2692 2774 cum
2718 2720 2852 2790 ipsis
2877 2723 3282 2790 quodammodo
3309 2725 3496 2780 habere
3509 2740 3798 2790 communem,

2306 2820 2360 2866 et
2391 2812 2702 2866 meminisse
2739 2821 3052 2868 sanctorum
3100 2816 3222 2871 sive
3258 2817 3312 2870 in
3347 2817 3570 2872 collectis
3605 2817 3796 2871 solemni-

2308 2900 2430 2966 bus,
2458 2903 2572 2958 sive
2599 2918 2696 2974 pro
2724 2919 2790 2959 eo
2823 2914 2882 2958 ut
2907 2920 2973 2959 ex
3012 2907 3391 2963 recordatione
3413 2923 3580 2963 eorum
3607 2908 3794 2978 proﬁcia-

2309 3009 2454 3060 mus,
2497 3005 2681 3064 aptnm
2716 3005 2770 3050 et
2800 2997 3142 3052 conveniens
3167 2999 3396 3056 videtur.

2382 3084 2468 3138 15.
2496 3084 2924 3153 Hospitalitatem
2945 3094 3211 3142 sectantes
3234 3088 3300 3144 ⁷⁸.
3324 3087 3484 3154 Quam
3510 3089 3642 3156 digne
3663 3086 3796 3154 hospi-

2309 3174 2513 3229 talitem
2556 3178 2816 3232 sectantis
2850 3178 3280 3233 munificentiam
3327 3180 3433 3250 (60)
3475 3193 3570 3232 uno
3607 3189 3794 3231 sermone

2307 3268 2752 3336 comprehendit!
2796 3269 2990 3322 Diccus
3019 3270 3170 3323 enim
3211 3272 3509 3326 sectandam
3537 3283 3636 3322 esse
3657 3267 3791 3334 hospi-

2310 3357 2598 3422 talitatem,
2629 3373 2732 3413 non
2767 3359 2897 3412 illud
2920 3359 3093 3413 solum
3129 3365 3389 3429 ostendit,
3411 3372 3463 3416 ut
3486 3358 3790 3414 ven‘entemad

2308 3465 2408 3504 nos
2439 3451 2707 3520 hospitem
2755 3453 3159 3521 suscipiamus;
3210 3455 3303 3508 sed
3347 3464 3398 3508 et
3432 3453 3790 3521 reqtiirainus,ct

2308 3543 2520 3598 solliciti
2559 3543 2748 3608 simus,
2786 3552 2841 3596 et
2867 3553 3168 3610 sectemur,
3197 3561 3258 3596 ac
3277 3544 3622 3612 perquiramus
3643 3539 3790 3604 ubique

2312 3635 2590 3703 hospites,
2633 3635 2826 3688 necubi
2875 3634 3010 3689 forte
3056 3636 3112 3689 itt
3169 3637 3360 3706 plateis
3385 3636 3579 3690 sedeam
3606 3630 3789 3700 (6|),nc

2309 3733 2460 3780 extra
2495 3733 2695 3780 tectum
2724 3724 2966 3790 jaceant.
2999 3726 3311 3782 Recordare
3340 3727 3434 3781 Lot
3460 3726 3518 3790 ",
3547 3734 3589 3777 et
3612 3719 3788 3776 invenies

2307 3815 2452 3886 quod
2481 3831 2586 3870 non
2621 3817 2771 3871 illum
2811 3817 3080 3886 hospites,
3119 3820 3218 3874 sed
3249 3820 3359 3888 ipse
3394 3816 3634 3888 quaesierit
3656 3811 3788 3880 hospi-

2310 3917 2427 3974 tes;
2454 3919 2508 3964 et
2543 3912 2643 3964 hoc
2677 3919 2797 3964 erat
2825 3909 3254 3978 hospitalitatem
3286 3911 3492 3966 sectari.

2382 4002 2468 4058 14.
2516 4003 2812 4056 Benedicite
2845 4004 3270 4070 persequentibus
3313 4020 3430 4069 vos,
3469 3997 3784 4056 benedictus,“

2309 4095 2471 4150 nolite
2501 4096 2808 4149 maledicere
2843 4095 2976 4165 (δί).
3023 4095 3286 4151 Moralem
3326 4096 3490 4151 locum
3532 4092 3662 4146 latius
3682 4090 3782 4155 Apo-

2310 4188 2482 4242 stolus
2524 4203 2828 4257 exsequens
2848 4227 2862 4250 ,
2895 4195 3046 4242 actus
3067 4226 3083 4252 ,
3114 4197 3349 4243 mentem
3371 4227 3386 4251 ,
3413 4182 3716 4255 propositum,
3737 4187 3782 4228 os

2311 4291 2525 4348 quoque
2549 4279 2724 4346 ipsum
2763 4278 3180 4347 discipulorum,
3211 4279 3534 4349 linguamque
3559 4265 3778 4338 componit.

741 4433 787 4468 ⁸⁷
815 4435 830 4487 Ι
862 4435 986 4489 Cor.
1023 4449 1097 4495 vr.
1131 4435 1214 4488 17.
1290 4431 1336 4469 ⁸⁸
1366 4430 1522 4485 Ιιοιῐι.
1553 4446 1652 4492 xu,
1683 4431 1767 4484 10.
1844 4430 1890 4463 "
1916 4429 2070 4484 Joan.
2101 4445 2191 4496 xv,

2237 4429 2316 4484 l2.
2390 4430 2438 4463 ⁸⁸
2472 4431 2632 4486 Rom.
2659 4447 2722 4494 v,
2757 4433 2810 4487 6.
2885 4434 2927 4466 “
2958 4434 2974 4487 l
3005 4433 3146 4488 Tim.
3175 4451 3216 4492 ι.
3241 4435 3326 4488 15.
3393 4434 3436 4464 ⁸⁷
3461 4430 3580 4485 Psal.
3607 4418 3778 4496 ιιι-ξιξ·

637 4507 682 4540 ⁸³
711 4505 863 4558 Rom.
922 4521 1018 4565 xu.
1075 4504 1157 4558 10.
1234 4504 1278 4534 “
1310 4501 1439 4555 Luc.
1476 4516 1584 4566 xiv,
1617 4501 1684 4561 7,
1729 4500 1816 4554 10.
1891 4502 1934 4532 “
1967 4499 2123 4555 Rom.
2151 4515 2222 4554 xtl
2253 4539 2270 4566 ,
2332 4500 2419 4554 11.

637 4579 680 4610 ⁸³
718 4576 733 4629 l
769 4577 890 4628 Cor.
927 4590 1045 4634 vni,
1083 4575 1134 4628 6.
1211 4574 1256 4605 ⁷ο
1283 4572 1299 4626 l
1329 4571 1454 4624 Cor.
1494 4584 1567 4625 vn
1598 4611 1613 4632 ,
1638 4571 1729 4625 29.
1828 4569 1872 4601 ⁷⁸
1915 4569 2112 4639 Ephes.
2147 4585 2177 4620 v
2203 4609 2218 4633 ,
2255 4571 2344 4624 16.

637 4579 680 4610 ⁸³
718 4576 733 4629 l
769 4577 890 4628 Cor.
927 4590 1045 4634 vni,
1083 4575 1134 4628 6.
1211 4574 1256 4605 ⁷ο
1283 4572 1299 4626 l
1329 4571 1454 4624 Cor.
1494 4584 1567 4625 vn
1598 4611 1613 4632 ,
1638 4571 1729 4625 29.

636 4661 758 4705 ιίιι.
799 4645 882 4698 18.
959 4646 1006 4676 ⁷⁵
1046 4645 1200 4698 Rom.
1231 4659 1294 4710 v,
1325 4643 1398 4706 5,
1426 4640 1480 4696 4.
1557 4640 1602 4671 ⁷⁸
1635 4639 1790 4695 Rom.
1832 4655 1945 4704 xtt,
1989 4639 2078 4694 1‘2.
2151 4640 2195 4671 "

710 4810 824 4878 (52)
855 4810 945 4864 Sic
970 4818 1116 4864 recte
1142 4806 1398 4864 Rabanus
1423 4817 1477 4863 et
1508 4807 1658 4863 editi.
1691 4805 1821 4862 Mss.
1846 4820 1975 4861 vero
2006 4805 2203 4870 nostri,

640 4883 696 4937 in
726 4881 894 4936 nobis.

711 4951 825 5022 (55)
855 4949 1012 5022 Eiliti,
1043 4963 1195 5018 quem
1236 4956 1586 5022 nonoportet.

712 5013 827 5090 (54)
863 5013 1078 5072 Fratres
1113 5033 1233 5090 ergo
1265 5013 1776 5090 jubentur‘diligere,
1809 5030 1912 5068 non
1933 5013 2203 5082 judicare.

641 5087 765 5146 llaic
795 5087 1173 5143 desiderantur
1203 5088 1256 5139 in
1285 5087 1436 5141 libris
1463 5087 1644 5140 editis.

709 5160 822 5229 (55)
853 5159 1012 5219 Eiliti,
1040 5167 1088 5229 et
1116 5157 1286 5216 docet,
1324 5163 1776 5229 ut_cum_t_iocatus_
1802 5152 1966 5229 [ueris
2010 5156 2078 5229 ad
2106 5168 2207 5229 ca:-

643 5221 869 5292 nain,in
899 5228 1175 5281 novissimo
1205 5227 1495 5278 recumbas.
1530 5225 1655 5278 Mss.
1688 5224 1908 5293 quidam
1945 5232 1996 5275 et
2017 5221 2208 5293 Raba-

640 5316 740 5353 nus
769 5299 950 5353 itidem
975 5308 1022 5350 et
1048 5298 1216 5349 docet.
1251 5294 1346 5348 Ms.
1372 5295 1570 5364 Regius
1602 5291 1748 5347 num.
1781 5291 1940 5356 1659,
1963 5291 2206 5348 edocens.

637 5367 746 5425 Sed
781 5368 959 5422 ca‘tcri
997 5382 1154 5426 mss.,
1191 5365 1416 5424 rectius,
1447 5376 1494 5416 et
1521 5369 1750 5419 doceret.

710 5437 822 5510 (56)
851 5437 942 5510 Sic
967 5435 1296 5510 tus.Regin_s
1319 5449 1477 5510 num.
1508 5434 1663 5488 1659.
1695 5432 2048 5510 Caeterinvero
2077 5447 2207 5510 mss.

639 5519 695 5562 et
717 5499 910 5569 ‘ed'iti,
958 5506 1021 5560 Et
1065 5509 1161 5560 hoc
1178 5499 1271 5558 'ad
1314 5505 1571 5572 integrum
1611 5511 1826 5572 spectat.
1883 5499 2000 5554 Vult
2044 5503 2207 5566 enim,

639 5586 743 5631 Clt‘.

713 5647 799 5712 (57

715 5717 802 5774 (58

855 5647 1010 5700 Deest
1041 5647 1088 5698 si
1123 5645 1175 5696 in
1205 5643 1388 5698 editis.
1417 5643 1552 5696 Mss.
1581 5640 1824 5712 quidam,
1852 5640 2028 5710 siqui.

862 5717 950 5770 Sic
994 5729 1186 5769 omnes
1226 5727 1351 5766 mss.
1388 5722 1444 5766 et
1485 5709 1636 5767 editi.
1669 5709 2085 5766 Rabanus’vcro
2117 5709 2204 5764 hic

2498 4501 2543 4532 “
2576 4488 2897 4566 Matth.xxv,
2924 4503 3012 4557 26.
3110 4506 3155 4536 ⁸⁷
3189 4488 3340 4558 Rom.
3368 4517 3458 4563 xtt,
3498 4500 3572 4552 11.
3594 4488 3773 4566 θ”λδίά-

2255 4560 2344 4624 16.
2450 4570 2497 4602 ⁷⁷
2544 4570 2804 4636 Ronutt,
2836 4560 2920 4628 12'.
3012 4573 3057 4606 ⁷³
3085 4573 3125 4627 ll
3173 4574 3298 4628 Cor.
3330 4587 3381 4628 tv
3403 4611 3416 4634 ,
3445 4560 3526 4624 ’18.
3589 4564 3627 4596 ’⁸
3658 4560 3772 4614 Rom.

2236 4641 2367 4695 ibid.
2397 4640 2486 4695 15.
2559 4639 2764 4695 "Rom.
2796 4657 2870 4695 xtl
2898 4685 2913 4710 ,
2943 4643 3030 4698 15.
3108 4644 3155 4674 ⁷⁹
3184 4643 3320 4699 Gen.
3346 4655 3464 4704 xix,
3492 4639 3534 4692 1.

2237 4809 2283 4865 D
2310 4817 2365 4862 et
2401 4807 2538 4860 intra
2569 4807 2731 4864 habet
2760 4809 3151 4864 necessitatibus
3189 4823 3286 4878 pro
3314 4806 3495 4878 usibus.

2383 4857 3767 4952 ignisignis;asininainagiértamu'---§1?

2313 4939 2709 5022 necessitatibus
2732 4939 3055 5022 ‘sanctorum
3104 4949 3312 5022 honeste
3356 4939 3765 5022 dicit;.unon_ttt:f:":

2312 5027 2418 5070 etc.
2458 5016 2623 5070 l’aulo
2671 5015 2806 5069 infra
2861 5033 2962 5072 ins.
3021 5017 3216 5086 Regius
3246 5030 3403 5086 nam.
3439 5007 3764 5086 1659εξ1⁷⁴9ξζξξ¹ξ

2313 5089 2468 5139 modo
2492 5087 2680 5138 habere
2709 5103 3052 5140 communem.
3091 5072 3286 5140 Deinde
3307 5083 3555 5138 Rabanus,
3575 5073 3616 5122 id
3637 5072 3764 5130 «Pium

2311 5167 2356 5210 et
2391 5157 2697 5209 conveniens
2728 5159 2948 5210 videtur.
3466 5215 3492 5218 _,
3567 5209 3576 5218 .

2384 5224 2498 5312 (δι)
2535 5225 2862 5312 “salire!”
2880 5242 3041 5312 er“:
3072 5211 3600 5312 ‘iiiv._’{€‘tif£‘:!ii’ffi‘.
3617 5211 3761 5312 .ἳᾶὲῖ

2311 5277 2601 5361 licentiam.
3070 5277 3602 5356 editi,'hospitalitatem
3616 5277 3718 5324 sed!

2312 5363 2380 5416 tis
2411 5365 2881 5433 magniﬁcentiam.

2407 5428 2774 5522 time-.335
2800 5435 2944 5522 tute.
2961 5435 3017 5522 Si!
3034 5428 3597 5522 ete‘eitr‘fff.':".m..;
3619 5478 3758 5522 ηηιηα

2407 5435 2495 5504 61)
2527 5435 2688 5496 Editi,
2711 5449 2774 5486 ne
2800 5435 2937 5502 forte
2961 5435 3013 5487 in
3043 5435 3224 5501 plateis
3245 5435 3456 5484 sedeant.
3588 5480 3597 5490 _

2383 5435 2495 5574 (62)
2520 5503 2610 5557 Sic
2635 5503 2761 5556 editi
2795 5513 2850 5558 et
2879 5503 3148 5574 Rabaﬁnus.
3172 5501 3294 5574 Mss.
3315 5508 3432 5574 vero
3459 5478 3735 5574 austri-331:3;

2312 5572 2514 5627 habent
2562 5575 2933 5629 tantummodo
2955 5612 2971 5639 ,
3007 5572 3326 5633 Bent-dicite,

2311 5658 2446 5696 cere.
