4048 6202
431 332 433 334 ’
483 340 624 394 1⁵2Ξό

1943 334 2262 391 ORIGENIS

3600 327 3742 385 122i

479 472 600 510 eum
631 455 718 522 qui
760 453 936 507 divit:
968 451 1098 505 Mitti
1131 453 1440 516 vindictam,
1471 468 1561 522 ego
1593 453 1897 518 retribuam,
1920 454 2046 508 dicit
2075 460 2122 515 Λ
2155 449 2463 512 retribuam,
2486 447 2616 502 dicit
2653 445 2912 502 Dominus
2946 449 2987 502 ⁸.
3026 446 3088 502 Hi
3118 450 3209 515 qui
3243 449 3456 518 seipsos
3479 464 3588 506 nou
3623 453 3746 508 vitt-

479 545 738 597 Dominus
778 542 843 593 ’⁷.

545 633 635 688 20.
662 630 1006 685 Providentes
1034 629 1169 682 bona
1197 644 1373 682 curant
1395 630 1634 682 omnibus
1659 628 1958 682 hominibus
1978 631 2046 688 ".

476 725 670 780 Coram
710 722 965 777 omnibus
1005 721 1318 777 hominibus
1374 721 1622 792 providet
1653 722 1774 788 quis
1809 722 1971 785 bona,
2001 722 2049 778 si

476 831 582 869 non
642 813 858 884 placeat
914 812 1252 884 singulorum
1311 813 1396 868 vel
1437 814 1603 878 vitiis,
1648 814 1730 868 vel
1785 814 2048 869 moribus.

473 905 725 974 Alioquin
782 904 1058 958 contraria
1117 905 1226 958 erit
1274 904 1386 974 (74)
1437 903 1523 957 illa
1572 904 1817 974 Apostoli
1879 903 2050 972 ipsius

403 1061 406 1064 ,
473 997 740 1052 sententia
781 1012 902 1065 quae
939 996 1110 1052 dicit:
1142 993 1254 1066 Ego
1280 997 1325 1051 si
1354 997 1656 1050 hominibus
1698 996 1908 1065 placere
1945 997 2052 1051 vel-

473 1092 596 1153 lent,
627 1088 827 1144 Christi
847 1105 1028 1144 servus
1075 1105 1178 1145 non
1209 1105 1374 1144 essem
1402 1088 1470 1145 ⁹⁹.
1506 1086 1614 1143 Sed
1640 1089 1730 1158 qui
1765 1089 1888 1144 vitae
1913 1104 2048 1154 suat,

474 1194 528 1237 et
565 1199 798 1246 morum,
831 1193 992 1254 atque
1022 1192 1237 1238 actuum
1271 1192 1415 1239 leuet
1445 1183 1665 1247 libram,
1703 1195 1892 1240 utnon
1923 1201 2050 1254 pos-

470 1275 540 1328 sit
579 1276 648 1328 ab
687 1273 797 1330 ullo
832 1275 1111 1330 hominum
1149 1274 1497 1343 reprehendi,
1538 1275 1642 1330 iste
1683 1276 1820 1332 bona
1863 1291 2048 1330 coram

468 1367 720 1422 omnibus
749 1365 1061 1422 hominibus
1097 1367 1366 1436 providet.
1399 1365 1507 1422 Sed
1553 1375 1609 1422 et
1653 1367 1758 1422 hoc
1789 1367 2050 1422 adverta-

473 1473 614 1524 mus,
657 1457 928 1527 quomodo
981 1472 1088 1512 non
1139 1458 1277 1526 dixit
1322 1457 1630 1528 Apostolus,
1685 1470 1744 1513 ut
1796 1460 2050 1515 omnibus

477 1549 788 1618 placeamus
823 1548 958 1620 (75),
989 1550 1106 1614 sed,
1143 1557 1202 1604 ut
1234 1550 1616 1620 provideamus
1665 1550 1805 1604 bona
1857 1565 2045 1605 coram

471 1640 722 1696 omnibus
753 1638 1078 1708 hominibus,
1119 1641 1223 1696 hoc
1259 1650 1343 1697 est
1379 1650 1438 1695 ut
1483 1657 1708 1711 agamus
1778 1655 1880 1696 nos
1911 1643 2048 1696 bona

472 1747 653 1788 coram
692 1732 943 1788 omnibus
984 1732 1295 1789 hominibus
1347 1733 1461 1788 sive
1501 1733 1605 1788 illis
1633 1731 1881 1802 placeant
1926 1749 2047 1804 quae

471 1825 609 1878 bona
647 1835 794 1891 sunt,
818 1825 935 1880 sive
972 1840 1079 1881 non
1113 1827 1384 1895 placeant.

531 1913 621 1965 21.
651 1911 710 1965 Si
735 1912 983 1980 possibile
1004 1925 1104 1980 est,
1125 1915 1264 1984 quod
1283 1931 1348 1969 ea:
1374 1917 1514 1971 vobis
1533 1927 1630 1982 est,
1653 1935 1771 1972 cum
1792 1920 2032 1974 omnibus

462 1993 760 2058 hominibus
786 2021 965 2072 pacem
991 2006 1233 2060 habentes
1256 2007 1293 2059 ί.
1323 2006 1512 2063 Sciens
1534 2011 1820 2079 Apostolus
1844 2027 2032 2080 pacem

462 2092 604 2147 inter
645 2110 780 2164 quos
820 2111 924 2166 pax
960 2097 1207 2165 habetur,
1252 2115 1362 2154 non
1405 2117 1469 2155 ex
1505 2119 1610 2156 una
1649 2111 1819 2173 parte,
1848 2103 1941 2158 sed
1967 2119 2032 2160 ex

460 2192 689 2253 utraque
731 2196 1012 2252 constare,
1051 2205 1120 2244 ne
1152 2205 1253 2245 nos
1293 2191 1512 2248 alterius
1549 2194 1784 2257 animus,
1817 2195 1858 2251 si
1896 2195 2032 2251 forte

461 2273 758 2345 impaeatus
785 2280 1047 2343 evenerit,
1069 2295 1099 2335 a
1121 2281 1263 2336 bono
1284 2283 1429 2352 pacis
1455 2283 1713 2354 impedire
1735 2286 2028 2355 videretur,

459 2367 948 2425 moderatissimum
995 2372 1142 2427 dedit
1172 2383 1501 2444 praeceptum
1531 2393 1543 2429 :
1575 2387 1634 2431 ut
1672 2377 1886 2433 interim
1920 2379 2029 2448 (76)

467 2468 656 2512 noster
701 2459 918 2513 animus
952 2474 1169 2530 semper
1215 2461 1287 2515 sit
1339 2473 1564 2530 paratus
1614 2461 1681 2514 ad
1736 2477 1947 2531 pacem,
1990 2470 2046 2517 et

466 2550 748 2603 discordia:
775 2549 929 2620 culpa
962 2566 1068 2606 non
1100 2566 1269 2620 penes
1301 2567 1418 2615 nos,
1461 2552 1554 2606 sed
1601 2567 1768 2620 penes
1813 2553 2042 2608 alterum

465 2652 692 2696 constet.
729 2640 834 2696 Sed
877 2643 1110 2697 lortasse
1152 2643 1297 2696 dicat
1334 2643 1533 2713 aliquis
1563 2662 1574 2697 :
1607 2643 1893 2710 Quomodo
1941 2659 2041 2713 po-

466 2738 572 2784 test
601 2730 712 2785 lieri
741 2739 798 2784 ut
834 2745 1020 2798 pacem
1047 2745 1169 2785 eum
1201 2731 1453 2786 omnibus
1501 2731 1810 2786 hominibus
1838 2731 2043 2787 habea-

466 2820 623 2874 mus?
659 2819 726 2873 Et
764 2821 891 2890 quid
939 2820 1198 2876 faciemus
1247 2823 1313 2876 de
1368 2822 1651 2892 Scriptura
1693 2838 1814 2892 quae
1858 2823 2038 2881 dicit:

473 2909 671 2962 Furem
717 2911 952 2975 videbas,
997 2922 1044 2965 et
1093 2914 1444 2967 concurrebas
1495 2931 1615 2968 cunt
1658 2915 1771 2978 illo,
1827 2925 1875 2970 et
1919 2933 2041 2970 cum

465 3000 721 3054 adulteris
749 3003 1038 3070 portionem
1071 3015 1216 3057 luant
1253 3005 1478 3071 ponebas
1504 3005 1564 3058 "i
1592 3005 1714 3059 ldeo
1748 3021 1877 3076 ergo
1908 3006 2043 3061 bene

466 3091 752 3161 Apostolus
805 3094 1010 3147 addidit
1042 3109 1057 3147 :
1089 3093 1242 3158 Quod
1301 3111 1366 3147 ea:
1412 3094 1556 3148 vobis
1606 3105 1720 3159 est;
1776 3096 1879 3148 hoc
1933 3105 2038 3162 est,

464 3182 606 3250 quod
643 3184 919 3251 proposito
973 3194 1156 3236 vestro
1213 3194 1267 3237 et
1322 3183 1441 3238 lidei
1498 3195 1694 3237 vestrae
1759 3187 2034 3240 convenit.

464 3275 599 3328 Cum
631 3275 786 3328 malis
812 3275 954 3328 enim
989 3274 1186 3328 habere
1226 3291 1414 3343 pacem
1447 3285 1501 3329 et
1530 3276 1871 3341 societatem,
1910 3276 2036 3330 lidei

466 3377 662 3420 nostrtc
701 3366 814 3436 (77)
867 3367 1253 3436 propositoque
1303 3381 1410 3422 non
1465 3366 1745 3430 convenit,
1787 3369 2038 3435 quamvis

463 3466 516 3510 et
540 3456 646 3510 alia
685 3455 738 3509 in
775 3455 893 3510 loco
949 3457 1118 3527 possit
1168 3457 1354 3511 haberi
1399 3456 1698 3510 distinctio.
1760 3457 1919 3510 Aliud
1955 3467 2039 3513 est

461 3547 608 3601 enim
655 3547 901 3603 homines
939 3563 1147 3614 amare,
1188 3549 1332 3602 aliud
1367 3549 1601 3603 crimina
1653 3550 1896 3619 diligere.
1933 3549 2036 3616 Qui

464 3641 707 3694 homines
750 3651 917 3704 amat,
959 3650 1104 3694 amat
1151 3650 1451 3694 creaturam
1503 3639 1595 3692 Dei
1631 3653 1644 3691 :
1680 3639 1771 3707 qui
1809 3640 2036 3694 crimina

462 3732 658 3802 diligit,
681 3732 878 3785 diaboli
898 3741 1142 3786 sectatur
1163 3733 1378 3786 inventa
1398 3731 1531 3802 (78).
1552 3729 1651 3797 Qui
1671 3732 2033 3799 ergoperfecti

460 3833 608 3888 sunt;
665 3825 810 3894 ipsos
865 3825 916 3878 in
973 3826 1170 3895 quibus
1217 3825 1449 3878 oderunt
1499 3826 1728 3879 crimina
1789 3826 2034 3881 homines

459 3927 642 3972 amant
669 3935 685 3970 :
711 3927 765 3970 et
804 3917 930 3970 odio
959 3915 1222 3970 habentes
1251 3914 1305 3970 itt
1343 3917 1424 3969 eis
1449 3914 1578 3968 illud
1607 3915 1752 3984 quod
1785 3926 2033 3985 peccant,

462 4005 589 4058 illud
622 4005 764 4074 quod
798 4005 938 4059 Deus
952 4006 1160 4059 creavit
1185 4021 1372 4060 amare
1407 4020 1513 4059 non
1541 4005 1820 4059 desinunt.

527 4094 619 4148 22.
655 4091 776 4147 Non
815 4110 902 4148 vos
941 4095 1291 4158 vindicantes,
1315 4095 1634 4158 elrarissinti,
1663 4095 1754 4150 sed
1803 4097 1919 4150 date
1950 4095 2030 4148 lo-

460 4202 580 4238 rmn
611 4186 724 4238 irae.
765 4186 1030 4254 Scriptum
1074 4197 1149 4241 est
1190 4189 1325 4241 enim
1357 4204 1376 4240 :
1407 4186 1540 4241 Mitti
1584 4189 1891 4252 vindictam,
1940 4203 2033 4258 ego

1255 4327 1298 4359 ⁸⁸
1337 4327 1496 4382 Rom.
1541 4343 1638 4389 xtl,
1672 4329 1762 4382 l7.

1344 4399 1364 4430 ⁸
1401 4396 1558 4452 Rom.
1587 4413 1687 4463 xit,
1719 4397 1812 4453 20.

566 4327 611 4358 ’⁷
658 4325 814 4381 Deut.
845 4342 1020 4388 χχιιι.
1064 4326 1154 4383 55.

461 4413 559 4460 stt,
599 4396 685 4454 19.
761 4397 780 4428 ‘
821 4397 979 4453 Rom.
1011 4411 1076 4462 II,
1110 4397 1164 4463 5,
1195 4395 1247 4452 6.

1858 4328 1903 4362 ”
1935 4328 2115 4384 Galat.
2145 4343 2186 4392 ι,
2210 4325 2296 4380 l0.

1915 4399 1937 4429 ⁸
1967 4397 2161 4452 Matth.
2191 4396 2358 4462 v.42;
2391 4395 2524 4450 Luc.
2550 4409 2625 4462 vt,
2654 4395 2726 4449 27
2751 4410 2867 4465 seq.

2153 541 2359 604 dicant,
2389 541 2660 608 quomodo
2701 541 2796 594 ira:
2829 540 3020 608 locum
3068 542 3218 607 dent,
3260 542 3560 612 dupliciter
3607 546 3743 600 mibi

2153 632 2367 686 videtur
2390 629 2637 702 intelligi.
2670 631 2806 686 Nam
2833 633 3019 687 ethoc
3051 615 3167 701 ipso
3197 635 3341 702 quod
3381 637 3534 691 verbi
3569 651 3742 692 causa

2154 735 2369 776 manum
2429 723 2614 776 manui
2678 737 2783 777 non
2844 721 3090 778 referunt
3141 723 3280 794 (79),
3341 735 3437 780 aut
3483 728 3745 782 convicio

2153 813 2458 866 convicium
2507 827 2612 867 non
2653 814 2908 878 reddunt,
2954 814 3049 868 ira:
3100 815 3244 870 illius
3290 817 3385 886 qui
3425 816 3562 873 fecit
3589 818 3742 888 inju-

2155 902 2288 957 riam
2311 905 2729 972 pertranseundi
2753 915 2808 960 et
2837 907 3199 962 evanescendi
3231 909 3406 963 locum
3439 909 3738 966 dederunt.

2150 992 2320 1047 Nemo
2355 994 2502 1049 enim
2533 995 2607 1049 ita
2640 993 2864 1051 rabidus
2886 996 3218 1064 invenietur,
3255 999 3372 1068 qui,
3409 1000 3562 1056 illata
3597 1003 3740 1074 inin.

2152 1085 2254 1148 ria,
2306 1085 2351 1139 si
2403 1084 2577 1140 vicem
2635 1100 2745 1142 non
2799 1088 3048 1158 recipiat.
3103 1089 3298 1146 iterum
3349 1092 3576 1161 steviat;
3631 1097 3735 1150 sed

2150 1176 2305 1244 quasi
2339 1175 2508 1232 ell'uso
2533 1193 2598 1234 ac
2633 1179 2848 1248 digesto
2879 1180 3086 1246 furore,
3122 1183 3438 1239 successorio
3458 1184 3732 1240 mitescit.

2150 1267 2248 1322 Est
2277 1282 2404 1338 ergo
2428 1276 2481 1321 et
2509 1270 2711 1338 grande
2753 1270 2964 1326 lucrum
3003 1273 3096 1326 ubi
3133 1281 3190 1327 et
3230 1275 3510 1342 peccantis
3549 1277 3738 1332 mlti-

2150 1356 2282 1420 tudo
2326 1359 2696 1426 compescitur
2744 1370 3130 1428 peccatorum,
3179 1372 3235 1416 et
3288 1364 3549 1434 iniuriam
3589 1369 3736 1436 passi

2150 1445 2410 1515 patientia
2445 1445 2560 1516 (80)
2592 1447 2890 1516 probabilis
2918 1449 2978 1504 lit
3015 1452 3158 1519 apud
3190 1451 3382 1507 Deum.
3411 1452 3510 1508 Est
3539 1467 3736 1510 autem

2149 1547 2203 1592 et
2229 1538 2331 1593 hoc
2357 1541 2516 1595 modo
2543 1539 2636 1595 ira:
2665 1540 2843 1595 locum
2873 1541 3026 1607 dare,
3062 1544 3280 1611 quando
3325 1559 3426 1614 pro
3479 1547 3569 1602 his
3605 1562 3735 1617 qua

2148 1627 2458 1684 inferuntur
2501 1629 2717 1698 injuriis
2761 1633 2854 1701 qui
2905 1643 3157 1703 peccant,
3211 1638 3510 1694 secundum
3556 1638 3739 1708 ipsius

2148 1721 2298 1778 Pauli
2343 1725 2706 1789 sententiam,
2753 1723 2890 1779 iram
2937 1725 3040 1780 sibi
3099 1729 3479 1786 thesaurisant
3529 1731 3588 1786 In
3641 1733 3738 1788 die

2075 1802 2120 1858 Β
2150 1815 2265 1881 irae,
2317 1826 2445 1871 tunc
2485 1831 2608 1872 cum
2653 1815 2840 1870 reddet
2892 1815 3036 1871 Deus
3082 1819 3380 1889 unicuique
3430 1823 3736 1878 secundum

2147 1923 2310 1976 Opera
2336 1923 2434 1962 sua
2463 1906 2513 1960 δ.
2563 1907 2620 1960 Si
2659 1921 2789 1976 ergo
2820 1907 3182 1977 nosmetipsos
3218 1911 3580 1978 vindicemus,
3623 1931 3736 1969 non

2147 2005 2512 2067 estmagnum
2538 2001 2682 2066 quod
2723 2013 2822 2064 pro
2869 1999 3068 2069 injuria
3116 2014 3366 2072 suscepta
3418 2004 3729 2069 reddimus,

2148 2089 2300 2142 verbi
2349 2103 2538 2152 causa,
2591 2097 2684 2142 aut
2736 2089 2972 2157 palmam
3038 2105 3140 2159 pro
3185 2093 3379 2160 palma,
3421 2092 3592 2166 655
3631 2108 3738 2150 aut

2149 2191 2346 2233 saxum
2386 2192 2484 2246 pro
2512 2192 2666 2243 saxo,
2691 2188 2783 2233 aut
2808 2194 2908 2249 pro
2940 2182 3266 2238 contumelia
3313 2187 3582 2240 sermonis
3607 2187 3736 2257 (8|)

2149 2267 2421 2324 sermonis
2442 2268 2796 2325 nihilominus
2815 2271 3226 2328 contumeliam.
3247 2274 3302 2328 Si
3325 2287 3454 2330 vero
3476 2288 3736 2332 reserve-

2149 2373 2270 2415 mus
2297 2374 2358 2414 ea
2385 2361 2637 2415 vindictae
2663 2361 2777 2424 Dei.
2809 2363 2862 2416 in
2885 2377 2950 2418 eo
2979 2362 3092 2435 (82)
3121 2365 3213 2433 qui
3241 2365 3378 2421 laesit
3411 2381 3508 2421 nos
3535 2366 3723 2422 locum

2147 2453 2342 2508 damus
2383 2451 2500 2515 irte,
2533 2451 2608 2506 illi
2637 2451 2758 2507 sine
2778 2453 2944 2507 dubio
2966 2469 3130 2523 quam
3153 2455 3256 2510 sibi
3280 2457 3395 2524 ipse
3417 2457 3533 2512 suis
3567 2458 3733 2511 malis

2145 2543 2360 2599 actibus
2385 2543 2745 2607 thesaurizat,
2772 2557 2890 2614 qua:
2917 2544 2988 2600 de
3013 2561 3082 2598 eo
3107 2547 3161 2601 in
3196 2545 3403 2615 judicio
3434 2546 3526 2602 Dei
3561 2550 3735 2601 multo

2146 2638 2426 2704 graviores
2493 2653 2658 2707 quam
2726 2651 2823 2690 nos
2886 2638 3096 2697 interre
3157 2656 3484 2711 possumus,
3547 2644 3733 2713 exigat

2240 2741 2358 2781 uas.

2144 2739 2307 2872 p25.
2350 2820 2456 2873 Sed
2485 2821 2530 2874 si
2563 2821 2806 2875 esurierit
2834 2821 3078 2875 inimicus
3115 2829 3257 2886 tuus,
3303 2824 3418 2876 ciba
3453 2821 3646 2889 illum;
3681 2829 3732 2879 si

2143 2907 2354 2971 sitierit,
2392 2919 2574 2978 potum
2609 2911 2679 2962 da
2720 2910 2802 2963 illi
2842 2924 2864 2963 :
2902 2910 3001 2962 hoc
3037 2910 3178 2963 enim
3220 2910 3424 2976 faciens
3471 2912 3732 2964 carbones

2144 2999 2279 3068 ignis
2319 3016 2562 3069 congeres
2621 3018 2778 3070 super
2823 3011 2980 3069 caput
3027 3001 3186 3069 ejus“
3215 2999 3731 3072 (85).,llaecqnidetn

2145 3103 2202 3147 et
2231 3093 2491 3148 Dominus
2518 3094 2570 3148 in
2598 3094 2907 3162 Evangeliis
2937 3093 3182 3162 praecipit
3221 3095 3262 3146 ⁸.
3294 3095 3360 3146 tit
3385 3096 3634 3163 quamvis
3664 3095 3723 3148 in

2147 3184 2430 3254 propatulo
2462 3186 2534 3239 sit
2560 3185 2867 3240 intellectus
2899 3188 3024 3248 iste,
3051 3201 3162 3256 quo
3180 3186 3478 3240 secundum
3513 3201 3577 3238 ea
3602 3203 3732 3256 quas

2144 3290 2308 3344 supra
2342 3275 2603 3340 diximus,
2639 3277 2691 3329 in
2720 3285 2985 3345 quantum
3029 3277 3264 3330 inimicis
3305 3286 3358 3331 et
3398 3277 3729 3333 lstdeutilnss

2142 3382 2249 3420 non
2282 3368 2452 3422 solum
2493 3369 2664 3422 vicem
2697 3383 2801 3422 non
2851 3368 3148 3434 reddimus,
3187 3369 3282 3423 sed
3313 3382 3368 3422 et
3399 3370 3536 3423 bona
3579 3387 3728 3438 pra:-

2145 3471 2374 3524 stamus,
2436 3459 2489 3512 in
2547 3467 2754 3511 tantum
2814 3471 3008 3527 pinnas
3053 3474 3241 3513 eorum
3291 3459 3342 3512 in
3386 3459 3477 3513 Dei
3511 3458 3726 3526 judicio

2142 3551 2482 3606 cumulantus
2510 3551 2612 3621 (est
2649 3551 2794 3605 enim
2836 3566 2963 3605 vere
3004 3551 3150 3620 justa
3201 3551 3480 3604 damnatio
3538 3554 3586 3606 si
3619 3570 3718 3606 ar-

2145 3652 2379 3712 guantur
2402 3652 2530 3696 ante
2557 3641 2724 3696 Deum
2749 3641 2834 3696 his
2858 3642 3105 3696 intulisse
3135 3641 3274 3695 mala
3314 3659 3343 3695 a
3365 3645 3565 3712 quibus
3587 3661 3722 3714 per-

2141 3733 2384 3802 ceperint
2427 3732 2612 3802 bona),
2659 3741 2839 3787 tamen
2881 3733 3160 3787 videamus
3209 3748 3277 3788 ne
3307 3733 3471 3789 forte
3498 3730 3730 3802 dignius

2139 3822 2341 3893 aliquid
2379 3825 2614 3879 mandati
2663 3827 2823 3893 hujus
2873 3824 3145 3880 contineat
3203 3825 3534 3881 intellectus.
3581 3828 3726 3882 Dicit

2137 3917 2284 3970 enim
2343 3926 2399 3972 et
2450 3915 2718 3972 Jeremias
2775 3917 3034 3986 propheta
3081 3916 3195 3988 (84)
3239 3917 3307 3972 ad
3350 3919 3720 3986 peccatricem

2140 4005 2308 4061 tiliam
2334 4006 2668 4078 Babylonis:
2708 4007 2886 4061 Habes
2911 4009 3166 4061 carbones
3215 4007 3371 4076 ignis,
3412 4010 3536 4061 sede
3563 4025 3725 4076 super

2136 4111 2249 4161 eos,
2273 4097 2326 4149 lti
2353 4107 2506 4152 erunt
2535 4099 2628 4152 tibi
2663 4100 2716 4152 in
2753 4099 3081 4169 adjutorittm
3103 4099 3149 4152 '.
3178 4097 3455 4154 Fortassis
3499 4115 3630 4170 ergo
3659 4111 3721 4156 ω

2138 4188 2228 4243 hic
2259 4189 2346 4244 isti
2385 4190 2654 4246 carbones
2690 4191 2831 4260 ignis
2857 4189 2948 4259 qui
2984 4198 3383 4260 congregantur
3422 4205 3588 4260 super
3618 4206 3723 4246 ca-

2406 4324 2585 4382 ‘Rom.
2616 4341 2714 4382 ut.
2752 4325 2838 4381 l8.
2914 4327 2936 4358 ³
2967 4324 3106 4380 Psal.
3150 4341 3295 4394 χιιι,
3329 4327 3417 4381 18.
3495 4327 3516 4358 ³
3557 4328 3714 4383 Rom.

2942 4396 2964 4428 "
2991 4396 3093 4451 lsa.
3124 4411 3293 4461 vatt,
3317 4398 3407 4452 14.

533 4515 646 4588 (74)
692 4517 786 4571 Sic
832 4531 1024 4573 omnes
1071 4532 1203 4573 mss.
1240 4527 1296 4572 et
1344 4515 1622 4588 Rabanus.
1676 4515 1819 4572 Editi
1878 4531 2030 4588 vero,
2064 4517 2311 4583 Dipsnm
2349 4515 2488 4584 quod
2532 4515 2740 4568 oderint
2773 4516 3020 4582 crimina,
3053 4528 3161 4573 etc.
3201 4515 3307 4573 Sed
3343 4519 3548 4573 rectius
3583 4533 3720 4574 mss.

470 4585 804 4641 Providentes
827 4589 983 4650 bona,
1013 4603 1115 4640 non
1135 4597 1342 4640 tantum
1369 4602 1544 4640 coram
1592 4586 1718 4650 Deo,
1748 4589 1838 4640 sed
1865 4587 2027 4640 etiam

464 4672 642 4710 coram
672 4659 913 4710 omnibus
946 4658 1264 4710 ltontinibns.
1312 4656 1501 4711 Coram
1553 4656 1872 4721 hominibus,
1910 4673 2034 4710 con-

461 4727 631 4779 traria
675 4730 796 4791 erit,
837 4741 969 4790 etc.,
1009 4726 1224 4782 omissis
1265 4726 1617 4788 intermediis,
1663 4726 1900 4779 omnibus
1937 4729 2032 4780 Ito-

463 4797 688 4849 ntinibus
724 4798 958 4860 providet
995 4799 1110 4866 quis
1135 4799 1292 4861 bona,
1320 4798 1366 4850 si
1402 4812 1506 4849 non
1548 4795 1750 4864 placeat
1798 4796 2033 4866 singulo-

461 4881 575 4919 rum
605 4866 686 4919 vel
709 4866 864 4928 vitiis.
895 4867 974 4920 vel
1003 4865 1255 4936 moribus.
1288 4867 1558 4936 Alioquin,
1591 4876 1722 4929 etc.,
1753 4881 1881 4919 mss.
1918 4865 2031 4936 ple:

461 4937 648 5004 rique,
675 4953 778 4988 non
812 4947 865 4987 nt
890 4938 1092 5002 placeat
1117 4935 1135 5005 (
1153 4937 1246 4998 al.,
1279 4933 1463 5006 utnon
1494 4935 1731 5006 placeat)
1753 4943 1856 4990 etc.
1920 4933 2030 4990 Sed

462 5003 664 5059 rectius
697 5023 794 5059 ms.
822 5006 1022 5074 Regius
1063 5003 1214 5061 nunt.
1257 5003 1415 5063 1639,
1448 5013 1504 5056 ut
1540 5007 1592 5058 in
1619 5003 1788 5059 textu.

531 5075 644 5146 (75)
683 5075 843 5137 Editi,
883 5073 1141 5145 quomoda
1190 5092 1294 5129 non
1334 5076 1469 5128 dixit
1513 5076 1815 5140 Apostolus,
1865 5073 2024 5126 Itami-

461 5147 612 5198 nibus
639 5146 964 5215 placeamus.
993 5147 1104 5204 sed.
1139 5156 1246 5200 etc.

531 5211 648 5286 (76)
683 5215 772 5270 Sic
800 5231 899 5270 ms.
937 5215 1134 5282 Regius
1159 5233 1306 5270 tnnn.
1341 5215 1478 5270 1659
1506 5225 1561 5268 et
1605 5214 1881 5269 Rabanus.
1911 5211 2030 5268 Cte-

460 5289 562 5339 teri
603 5301 731 5341 vero
761 5301 891 5340 mss.
916 5295 972 5340 et
991 5287 1143 5349 editi,
1177 5298 1228 5339 ttt
1250 5287 1388 5340 inter
1412 5285 1676 5348 inimicos.
1707 5294 1814 5340 etc.

531 5355 643 5427 (77)
686 5354 850 5422 Editi,
899 5367 1099 5416 vestra,
1137 5355 1550 5427 rmale.gDeiude
1598 5354 1759 5427 iidem
1795 5360 1849 5406 et
1894 5367 2024 5408 mss.

460 5425 728 5495 plerique,
752 5427 1000 5495 quaint-is
1026 5438 1070 5480 et
1091 5426 1198 5495 alio
1227 5428 1280 5478 iu
1313 5426 1447 5487 loco,
1474 5435 1582 5480 etc.
1611 5425 1717 5478 Sed
1742 5433 1888 5478 recte
1917 5439 2015 5478 ms.

462 5493 661 5559 llegins
694 5493 836 5548 nunt.
884 5493 1019 5550 1659
1042 5505 1093 5548 et
1118 5494 1374 5548 Rabanns
1401 5505 1458 5546 ut
1489 5495 1538 5546 in
1572 5503 1741 5547 textu.

536 5563 646 5630 (78)
669 5563 744 5615 lla
771 5580 871 5618 ms.
907 5564 1103 5632 Regius
1128 5581 1276 5618 nunt.
1303 5565 1437 5618 1659
1460 5574 1512 5617 et
1537 5563 1808 5617 Rabanus.
1831 5563 2023 5619 Caeteri

461 5645 590 5683 vero
642 5649 772 5685 mss.
829 5644 885 5686 et
939 5635 1106 5696 editi,
1181 5634 1392 5686 Diaboli
1449 5644 1674 5687 sectator
1740 5636 2023 5687 invenitur.

462 5699 662 5754 Deinde
700 5717 830 5756 mss.
873 5702 1134 5770 plerique,
1185 5702 1441 5756 Rabamts
1485 5714 1536 5757 cl.
1572 5704 1722 5769 etllli,
1768 5704 1864 5755 hoc
1913 5705 2023 5770 ipso

458 5788 558 5840 quo
584 5772 702 5842 (al.,
731 5774 893 5841 quod)
926 5773 1144 5826 oderant
1180 5775 1420 5836 crimina,
1449 5781 1554 5828 etc.
1589 5772 1701 5845 Ms.
1739 5789 1895 5836 unus,
1925 5775 2021 5826 Itoc

2139 4588 2248 4640 duo
2287 4595 2345 4638 ttt
2371 4587 2422 4637 in
2457 4596 2643 4639 nostro
2671 4594 2845 4638 textu.

2210 4656 2447 4728 (79)_Sie
2491 4669 2682 4728 om_nes
2708 4670 2864 4728 Amss.
2917 4655 3249 4728 EdiliAvero,
3295 4673 3511 4710 manum
3549 4674 3716 4712 manu

2139 4723 2242 4780 non
2266 4723 2520 4795 referunt,
2551 4724 2957 4795 Genebrardus,
2988 4723 3263 4793 referiunt.

2209 4793 2329 4866 (8ο)
2359 4795 2526 4858 Alias,
2559 4801 2617 4867 et
2641 4794 2857 4867 injuria:
2877 4793 2985 4867 _(al.
3017 4795 3356 4864 iniuriarum)
3393 4798 3574 4860 passio
3609 4815 3714 4867 pa-

2138 4863 2340 4934 tientia,
2373 4876 2476 4918 etc.
2504 4881 2518 4924 ;
2553 4863 2706 4929 alias,
2731 4873 2777 4916 et
2813 4863 3065 4934 injuriam
3087 4880 3274 4932 passus
3293 4863 3571 4932 patientia.
3601 4863 3710 4924 etc.

2138 4933 2344 4989 Deinde
2373 4949 2475 4988 ms.
2504 4933 2704 5001 Regius
2731 4933 2881 4988 nutu.
2913 4934 3053 4989 1639
3081 4945 3134 4988 et
3164 4934 3421 4992 Rabanus
3443 4939 3709 4992 omittut

2137 5005 2369 5072 quando,
2403 5003 2496 5057 sed
2535 5002 2826 5056 restituunt
2853 5005 3033 5058 caeteri
3058 5018 3191 5057 mss.
3221 5015 3275 5058 et
3304 5008 3458 5060 editi.

2207 5073 2325 5148 (81)
2345 5071 2634 5148 Sermonis.
2663 5071 2944 5148 omittitur
2966 5075 3018 5128 in
3043 5073 3302 5148 editis,_et
3331 5075 3384 5128 in
3409 5092 3511 5130 ius.
3539 5076 3709 5148 Regio

2133 5158 2260 5196 num
2310 5143 2468 5205 1659,
2517 5153 2570 5196 et
2607 5144 2748 5211 apud
2788 5143 3102 5208 Rabanum;
3151 5144 3245 5197 sed
3294 5147 3602 5200 restituitur
3624 5143 3706 5201 ἐι

2133 5215 2347 5266 caeteris
2375 5227 2504 5268 mss.

2203 5282 2317 5354 (8‘2)
2345 5282 2511 5349 Alias,
2538 5280 2599 5336 Si
2627 5300 2746 5339 vero
2779 5300 3044 5338 servemus
3071 5299 3132 5338 ea
3160 5284 3496 5340 vindietc....
3519 5287 3614 5353 qui
3639 5289 3707 5340 de

2129 5367 2211 5407 εο.
2239 5363 2348 5407 etc.

2365 5423 2457 5478 Sic
2487 5439 2605 5497 Ams.
2645 5422 2845 5495 Regius
2903 5439 3050 5478 num.
3102 5423 3260 5488 1639,
3322 5423 3611 5497 Rabanus,
3649 5437 3706 5480 et

2129 5492 2503 5548 editiﬁCteteri
2535 5510 2662 5549 vero
2695 5492 2825 5549 uisa.
2859 5510 3143 5563 congregas
3179 5511 3334 5562 super
3375 5505 3532 5558 caput
3562 5495 3702 5563 ejus.

2201 5563 2314 5632 (84)
2352 5563 2488 5634 Dicit
2519 5567 2656 5618 enim
2690 5573 2738 5618 et
2770 5563 3032 5618 leremias
3059 5566 3325 5633 propheta.
3371 5565 3466 5618 Vel
3513 5563 3710 5634 Orige-

2128 5645 2247 5702 nes.
2300 5633 2382 5685 vel
2433 5634 2680 5702 Rutinus,
2733 5636 2816 5687 vel
2872 5635 3116 5688 fortassis
3169 5644 3395 5702 uterque
3441 5633 3705 5688 memoria

2131 5701 2314 5782 lapsus
2350 5714 2432 5757 est
2466 5701 2719 5759 Jeremia:
2767 5705 3090 5760 ascribeudo
3137 5705 3280 5774 quod
3322 5719 3388 5759 ex
3428 5703 3567 5758 Isaia
3610 5706 3706 5758 de.

2132 5782 2363 5840 pronntu
2373 5789 2413 5827 r.
