4048 6202
290 363 428 420 12Ξ5

1236 364 1591 421 COMMENT.
1635 363 1698 417 ΙΝ
1741 363 1960 419 EPIST.
1999 364 2088 417 AD
2126 365 2294 422 ROM.
2339 367 2468 423 LIB.
2508 369 2590 423 lx.

3404 372 3540 427 12:26

285 501 384 561 put
425 491 653 555 inimici,
708 492 759 545 in
818 491 1147 559 adiutorium
1206 492 1377 560 ipsius
1435 497 1861 560 congregantur.
1894 490 1940 543 A
1970 487 2091 556 ipso
2118 489 2218 541 sibi
2248 490 2427 541 datam
2456 488 2687 556 gratiam
2731 489 3092 552 confitentur;
3135 487 3229 544 sed
3276 498 3370 543 aut
3415 504 3542 560 pro-

283 581 463 637 Potest
490 582 633 639 enim
680 582 793 636 fieri
824 591 881 635 ut
912 582 1124 637 animus
1159 580 1309 636 ferus
1353 596 1417 635 ac
1457 581 1722 635 barbarus
1760 581 1859 635 ini-

284 674 409 728 mici
438 672 574 742 (85),
608 673 651 728 si
679 672 873 727 sentiat
912 672 1231 728 beneficium
1271 682 1543 742 nostrum,
1581 672 1624 727 si
1668 673 1860 727 huma-

282 765 531 823 nitatem.
580 765 625 819 si
679 764 954 827 affectum,
1008 764 1051 818 si
1115 764 1373 833 pietatem
1433 763 1649 826 videat,
1705 780 1855 819 com-

282 856 629 926 pnnctionem
672 856 851 911 cordis
898 856 1098 924 capiat,
1140 855 1417 910 commissi
1460 856 1855 925 paenitudinem

281 952 453 1015 gerat,
482 955 536 999 et
560 960 626 999 ex
648 945 752 1001 hoc
794 945 932 1012 ignis
975 946 1029 998 in
1077 959 1144 1000 eo
1196 944 1412 1013 quidam
1473 946 1854 1009 succendatur,

279 1036 369 1105 qui
392 1052 513 1092 eum
544 1052 640 1106 pro
668 1039 942 1094 commissi
972 1038 1302 1093 conscientia
1340 1036 1450 1108 (86)
1494 1047 1772 1108 torqueat,
1800 1046 1857 1093 et

278 1129 504 1195 adurat;
540 1137 595 1184 et
631 1129 716 1183 isti
754 1137 916 1184 erunt
953 1130 1218 1185 carbones
1252 1130 1390 1201 ignis
1428 1130 1519 1197 qui
1566 1143 1731 1197 super
1768 1143 1858 1182 ca-

279 1228 373 1288 put
402 1217 518 1286 eius
550 1234 615 1273 ex
648 1228 837 1299 nostro
884 1221 1267 1277 misericordiae
1317 1231 1372 1276 et
1428 1221 1645 1289 pietatis
1690 1235 1855 1290 opere

275 1320 698 1381 congregantur.
741 1311 915 1382 Caput
938 1327 1088 1379 vero,
1130 1312 1430 1383 principale
1462 1312 1648 1368 cordis
1671 1311 1857 1382 appel-

277 1400 424 1457 latur
455 1420 469 1458 :
497 1411 550 1457 et
581 1402 772 1458 merito
797 1410 961 1471 caput
1005 1402 1224 1470 dicitur,
1282 1406 1437 1475 cujus
1489 1403 1770 1461 intellectu
1802 1410 1857 1458 et

271 1493 560 1563 prudentia
592 1493 833 1547 membra
861 1502 1123 1562 reguntur
1151 1494 1426 1550 universa.

339 1584 432 1639 24.
460 1584 588 1640 Noli
610 1586 752 1640 vinci
782 1602 813 1640 a
844 1582 1007 1650 malo,
1044 1585 1135 1638 sed
1158 1588 1304 1641 vince
1334 1588 1390 1641 in
1414 1588 1548 1641 bono
1583 1585 1782 1641 malum
1808 1586 1851 1640 ⁸.

271 1674 520 1732 Vincitur
555 1692 583 1730 a
615 1677 780 1743 malo,
817 1677 907 1746 qui
949 1677 1103 1733 malis
1142 1688 1465 1747 provocatus
1517 1678 1691 1735 reddit
1739 1694 1855 1734 ma-

271 1766 402 1820 lum.
456 1764 512 1820 ln
566 1765 708 1820 bono
756 1775 932 1822 autem
985 1768 1152 1823 vincit
1208 1768 1411 1822 malum
1466 1769 1556 1839 qui
1614 1770 1853 1839 acceptis

271 1856 427 1911 malis
461 1857 697 1911 restituit
728 1858 889 1915 bona.
943 1859 1165 1931 Certum
1221 1868 1303 1917 est
1343 1863 1485 1917 enim
1542 1862 1684 1915 hanc
1726 1875 1846 1916 esse

269 1947 396 2002 mali
448 1957 720 2012 naturam,
780 1958 839 2005 ut
884 1964 949 2005 ex
1007 1951 1273 2006 similibus
1320 1951 1432 2005 suis
1481 1959 1742 2020 augeatur
1792 1958 1847 2005 et

268 2048 513 2105 crescat;
547 2039 688 2093 sicut
720 2039 826 2108 igni
854 2039 900 2095 si
932 2040 1107 2111 ignem
1137 2041 1370 2111 iungas;
1408 2040 1543 2095 sicut
1584 2042 1627 2095 si
1668 2038 1845 2095 noctis

267 2130 506 2185 tenebris
542 2131 682 2187 aeris
702 2130 817 2203 (87)
853 2131 1097 2188 nubilum
1150 2134 1410 2188 societur.
1464 2132 1671 2186 Bonum
1714 2145 1844 2187 vero

263 2220 311 2276 si
339 2219 625 2285 adhibeas,
668 2223 1061 2277 exterminatur
1113 2221 1334 2277 malum.
1370 2221 1656 2277 Contraria
1694 2236 1843 2275 nam-

262 2325 372 2382 que
398 2313 687 2369 contrariis
723 2313 1083 2384 perimuntur,
1148 2314 1288 2370 sicut
1319 2328 1413 2384 per
1462 2328 1656 2384 aquam
1704 2312 1841 2381 ignis

261 2403 647 2471 exstinguitur,
690 2412 743 2458 et
770 2419 863 2475 per
899 2404 1071 2461 lucem
1115 2405 1355 2460 tenebras
1403 2404 1677 2476 fugantur.
1735 2404 1841 2460 Sed

263 2492 501 2549 fortasse
526 2493 672 2548 dicat
700 2495 897 2564 aliquis
944 2494 1166 2550 Paulum
1195 2510 1294 2565 per
1349 2494 1678 2564 imperitiam
1714 2508 1836 2548 ser-

262 2587 438 2641 monis
464 2602 493 2640 a
528 2589 800 2657 proposito
835 2589 1129 2656 decidisse;
1173 2590 1457 2660 proposuit
1497 2589 1644 2644 enim
1691 2589 1836 2661 loqui

262 2673 333 2730 de
380 2675 539 2730 donis
584 2678 879 2746 gratiarum
935 2694 1055 2749 qua:
1109 2695 1206 2749 per
1262 2680 1522 2750 Spiritum
1587 2692 1839 2738 sanctum

260 2763 476 2819 dantur.
528 2767 595 2821 Et
639 2768 857 2837 quidem
891 2770 1032 2839 quod
1068 2770 1144 2825 ait
1179 2788 1193 2825 :
1237 2771 1360 2827 Sive
1390 2772 1692 2842 prophetia,
1731 2773 1838 2829 sive

259 2857 632 2923 ministerium,
664 2860 773 2913 sive
800 2860 1065 2927 doctrina,
1089 2862 1193 2917 sive
1214 2863 1509 2919 exhortatio
1535 2864 1579 2930 ⁹,
1610 2874 1838 2936 possunt

260 2948 377 3004 haec
421 2950 488 3003 ad
524 2950 661 3005 dona
706 2951 968 3021 spiritalia
1009 2953 1300 3022 pertinere.
1334 2954 1605 3012 Fortassis
1645 2965 1700 3012 et
1731 2955 1836 3011 hoc

257 3042 403 3111 quod
426 3042 704 3111 sequitur:
740 3041 843 3108 Qui
869 3043 1052 3097 tribuit
1074 3045 1131 3098 in
1152 3045 1507 3117 simplicitate,
1533 3049 1624 3117 qui
1649 3057 1835 3117 praeest

1962 576 2097 646 princ
2139 577 2417 632 industriae
2464 578 2759 644 ascribunt,
2803 586 2899 632 aut
2953 592 3121 647 super
3169 577 3446 644 magistris
3490 586 3544 629 et

1962 667 2365 723 institutoribus
2423 668 2749 738 gloriantur.
2819 666 2984 722 Nobis
3056 678 3237 721 autem
3305 667 3545 721 ostendit

1959 758 2249 829 Apostolus
2295 774 2454 815 omne
2492 760 2633 828 quod
2680 759 2879 813 bonum
2926 767 3029 824 εει,
3074 773 3103 811 a
3151 757 3259 812 Deo
3306 772 3451 821 esse,
3490 764 3543 811 et

1958 865 2060 919 per
2100 851 2366 920 Spiritum
2404 856 2653 905 sanctum
2681 849 2820 914 dari,
2871 850 3014 905 sicut
3043 860 3096 905 et
3121 848 3359 904 Jacobus
3407 862 3543 916 apo-

1958 942 2129 997 stolus
2161 942 2294 997 dicit
2326 959 2341 997 :
2380 942 2548 997 Omne
2588 944 2773 996 datum
2814 943 3005 996 bonum
3059 953 3108 998 et
3153 958 3305 997 omne
3344 942 3542 996 donum

1957 1032 2243 1101 perfectum
2276 1031 2551 1087 desursum
2598 1043 2673 1087 est
2719 1033 3040 1088 descendens
3089 1050 3123 1087 a
3179 1033 3340 1088 Patre
3384 1033 3543 1087 lumi-

1959 1141 2086 1177 num
2116 1125 2199 1191 υς
2239 1132 2297 1178 ut
2326 1126 2416 1195 qui
2449 1124 2727 1195 gloriatur,
2760 1126 2815 1178 in
2846 1124 3069 1179 Domino
3100 1125 3359 1196 glorietur
3387 1124 3452 1181 ".

2027 1218 2116 1273 25.
2160 1219 2453 1274 Videamus
2492 1232 2623 1289 ergo
2671 1231 2812 1272 nunc
2849 1218 2977 1287 quid
3006 1218 3194 1273 etiam
3240 1218 3295 1273 in
3344 1231 3540 1273 conse-

1957 1309 2245 1380 quentibus
2293 1306 2547 1378 adiungat
2598 1307 2940 1376 Apostolus:
2981 1310 3164 1364 Omnis
3214 1310 3394 1363 anima
3445 1327 3542 1375 po-

1958 1402 2234 1455 testatibus
2282 1400 2683 1455 sublimioribus
2725 1400 2997 1469 subjaceat
3039 1402 3085 1435 ”
3128 1402 3263 1473 (91).
3313 1402 3541 1456 Videtur

1957 1494 2091 1548 mihi
2128 1493 2181 1547 in
2212 1493 2317 1547 hoc
2348 1491 2504 1546 valde
2540 1490 2887 1548 laudabiliter
2916 1493 3155 1547 animam
3201 1494 3535 1559 nominasse,

1955 1601 2116 1655 quam
2151 1584 2435 1655 subiacere
2474 1586 2838 1653 potestatibus
2867 1585 3044 1654 iubet.
3074 1583 3360 1653 Nunquam
3391 1585 3537 1639 enim

1956 1678 2207 1744 dixisset,
2240 1678 2418 1732 omnis
2464 1679 2687 1748 spiritus
2738 1678 3017 1746 subiaceat
3073 1678 3352 1746 potestati,
3409 1676 3531 1742 sed,

1957 1769 2126 1821 omnis
2157 1766 2355 1820 anima.
2384 1767 2459 1822 De
2484 1782 2589 1835 qua
2619 1766 2923 1822 diﬂerentia
2949 1781 3093 1835 saepe
3120 1765 3232 1834 jam
3272 1767 3532 1832 diximus,

1955 1858 2100 1926 quod
2149 1857 2420 1910 interdum
2473 1870 2569 1925 per
2628 1856 2903 1921 animam,
2964 1857 3239 1910 interdum
3280 1872 3378 1925 per
3415 1873 3537 1911 car-

1950 1962 2098 2011 nem,
2148 1946 2423 2001 interdum
2482 1961 2578 2015 per
2638 1944 2913 2016 spiritu’m,
2982 1947 3146 2003 homo
3197 1950 3533 2005 nominatur.

1949 2036 2053 2092 Sed
2094 2052 2217 2090 cum
2268 2052 2297 2091 a
2339 2046 2495 2107 parte
2540 2037 2762 2093 meliore
2815 2039 3180 2095 nominandus
3222 2050 3326 2107 est,
3381 2045 3532 2112 quasi

1946 2126 2036 2196 qui
2107 2127 2370 2197 spiritalis
2436 2127 2671 2197 intelligi
2759 2127 2993 2196 debeat,
3089 2132 3317 2200 Spiritus
3397 2133 3535 2189 dici-

1948 2228 2036 2272 tur
2077 2236 2093 2274 :
2144 2220 2360 2287 quando
2402 2218 2469 2277 ab
2510 2218 2807 2286 inferiore,
2856 2220 3036 2275 anima
3089 2239 3104 2277 :
3156 2237 3281 2276 cum
3326 2239 3460 2278 vero
3499 2241 3530 2279 a

1943 2309 2107 2382 655
2139 2309 2410 2365 deteriore
2441 2310 2776 2376 nominatur,
2808 2325 2940 2366 caro
2969 2312 3169 2367 dicitur
3201 2332 3215 2369 :
3245 2324 3298 2368 et
3335 2314 3527 2370 horum

1946 2401 2259 2457 testimonia
2283 2402 2350 2457 de
2372 2401 2671 2473 Scripturis
2694 2417 2835 2473 saepe
2858 2405 3207 2474 protulimus.
3226 2404 3378 2462 Nunc
3400 2422 3532 2479 ergo

1943 2495 2200 2563 quoniam
2235 2502 2507 2563 praecepta
2526 2493 2878 2549 credentibus
2906 2495 3385 2567 ponitApostolus,
3411 2500 3531 2554 vult

1944 2601 2043 2642 nos
2069 2587 2335 2655 quietem,
2368 2595 2628 2656 quantum
2676 2587 2732 2641 in
2774 2587 2932 2643 nobis
2958 2597 3061 2654 est,
3093 2590 3379 2658 praesentis
3407 2590 3529 2646 vita:

1941 2692 2239 2747 pacemque
2277 2693 2512 2733 servare.
2550 2678 2617 2733 Et
2665 2679 2714 2734 si
2768 2680 2988 2751 quidem
3026 2680 3162 2736 tales
3212 2695 3403 2736 sumus
3431 2684 3527 2751 qui

1939 2769 2213 2839 coniuncti
2272 2771 2502 2826 Domino
2549 2787 2690 2827 unus
2725 2786 2848 2827 cum
2887 2786 2951 2828 eo
2997 2773 3222 2843 spiritus
3255 2774 3425 2830 simus
3456 2775 3525 2841 ",

1940 2861 2171 2917 Domino
2192 2861 2426 2918 dicimur
2452 2876 2572 2918 esse
2601 2862 2850 2933 subiecti.
2878 2864 2936 2919 Si
2968 2879 3095 2921 vero
3122 2866 3358 2921 nondum
3391 2866 3525 2922 tales

1937 2968 2145 3019 sumus,
2177 2954 2275 3009 sed
2304 2956 2611 3010 communis
2638 2956 2815 3011 adhuc
2836 2958 3016 3011 anima
3047 2968 3131 3013 est
3153 2958 3205 3014 in
3226 2959 3380 3014 nobis
3403 2974 3524 3029 quae

1937 3044 2138 3101 habeat
2171 3045 2375 3116 aliquid
2410 3046 2569 3115 huius
2601 3048 2820 3114 mundi,
2852 3064 2972 3119 quae
3005 3051 3077 3104 sit
3106 3052 3153 3106 ei
3183 3051 3367 3122 aliquo
3399 3053 3521 3107 alli-

256 3134 312 3186 in
344 3132 719 3195 sollicitudine,
779 3135 870 3205 qui
912 3135 1189 3189 miseretur
1231 3137 1285 3191 in
1334 3138 1607 3193 hilaritate
1638 3137 1706 3204 ",
1738 3154 1832 3193 su-
1859 3160 1904 3220 α
1938 3145 2060 3207 gata
2094 3137 2312 3205 negotio
2337 3136 2472 3207 (9'2),
2502 3136 2627 3192 huic
2655 3148 2921 3208 praecepta
2951 3141 3241 3211 Apostolus
3268 3143 3440 3211 ponit,
3468 3152 3525 3199 et

257 3226 562 3294 perioribns
601 3227 773 3296 possit
815 3227 1071 3300 adiungi:
1127 3245 1190 3286 ea
1231 3244 1359 3286 vero
1408 3247 1527 3301 qua:
1556 3241 1681 3302 post
1708 3233 1827 3290 haec

254 3327 559 3381 enumerat,
593 3330 653 3373 ut
680 3319 750 3373 sit
777 3320 1008 3375 charitas
1042 3323 1156 3377 sine
1182 3322 1552 3389 simulatione,
1585 3325 1823 3381 odientes

255 3408 492 3474 malum,
527 3408 849 3464 adhaerentes
870 3411 1002 3466 bono
1023 3453 1038 3477 ,
1063 3414 1319 3468 charitate
1349 3416 1707 3484 fraternitatis
1746 3417 1830 3471 in-

228 3501 416 3571 ‘vicem
458 3500 733 3570 diligentes
753 3540 769 3567 ,
798 3502 1006 3583 honore
1032 3505 1246 3561 invicem
1274 3508 1645 3576 prazvenientes
1675 3509 1743 3575 “,
1770 3518 1824 3563 et

253 3604 448 3647 cratera
478 3593 807 3661 huiusmodi,
842 3604 1113 3664 przecepta
1145 3597 1325 3666 potius
1352 3597 1497 3652 dicat
1521 3614 1823 3670 essequam

252 3685 415 3742 dona.
460 3684 566 3740 Sed
595 3686 1001 3744 consideremus
1037 3689 1348 3761 diligentius
1397 3705 1464 3747 ne
1502 3691 1642 3748 forte
1686 3709 1826 3763 quo-

252 3774 396 3828 niam
426 3775 642 3844 quidem
694 3777 749 3832 in
794 3779 879 3833 his
923 3780 1179 3835 omnibus
1213 3780 1471 3837 moralem
1497 3781 1675 3836 locum
1711 3793 1823 3836 tra-

248 3874 399 3920 ctare
422 3866 675 3934 iustituit,
704 3877 760 3923 et
798 3884 907 3925 non
933 3869 1111 3926 solum
1145 3871 1197 3926 in
1224 3871 1330 3928 ﬁde
1370 3874 1621 3929 veritatis
1653 3873 1825 3929 stabi-

248 3954 355 4011 lem
403 3966 459 4012 et
503 3958 858 4027 immobilem,
916 3976 1102 4017 verum
1157 3972 1213 4018 et
1259 3964 1315 4018 in
1370 3964 1611 4020 moribus
1658 3981 1824 4019 orna-

252 4054 364 4101 tum
408 4046 518 4120 (88)
555 4048 732 4104 facere
760 4050 1149 4117 Christianum,
1182 4053 1304 4109 ideo
1332 4054 1400 4109 ad
1437 4068 1662 4108 munera
1691 4070 1819 4125 gra-

250 4137 451 4193 tiarum
486 4142 648 4194 etiam
691 4142 913 4197 moralia
946 4154 1217 4214 praecepta
1260 4146 1552 4217 coniungat
1609 4146 1821 4218 (89),ut

248 4232 499 4284 ostendat
537 4230 868 4289 Christianis
904 4234 1069 4290 etiam
1121 4237 1238 4293 11330
1296 4254 1395 4308 per
1441 4238 1535 4294 Dei
1585 4241 1817 4307 gratiam

1938 3227 2069 3283 dicit
2108 3237 2166 3282 ut
2197 3227 2439 3296 subjecta
2496 3229 2568 3283 sit
2620 3232 2977 3299 potestatibus
3034 3235 3261 3290 mundi:
3297 3239 3419 3306 quia
3467 3246 3524 3292 et

1934 3320 2195 3375 Dominus
2237 3320 2392 3385 dixit,
2423 3329 2481 3375 ut
2528 3321 2581 3376 hi
2617 3324 2706 3393 qui
2756 3325 2959 3381 habent
2994 3325 3048 3380 in
3105 3343 3164 3383 se
3212 3328 3518 3398 superscri-

1931 3411 2171 3479 ptionem
2185 3410 2439 3476 Caesaris,
2467 3413 2690 3468 reddant
2709 3414 2905 3471 Caesari
2924 3432 3042 3487 quae
3064 3428 3188 3473 sunt
3205 3418 3436 3474 Caesaris
3452 3420 3521 3476 ¹⁶ο

1932 3500 2123 3557 Petrus
2146 3510 2200 3555 et
2228 3499 2466 3557 Joannes
2510 3503 2640 3557 nihil
2674 3504 2946 3561 habebant
2992 3512 3135 3578 quod
3169 3508 3371 3564 Caesari
3398 3513 3520 3566 red-

1931 3594 2152 3658 derent;
2190 3593 2324 3647 dicit
2349 3593 2492 3647 enim
2522 3592 2720 3651 Petrus
2746 3616 2757 3651 :
2801 3599 3006 3652 Aurum
3034 3610 3080 3653 et
3106 3612 3379 3670 argentum
3410 3619 3517 3657 non

1928 3684 2090 3739 habeo
2128 3686 2191 3736 ¹⁷.
2226 3684 2325 3751 Qui
2355 3686 2457 3740 hoc
2488 3704 2593 3743 non
2626 3689 2808 3753 habet,
2834 3706 2934 3745 nec
2960 3690 3158 3746 Caesari
3183 3694 3517 3764 habetquod

1928 3777 2143 3841 reddat,
2177 3791 2280 3832 nec
2312 3776 2453 3831 unde
2506 3779 2919 3837 sublimioribus
2950 3782 3226 3852 subiaceat
3266 3795 3513 3855 potesta-

1927 3869 2091 3923 tibus.
2133 3867 2235 3935 Qui
2273 3887 2397 3927 vero
2436 3872 2599 3928 habet
2624 3882 2717 3927 aut
2751 3875 3060 3944 pecuniam,
3086 3887 3180 3933 aut
3210 3881 3514 3949 possessio-

1925 3973 2043 4026 nes,
2096 3973 2189 4016 aut
2228 3963 2427 4033 aliquid
2472 3964 2525 4019 in
2578 3964 2780 4020 saeculo
2836 3967 3031 4036 negetii
3073 3967 3221 4041 (95),
3280 3970 3508 4028 audiat:

1926 4049 2113 4106 Omnis
2146 4054 2325 4107 anima
2356 4055 2701 4123 potestatibus
2734 4056 3122 4114 sublimioribus
3143 4062 3411 4131 subjaceat
3442 4063 3507 4117 ".

1990 4145 2080 4200 26.
2100 4144 2220 4200 Non
2239 4156 2312 4200 est
2335 4148 2682 4218 enim,inquit
2704 4148 2836 4221 (91),
2854 4161 3082 4219 potestas
3110 4155 3215 4207 nisi
3242 4171 3274 4208 a
3300 4155 3406 4209 Deo
3437 4156 3503 4210 ¹⁹.

1920 4236 2061 4291 Dicit
2115 4237 2342 4293 fortasse
2370 4238 2565 4308 aliquis
2595 4259 2607 4294 :
2642 4240 2780 4307 Quid
2810 4243 2977 4311 ergo?
3004 4241 3071 4297 Et
3122 4244 3210 4298 illa
3255 4255 3499 4314 potestas

247 4321 385 4377 dari.
423 4323 560 4379 Sunt
590 4328 732 4380 enim
780 4337 835 4382 et
882 4330 1127 4386 nonnulli
1174 4331 1451 4400 gentilium
1500 4335 1818 4403 compositis
1919 4348 2040 4403 quae
2074 4349 2261 4389 servos
2289 4333 2381 4388 Dei
2436 4334 2806 4404 persequitur,
2842 4336 3000 4390 fidem
3032 4337 3331 4407 impugnat,
3371 4338 3503 4392 reli-

244 4414 489 4471 moribus
536 4426 588 4472 et
639 4420 865 4476 honeste
913 4420 1174 4478 institutis
1204 4419 1339 4492 (90),
1376 4424 1467 4492 qui
1501 4433 1681 4480 tamen
1714 4425 1817 4482 hoc
1918 4424 2132 4493 gionetn
2162 4423 2447 4490 subvertit,
2493 4439 2523 4478 a
2568 4424 2675 4478 Deo
2713 4425 2829 4479 est?
2854 4427 2935 4479 Ad
2971 4426 3073 4481 hoc
3109 4426 3350 4481 breviter
3405 4442 3496 4481 re-

243 4506 420 4575 ipsum
457 4511 600 4577 quod
628 4511 852 4581 habent,
884 4528 993 4570 non
1027 4516 1095 4570 ad
1123 4513 1292 4570 Deum
1320 4514 1585 4583 referunt,
1614 4530 1715 4573 nec
1749 4518 1816 4574 ab
1849 4513 1894 4570 D
1921 4514 2329 4587 spondebimus.
2362 4513 2533 4570 Nemo
2575 4524 2658 4570 est
2701 4516 2794 4584 qui
2845 4516 3055 4571 nesciat
3085 4518 3229 4587 quod
3274 4526 3327 4572 et
3354 4518 3506 4573 visus

311 4646 520 4717 {Rom.
553 4666 651 4717 stt,
698 4651 787 4707 21.
862 4652 883 4685 ⁹
912 4652 1044 4708 ibid.
1093 4652 1147 4717 6,
1194 4652 1247 4706 8.
1358 4652 1401 4683 ¹⁰
1448 4652 1579 4709 ibid.
1630 4654 1684 4708 8.

245 4717 287 4747 "
312 4716 472 4775 Rom.
504 4716 706 4789 xm,1.

337 4840 426 4908 85)
452 4839 612 4907 Editi,
648 4850 704 4895 ut
732 4856 952 4905 amens,
971 4839 1136 4902 ferus,
1165 4846 1214 4891 et
1249 4837 1509 4892 barbarus
1538 4839 1804 4895 inimicus.

337 4910 428 4980 86)
456 4908 547 4965 Sic
570 4912 772 4967 rectius
812 4924 914 4964 ms.
950 4909 1152 4980 Regius
1196 4923 1356 4980 num.
1407 4910 1563 4965 1659.
1612 4908 1807 4965 Caneri

238 4976 373 5034 vero
408 4976 535 5035 mss.
571 4989 627 5035 et
652 4981 804 5046 editi,
834 4996 929 5049 pro
964 4976 1244 5035 commisso
1286 4976 1407 5049 (a1.,
1436 4996 1530 5048 pro
1558 4981 1812 5034 commis-

239 5050 336 5120 sis)
364 5050 711 5114 conscientite,
725 5060 830 5106 etc.

315 5117 427 5188 (87)
454 5120 622 5185 Alias,
656 5123 789 5175 sicut
818 5121 953 5191 ignis
976 5119 1095 5189 (aL,
1124 5117 1254 5191 igni)
1284 5119 1331 5174 si
1362 5119 1534 5189 ignem
1571 5118 1769 5190 jungas
1794 5134 1813 5173 :

238 5191 373 5244 sicut
408 5193 572 5245 noctis
597 5195 822 5245 tenebrae
850 5192 895 5245 si
919 5192 1078 5257 aeris,
1112 5201 1219 5245 etc.

315 5261 428 5328 (88)
460 5259 587 5315 Mss.
622 5262 866 5330 plerique
917 5268 971 5314 et
1010 5261 1164 5323 editi,
1220 5260 1508 5330 stabilem.
1536 5276 1713 5315 verum
1758 5267 1809 5314 et

239 5331 577 5392 immobilem,
634 5332 689 5384 in
734 5329 969 5385 moribus
1012 5340 1276 5394 ornatum,
1310 5341 1414 5386 etc.
1464 5329 1564 5385 Ms.
1606 5330 1811 5400 Regius

238 5416 391 5454 num.
444 5400 599 5466 1659,
640 5402 907 5467 stabilem,
956 5416 1134 5455 verum
1171 5410 1218 5452 et
1261 5402 1317 5453 in
1364 5401 1603 5455 omnibus
1648 5417 1808 5454 orna-

237 5474 374 5533 tu'm,
402 5486 531 5534 etc.,
560 5472 764 5526 omisso
792 5471 1131 5525 immobilem.
1163 5469 1419 5525 Rabanus
1443 5510 1457 5533 ,
1489 5469 1731 5523 stabilem
1756 5479 1805 5523 et

238 5542 557 5594 immobilem
581 5580 597 5603 ,
642 5542 876 5595 moribus
901 5550 1169 5604 ornatum,
1195 5550 1322 5599 etc.,
1361 5542 1564 5594 omisso
1608 5555 1805 5593 verum.

240 5607 347 5663 Sed
386 5611 668 5678 legendum
706 5613 920 5665 videtur
956 5619 1017 5665 ut
1044 5614 1099 5665 in
1134 5618 1320 5667 nostro
1343 5618 1509 5666 testu.

310 5678 420 5749 (89)
456 5680 617 5750 Editi,
643 5682 933 5750 coniungit.

312 5742 426 5819 (90)
452 5742 613 5813 Editi,
648 5742 877 5804 honestis
910 5751 1203 5808 institutis:
1231 5750 1322 5805 sed
1354 5763 1541 5803 omnes
1583 5762 1714 5801 mss.
1753 5756 1807 5800 ct

241 5817 500 5875 Rabanus
549 5832 605 5874 ιιι
649 5822 698 5874 iu
732 5831 899 5875 textu.
958 5820 1210 5877 Fortasse
1261 5819 1565 5889 legendum,
1609 5828 1656 5871 et
1711 5819 1810 5871 ho-

479 5917 749 5976 ΡΑτιιοι..
793 5918 908 5977 (in.
962 5915 1133 5975 XIV.

1790 4655 1832 4687 “
1865 4654 1994 4709 ibid.
2040 4654 2072 4708 9
2131 4663 2185 4706 ct
2230 4651 2316 4705 10.

784 4722 872 4777 ¹⁸1
904 4722 1027 4777 Cor.
1059 4737 1134 4788 vt,
1162 4721 1247 4775 17.
1329 4722 1372 4754 ¹⁶
1394 4721 1587 4777 Matth.
1623 4727 1760 4790 uti,
1788 4724 1882 4779 21.

1917 4975 2196 5047 quentibus
2226 4977 2365 5031 dicat
2404 4976 2706 5047 Apostolus.
2736 4975 2921 5031 Omnis
2958 4975 3230 5047 animam.

2420 4650 2460 4680 “
2498 4648 2685 4705 Jacob.
2722 4666 2760 4712 ι,
2812 4650 2900 4703 17.

2443 4719 2487 4749 ¹⁸
2513 4721 2687 4791 Roma
2717 4735 2834 4787 stu,
2866 4721 2915 4774 1.

3012 4650 3101 4704 “1
3163 4650 3290 4707 Cor.
3324 4663 3367 4718 ι,
3408 4653 3500 4713 31.

1962 4725 2002 4755 ¹⁷
2036 4724 2157 4777 Act.
2194 4737 2273 4786 ιιι,
2308 4720 2362 4772 6.
2443 4720 2487 4749 ¹⁸
2513 4721 2682 4786 Rom.»
2717 4735 2834 4786 xm,
2866 4721 2915 4774 1.
2996 4721 3039 4751 ¹⁹
3073 4720 3202 4777 ibid.

1919 4849 2060 4894 nesle
2087 4837 2336 4892 instituti.

1993 4907 2105 4981 (91)
2158 4907 2324 4969 Editi,
2374 4906 2643 4960 videamus
2697 4923 2819 4974 ergo
2867 4923 3002 4960 nunc
3038 4909 3164 4978 quid
3222 4909 3277 4963 in
3321 4925 3499 4965 conse-

1993 4979 2196 5032 entibus
2226 4977 2365 5031 dicat
2404 4976 2706 5032 Apostolus.
2736 4975 2921 5031 Omnis
2959 4979 3230 5032 animam.
3282 4979 3496 5032 subdita

3282 4983 3496 5035 subdita

1920 5044 2007 5105 sit.
2047 5048 2266 5102 Videtur
2288 5046 2415 5099 mihi
2445 5044 2499 5100 in
2528 5044 2623 5099 hoc
2647 5046 2797 5100 valde
2839 5046 3202 5114 laudabiliter,
3238 5057 3343 5103 etc.
3384 5049 3495 5104 Sed

1919 5132 2108 5174 omnes
2154 5132 2283 5172 mss.
2330 5119 2499 5171 nostri
2545 5125 2599 5169 et
2639 5116 2892 5171 Rabanus
2937 5128 2995 5170 ut
3044 5119 3095 5172 iu
3150 5127 3333 5182 textu,
3391 5119 3495 5175 nisi

1919 5187 2058 5257 quod
2098 5186 2351 5255 habeant,
2396 5186 2612 5240 Videtur
2642 5186 2770 5239 mihi
2805 5188 2861 5257 in
2898 5187 2993 5241 hoc
3041 5205 3143 5242 non
3184 5188 3331 5243 valde
3374 5188 3494 5243 latt—

1918 5256 2184 5318 dabiliter,
2212 5267 2315 5312 etc.
2340 5274 2355 5312 :
2386 5258 2477 5312 sed
2504 5273 2608 5311 vox
2639 5273 2741 5309 non
2774 5256 3074 5312 redundare
3108 5259 3346 5312 videtur.

1991 5326 2109 5451 (θῇ
2144 5327 2306 5410 Editi,
2331 5331 2383 5381 in
2422 5327 2689 5412 aliquibus
2722 5325 2953 5409 .allt'gata
2996 5330 3237 5409 negotiis.
3270 5327 3491 5413 Rectius

1991 5415 2022 5451 ι.
2113 5412 2264 5451 emus
2315 5414 2462 5451 num.
2502 5396 2657 5451 1659.
2687 5412 2733 5449 et
2782 5396 2961 5451 aliqua
2993 5398 3213 5451 alltaata
3260 5409 3487 5451 neaotm.

1918 5396 2022 5455 ms.
2064 5396 2264 5467 Regius
2315 5414 2462 5451 num.
2502 5396 2657 5463 1659,
2687 5398 2734 5449 ei
2782 5396 2961 5465 aliqua
2993 5398 3213 5466 alligata
3260 5402 3487 5467 negotio.

1917 5469 2110 5539 Caneri
2146 5481 2277 5539 mss.
2300 5477 2353 5521 et
2382 5468 2653 5539 Rabanus,
2677 5467 2731 5539 in
2760 5467 3181 5539 aliquorallt'gata
3211 5471 3450 5539 negotiis.

1989 5538 2101 5610 (95)
2134 5535 2376 5610 Νεςοιὶἰ.
2405 5536 2685 5610 Omittitur
2720 5538 2772 5590 in
2830 5537 3003 5610 ed‘itisg
3032 5535 3086 5591 et
3130 5539 3182 5592 in
3215 5535 3490 5610 plerisque

1916 5605 2204 5732 ips‘qued.
2249 5607 2556 5662 restituitur
2603 5620 2670 5660 ex
2723 5620 2827 5661 ms.
2876 5605 3043 5679 Regio
3078 5605 3227 5665 num.
3264 5605 3488 5667 1659'et

1972 5696 1995 5728 :I
2022 5691 2164 5730 iano.

1940 5680 2164 5731 iabauo.

1989 5746 2097 5817 (9i)
2136 5744 2311 5809 Enim,
2346 5747 2533 5817 inquit.
2572 5746 2696 5804 llaec
2722 5749 2888 5805 verba
2920 5748 3111 5805 desunt
3138 5749 3190 5804 in
3228 5750 3414 5806 editis.

3108 5914 3183 5972 39
