4048 6202
601 378 734 431 ΏΞΞἹ

2096 376 2419 432 ORlGENlS

3687 389 3797 445 ιω

598 495 757 549 nobis
776 511 804 547 a
842 493 951 550 Deo
969 492 1197 548 donatus
1226 500 1328 559 est,
1356 500 1411 547 et
1438 492 1679 558 auditus,
1712 501 1767 549 et
1792 506 2004 549 sensus.
2041 494 2174 550 Cum

2284 508 2370 546 vos
2404 492 2467 547 ab
2518 492 2599 547 Itis
2638 507 2759 562 qua:
2810 492 2970 547 idolis
3022 491 3388 559 immolantur,
3421 507 3466 552 et
3499 502 3736 571 sanguine,
3758 518 3796 562 et

597 605 733 661 ergo
764 604 793 642 a
826 586 937 642 Deo
963 586 1264 642 habeamus
1294 588 1431 654 haec,
1466 585 1518 641 in
1550 593 1823 658 potestate
1869 596 2051 643 tamen
2082 603 2185 642 no-

599 691 713 735 stra
748 688 830 734 est
870 687 928 733 ut
959 680 1078 733 visu
1111 677 1194 732 vel
1237 680 1304 733 ad
1353 675 1496 732 bona
1530 678 1616 734 vel
1650 681 1718 734 ad
1766 678 1906 733 mala
1933 685 2180 745 utamur;

598 770 852 825 similiter
882 769 996 842 (95)
1028 779 1085 825 et
1114 771 1330 836 auditu,
1362 781 1417 826 et
1446 778 1592 826 motu
1626 785 1904 838 manuum,
1937 781 1993 826 et
2026 772 2184 842 cogi-

601 863 808 917 tatione
835 875 1029 917 sensus
1057 881 1071 917 :
1103 871 1160 918 et
1210 860 1266 917 in
1302 860 1406 919 hoc
1444 873 1529 918 est
1554 861 1761 932 iustum
1788 860 2057 932 judicium
2092 862 2184 918 Dei

598 956 740 1027 quod
773 956 857 1011 his
887 971 1008 1027 quae
1055 955 1147 1012 ille
1176 956 1243 1011 ad
1290 972 1426 1013 usus
1465 955 1636 1012 bonos
1670 955 1838 1022 dedit,
1876 969 1975 1011 nos
2004 956 2183 1012 abuti-

598 1065 724 1105 mur
754 1048 865 1122 (96)
893 1049 961 1104 ad
992 1044 1157 1120 impia
1188 1058 1244 1104 et
1284 1037 1470 1120 iniqua
1500 1048 1826 1105 ministeria.
1858 1047 1936 1104 lta
1975 1062 2108 1118 ergo
2130 1058 2186 1104 et

599 1150 842 1210 potestas
873 1141 1052 1197 oumis
1078 1154 1108 1197 a
1145 1141 1253 1196 Deo
1280 1143 1405 1195 data
1438 1151 1520 1196 est
1558 1140 1630 1195 ad
1654 1140 1947 1195 vindictam
1972 1141 2184 1210 quidem

598 1234 887 1300 mutarunt,
912 1233 1126 1289 laudem
1157 1250 1275 1290 vero
1312 1234 1568 1288 bonorum
1590 1233 1660 1297 ",
1692 1234 1837 1289 sicut
1869 1233 2014 1289 idem
2042 1233 2187 1303 Apo-

599 1329 772 1385 stolus
798 1330 850 1384 in
875 1329 1333 1397 subsequentibus
1356 1326 1490 1382 dicit
1515 1325 1583 1380 ἰ.
1611 1324 1732 1382 Erit
1769 1334 1949 1382 autem
1980 1325 2184 1397 iustum

595 1425 860 1495 iudicium
894 1422 986 1478 Dei
1018 1436 1150 1492 erga
1179 1435 1275 1477 eos
1299 1419 1392 1490 qui
1423 1427 1709 1490 acceptam
1738 1426 2067 1489 potestatem
2094 1432 2184 1474 se-

598 1492 833 1569 cundum
867 1526 994 1567 suas
1028 1511 1357 1582 impietates,
1391 1518 1446 1568 et
1481 1524 1588 1566 non
1639 1500 1942 1566 secundum
1974 1507 2185 1565 divinas

598 1607 913 1666 temperant
941 1596 1119 1668 leges.

650 1678 756 1747 '27.
791 1690 860 1747 Et
887 1692 1010 1748 ideo
1036 1690 1168 1746 dicit
1194 1712 1206 1747 :
1232 1686 1424 1762 Itaque
1442 1689 1535 1760 qui
1568 1689 1764 1745 resistit
1789 1690 2062 1760 potestati,
2086 1688 2185 1744 Dei

596 1766 923 1839 orilinatioui
972 1783 1203 1847 resistit;
1250 1783 1343 1853 qui
1385 1793 1561 1837 autem
1606 1784 1885 1847 resistunt,
1933 1783 2036 1851 ipsi
2085 1784 2184 1838 sibi

2287 584 2586 654 suffocatis,
2605 594 2651 638 et
2682 583 3051 652 fornicatione,
3087 602 3120 639 a
3150 574 3334 657 quibus
3366 591 3683 649 custodientes
3705 612 3797 652 sos-

2288 676 2539 743 metipsos
2590 676 2716 731 bene
2769 676 2954 745 agetis.
2997 675 3178 734 Valete
3197 680 3262 735 ".
3292 680 3349 735 lu
3379 682 3462 739 his
3486 698 3606 756 ergo
3637 700 3799 757 praee-

2286 768 2397 837 ptis
2430 771 2483 823 in
2519 768 2719 838 quibus
2743 767 2878 823 dicit
2904 769 3041 824 nihil
3069 769 3297 842 amplius
3324 772 3680 842 imponendum
3703 795 3797 837 esse

2286 861 2471 916 oneris
2508 863 2594 917 his
2646 859 2738 931 qui
2788 873 2857 917 ex
2891 862 3147 933 gentibus
3185 865 3433 931 credunt,
3460 850 3556 923 nisi
3596 878 3648 924 ut
3666 872 3794 927 absti-

2287 963 2454 1008 neant
2481 968 2541 1010 se
2579 956 2645 1013 ab
2673 957 2762 1012 his
2778 970 2900 1027 qua;
2930 954 3088 1012 idolis
3108 955 3472 1023 immolantur,
3494 968 3545 1014 et
3565 963 3794 1031 sanguine,

2284 1054 2341 1100 et
2368 1043 2664 1114 suﬂ‘ocatis,
2680 1057 2734 1104 et
2755 1047 3146 1115 fornicatione,
3168 1062 3345 1119 neque
3368 1051 3687 1107 homicidium
3702 1070 3793 1124 pro-

2288 1137 2528 1203 hlbetur,
2586 1154 2761 1210 neque
2812 1138 3168 1209 adulterium,
3204 1154 3380 1212 neque
3420 1140 3627 1207 furtum,
3654 1158 3789 1215 neque

2288 1225 2661 1282 masculorum
2689 1228 3036 1295 concubitus,
3071 1244 3250 1300 neque
3273 1239 3460 1285 caetera
3484 1233 3686 1287 crimins
3703 1250 3791 1304 qus

2286 1316 2486 1373 divinis
2522 1326 2577 1373 et
2603 1318 2864 1377 humanis
2895 1321 3106 1393 legibus
3144 1321 3460 1391 puniuntur.
3490 1322 3632 1391 Quod
3662 1325 3699 1379 si
3725 1326 3792 1380 ills

2287 1406 2401 1463 sola
2428 1423 2550 1479 quae
2572 1424 2734 1481 supra
2758 1413 3078 1467 memoravit
3100 1410 3203 1485 (l).
3227 1413 3549 1469 observanda
3572 1415 3684 1471 dicit
3702 1431 3791 1472 esse

2284 1496 2636 1568 Christianis,
2669 1502 2941 1558 videbitur
2972 1504 3060 1558 eis
3096 1504 3164 1559 de
3205 1504 3415 1559 emeris
3452 1505 3643 1559 dedisse
3666 1504 3791 1559 licen-

2287 1592 2437 1645 tiam.
2476 1584 2583 1647 Sed
2615 1591 2738 1648 vide
2773 1594 3181 1649 ordinationem
3212 1592 3445 1665 Spiritus
3473 1595 3626 1650 uncti
3654 1613 3667 1648 :
3691 1608 3788 1662 quo-

2286 1682 2435 1738 niam
2464 1683 2683 1754 quidem
2729 1695 2925 1742 ctetera
2960 1686 3194 1742 crimina
3228 1685 3408 1743 saeculi
3439 1685 3623 1757 legibus
3660 1689 3787 1742 \ittdi-

2286 1787 2503 1843 cantur,
2520 1786 2578 1833 et
2618 1778 2952 1849 superﬂuum
2989 1780 3411 1836 videbaturesse
3434 1795 3493 1836 es
3517 1781 3788 1837 tiuncdivins

598 1875 992 1929 damnationem
1031 1872 1315 1946 acquirunt
1343 1870 1387 1905 “
1414 1871 1549 1945 (97).
1580 1871 1699 1928 Non
1729 1873 1819 1928 hic
1848 1873 1916 1929 de
1946 1873 2050 1928 illis
2086 1888 2181 1942 po-
2216 1858 2261 1914 Β
2292 1865 2409 1940 lege
2458 1866 2762 1937 probibet'l.
2809 1883 2930 1940 quae
2961 1868 3301 1927 subicientes
3331 1872 3546 1927 humana
3586 1873 3679 1943 lege
3702 1873 3786 1942 ple-

602 1965 891 2020 testatibus
912 1963 1046 2019 dicit
1067 1979 1188 2034 quae
1210 1963 1622 2035 persecutiones
1652 1962 1897 2019 inl‘erunt
1919 1963 2043 2019 tidei
2065 1981 2080 2030 ;
2109 1964 2181 2018 ibi

588 2056 745 2110 eiiim
771 2055 1064 2110 dicendum
1094 2068 1177 2110 est
1208 2073 1222 2109 :
1263 2054 1372 2109 Deo
1402 2063 1603 2122 oportet
1633 2054 1994 2124 obtemperare
2014 2056 2181 2125 magis

597 2163 758 2211 quam
812 2148 1111 2202 hominibus
1136 2147 1218 2213 ",
1246 2144 1339 2201 sed
1374 2146 1440 2201 de
1481 2146 1602 2202 istis
1645 2145 2026 2203 communibus
2053 2147 2184 2202 dicit

578 2256 722 2311 «qum
751 2256 856 2296 non
883 2251 1006 2297 sunt
1034 2240 1211 2294 timori
1242 2241 1366 2294 boni
1386 2241 1584 2310 operis,
1604 2242 1697 2296 sed
1726 2242 1854 2297 mali
1871 2242 1918 2275 “
1943 2257 1957 2297 :
1984 2242 2184 2312 quibus

599 2333 789 2402 utique
814 2333 910 2403 qui
953 2331 1177 2401 resistit,
1204 2331 1320 2402 ipse
1368 2328 1469 2387 sibi
1517 2332 1922 2390 damnationem
1959 2349 2058 2404 pro
2090 2350 2184 2403 ge-

586 2431 806 2479 storum
841 2437 1063 2479 suorum
1087 2422 1355 2494 qualitate
1391 2423 1689 2493 conquirit.

667 2517 758 2573 28.
788 2516 877 2572 Vis
903 2526 1102 2582 autent,
1133 2517 1334 2587 inquit,
1364 2533 1469 2572 non
1497 2519 1680 2574 timere
1704 2522 2054 2589 potestatem?
2097 2521 2182 2593 [ac

594 2608 738 2676 quod
778 2606 972 2662 bonum
1004 2614 1102 2673 est,
1128 2617 1175 2660 et
1204 2606 1418 2661 habebis
1444 2606 1653 2662 laudem
1681 2625 1747 2663 ea:
1770 2609 1903 2673 illa;
1931 2610 2025 2665 Dei
2043 2613 2181 2665 enim

596 2701 840 2755 minister
866 2708 941 2755 est
968 2699 1062 2753 tibi
1088 2699 1142 2754 in
1168 2698 1384 2755 bonum.
1406 2697 1470 2755 Si
1502 2709 1677 2756 autem
1708 2703 1852 2771 quod
1884 2702 2082 2757 malum
2103 2714 2183 2760 est

598 2776 807 2864 feceris,
834 2793 996 2847 time:
1020 2808 1122 2847 non
1159 2794 1297 2848 enim
1326 2795 1439 2848 sine
1470 2807 1636 2849 causa
1678 2794 1917 2865 gladium
1962 2807 2137 2866 portat
2163 2813 2183 2852 :

592 2881 700 2937 Dei
721 2883 862 2937 enim
886 2882 1131 2938 minister
1154 2892 1234 2938 est
1259 2900 1278 2938 :
1304 2882 1493 2940 vindex
1526 2886 1581 2939 in
1603 2887 1684 2939 ira
1705 2886 1754 2939 ei
1776 2886 1867 2957 qui
1897 2888 2041 2958 quod
2064 2903 2181 2941 ma-

597 2976 709 3029 ium
733 2984 809 3030 est
836 2976 943 3046 agit
964 2972 1032 3030 ⁸⁸.
1065 2972 1245 3033 Movet
1280 2991 1368 3034 me
1396 2978 1450 3033 in
1475 2978 1561 3034 bis
1583 2979 1931 3035 sermonibus
1958 2979 2182 3048 Paulus,

586 3067 748 3138 quod
789 3074 1112 3140 potestatem
1142 3066 1326 3124 saeculi
1352 3078 1410 3124 et
1436 3067 1679 3138 iudicem
1719 3070 1909 3125 mundi
1952 3070 2045 3127 Dei
2084 3072 2184 3127 mi-

599 3161 833 3217 nistrum
882 3159 1048 3225 dicit;
1084 3169 1139 3216 et
1172 3159 1278 3215 hoc
1317 3174 1426 3216 non
1467 3156 1673 3227 semel,
1711 3161 1804 3216 sed
1856 3162 2095 3218 secundo
2129 3170 2183 3219 et

598 3251 762 3322 tertio
797 3249 1015 3319 repetit.
1039 3248 1214 3305 Velim
1253 3264 1384 3321 ergo
1408 3250 1689 3321 requirere
1720 3254 1996 3322 quomodo
2013 3253 2181 3323 iudex

597 3338 787 3396 mundi
818 3338 909 3396 Dei
941 3337 1190 3394 minister
1214 3338 1306 3394 sit.
1338 3337 1653 3395 invenimus
1685 3338 1948 3409 scriptum
1996 3340 2048 3396 in
2075 3340 2184 3398 Ac-

596 3430 746 3488 tibus
772 3429 1162 3503 apostolorum,
1190 3428 1320 3502 quia
1343 3429 1735 3487 convenientes
1776 3432 1829 3486 in
1855 3446 2020 3487 unum
2049 3447 2180 3503 apo-

592 3524 724 3585 stoli
753 3532 1062 3581 statuerunt
1106 3523 1327 3579 decreta
1358 3537 1481 3594 quae
1510 3524 1809 3579 observare
1859 3522 2180 3583 deberemus

600 3604 701 3675 nos
751 3616 844 3688 qui
885 3630 954 3673 ex
1011 3614 1265 3688 gentibus
1300 3612 1630 3671 credidimus
1667 3613 1893 3671 Christo
1949 3615 2087 3689 (98),
2125 3616 2179 3671 in

595 3694 798 3783 quibus
828 3709 948 3765 haec
975 3708 1364 3765 continentur:
1396 3706 1633 3777 Apostoli
1670 3719 1720 3763 et
1742 3707 2030 3780 presbyteri
2060 3709 2182 3778 [ra-

590 3803 766 3859 tribus
791 3803 881 3874 qui
905 3811 1028 3857 sunt
1062 3800 1205 3871 apud
1234 3796 1593 3864 Antiochiam,
1619 3808 1666 3855 et
1708 3798 1950 3870 Syriam,
1972 3810 2021 3856 et
2049 3798 2182 3855 Cili-

594 3896 764 3961 ciam,
789 3894 1031 3950 omnibus
1061 3896 1151 3965 qui
1172 3910 1238 3949 ea:
1261 3893 1501 3964 gentibus
1539 3893 1898 3958 crediderunt,
1931 3895 2177 3949 salutem.

599 3982 869 4052 Quoniam
889 3984 1100 4055 quidem
1130 3984 1428 4041 audivimus
1466 3983 1724 4056 quosdam
1765 3984 1933 4039 exisse
1966 4001 1999 4039 a
2031 3985 2180 4042 nobis

596 4085 648 4131 et
695 4074 1004 4145 perturbare
1053 4091 1169 4142 eos,
1207 4077 1397 4146 quibus
1440 4092 1544 4130 non
1595 4066 1971 4132 mandavimus
1993 4078 2059 4132 ³⁸.
2117 4078 2181 4133 Et

590 4153 722 4239 post
759 4165 1040 4239 aliquanta
1088 4164 1307 4222 additur
1351 4183 1366 4221 :
1424 4164 1634 4221 Placuit
1672 4183 1795 4237 ergo
1832 4167 1945 4240 (99)
1996 4180 2179 4225 sancto

594 4255 836 4326 Spiritui
858 4266 906 4311 et
935 4255 1105 4323 nobis,
1137 4254 1271 4310 nihil
1298 4255 1526 4325 amplius
1569 4259 1849 4326 superponi
1870 4260 2015 4314 vobis
2039 4276 2176 4331 pon-

596 4348 766 4416 deris,
786 4356 981 4419 pratter
1016 4363 1079 4404 ea
1111 4362 1229 4420 qute
1258 4348 1554 4402 necessaria
1586 4358 1728 4412 sunt,
1761 4359 1818 4403 ut
1860 4351 2173 4409 abstineatis

476 4506 483 4511 .
666 4463 714 4495 ³⁸
742 4460 763 4516 l
789 4460 938 4519 Petr.
973 4476 1034 4527 tt,
1089 4460 1179 4516 14.
1267 4462 1310 4493 ἰ
1340 4459 1498 4515 Rom.
1546 4475 1664 4529 sui,
1694 4461 1753 4521 3.
1782 4462 1834 4516 4.
1928 4467 1974 4502 ’ί
2021 4466 2149 4523 ibid.
2173 4468 2229 4525 2.

597 4536 648 4569 "
676 4533 797 4589 Act.
826 4530 1013 4600 xv,25,
1040 4530 1136 4588 24.
1212 4531 1255 4563 "
1289 4531 1421 4587 ibid.
1445 4530 1537 4597 28,
1559 4530 1651 4587 29.
1728 4534 1774 4566 ³⁸
1797 4533 1953 4588 Rom.
1985 4552 2047 4603 lt,
2081 4538 2167 4593 12.
2240 4540 2286 4573 ’³
2315 4538 2505 4597 Matth.
2538 4530 2666 4603 m,
2698 4539 2792 4594 2i.

672 4627 794 4700 (95)
825 4624 919 4681 Sic
948 4638 1053 4679 ms.
1079 4622 1285 4696 Regius
1312 4640 1463 4700 num.
1494 4623 1655 4700 l6_59.
1677 4623 1866 4700 caeteri
1896 4642 2024 4683 vero
2050 4645 2184 4687 mss.
2218 4636 2265 4696 ι)

598 4709 657 4757 et
683 4694 980 4758 litabanus,
1013 4710 1132 4748 cum
1172 4694 1301 4767 ergo
1325 4695 1437 4749 lucc
1460 4711 1495 4748 α
1534 4694 1642 4767 Deo
1672 4696 1778 4750 sint
1798 4734 1815 4761 ,
1839 4695 1893 4767 in
1930 4708 2184 4767 potestate

600 4782 779 4823 tamen
809 4776 994 4820 nostra
1012 4766 1208 4837 estuti
1234 4770 1344 4837 visu
1392 4768 1471 4820 vel
1511 4764 1579 4817 ad
1605 4766 1765 4830 bona,
1789 4766 1866 4821 rel
1899 4764 1968 4823 ad
1995 4770 2136 4825 mala
2161 4788 2180 4837 ,-

592 4838 869 4902 similiter,
907 4835 1213 4909 ειεηιέάιιί,
1246 4834 1380 4890 Cum
1410 4837 1523 4909 hau;
1564 4851 1695 4909 ergo
1726 4853 1757 4890 a
1786 4837 1897 4891 Deo
1929 4839 1984 4893 in
2030 4834 2181 4909 pote;

603 4918 743 4965 state
775 4914 958 4962 nostra
988 4905 1133 4970 sint;
1165 4914 1340 4961 tamen
1370 4910 1447 4959 uti
1480 4908 1592 4960 visu
1621 4908 1698 4960 vel
1742 4909 1810 4961 ad
1837 4909 1970 4963 bona
2000 4905 2076 4965 vel
2111 4913 2182 4965 ad

601 4980 746 5035 mala
771 4986 1073 5046 possumus.

672 5045 786 5120 (96)
814 5045 983 5110 Editi,
1006 5047 1101 5120 liis
1125 5061 1256 5116 quos
1291 5046 1360 5120 ad
1404 5047 1649 5120 ususille
1679 5048 1839 5120 bonos
1867 5047 2041 5119 dedit,
2087 5069 2180 5108 nos

601 5112 893 5187 abutimur,
920 5126 1030 5172 etc.
1055 5112 1186 5171 Mss.
1211 5118 1433 5186 quidam
1464 5118 1667 5172 habent
1694 5119 1996 5187 abutamur.

670 5188 788 5261 (97)
825 5185 971 5261 Qui__
987 5198 1163 5242 autem
1211 5185 1482 5261 resistunt,
1510 5188 1609 5255 ipsi
1641 5186 1739 5241 sibi
1781 5191 2175 5261 damnationem

601 5256 901 5332 acquirunt.
928 5256 1052 5314 Haec
1084 5272 1258 5332 neque
1290 5259 1344 5312 in
1374 5273 1508 5332 ms:.
1534 5260 1870 5332 quequeapud
1896 5259 2173 5316 Rubauum

606 5326 1112 5401 reperiunturtgsed
1145 5339 1359 5401 gustant
1396 5330 1448 5381 in
1480 5329 1657 5401 editis.
1698 5326 1901 5384 Deinde
1929 5346 2034 5386 ms.
2063 5332 2171 5387 lie-

603 5396 724 5471 gius
764 5416 914 5471 nmu.
948 5398 1105 5471 1659,
1140 5396 1261 5471 Non
1289 5397 1387 5471 hoc
1413 5402 1478 5451 de
1502 5397 1628 5471 iliis.
1662 5406 1767 5471 etcf.

2282 1968 2544 2025 ctuntur;
2567 1959 2735 2032 653
2760 1960 2851 2016 illa
2881 1961 2996 2017 sola
3023 1961 3091 2016 de
3118 1962 3325 2033 quibus
3350 1961 3476 2031 nihil
3503 1964 3699 2018 humans
3721 1963 3784 2019 les

2281 2050 2496 2110 dixerat
2526 2065 2581 2109 et
2608 2070 2732 2125 qua:
2781 2054 3032 2127 religioni
3063 2055 3396 2112 videbantur
3426 2056 3689 2124 convenire,
3711 2057 3785 2111 de

2283 2148 2458 2201 cernit
2489 2145 2590 2221 (2).
2633 2145 2713 2204 Es
2746 2161 2857 2217 quo
2891 2155 3122 2218 apparet
3160 2144 3400 2218 iudicem
3439 2147 3593 2204 mundi
3618 2150 3784 2218 partem

2284 2238 2578 2293 maximam
2626 2235 2725 2291 Dei
2758 2234 2892 2308 legis
2925 2237 3177 2307 implere.
3211 2236 3403 2294 Omnia
3442 2237 3566 2291 enim
3602 2235 3783 2291 crimina

2281 2344 2405 2400 quae
2428 2330 2697 2387 vindicari
2725 2332 2845 2387 vult
2876 2328 3040 2395 Deus,
3069 2342 3179 2386 non
3214 2344 3315 2403 per
3344 2329 3593 2386 antistites
3606 2338 3655 2383 et
3674 2326 3781 2397 prin-

2278 2422 2431 2493 cipes
2459 2421 2852 2490 Ecclesiarum,
2882 2422 2977 2479 sed
3001 2436 3101 2493 per
3129 2423 3322 2477 mundi
3337 2420 3553 2491 iudicem
3574 2420 3640 2491 (ὃ)
3655 2418 3781 2473 voluit

2282 2513 2586 2579 vindicari;
2631 2522 2689 2570 et
2728 2515 2834 2570 hoc
2879 2515 3060 2570 sciens
3113 2515 3345 2581 Paulus,
3374 2525 3509 2572 recte
3542 2529 3642 2570 eum
3666 2512 3778 2567 mini-

2283 2613 2458 2660 strum
2483 2603 2575 2658 Dei
2596 2602 2846 2658 nominat
2867 2610 2923 2658 et
2951 2604 3232 2660 vindicem
3264 2606 3320 2661 in
3358 2586 3474 2663 eum
3496 2605 3563 2674 (ι)
3584 2599 3783 2673 quiquod

2283 2693 2483 2748 malum
2511 2703 2595 2750 est
2630 2692 2766 2765 agit.
2790 2692 2947 2760 Quod
2967 2702 3152 2749 autem
3188 2695 3416 2753 dicitde
3436 2686 3782 2766 potestatein:

2282 2784 2423 2856 quod
2457 2785 2651 2841 bonum
2687 2792 2785 2850 est,
2816 2795 2867 2841 et
2894 2784 3109 2842 habebis
3137 2787 3356 2844 laudem
3389 2805 3449 2843 ea:
3472 2800 3545 2852 ea,
3568 2786 3698 2842 altius
3714 2798 3782 2838 re-

2284 2877 2614 2948 qttirendum
2641 2876 2780 2935 mihi
2809 2878 3046 2934 videtur.
3074 2879 3202 2936 Non
3246 2881 3387 2936 enim
3417 2880 3694 2937 coiisnetudo
3720 2883 3780 2931 est

2286 2970 2650 3041 potestatibus
2702 2973 2890 3028 sacull
2946 2974 3178 3031 laudare
3229 2976 3327 3032 hos
3374 2977 3459 3047 qui
3509 2989 3598 3029 non
3630 2972 3780 3027 iuerint

2287 3064 2587 3121 criminosi.
2614 3062 2750 3120 Nam
2779 3076 3077 3137 peccantes
3095 3050 3322 3138 quidem
3347 3070 3572 3139 puniunt,
3592 3081 3674 3120 non
3691 3077 3780 3134 pce

2286 3146 2479 3212 cautes
2510 3168 2642 3212 vero
2672 3155 2896 3213 laudare
2922 3157 3004 3213 eis
3040 3172 3168 3214 mos
3202 3162 3381 3216 nullus
3403 3171 3497 3216 est.
3529 3159 3614 3214 Sed
3639 3156 3777 3210 vides-

2290 3265 2412 3306 mus
2444 3264 2512 3306 ne
2537 3247 2680 3305 forte
2700 3247 2899 3305 Paulus
2920 3248 3086 3305 etiam
3112 3262 3245 3306 eum
3276 3252 3488 3307 moralia
3513 3249 3684 3304 videtur
3704 3246 3776 3300 do-

2290 3355 2437 3411 cere,
2466 3340 2713 3396 inserere
2741 3352 2956 3410 semper
3005 3340 3179 3396 etiam
3226 3341 3293 3398 de
3340 3341 3588 3415 mysteriis
3624 3335 3774 3404 aliquid

2289 3447 2397 3489 non
2423 3431 2667 3488 omittat.
2701 3430 2930 3488 “Etenim
2959 3433 3141 3490 sciens
3176 3435 3257 3509 (5)
3294 3440 3429 3507 quod
3458 3450 3606 3489 anites
3638 3430 3705 3500 qui
3733 3427 3774 3479 is

2287 3526 2403 3597 lege
2439 3536 2801 3595 peccaverunt,
2835 3542 2930 3593 per
2957 3527 3121 3597 legem
3146 3525 3605 3601 judicabantur":
3634 3536 3773 3579 unum-

2286 3629 2556 3687 quemque
2581 3625 2765 3672 autem
2794 3616 2848 3672 in
2879 3617 3085 3687 iudicio
3112 3619 3211 3674 illa
3237 3619 3322 3676 lex
3352 3618 3464 3676 sine
3481 3616 3617 3672 dubio
3634 3616 3773 3681 arguet

2287 3712 2585 3763 secundum
2636 3709 2780 3777 quod
2833 3708 2970 3764 vixit
3009 3709 3376 3781 (ostendimus
3399 3720 3559 3765 autem
3584 3711 3769 3760 sanctum

2289 3798 2553 3870 Spiritum
2575 3799 2630 3853 in
2659 3797 2845 3854 multis
2872 3800 3124 3859 humana:
3158 3802 3265 3875 legi
3298 3803 3459 3858 locum
3482 3790 3771 3865 dedisse)cer-

2292 3900 2404 3944 tum
2437 3898 2523 3945 est
2554 3901 2686 3957 ergo
2716 3887 2796 3961 (6)
2826 3890 2958 3959 quia
2997 3890 3051 3945 in
3082 3886 3181 3948 die
3213 3891 3399 3961 indicii
3429 3885 3616 3944 habebit
3650 3880 3767 3937 etiam

2287 3999 2351 4039 ex
2382 3983 2506 4039 istis
2537 3981 2741 4055 legibus
2767 3981 2982 4038 laudem
3005 3983 3156 4054 apud
3183 3986 3347 4041 Deum
3376 3982 3420 4039 is
3445 3980 3526 4052 qui
3552 3972 3769 4033 nihilcau-

2288 4084 2371 4132 tra
2403 4085 2639 4132 statutas
2661 4074 2998 4133 commiserit
3028 4075 3202 4147 leges,
3232 4092 3350 4132 cum
3379 4076 3564 4131 dicetur
3583 4069 3624 4125 ei
3648 4081 3670 4120 ι
3692 4067 3766 4120 Do-

2288 4170 2474 4225 mino:
2508 4169 2677 4242 Euge,
2714 4186 2857 4226 serve
2882 4170 3012 4224 bone
3046 4179 3096 4225 et
3124 4171 3338 4239 ﬁdelis,
3371 4182 3514 4237 super
3543 4174 3676 4233 parte
3691 4154 3765 4225 (Ii-

2284 4263 2353 4316 sti
2390 4261 2585 4331 ﬁdelis,
2623 4279 2782 4333 super
2827 4264 2996 4316 multa
3028 4268 3079 4317 te
3107 4263 3420 4317 constituant
3439 4260 3499 4313 ”.
3542 4250 3761 4310 Sciendum

2287 4362 2470 4410 tamen
2503 4363 2587 4410 est
2615 4353 2759 4426 quod
2784 4354 2937 4425 justo
2965 4354 3051 4409 les:
3080 4366 3189 4409 non
3218 4366 3292 4410 est
3319 4352 3498 4423 posite,
3519 4347 3593 4405 sed
3610 4338 3760 4411 isi-lli!

2327 4470 2376 4502 “
2401 4471 2522 4524 Act.
2559 4485 2614 4532 ν,
2649 4468 2744 4525 29.
2816 4466 2862 4501 "*
2886 4466 3044 4524 Rom.
3067 4483 3189 4535 sm,
3211 4467 3266 4524 3.
3340 4468 3384 4500 "
3405 4464 3523 4522 ibid.
3546 4456 3576 4516 5
3597 4465 3638 4513 et
3675 4439 3760 4518 εαξὶ

2365 4632 2443 4704 (1)
2477 4630 2974 4704 Editi,memorat~i.
3034 4700 3082 4704 η
3475 4696 3485 4704 _
3537 4692 3547 4704 .
3656 4680 3755 4704 ML,

2363 4680 2441 4774 (ἧς
2672 4680 3168 4774 quoniam-quidem
3205 4711 3391 4774 cetera
3415 4692 3604 4774 crimine
3626 4680 3755 4774 sutili

2290 4764 2494 4842 legibus
2512 4764 2853 4842 judicdntur,
2881 4780 2929 4824 et
2956 4764 3279 4841 super/luam
3310 4770 3554 4842 uidebatur
3581 4775 3630 4813 θα
3658 4764 3755 4842 ιῇξξ

2290 4822 3096 4914 ἆίῖὲὶιᾶἰὲῥῖᾗὲόιῐέῴή,⁷ςέιῲ
3113 4822 3435 4914 Μάριε..
3470 4822 3753 4914 πημανέιεξι

2287 4898 2624 4983 ριεοιιιηιιῖνς
2650 4898 2745 4967 illa
2769 4910 2887 4968 sola
2906 4898 3226 4983 deiquibas"
3239 4908 3366 4964 nihil
3389 4908 3597 4983 litigii}!
3610 4898 3751 4983 ίιξέζξξ

2286 4959 3195 5053 2;;ti;f"r;i.-i,iaa'i‘..“.g;‘regis?
3220 4959 3364 5036 suis;
3390 4959 3523 5053 less
3557 4959 3752 5053 uestiit

2287 5028 2485 5125 (unum)
2514 5028 2790 5109 t'idgbatur
2811 5028 3107 5106 1«εοιιινοεηίἶῗε
3126 5053 3392 5107 decernere
3419 5042 3664 5117 (liabaaus.
3687 5028 3750 5081 ιε’

2284 5138 2470 5178 vernn.

2350 5124 2470 5192 mi).

2350 5193 2429 5264 (3)
2465 5192 2632 5256 Alias,
2660 5190 2889 5264 iudices.
3430 5255 3460 5264 _
3497 5251 3508 5264 ,
3558 5247 3592 5264 ,ᾼ
3633 5242 3657 5264 η

2355 5238 2432 5334 iii
2465 5238 2993 5332 ἰέὶιῖῐίζὲῗίἷεῖέὶεηι
3033 5266 3088 5317 in
3127 5277 3265 5321 eum.
3294 5269 3394 5334 etc.
3421 5238 3744 5334 _De§II"9_}_if'_€?'

2281 5316 2666 5387 editi’etrmss'.
2698 5316 3030 5401 miltiam-,3
3059 5316 3153 5386 liae
3174 5316 3307 5401 quod
3330 5327 3451 5401 dicit
3474 5323 3530 5401 {ll
3543 5316 3742 5401 Ρθῖθξξξίξζ

2284 5375 3618 5475 3:62“séa'"$§.‘ii;}i;;g’;.;;ianimi...
3644 5388 3685 5432 ιιι
3704 5375 3741 5427 in
3854 5378 3865 5449 l

674 5470 786 5540 (98)
816 5469 982 5533 Editi,
1015 5470 1277 5523 credimus
1316 5470 1545 5522 Christo.
1591 5466 1793 5540 Deinde
1838 5469 1998 5540 iidem
2038 5472 2168 5527 editi
2276 5484 2465 5529 nostro
2494 5481 2667 5527 textu.

602 5536 829 5622 etinss.
878 5540 1100 5623 quidam
1125 5579 1142 5605 ,
1178 5541 1281 5623 qui.
1303 5551 1425 5593 sunt
1458 5536 1772 5602 Antiochiae,
1813 5550 1862 5593 et
1909 5539 2100 5612 Syrica,
2130 5552 2177 5596 et

604 5607 829 5664 ClllCla’.
864 5609 970 5662 Sed
1006 5622 1109 5664 ms.
1151 5607 1352 5666 Remus
1381 5622 1531 5663 unm.
1579 5608 1717 5663 1659
1744 5619 1798 5662 et
1836 5609 2089 5666 Rabauus
2123 5624 2175 5666 ut

607 5624 829 5664 uacua.
864 5624 970 5662 Seu
1006 5624 1109 5664 ms.
1151 5624 1352 5679 uegtus
1381 5624 1531 5663 unm.
1579 5624 1717 5663 1009
1744 5624 1798 5662 et
1836 5624 2089 5667 Itabauus
2123 5624 2175 5666 ut

607 5681 662 5734 iu
691 5691 878 5733 nostro
915 5687 1086 5743 textu,
1128 5683 1229 5734 nisi
1264 5681 1406 5748 quod
1441 5678 1698 5734 [tabanus
1734 5680 1932 5736 habeat
1958 5698 2051 5752 per
2082 5696 2183 5753 pro

604 5753 790 5887 αρῗίὲίιὶ)
849 5816 1017 5885 Editi,
1046 5826 1241 5873 autem.
1276 5817 1381 5872 Sed
1409 5832 1597 5873 omnes
1628 5832 1760 5875 mss.
1804 5830 1861 5877 ει
1900 5820 2183 5890 Rabanus,

600 5907 744 5962 ergo.

2350 5524 2777 5615 ibifsvicoinues
2804 5560 2938 5602 mss.
2962 5542 3129 5602 posui
3156 5550 3209 5598 et
3229 5536 3374 5596 editi.
3394 5530 3613 5590 Rabanus
3630 5524 3739 5569 vero.
3846 5572 3855 5589 Ι

2283 5613 2443 5667 etiam
2472 5615 2664 5678 sciens,
2694 5624 2802 5669 etc.
3311 5676 3347 5681 _
3483 5668 3495 5681 .

2356 5655 2664 5771 2.31.1233?
2685 5655 2930 5771 ista."
2959 5655 3739 5771 sumussumus:

2286 5738 2380 5806 bra
2390 5738 2489 5808 Fdi.
2516 5738 2708 5808 deteri
2735 5738 2868 5812 editi
2882 5738 3085 5811 habent
3112 5751 3265 5808 enim.
3282 5745 3381 5802 Sed
3400 5748 3563 5799 omnes
3583 5738 3683 5787 ιιιῦ·

2289 5820 2567 5891 Babanus,
2601 5841 2741 5895 ergo.
