4048 6202
384 403 522 460 1229

1335 406 1690 463 COMMENT.
1735 408 1799 463 IN
1837 409 2053 466 EI’IST.
2097 411 2186 465 AI)
2223 411 2390 468 ROM.
2439 413 2564 469 LIB.
2610 413 2700 468 IX.

3470 413 3472 415 i
3497 419 3630 474 1250

377 529 424 573 et
456 537 559 574 non
601 521 849 587 subditis,
882 523 1145 588 scelestis,
1197 524 1508 592 homicidis,
1560 531 1952 596 contaminatis,
1981 538 2028 594 Α
2056 534 2248 587 mundo
2281 533 2346 598 ",
2390 533 2464 588 ait
2507 534 2669 588 etiam
2728 533 2868 588 hoc:
2904 533 3012 588 Nos
3041 543 3211 588 autem
3253 551 3354 590 non
3385 537 3628 606 spiritum

374 609 624 680 perjuris,
666 621 712 665 et
738 615 938 666 caeteris
964 616 1054 683 qui
1081 615 1390 684 hnjusntodi
1422 630 1544 671 sunt
1581 619 1647 672 ³ο.
1674 619 1776 690 Ipsi
1803 621 1949 675 enim

375 712 500 756 sunt
532 703 622 770 qui
661 703 850 760 timent
877 705 1073 777 legem.
1095 707 1196 773 Qui
1234 716 1408 762 autem
1439 709 1567 765 facit
1598 711 1820 778 bonum,
1851 711 1952 769 hoc

373 802 458 847 est
512 794 602 863 qui
636 810 741 850 non
779 805 922 851 metu
955 796 1105 866 legis,
1147 795 1239 854 sed
1275 815 1462 854 amore
1489 801 1616 855 honi
1651 801 1775 857 facit
1805 805 1949 871 quod

373 885 574 938 bonum
601 895 704 951 est,
743 887 842 942 iste
877 885 988 956 jam
1038 903 1143 944 non
1172 891 1272 945 sub
1309 889 1426 960 lege
1470 887 1688 955 litterae,
1723 891 1816 946 sed
1849 893 1948 946 sub

371 973 493 1044 lege
533 975 758 1046 Spiritus
783 978 938 1036 vivit.
961 1009 968 1017 -

441 1067 529 1123 29.
560 1067 690 1124 Ideo
714 1085 920 1126 necesse
948 1079 1023 1125 est
1055 1071 1296 1127 subditos
1326 1090 1458 1137 esse,
1490 1092 1591 1129 non
1631 1076 1797 1129 solum
1824 1092 1947 1145 pro-

365 1169 486 1228 pter
517 1162 674 1226 iram,
692 1150 782 1216 sed
808 1172 855 1216 et
881 1171 1094 1232 propter
1121 1167 1496 1220 conscientiam
1525 1167 1622 1239 (7).
1652 1167 1782 1222 Ideo
1807 1170 1946 1222 enim

367 1263 415 1307 et
462 1251 661 1306 tributa
695 1254 940 1321 penditis.
975 1254 1218 1310 Ministri
1263 1259 1400 1312 enim
1438 1257 1535 1313 Dei
1569 1270 1720 1324 sunt,
1764 1261 1819 1312 in
1851 1259 1946 1314 hoc

366 1346 535 1407 ipsum
566 1347 819 1410 instantes
842 1347 908 1402 ³¹.
936 1345 1166 1403 Ordinat
1199 1349 1416 1417 quidem
1466 1367 1562 1420 per
1601 1354 1718 1407 haec
1748 1351 1946 1406 Paulus

369 1435 668 1494 Ecclesium
717 1440 834 1506 Dei,
869 1447 928 1496 ut
971 1443 1107 1498 nihil
1139 1443 1352 1499 adversi
1389 1444 1725 1514 principibus
1765 1454 1818 1497 et
1849 1460 1945 1511 po-

367 1530 653 1586 testatibus
683 1533 864 1588 saculi
896 1551 1110 1604 gerens,
1150 1551 1245 1606 per
1277 1536 1514 1605 quietem
1544 1546 1599 1590 et
1633 1536 1940 1604 tranquilli-

367 1631 531 1677 tatem
591 1624 732 1690 vitae,
786 1641 924 1695 opus
957 1625 1184 1696 justitiie
1223 1640 1278 1684 et
1318 1627 1534 1697 pietatis
1577 1637 1848 1683 exerceat.
1883 1627 1940 1682 Si

364 1715 508 1769 enim
547 1731 833 1784 ponamus,
874 1719 1026 1774 verbi
1050 1721 1246 1790 gratia,
1282 1721 1569 1776 credentes
1594 1718 1814 1774 Christo
1845 1735 1939 1788 po-

351 1806 649 1865 .testatibus
697 1809 877 1864 saeculi
937 1825 1041 1865 non
1071 1825 1197 1866 esse
1247 1810 1542 1878 subjectos,
1581 1811 1782 1864 tributa
1831 1827 1937 1864 non

2053 625 2210 694 hujus
2233 625 2414 679 mundi
2433 625 2748 694 accepimus,
2765 626 2854 678 sed
2875 626 3120 694 spiritum
3139 625 3229 694 qui
3248 643 3312 680 ea:
3336 626 3442 681 Deo
3463 639 3538 683 est
3560 629 3626 682 ⁸³.

2055 717 2156 784 Qui
2184 727 2364 772 autem
2392 717 2571 772 adhuc
2604 717 2671 773 de
2693 718 2895 771 mundo
2925 727 3029 783 est,
3058 727 3112 772 et
3142 731 3260 786 qua:
3285 719 3466 774 mundi
3500 732 3628 775 sunt

2053 809 2216 879 sapit,
2242 819 2296 862 et
2324 822 2441 877 quae
2471 808 2651 862 carnis
2675 818 2802 862 sunt
2828 807 3044 877 quaerit,
3089 810 3396 865 necessario
3441 812 3628 882 subje-

2052 910 2173 952 ctus
2204 909 2290 953 εει
2332 898 2597 953 ministris
2629 901 2848 967 mundi;
2885 900 3159 970 subjectus
3195 907 3374 956 autem
3409 912 3630 970 propter

2053 989 2208 1054 iram,
2241 997 2403 1058 quam
2429 987 2530 1043 sibi
2563 991 2958 1045 thesaurizavit
2976 1005 3041 1046 ex
3063 993 3324 1057 peccatis.
3347 991 3411 1046 Et
3427 993 3497 1048 ob
3525 994 3630 1049 hoc

2051 1079 2184 1132 mihi
2210 1077 2425 1135 videtur
2452 1079 2566 1151 (12)
2597 1081 2778 1136 dicere
2809 1102 2821 1138 :
2854 1081 2984 1136 Ideo
3010 1093 3218 1137 necesse
3249 1093 3324 1138 est
3365 1085 3628 1154 subjectos

2049 1183 2158 1224 esse
2181 1211 2194 1234 ,
2231 1187 2336 1224 non
2381 1169 2552 1224 solum
2595 1183 2811 1241 propter
2847 1174 3006 1237 iram,
3043 1175 3137 1228 sed
3173 1184 3221 1228 et
3254 1187 3468 1243 propter
3497 1191 3626 1230 con-

2047 1261 2320 1314 scientiam
2341 1260 2423 1326 ³⁶;
2456 1261 2716 1330 quoniam
2739 1264 2830 1330 qui
2854 1262 3127 1328 subditur,
3149 1263 3312 1318 habet
3343 1251 3456 1336 (l5)
3487 1267 3538 1322 in
3567 1281 3628 1322 se

2047 1352 2194 1421 quod
2247 1359 2536 1406 accusetur
2573 1367 2603 1406 a
2648 1354 3008 1408 conscientia.
3041 1353 3138 1410 llis
3166 1370 3293 1427 ergo
3333 1357 3496 1410 etiam
3525 1357 3627 1410 tri-

2051 1445 2178 1498 buta
2208 1443 2454 1513 quiedam
2487 1442 2795 1513 pendimus,
2823 1443 2948 1498 dum
2978 1447 3155 1501 adhuc
3177 1449 3473 1503 secundum
3505 1459 3626 1502 car-

2049 1551 2171 1590 nem
2213 1535 2467 1600 vivimus,
2498 1543 2555 1589 et
2591 1551 2711 1605 quae
2765 1535 2948 1590 carnis
2980 1544 3103 1590 sunt
3130 1537 3452 1607 cogitamus.
3487 1535 3621 1593 Nam

2045 1629 2090 1681 si
2117 1627 2326 1683 vineam
2355 1630 2572 1686 Domini
2597 1631 2860 1694 colamus,
2884 1640 2936 1683 et
2967 1629 3132 1683 vitem
3160 1643 3365 1698 veram,
3391 1645 3512 1698 quae
3539 1641 3626 1684 est

2043 1717 2290 1776 Christus
2310 1721 2439 1794 (l4),
2464 1735 2818 1777 exerceamus
2841 1722 2894 1774 in
2920 1719 3094 1785 nobis,
3115 1721 3180 1776 de
3204 1721 3310 1776 ista
3330 1721 3486 1776 vinea
3515 1735 3623 1776 non

2044 1810 2310 1864 ministris
2339 1812 2518 1865 saeculi
2553 1811 2854 1880 pendemus
2883 1809 3106 1874 tributa,
3131 1811 3227 1866 sed
3261 1811 3363 1880 ipsi
3390 1811 3622 1865 Domino

357 1893 616 1968 reddere,
654 1914 755 1954 nec
806 1901 1090 1970 vectigalia
1134 1871 1429 1972 pensitare,
1485 1871 1611 1954 nulli
1657 1903 1930 1965 timorem,
1970 1871 2012 1927 Β
2041 1897 2247 1954 fructus
2270 1901 2323 1954 in
2346 1871 2593 1972 tempore
2631 1901 2958 1956 reddemus:
2999 1903 3297 1955 secundum
3329 1902 3473 1972 quod
3506 1903 3623 1972 ipse

357 1988 492 2044 nulli
535 1990 796 2046 honorem
851 1991 1098 2057 deferre,
1143 2007 1321 2048 nonne
1364 2008 1460 2062 per
1497 1993 1611 2046 haec
1659 2001 1932 2046 rectorum

358 2091 414 2136 et
440 2081 741 2153 principum
775 2083 972 2140 merito
1000 2084 1053 2140 in
1086 2083 1410 2155 semetipsos
1456 2098 1607 2139 arma
1644 2095 1935 2140 converte-

358 2183 502 2239 rent,
527 2184 582 2230 et
611 2187 986 2245 persecutores
1030 2177 1249 2248 quidem
1296 2191 1424 2232 suos
1453 2163 1816 2241 excusabiles,
1848 2189 1936 2231 se-

357 2267 616 2337 metipsos
630 2283 759 2323 vero
780 2269 1079 2340 culpabiles
1102 2269 1345 2325 facerent
1369 2267 1483 2338 (8)?
1513 2267 1630 2326 Non
1657 2271 1798 2323 enim
1818 2270 1931 2336 jam

345 2357 504 2424 ,lidei,
530 2359 623 2414 sed
647 2359 1004 2415 contumacia:
1035 2375 1203 2415 causa
1236 2359 1539 2429 impugnari
1576 2359 1928 2414 viderentur:

360 2457 413 2502 et
440 2458 583 2504 esset
629 2452 708 2507 eis
749 2466 916 2507 causa
971 2452 1190 2521 quidem
1242 2447 1432 2508 mortis
1461 2453 1642 2522 digna,
1678 2453 1931 2507 meritum

356 2554 489 2596 vero
520 2539 596 2613 (9)
627 2542 818 2597 mortis
849 2543 1149 2614 indignum.

423 2631 513 2686 30.
547 2631 672 2688 Haec
715 2647 848 2704 ergo
883 2631 1084 2688 Paulus
1124 2647 1222 2703 per
1262 2634 1582 2690 immensam
1613 2633 1930 2703 sapientiam

341 2723 638 2794 providens
668 2721 800 2779 dicit
836 2744 847 2778 :
885 2722 1108 2779 Reddite
1141 2726 1379 2780 omnibus
1423 2727 1654 2780 debitum
1674 2741 1694 2779 :
1724 2725 1810 2778 cui
1836 2726 1932 2778 tri-

355 2817 572 2880 butum,
608 2815 900 2878 tributum;
943 2815 1026 2868 cui
1066 2815 1326 2886 uectigal,
1365 2817 1620 2886 vectigal;
1657 2815 1742 2869 cui
1780 2817 1934 2869 timo-

354 2921 485 2972 rem,
525 2905 796 2970 timorem;
821 2905 906 2958 cui
927 2905 1197 2971 honorem,
1228 2906 1502 2963 honorem.
1534 2905 1748 2961 Nemini
1774 2907 1932 2977 quid-

351 3012 510 3066 quam
542 2998 791 3057 debeatis,
819 2995 923 3050 nisi
963 3008 1018 3050 ut
1066 2996 1283 3052 invicem
1311 2998 1554 3069 diligatis
1579 3000 1643 3053 ³¹.
1678 2999 1816 3054 Ρυιο
1848 3009 1930 3054 la-

351 3103 474 3143 men
495 3090 637 3159 quod
666 3089 830 3144 etiam
861 3088 977 3142 haec
1001 3085 1202 3144 Paulus
1230 3103 1335 3144 non
1363 3091 1568 3162 absque
1601 3091 1777 3147 solitis
1809 3108 1928 3147 ser-

2039 1985 2289 2043 Salvator
2316 1990 2366 2043 in
2382 1989 2688 2060 Evangeliis
2710 1989 2753 2024 ³⁷
2769 1991 2921 2056 dicit,
2941 1991 3065 2058 quia
3087 1990 3286 2045 colonis
3301 1991 3453 2047 malis
3473 1994 3619 2048 tollet

2033 2077 2197 2150 657
2230 2081 2453 2148 vineam,
2481 2093 2528 2136 et
2559 2083 2705 2136 dabit
2729 2099 2844 2137 eam
2868 2084 2992 2138 aliis
3020 2082 3220 2138 colonis
3253 2085 3345 2154 qui
3390 2083 3615 2141 reddant

2034 2172 2082 2223 ei
2110 2170 2313 2239 [ructus
2343 2173 2396 2224 in
2425 2180 2675 2242 tempore.
2718 2173 2825 2229 Sed
2858 2179 2912 2229 et
2957 2173 3061 2229 hoc
3109 2175 3284 2242 ipsum
3338 2177 3500 2247 quod.
3533 2177 3618 2232 dl-

2037 2263 2150 2319 cit:
2192 2262 2411 2318 Reddite
2460 2265 2704 2320 omnibus
2735 2267 2948 2334 debita;
3000 2270 3090 2323 cui
3127 2269 3378 2322 tributum
3404 2309 3418 2334 ,
3448 2272 3618 2325 tribu-

2037 2360 2182 2418 tum;
2207 2354 2292 2407 cui
2323 2354 2574 2424 vectigal,
2609 2356 2826 2426 vectigal
2857 2369 2875 2409 :
2904 2358 2972 2413 ab
3001 2371 3067 2414 eo
3107 2359 3260 2427 quod
3291 2358 3346 2412 in
3379 2373 3616 2426 sequen-

2039 2445 2185 2500 tibus
2215 2445 2470 2504 additur:
2503 2447 2602 2504 Cui
2633 2449 2895 2516 timorent,
2925 2451 3204 2518 timorem;
3229 2453 3314 2506 cui
3341 2455 3612 2519 honorem,

2035 2535 2314 2603 honorem,
2346 2539 2576 2594 divisum
2607 2539 2715 2611 (15)
2750 2541 2881 2596 mihi
2904 2543 3122 2598 videtur
3148 2561 3161 2598 :
3195 2553 3252 2599 et
3281 2547 3344 2598 ad
3369 2561 3462 2600 eos
3490 2545 3614 2616 qui-

2035 2625 2156 2682 dem
2189 2644 2326 2699 quos
2353 2644 2513 2700 supra
2567 2629 2801 2688 diximus
2851 2633 3128 2691 ministros
3149 2677 3164 2700 ,
3193 2635 3468 2705 pertinere
3512 2638 3613 2693 trl-

1987 2777 1992 2785 ,
2036 2721 2163 2776 buta
2199 2731 2255 2776 et
2287 2722 2596 2793 vectigalia.
2657 2723 2891 2796 Exigunt
2923 2729 3068 2780 enim
3101 2729 3167 2783 de
3199 2729 3355 2784 nobis
3404 2731 3609 2785 tributa

2035 2819 2193 2868 terra:
2219 2821 2442 2880 nostrae,
2477 2823 2528 2868 et
2561 2815 2841 2885 vectigalia
2869 2818 3258 2888 negotiationis
3285 2829 3506 2876 nostrae.
3541 2821 3609 2879 Et

2032 2901 2160 2973 quid
2191 2904 2348 2970 dico,
2391 2905 2458 2959 de
2495 2906 2694 2960 nobis?
2723 2905 2956 2963 Exactus'
3007 2918 3092 2964 est
3134 2909 3394 2964 tributum
3440 2913 3603 2967 etiam

2032 2994 2290 3051 Dominus
2317 3005 2501 3051 noster
2519 2995 2675 3053 Jesus
2697 2999 2945 3054 Christus
2969 3014 3018 3054 in
3041 3013 3208 3057 carne
3225 3004 3434 3073 positus
3459 3003 3602 3074 (l6):

2032 3086 2173 3152 quod
2203 3086 2410 3141 idcirco
2440 3101 2500 3142 se
2533 3087 2666 3141 dicit
2692 3088 3005 3153 exsolvere,
3057 3105 3161 3145 non
3207 3093 3350 3162 quod
3394 3093 3608 3149 debitor

350 3195 568 3234 monum
616 3195 838 3235 suorum
870 3175 1114 3248 proferat
1146 3184 1525 3238 sacramentis.
1561 3183 1770 3238 Etenim
1809 3199 1925 3239 om-
1953 3206 1996 3268 ο
2031 3175 2122 3239 Sil.
2159 3175 2250 3229 sed
2281 3191 2348 3230 ne
2381 3175 2716 3232 scandalizet
2755 3191 2848 3232 €05
2873 3178 2937 3232 ³⁸·
2977 3179 3132 3246 Ουοά
3163 3180 3206 3236 Si
3232 3181 3319 3237 ille
3347 3184 3436 3252 (ΙυῙ
3467 3183 3606 3238 nihil
3634 3231 3642 3240 -

348 3285 471 3326 nem
527 3281 858 3335 creaturam,
890 3285 1191 3340 omnesque
1225 3274 1450 3343 spiritus
1490 3274 1604 3330 sive
1658 3273 1828 3330 honos
1871 3282 1926 3328 et

349 3370 549 3425 rectos,
575 3360 690 3415 sive
715 3361 878 3414 etiam
909 3361 1059 3430 pravi
1091 3362 1327 3431 malique
1359 3365 1620 3434 propositi
1651 3363 1784 3437 (IO),
1815 3367 1924 3421 Deo

347 3451 658 3505 ministrare
681 3447 1452 3523 etexhibereunumquemque
1481 3456 1544 3508 ad
1569 3455 1709 3524 quod
1739 3467 1919 3526 aptum

344 3555 406 3596 se
442 3543 734 3611 prasbuerit
773 3542 1130 3598 ministerium
1175 3542 1230 3598 in
1264 3546 1636 3614 superioribus
1669 3547 1780 3615 jam
1825 3547 1923 3602 do~

343 3632 573 3688 cuimus.
603 3632 680 3690 De
702 3635 958 3692 omnibus
987 3637 1134 3692 enim
1165 3636 1323 3692 simul
1365 3638 1737 3706 pronuntiavit
1785 3640 1922 3708 Apo-

343 3722 516 3777 stolus
559 3725 646 3779 ubi
698 3724 876 3778 dixit:
919 3722 1112 3780 Nonne
1155 3742 1332 3780 omnes
1376 3738 1498 3780 sunt
1544 3727 1916 3782 ministeriales

340 3815 580 3881 spiritus,
602 3815 656 3869 in
682 3815 1035 3872 ministerium
1063 3818 1212 3872 missi
1235 3827 1446 3886 propter
1469 3834 1555 3872 eos
1579 3819 1671 3888 qui
1693 3819 1918 3873 haeredi-

339 3913 500 3959 tatem
553 3905 765 3976 capiunt
821 3907 1010 3963 salutis
1055 3911 1140 3965 "‘l
1190 3909 1500 3964 Ministrant
1549 3925 1680 3980 ergo
1729 3927 1918 3968 onmes

333 3997 564 4072 .spiritus
595 3999 872 4054 hominum
901 4002 1054 4068 vitae;
1097 4001 1472 4072 unusquisque
1521 4010 1721 4066 tamen,
1754 4013 1809 4056 ut
1835 4004 1917 4058 di-

337 4088 534 4153 ximus,
565 4106 664 4161 pro
691 4093 948 4160 dignitate
977 4101 1033 4148 et
1061 4092 1252 4148 merito
1286 4092 1368 4147 sui
1396 4108 1410 4146 :
1443 4107 1566 4145 nam
1605 4091 1712 4162 (ll)
1757 4103 1809 4146 et
1839 4091 1913 4147 illi

337 4180 568 4234 ministri
601 4181 858 4236 dicuntur
903 4199 1134 4253 quorum
1168 4183 1474 4238 ministerio
1503 4198 1622 4250 qua:
1652 4184 1716 4236 ad
1755 4200 1910 4238 mun-

334 4267 460 4322 dum
489 4269 759 4338 pertinent
795 4283 1142 4343 peraguntur.
1195 4271 1348 4328 Unde
1379 4282 1434 4327 et
1469 4273 1780 4342 Apostolus,
1817 4275 1907 4344 qui

331 4357 542 4414 dixerat
565 4361 630 4415 de
651 4377 730 4426 se,
760 4363 888 4432 quia
913 4363 1040 4417 mihi
1061 4365 1288 4418 mundus
1314 4363 1602 4432 cruciﬁxus
1625 4376 1722 4429 est,
1745 4377 1792 4417 et
1813 4381 1906 4434 ego

399 4451 445 4523 '_'
475 4450 650 4508 ITim.
678 4470 715 4519 ι,
737 4455 789 4511 9.
868 4456 908 4489 ³¹
935 4456 1092 4511 Rom.
1123 4474 1239 4518 xui,
1276 4457 1328 4523 5,
1359 4457 1413 4512 6.

329 4518 374 4595 ΫΫ
400 4520 563 4595 Βρεμι
596 4518 716 4588 XIII.
747 4525 800 4583 5.
913 4527 955 4559 ⁸⁷
978 4527 1170 4583 Matth.
1205 4518 1325 4595 xxI,
1353 4528 1444 4583 41.

323 4589 441 4623 “'“
469 4593 694 4648 Malach.
722 4611 762 4663 ι,
796 4596 850 4651 6.

396 4685 474 4755 (7)
497 4688 586 4742 Sic
609 4703 801 4746 omnes
833 4706 962 4745 mss.
987 4692 1181 4746 nostri.
1206 4692 1347 4746 Editi
1376 4707 1502 4747 vero
1537 4705 1589 4748 et
1619 4695 1896 4761 “abantis,
1935 4703 1976 4755 ι)

323 4754 553 4838 Ideoque
574 4761 886 4840 necessitate
910 4761 1110 4816 subditi
1137 4772 1366 4816 estote...
1397 4766 1487 4816 sed
1509 4765 1666 4817 etiam
1687 4754 1900 4835 prapter

322 4838 714 4895 conserentiam,
746 4840 853 4888 etc.

389 4897 468 4970 (ii)
498 4897 669 4970 Editi,
694 4901 992 4970 redderent,
1023 4901 1186 4956 male.

390 4965 468 5037 (9)
496 4967 661 5032 Editi,
681 4981 727 5024 et
745 4989 866 5044 esse
893 4965 1158 5044 eis'causa
1189 4972 1625 5044 quidemsmortis,
1654 4976 1894 5029 meritum

319 5053 458 5113 rem,
482 5049 611 5099 etc.,
649 5042 848 5098 omissa
883 5057 1012 5098 voce
1041 5042 1224 5113 digna,
1249 5059 1410 5112 quant
1441 5045 1700 5099 omittunt
1729 5047 1894 5100 etiam

317 5108 560 5176 plerique
585 5125 714 5164 mss.

387 5177 511 5254 (l_U)_
534 5179 625 5233 Sic
660 5196 798 5254 tnss.
833 5182 974 5238 Editi
1021 5199 1170 5254 vero,
1206 5200 1481 5252 omnesque
1527 5183 1747 5254 spiritus
1783 5184 1890 5238 sive

315 5251 584 5326 fuitsive.
602 5251 759 5326 etiam
787 5254 935 5326 prapi
960 5253 1191 5326 malique
1223 5251 1499 5326 prapositi.

385 5319 498 5391 (ll)
533 5317 673 5374 Nam
705 5317 853 5377 deest
884 5323 937 5376 in
969 5317 1128 5378 editis
1162 5317 1296 5378 et'in
1315 5317 1584 5391 plerisque
1616 5339 1774 5388 mss.,
1795 5324 1890 5378 sed

314 5388 624 5463 restituitur
659 5408 726 5444 ex
765 5409 867 5448 ms.
909 5392 1078 5463 Regio
1119 5411 1268 5446 num.
1313 5388 1470 5448 1659.
1498 5388 1711 5450 Deinde
1733 5395 1888 5460 editi,

311 5461 840 5534 quorttm_m_inisteria
854 5461 1080 5532 quentad
1087 5467 1296 5517 modum
1310 5465 1527 5531 pertinet
1543 5476 1889 5534 peraguntur.

383 5528 493 5598 (ίῖ)
531 5529 696 5594 Εσίὶιὶ,
741 5542 790 5584 et
829 5528 924 5585 hoc
966 5535 1093 5586 mihi
1141 5528 1368 5595 videtur,
1399 5528 1773 5596 etc.,hmisso
1803 5537 1889 5590 ob.

315 5597 519 5672 Deinde
559 5599 721 5654 iidem
766 5603 932 5666 editi,
975 5604 1092 5658 ideo
1125 5607 1430 5659 necessitate
1458 5603 1675 5672 snbjeci
1705 5616 1887 5670 es:ote,

311 5680 420 5721 etc.
456 5669 560 5722 Sed
596 5685 786 5725 omnes
817 5689 948 5727 mss.
980 5683 1040 5726 ut
1071 5677 1124 5728 in
1163 5686 1351 5729 nostro
1387 5669 1558 5726 textu.

382 5738 496 5808 (15')
531 5740 790 5812 Sicirecte
819 5757 919 5796 ms.
943 5742 1144 5812 Regius
1172 5760 1319 5798 num.
1359 5744 1516 5798 1659.
1544 5743 1736 5797 (Sceleri
1765 5758 1890 5797 vero

312 5824 444 5931 Lnss.
471 5821 527 5931 (il
555 5811 708 5880 editi,
739 5811 1071 5888 conscientia:
1110 5830 1311 5885 quoque
1342 5817 1604 5878 subditur,
1639 5831 1755 5867 cum
1793 5814 1889 5866 ha-

345 5889 415 5931 et.
454 5895 482 5931 e
512 5896 563 5931 c.

345 5889 415 5944 et,
454 5886 563 5934 etc.

1513 4457 1558 4490 ³³
1584 4459 1738 4514 Rom.
1782 4461 1970 4524 xttt,7,
2000 4461 2053 4514 8.

1553 4528 1597 4560 ³⁸
1637 4528 1828 4584 Matth.
1862 4545 1994 4594 xm,
2021 4529 2115 4596 ‘23,
2137 4529 2228 4584 26.

2032 3267 2266 3321 habebat
2301 3268 2355 3322 in
2384 3282 2443 3323 se
2469 3268 2700 3325 Caesaris
2731 3267 2840 3341 (l7)
2861 3309 2876 3335 ,
2905 3279 2958 3326 et
2994 3271 3046 3326 in
3078 3286 3186 3342 quo
3216 3274 3468 3344 princeps
3499 3275 3602 3328 lm-

2025 3353 2114 3424 jus
2141 3356 2327 3411 mundi
2361 3360 2590 3414 veniens
2612 3375 2716 3413 non
2751 3360 2958 3416 invenit
2980 3363 3274 3434 quidquam
3300 3364 3366 3418 de
3394 3364 3508 3420 suis
3534 3363 3600 3430 ³⁸,

2027 3463 2150 3502 cum
2188 3449 2328 3503 liber
2353 3458 2518 3517 esset,
2553 3450 2716 3504 solvit
2757 3461 2935 3507 tamen
2972 3454 3232 3508 tributum
3263 3455 3434 3526 (venit
3458 3456 3602 3511 enim

2029 3547 2081 3590 et
2128 3538 2179 3590 in
2246 3545 2475 3592 mortem
2543 3545 2601 3590 ut
2657 3548 2800 3594 esset
2829 3550 2884 3594 et
2909 3541 3050 3594 inter
3095 3553 3328 3599 mortuos
3371 3545 3503 3599 liber
3529 3541 3614 3616 δὴ

2027 3637 2232 3696 quanto
2282 3629 2452 3698 magis
2500 3641 2600 3683 nos
2650 3643 2872 3686 necesse
2910 3637 2994 3686 est
3041 3631 3142 3686 ista
3173 3633 3374 3687 trihula
3415 3636 3599 3691 carnis

2025 3717 2368 3787 expendere,
2400 3724 2453 3772 et
2489 3719 2870 3788 negotiationis
2917 3730 3150 3789 nostrae,
3189 3724 3232 3777 si
3285 3733 3461 3780 tamen
3503 3740 3597 3781 ne-

2025 3813 2299 3882 gotiantur
2333 3814 2661 3884 margaritas
2693 3815 2844 3884 regni
2882 3815 3176 3879 caelorum,
3211 3831 3308 3886 per
3347 3818 3593 3872 diversas

2023 3905 2346 3961 tcntationes
2367 3904 2708 3976 exigentibus
2737 3921 2834 3962 nos
2861 3905 2972 3978 (l8)
2999 3905 3280 3976 spiritibus
3308 3908 3590 3979 seetigalia

2022 3997 2335 4068 pensitare?
2365 3997 2638 4052 Timorem
2672 4012 2805 4052 vero
2845 4010 2895 4052 et
2930 3999 3187 4054 honorem
3220 3999 3286 4053 ad
3324 3999 3471 4054 illum
3504 4014 3594 4072 p0-

2021 4091 2128 4144 tius
2177 4087 2383 4143 referre
2443 4087 2702 4144 debemus
2757 4089 2848 4159 qui
2898 4087 3029 4144 dicit
3081 4104 3177 4159 per
3223 4091 3587 4160 prophetam:

2021 4180 2212 4236 Nonne
2250 4191 2298 4237 et
2329 4181 2646 4248 Dominum,
2682 4191 2730 4236 et
2760 4179 2974 4237 Patrem
3015 4182 3207 4237 vocatis
3255 4184 3375 4239 me?
3421 4181 3492 4237 Et
3540 4187 3591 4240 si

2018 4270 2276 4326 Dominus
2302 4288 2417 4326 sum
2447 4287 2560 4340 ego,
2587 4271 2674 4324 ubi
2699 4281 2773 4326 est
2794 4272 2951 4325 timor
2967 4287 3108 4326 meus
3127 4272 3210 4326 ἵει
3232 4273 3278 4326 si
3296 4269 3455 4325 Pater
3469 4288 3586 4326 sum

2014 4379 2128 4433 ego,
2160 4363 2246 4415 ubi
2283 4348 2366 4416 est
2407 4363 2575 4415 honor
2597 4378 2738 4416 meus
2779 4362 2890 4433 (l9)
2935 4362 3051 4394 “-"
3074 4364 3096 4416 ’ἓ
3120 4363 3427 4416 POSIeriora
3452 4377 3584 4418 sane

2133 4455 2535 4519 ³³11ε1π.ι,14.
2605 4456 2650 4488 “
2677 4456 2852 4511 Galat.
2884 4473 2954 4524 vt,
2989 4455 3074 4510 Η.
3156 4453 3241 4510 ³⁸1
3267 4455 3470 4522 Contr,
3493 4457 3582 4515 l2.

2341 4528 2385 4558 "
2416 4525 2572 4581 Joan.
2607 4541 2717 4591 XIV,
2759 4526 2849 4582 30.
2959 4526 3006 4558 ⁸⁸
3033 4525 3180 4580 Psal.
3223 4537 3482 4594 Lxxxvtl,
3525 4527 3580 4586 6.

2077 4693 2189 4762 (Μ)
2227 4693 2388 4760 Editi,
2417 4693 2506 4759 qui
2537 4703 2611 4744 est
2647 4691 2905 4745 Christus.

2077 4761 2188 4834 (15)
2218 4763 2375 4828 Editi,
2412 4765 2693 4834 diverszriir._
2724 4762 2829 4834 Sed
2854 4776 3042 4834 omnes
3071 4775 3216 4834 mss._
3233 4769 3288 4816 et
3326 4761 3580 4818 Ralianus

2006 4829 2140 4888 utin
2170 4829 2353 4886 nostro
2393 4841 2562 4884 textu.
2596 4831 2806 4900 Deinde
2852 4847 2954 4885 ms.
2987 4833 3094 4885 duo
3122 4871 3134 4894 ,
3168 4829 3402 4900 Exigunt
3439 4835 3577 4885 enim

2006 4921 2099 4957 nos
2127 4903 2361 4968 tributa,
2390 4909 2495 4956 etc.
2529 4899 2670 4955 Editi
2703 4903 2945 4970 plerique
2977 4912 3030 4954 et
3061 4917 3162 4955 ms.
3201 4899 3400 4969 Regius
3424 4917 3572 4970 num.

2006 4975 2165 5036 1639,
2192 4971 2426 5042 Exigunt
2481 4972 2618 5042 enim
2671 4969 2712 5024 a7
2754 4970 2900 5024 nobis
2939 4971 3253 5042 tllabanus,
3299 4971 3364 5024 de
3393 4969 3575 5036 nobis;

2003 5045 2172 5099 editio
2201 5039 2420 5106 Veneta,
2459 5039 2627 5109 nobis)
2664 5042 2885 5105 tributa,
2915 5039 3020 5096 etc.

2077 5113 2187 5185 (16)
2231 5111 2324 5185 Sic
2351 5127 2552 5185 omnes
2593 5126 2722 5185 mss.
2754 5110 3576 5185 nostri,_quibus_conscn_tire

1999 5180 2217 5238 videtur
2262 5181 2552 5243 Rabanus,
2599 5181 2724 5234 licet
2753 5181 2804 5234 in
2853 5184 2954 5236 hoc
2989 5180 3109 5235 loco
3151 5181 3401 5235 vitiosus.
3431 5180 3576 5236 Editi

1998 5268 2171 5307 vero:
2219 5252 2284 5306 Et
2323 5252 2448 5322 quid
2483 5251 2635 5316 dico,
2685 5251 2748 5322 de
2798 5253 2998 5322 nobis?
3036 5249 3272 5304 Exsoluit
3319 5252 3576 5304 tributum

2000 5325 2159 5376 etiam
2187 5317 2442 5378 Dominus
2465 5330 2640 5374 noster
2672 5317 2832 5374 Iesus
2864 5319 3105 5375 Christus
3144 5322 3198 5374 in
3235 5335 3396 5374 carne
3429 5321 3575 5391 posi-

1998 5403 2103 5447 tus.
2137 5405 2244 5447 CIC.

2073 5434 2306 5583 [ιῆῖᾗε.
2347 5462 2546 5583 ῐὶῖβίιιε
2577 5475 2725 5516 num.
2761 5459 2935 5524 1659,
2980 5458 3134 5526 Quod
3163 5461 3208 5514 si
3251 5461 3340 5517 ille
3371 5462 3428 5516 in
3468 5477 3574 5534 quo

2073 5532 2132 5583 ul
2171 5533 2375 5583 iubebat
2445 5547 2600 5583 wsar.
2626 5543 2731 5583 etc.

2001 5532 2132 5586 nihil
2155 5532 2375 5585 habebat
2400 5532 2600 5592 Ctesar,
2626 5543 2731 5587 etc.

2069 5601 2180 5672 (I8)
2211 5600 2310 5655 Ms.
2347 5602 2546 5669 Regius
2576 5617 2723 5656 num.
2755 5599 2914 5667 1639,
2945 5618 2977 5654 a
3012 5601 3182 5655 nobis.

2067 5671 2181 5743 (l9)
2214 5673 2304 5725 Sic
2334 5687 2459 5726 mss.
2487 5682 2541 5743 et
2570 5671 2856 5743 llabanus;
2884 5672 3190 5743 editivero,
3217 5672 3303 5743 ubi
3325 5681 3400 5725 est
3422 5687 3573 5724 amor

1988 5733 2138 5795 ine‘us
2161 5733 2174 5805 ξ
2201 5753 2245 5795 et
2269 5743 2475 5798 honor?
2506 5741 2706 5796 Deinde
2729 5733 2860 5796 mss.
2906 5733 3188 5810 plerique,
3228 5741 3496 5813 Ilabanug
3515 5749 3571 5793 et

1991 5813 2144 5880 editi,
2190 5823 2241 5865 ut
2287 5813 2476 5883 nemini
2514 5813 2801 5883 quidquam
2834 5809 3152 5877 debeamus;
3191 5816 3284 5866 sed
3311 5809 3422 5866 ins.
3464 5809 3569 5863 Re-

1993 5884 2112 5953 gius
2141 5899 2290 5943 uutu.
2313 5881 2458 5940 1059
2487 5881 2689 5940 rectius
2724 5893 2778 5938 ut
2800 5884 2852 5938 in
2879 5893 3064 5942 nostra
3097 5895 3265 5938 testu.
