4048 6202
392 275 553 349 (uss

1368 275 1725 334 COMMENT.
1765 276 1829 330 IN
1869 275 2089 333 EPIST.
2131 274 2220 330 AD
2261 272 2426 331 ROM.
2469 273 2598 330 LIB.
2640 273 2728 331 Μ.

3525 279 3660 335 1951

410 398 603 454 cuieus
627 394 883 450 mundum
908 395 961 451 in
989 409 1178 451 somno
1201 395 1417 451 desidia:
1437 397 1996 467 positum,annuntiat
2024 403 2069 458 Α
2099 394 2224 450 bilia
2274 394 2566 465 appellata
2592 402 2747 457 sunt,
2788 408 2917 461 quae
2948 409 3049 451 non
3099 403 3205 448 tam
3253 395 3664 453 rationabilibus

412 489 605 544 adesse
639 486 752 556 jam
789 485 963 543 lucem
987 527 1003 553 ,
1052 496 1106 543 et
1142 497 1352 558 tempus
1388 504 1511 544 esse
1560 498 1619 544 ut
1662 500 1917 560 surgatur
1958 506 1989 546 e

412 591 642 646 snmno;
699 590 1058 650 noctemque,
1129 582 1230 637 hoc
1287 591 1372 636 est
1438 591 1649 652 tempus
1705 583 1832 637 illud
1879 598 1988 652 quo

416 672 722 744 ignorantia
743 671 1052 727 hominibus
1070 672 1345 729 dominata
1366 682 1472 739 est,
1488 675 1831 744 praecessisse
1847 675 1985 746 (54),

412 774 467 820 et
494 765 836 835 proximante
855 762 1081 833 justitia:
1119 765 1251 820 solis
1290 764 1555 831 adventu,
1588 766 1988 821 rarescentibus

414 854 692 920 tenebris,
739 854 1027 910 imminere
1071 855 1184 925 jam
1233 855 1528 924 agnitionis
1578 855 1721 909 diem
1764 871 1779 908 :
1825 863 1987 924 atque

414 942 536 997 ideo
561 941 766 997 clamat
798 943 1285 1013 expergisceudum
1312 958 1454 1008 esse,
1483 958 1551 998 ne
1576 959 1674 1013 per
1704 945 1986 1012 segnitiem

412 1032 534 1102 quis
570 1042 782 1087 noctem
822 1033 1066 1102 patiatur
1122 1034 1179 1088 in
1214 1033 1377 1094 luce;
1423 1044 1478 1087 et
1525 1034 1828 1103 abjicieuda
1868 1048 1987 1089 esse

408 1138 575 1193 opera
625 1124 1010 1190 tenebrarum,
1075 1133 1239 1194 atque
1288 1139 1439 1178 arma
1494 1124 1636 1179 lucis
1689 1124 1984 1178 induenda.

412 1212 586 1281 Opera
614 1219 948 1270 tenebrarum
988 1224 1118 1270 sunt
1161 1225 1318 1270 actus
1353 1214 1431 1269 illi
1475 1214 1568 1281 qui
1603 1229 1632 1267 a
1678 1213 1785 1267 Deo
1822 1213 1984 1267 alieni

412 1304 526 1375 (55)
550 1314 711 1372 sunt;
738 1324 889 1360 arma
915 1321 1048 1361 vero
1070 1306 1226 1372 lucis,
1259 1307 1563 1375 assumptio
1593 1306 1875 1360 virtutum.
1907 1302 1987 1364 ,Ει

411 1396 555 1452 sicut
585 1396 821 1451 diximus
845 1397 1234 1453 dedecorosum
1263 1411 1382 1452 esse
1415 1397 1501 1450 die
1527 1397 1637 1463 jam
1665 1408 1986 1466 perurgente

411 1488 682 1552 dormire,
715 1488 883 1543 multo
916 1497 999 1543 est
1030 1486 1415 1543 dedecorosius
1454 1485 1555 1541 sub
1587 1488 1698 1557 (56)
1740 1496 1986 1556 tempore

411 1581 516 1635 diei
551 1589 605 1635 et
639 1580 775 1637 lucis
797 1590 964 1650 opera
982 1593 1172 1648 gerere
1202 1580 1571 1634 tenebrarum.
1595 1577 1793 1632 Verum
1818 1580 1986 1634 scien-

412 1671 539 1726 dum
571 1682 693 1735 est,
724 1672 1015 1728 adventum
1046 1671 1181 1726 lucis
1207 1670 1369 1739 hujus
1385 1671 1571 1727 et-diei
1600 1670 1806 1740 duplici
1827 1672 1986 1726 modo

2098 489 2210 561 (id)
2241 489 2533 544 videantur
2554 486 2885 553 hominibus,
2916 503 3074 558 quam
3103 488 3230 542 feris
3255 497 3310 541 et
3330 487 3526 542 belluis
3543 504 3667 543 cono

2096 581 2303 636 venire.
2348 579 2475 633 Non
2502 581 2557 632 in
2596 580 2922 633 contentione
2954 587 3004 631 et
3028 577 3385 632 cemulatione.
3421 576 3511 631 Illa
3544 594 3666 648 quae

2095 688 2257 744 supra
2282 671 2418 726 dixit
2437 670 2550 741 (41)
2570 670 2752 727 carnis
2773 669 3044 725 suntvitia
3071 687 3084 724 :
3110 670 3223 723 haec
3244 668 3355 737 jam
3387 679 3442 725 et
3462 673 3662 725 animi:

2094 760 2342 833 quamvis
2368 760 2551 815 omnia
2598 758 2759 815 simul
2794 758 2907 829 (42)
2952 758 3137 814 carnis
3175 772 3343 828 opera
3388 759 3666 824 dicantur,

2094 861 2150 908 et
2168 866 2333 922 opera
2360 850 2729 915 tenebrarum,
2754 849 2877 920 quia
2901 863 3093 905 revera
3117 848 3399 905 contentio
3423 861 3479 905 et
3499 864 3668 906 eumue

2095 940 2296 995 latioin
2326 940 2523 995 animis
2538 954 2727 994 eorum
2753 949 2836 995 est
2856 939 2950 1010 qui
2977 939 3091 1010 (45)
3118 941 3415 995 secundum
3445 956 3664 997 carnem

2093 1032 2319 1097 vivunt,
2345 1040 2399 1087 et
2429 1032 2523 1100 qui
2560 1031 2616 1085 in
2659 1029 2897 1086 tenebris
2923 1031 3219 1086 ambulant.
3250 1030 3353 1097 Qui
3396 1040 3578 1086 autem
3599 1035 3666 1087 in

2095 1124 2213 1180 luce
2240 1135 2353 1189 est,
2379 1133 2435 1180 et
2466 1125 2610 1180 sicut
2635 1124 2687 1177 in
2711 1122 2799 1176 die
2832 1121 3059 1177 honeste
3099 1121 3379 1186 ambulat,
3405 1122 3539 1177 nihil
3571 1138 3668 1192 per

2093 1216 2518 1284 contentionem,
2546 1214 2682 1269 nihil
2706 1229 2803 1284 per
2831 1214 3044 1269 inanem
3071 1213 3300 1284 gloriam
3348 1216 3486 1283 gerit
3525 1214 3665 1285 (41).

2092 1307 2208 1363 Iloc
2244 1323 2373 1379 ergo
2401 1309 2559 1363 modo
2592 1307 2778 1376 abjicit
2807 1307 2929 1376 quis
2965 1305 3144 1377 (quod.
3170 1305 3248 1387 ait
3279 1305 3461 1375 supra)
3500 1321 3664 1377 opera

2094 1398 2313 1454 tenebra
2325 1414 2461 1455 rum.
3294 1428 3304 1440 .

2162 1489 2443 1560 65954.
2479 1488 2629 1555 Quod
2666 1503 2792 1543 vero
2813 1486 2949 1543 dixit
2970 1509 2983 1543 :
3005 1486 3300 1542 Induamus
3326 1504 3476 1541 arma
3507 1488 3665 1554 lucis,

2093 1584 2379 1653 quomodo.
2411 1582 2604 1636 debeat
2637 1580 2752 1635 ﬁeri
2788 1594 2933 1633 nunc
2986 1580 3227 1648 exponit.
3264 1577 3367 1632 Sed
3420 1581 3621 1633 induite
3648 1620 3662 1644 ,

2094 1674 2295 1743 inquit,
2331 1672 2614 1726 Dominum
2640 1670 2825 1725 Jesum
2857 1669 3148 1737 Christum,
3184 1681 3232 1724 et
3268 1672 3442 1725 carnis
3483 1689 3662 1725 curam
3710 1740 3719 1749 ἱ

411 1762 789 1833 accipiendum
831 1781 845 1816 :
879 1772 934 1819 et
962 1762 1272 1833 generalem
1298 1763 1571 1827 omnibus,
1612 1774 1667 1818 et
1699 1764 1991 1833 unicuique
2020 1760 2065 1815 Β
2093 1775 2155 1812 ne
2182 1759 2405 1829 feceritis
2430 1759 2484 1813 in
2520 1758 2957 1826 concupiscentiis
3003 1758 3131 1828 (45).
3161 1757 3499 1829 Frequenter
3524 1762 3664 1815 dixi.-

407 1855 704 1924 specialem
746 1854 884 1924 (57).
934 1853 1218 1910 Generalis
1256 1854 1509 1910 omnibus
1578 1854 1755 1909 aderit
1799 1854 1899 1908 lux
1935 1863 1990 1909 et

419 1943 539 1998 dies
561 1982 577 2008 ,
606 1959 727 1997 cum
760 1942 926 1998 futuri
959 1943 1141 1998 saeculi
1196 1954 1409 2014 tempus
1444 1944 1722 1998 advenerit
1752 1946 1861 1998 :-ad
1893 1959 1990 2000 cu-

404 2036 492 2102 jus
526 2036 987 2106 comparationem
1016 2037 1300 2105 praesentis
1329 2034 1489 2103 hujus
1529 2036 1727 2090 mundi
1755 2037 1989 2106 spatium

410 2127 654 2181 tenebrae
693 2126 1057 2196 appellantur.
1121 2127 1276 2192 Quod
1317 2135 1530 2196 tempus
1587 2126 1988 2183 labascentibus

406 2217 647 2286 quotidie
676 2218 864 2275 diebus
898 2219 1202 2288 appropiat,
1237 2226 1292 2273 et
1314 2219 1492 2287 spatia
1523 2234 1644 2288 qua:
1697 2220 1988 2289 praeteritis

410 2319 700 2378 augentur,
755 2310 953 2364 futuris
1007 2311 1124 2365 sine
1169 2310 1333 2366 dubio
1381 2311 1742 2365 minuuntur:
1780 2323 1833 2366 et
1866 2313 1987 2368 ideo

406 2403 622 2469 propior
660 2409 735 2455 est
770 2399 908 2470 (58),
929 2400 1122 2470 inquit,
1143 2417 1281 2455 nunc
1304 2410 1484 2454 nostra
1504 2402 1673 2466 salus,
1694 2419 1847 2467 quam
1871 2420 1987 2457 cum

408 2491 764 2556 credidimus,
807 2499 861 2546 et
887 2492 1129 2560 qu0tidie
1152 2492 1208 2545 ﬁt
1242 2492 1463 2562 propior
1492 2509 1505 2543 :
1539 2494 1682 2548 sicut
1727 2503 1780 2548 et
1804 2493 1985 2549 Domi-

408 2596 514 2635 nus
548 2597 671 2637 cum
698 2582 1178 2637 consummationis
1212 2582 1394 2638 saeculi
1430 2584 1579 2654 signa
1606 2585 1983 2653 distingueret,

412 2673 549 2728 dixit
573 2671 621 2704 ⁸⁸
653 2688 668 2726 :
702 2670 833 2726 Cum
860 2681 1036 2725 autem
1081 2670 1315 2727 videritis
1350 2674 1460 2728 hazc
1505 2676 1716 2741 omnia,
1767 2673 1986 2729 allevate

408 2766 587 2834 capita
624 2775 797 2818 vestra
820 2805 836 2831 ,
872 2765 1121 2832 quoniam
1161 2765 1433 2833 apprOpiat
1473 2765 1752 2834 redemptio
1790 2776 1982 2821 vestra.

406 2855 494 2909 Fit
525 2863 707 2909 autem
738 2863 794 2909 et
831 2870 928 2923 per
977 2854 1223 2925 singulos
1259 2854 1366 2909 diei
1402 2853 1562 2923 hujus
1600 2857 1886 2911 adventus.
1919 2857 1985 2912 Et

406 2947 563 3003 nobis
590 2948 734 3001 enim
764 2946 809 3002 si
832 2947 1085 3002 Christus
1112 2948 1167 3002 in
1194 2948 1357 3002 corde
1383 2948 1455 3002 sit
1482 2947 1619 3019 (59),
1649 2950 1790 3005 diem
1829 2950 2010 3034 nobis

409 3040 540 3096 facit
575 3057 588 3092 :
624 3040 669 3095 si
703 3041 1040 3109 ignorantias
1089 3047 1306 3095 nostras
1348 3041 1591 3096 scientia:
1626 3044 1763 3096 ratio
1812 3042 1980 3113 fuget,

403 3139 461 3184 et
489 3130 736 3199 indignos
762 3139 917 3185 actus
943 3130 1284 3185 declinantes
1309 3130 1395 3199 pia
1416 3146 1644 3201 quaeque
1669 3144 1724 3186 et
1754 3133 1978 3190 honesta

406 3228 711 3285 sectemur,
745 3222 796 3274 in
830 3222 947 3276 luce
974 3237 1160 3285 sumus
1184 3221 1384 3291 positi,
1416 3232 1473 3278 et
1496 3222 1653 3291 quasi
1680 3223 1731 3278 in
1764 3225 1850 3280 die
1879 3226 1981 3281 bo-

406 3319 561 3364 neste
584 3309 947 3365 ambulamus.

476 3398 567 3451 33.
610 3397 740 3463 Qua:
768 3398 874 3452 sint
899 3407 1078 3452 autem
1109 3413 1270 3467 opera
1304 3399 1652 3456 tenebrarum
1689 3419 1813 3472 qua:
1838 3405 1977 3474 abji-

404 3489 598 3545 cienda
621 3498 767 3556 sunt,
810 3499 1205 3559 consequenter
1232 3500 1535 3558 enumerat,
1564 3501 1618 3546 et
1644 3493 1773 3547 dicit
1802 3510 1815 3547 :
1852 3493 1976 3549 Non

405 3582 463 3632 in
488 3580 956 3634 comessationibus
994 3589 1045 3633 et
1086 3580 1427 3635 ebrietatibus
1453 3597 1472 3647 ;
1502 3598 1604 3636 non
1632 3585 1687 3637 in
1721 3584 1979 3641 cubilibus

403 3680 455 3725 et
480 3672 865 3737 impudicitiis;
895 3688 997 3726 non
1029 3672 1084 3725 in
1112 3672 1443 3726 contentione
1467 3682 1516 3726 et
1552 3674 1885 3729 aemulatione
1909 3678 1977 3731 ⁸⁸.

402 3762 509 3817 Ista
538 3771 663 3816 sunt
706 3772 870 3831 opera
911 3762 1290 3830 tenebrarum,
1336 3777 1455 3832 qua:
1498 3773 1553 3818 et
1586 3766 1768 3821 carnis
1813 3783 1978 3837 Opera

405 3853 762 3923 appellantur,
796 3854 847 3907 in
879 3853 965 3909 his
990 3856 1080 3924 qui
1108 3867 1328 3910 carnem
1357 3868 1511 3908 suam
1540 3857 1766 3913 luxuriae
1792 3868 1845 3914 et
1876 3860 1979 3914 im-

403 3946 714 4015 pudicitiae,
745 3961 850 4000 non
882 3947 1160 4002 sanctitati
1212 3963 1387 4019 neque
1422 3950 1650 4004 Domino
1692 3952 1976 4022 mancipa-

400 4046 549 4092 runt.
590 4036 1028 4095 Comessationes
1070 4040 1245 4107 enim,
1301 4041 1405 4096 hoc
1441 4051 1527 4097 est
1583 4042 1868 4097 inhonesta
1909 4056 1975 4099 ac

403 4129 683 4185 luxuriosa
727 4131 1012 4198 convivia,
1054 4132 1250 4201 quibus
1294 4134 1612 4188 necessario
1660 4148 1842 4189 comes
1891 4143 1974 4190 est

402 4224 720 4293 turpissima
746 4225 1082 4291 temulentia,
1119 4226 1248 4296 quid
1272 4225 1416 4282 aliud
1448 4227 1832 4298 subsequetur,
1866 4231 1970 4286 nisi

399 4314 600 4369 cubilia
626 4324 688 4369 et
710 4315 1171 4385 impudicitimisA
1200 4316 1365 4371 {tedis
1410 4316 1836 4373 cubitatiouibus
1876 4334 1973 4375 cu-

465 4433 512 4465 “
535 4434 671 4490 Luc.
704 4451 818 4503 xxi,
862 4434 953 4490 28.
1027 4435 1076 4468 "
1104 4434 1265 4491 Rom.
1288 4452 1414 4504 xm,
1447 4437 1534 4491 15.

1634 4438 1681 4469 ⁸⁸
1714 4437 1871 4495 Rom.
1914 4455 2027 4507 xtv,
2057 4442 2120 4510 1,
2158 4443 2215 4500 2.

2096 1864 2215 1903 mus
2238 1849 2513 1903 Christum
2544 1846 2864 1917 sapientiam
2893 1862 3039 1912 esse,
3065 1857 3120 1902 et
3138 1850 3433 1917 Justitiam,
3460 1861 3515 1905 et
3535 1867 3663 1905 san-

2090 1940 2505 2007 ctiﬁcationem,
2534 1949 2588 1995 et
2615 1937 2921 2004 veritatem,
2944 1947 3027 1995 et
3055 1955 3248 1996 omnes
3276 1942 3435 1995 simul
3486 1944 3660 1998 virtu-

2090 2039 2173 2086 tes
2211 2044 2228 2084 :
2264 2044 2402 2099 quas
2432 2031 2621 2101 utique
2643 2036 2734 2101 qui
2757 2032 3132 2099 assumpserit.
3162 2030 3435 2086 Christum
3466 2033 3665 2089 dicitur

2088 2120 2348 2177 induisse.
2381 2122 2441 2178 Si
2477 2124 2621 2178 enim
2643 2126 2756 2180 hinc
2782 2125 2965 2182 omnia
2995 2123 3244 2178 Christus
3273 2133 3375 2191 est,
3409 2139 3658 2180 necessa-

2088 2212 2172 2267 rio
2214 2214 2305 2283 qui
2338 2214 2451 2269 haec
2483 2214 2684 2282 habet,
2720 2215 2887 2270 habet
2929 2223 2984 2269 et
3029 2214 3330 2268 Christum.
3366 2215 3467 2281 Qui
3515 2217 3661 2270 enim

2087 2302 2203 2357 lucc
2253 2304 2417 2357 habet
2448 2342 2463 2367 ,
2495 2303 2677 2359 carnis
2728 2319 2915 2357 curam
2948 2301 3060 2373 (16)
3112 2302 3163 2355 in
3200 2304 3662 2371 concupiscentiis

2088 2412 2195 2453 non
2228 2394 2377 2451 facit.
2416 2395 2782 2453 Moderatioue
2814 2397 2973 2453 solita
3005 2396 3297 2467 Apostolus
3325 2400 3517 2465 utitur,
3535 2414 3666 2456 cum

2088 2505 2192 2545 non
2221 2504 2317 2560 per
2356 2488 2539 2543 omnia
2563 2490 2744 2545 carnis
2770 2506 2955 2546 curam
2985 2499 3149 2561 negat
3174 2491 3499 2545 habendam.
3530 2493 3663 2547 Cer-

2090 2589 2199 2635 tum
2229 2589 2313 2635 est
2338 2580 2481 2636 enim
2512 2583 2653 2652 quod
2686 2585 2738 2636 in
2767 2583 3088 2638 necessariis
3119 2583 3365 2639 habenda
3403 2593 3491 2639 est
3518 2601 3532 2648 ;
3596 2586 3653 2637 in

2086 2672 2295 2729 deliciis
2322 2688 2475 2741 vero,
2504 2686 2554 2730 et
2591 2676 2807 2730 luxuria
2836 2715 2850 2740 ,
2877 2684 3041 2745 atque
3079 2676 3226 2730 omni
3263 2678 3661 2748 concupiscen-

2088 2762 2185 2828 tia,
2211 2764 2429 2831 penitus
2452 2764 2811 2820 excludenda.

2156 2854 2246 2910 35.
2281 2854 2565 2925 In/irmum
2587 2868 2763 2911 autem
2797 2859 2849 2910 in
2882 2858 2989 2927 ﬁde
3028 2859 3298 2921 assumite,
3330 2875 3433 2912 non
3463 2858 3520 2913 in
3565 2859 3652 2910 di;

2083 2948 2491 3015 sceptatiouibus
2550 2951 2948 3019 cogitationum.
3011 2950 3161 3004 Alius
3215 2950 3423 3019 quidem
3487 2952 3661 3004 credit

2085 3037 2405 3092 manducare
2431 3054 2487 3092 se
2515 3039 2689 3093 omnia
2720 3052 2742 3093 :
2774 3041 2863 3110 qui
2898 3051 3073 3094 autem
3113 3040 3353 3108 inﬁrmus
3376 3049 3473 3104 est,
3510 3040 3675 3095 olera»

2089 3133 2364 3187 manducet
2401 3133 2469 3188 '°.
2508 3133 2586 3188 Et.
2608 3134 2660 3189 in
2685 3135 3058 3205 superioribus
3090 3138 3158 3190 de
3187 3135 3308 3189 ﬁdei
3340 3135 3669 3192 inﬁrmitate.

2088 3223 2416 3279 mentionem
2460 3225 2588 3280 fecit
2621 3226 2735 3297 (d7)
2770 3226 3063 3296 Apostolus
3087 3268 3104 3294 ,
3146 3227 3235 3282 ubi
3269 3229 3348 3284 ait
3391 3228 3459 3284 de
3484 3229 3665 3283 Abra-

2085 3314 2211 3371 ham
2239 3335 2252 3371 :
2280 3316 2411 3372 Cum
2440 3318 2548 3388 fere
2572 3330 2775 3375 centum
2806 3335 3065 3375 annorum
3091 3332 3245 3392 esset,
3281 3337 3383 3375 non
3416 3323 3661 3391 inﬁrmtu

2084 3416 2168 3462 tus
2200 3415 2275 3462 est
2311 3408 2416 3475 ﬁde
2433 3409 2500 3462 ⁸⁷.
2534 3408 2609 3463 De
2644 3424 2752 3478 qua
2786 3410 3104 3466 inﬁrmitate
3134 3412 3261 3467 ﬁdei
3295 3412 3349 3467 in
3382 3412 3489 3468 illis
3514 3414 3657 3469 locis

2081 3514 2202 3569 qua:
2228 3515 2518 3555 occurrere
2546 3510 2835 3570 potuerunt
2857 3505 3227 3573 exposuimus.
3242 3505 3347 3559 Sed
3361 3514 3414 3560 et
3431 3521 3572 3560 nunc
3589 3507 3658 3562 de

2083 3593 2299 3648 inﬁrmo
2336 3594 2390 3649 in
2426 3594 2529 3648 ﬁde
2559 3603 2951 3649 commemorat
2981 3595 3116 3664 (48),
3146 3612 3307 3664 quem
3344 3596 3395 3649 in
3428 3610 3494 3652 eo
3525 3597 3658 3651 dicit

2086 3684 2363 3739 inﬁrmum
2387 3724 2402 3750 ,
2436 3686 2564 3756 quia
2602 3702 2710 3741 non
2740 3687 2915 3742 credit
2940 3689 3275 3742 manducare
3302 3688 3485 3741 omnia
3508 3726 3523 3751 ,
3554 3688 3650 3742 sed

2086 3785 2196 3830 tam
2228 3775 2422 3846 exigua
2453 3785 2540 3832 est
2579 3777 2714 3834 ﬁdes
2746 3779 2885 3845 ejus,
2922 3786 2979 3831 ut
3011 3777 3127 3832 sola
3161 3778 3310 3833 olera
3337 3788 3667 3848 couipetetw

2086 3876 2191 3922 tem
2236 3868 2340 3923 sibi
2374 3884 2500 3925 esse
2543 3871 2816 3926 existimet
2860 3868 3063 3925 cibum.
3111 3869 3263 3938 Quod
3313 3881 3490 3942 potest
3533 3876 3654 3944 qui-

2081 3958 2204 4013 dem
2233 3959 2547 4032 (49)videri
2588 3962 2791 4018 dictum
2819 3965 2885 4019 ad
2914 3980 3007 4021 eos
3030 3965 3122 4037 qui
3144 3982 3209 4021 ex
3240 3967 3496 4037 gentibus
3523 3983 3648 4023 cre-

2080 4050 2374 4119 diderunt,
2419 4054 2749 4110 extollentes
2777 4070 2835 4110 se
2878 4057 2931 4111 in
2966 4057 3270 4115 libertatem
3304 4058 3467 4125 ﬁdei,
3519 4060 3648 4129 quia

2079 4141 2216 4196 nihil
2239 4158 2528 4200 commune
2575 4153 2667 4200 aut
2697 4147 3032 4206 immundum
3071 4165 3192 4206 esse
3224 4152 3511 4207 crederent
3535 4149 3649 4222 (50)

2076 4235 2363 4290 adversum
2413 4250 2508 4293 eos
2548 4239 2642 4307 qui
2686 4255 2755 4295 ex
2796 4242 3214 4298 circumcisione
3258 4243 3647 4310 crediderunt,

2075 4323 2437 4384 observantes
2480 4330 2657 4387 adhuc
2694 4332 2997 4387 secundum
3030 4333 3377 4389 traditionem
3410 4334 3546 4405 legis
3568 4335 3658 4388 ei-_

2316 4448 2360 4480 ⁸⁷
2389 4447 2550 4505 Rom.
2581 4465 2654 4516 ιν,
2687 4450 2775 4507 19.

396 4529 776 4619 ςξξξιιιξξξιξξψτ
799 4571 814 4598 ,
839 4532 934 4587 sed
962 4547 1065 4588 ms.
1092 4532 1293 4605 Regius
1323 4549 1474 4588 num.
1509 4533 1646 4590 1659
1669 4573 1684 4601 ,
1722 4545 1776 4591 et
1802 4534 1974 4593 Raba-
2005 4541 2050 4597 D
2076 4539 2479 4619 gloriant‘gerit.
2511 4545 2835 4619 Ms.r.Regius
2868 4564 3017 4601 num.
3052 4548 3215 4615 1659,
3245 4564 3408 4619 neque
3430 4550 3653 4618 pet-ina.

398 4614 519 4662 nus,
555 4601 777 4655 dicetur.

467 4669 581 4740 (54)
612 4670 774 4740 Editi,
803 4673 1137 4740 processisse,
1159 4673 1320 4730 male.

468 4739 583 4811 (55)
627 4739 756 4811 Mss.
787 4739 1031 4811 quidam,
1058 4743 1295 4797 alienati.

466 4809 583 4878 (56)
626 4809 910 4866 θεεεητιὸ
941 4814 995 4867 in
1026 4814 1180 4867 libris
1206 4821 1365 4867 antea
1397 4815 1580 4870 editis.

467 4880 580 4949 (57)
606 4878 701 4955 Ms.
724 4881 925 4955 Regius
960 4898 1112 4955 nitri).
1144 4882 1302 4949 1659,
1335 4882 1431 4937 Est
1458 4897 1505 4940 et
1531 4887 1772 4955 generale
1793 4889 1963 4942 omni-

393 4950 515 5021 bus,
540 4963 585 5021 et
612 4950 890 5021 unicuique
919 4954 1162 5021 speciale.

486 5019 575 5093 58)
612 5021 685 5074 Ita
716 5019 813 5074 Ms.
855 5019 1052 5093 Regius
1088 5038 1236 5077 num.
1265 5023 1422 5079 1659.
1452 5025 1642 5080 Caneri
1673 5041 1967 5091 veromss.,

392 5089 673 5165 Rabanus,
713 5102 767 5145 et
812 5089 964 5165 editi;
1005 5104 1053 5147 et
1089 5093 1204 5146 ideo
1244 5096 1461 5162 propior
1504 5106 1579 5149 est
1622 5096 1770 5165 (editi
1809 5089 1963 5152 omit-4

393 5168 512 5232 tuut
532 5163 830 5232 est)‘_nostra
847 5163 1015 5228 salus,
1051 5172 1187 5231 etc.,
1217 5164 1420 5220 omisso
1448 5163 1638 5232 inquit.

463 5229 575 5305 (59)
606 5229 747 5305 Editi
774 5270 789 5294 ,
830 5232 890 5299 [it
928 5244 1111 5305 autem
1144 5229 1191 5285 et
1208 5250 1327 5305 _per
1353 5229 1585 5302 singulos
1624 5238 1735 5290 dies
1775 5236 1959 5305 hujus-

391 5303 534 5353 modi
566 5303 818 5356 adventus
850 5302 996 5357 nobis
1024 5318 1042 5355 :
1073 5305 1168 5357 etsi
1193 5301 1511 5358 Christus'in
1541 5309 1697 5360 corde
1728 5308 1817 5369 sit,
1841 5301 1951 5361 etc.

464 5369 575 5445 (40)
615 5371 717 5445 his.
744 5372 941 5445 Regius
968 5389 1117 5427 num.
1153 5371 1313 5435 1659,
1352 5374 1395 5425 Α
1436 5374 1587 5444 [aedis
1624 5378 1959 5445 cogitationi-

390 5442 506 5492 bus.
554 5441 755 5495 Deinde
786 5443 939 5507 editi,
972 5459 1091 5497 cum
1126 5458 1228 5497 non
1253 5452 1361 5497 tam
1391 5441 1814 5509 rationabili-bus,
1852 5456 1960 5502 etc.

474 5510 587 5578 (Η)
625 5511 789 5576 Editi,
810 5528 967 5580 supra
994 5513 1127 5567 dixi.

465 5580 578 5648 (42)
611 5580 769 5636 Deest
790 5581 948 5635 simul
982 5582 1033 5636 iu
1065 5583 1221 5639 libris
1252 5593 1408 5641 antea
1444 5585 1621 5641 editis.

466 5652 579 5723 (45)
608 5649 781 5723 Alias,
817 5652 869 5703 in
896 5651 1050 5723 malis
1081 5670 1259 5707 eorum
1285 5656 1503 5723 estqui,
1536 5665 1641 5711 etc.

471 5722 583 5792 (it)
637 5720 728 5777 Sic
779 5735 910 5776 mss.
953 5722 1219 5793 plerique.
1266 5720 1405 5780 Editi
1453 5740 1612 5792 vero,
1662 5738 1705 5782 et
1752 5727 1960 5782 inanem

2076 4614 2483 4686 anen_t__gl_oriam
2510 4618 2662 4684 gerit,
2700 4614 2769 4668 al.
2808 4620 3015 4686 quierit.

2073 4680 2274 4802 deﬁgi)
2296 4684 2455 4747 Editi,
2488 4680 2793 4751 exponitur.
2820 4680 2949 4741 'Sed.
2974 4686 3348 4742 induimini....
3388 4689 3443 4742 in
3495 4692 3639 4746 desi-

2144 4819 2255 4888 (46)
2292 4821 2455 4885 Editi,
2478 4812 2535 4877 si
2566 4825 2703 4877 enim
2743 4826 2854 4878 ha’c
2887 4827 3068 4879 omnia
3107 4827 3368 4893 Christus,
3405 4846 3642 4884 necessa-

2074 4888 2152 4941 rio
2174 4892 2263 4958 qui
2296 4895 2407 4944 hwc
2438 4892 2608 4963 habet,
2636 4895 2787 4947 habet
2813 4894 3100 4949 Christum.
3123 4898 3226 4961 Qui
3255 4888 3430 4963 habet,
3464 4903 3641 4954 carnis

2071 4973 2275 5034 eduram,
2307 4970 2416 5034 etc.
2445 4962 2645 5034 Deinde
2679 4979 2813 5018 mss.
2842 4965 3104 5034 plerique,
3137 4967 3392 5022 Rabanns
3413 4962 3636 5034 etediti,

2072 5026 2442 5102 Moderatione
2466 5032 2697 5085 sollicita
2728 5026 3013 5102 Apostolus
3052 5026 3236 5099 utitur,
3274 5053 3375 5089 non
3405 5054 3496 5098 per
3526 5026 3647 5092 om;

2070 5099 2182 5163 nia,
2227 5110 2335 5157 etc.
2375 5101 2480 5157 Sed
2516 5106 2717 5159 reetius
2754 5099 2859 5159 ms.
2904 5105 3102 5175 Regius
3137 5122 3288 5161 num.
3328 5107 3463 5161 1659
3493 5119 3550 5162 ut
3583 5112 3654 5164 in

2068 5178 2260 5225 nostro
2290 5179 2460 5227 textu.

2136 5238 2271 5312 (47)
2316 5240 2458 5298 Editi
2488 5285 2503 5311 ,
2540 5243 2605 5297 de
2645 5242 2770 5308 fidei
2813 5242 3064 5311 ﬁrmitate
3110 5247 3417 5302 mentionem
3464 5246 3587 5317 {erit
3619 5288 3635 5313 ,

2062 5319 2259 5503 )
2309 5382 2450 5439 Eam
2476 5422 2492 5451 ’
2538 5383 2603 5439 de
2646 5385 2957 5455 inﬁrmum“
3000 5386 3055 5440 ίη
3095 5385 3200 5454 ﬁde
3242 5396 3654 5445 commurmurat,

2121 5466 2535 5598 1%)Sierecte
2567 5538 2670 5598 ms.
2706 5526 2907 5598 Regius
2938 5540 3084 5579 num.
3106 5527 3264 5584 1659.
3289 5527 3480 5585 Οωιετί
3509 5543 3658 5585 νεῖον

2065 5594 2461 5668 mss_.Aet_edi_ti,
2495 5592 2635 5657 Quia
2654 5592 2821 5668 potest
2854 5597 3080 5668 quidem,
3115 5610 3223 5653 etc.

2133 5660 2245 5732 (50)
2273 5662 2438 5731 Editi,
2466 5679 2574 5719 esse
2598 5660 2834 5721 credunt.
