  <div class='ocr_page' id='page_1' title='image "/cluster/home/n/w/nwhite01/storage/ocr_20150623/14/hvd.32044073501363/623.png"; bbox 0 0 4048 6202; ppageno 0'>
   <div class='ocr_carea' id='block_1_1' title="bbox 446 254 580 309">
    <p class='ocr_par' dir='ltr' id='par_1_1' title="bbox 446 254 580 309">
     <span class='ocr_line' id='line_1_1' title="bbox 446 254 580 309; baseline -0.015 0"><span class='ocrx_word' id='word_1_1' title='bbox 446 254 580 309; x_wconf 71' lang='grc' dir='ltr'><strong>12ὖό</strong></span> 
     </span>
    </p>
   </div>
   <div class='ocr_carea' id='block_1_2' title="bbox 1938 233 2256 294">
    <p class='ocr_par' dir='ltr' id='par_1_2' title="bbox 1938 233 2256 294">
     <span class='ocr_line' id='line_1_2' title="bbox 1938 233 2256 294; baseline -0.016 -1"><span class='ocrx_word' id='word_1_2' title='bbox 1938 236 2096 293; x_wconf 76' lang='lat' dir='ltr'><strong>OlilG</strong></span> <span class='ocrx_word' id='word_1_3' title='bbox 2105 233 2256 294; x_wconf 83' lang='lat' dir='ltr'><strong>ENIS</strong></span> 
     </span>
    </p>
   </div>
   <div class='ocr_carea' id='block_1_3' title="bbox 3540 227 3686 284">
    <p class='ocr_par' dir='ltr' id='par_1_3' title="bbox 3540 227 3686 284">
     <span class='ocr_line' id='line_1_3' title="bbox 3540 227 3686 284; baseline 0 -1"><span class='ocrx_word' id='word_1_4' title='bbox 3540 227 3686 284; x_wconf 65' lang='grc'>1256</span> 
     </span>
    </p>
   </div>
   <div class='ocr_carea' id='block_1_4' title="bbox 439 341 3684 432">
    <p class='ocr_par' dir='ltr' id='par_1_4' title="bbox 439 341 3684 432">
     <span class='ocr_line' id='line_1_4' title="bbox 439 341 3684 432; baseline -0.011 -1"><span class='ocrx_word' id='word_1_5' title='bbox 439 375 636 431; x_wconf 82' lang='lat' dir='ltr'><strong>borum</strong></span> <span class='ocrx_word' id='word_1_6' title='bbox 681 366 1044 426; x_wconf 85' lang='lat' dir='ltr'><strong>dill&#39;erentlam</strong></span> <span class='ocrx_word' id='word_1_7' title='bbox 1085 380 1099 419; x_wconf 88' lang='lat'><strong>:</strong></span> <span class='ocrx_word' id='word_1_8' title='bbox 1139 369 1198 419; x_wconf 90' lang='lat' dir='ltr'><strong>ul</strong></span> <span class='ocrx_word' id='word_1_9' title='bbox 1224 372 1320 420; x_wconf 81' lang='lat' dir='ltr'><strong>eos</strong></span> <span class='ocrx_word' id='word_1_10' title='bbox 1348 360 1649 432; x_wconf 80' lang='lat' dir='ltr'><strong>reprimere</strong></span> <span class='ocrx_word' id='word_1_11' title='bbox 1676 357 1921 412; x_wconf 87' lang='lat' dir='ltr'><strong>videatur</strong></span> <span class='ocrx_word' id='word_1_12' title='bbox 1949 363 2004 408; x_wconf 91' lang='lat' dir='ltr'><strong>et</strong></span> <span class='ocrx_word' id='word_1_13' title='bbox 2034 363 2079 418; x_wconf 76' lang='grc' dir='ltr'><strong>Α</strong></span> <span class='ocrx_word' id='word_1_14' title='bbox 2108 367 2227 406; x_wconf 89' lang='lat' dir='ltr'><strong>care</strong></span> <span class='ocrx_word' id='word_1_15' title='bbox 2255 350 2458 404; x_wconf 85' lang='lat' dir='ltr'><strong>omnia.</strong></span> <span class='ocrx_word' id='word_1_16' title='bbox 2492 347 2733 416; x_wconf 84' lang='lat' dir='ltr'><strong>Denique</strong></span> <span class='ocrx_word' id='word_1_17' title='bbox 2763 355 2818 400; x_wconf 91' lang='lat' dir='ltr'><strong>et</strong></span> <span class='ocrx_word' id='word_1_18' title='bbox 2847 344 3127 415; x_wconf 73' lang='lat' dir='ltr'><strong>apostolis,</strong></span> <span class='ocrx_word' id='word_1_19' title='bbox 3165 352 3458 413; x_wconf 73' lang='lat' dir='ltr'><strong>antequam</strong></span> <span class='ocrx_word' id='word_1_20' title='bbox 3499 341 3684 414; x_wconf 80' lang='lat' dir='ltr'><strong>Spiri-</strong></span> 
     </span>
    </p>
   </div>
   <div class='ocr_carea' id='block_1_5' title="bbox 440 444 2004 525">
    <p class='ocr_par' dir='ltr' id='par_1_5' title="bbox 440 444 2004 525">
     <span class='ocr_line' id='line_1_5' title="bbox 440 444 2004 525; baseline -0.015 -4"><span class='ocrx_word' id='word_1_21' title='bbox 440 479 664 520; x_wconf 90' lang='lat' dir='ltr'><strong>monere</strong></span> <span class='ocrx_word' id='word_1_22' title='bbox 693 477 760 517; x_wconf 91' lang='lat' dir='ltr'><strong>ne</strong></span> <span class='ocrx_word' id='word_1_23' title='bbox 809 459 1070 516; x_wconf 83' lang='lat' dir='ltr'><strong>insultent</strong></span> <span class='ocrx_word' id='word_1_24' title='bbox 1113 456 1194 511; x_wconf 88' lang='lat' dir='ltr'><strong>eis</strong></span> <span class='ocrx_word' id='word_1_25' title='bbox 1221 453 1418 525; x_wconf 84' lang='lat' dir='ltr'><strong>quibus</strong></span> <span class='ocrx_word' id='word_1_26' title='bbox 1463 451 1618 521; x_wconf 83' lang='lat' dir='ltr'><strong>longa</strong></span> <span class='ocrx_word' id='word_1_27' title='bbox 1665 444 2004 503; x_wconf 76' lang='lat' dir='ltr'><strong>consuetudo</strong></span> 
     </span>
    </p>
   </div>
   <div class='ocr_carea' id='block_1_6' title="bbox 442 538 2004 610">
    <p class='ocr_par' dir='ltr' id='par_1_6' title="bbox 442 538 2004 610">
     <span class='ocr_line' id='line_1_6' title="bbox 442 538 2004 610; baseline -0.013 0"><span class='ocrx_word' id='word_1_28' title='bbox 442 557 495 610; x_wconf 93' lang='lat' dir='ltr'><strong>in</strong></span> <span class='ocrx_word' id='word_1_29' title='bbox 535 552 896 610; x_wconf 83' lang='lat' dir='ltr'><strong>observandis</strong></span> <span class='ocrx_word' id='word_1_30' title='bbox 941 549 1080 604; x_wconf 87' lang='lat' dir='ltr'><strong>cibis</strong></span> <span class='ocrx_word' id='word_1_31' title='bbox 1124 546 1510 602; x_wconf 87' lang='lat' dir='ltr'><strong>discretionem</strong></span> <span class='ocrx_word' id='word_1_32' title='bbox 1557 541 1735 596; x_wconf 82' lang='lat' dir='ltr'><strong>adhuc</strong></span> <span class='ocrx_word' id='word_1_33' title='bbox 1770 538 2004 606; x_wconf 81' lang='lat' dir='ltr'><strong>aliquam</strong></span> 
     </span>
    </p>
   </div>
   <div class='ocr_carea' id='block_1_7' title="bbox 439 629 2006 708">
    <p class='ocr_par' dir='ltr' id='par_1_7' title="bbox 439 629 2006 708">
     <span class='ocr_line' id='line_1_7' title="bbox 439 629 2006 708; baseline -0.01 -4"><span class='ocrx_word' id='word_1_34' title='bbox 439 657 494 704; x_wconf 85' lang='lat' dir='ltr'><strong>et</strong></span> <span class='ocrx_word' id='word_1_35' title='bbox 521 647 922 703; x_wconf 84' lang='lat' dir='ltr'><strong>cunctationem</strong></span> <span class='ocrx_word' id='word_1_36' title='bbox 955 643 1227 698; x_wconf 75' lang='lat' dir='ltr'><strong>movebat.</strong></span> <span class='ocrx_word' id='word_1_37' title='bbox 1257 639 1419 696; x_wconf 82' lang='lat' dir='ltr'><strong>Jubet</strong></span> <span class='ocrx_word' id='word_1_38' title='bbox 1461 653 1595 708; x_wconf 87' lang='lat' dir='ltr'><strong>ergo</strong></span> <span class='ocrx_word' id='word_1_39' title='bbox 1641 653 1766 698; x_wconf 85' lang='lat' dir='ltr'><strong>eum</strong></span> <span class='ocrx_word' id='word_1_40' title='bbox 1803 630 1894 702; x_wconf 87' lang='lat' dir='ltr'><strong>qui</strong></span> <span class='ocrx_word' id='word_1_41' title='bbox 1928 629 2006 688; x_wconf 83' lang='lat' dir='ltr'><strong>ita</strong></span> 
     </span>
    </p>
   </div>
   <div class='ocr_carea' id='block_1_8' title="bbox 438 729 2007 800">
    <p class='ocr_par' dir='ltr' id='par_1_8' title="bbox 438 729 2007 800">
     <span class='ocr_line' id='line_1_8' title="bbox 438 729 2007 800; baseline -0.007 -7"><span class='ocrx_word' id='word_1_42' title='bbox 438 741 494 795; x_wconf 88' lang='lat' dir='ltr'><strong>in</strong></span> <span class='ocrx_word' id='word_1_43' title='bbox 523 739 628 794; x_wconf 85' lang='lat' dir='ltr'><strong>hac</strong></span> <span class='ocrx_word' id='word_1_44' title='bbox 662 737 764 791; x_wconf 88' lang='lat' dir='ltr'><strong>fide</strong></span> <span class='ocrx_word' id='word_1_45' title='bbox 788 736 1036 791; x_wconf 80' lang='lat' dir='ltr'><strong>infirmus</strong></span> <span class='ocrx_word' id='word_1_46' title='bbox 1062 743 1168 798; x_wconf 87' lang='lat' dir='ltr'><strong>est,</strong></span> <span class='ocrx_word' id='word_1_47' title='bbox 1204 733 1404 788; x_wconf 81' lang='lat' dir='ltr'><strong>assumi</strong></span> <span class='ocrx_word' id='word_1_48' title='bbox 1439 731 1628 800; x_wconf 82' lang='lat' dir='ltr'><strong>magis,</strong></span> <span class='ocrx_word' id='word_1_49' title='bbox 1650 741 1704 785; x_wconf 81' lang='lat' dir='ltr'><strong>et</strong></span> <span class='ocrx_word' id='word_1_50' title='bbox 1739 745 1842 784; x_wconf 89' lang='lat' dir='ltr'><strong>non</strong></span> <span class='ocrx_word' id='word_1_51' title='bbox 1871 729 2007 796; x_wconf 81' lang='lat' dir='ltr'><strong>abji-</strong></span> 
     </span>
    </p>
   </div>
   <div class='ocr_carea' id='block_1_9' title="bbox 435 821 2006 896">
    <p class='ocr_par' dir='ltr' id='par_1_9' title="bbox 435 821 2006 896">
     <span class='ocr_line' id='line_1_9' title="bbox 435 821 2006 896; baseline -0.009 -10"><span class='ocrx_word' id='word_1_52' title='bbox 435 830 527 896; x_wconf 90' lang='lat' dir='ltr'><strong>ci,</strong></span> <span class='ocrx_word' id='word_1_53' title='bbox 583 841 684 883; x_wconf 90' lang='lat' dir='ltr'><strong>nec</strong></span> <span class='ocrx_word' id='word_1_54' title='bbox 729 826 882 896; x_wconf 88' lang='lat' dir='ltr'><strong>quasi</strong></span> <span class='ocrx_word' id='word_1_55' title='bbox 921 823 1194 881; x_wconf 82' lang='lat' dir='ltr'><strong>infidelem</strong></span> <span class='ocrx_word' id='word_1_56' title='bbox 1228 823 1488 891; x_wconf 72' lang='lat' dir='ltr'><strong>iudicari.</strong></span> <span class='ocrx_word' id='word_1_57' title='bbox 1532 821 1688 875; x_wconf 81' lang='lat' dir='ltr'><strong>Aliud</strong></span> <span class='ocrx_word' id='word_1_58' title='bbox 1723 830 1809 876; x_wconf 87' lang='lat' dir='ltr'><strong>est</strong></span> <span class='ocrx_word' id='word_1_59' title='bbox 1859 821 2006 874; x_wconf 88' lang='lat' dir='ltr'><strong>enim</strong></span> 
     </span>
    </p>
   </div>
   <div class='ocr_carea' id='block_1_10' title="bbox 437 909 2007 984">
    <p class='ocr_par' dir='ltr' id='par_1_10' title="bbox 437 909 2007 984">
     <span class='ocr_line' id='line_1_10' title="bbox 437 909 2007 984; baseline -0.007 -9"><span class='ocrx_word' id='word_1_60' title='bbox 437 920 708 975; x_wconf 79' lang='lat' dir='ltr'><strong>inﬁdelem</strong></span> <span class='ocrx_word' id='word_1_61' title='bbox 732 931 874 984; x_wconf 87' lang='lat' dir='ltr'><strong>esse,</strong></span> <span class='ocrx_word' id='word_1_62' title='bbox 906 915 1047 971; x_wconf 86' lang='lat' dir='ltr'><strong>aliud</strong></span> <span class='ocrx_word' id='word_1_63' title='bbox 1072 914 1334 970; x_wconf 75' lang='lat' dir='ltr'><strong>infirmari</strong></span> <span class='ocrx_word' id='word_1_64' title='bbox 1362 915 1414 967; x_wconf 89' lang='lat' dir='ltr'><strong>in</strong></span> <span class='ocrx_word' id='word_1_65' title='bbox 1449 913 1572 967; x_wconf 88' lang='lat' dir='ltr'><strong>fide.</strong></span> <span class='ocrx_word' id='word_1_66' title='bbox 1599 910 1736 965; x_wconf 81' lang='lat' dir='ltr'><strong>Nam</strong></span> <span class='ocrx_word' id='word_1_67' title='bbox 1770 909 2007 965; x_wconf 87' lang='lat' dir='ltr'><strong>infidelis</strong></span> 
     </span>
    </p>
   </div>
   <div class='ocr_carea' id='block_1_11' title="bbox 417 1003 2003 1081">
    <p class='ocr_par' dir='ltr' id='par_1_11' title="bbox 417 1003 2003 1081">
     <span class='ocr_line' id='line_1_11' title="bbox 417 1003 2003 1081; baseline -0.006 -12"><span class='ocrx_word' id='word_1_68' title='bbox 417 1013 634 1069; x_wconf 83' lang='lat' dir='ltr'><strong>dicitur</strong></span> <span class='ocrx_word' id='word_1_69' title='bbox 656 1011 749 1081; x_wconf 91' lang='lat' dir='ltr'><strong>qui</strong></span> <span class='ocrx_word' id='word_1_70' title='bbox 783 1025 887 1064; x_wconf 89' lang='lat' dir='ltr'><strong>nun</strong></span> <span class='ocrx_word' id='word_1_71' title='bbox 917 1007 1291 1070; x_wconf 87' lang='lat' dir='ltr'><strong>habetlldcm;</strong></span> <span class='ocrx_word' id='word_1_72' title='bbox 1325 1006 1572 1060; x_wconf 89' lang='lat' dir='ltr'><strong>inlirmus</strong></span> <span class='ocrx_word' id='word_1_73' title='bbox 1599 1015 1776 1060; x_wconf 86' lang='lat' dir='ltr'><strong>autem</strong></span> <span class='ocrx_word' id='word_1_74' title='bbox 1797 1003 1848 1058; x_wconf 92' lang='lat' dir='ltr'><strong>in</strong></span> <span class='ocrx_word' id='word_1_75' title='bbox 1876 1003 2003 1068; x_wconf 83' lang='lat' dir='ltr'><strong>fide,</strong></span> 
     </span>
    </p>
   </div>
   <div class='ocr_carea' id='block_1_12' title="bbox 435 1099 1407 1175">
    <p class='ocr_par' dir='ltr' id='par_1_12' title="bbox 435 1099 1407 1175">
     <span class='ocr_line' id='line_1_12' title="bbox 435 1099 1407 1175; baseline -0.007 -16"><span class='ocrx_word' id='word_1_76' title='bbox 435 1104 529 1175; x_wconf 85' lang='lat' dir='ltr'><strong>qui</strong></span> <span class='ocrx_word' id='word_1_77' title='bbox 551 1105 760 1161; x_wconf 85' lang='lat' dir='ltr'><strong>dubitat</strong></span> <span class='ocrx_word' id='word_1_78' title='bbox 788 1103 840 1158; x_wconf 91' lang='lat' dir='ltr'><strong>in</strong></span> <span class='ocrx_word' id='word_1_79' title='bbox 872 1109 1022 1170; x_wconf 90' lang='lat' dir='ltr'><strong>parte</strong></span> <span class='ocrx_word' id='word_1_80' title='bbox 1049 1099 1229 1170; x_wconf 84' lang='lat' dir='ltr'><strong>aliqua</strong></span> <span class='ocrx_word' id='word_1_81' title='bbox 1265 1099 1407 1154; x_wconf 86' lang='lat' dir='ltr'><strong>fidei.</strong></span> 
     </span>
    </p>
   </div>
   <div class='ocr_carea' id='block_1_13' title="bbox 503 1209 2004 1288">
    <p class='ocr_par' dir='ltr' id='par_1_13' title="bbox 503 1209 2004 1288">
     <span class='ocr_line' id='line_1_13' title="bbox 503 1209 2004 1288; baseline -0.009 -14"><span class='ocrx_word' id='word_1_82' title='bbox 503 1217 595 1274; x_wconf 80' lang='lat'><strong>56.</strong></span> <span class='ocrx_word' id='word_1_83' title='bbox 639 1215 984 1288; x_wconf 85' lang='lat' dir='ltr'><strong>Componens</strong></span> <span class='ocrx_word' id='word_1_84' title='bbox 1022 1213 1186 1282; x_wconf 80' lang='lat' dir='ltr'><strong>igitur</strong></span> <span class='ocrx_word' id='word_1_85' title='bbox 1226 1209 1514 1282; x_wconf 81' lang='lat' dir='ltr'><strong>Apostolus</strong></span> <span class='ocrx_word' id='word_1_86' title='bbox 1545 1210 1596 1262; x_wconf 90' lang='lat' dir='ltr'><strong>iu</strong></span> <span class='ocrx_word' id='word_1_87' title='bbox 1629 1223 1763 1277; x_wconf 83' lang='lat' dir='ltr'><strong>pace</strong></span> <span class='ocrx_word' id='word_1_88' title='bbox 1803 1221 2004 1276; x_wconf 89' lang='lat' dir='ltr'><strong>corpus</strong></span> 
     </span>
    </p>
   </div>
   <div class='ocr_carea' id='block_1_14' title="bbox 437 1300 2003 1378">
    <p class='ocr_par' dir='ltr' id='par_1_14' title="bbox 437 1300 2003 1378">
     <span class='ocr_line' id='line_1_14' title="bbox 437 1300 2003 1378; baseline -0.01 -14"><span class='ocrx_word' id='word_1_89' title='bbox 437 1308 690 1364; x_wconf 63' lang='lat' dir='ltr'><strong>Ecclesia:</strong></span> <span class='ocrx_word' id='word_1_90' title='bbox 715 1347 731 1373; x_wconf 96' lang='lat'><strong>,</strong></span> <span class='ocrx_word' id='word_1_91' title='bbox 769 1306 898 1360; x_wconf 83' lang='lat' dir='ltr'><strong>dicit</strong></span> <span class='ocrx_word' id='word_1_92' title='bbox 930 1303 1042 1378; x_wconf 78' lang='grc'>(51)</span> <span class='ocrx_word' id='word_1_93' title='bbox 1078 1321 1092 1358; x_wconf 88' lang='lat'><strong>:</strong></span> <span class='ocrx_word' id='word_1_94' title='bbox 1131 1303 1233 1369; x_wconf 84' lang='lat' dir='ltr'><strong>Qui</strong></span> <span class='ocrx_word' id='word_1_95' title='bbox 1269 1302 1588 1366; x_wconf 75' lang='lat' dir='ltr'><strong>manducet,</strong></span> <span class='ocrx_word' id='word_1_96' title='bbox 1627 1317 1728 1354; x_wconf 90' lang='lat' dir='ltr'><strong>non</strong></span> <span class='ocrx_word' id='word_1_97' title='bbox 1776 1300 2003 1352; x_wconf 87' lang='lat' dir='ltr'><strong>mandu-</strong></span> 
     </span>
    </p>
   </div>
   <div class='ocr_carea' id='block_1_15' title="bbox 432 1389 2006 1466">
    <p class='ocr_par' dir='ltr' id='par_1_15' title="bbox 432 1389 2006 1466">
     <span class='ocr_line' id='line_1_15' title="bbox 432 1389 2006 1466; baseline -0.007 -14"><span class='ocrx_word' id='word_1_98' title='bbox 432 1409 638 1454; x_wconf 79' lang='lat' dir='ltr'><strong>cantem</strong></span> <span class='ocrx_word' id='word_1_99' title='bbox 676 1413 778 1451; x_wconf 91' lang='lat' dir='ltr'><strong>non</strong></span> <span class='ocrx_word' id='word_1_100' title='bbox 804 1406 1016 1466; x_wconf 87' lang='lat' dir='ltr'><strong>spernat</strong></span> <span class='ocrx_word' id='word_1_101' title='bbox 1045 1410 1062 1449; x_wconf 88' lang='lat'><strong><em>:</em></strong></span> <span class='ocrx_word' id='word_1_102' title='bbox 1091 1404 1137 1448; x_wconf 86' lang='lat' dir='ltr'><strong>et</strong></span> <span class='ocrx_word' id='word_1_103' title='bbox 1167 1395 1259 1466; x_wconf 97' lang='lat' dir='ltr'><strong>qui</strong></span> <span class='ocrx_word' id='word_1_104' title='bbox 1291 1410 1391 1448; x_wconf 90' lang='lat' dir='ltr'><strong>non</strong></span> <span class='ocrx_word' id='word_1_105' title='bbox 1422 1394 1742 1456; x_wconf 79' lang='lat' dir='ltr'><strong>mandarat,</strong></span> <span class='ocrx_word' id='word_1_106' title='bbox 1778 1389 2006 1443; x_wconf 87' lang='lat' dir='ltr'><strong>mandu-</strong></span> 
     </span>
    </p>
   </div>
   <div class='ocr_carea' id='block_1_16' title="bbox 432 1480 2003 1558">
    <p class='ocr_par' dir='ltr' id='par_1_16' title="bbox 432 1480 2003 1558">
     <span class='ocr_line' id='line_1_16' title="bbox 432 1480 2003 1558; baseline -0.006 -14"><span class='ocrx_word' id='word_1_107' title='bbox 432 1502 633 1546; x_wconf 77' lang='lat' dir='ltr'><strong>cantem</strong></span> <span class='ocrx_word' id='word_1_108' title='bbox 665 1506 768 1544; x_wconf 91' lang='lat' dir='ltr'><strong>non</strong></span> <span class='ocrx_word' id='word_1_109' title='bbox 797 1489 1001 1558; x_wconf 85' lang='lat' dir='ltr'><strong>judicet</strong></span> <span class='ocrx_word' id='word_1_110' title='bbox 1020 1505 1040 1554; x_wconf 88' lang='lat'><strong>_:</strong></span> <span class='ocrx_word' id='word_1_111' title='bbox 1064 1487 1204 1541; x_wconf 89' lang='lat' dir='ltr'><strong>Deus</strong></span> <span class='ocrx_word' id='word_1_112' title='bbox 1234 1488 1371 1542; x_wconf 89' lang='lat' dir='ltr'><strong>enim</strong></span> <span class='ocrx_word' id='word_1_113' title='bbox 1402 1485 1552 1539; x_wconf 86' lang='lat' dir='ltr'><strong>illum</strong></span> <span class='ocrx_word' id='word_1_114' title='bbox 1584 1484 1890 1551; x_wconf 87' lang='lat' dir='ltr'><strong>assumpsit.</strong></span> <span class='ocrx_word' id='word_1_115' title='bbox 1925 1480 2003 1534; x_wconf 81' lang='lat' dir='ltr'><strong>Tu</strong></span> 
     </span>
    </p>
   </div>
   <div class='ocr_carea' id='block_1_17' title="bbox 430 1571 2004 1654">
    <p class='ocr_par' dir='ltr' id='par_1_17' title="bbox 430 1571 2004 1654">
     <span class='ocr_line' id='line_1_17' title="bbox 430 1571 2004 1654; baseline -0.008 -17"><span class='ocrx_word' id='word_1_116' title='bbox 430 1585 548 1654; x_wconf 88' lang='lat' dir='ltr'><strong>quis</strong></span> <span class='ocrx_word' id='word_1_117' title='bbox 578 1599 631 1636; x_wconf 91' lang='lat' dir='ltr'><strong>es</strong></span> <span class='ocrx_word' id='word_1_118' title='bbox 662 1581 772 1654; x_wconf 73' lang='lat'><strong>(52)</strong></span> <span class='ocrx_word' id='word_1_119' title='bbox 797 1623 811 1642; x_wconf 85' lang='lat'><strong><em>.</em></strong></span> <span class='ocrx_word' id='word_1_120' title='bbox 836 1581 925 1649; x_wconf 89' lang='lat' dir='ltr'><strong>qui</strong></span> <span class='ocrx_word' id='word_1_121' title='bbox 950 1580 1165 1650; x_wconf 83' lang='lat' dir='ltr'><strong>judicas</strong></span> <span class='ocrx_word' id='word_1_122' title='bbox 1205 1579 1435 1634; x_wconf 90' lang='lat' dir='ltr'><strong>alienum</strong></span> <span class='ocrx_word' id='word_1_123' title='bbox 1461 1592 1662 1631; x_wconf 73' lang='lat' dir='ltr'><strong>servum</strong></span> <span class='ocrx_word' id='word_1_124' title='bbox 1703 1576 1728 1628; x_wconf 71' lang='grc' dir='ltr'><strong>ἱ)</strong></span> <span class='ocrx_word' id='word_1_125' title='bbox 1761 1571 1870 1628; x_wconf 88' lang='lat' dir='ltr'><strong>Suo</strong></span> <span class='ocrx_word' id='word_1_126' title='bbox 1907 1573 2004 1626; x_wconf 84' lang='lat' dir='ltr'><strong>do-</strong></span> 
     </span>
    </p>
   </div>
   <div class='ocr_carea' id='block_1_18' title="bbox 432 1664 1998 1736">
    <p class='ocr_par' dir='ltr' id='par_1_18' title="bbox 432 1664 1998 1736">
     <span class='ocr_line' id='line_1_18' title="bbox 432 1664 1998 1736; baseline -0.008 -10"><span class='ocrx_word' id='word_1_127' title='bbox 432 1673 574 1728; x_wconf 86' lang='lat' dir='ltr'><strong>mino</strong></span> <span class='ocrx_word' id='word_1_128' title='bbox 625 1679 774 1735; x_wconf 85' lang='lat' dir='ltr'><strong>stat,</strong></span> <span class='ocrx_word' id='word_1_129' title='bbox 813 1679 904 1723; x_wconf 86' lang='lat' dir='ltr'><strong>aut</strong></span> <span class='ocrx_word' id='word_1_130' title='bbox 956 1671 1099 1724; x_wconf 83' lang='lat' dir='ltr'><strong>cadit</strong></span> <span class='ocrx_word' id='word_1_131' title='bbox 1133 1683 1151 1720; x_wconf 91' lang='lat'><strong><em>:</em></strong></span> <span class='ocrx_word' id='word_1_132' title='bbox 1183 1670 1341 1723; x_wconf 90' lang='lat' dir='ltr'><strong>stabit</strong></span> <span class='ocrx_word' id='word_1_133' title='bbox 1386 1678 1561 1721; x_wconf 84' lang='lat' dir='ltr'><strong>autem</strong></span> <span class='ocrx_word' id='word_1_134' title='bbox 1601 1681 1617 1718; x_wconf 89' lang='lat'><strong><em>:</em></strong></span> <span class='ocrx_word' id='word_1_135' title='bbox 1650 1675 1814 1736; x_wconf 82' lang='lat' dir='ltr'><strong>potest</strong></span> <span class='ocrx_word' id='word_1_136' title='bbox 1861 1664 1998 1718; x_wconf 86' lang='lat' dir='ltr'><strong>enim</strong></span> 
     </span>
    </p>
   </div>
   <div class='ocr_carea' id='block_1_19' title="bbox 431 1755 1996 1829">
    <p class='ocr_par' dir='ltr' id='par_1_19' title="bbox 431 1755 1996 1829">
     <span class='ocr_line' id='line_1_19' title="bbox 431 1755 1996 1829; baseline -0.006 -13"><span class='ocrx_word' id='word_1_137' title='bbox 431 1762 574 1817; x_wconf 82' lang='lat' dir='ltr'><strong>Deus</strong></span> <span class='ocrx_word' id='word_1_138' title='bbox 619 1773 848 1817; x_wconf 83' lang='lat' dir='ltr'><strong>statuere</strong></span> <span class='ocrx_word' id='word_1_139' title='bbox 877 1761 1028 1815; x_wconf 90' lang='lat' dir='ltr'><strong>illum</strong></span> <span class='ocrx_word' id='word_1_140' title='bbox 1074 1760 1156 1825; x_wconf 72' lang='grc' dir='ltr'><strong>ἐς</strong></span> <span class='ocrx_word' id='word_1_141' title='bbox 1190 1773 1297 1829; x_wconf 89' lang='lat' dir='ltr'><strong>quo</strong></span> <span class='ocrx_word' id='word_1_142' title='bbox 1324 1759 1532 1816; x_wconf 87' lang='lat' dir='ltr'><strong>scilicet</strong></span> <span class='ocrx_word' id='word_1_143' title='bbox 1578 1773 1676 1827; x_wconf 91' lang='lat' dir='ltr'><strong>per</strong></span> <span class='ocrx_word' id='word_1_144' title='bbox 1707 1759 1820 1811; x_wconf 68' lang='lat' dir='ltr'><strong>bare</strong></span> <span class='ocrx_word' id='word_1_145' title='bbox 1855 1755 1996 1810; x_wconf 89' lang='lat' dir='ltr'><strong>nulla</strong></span> 
     </span>
    </p>
   </div>
   <div class='ocr_carea' id='block_1_20' title="bbox 429 1845 2000 1908">
    <p class='ocr_par' dir='ltr' id='par_1_20' title="bbox 429 1845 2000 1908">
     <span class='ocr_line' id='line_1_20' title="bbox 429 1845 2000 1908; baseline -0.005 0"><span class='ocrx_word' id='word_1_146' title='bbox 429 1862 575 1908; x_wconf 80' lang='lat' dir='ltr'><strong>esset</strong></span> <span class='ocrx_word' id='word_1_147' title='bbox 606 1853 750 1907; x_wconf 91' lang='lat' dir='ltr'><strong>inter</strong></span> <span class='ocrx_word' id='word_1_148' title='bbox 794 1852 1076 1906; x_wconf 86' lang='lat' dir='ltr'><strong>credentes</strong></span> <span class='ocrx_word' id='word_1_149' title='bbox 1101 1850 1344 1905; x_wconf 88' lang='lat' dir='ltr'><strong>ciborum</strong></span> <span class='ocrx_word' id='word_1_150' title='bbox 1373 1864 1534 1906; x_wconf 88' lang='lat' dir='ltr'><strong>causa</strong></span> <span class='ocrx_word' id='word_1_151' title='bbox 1569 1849 1854 1903; x_wconf 88' lang='lat' dir='ltr'><strong>dissensio.</strong></span> <span class='ocrx_word' id='word_1_152' title='bbox 1895 1845 2000 1902; x_wconf 89' lang='lat' dir='ltr'><strong>Sed</strong></span> 
     </span>
    </p>
   </div>
   <div class='ocr_carea' id='block_1_21' title="bbox 429 1938 2000 2013">
    <p class='ocr_par' dir='ltr' id='par_1_21' title="bbox 429 1938 2000 2013">
     <span class='ocr_line' id='line_1_21' title="bbox 429 1938 2000 2013; baseline -0.006 -12"><span class='ocrx_word' id='word_1_153' title='bbox 429 1944 648 2001; x_wconf 86' lang='lat' dir='ltr'><strong>videtur</strong></span> <span class='ocrx_word' id='word_1_154' title='bbox 695 1942 809 1999; x_wconf 69' lang='lat' dir='ltr'><strong>haec</strong></span> <span class='ocrx_word' id='word_1_155' title='bbox 857 1941 1055 2000; x_wconf 83' lang='lat' dir='ltr'><strong>Paulus</strong></span> <span class='ocrx_word' id='word_1_156' title='bbox 1084 1940 1438 2013; x_wconf 80' lang='lat' dir='ltr'><strong>profundiore</strong></span> <span class='ocrx_word' id='word_1_157' title='bbox 1477 1939 1647 2008; x_wconf 82' lang='lat' dir='ltr'><strong>magis</strong></span> <span class='ocrx_word' id='word_1_158' title='bbox 1680 1951 1840 1992; x_wconf 89' lang='lat' dir='ltr'><strong>sensu</strong></span> <span class='ocrx_word' id='word_1_159' title='bbox 1893 1938 2000 1992; x_wconf 84' lang='lat' dir='ltr'><strong>elo-</strong></span> 
     </span>
    </p>
   </div>
   <div class='ocr_carea' id='block_1_22' title="bbox 429 2028 2000 2108">
    <p class='ocr_par' dir='ltr' id='par_1_22' title="bbox 429 2028 2000 2108">
     <span class='ocr_line' id='line_1_22' title="bbox 429 2028 2000 2108; baseline -0.005 -16"><span class='ocrx_word' id='word_1_160' title='bbox 429 2048 612 2097; x_wconf 88' lang='lat' dir='ltr'><strong>cutus.</strong></span> <span class='ocrx_word' id='word_1_161' title='bbox 648 2035 833 2108; x_wconf 87' lang='lat' dir='ltr'><strong>Neque</strong></span> <span class='ocrx_word' id='word_1_162' title='bbox 859 2036 1004 2090; x_wconf 88' lang='lat' dir='ltr'><strong>enim</strong></span> <span class='ocrx_word' id='word_1_163' title='bbox 1035 2049 1100 2090; x_wconf 88' lang='lat' dir='ltr'><strong>ex</strong></span> <span class='ocrx_word' id='word_1_164' title='bbox 1128 2031 1542 2090; x_wconf 87' lang='lat' dir='ltr'><strong>circumcisione</strong></span> <span class='ocrx_word' id='word_1_165' title='bbox 1574 2029 1912 2084; x_wconf 88' lang='lat' dir='ltr'><strong>venientibus</strong></span> <span class='ocrx_word' id='word_1_166' title='bbox 1933 2028 2000 2084; x_wconf 89' lang='lat' dir='ltr'><strong>de</strong></span> 
     </span>
    </p>
   </div>
   <div class='ocr_carea' id='block_1_23' title="bbox 429 2120 1999 2195">
    <p class='ocr_par' dir='ltr' id='par_1_23' title="bbox 429 2120 1999 2195">
     <span class='ocr_line' id='line_1_23' title="bbox 429 2120 1999 2195; baseline -0.008 -8"><span class='ocrx_word' id='word_1_167' title='bbox 429 2131 652 2187; x_wconf 87' lang='lat' dir='ltr'><strong>edendis</strong></span> <span class='ocrx_word' id='word_1_168' title='bbox 693 2128 933 2184; x_wconf 86' lang='lat' dir='ltr'><strong>oleribus</strong></span> <span class='ocrx_word' id='word_1_169' title='bbox 968 2127 1052 2182; x_wconf 80' lang='lat' dir='ltr'><strong>lex</strong></span> <span class='ocrx_word' id='word_1_170' title='bbox 1084 2124 1288 2195; x_wconf 90' lang='lat' dir='ltr'><strong>aliquid</strong></span> <span class='ocrx_word' id='word_1_171' title='bbox 1337 2123 1691 2178; x_wconf 80' lang='lat' dir='ltr'><strong>mandaverat</strong></span> <span class='ocrx_word' id='word_1_172' title='bbox 1720 2161 1734 2186; x_wconf 92' lang='lat'><strong>,</strong></span> <span class='ocrx_word' id='word_1_173' title='bbox 1769 2131 1826 2174; x_wconf 94' lang='lat' dir='ltr'><strong>ut</strong></span> <span class='ocrx_word' id='word_1_174' title='bbox 1867 2120 1999 2189; x_wconf 89' lang='lat' dir='ltr'><strong>ipsis</strong></span> 
     </span>
    </p>
   </div>
   <div class='ocr_carea' id='block_1_24' title="bbox 427 2215 1996 2289">
    <p class='ocr_par' dir='ltr' id='par_1_24' title="bbox 427 2215 1996 2289">
     <span class='ocr_line' id='line_1_24' title="bbox 427 2215 1996 2289; baseline -0.008 -10"><span class='ocrx_word' id='word_1_175' title='bbox 427 2222 725 2279; x_wconf 85' lang='lat' dir='ltr'><strong>convenire</strong></span> <span class='ocrx_word' id='word_1_176' title='bbox 763 2222 1013 2276; x_wconf 87' lang='lat' dir='ltr'><strong>videatur</strong></span> <span class='ocrx_word' id='word_1_177' title='bbox 1053 2219 1198 2289; x_wconf 92' lang='lat' dir='ltr'><strong>quod</strong></span> <span class='ocrx_word' id='word_1_178' title='bbox 1237 2217 1316 2272; x_wconf 90' lang='lat' dir='ltr'><strong>ait</strong></span> <span class='ocrx_word' id='word_1_179' title='bbox 1348 2233 1362 2271; x_wconf 90' lang='lat'><strong>:</strong></span> <span class='ocrx_word' id='word_1_180' title='bbox 1402 2215 1507 2284; x_wconf 82' lang='lat' dir='ltr'><strong>Qui</strong></span> <span class='ocrx_word' id='word_1_181' title='bbox 1537 2225 1710 2270; x_wconf 88' lang='lat' dir='ltr'><strong>autem</strong></span> <span class='ocrx_word' id='word_1_182' title='bbox 1753 2215 1996 2282; x_wconf 80' lang='lat' dir='ltr'><strong>inﬁrmus</strong></span> 
     </span>
    </p>
   </div>
   <div class='ocr_carea' id='block_1_25' title="bbox 426 2307 1994 2384">
    <p class='ocr_par' dir='ltr' id='par_1_25' title="bbox 426 2307 1994 2384">
     <span class='ocr_line' id='line_1_25' title="bbox 426 2307 1994 2384; baseline -0.007 -12"><span class='ocrx_word' id='word_1_183' title='bbox 426 2327 527 2384; x_wconf 88' lang='lat' dir='ltr'><strong>est,</strong></span> <span class='ocrx_word' id='word_1_184' title='bbox 551 2315 696 2372; x_wconf 85' lang='lat' dir='ltr'><strong>olera</strong></span> <span class='ocrx_word' id='word_1_185' title='bbox 725 2314 1028 2368; x_wconf 82' lang='lat' dir='ltr'><strong>manducet.</strong></span> <span class='ocrx_word' id='word_1_186' title='bbox 1057 2311 1210 2368; x_wconf 89' lang='lat' dir='ltr'><strong>Unde</strong></span> <span class='ocrx_word' id='word_1_187' title='bbox 1228 2319 1440 2365; x_wconf 88' lang='lat' dir='ltr'><strong>constat</strong></span> <span class='ocrx_word' id='word_1_188' title='bbox 1467 2323 1586 2362; x_wconf 92' lang='lat' dir='ltr'><strong>eum</strong></span> <span class='ocrx_word' id='word_1_189' title='bbox 1611 2308 1676 2364; x_wconf 89' lang='lat' dir='ltr'><strong>de</strong></span> <span class='ocrx_word' id='word_1_190' title='bbox 1706 2309 1826 2362; x_wconf 86' lang='lat' dir='ltr'><strong>cibo</strong></span> <span class='ocrx_word' id='word_1_191' title='bbox 1845 2307 1994 2364; x_wconf 90' lang='lat' dir='ltr'><strong>verbi</strong></span> 
     </span>
    </p>
   </div>
   <div class='ocr_carea' id='block_1_26' title="bbox 426 2399 1997 2473">
    <p class='ocr_par' dir='ltr' id='par_1_26' title="bbox 426 2399 1997 2473">
     <span class='ocr_line' id='line_1_26' title="bbox 426 2399 1997 2473; baseline -0.006 -10"><span class='ocrx_word' id='word_1_192' title='bbox 426 2411 532 2465; x_wconf 89' lang='lat' dir='ltr'><strong>ista</strong></span> <span class='ocrx_word' id='word_1_193' title='bbox 577 2417 815 2462; x_wconf 89' lang='lat' dir='ltr'><strong>tractare</strong></span> <span class='ocrx_word' id='word_1_194' title='bbox 837 2447 852 2473; x_wconf 93' lang='lat'><strong>,</strong></span> <span class='ocrx_word' id='word_1_195' title='bbox 894 2412 948 2462; x_wconf 91' lang='lat' dir='ltr'><strong>et</strong></span> <span class='ocrx_word' id='word_1_196' title='bbox 979 2402 1250 2458; x_wconf 86' lang='lat' dir='ltr'><strong>infirmum</strong></span> <span class='ocrx_word' id='word_1_197' title='bbox 1287 2401 1468 2463; x_wconf 84' lang='lat' dir='ltr'><strong>dicere</strong></span> <span class='ocrx_word' id='word_1_198' title='bbox 1509 2415 1631 2455; x_wconf 88' lang='lat' dir='ltr'><strong>esse</strong></span> <span class='ocrx_word' id='word_1_199' title='bbox 1662 2399 1774 2471; x_wconf 75' lang='lat'><strong>(53)</strong></span> <span class='ocrx_word' id='word_1_200' title='bbox 1809 2400 1859 2454; x_wconf 93' lang='lat' dir='ltr'><strong>iu</strong></span> <span class='ocrx_word' id='word_1_201' title='bbox 1893 2399 1997 2454; x_wconf 79' lang='lat' dir='ltr'><strong>ﬁde</strong></span> 
     </span>
    </p>
   </div>
   <div class='ocr_carea' id='block_1_27' title="bbox 426 2490 1997 2572">
    <p class='ocr_par' dir='ltr' id='par_1_27' title="bbox 426 2490 1997 2572">
     <span class='ocr_line' id='line_1_27' title="bbox 426 2490 1997 2572; baseline -0.008 -16"><span class='ocrx_word' id='word_1_202' title='bbox 426 2516 548 2556; x_wconf 91' lang='lat' dir='ltr'><strong>eum</strong></span> <span class='ocrx_word' id='word_1_203' title='bbox 591 2499 683 2572; x_wconf 90' lang='lat' dir='ltr'><strong>qui</strong></span> <span class='ocrx_word' id='word_1_204' title='bbox 734 2513 838 2553; x_wconf 93' lang='lat' dir='ltr'><strong>non</strong></span> <span class='ocrx_word' id='word_1_205' title='bbox 884 2497 956 2552; x_wconf 90' lang='lat' dir='ltr'><strong>ita</strong></span> <span class='ocrx_word' id='word_1_206' title='bbox 1001 2493 1278 2566; x_wconf 89' lang='lat' dir='ltr'><strong>perfectus</strong></span> <span class='ocrx_word' id='word_1_207' title='bbox 1323 2502 1407 2548; x_wconf 91' lang='lat' dir='ltr'><strong>est</strong></span> <span class='ocrx_word' id='word_1_208' title='bbox 1445 2492 1694 2548; x_wconf 84' lang='lat' dir='ltr'><strong>sensibus</strong></span> <span class='ocrx_word' id='word_1_209' title='bbox 1740 2501 1798 2545; x_wconf 93' lang='lat' dir='ltr'><strong>ut</strong></span> <span class='ocrx_word' id='word_1_210' title='bbox 1826 2490 1997 2559; x_wconf 88' lang='lat' dir='ltr'><strong>possit</strong></span> 
     </span>
    </p>
   </div>
   <div class='ocr_carea' id='block_1_28' title="bbox 424 2583 1996 2652">
    <p class='ocr_par' dir='ltr' id='par_1_28' title="bbox 424 2583 1996 2652">
     <span class='ocr_line' id='line_1_28' title="bbox 424 2583 1996 2652; baseline -0.008 -2"><span class='ocrx_word' id='word_1_211' title='bbox 424 2606 641 2650; x_wconf 88' lang='lat' dir='ltr'><strong>onmem</strong></span> <span class='ocrx_word' id='word_1_212' title='bbox 678 2591 859 2645; x_wconf 89' lang='lat' dir='ltr'><strong>cibum</strong></span> <span class='ocrx_word' id='word_1_213' title='bbox 888 2588 1036 2642; x_wconf 87' lang='lat' dir='ltr'><strong>verbi</strong></span> <span class='ocrx_word' id='word_1_214' title='bbox 1077 2587 1168 2640; x_wconf 90' lang='lat' dir='ltr'><strong>Dei</strong></span> <span class='ocrx_word' id='word_1_215' title='bbox 1192 2598 1428 2650; x_wconf 90' lang='lat' dir='ltr'><strong>sumere,</strong></span> <span class='ocrx_word' id='word_1_216' title='bbox 1459 2585 1603 2638; x_wconf 87' lang='lat' dir='ltr'><strong>sicut</strong></span> <span class='ocrx_word' id='word_1_217' title='bbox 1625 2592 1679 2638; x_wconf 88' lang='lat' dir='ltr'><strong>et</strong></span> <span class='ocrx_word' id='word_1_218' title='bbox 1708 2583 1822 2652; x_wconf 91' lang='lat' dir='ltr'><strong>ipse</strong></span> <span class='ocrx_word' id='word_1_219' title='bbox 1854 2583 1996 2652; x_wconf 85' lang='lat' dir='ltr'><strong>Apo-</strong></span> 
     </span>
    </p>
   </div>
   <div class='ocr_carea' id='block_1_29' title="bbox 425 2677 1994 2747">
    <p class='ocr_par' dir='ltr' id='par_1_29' title="bbox 425 2677 1994 2747">
     <span class='ocr_line' id='line_1_29' title="bbox 425 2677 1994 2747; baseline -0.007 -5"><span class='ocrx_word' id='word_1_220' title='bbox 425 2687 598 2743; x_wconf 88' lang='lat' dir='ltr'><strong>stolus</strong></span> <span class='ocrx_word' id='word_1_221' title='bbox 629 2686 680 2740; x_wconf 91' lang='lat' dir='ltr'><strong>in</strong></span> <span class='ocrx_word' id='word_1_222' title='bbox 723 2685 844 2738; x_wconf 87' lang='lat' dir='ltr'><strong>aliis</strong></span> <span class='ocrx_word' id='word_1_223' title='bbox 886 2683 1018 2736; x_wconf 88' lang='lat' dir='ltr'><strong>dicit</strong></span> <span class='ocrx_word' id='word_1_224' title='bbox 1051 2695 1064 2733; x_wconf 90' lang='lat'><strong>:</strong></span> <span class='ocrx_word' id='word_1_225' title='bbox 1095 2677 1458 2747; x_wconf 77' lang='lat' dir='ltr'><strong>Perfectorum</strong></span> <span class='ocrx_word' id='word_1_226' title='bbox 1504 2686 1679 2736; x_wconf 88' lang='lat' dir='ltr'><strong>autem</strong></span> <span class='ocrx_word' id='word_1_227' title='bbox 1721 2688 1796 2731; x_wconf 86' lang='lat' dir='ltr'><strong>est</strong></span> <span class='ocrx_word' id='word_1_228' title='bbox 1845 2679 1994 2734; x_wconf 80' lang='lat' dir='ltr'><strong>cibus</strong></span> 
     </span>
    </p>
   </div>
   <div class='ocr_carea' id='block_1_30' title="bbox 425 2769 1992 2842">
    <p class='ocr_par' dir='ltr' id='par_1_30' title="bbox 425 2769 1992 2842">
     <span class='ocr_line' id='line_1_30' title="bbox 425 2769 1992 2842; baseline -0.008 -12"><span class='ocrx_word' id='word_1_229' title='bbox 425 2777 646 2839; x_wconf 86' lang='lat' dir='ltr'><strong>solidus,</strong></span> <span class='ocrx_word' id='word_1_230' title='bbox 675 2788 854 2828; x_wconf 85' lang='lat' dir='ltr'><strong>eorum</strong></span> <span class='ocrx_word' id='word_1_231' title='bbox 892 2773 982 2842; x_wconf 87' lang='lat' dir='ltr'><strong>qui</strong></span> <span class='ocrx_word' id='word_1_232' title='bbox 1011 2786 1102 2840; x_wconf 83' lang='lat' dir='ltr'><strong>pro</strong></span> <span class='ocrx_word' id='word_1_233' title='bbox 1134 2769 1479 2838; x_wconf 83' lang='lat' dir='ltr'><strong>possibilitate</strong></span> <span class='ocrx_word' id='word_1_234' title='bbox 1509 2769 1750 2824; x_wconf 83' lang='lat' dir='ltr'><strong>sumendi</strong></span> <span class='ocrx_word' id='word_1_235' title='bbox 1787 2771 1992 2828; x_wconf 74' lang='lat' dir='ltr'><strong>exerci-</strong></span> 
     </span>
    </p>
   </div>
   <div class='ocr_carea' id='block_1_31' title="bbox 426 2859 1988 2921">
    <p class='ocr_par' dir='ltr' id='par_1_31' title="bbox 426 2859 1988 2921">
     <span class='ocr_line' id='line_1_31' title="bbox 426 2859 1988 2921; baseline -0.004 -1"><span class='ocrx_word' id='word_1_236' title='bbox 426 2878 563 2921; x_wconf 85' lang='lat' dir='ltr'><strong>tatos</strong></span> <span class='ocrx_word' id='word_1_237' title='bbox 601 2864 790 2918; x_wconf 82' lang='lat' dir='ltr'><strong>habent</strong></span> <span class='ocrx_word' id='word_1_238' title='bbox 820 2879 1002 2917; x_wconf 80' lang='lat' dir='ltr'><strong>sensus</strong></span> <span class='ocrx_word' id='word_1_239' title='bbox 1031 2864 1099 2920; x_wconf 85' lang='lat' dir='ltr'><strong>ad</strong></span> <span class='ocrx_word' id='word_1_240' title='bbox 1125 2863 1488 2916; x_wconf 85' lang='lat' dir='ltr'><strong>discretionem</strong></span> <span class='ocrx_word' id='word_1_241' title='bbox 1529 2861 1650 2915; x_wconf 90' lang='lat' dir='ltr'><strong>boni</strong></span> <span class='ocrx_word' id='word_1_242' title='bbox 1681 2872 1729 2915; x_wconf 91' lang='lat' dir='ltr'><strong>et</strong></span> <span class='ocrx_word' id='word_1_243' title='bbox 1767 2862 1891 2914; x_wconf 86' lang='lat' dir='ltr'><strong>mali</strong></span> <span class='ocrx_word' id='word_1_244' title='bbox 1919 2859 1988 2914; x_wconf 78' lang='lat'><strong>&quot;.</strong></span> 
     </span>
    </p>
   </div>
   <div class='ocr_carea' id='block_1_32' title="bbox 428 2954 1992 3024">
    <p class='ocr_par' dir='ltr' id='par_1_32' title="bbox 428 2954 1992 3024">
     <span class='ocr_line' id='line_1_32' title="bbox 428 2954 1992 3024; baseline -0.003 -12"><span class='ocrx_word' id='word_1_245' title='bbox 428 2959 494 3023; x_wconf 75' lang='lat' dir='ltr'><strong>Et</strong></span> <span class='ocrx_word' id='word_1_246' title='bbox 517 2960 710 3016; x_wconf 84' lang='lat' dir='ltr'><strong>iterum</strong></span> <span class='ocrx_word' id='word_1_247' title='bbox 744 2957 811 3011; x_wconf 91' lang='lat' dir='ltr'><strong>ad</strong></span> <span class='ocrx_word' id='word_1_248' title='bbox 845 2955 982 3012; x_wconf 89' lang='lat' dir='ltr'><strong>alios</strong></span> <span class='ocrx_word' id='word_1_249' title='bbox 1011 2956 1142 3010; x_wconf 88' lang='lat' dir='ltr'><strong>dicit</strong></span> <span class='ocrx_word' id='word_1_250' title='bbox 1168 2969 1183 3008; x_wconf 91' lang='lat'><strong>:</strong></span> <span class='ocrx_word' id='word_1_251' title='bbox 1211 2954 1315 3010; x_wconf 88' lang='lat' dir='ltr'><strong>Lac</strong></span> <span class='ocrx_word' id='word_1_252' title='bbox 1339 2956 1483 3012; x_wconf 83' lang='lat' dir='ltr'><strong>vobis</strong></span> <span class='ocrx_word' id='word_1_253' title='bbox 1507 2965 1687 3024; x_wconf 86' lang='lat' dir='ltr'><strong>potum</strong></span> <span class='ocrx_word' id='word_1_254' title='bbox 1715 2955 1862 3019; x_wconf 85' lang='lat' dir='ltr'><strong>dedi,</strong></span> <span class='ocrx_word' id='word_1_255' title='bbox 1888 2972 1992 3009; x_wconf 88' lang='lat' dir='ltr'><strong>non</strong></span> 
     </span>
    </p>
   </div>
   <div class='ocr_carea' id='block_1_33' title="bbox 425 3027 2063 3116">
    <p class='ocr_par' dir='ltr' id='par_1_33' title="bbox 425 3027 2063 3116">
     <span class='ocr_line' id='line_1_33' title="bbox 425 3027 2063 3116; baseline -0.002 -13"><span class='ocrx_word' id='word_1_256' title='bbox 425 3066 596 3104; x_wconf 85' lang='lat' dir='ltr'><strong>escam</strong></span> <span class='ocrx_word' id='word_1_257' title='bbox 636 3063 654 3100; x_wconf 93' lang='lat'><strong><em>:</em></strong></span> <span class='ocrx_word' id='word_1_258' title='bbox 686 3049 919 3102; x_wconf 89' lang='lat' dir='ltr'><strong>nondum</strong></span> <span class='ocrx_word' id='word_1_259' title='bbox 956 3045 1096 3100; x_wconf 91' lang='lat' dir='ltr'><strong>enim</strong></span> <span class='ocrx_word' id='word_1_260' title='bbox 1142 3049 1396 3116; x_wconf 87' lang='lat' dir='ltr'><strong>poteratis</strong></span> <span class='ocrx_word' id='word_1_261' title='bbox 1431 3047 1496 3100; x_wconf 75' lang='lat'><strong>&#39;°.</strong></span> <span class='ocrx_word' id='word_1_262' title='bbox 1532 3047 1596 3104; x_wconf 85' lang='lat' dir='ltr'><strong>Et</strong></span> <span class='ocrx_word' id='word_1_263' title='bbox 1637 3045 1879 3116; x_wconf 86' lang='lat' dir='ltr'><strong>nunquid</strong></span> <span class='ocrx_word' id='word_1_264' title='bbox 1917 3046 1990 3100; x_wconf 88' lang='lat' dir='ltr'><strong>ita</strong></span> <span class='ocrx_word' id='word_1_265' title='bbox 2018 3027 2063 3085; x_wconf 71' lang='lat' dir='ltr'><strong>C-</strong></span> 
     </span>
    </p>
   </div>
   <div class='ocr_carea' id='block_1_34' title="bbox 425 3137 2062 3210">
    <p class='ocr_par' dir='ltr' id='par_1_34' title="bbox 425 3137 2062 3210">
     <span class='ocr_line' id='line_1_34' title="bbox 425 3137 2062 3210; baseline -0.001 -18"><span class='ocrx_word' id='word_1_266' title='bbox 425 3139 592 3210; x_wconf 90' lang='lat' dir='ltr'><strong>inepti</strong></span> <span class='ocrx_word' id='word_1_267' title='bbox 625 3137 830 3196; x_wconf 88' lang='lat' dir='ltr'><strong>erimus</strong></span> <span class='ocrx_word' id='word_1_268' title='bbox 857 3177 872 3204; x_wconf 86' lang='lat'><strong>,</strong></span> <span class='ocrx_word' id='word_1_269' title='bbox 918 3149 978 3192; x_wconf 92' lang='lat' dir='ltr'><strong>ut</strong></span> <span class='ocrx_word' id='word_1_270' title='bbox 1013 3147 1263 3207; x_wconf 91' lang='lat' dir='ltr'><strong>putemus</strong></span> <span class='ocrx_word' id='word_1_271' title='bbox 1292 3139 1610 3208; x_wconf 80' lang='lat' dir='ltr'><strong>Aposmlum</strong></span> <span class='ocrx_word' id='word_1_272' title='bbox 1655 3137 1745 3208; x_wconf 89' lang='lat' dir='ltr'><strong>qui</strong></span> <span class='ocrx_word' id='word_1_273' title='bbox 1795 3139 1991 3192; x_wconf 87' lang='lat' dir='ltr'><strong>missus</strong></span> <span class='ocrx_word' id='word_1_274' title='bbox 2059 3171 2062 3174; x_wconf 76' lang='lat'><strong><em>~</em></strong></span> 
     </span>
    </p>
   </div>
   <div class='ocr_carea' id='block_1_35' title="bbox 423 3228 1992 3302">
    <p class='ocr_par' dir='ltr' id='par_1_35' title="bbox 423 3228 1992 3302">
     <span class='ocr_line' id='line_1_35' title="bbox 423 3228 1992 3302; baseline -0.003 -16"><span class='ocrx_word' id='word_1_275' title='bbox 423 3241 505 3286; x_wconf 89' lang='lat' dir='ltr'><strong>cst</strong></span> <span class='ocrx_word' id='word_1_276' title='bbox 534 3230 835 3302; x_wconf 85' lang='lat' dir='ltr'><strong>praedicare</strong></span> <span class='ocrx_word' id='word_1_277' title='bbox 862 3231 1083 3284; x_wconf 87' lang='lat' dir='ltr'><strong>verbum</strong></span> <span class='ocrx_word' id='word_1_278' title='bbox 1111 3229 1228 3294; x_wconf 80' lang='lat' dir='ltr'><strong>Dei,</strong></span> <span class='ocrx_word' id='word_1_279' title='bbox 1266 3229 1348 3283; x_wconf 91' lang='lat' dir='ltr'><strong>Iac</strong></span> <span class='ocrx_word' id='word_1_280' title='bbox 1374 3237 1621 3298; x_wconf 85' lang='lat' dir='ltr'><strong>portasse</strong></span> <span class='ocrx_word' id='word_1_281' title='bbox 1647 3243 1831 3282; x_wconf 90' lang='lat' dir='ltr'><strong>secum</strong></span> <span class='ocrx_word' id='word_1_282' title='bbox 1850 3228 1992 3297; x_wconf 92' lang='lat' dir='ltr'><strong>quod</strong></span> 
     </span>
    </p>
   </div>
   <div class='ocr_carea' id='block_1_36' title="bbox 423 3319 1992 3392">
    <p class='ocr_par' dir='ltr' id='par_1_36' title="bbox 423 3319 1992 3392">
     <span class='ocr_line' id='line_1_36' title="bbox 423 3319 1992 3392; baseline -0.001 -15"><span class='ocrx_word' id='word_1_283' title='bbox 423 3322 720 3380; x_wconf 83' lang='lat' dir='ltr'><strong>Corinthiis</strong></span> <span class='ocrx_word' id='word_1_284' title='bbox 767 3331 950 3392; x_wconf 91' lang='lat' dir='ltr'><strong>potum</strong></span> <span class='ocrx_word' id='word_1_285' title='bbox 984 3321 1138 3377; x_wconf 89' lang='lat' dir='ltr'><strong>daret</strong></span> <span class='ocrx_word' id='word_1_286' title='bbox 1179 3320 1292 3391; x_wconf 77' lang='lat' dir='ltr'><strong>(5i)</strong></span> <span class='ocrx_word' id='word_1_287' title='bbox 1328 3321 1351 3374; x_wconf 82' lang='lat' dir='ltr'><strong>‘l</strong></span> <span class='ocrx_word' id='word_1_288' title='bbox 1387 3319 1493 3374; x_wconf 86' lang='lat' dir='ltr'><strong>Sed</strong></span> <span class='ocrx_word' id='word_1_289' title='bbox 1522 3320 1874 3380; x_wconf 84' lang='lat' dir='ltr'><strong>manifestum</strong></span> <span class='ocrx_word' id='word_1_290' title='bbox 1907 3331 1992 3377; x_wconf 84' lang='lat' dir='ltr'><strong>est</strong></span> 
     </span>
    </p>
   </div>
   <div class='ocr_carea' id='block_1_37' title="bbox 423 3413 1989 3488">
    <p class='ocr_par' dir='ltr' id='par_1_37' title="bbox 423 3413 1989 3488">
     <span class='ocr_line' id='line_1_37' title="bbox 423 3413 1989 3488; baseline -0.003 -16"><span class='ocrx_word' id='word_1_291' title='bbox 423 3419 538 3472; x_wconf 77' lang='lat' dir='ltr'><strong>lucc</strong></span> <span class='ocrx_word' id='word_1_292' title='bbox 585 3432 706 3472; x_wconf 91' lang='lat' dir='ltr'><strong>eum</strong></span> <span class='ocrx_word' id='word_1_293' title='bbox 751 3417 818 3471; x_wconf 91' lang='lat' dir='ltr'><strong>de</strong></span> <span class='ocrx_word' id='word_1_294' title='bbox 845 3415 1106 3484; x_wconf 90' lang='lat' dir='ltr'><strong>qualitate</strong></span> <span class='ocrx_word' id='word_1_295' title='bbox 1135 3416 1284 3470; x_wconf 81' lang='lat' dir='ltr'><strong>verbi</strong></span> <span class='ocrx_word' id='word_1_296' title='bbox 1318 3413 1590 3488; x_wconf 91' lang='lat' dir='ltr'><strong>proloqui,</strong></span> <span class='ocrx_word' id='word_1_297' title='bbox 1617 3424 1668 3468; x_wconf 88' lang='lat' dir='ltr'><strong>et</strong></span> <span class='ocrx_word' id='word_1_298' title='bbox 1702 3423 1989 3486; x_wconf 90' lang='lat' dir='ltr'><strong>propterea</strong></span> 
     </span>
    </p>
   </div>
   <div class='ocr_carea' id='block_1_38' title="bbox 422 3509 1994 3582">
    <p class='ocr_par' dir='ltr' id='par_1_38' title="bbox 422 3509 1994 3582">
     <span class='ocr_line' id='line_1_38' title="bbox 422 3509 1994 3582; baseline -0.001 -18"><span class='ocrx_word' id='word_1_299' title='bbox 422 3513 603 3566; x_wconf 79' lang='lat' dir='ltr'><strong>dicere</strong></span> <span class='ocrx_word' id='word_1_300' title='bbox 633 3511 740 3582; x_wconf 70' lang='grc' dir='ltr'><strong>ε,δί</strong></span> <span class='ocrx_word' id='word_1_301' title='bbox 769 3510 892 3582; x_wconf 91' lang='lat' dir='ltr'><strong>quis</strong></span> <span class='ocrx_word' id='word_1_302' title='bbox 935 3509 1202 3564; x_wconf 86' lang='lat' dir='ltr'><strong>infirmior</strong></span> <span class='ocrx_word' id='word_1_303' title='bbox 1233 3518 1317 3562; x_wconf 92' lang='lat' dir='ltr'><strong>est</strong></span> <span class='ocrx_word' id='word_1_304' title='bbox 1365 3510 1614 3564; x_wconf 87' lang='lat' dir='ltr'><strong>sensibus</strong></span> <span class='ocrx_word' id='word_1_305' title='bbox 1635 3548 1650 3574; x_wconf 95' lang='lat'><strong>,</strong></span> <span class='ocrx_word' id='word_1_306' title='bbox 1675 3518 1728 3561; x_wconf 89' lang='lat' dir='ltr'><strong>et</strong></span> <span class='ocrx_word' id='word_1_307' title='bbox 1773 3524 1876 3562; x_wconf 92' lang='lat' dir='ltr'><strong>non</strong></span> <span class='ocrx_word' id='word_1_308' title='bbox 1909 3515 1994 3562; x_wconf 92' lang='lat' dir='ltr'><strong>est</strong></span> 
     </span>
    </p>
   </div>
   <div class='ocr_carea' id='block_1_39' title="bbox 423 3602 1987 3678">
    <p class='ocr_par' dir='ltr' id='par_1_39' title="bbox 423 3602 1987 3678">
     <span class='ocr_line' id='line_1_39' title="bbox 423 3602 1987 3678; baseline 0.001 -20"><span class='ocrx_word' id='word_1_309' title='bbox 423 3607 494 3660; x_wconf 91' lang='lat' dir='ltr'><strong>ita</strong></span> <span class='ocrx_word' id='word_1_310' title='bbox 523 3605 776 3678; x_wconf 83' lang='lat' dir='ltr'><strong>perfectae</strong></span> <span class='ocrx_word' id='word_1_311' title='bbox 804 3603 926 3658; x_wconf 87' lang='lat' dir='ltr'><strong>fidei</strong></span> <span class='ocrx_word' id='word_1_312' title='bbox 957 3643 972 3667; x_wconf 90' lang='lat'><strong>,</strong></span> <span class='ocrx_word' id='word_1_313' title='bbox 1007 3611 1066 3656; x_wconf 92' lang='lat' dir='ltr'><strong>ut</strong></span> <span class='ocrx_word' id='word_1_314' title='bbox 1097 3603 1162 3658; x_wconf 90' lang='lat' dir='ltr'><strong>de</strong></span> <span class='ocrx_word' id='word_1_315' title='bbox 1191 3602 1577 3659; x_wconf 89' lang='lat' dir='ltr'><strong>secretioribus</strong></span> <span class='ocrx_word' id='word_1_316' title='bbox 1605 3604 1876 3675; x_wconf 82' lang='lat' dir='ltr'><strong>mysteriis</strong></span> <span class='ocrx_word' id='word_1_317' title='bbox 1900 3617 1987 3659; x_wconf 81' lang='lat' dir='ltr'><strong>ca-</strong></span> 
     </span>
    </p>
   </div>
   <div class='ocr_carea' id='block_1_40' title="bbox 422 3695 1992 3772">
    <p class='ocr_par' dir='ltr' id='par_1_40' title="bbox 422 3695 1992 3772">
     <span class='ocr_line' id='line_1_40' title="bbox 422 3695 1992 3772; baseline 0.003 -24"><span class='ocrx_word' id='word_1_318' title='bbox 422 3699 538 3767; x_wconf 82' lang='lat' dir='ltr'><strong>piat</strong></span> <span class='ocrx_word' id='word_1_319' title='bbox 565 3697 813 3762; x_wconf 83' lang='lat' dir='ltr'><strong>verbum,</strong></span> <span class='ocrx_word' id='word_1_320' title='bbox 846 3711 950 3751; x_wconf 90' lang='lat' dir='ltr'><strong>non</strong></span> <span class='ocrx_word' id='word_1_321' title='bbox 985 3695 1186 3751; x_wconf 84' lang='lat' dir='ltr'><strong>debere</strong></span> <span class='ocrx_word' id='word_1_322' title='bbox 1231 3695 1279 3750; x_wconf 91' lang='lat' dir='ltr'><strong>ei</strong></span> <span class='ocrx_word' id='word_1_323' title='bbox 1326 3711 1424 3772; x_wconf 87' lang='lat' dir='ltr'><strong>per</strong></span> <span class='ocrx_word' id='word_1_324' title='bbox 1452 3711 1512 3750; x_wconf 91' lang='lat' dir='ltr'><strong>ea</strong></span> <span class='ocrx_word' id='word_1_325' title='bbox 1542 3711 1660 3766; x_wconf 73' lang='lat' dir='ltr'><strong>qua:</strong></span> <span class='ocrx_word' id='word_1_326' title='bbox 1689 3695 1992 3766; x_wconf 77' lang='lat' dir='ltr'><strong>intelligere</strong></span> 
     </span>
    </p>
   </div>
   <div class='ocr_carea' id='block_1_41' title="bbox 421 3786 1988 3860">
    <p class='ocr_par' dir='ltr' id='par_1_41' title="bbox 421 3786 1988 3860">
     <span class='ocr_line' id='line_1_41' title="bbox 421 3786 1988 3860; baseline 0 -18"><span class='ocrx_word' id='word_1_327' title='bbox 421 3804 530 3844; x_wconf 92' lang='lat' dir='ltr'><strong>non</strong></span> <span class='ocrx_word' id='word_1_328' title='bbox 556 3799 757 3860; x_wconf 88' lang='lat' dir='ltr'><strong>potest,</strong></span> <span class='ocrx_word' id='word_1_329' title='bbox 777 3789 1200 3860; x_wconf 88' lang='lat' dir='ltr'><strong>disceptationes</strong></span> <span class='ocrx_word' id='word_1_330' title='bbox 1227 3788 1614 3858; x_wconf 78' lang='lat' dir='ltr'><strong>cogitationum</strong></span> <span class='ocrx_word' id='word_1_331' title='bbox 1635 3789 1835 3842; x_wconf 81' lang='lat' dir='ltr'><strong>moveri</strong></span> <span class='ocrx_word' id='word_1_332' title='bbox 1851 3786 1988 3859; x_wconf 81' lang='grc'>(55).</span> 
     </span>
    </p>
   </div>
   <div class='ocr_carea' id='block_1_42' title="bbox 423 3879 1988 3950">
    <p class='ocr_par' dir='ltr' id='par_1_42' title="bbox 423 3879 1988 3950">
     <span class='ocr_line' id='line_1_42' title="bbox 423 3879 1988 3950; baseline 0.001 -16"><span class='ocrx_word' id='word_1_333' title='bbox 423 3880 574 3934; x_wconf 80' lang='lat' dir='ltr'><strong>Alius</strong></span> <span class='ocrx_word' id='word_1_334' title='bbox 597 3882 736 3936; x_wconf 87' lang='lat' dir='ltr'><strong>enim</strong></span> <span class='ocrx_word' id='word_1_335' title='bbox 762 3924 776 3948; x_wconf 89' lang='lat'><strong>,</strong></span> <span class='ocrx_word' id='word_1_336' title='bbox 812 3881 1025 3950; x_wconf 89' lang='lat' dir='ltr'><strong>inquit,</strong></span> <span class='ocrx_word' id='word_1_337' title='bbox 1067 3883 1232 3936; x_wconf 86' lang='lat' dir='ltr'><strong>credit</strong></span> <span class='ocrx_word' id='word_1_338' title='bbox 1279 3883 1602 3936; x_wconf 84' lang='lat' dir='ltr'><strong>manducare</strong></span> <span class='ocrx_word' id='word_1_339' title='bbox 1645 3881 1840 3936; x_wconf 81' lang='lat' dir='ltr'><strong>omnia.</strong></span> <span class='ocrx_word' id='word_1_340' title='bbox 1872 3879 1988 3936; x_wconf 85' lang='lat' dir='ltr'><strong>Non</strong></span> 
     </span>
    </p>
   </div>
   <div class='ocr_carea' id='block_1_43' title="bbox 423 3972 1992 4043">
    <p class='ocr_par' dir='ltr' id='par_1_43' title="bbox 423 3972 1992 4043">
     <span class='ocr_line' id='line_1_43' title="bbox 423 3972 1992 4043; baseline 0.001 -14"><span class='ocrx_word' id='word_1_341' title='bbox 423 3989 520 4041; x_wconf 86' lang='lat' dir='ltr'><strong>per</strong></span> <span class='ocrx_word' id='word_1_342' title='bbox 565 3973 680 4027; x_wconf 75' lang='lat' dir='ltr'><strong>inec</strong></span> <span class='ocrx_word' id='word_1_343' title='bbox 727 3972 926 4028; x_wconf 83' lang='lat' dir='ltr'><strong>Paulus</strong></span> <span class='ocrx_word' id='word_1_344' title='bbox 977 3976 1044 4029; x_wconf 88' lang='lat' dir='ltr'><strong>ad</strong></span> <span class='ocrx_word' id='word_1_345' title='bbox 1088 3975 1272 4030; x_wconf 88' lang='lat' dir='ltr'><strong>omnia</strong></span> <span class='ocrx_word' id='word_1_346' title='bbox 1314 3975 1643 4029; x_wconf 82' lang='lat' dir='ltr'><strong>comedenda</strong></span> <span class='ocrx_word' id='word_1_347' title='bbox 1697 3972 1992 4043; x_wconf 86' lang='lat' dir='ltr'><strong>discipulos</strong></span> 
     </span>
    </p>
   </div>
   <div class='ocr_carea' id='block_1_44' title="bbox 422 4063 1989 4136">
    <p class='ocr_par' dir='ltr' id='par_1_44' title="bbox 422 4063 1989 4136">
     <span class='ocr_line' id='line_1_44' title="bbox 422 4063 1989 4136; baseline 0 -19"><span class='ocrx_word' id='word_1_348' title='bbox 422 4065 702 4130; x_wconf 75' lang='lat' dir='ltr'><strong>hortatur;</strong></span> <span class='ocrx_word' id='word_1_349' title='bbox 735 4077 835 4118; x_wconf 91' lang='lat' dir='ltr'><strong>nec</strong></span> <span class='ocrx_word' id='word_1_350' title='bbox 869 4065 1005 4133; x_wconf 76' lang='lat' dir='ltr'><strong>gula:</strong></span> <span class='ocrx_word' id='word_1_351' title='bbox 1054 4073 1109 4118; x_wconf 89' lang='lat' dir='ltr'><strong>et</strong></span> <span class='ocrx_word' id='word_1_352' title='bbox 1150 4065 1379 4135; x_wconf 81' lang='lat' dir='ltr'><strong>gurgitis</strong></span> <span class='ocrx_word' id='word_1_353' title='bbox 1426 4077 1509 4119; x_wconf 91' lang='lat' dir='ltr'><strong>est</strong></span> <span class='ocrx_word' id='word_1_354' title='bbox 1547 4064 1803 4136; x_wconf 75' lang='lat' dir='ltr'><strong>magiSIer</strong></span> <span class='ocrx_word' id='word_1_355' title='bbox 1841 4083 1853 4118; x_wconf 90' lang='lat'><strong>:</strong></span> <span class='ocrx_word' id='word_1_356' title='bbox 1892 4063 1989 4120; x_wconf 89' lang='lat' dir='ltr'><strong>sed</strong></span> 
     </span>
    </p>
   </div>
   <div class='ocr_carea' id='block_1_45' title="bbox 421 4151 1987 4226">
    <p class='ocr_par' dir='ltr' id='par_1_45' title="bbox 421 4151 1987 4226">
     <span class='ocr_line' id='line_1_45' title="bbox 421 4151 1987 4226; baseline 0.003 -22"><span class='ocrx_word' id='word_1_357' title='bbox 421 4156 488 4207; x_wconf 88' lang='lat' dir='ltr'><strong>de</strong></span> <span class='ocrx_word' id='word_1_358' title='bbox 530 4152 635 4206; x_wconf 91' lang='lat' dir='ltr'><strong>illis</strong></span> <span class='ocrx_word' id='word_1_359' title='bbox 659 4151 778 4206; x_wconf 89' lang='lat' dir='ltr'><strong>sine</strong></span> <span class='ocrx_word' id='word_1_360' title='bbox 806 4153 970 4207; x_wconf 89' lang='lat' dir='ltr'><strong>dubio</strong></span> <span class='ocrx_word' id='word_1_361' title='bbox 998 4153 1147 4217; x_wconf 89' lang='lat' dir='ltr'><strong>dicit,</strong></span> <span class='ocrx_word' id='word_1_362' title='bbox 1177 4169 1408 4224; x_wconf 88' lang='lat' dir='ltr'><strong>quorum</strong></span> <span class='ocrx_word' id='word_1_363' title='bbox 1445 4155 1579 4210; x_wconf 84' lang='lat' dir='ltr'><strong>ﬁdes</strong></span> <span class='ocrx_word' id='word_1_364' title='bbox 1619 4155 1852 4226; x_wconf 89' lang='lat' dir='ltr'><strong>perfecta</strong></span> <span class='ocrx_word' id='word_1_365' title='bbox 1881 4162 1987 4219; x_wconf 91' lang='lat' dir='ltr'><strong>est,</strong></span> 
     </span>
    </p>
   </div>
   <div class='ocr_carea' id='block_1_46' title="bbox 421 4245 1982 4326">
    <p class='ocr_par' dir='ltr' id='par_1_46' title="bbox 421 4245 1982 4326">
     <span class='ocr_line' id='line_1_46' title="bbox 421 4245 1982 4326; baseline 0 -25"><span class='ocrx_word' id='word_1_366' title='bbox 421 4256 479 4301; x_wconf 88' lang='lat' dir='ltr'><strong>ct</strong></span> <span class='ocrx_word' id='word_1_367' title='bbox 507 4245 673 4302; x_wconf 90' lang='lat' dir='ltr'><strong>nullis</strong></span> <span class='ocrx_word' id='word_1_368' title='bbox 703 4246 755 4301; x_wconf 90' lang='lat' dir='ltr'><strong>in</strong></span> <span class='ocrx_word' id='word_1_369' title='bbox 775 4248 942 4302; x_wconf 89' lang='lat' dir='ltr'><strong>verbo</strong></span> <span class='ocrx_word' id='word_1_370' title='bbox 971 4247 1067 4301; x_wconf 85' lang='lat' dir='ltr'><strong>Dei</strong></span> <span class='ocrx_word' id='word_1_371' title='bbox 1087 4248 1501 4304; x_wconf 88' lang='lat' dir='ltr'><strong>discretionibus</strong></span> <span class='ocrx_word' id='word_1_372' title='bbox 1523 4253 1814 4320; x_wconf 87' lang='lat' dir='ltr'><strong>impeditur</strong></span> <span class='ocrx_word' id='word_1_373' title='bbox 1833 4247 1943 4326; x_wconf 80' lang='grc'>(56)</span> <span class='ocrx_word' id='word_1_374' title='bbox 1969 4284 1982 4320; x_wconf 62' lang='grc' dir='ltr'><strong>ε</strong></span> 
     </span>
    </p>
   </div>
   <div class='ocr_carea' id='block_1_47' title="bbox 2113 432 3681 507">
    <p class='ocr_par' dir='ltr' id='par_1_47' title="bbox 2113 432 3681 507">
     <span class='ocr_line' id='line_1_47' title="bbox 2113 432 3681 507; baseline -0.004 -13"><span class='ocrx_word' id='word_1_375' title='bbox 2113 450 2222 494; x_wconf 89' lang='lat' dir='ltr'><strong>tum</strong></span> <span class='ocrx_word' id='word_1_376' title='bbox 2274 448 2524 494; x_wconf 84' lang='lat' dir='ltr'><strong>sanctum</strong></span> <span class='ocrx_word' id='word_1_377' title='bbox 2575 439 2929 507; x_wconf 89' lang='lat' dir='ltr'><strong>acciperent,</strong></span> <span class='ocrx_word' id='word_1_378' title='bbox 2977 436 3262 492; x_wconf 87' lang='lat' dir='ltr'><strong>dicebatur</strong></span> <span class='ocrx_word' id='word_1_379' title='bbox 3313 449 3341 485; x_wconf 90' lang='lat' dir='ltr'><strong>a</strong></span> <span class='ocrx_word' id='word_1_380' title='bbox 3395 432 3621 487; x_wconf 91' lang='lat' dir='ltr'><strong>Domino</strong></span> <span class='ocrx_word' id='word_1_381' title='bbox 3662 448 3681 486; x_wconf 87' lang='lat'><strong>:</strong></span> 
     </span>
    </p>
   </div>
   <div class='ocr_carea' id='block_1_48' title="bbox 2110 527 3690 599">
    <p class='ocr_par' dir='ltr' id='par_1_48' title="bbox 2110 527 3690 599">
     <span class='ocr_line' id='line_1_48' title="bbox 2110 527 3690 599; baseline -0.006 -11"><span class='ocrx_word' id='word_1_382' title='bbox 2110 532 2283 588; x_wconf 76' lang='lat' dir='ltr'><strong>Multa</strong></span> <span class='ocrx_word' id='word_1_383' title='bbox 2323 531 2492 584; x_wconf 79' lang='lat' dir='ltr'><strong>adhuc</strong></span> <span class='ocrx_word' id='word_1_384' title='bbox 2524 531 2688 586; x_wconf 78' lang='lat' dir='ltr'><strong>habeo</strong></span> <span class='ocrx_word' id='word_1_385' title='bbox 2709 545 2824 599; x_wconf 80' lang='lat' dir='ltr'><strong>qua:</strong></span> <span class='ocrx_word' id='word_1_386' title='bbox 2852 529 3036 596; x_wconf 83' lang='lat' dir='ltr'><strong>loquar</strong></span> <span class='ocrx_word' id='word_1_387' title='bbox 3069 528 3246 587; x_wconf 81' lang='lat' dir='ltr'><strong>vobis;</strong></span> <span class='ocrx_word' id='word_1_388' title='bbox 3279 527 3369 582; x_wconf 81' lang='lat' dir='ltr'><strong>sed</strong></span> <span class='ocrx_word' id='word_1_389' title='bbox 3406 542 3512 580; x_wconf 88' lang='lat' dir='ltr'><strong>non</strong></span> <span class='ocrx_word' id='word_1_390' title='bbox 3537 536 3690 594; x_wconf 87' lang='lat' dir='ltr'><strong>pote-</strong></span> 
     </span>
    </p>
   </div>
   <div class='ocr_carea' id='block_1_49' title="bbox 2108 617 3691 684">
    <p class='ocr_par' dir='ltr' id='par_1_49' title="bbox 2108 617 3691 684">
     <span class='ocr_line' id='line_1_49' title="bbox 2108 617 3691 684; baseline -0.004 -9"><span class='ocrx_word' id='word_1_391' title='bbox 2108 623 2201 675; x_wconf 86' lang='lat' dir='ltr'><strong>stis</strong></span> <span class='ocrx_word' id='word_1_392' title='bbox 2227 621 2320 675; x_wconf 88' lang='lat' dir='ltr'><strong>illa</strong></span> <span class='ocrx_word' id='word_1_393' title='bbox 2343 622 2496 674; x_wconf 86' lang='lat' dir='ltr'><strong>modo</strong></span> <span class='ocrx_word' id='word_1_394' title='bbox 2527 620 2734 674; x_wconf 88' lang='lat' dir='ltr'><strong>audire.</strong></span> <span class='ocrx_word' id='word_1_395' title='bbox 2774 618 2956 674; x_wconf 85' lang='lat' dir='ltr'><strong>Veniet</strong></span> <span class='ocrx_word' id='word_1_396' title='bbox 2994 630 3170 674; x_wconf 83' lang='lat' dir='ltr'><strong>autem</strong></span> <span class='ocrx_word' id='word_1_397' title='bbox 3208 617 3518 674; x_wconf 79' lang='lat' dir='ltr'><strong>Paracletus</strong></span> <span class='ocrx_word' id='word_1_398' title='bbox 3555 617 3691 684; x_wconf 84' lang='lat' dir='ltr'><strong>Spi-</strong></span> 
     </span>
    </p>
   </div>
   <div class='ocr_carea' id='block_1_50' title="bbox 2108 706 3696 780">
    <p class='ocr_par' dir='ltr' id='par_1_50' title="bbox 2108 706 3696 780">
     <span class='ocr_line' id='line_1_50' title="bbox 2108 706 3696 780; baseline -0.004 -10"><span class='ocrx_word' id='word_1_399' title='bbox 2108 715 2244 770; x_wconf 86' lang='lat' dir='ltr'><strong>ritus</strong></span> <span class='ocrx_word' id='word_1_400' title='bbox 2276 713 2539 777; x_wconf 80' lang='lat' dir='ltr'><strong>veritatis,</strong></span> <span class='ocrx_word' id='word_1_401' title='bbox 2563 726 2609 766; x_wconf 89' lang='lat' dir='ltr'><strong>et</strong></span> <span class='ocrx_word' id='word_1_402' title='bbox 2635 713 2742 780; x_wconf 87' lang='lat' dir='ltr'><strong>ipse</strong></span> <span class='ocrx_word' id='word_1_403' title='bbox 2780 727 2867 764; x_wconf 85' lang='lat' dir='ltr'><strong>vos</strong></span> <span class='ocrx_word' id='word_1_404' title='bbox 2887 711 3087 764; x_wconf 86' lang='lat' dir='ltr'><strong>docebit</strong></span> <span class='ocrx_word' id='word_1_405' title='bbox 3112 711 3289 763; x_wconf 86' lang='lat' dir='ltr'><strong>omnia</strong></span> <span class='ocrx_word' id='word_1_406' title='bbox 3310 709 3378 763; x_wconf 84' lang='grc'><strong>⁶¹.</strong></span> <span class='ocrx_word' id='word_1_407' title='bbox 3412 706 3521 764; x_wconf 86' lang='lat' dir='ltr'><strong>ista</strong></span> <span class='ocrx_word' id='word_1_408' title='bbox 3559 715 3696 764; x_wconf 68' lang='lat' dir='ltr'><strong>sunt</strong></span> 
     </span>
    </p>
   </div>
   <div class='ocr_carea' id='block_1_51' title="bbox 2108 797 3696 870">
    <p class='ocr_par' dir='ltr' id='par_1_51' title="bbox 2108 797 3696 870">
     <span class='ocr_line' id='line_1_51' title="bbox 2108 797 3696 870; baseline -0.002 -15"><span class='ocrx_word' id='word_1_409' title='bbox 2108 816 2238 870; x_wconf 79' lang='lat' dir='ltr'><strong>ergo</strong></span> <span class='ocrx_word' id='word_1_410' title='bbox 2268 800 2449 854; x_wconf 90' lang='lat' dir='ltr'><strong>omnia</strong></span> <span class='ocrx_word' id='word_1_411' title='bbox 2494 814 2616 869; x_wconf 77' lang='lat' dir='ltr'><strong>qua:</strong></span> <span class='ocrx_word' id='word_1_412' title='bbox 2650 800 2824 854; x_wconf 87' lang='lat' dir='ltr'><strong>credit</strong></span> <span class='ocrx_word' id='word_1_413' title='bbox 2855 799 3184 858; x_wconf 83' lang='lat' dir='ltr'><strong>manducare</strong></span> <span class='ocrx_word' id='word_1_414' title='bbox 3211 799 3257 852; x_wconf 91' lang='lat' dir='ltr'><strong>is</strong></span> <span class='ocrx_word' id='word_1_415' title='bbox 3285 798 3375 868; x_wconf 90' lang='lat' dir='ltr'><strong>qui</strong></span> <span class='ocrx_word' id='word_1_416' title='bbox 3422 812 3521 866; x_wconf 90' lang='lat' dir='ltr'><strong>pro</strong></span> <span class='ocrx_word' id='word_1_417' title='bbox 3560 797 3696 858; x_wconf 86' lang='lat' dir='ltr'><strong>lidei</strong></span> 
     </span>
    </p>
   </div>
   <div class='ocr_carea' id='block_1_52' title="bbox 2108 889 3692 962">
    <p class='ocr_par' dir='ltr' id='par_1_52' title="bbox 2108 889 3692 962">
     <span class='ocr_line' id='line_1_52' title="bbox 2108 889 3692 962; baseline -0.003 -16"><span class='ocrx_word' id='word_1_418' title='bbox 2108 891 2444 961; x_wconf 80' lang='lat' dir='ltr'><strong>perfectione</strong></span> <span class='ocrx_word' id='word_1_419' title='bbox 2477 906 2574 961; x_wconf 90' lang='lat' dir='ltr'><strong>per</strong></span> <span class='ocrx_word' id='word_1_420' title='bbox 2611 891 2845 959; x_wconf 81' lang='lat' dir='ltr'><strong>gratiam</strong></span> <span class='ocrx_word' id='word_1_421' title='bbox 2875 889 3049 948; x_wconf 83' lang='lat' dir='ltr'><strong>sancti</strong></span> <span class='ocrx_word' id='word_1_422' title='bbox 3077 889 3312 962; x_wconf 86' lang='lat' dir='ltr'><strong>Spiritus</strong></span> <span class='ocrx_word' id='word_1_423' title='bbox 3338 903 3512 957; x_wconf 89' lang='lat' dir='ltr'><strong>capax</strong></span> <span class='ocrx_word' id='word_1_424' title='bbox 3532 889 3692 944; x_wconf 83' lang='lat' dir='ltr'><strong>verbi</strong></span> 
     </span>
    </p>
   </div>
   <div class='ocr_carea' id='block_1_53' title="bbox 2107 980 3690 1051">
    <p class='ocr_par' dir='ltr' id='par_1_53' title="bbox 2107 980 3690 1051">
     <span class='ocr_line' id='line_1_53' title="bbox 2107 980 3690 1051; baseline -0.001 -15"><span class='ocrx_word' id='word_1_425' title='bbox 2107 983 2422 1038; x_wconf 86' lang='lat' dir='ltr'><strong>secretioris</strong></span> <span class='ocrx_word' id='word_1_426' title='bbox 2448 983 2739 1040; x_wconf 78' lang='lat' dir='ltr'><strong>exstiterit.</strong></span> <span class='ocrx_word' id='word_1_427' title='bbox 2769 980 2942 1040; x_wconf 85' lang='lat' dir='ltr'><strong>liabet</strong></span> <span class='ocrx_word' id='word_1_428' title='bbox 2975 991 3154 1036; x_wconf 89' lang='lat' dir='ltr'><strong>tamen</strong></span> <span class='ocrx_word' id='word_1_429' title='bbox 3187 989 3241 1036; x_wconf 92' lang='lat' dir='ltr'><strong>et</strong></span> <span class='ocrx_word' id='word_1_430' title='bbox 3266 980 3517 1040; x_wconf 80' lang='lat' dir='ltr'><strong>infirmus</strong></span> <span class='ocrx_word' id='word_1_431' title='bbox 3536 981 3690 1051; x_wconf 88' lang='lat' dir='ltr'><strong>quod</strong></span> 
     </span>
    </p>
   </div>
   <div class='ocr_carea' id='block_1_54' title="bbox 2107 1071 3692 1144">
    <p class='ocr_par' dir='ltr' id='par_1_54' title="bbox 2107 1071 3692 1144">
     <span class='ocr_line' id='line_1_54' title="bbox 2107 1071 3692 1144; baseline -0.003 -14"><span class='ocrx_word' id='word_1_432' title='bbox 2107 1085 2284 1136; x_wconf 80' lang='lat' dir='ltr'><strong>sumat</strong></span> <span class='ocrx_word' id='word_1_433' title='bbox 2327 1089 2392 1132; x_wconf 74' lang='lat' dir='ltr'><strong>ex</strong></span> <span class='ocrx_word' id='word_1_434' title='bbox 2438 1074 2602 1128; x_wconf 89' lang='lat' dir='ltr'><strong>verbo</strong></span> <span class='ocrx_word' id='word_1_435' title='bbox 2633 1073 2770 1137; x_wconf 90' lang='lat' dir='ltr'><strong>Dei,</strong></span> <span class='ocrx_word' id='word_1_436' title='bbox 2814 1082 2870 1127; x_wconf 90' lang='lat' dir='ltr'><strong>et</strong></span> <span class='ocrx_word' id='word_1_437' title='bbox 2895 1082 2980 1128; x_wconf 89' lang='lat' dir='ltr'><strong>est</strong></span> <span class='ocrx_word' id='word_1_438' title='bbox 3007 1072 3216 1142; x_wconf 83' lang='lat' dir='ltr'><strong>species</strong></span> <span class='ocrx_word' id='word_1_439' title='bbox 3246 1074 3496 1144; x_wconf 71' lang='lat' dir='ltr'><strong>quaedam</strong></span> <span class='ocrx_word' id='word_1_440' title='bbox 3531 1071 3692 1126; x_wconf 87' lang='lat' dir='ltr'><strong>verbi</strong></span> 
     </span>
    </p>
   </div>
   <div class='ocr_carea' id='block_1_55' title="bbox 2107 1161 3694 1236">
    <p class='ocr_par' dir='ltr' id='par_1_55' title="bbox 2107 1161 3694 1236">
     <span class='ocr_line' id='line_1_55' title="bbox 2107 1161 3694 1236; baseline -0.001 -18"><span class='ocrx_word' id='word_1_441' title='bbox 2107 1181 2269 1236; x_wconf 87' lang='lat' dir='ltr'><strong>quam</strong></span> <span class='ocrx_word' id='word_1_442' title='bbox 2295 1165 2380 1220; x_wconf 83' lang='lat' dir='ltr'><strong>hic</strong></span> <span class='ocrx_word' id='word_1_443' title='bbox 2409 1161 2700 1234; x_wconf 81' lang='lat' dir='ltr'><strong>Apostolus</strong></span> <span class='ocrx_word' id='word_1_444' title='bbox 2726 1163 2869 1224; x_wconf 81' lang='lat' dir='ltr'><strong>olera</strong></span> <span class='ocrx_word' id='word_1_445' title='bbox 2901 1163 3218 1232; x_wconf 85' lang='lat' dir='ltr'><strong>appellavit,</strong></span> <span class='ocrx_word' id='word_1_446' title='bbox 3252 1179 3373 1233; x_wconf 76' lang='lat' dir='ltr'><strong>qua:</strong></span> <span class='ocrx_word' id='word_1_447' title='bbox 3406 1162 3694 1218; x_wconf 84' lang='lat' dir='ltr'><strong>audientis</strong></span> 
     </span>
    </p>
   </div>
   <div class='ocr_carea' id='block_1_56' title="bbox 2105 1253 3691 1320">
    <p class='ocr_par' dir='ltr' id='par_1_56' title="bbox 2105 1253 3691 1320">
     <span class='ocr_line' id='line_1_56' title="bbox 2105 1253 3691 1320; baseline -0.003 -11"><span class='ocrx_word' id='word_1_448' title='bbox 2105 1271 2327 1310; x_wconf 83' lang='lat' dir='ltr'><strong>sensum</strong></span> <span class='ocrx_word' id='word_1_449' title='bbox 2353 1269 2460 1308; x_wconf 92' lang='lat' dir='ltr'><strong>non</strong></span> <span class='ocrx_word' id='word_1_450' title='bbox 2492 1263 2603 1309; x_wconf 84' lang='lat' dir='ltr'><strong>tam</strong></span> <span class='ocrx_word' id='word_1_451' title='bbox 2641 1254 2918 1310; x_wconf 86' lang='lat' dir='ltr'><strong>robustum</strong></span> <span class='ocrx_word' id='word_1_452' title='bbox 2951 1253 3141 1310; x_wconf 87' lang='lat' dir='ltr'><strong>reddat</strong></span> <span class='ocrx_word' id='word_1_453' title='bbox 3166 1262 3220 1308; x_wconf 88' lang='lat' dir='ltr'><strong>et</strong></span> <span class='ocrx_word' id='word_1_454' title='bbox 3258 1253 3479 1314; x_wconf 83' lang='lat' dir='ltr'><strong>fortem,</strong></span> <span class='ocrx_word' id='word_1_455' title='bbox 3515 1266 3691 1320; x_wconf 86' lang='lat' dir='ltr'><strong>quam</strong></span> 
     </span>
    </p>
   </div>
   <div class='ocr_carea' id='block_1_57' title="bbox 2103 1341 3693 1415">
    <p class='ocr_par' dir='ltr' id='par_1_57' title="bbox 2103 1341 3693 1415">
     <span class='ocr_line' id='line_1_57' title="bbox 2103 1341 3693 1415; baseline -0.002 -18"><span class='ocrx_word' id='word_1_456' title='bbox 2103 1342 2270 1414; x_wconf 74' lang='lat'><strong>660</strong></span> <span class='ocrx_word' id='word_1_457' title='bbox 2309 1351 2579 1397; x_wconf 88' lang='lat' dir='ltr'><strong>sustentet</strong></span> <span class='ocrx_word' id='word_1_458' title='bbox 2610 1352 2666 1396; x_wconf 88' lang='lat' dir='ltr'><strong>et</strong></span> <span class='ocrx_word' id='word_1_459' title='bbox 2700 1341 2925 1398; x_wconf 89' lang='lat' dir='ltr'><strong>interire</strong></span> <span class='ocrx_word' id='word_1_460' title='bbox 2959 1357 3064 1398; x_wconf 90' lang='lat' dir='ltr'><strong>non</strong></span> <span class='ocrx_word' id='word_1_461' title='bbox 3096 1341 3261 1398; x_wconf 86' lang='lat' dir='ltr'><strong>faciat</strong></span> <span class='ocrx_word' id='word_1_462' title='bbox 3289 1343 3426 1415; x_wconf 82' lang='lat'><strong>(57).</strong></span> <span class='ocrx_word' id='word_1_463' title='bbox 3457 1341 3515 1394; x_wconf 87' lang='lat' dir='ltr'><strong>in</strong></span> <span class='ocrx_word' id='word_1_464' title='bbox 3544 1341 3693 1394; x_wconf 74' lang='lat' dir='ltr'><strong>tnui-</strong></span> 
     </span>
    </p>
   </div>
   <div class='ocr_carea' id='block_1_58' title="bbox 2108 1434 3690 1505">
    <p class='ocr_par' dir='ltr' id='par_1_58' title="bbox 2108 1434 3690 1505">
     <span class='ocr_line' id='line_1_58' title="bbox 2108 1434 3690 1505; baseline -0.002 -13"><span class='ocrx_word' id='word_1_465' title='bbox 2108 1436 2176 1492; x_wconf 84' lang='lat' dir='ltr'><strong>tis</strong></span> <span class='ocrx_word' id='word_1_466' title='bbox 2208 1435 2408 1490; x_wconf 89' lang='lat' dir='ltr'><strong>etenim</strong></span> <span class='ocrx_word' id='word_1_467' title='bbox 2439 1434 2878 1492; x_wconf 88' lang='lat' dir='ltr'><strong>deinterioribus</strong></span> <span class='ocrx_word' id='word_1_468' title='bbox 2903 1434 3097 1489; x_wconf 78' lang='lat' dir='ltr'><strong>aniune</strong></span> <span class='ocrx_word' id='word_1_469' title='bbox 3127 1436 3377 1490; x_wconf 86' lang='lat' dir='ltr'><strong>sensibus</strong></span> <span class='ocrx_word' id='word_1_470' title='bbox 3394 1435 3690 1505; x_wconf 80' lang='lat' dir='ltr'><strong>Scriptura</strong></span> 
     </span>
    </p>
   </div>
   <div class='ocr_carea' id='block_1_59' title="bbox 2105 1526 3688 1596">
    <p class='ocr_par' dir='ltr' id='par_1_59' title="bbox 2105 1526 3688 1596">
     <span class='ocr_line' id='line_1_59' title="bbox 2105 1526 3688 1596; baseline 0.001 -15"><span class='ocrx_word' id='word_1_471' title='bbox 2105 1526 2285 1581; x_wconf 88' lang='lat' dir='ltr'><strong>divina</strong></span> <span class='ocrx_word' id='word_1_472' title='bbox 2312 1526 2464 1595; x_wconf 89' lang='lat' dir='ltr'><strong>quasi</strong></span> <span class='ocrx_word' id='word_1_473' title='bbox 2496 1527 2562 1580; x_wconf 91' lang='lat' dir='ltr'><strong>de</strong></span> <span class='ocrx_word' id='word_1_474' title='bbox 2581 1526 2945 1582; x_wconf 83' lang='lat' dir='ltr'><strong>exterioribus</strong></span> <span class='ocrx_word' id='word_1_475' title='bbox 2973 1527 3220 1594; x_wconf 87' lang='lat' dir='ltr'><strong>corporis</strong></span> <span class='ocrx_word' id='word_1_476' title='bbox 3243 1527 3487 1596; x_wconf 89' lang='lat' dir='ltr'><strong>loquitur</strong></span> <span class='ocrx_word' id='word_1_477' title='bbox 3511 1543 3688 1582; x_wconf 78' lang='lat' dir='ltr'><strong>mem-</strong></span> 
     </span>
    </p>
   </div>
   <div class='ocr_carea' id='block_1_60' title="bbox 2105 1621 3683 1690">
    <p class='ocr_par' dir='ltr' id='par_1_60' title="bbox 2105 1621 3683 1690">
     <span class='ocr_line' id='line_1_60' title="bbox 2105 1621 3683 1690; baseline 0 -14"><span class='ocrx_word' id='word_1_478' title='bbox 2105 1622 2251 1684; x_wconf 86' lang='lat' dir='ltr'><strong>bris;</strong></span> <span class='ocrx_word' id='word_1_479' title='bbox 2288 1630 2342 1676; x_wconf 92' lang='lat' dir='ltr'><strong>et</strong></span> <span class='ocrx_word' id='word_1_480' title='bbox 2371 1621 2511 1676; x_wconf 91' lang='lat' dir='ltr'><strong>sicut</strong></span> <span class='ocrx_word' id='word_1_481' title='bbox 2553 1635 2693 1690; x_wconf 65' lang='lat' dir='ltr'><strong>saepe</strong></span> <span class='ocrx_word' id='word_1_482' title='bbox 2724 1621 3006 1676; x_wconf 90' lang='lat' dir='ltr'><strong>docuimus</strong></span> <span class='ocrx_word' id='word_1_483' title='bbox 3040 1622 3350 1676; x_wconf 88' lang='lat' dir='ltr'><strong>interiorem</strong></span> <span class='ocrx_word' id='word_1_484' title='bbox 3398 1624 3683 1677; x_wconf 82' lang='lat' dir='ltr'><strong>hcininem</strong></span> 
     </span>
    </p>
   </div>
   <div class='ocr_carea' id='block_1_61' title="bbox 2035 1699 3687 1776">
    <p class='ocr_par' dir='ltr' id='par_1_61' title="bbox 2035 1699 3687 1776">
     <span class='ocr_line' id='line_1_61' title="bbox 2035 1699 3687 1776; baseline 0.001 -13"><span class='ocrx_word' id='word_1_485' title='bbox 2035 1699 2076 1756; x_wconf 80' lang='grc' dir='ltr'><strong>Β</strong></span> <span class='ocrx_word' id='word_1_486' title='bbox 2108 1710 2190 1767; x_wconf 90' lang='lat' dir='ltr'><strong>vel</strong></span> <span class='ocrx_word' id='word_1_487' title='bbox 2217 1711 2402 1765; x_wconf 88' lang='lat' dir='ltr'><strong>videre</strong></span> <span class='ocrx_word' id='word_1_488' title='bbox 2429 1749 2445 1776; x_wconf 93' lang='lat'><strong>,</strong></span> <span class='ocrx_word' id='word_1_489' title='bbox 2476 1709 2558 1764; x_wconf 85' lang='lat' dir='ltr'><strong>vel</strong></span> <span class='ocrx_word' id='word_1_490' title='bbox 2591 1709 2780 1764; x_wconf 89' lang='lat' dir='ltr'><strong>audire</strong></span> <span class='ocrx_word' id='word_1_491' title='bbox 2804 1749 2820 1774; x_wconf 91' lang='lat'><strong>,</strong></span> <span class='ocrx_word' id='word_1_492' title='bbox 2848 1708 2930 1763; x_wconf 86' lang='lat' dir='ltr'><strong>vel</strong></span> <span class='ocrx_word' id='word_1_493' title='bbox 2969 1710 3251 1764; x_wconf 86' lang='lat' dir='ltr'><strong>ambulare</strong></span> <span class='ocrx_word' id='word_1_494' title='bbox 3281 1711 3573 1774; x_wconf 87' lang='lat' dir='ltr'><strong>nominari,</strong></span> <span class='ocrx_word' id='word_1_495' title='bbox 3611 1712 3687 1764; x_wconf 83' lang='lat' dir='ltr'><strong>ita</strong></span> 
     </span>
    </p>
   </div>
   <div class='ocr_carea' id='block_1_62' title="bbox 2102 1800 3682 1869">
    <p class='ocr_par' dir='ltr' id='par_1_62' title="bbox 2102 1800 3682 1869">
     <span class='ocr_line' id='line_1_62' title="bbox 2102 1800 3682 1869; baseline 0 -13"><span class='ocrx_word' id='word_1_496' title='bbox 2102 1810 2157 1856; x_wconf 89' lang='lat' dir='ltr'><strong>et</strong></span> <span class='ocrx_word' id='word_1_497' title='bbox 2193 1815 2334 1854; x_wconf 88' lang='lat' dir='ltr'><strong>nunc</strong></span> <span class='ocrx_word' id='word_1_498' title='bbox 2370 1801 2487 1869; x_wconf 81' lang='lat' dir='ltr'><strong>ipse</strong></span> <span class='ocrx_word' id='word_1_499' title='bbox 2535 1800 2765 1854; x_wconf 89' lang='lat' dir='ltr'><strong>interior</strong></span> <span class='ocrx_word' id='word_1_500' title='bbox 2811 1801 2973 1862; x_wconf 82' lang='lat' dir='ltr'><strong>homo</strong></span> <span class='ocrx_word' id='word_1_501' title='bbox 3005 1809 3094 1854; x_wconf 91' lang='lat' dir='ltr'><strong>aut</strong></span> <span class='ocrx_word' id='word_1_502' title='bbox 3125 1815 3342 1854; x_wconf 87' lang='lat' dir='ltr'><strong>omnem</strong></span> <span class='ocrx_word' id='word_1_503' title='bbox 3378 1802 3560 1856; x_wconf 86' lang='lat' dir='ltr'><strong>cibum</strong></span> <span class='ocrx_word' id='word_1_504' title='bbox 3599 1803 3682 1856; x_wconf 83' lang='lat' dir='ltr'><strong>di-</strong></span> 
     </span>
    </p>
   </div>
   <div class='ocr_carea' id='block_1_63' title="bbox 2103 1890 3683 1961">
    <p class='ocr_par' dir='ltr' id='par_1_63' title="bbox 2103 1890 3683 1961">
     <span class='ocr_line' id='line_1_63' title="bbox 2103 1890 3683 1961; baseline 0.001 -15"><span class='ocrx_word' id='word_1_505' title='bbox 2103 1892 2245 1946; x_wconf 89' lang='lat' dir='ltr'><strong>citur</strong></span> <span class='ocrx_word' id='word_1_506' title='bbox 2272 1906 2430 1960; x_wconf 89' lang='lat' dir='ltr'><strong>posse</strong></span> <span class='ocrx_word' id='word_1_507' title='bbox 2459 1891 2734 1961; x_wconf 89' lang='lat' dir='ltr'><strong>percipere</strong></span> <span class='ocrx_word' id='word_1_508' title='bbox 2772 1892 2816 1947; x_wconf 89' lang='lat' dir='ltr'><strong>si</strong></span> <span class='ocrx_word' id='word_1_509' title='bbox 2855 1890 3128 1961; x_wconf 82' lang='lat' dir='ltr'><strong>perlectus</strong></span> <span class='ocrx_word' id='word_1_510' title='bbox 3157 1902 3266 1956; x_wconf 86' lang='lat' dir='ltr'><strong>est,</strong></span> <span class='ocrx_word' id='word_1_511' title='bbox 3299 1901 3391 1948; x_wconf 88' lang='lat' dir='ltr'><strong>aut</strong></span> <span class='ocrx_word' id='word_1_512' title='bbox 3433 1895 3478 1946; x_wconf 94' lang='lat' dir='ltr'><strong>si</strong></span> <span class='ocrx_word' id='word_1_513' title='bbox 3525 1893 3683 1948; x_wconf 80' lang='lat' dir='ltr'><strong>infir-</strong></span> 
     </span>
    </p>
   </div>
   <div class='ocr_carea' id='block_1_64' title="bbox 2103 1981 3680 2052">
    <p class='ocr_par' dir='ltr' id='par_1_64' title="bbox 2103 1981 3680 2052">
     <span class='ocr_line' id='line_1_64' title="bbox 2103 1981 3680 2052; baseline 0.001 -16"><span class='ocrx_word' id='word_1_514' title='bbox 2103 1998 2222 2036; x_wconf 91' lang='lat' dir='ltr'><strong>mus</strong></span> <span class='ocrx_word' id='word_1_515' title='bbox 2252 1992 2334 2038; x_wconf 87' lang='lat' dir='ltr'><strong>est</strong></span> <span class='ocrx_word' id='word_1_516' title='bbox 2364 1983 2513 2038; x_wconf 85' lang='lat' dir='ltr'><strong>olera</strong></span> <span class='ocrx_word' id='word_1_517' title='bbox 2565 1981 2917 2038; x_wconf 88' lang='lat' dir='ltr'><strong>manducare.</strong></span> <span class='ocrx_word' id='word_1_518' title='bbox 2950 1983 3056 2038; x_wconf 86' lang='lat' dir='ltr'><strong>Sed</strong></span> <span class='ocrx_word' id='word_1_519' title='bbox 3112 1993 3172 2036; x_wconf 90' lang='lat' dir='ltr'><strong>ut</strong></span> <span class='ocrx_word' id='word_1_520' title='bbox 3217 1983 3583 2052; x_wconf 81' lang='lat' dir='ltr'><strong>perfecturum</strong></span> <span class='ocrx_word' id='word_1_521' title='bbox 3625 1986 3680 2038; x_wconf 86' lang='lat' dir='ltr'><strong>in</strong></span> 
     </span>
    </p>
   </div>
   <div class='ocr_carea' id='block_1_65' title="bbox 2102 2072 3681 2143">
    <p class='ocr_par' dir='ltr' id='par_1_65' title="bbox 2102 2072 3681 2143">
     <span class='ocr_line' id='line_1_65' title="bbox 2102 2072 3681 2143; baseline -0.001 -13"><span class='ocrx_word' id='word_1_522' title='bbox 2102 2073 2345 2130; x_wconf 83' lang='lat' dir='ltr'><strong>Ecclesia</strong></span> <span class='ocrx_word' id='word_1_523' title='bbox 2391 2072 2740 2128; x_wconf 89' lang='lat' dir='ltr'><strong>concordiam</strong></span> <span class='ocrx_word' id='word_1_524' title='bbox 2785 2081 2841 2126; x_wconf 91' lang='lat' dir='ltr'><strong>et</strong></span> <span class='ocrx_word' id='word_1_525' title='bbox 2880 2072 3318 2142; x_wconf 88' lang='lat' dir='ltr'><strong>imperfectornm</strong></span> <span class='ocrx_word' id='word_1_526' title='bbox 3360 2073 3510 2143; x_wconf 85' lang='lat'><strong>(58),</strong></span> <span class='ocrx_word' id='word_1_527' title='bbox 3551 2083 3681 2130; x_wconf 82' lang='lat' dir='ltr'><strong>tan-</strong></span> 
     </span>
    </p>
   </div>
   <div class='ocr_carea' id='block_1_66' title="bbox 2099 2164 3676 2236">
    <p class='ocr_par' dir='ltr' id='par_1_66' title="bbox 2099 2164 3676 2236">
     <span class='ocr_line' id='line_1_66' title="bbox 2099 2164 3676 2236; baseline 0.002 -18"><span class='ocrx_word' id='word_1_528' title='bbox 2099 2180 2262 2236; x_wconf 90' lang='lat' dir='ltr'><strong>quam</strong></span> <span class='ocrx_word' id='word_1_529' title='bbox 2295 2165 2704 2220; x_wconf 88' lang='lat' dir='ltr'><strong>inboncstorum</strong></span> <span class='ocrx_word' id='word_1_530' title='bbox 2733 2164 2788 2218; x_wconf 91' lang='lat' dir='ltr'><strong>in</strong></span> <span class='ocrx_word' id='word_1_531' title='bbox 2823 2177 3053 2233; x_wconf 88' lang='lat' dir='ltr'><strong>corpore</strong></span> <span class='ocrx_word' id='word_1_532' title='bbox 3105 2165 3464 2220; x_wconf 88' lang='lat' dir='ltr'><strong>membrorum</strong></span> <span class='ocrx_word' id='word_1_533' title='bbox 3499 2167 3676 2220; x_wconf 84' lang='lat' dir='ltr'><strong>hone-</strong></span> 
     </span>
    </p>
   </div>
   <div class='ocr_carea' id='block_1_67' title="bbox 2099 2254 3696 2330">
    <p class='ocr_par' dir='ltr' id='par_1_67' title="bbox 2099 2254 3696 2330">
     <span class='ocr_line' id='line_1_67' title="bbox 2099 2254 3696 2330; baseline -0.001 -17"><span class='ocrx_word' id='word_1_534' title='bbox 2099 2267 2418 2326; x_wconf 88' lang='lat' dir='ltr'><strong>storumque</strong></span> <span class='ocrx_word' id='word_1_535' title='bbox 2451 2263 2762 2326; x_wconf 86' lang='lat' dir='ltr'><strong>componat,</strong></span> <span class='ocrx_word' id='word_1_536' title='bbox 2793 2269 2893 2309; x_wconf 91' lang='lat' dir='ltr'><strong>nec</strong></span> <span class='ocrx_word' id='word_1_537' title='bbox 2919 2254 3185 2312; x_wconf 86' lang='lat' dir='ltr'><strong>habeatur</strong></span> <span class='ocrx_word' id='word_1_538' title='bbox 3225 2258 3278 2310; x_wconf 90' lang='lat' dir='ltr'><strong>in</strong></span> <span class='ocrx_word' id='word_1_539' title='bbox 3314 2256 3392 2312; x_wconf 88' lang='lat' dir='ltr'><strong>eis</strong></span> <span class='ocrx_word' id='word_1_540' title='bbox 3420 2257 3530 2310; x_wconf 88' lang='lat' dir='ltr'><strong>ulla</strong></span> <span class='ocrx_word' id='word_1_541' title='bbox 3559 2257 3696 2330; x_wconf 87' lang='lat' dir='ltr'><strong>dis-_</strong></span> 
     </span>
    </p>
   </div>
   <div class='ocr_carea' id='block_1_68' title="bbox 2098 2345 3680 2412">
    <p class='ocr_par' dir='ltr' id='par_1_68' title="bbox 2098 2345 3680 2412">
     <span class='ocr_line' id='line_1_68' title="bbox 2098 2345 3680 2412; baseline -0.001 -8"><span class='ocrx_word' id='word_1_542' title='bbox 2098 2350 2301 2412; x_wconf 84' lang='lat' dir='ltr'><strong>sensio,</strong></span> <span class='ocrx_word' id='word_1_543' title='bbox 2333 2346 2466 2403; x_wconf 85' lang='lat' dir='ltr'><strong>dicit</strong></span> <span class='ocrx_word' id='word_1_544' title='bbox 2490 2347 2535 2378; x_wconf 75' lang='lat'><strong>“</strong></span> <span class='ocrx_word' id='word_1_545' title='bbox 2566 2364 2581 2402; x_wconf 92' lang='lat'><strong>:</strong></span> <span class='ocrx_word' id='word_1_546' title='bbox 2617 2345 2719 2412; x_wconf 77' lang='lat' dir='ltr'><strong>Qui</strong></span> <span class='ocrx_word' id='word_1_547' title='bbox 2758 2346 3042 2404; x_wconf 77' lang='lat' dir='ltr'><strong>manducet</strong></span> <span class='ocrx_word' id='word_1_548' title='bbox 3064 2386 3078 2411; x_wconf 96' lang='lat'><strong>,</strong></span> <span class='ocrx_word' id='word_1_549' title='bbox 3121 2363 3223 2408; x_wconf 86' lang='lat' dir='ltr'><strong>non</strong></span> <span class='ocrx_word' id='word_1_550' title='bbox 3263 2349 3680 2403; x_wconf 79' lang='lat' dir='ltr'><strong>manducantem</strong></span> 
     </span>
    </p>
   </div>
   <div class='ocr_carea' id='block_1_69' title="bbox 2099 2437 3678 2508">
    <p class='ocr_par' dir='ltr' id='par_1_69' title="bbox 2099 2437 3678 2508">
     <span class='ocr_line' id='line_1_69' title="bbox 2099 2437 3678 2508; baseline -0.003 -12"><span class='ocrx_word' id='word_1_551' title='bbox 2099 2456 2203 2496; x_wconf 83' lang='lat' dir='ltr'><strong>non</strong></span> <span class='ocrx_word' id='word_1_552' title='bbox 2236 2447 2445 2508; x_wconf 84' lang='lat' dir='ltr'><strong>spernat</strong></span> <span class='ocrx_word' id='word_1_553' title='bbox 2481 2453 2500 2491; x_wconf 90' lang='lat'><strong><em>:</em></strong></span> <span class='ocrx_word' id='word_1_554' title='bbox 2538 2447 2585 2492; x_wconf 86' lang='lat' dir='ltr'><strong>et</strong></span> <span class='ocrx_word' id='word_1_555' title='bbox 2625 2437 2713 2506; x_wconf 85' lang='lat' dir='ltr'><strong>qui</strong></span> <span class='ocrx_word' id='word_1_556' title='bbox 2751 2453 2855 2492; x_wconf 85' lang='lat' dir='ltr'><strong>non</strong></span> <span class='ocrx_word' id='word_1_557' title='bbox 2898 2438 3183 2490; x_wconf 82' lang='lat' dir='ltr'><strong>manducat</strong></span> <span class='ocrx_word' id='word_1_558' title='bbox 3207 2475 3224 2500; x_wconf 92' lang='lat'><strong>,</strong></span> <span class='ocrx_word' id='word_1_559' title='bbox 3261 2441 3678 2493; x_wconf 81' lang='lat' dir='ltr'><strong>manducantem</strong></span> 
     </span>
    </p>
   </div>
   <div class='ocr_carea' id='block_1_70' title="bbox 2098 2527 3682 2599">
    <p class='ocr_par' dir='ltr' id='par_1_70' title="bbox 2098 2527 3682 2599">
     <span class='ocr_line' id='line_1_70' title="bbox 2098 2527 3682 2599; baseline 0 -15"><span class='ocrx_word' id='word_1_560' title='bbox 2098 2545 2206 2590; x_wconf 61' lang='lat' dir='ltr'><strong>non,</strong></span> <span class='ocrx_word' id='word_1_561' title='bbox 2231 2531 2461 2599; x_wconf 80' lang='lat' dir='ltr'><strong>judicct.</strong></span> <span class='ocrx_word' id='word_1_562' title='bbox 2505 2527 2615 2581; x_wconf 86' lang='lat' dir='ltr'><strong>lloc</strong></span> <span class='ocrx_word' id='word_1_563' title='bbox 2643 2537 2727 2582; x_wconf 87' lang='lat' dir='ltr'><strong>est</strong></span> <span class='ocrx_word' id='word_1_564' title='bbox 2757 2528 2899 2596; x_wconf 88' lang='lat' dir='ltr'><strong>quod</strong></span> <span class='ocrx_word' id='word_1_565' title='bbox 2929 2539 2981 2580; x_wconf 84' lang='lat' dir='ltr'><strong>et</strong></span> <span class='ocrx_word' id='word_1_566' title='bbox 3026 2527 3150 2582; x_wconf 87' lang='lat' dir='ltr'><strong>alibi</strong></span> <span class='ocrx_word' id='word_1_567' title='bbox 3193 2527 3324 2582; x_wconf 86' lang='lat' dir='ltr'><strong>dicit</strong></span> <span class='ocrx_word' id='word_1_568' title='bbox 3352 2547 3367 2582; x_wconf 86' lang='lat'><strong>:</strong></span> <span class='ocrx_word' id='word_1_569' title='bbox 3402 2529 3541 2596; x_wconf 83' lang='lat' dir='ltr'><strong>Quia</strong></span> <span class='ocrx_word' id='word_1_570' title='bbox 3570 2547 3682 2594; x_wconf 66' lang='lat' dir='ltr'><strong>non</strong></span> 
     </span>
    </p>
   </div>
   <div class='ocr_carea' id='block_1_71' title="bbox 2094 2617 3680 2688">
    <p class='ocr_par' dir='ltr' id='par_1_71' title="bbox 2094 2617 3680 2688">
     <span class='ocr_line' id='line_1_71' title="bbox 2094 2617 3680 2688; baseline 0.002 -18"><span class='ocrx_word' id='word_1_571' title='bbox 2094 2627 2255 2688; x_wconf 84' lang='lat' dir='ltr'><strong>potest</strong></span> <span class='ocrx_word' id='word_1_572' title='bbox 2280 2620 2454 2672; x_wconf 88' lang='lat' dir='ltr'><strong>dicere</strong></span> <span class='ocrx_word' id='word_1_573' title='bbox 2485 2617 2665 2672; x_wconf 89' lang='lat' dir='ltr'><strong>oculus</strong></span> <span class='ocrx_word' id='word_1_574' title='bbox 2699 2620 2882 2674; x_wconf 84' lang='lat' dir='ltr'><strong>manui</strong></span> <span class='ocrx_word' id='word_1_575' title='bbox 2903 2635 2920 2670; x_wconf 85' lang='lat'><strong><em>:</em></strong></span> <span class='ocrx_word' id='word_1_576' title='bbox 2943 2617 3065 2670; x_wconf 81' lang='lat' dir='ltr'><strong>Non</strong></span> <span class='ocrx_word' id='word_1_577' title='bbox 3093 2635 3146 2676; x_wconf 80' lang='lat' dir='ltr'><strong>es</strong></span> <span class='ocrx_word' id='word_1_578' title='bbox 3178 2621 3304 2673; x_wconf 80' lang='lat' dir='ltr'><strong>mihi</strong></span> <span class='ocrx_word' id='word_1_579' title='bbox 3332 2622 3680 2687; x_wconf 74' lang='lat' dir='ltr'><strong>necessaria;</strong></span> 
     </span>
    </p>
   </div>
   <div class='ocr_carea' id='block_1_72' title="bbox 2094 2707 3681 2779">
    <p class='ocr_par' dir='ltr' id='par_1_72' title="bbox 2094 2707 3681 2779">
     <span class='ocr_line' id='line_1_72' title="bbox 2094 2707 3681 2779; baseline 0.003 -17"><span class='ocrx_word' id='word_1_580' title='bbox 2094 2721 2139 2762; x_wconf 90' lang='lat' dir='ltr'><strong>et</strong></span> <span class='ocrx_word' id='word_1_581' title='bbox 2166 2719 2320 2779; x_wconf 87' lang='lat' dir='ltr'><strong>caput</strong></span> <span class='ocrx_word' id='word_1_582' title='bbox 2342 2709 2558 2777; x_wconf 82' lang='lat' dir='ltr'><strong>pedibus</strong></span> <span class='ocrx_word' id='word_1_583' title='bbox 2591 2721 2608 2760; x_wconf 89' lang='lat'><strong><em>:</em></strong></span> <span class='ocrx_word' id='word_1_584' title='bbox 2639 2707 2762 2762; x_wconf 81' lang='lat' dir='ltr'><strong>Non</strong></span> <span class='ocrx_word' id='word_1_585' title='bbox 2796 2709 3034 2764; x_wconf 79' lang='lat' dir='ltr'><strong>desidero</strong></span> <span class='ocrx_word' id='word_1_586' title='bbox 3062 2726 3270 2778; x_wconf 85' lang='lat' dir='ltr'><strong>operam</strong></span> <span class='ocrx_word' id='word_1_587' title='bbox 3298 2721 3547 2766; x_wconf 73' lang='lat' dir='ltr'><strong>vestram.</strong></span> <span class='ocrx_word' id='word_1_588' title='bbox 3567 2711 3681 2767; x_wconf 83' lang='lat' dir='ltr'><strong>Sed</strong></span> 
     </span>
    </p>
   </div>
   <div class='ocr_carea' id='block_1_73' title="bbox 2095 2801 3679 2870">
    <p class='ocr_par' dir='ltr' id='par_1_73' title="bbox 2095 2801 3679 2870">
     <span class='ocr_line' id='line_1_73' title="bbox 2095 2801 3679 2870; baseline 0.001 -16"><span class='ocrx_word' id='word_1_589' title='bbox 2095 2801 2258 2856; x_wconf 82' lang='lat' dir='ltr'><strong>multo</strong></span> <span class='ocrx_word' id='word_1_590' title='bbox 2289 2804 2455 2870; x_wconf 86' lang='lat' dir='ltr'><strong>magis</strong></span> <span class='ocrx_word' id='word_1_591' title='bbox 2482 2816 2597 2868; x_wconf 80' lang='lat' dir='ltr'><strong>qua:</strong></span> <span class='ocrx_word' id='word_1_592' title='bbox 2633 2801 2871 2854; x_wconf 83' lang='lat' dir='ltr'><strong>videntur</strong></span> <span class='ocrx_word' id='word_1_593' title='bbox 2906 2801 3134 2860; x_wconf 82' lang='lat' dir='ltr'><strong>ntembra</strong></span> <span class='ocrx_word' id='word_1_594' title='bbox 3175 2803 3412 2869; x_wconf 86' lang='lat' dir='ltr'><strong>corporis</strong></span> <span class='ocrx_word' id='word_1_595' title='bbox 3446 2803 3679 2858; x_wconf 80' lang='lat' dir='ltr'><strong>inhone-</strong></span> 
     </span>
    </p>
   </div>
   <div class='ocr_carea' id='block_1_74' title="bbox 2093 2891 3676 2962">
    <p class='ocr_par' dir='ltr' id='par_1_74' title="bbox 2093 2891 3676 2962">
     <span class='ocr_line' id='line_1_74' title="bbox 2093 2891 3676 2962; baseline 0.004 -19"><span class='ocrx_word' id='word_1_596' title='bbox 2093 2893 2258 2944; x_wconf 89' lang='lat' dir='ltr'><strong>stiora</strong></span> <span class='ocrx_word' id='word_1_597' title='bbox 2291 2907 2423 2956; x_wconf 81' lang='lat' dir='ltr'><strong>esse,</strong></span> <span class='ocrx_word' id='word_1_598' title='bbox 2459 2891 2752 2944; x_wconf 84' lang='lat' dir='ltr'><strong>necessaria</strong></span> <span class='ocrx_word' id='word_1_599' title='bbox 2787 2899 2908 2942; x_wconf 88' lang='lat' dir='ltr'><strong>sunt</strong></span> <span class='ocrx_word' id='word_1_600' title='bbox 2952 2891 3018 2945; x_wconf 73' lang='grc'><strong>⁸⁵.</strong></span> <span class='ocrx_word' id='word_1_601' title='bbox 3047 2891 3112 2946; x_wconf 87' lang='lat' dir='ltr'><strong>Et</strong></span> <span class='ocrx_word' id='word_1_602' title='bbox 3149 2892 3234 2946; x_wconf 86' lang='lat' dir='ltr'><strong>bis</strong></span> <span class='ocrx_word' id='word_1_603' title='bbox 3272 2908 3404 2962; x_wconf 79' lang='lat' dir='ltr'><strong>ergo</strong></span> <span class='ocrx_word' id='word_1_604' title='bbox 3434 2909 3676 2962; x_wconf 84' lang='lat' dir='ltr'><strong>quorum</strong></span> 
     </span>
    </p>
   </div>
   <div class='ocr_carea' id='block_1_75' title="bbox 2097 2981 3681 3050">
    <p class='ocr_par' dir='ltr' id='par_1_75' title="bbox 2097 2981 3681 3050">
     <span class='ocr_line' id='line_1_75' title="bbox 2097 2981 3681 3050; baseline 0.001 -14"><span class='ocrx_word' id='word_1_605' title='bbox 2097 2981 2229 3038; x_wconf 82' lang='lat' dir='ltr'><strong>ﬁdes</strong></span> <span class='ocrx_word' id='word_1_606' title='bbox 2251 2991 2400 3036; x_wconf 87' lang='lat' dir='ltr'><strong>tanta</strong></span> <span class='ocrx_word' id='word_1_607' title='bbox 2430 2992 2510 3034; x_wconf 84' lang='lat' dir='ltr'><strong>est</strong></span> <span class='ocrx_word' id='word_1_608' title='bbox 2539 2990 2595 3036; x_wconf 88' lang='lat' dir='ltr'><strong>ut</strong></span> <span class='ocrx_word' id='word_1_609' title='bbox 2633 2983 2814 3038; x_wconf 89' lang='lat' dir='ltr'><strong>omnia</strong></span> <span class='ocrx_word' id='word_1_610' title='bbox 2849 2984 3055 3050; x_wconf 87' lang='lat' dir='ltr'><strong>possint</strong></span> <span class='ocrx_word' id='word_1_611' title='bbox 3081 2984 3435 3048; x_wconf 86' lang='lat' dir='ltr'><strong>manducare,</strong></span> <span class='ocrx_word' id='word_1_612' title='bbox 3475 2995 3530 3040; x_wconf 87' lang='lat' dir='ltr'><strong>et</strong></span> <span class='ocrx_word' id='word_1_613' title='bbox 3555 3001 3681 3042; x_wconf 79' lang='lat' dir='ltr'><strong>oin-</strong></span> 
     </span>
    </p>
   </div>
   <div class='ocr_carea' id='block_1_76' title="bbox 2101 3075 3676 3145">
    <p class='ocr_par' dir='ltr' id='par_1_76' title="bbox 2101 3075 3676 3145">
     <span class='ocr_line' id='line_1_76' title="bbox 2101 3075 3676 3145; baseline -0.001 -13"><span class='ocrx_word' id='word_1_614' title='bbox 2101 3093 2220 3132; x_wconf 87' lang='lat' dir='ltr'><strong>nem</strong></span> <span class='ocrx_word' id='word_1_615' title='bbox 2275 3075 2422 3130; x_wconf 82' lang='lat' dir='ltr'><strong>verbi</strong></span> <span class='ocrx_word' id='word_1_616' title='bbox 2455 3075 2688 3144; x_wconf 88' lang='lat' dir='ltr'><strong>speciem</strong></span> <span class='ocrx_word' id='word_1_617' title='bbox 2743 3089 2940 3145; x_wconf 85' lang='lat' dir='ltr'><strong>capere</strong></span> <span class='ocrx_word' id='word_1_618' title='bbox 2993 3090 3059 3132; x_wconf 86' lang='lat' dir='ltr'><strong>ne</strong></span> <span class='ocrx_word' id='word_1_619' title='bbox 3090 3076 3409 3145; x_wconf 88' lang='lat' dir='ltr'><strong>superbiant</strong></span> <span class='ocrx_word' id='word_1_620' title='bbox 3433 3087 3488 3130; x_wconf 92' lang='lat' dir='ltr'><strong>et</strong></span> <span class='ocrx_word' id='word_1_621' title='bbox 3519 3093 3676 3145; x_wconf 86' lang='lat' dir='ltr'><strong>sper-</strong></span> 
     </span>
    </p>
   </div>
   <div class='ocr_carea' id='block_1_77' title="bbox 2098 3165 3676 3240">
    <p class='ocr_par' dir='ltr' id='par_1_77' title="bbox 2098 3165 3676 3240">
     <span class='ocr_line' id='line_1_77' title="bbox 2098 3165 3676 3240; baseline 0.001 -18"><span class='ocrx_word' id='word_1_622' title='bbox 2098 3177 2230 3224; x_wconf 88' lang='lat' dir='ltr'><strong>nant</strong></span> <span class='ocrx_word' id='word_1_623' title='bbox 2277 3183 2370 3222; x_wconf 87' lang='lat' dir='ltr'><strong>eos</strong></span> <span class='ocrx_word' id='word_1_624' title='bbox 2412 3170 2502 3240; x_wconf 87' lang='lat' dir='ltr'><strong>qui</strong></span> <span class='ocrx_word' id='word_1_625' title='bbox 2548 3165 2836 3222; x_wconf 79' lang='lat' dir='ltr'><strong>inferiores</strong></span> <span class='ocrx_word' id='word_1_626' title='bbox 2877 3175 3002 3222; x_wconf 89' lang='lat' dir='ltr'><strong>sunt</strong></span> <span class='ocrx_word' id='word_1_627' title='bbox 3047 3168 3324 3238; x_wconf 81' lang='lat' dir='ltr'><strong>praecipit;</strong></span> <span class='ocrx_word' id='word_1_628' title='bbox 3359 3179 3417 3221; x_wconf 89' lang='lat' dir='ltr'><strong>ct</strong></span> <span class='ocrx_word' id='word_1_629' title='bbox 3451 3185 3676 3224; x_wconf 85' lang='lat' dir='ltr'><strong>rursum</strong></span> 
     </span>
    </p>
   </div>
   <div class='ocr_carea' id='block_1_78' title="bbox 2096 3259 3676 3330">
    <p class='ocr_par' dir='ltr' id='par_1_78' title="bbox 2096 3259 3676 3330">
     <span class='ocr_line' id='line_1_78' title="bbox 2096 3259 3676 3330; baseline 0 -15"><span class='ocrx_word' id='word_1_630' title='bbox 2096 3261 2180 3315; x_wconf 86' lang='lat' dir='ltr'><strong>bis</strong></span> <span class='ocrx_word' id='word_1_631' title='bbox 2211 3261 2299 3330; x_wconf 90' lang='lat' dir='ltr'><strong>qui</strong></span> <span class='ocrx_word' id='word_1_632' title='bbox 2337 3262 2622 3329; x_wconf 87' lang='lat' dir='ltr'><strong>incapaces</strong></span> <span class='ocrx_word' id='word_1_633' title='bbox 2669 3269 2800 3314; x_wconf 89' lang='lat' dir='ltr'><strong>sunt</strong></span> <span class='ocrx_word' id='word_1_634' title='bbox 2845 3259 3192 3330; x_wconf 88' lang='lat' dir='ltr'><strong>perfectioris</strong></span> <span class='ocrx_word' id='word_1_635' title='bbox 3219 3262 3486 3316; x_wconf 68' lang='lat' dir='ltr'><strong>doctrina:</strong></span> <span class='ocrx_word' id='word_1_636' title='bbox 3515 3278 3676 3316; x_wconf 79' lang='lat' dir='ltr'><strong>mau-</strong></span> 
     </span>
    </p>
   </div>
   <div class='ocr_carea' id='block_1_79' title="bbox 2095 3351 3678 3421">
    <p class='ocr_par' dir='ltr' id='par_1_79' title="bbox 2095 3351 3678 3421">
     <span class='ocr_line' id='line_1_79' title="bbox 2095 3351 3678 3421; baseline 0 -15"><span class='ocrx_word' id='word_1_637' title='bbox 2095 3352 2189 3410; x_wconf 89' lang='lat' dir='ltr'><strong>dat</strong></span> <span class='ocrx_word' id='word_1_638' title='bbox 2216 3366 2283 3406; x_wconf 91' lang='lat' dir='ltr'><strong>ne</strong></span> <span class='ocrx_word' id='word_1_639' title='bbox 2308 3351 2552 3421; x_wconf 88' lang='lat' dir='ltr'><strong>judicent</strong></span> <span class='ocrx_word' id='word_1_640' title='bbox 2573 3366 2668 3406; x_wconf 90' lang='lat' dir='ltr'><strong>eos</strong></span> <span class='ocrx_word' id='word_1_641' title='bbox 2705 3365 2937 3420; x_wconf 90' lang='lat' dir='ltr'><strong>quorum</strong></span> <span class='ocrx_word' id='word_1_642' title='bbox 2968 3367 3157 3412; x_wconf 84' lang='lat' dir='ltr'><strong>sensus</strong></span> <span class='ocrx_word' id='word_1_643' title='bbox 3195 3355 3448 3420; x_wconf 90' lang='lat' dir='ltr'><strong>capacior</strong></span> <span class='ocrx_word' id='word_1_644' title='bbox 3473 3362 3581 3418; x_wconf 77' lang='lat' dir='ltr'><strong>est,</strong></span> <span class='ocrx_word' id='word_1_645' title='bbox 3625 3363 3678 3408; x_wconf 87' lang='lat' dir='ltr'><strong>et</strong></span> 
     </span>
    </p>
   </div>
   <div class='ocr_carea' id='block_1_80' title="bbox 2095 3441 3681 3514">
    <p class='ocr_par' dir='ltr' id='par_1_80' title="bbox 2095 3441 3681 3514">
     <span class='ocr_line' id='line_1_80' title="bbox 2095 3441 3681 3514; baseline 0.003 -17"><span class='ocrx_word' id='word_1_646' title='bbox 2095 3443 2405 3504; x_wconf 85' lang='lat' dir='ltr'><strong>intellectus</strong></span> <span class='ocrx_word' id='word_1_647' title='bbox 2428 3442 2775 3498; x_wconf 89' lang='lat' dir='ltr'><strong>eminentior.</strong></span> <span class='ocrx_word' id='word_1_648' title='bbox 2805 3441 2993 3502; x_wconf 84' lang='lat' dir='ltr'><strong>Solent</strong></span> <span class='ocrx_word' id='word_1_649' title='bbox 3016 3446 3159 3500; x_wconf 87' lang='lat' dir='ltr'><strong>enim</strong></span> <span class='ocrx_word' id='word_1_650' title='bbox 3189 3461 3451 3514; x_wconf 86' lang='lat' dir='ltr'><strong>perverso</strong></span> <span class='ocrx_word' id='word_1_651' title='bbox 3476 3447 3681 3503; x_wconf 84' lang='lat' dir='ltr'><strong>ordine</strong></span> 
     </span>
    </p>
   </div>
   <div class='ocr_carea' id='block_1_81' title="bbox 2095 3535 3678 3606">
    <p class='ocr_par' dir='ltr' id='par_1_81' title="bbox 2095 3535 3678 3606">
     <span class='ocr_line' id='line_1_81' title="bbox 2095 3535 3678 3606; baseline 0 -16"><span class='ocrx_word' id='word_1_652' title='bbox 2095 3537 2328 3606; x_wconf 91' lang='lat' dir='ltr'><strong>imperiti</strong></span> <span class='ocrx_word' id='word_1_653' title='bbox 2357 3537 2559 3606; x_wconf 89' lang='lat' dir='ltr'><strong>peritos</strong></span> <span class='ocrx_word' id='word_1_654' title='bbox 2581 3535 2863 3606; x_wconf 85' lang='lat' dir='ltr'><strong>judicare,</strong></span> <span class='ocrx_word' id='word_1_655' title='bbox 2909 3548 2966 3592; x_wconf 90' lang='lat' dir='ltr'><strong>et</strong></span> <span class='ocrx_word' id='word_1_656' title='bbox 3003 3537 3218 3598; x_wconf 89' lang='lat' dir='ltr'><strong>desides</strong></span> <span class='ocrx_word' id='word_1_657' title='bbox 3245 3538 3548 3592; x_wconf 85' lang='lat' dir='ltr'><strong>studiosos.</strong></span> <span class='ocrx_word' id='word_1_658' title='bbox 3581 3535 3678 3590; x_wconf 76' lang='lat' dir='ltr'><strong>ln-</strong></span> 
     </span>
    </p>
   </div>
   <div class='ocr_carea' id='block_1_82' title="bbox 2096 3628 3676 3700">
    <p class='ocr_par' dir='ltr' id='par_1_82' title="bbox 2096 3628 3676 3700">
     <span class='ocr_line' id='line_1_82' title="bbox 2096 3628 3676 3700; baseline 0.001 -18"><span class='ocrx_word' id='word_1_659' title='bbox 2096 3628 2303 3682; x_wconf 89' lang='lat' dir='ltr'><strong>terdum</strong></span> <span class='ocrx_word' id='word_1_660' title='bbox 2339 3639 2517 3684; x_wconf 79' lang='lat' dir='ltr'><strong>tanien</strong></span> <span class='ocrx_word' id='word_1_661' title='bbox 2547 3641 2600 3684; x_wconf 89' lang='lat' dir='ltr'><strong>et</strong></span> <span class='ocrx_word' id='word_1_662' title='bbox 2627 3630 2679 3684; x_wconf 89' lang='lat' dir='ltr'><strong>bi</strong></span> <span class='ocrx_word' id='word_1_663' title='bbox 2709 3631 2801 3700; x_wconf 93' lang='lat' dir='ltr'><strong>qui</strong></span> <span class='ocrx_word' id='word_1_664' title='bbox 2836 3630 3080 3686; x_wconf 72' lang='lat' dir='ltr'><strong>scientiae</strong></span> <span class='ocrx_word' id='word_1_665' title='bbox 3115 3630 3296 3699; x_wconf 85' lang='lat' dir='ltr'><strong>aliqua</strong></span> <span class='ocrx_word' id='word_1_666' title='bbox 3325 3629 3478 3686; x_wconf 88' lang='lat' dir='ltr'><strong>initia</strong></span> <span class='ocrx_word' id='word_1_667' title='bbox 3510 3643 3676 3700; x_wconf 84' lang='lat' dir='ltr'><strong>cepe-</strong></span> 
     </span>
    </p>
   </div>
   <div class='ocr_carea' id='block_1_83' title="bbox 2096 3718 3677 3790">
    <p class='ocr_par' dir='ltr' id='par_1_83' title="bbox 2096 3718 3677 3790">
     <span class='ocr_line' id='line_1_83' title="bbox 2096 3718 3677 3790; baseline 0.001 -18"><span class='ocrx_word' id='word_1_668' title='bbox 2096 3719 2223 3784; x_wconf 83' lang='lat' dir='ltr'><strong>rint,</strong></span> <span class='ocrx_word' id='word_1_669' title='bbox 2268 3718 2524 3774; x_wconf 86' lang='lat' dir='ltr'><strong>inllantur</strong></span> <span class='ocrx_word' id='word_1_670' title='bbox 2551 3729 2604 3776; x_wconf 88' lang='lat' dir='ltr'><strong>et</strong></span> <span class='ocrx_word' id='word_1_671' title='bbox 2637 3721 2974 3780; x_wconf 80' lang='lat' dir='ltr'><strong>extolluntur</strong></span> <span class='ocrx_word' id='word_1_672' title='bbox 3013 3722 3302 3776; x_wconf 83' lang='lat' dir='ltr'><strong>adversum</strong></span> <span class='ocrx_word' id='word_1_673' title='bbox 3336 3735 3434 3776; x_wconf 89' lang='lat' dir='ltr'><strong>eos</strong></span> <span class='ocrx_word' id='word_1_674' title='bbox 3461 3721 3559 3790; x_wconf 90' lang='lat' dir='ltr'><strong>qui</strong></span> <span class='ocrx_word' id='word_1_675' title='bbox 3598 3719 3677 3774; x_wconf 85' lang='lat' dir='ltr'><strong>vi-</strong></span> 
     </span>
    </p>
   </div>
   <div class='ocr_carea' id='block_1_84' title="bbox 2093 3809 3676 3883">
    <p class='ocr_par' dir='ltr' id='par_1_84' title="bbox 2093 3809 3676 3883">
     <span class='ocr_line' id='line_1_84' title="bbox 2093 3809 3676 3883; baseline -0.001 -17"><span class='ocrx_word' id='word_1_676' title='bbox 2093 3809 2286 3866; x_wconf 90' lang='lat' dir='ltr'><strong>dentur</strong></span> <span class='ocrx_word' id='word_1_677' title='bbox 2325 3812 2506 3866; x_wconf 90' lang='lat' dir='ltr'><strong>minus</strong></span> <span class='ocrx_word' id='word_1_678' title='bbox 2534 3827 2762 3880; x_wconf 88' lang='lat' dir='ltr'><strong>capaces</strong></span> <span class='ocrx_word' id='word_1_679' title='bbox 2791 3829 2932 3870; x_wconf 87' lang='lat' dir='ltr'><strong>esse.</strong></span> <span class='ocrx_word' id='word_1_680' title='bbox 2977 3812 3186 3870; x_wconf 86' lang='lat' dir='ltr'><strong>idcirco</strong></span> <span class='ocrx_word' id='word_1_681' title='bbox 3221 3813 3386 3883; x_wconf 90' lang='lat' dir='ltr'><strong>igitur</strong></span> <span class='ocrx_word' id='word_1_682' title='bbox 3416 3812 3676 3880; x_wconf 84' lang='lat' dir='ltr'><strong>increpa-</strong></span> 
     </span>
    </p>
   </div>
   <div class='ocr_carea' id='block_1_85' title="bbox 2093 3903 3676 3974">
    <p class='ocr_par' dir='ltr' id='par_1_85' title="bbox 2093 3903 3676 3974">
     <span class='ocr_line' id='line_1_85' title="bbox 2093 3903 3676 3974; baseline 0.002 -19"><span class='ocrx_word' id='word_1_683' title='bbox 2093 3903 2239 3958; x_wconf 90' lang='lat' dir='ltr'><strong>tione</strong></span> <span class='ocrx_word' id='word_1_684' title='bbox 2259 3904 2572 3972; x_wconf 71' lang='lat' dir='ltr'><strong>apostolicte</strong></span> <span class='ocrx_word' id='word_1_685' title='bbox 2590 3905 2932 3964; x_wconf 87' lang='lat' dir='ltr'><strong>auctoritatis</strong></span> <span class='ocrx_word' id='word_1_686' title='bbox 2954 3904 3156 3959; x_wconf 83' lang='lat' dir='ltr'><strong>Paulus</strong></span> <span class='ocrx_word' id='word_1_687' title='bbox 3183 3904 3468 3974; x_wconf 91' lang='lat' dir='ltr'><strong>utriusque</strong></span> <span class='ocrx_word' id='word_1_688' title='bbox 3500 3903 3676 3973; x_wconf 78' lang='lat' dir='ltr'><strong>partis</strong></span> 
     </span>
    </p>
   </div>
   <div class='ocr_carea' id='block_1_86' title="bbox 2091 3993 3672 4070">
    <p class='ocr_par' dir='ltr' id='par_1_86' title="bbox 2091 3993 3672 4070">
     <span class='ocr_line' id='line_1_86' title="bbox 2091 3993 3672 4070; baseline 0.002 -23"><span class='ocrx_word' id='word_1_689' title='bbox 2091 3993 2432 4049; x_wconf 89' lang='lat' dir='ltr'><strong>insolentiam</strong></span> <span class='ocrx_word' id='word_1_690' title='bbox 2461 3997 2760 4064; x_wconf 88' lang='lat' dir='ltr'><strong>reprimens</strong></span> <span class='ocrx_word' id='word_1_691' title='bbox 2781 3996 2911 4070; x_wconf 77' lang='lat' dir='ltr'><strong>dicit</strong></span> <span class='ocrx_word' id='word_1_692' title='bbox 2937 4016 2950 4051; x_wconf 89' lang='lat'><strong>:</strong></span> <span class='ocrx_word' id='word_1_693' title='bbox 2981 3996 3059 4050; x_wconf 89' lang='lat' dir='ltr'><strong>Tu</strong></span> <span class='ocrx_word' id='word_1_694' title='bbox 3091 3998 3208 4064; x_wconf 85' lang='lat' dir='ltr'><strong>quis</strong></span> <span class='ocrx_word' id='word_1_695' title='bbox 3233 3997 3416 4065; x_wconf 85' lang='lat' dir='ltr'><strong>es,qui</strong></span> <span class='ocrx_word' id='word_1_696' title='bbox 3445 3995 3672 4064; x_wconf 73' lang='lat' dir='ltr'><strong>iudicas</strong></span> 
     </span>
    </p>
   </div>
   <div class='ocr_carea' id='block_1_87' title="bbox 2089 4086 3672 4155">
    <p class='ocr_par' dir='ltr' id='par_1_87' title="bbox 2089 4086 3672 4155">
     <span class='ocr_line' id='line_1_87' title="bbox 2089 4086 3672 4155; baseline 0.001 -15"><span class='ocrx_word' id='word_1_697' title='bbox 2089 4086 2319 4140; x_wconf 89' lang='lat' dir='ltr'><strong>alienum</strong></span> <span class='ocrx_word' id='word_1_698' title='bbox 2346 4105 2552 4144; x_wconf 82' lang='lat' dir='ltr'><strong>servum</strong></span> <span class='ocrx_word' id='word_1_699' title='bbox 2580 4090 2604 4142; x_wconf 81' lang='lat'><strong>.’</strong></span> <span class='ocrx_word' id='word_1_700' title='bbox 2633 4088 2744 4143; x_wconf 91' lang='lat' dir='ltr'><strong>Suo</strong></span> <span class='ocrx_word' id='word_1_701' title='bbox 2771 4091 2983 4144; x_wconf 89' lang='lat' dir='ltr'><strong>domino</strong></span> <span class='ocrx_word' id='word_1_702' title='bbox 3023 4099 3148 4155; x_wconf 88' lang='lat' dir='ltr'><strong>stat,</strong></span> <span class='ocrx_word' id='word_1_703' title='bbox 3181 4099 3273 4142; x_wconf 91' lang='lat' dir='ltr'><strong>aut</strong></span> <span class='ocrx_word' id='word_1_704' title='bbox 3309 4089 3475 4141; x_wconf 86' lang='lat' dir='ltr'><strong>cadit.</strong></span> <span class='ocrx_word' id='word_1_705' title='bbox 3513 4086 3672 4154; x_wconf 82' lang='lat' dir='ltr'><strong>Quod</strong></span> 
     </span>
    </p>
   </div>
   <div class='ocr_carea' id='block_1_88' title="bbox 2089 4159 3696 4248">
    <p class='ocr_par' dir='ltr' id='par_1_88' title="bbox 2089 4159 3696 4248">
     <span class='ocr_line' id='line_1_88' title="bbox 2089 4159 3696 4248; baseline -0.001 -14"><span class='ocrx_word' id='word_1_706' title='bbox 2089 4177 2237 4243; x_wconf 81' lang='lat' dir='ltr'><strong>dicit,</strong></span> <span class='ocrx_word' id='word_1_707' title='bbox 2273 4189 2397 4244; x_wconf 89' lang='lat' dir='ltr'><strong>stat,</strong></span> <span class='ocrx_word' id='word_1_708' title='bbox 2428 4189 2519 4234; x_wconf 87' lang='lat' dir='ltr'><strong>aut</strong></span> <span class='ocrx_word' id='word_1_709' title='bbox 2554 4182 2722 4246; x_wconf 83' lang='lat' dir='ltr'><strong>cadit,</strong></span> <span class='ocrx_word' id='word_1_710' title='bbox 2759 4182 3058 4236; x_wconf 88' lang='lat' dir='ltr'><strong>secundum</strong></span> <span class='ocrx_word' id='word_1_711' title='bbox 3100 4196 3319 4236; x_wconf 87' lang='lat' dir='ltr'><strong>sensum</strong></span> <span class='ocrx_word' id='word_1_712' title='bbox 3345 4179 3468 4246; x_wconf 86' lang='lat' dir='ltr'><strong>ejus</strong></span> <span class='ocrx_word' id='word_1_713' title='bbox 3504 4159 3696 4248; x_wconf 46' lang='lat' dir='ltr'><strong>qttetli.</strong></span> 
     </span>
    </p>
   </div>
   <div class='ocr_carea' id='block_1_89' title="bbox 2089 4268 3672 4341">
    <p class='ocr_par' dir='ltr' id='par_1_89' title="bbox 2089 4268 3672 4341">
     <span class='ocr_line' id='line_1_89' title="bbox 2089 4268 3672 4341; baseline 0 -19"><span class='ocrx_word' id='word_1_714' title='bbox 2089 4268 2336 4339; x_wconf 89' lang='lat' dir='ltr'><strong>increpat</strong></span> <span class='ocrx_word' id='word_1_715' title='bbox 2386 4270 2501 4341; x_wconf 81' lang='lat'><strong>(59)</strong></span> <span class='ocrx_word' id='word_1_716' title='bbox 2557 4272 2709 4328; x_wconf 89' lang='lat' dir='ltr'><strong>dicit.</strong></span> <span class='ocrx_word' id='word_1_717' title='bbox 2761 4270 2894 4326; x_wconf 77' lang='lat' dir='ltr'><strong>Nam</strong></span> <span class='ocrx_word' id='word_1_718' title='bbox 2937 4282 2990 4328; x_wconf 89' lang='lat' dir='ltr'><strong>et</strong></span> <span class='ocrx_word' id='word_1_719' title='bbox 3039 4271 3346 4341; x_wconf 89' lang='lat' dir='ltr'><strong>imperitior</strong></span> <span class='ocrx_word' id='word_1_720' title='bbox 3390 4269 3436 4322; x_wconf 88' lang='lat' dir='ltr'><strong>si</strong></span> <span class='ocrx_word' id='word_1_721' title='bbox 3487 4270 3672 4322; x_wconf 80' lang='lat' dir='ltr'><strong>videat</strong></span> 
     </span>
    </p>
   </div>
   <div class='ocr_carea' id='block_1_90' title="bbox 419 4332 3668 4432">
    <p class='ocr_par' dir='ltr' id='par_1_90' title="bbox 419 4332 3668 4432">
     <span class='ocr_line' id='line_1_90' title="bbox 419 4332 3668 4432; baseline 0.006 -42"><span class='ocrx_word' id='word_1_722' title='bbox 419 4347 559 4432; x_wconf 67' lang='lat' dir='ltr'><strong>quos</strong></span> <span class='ocrx_word' id='word_1_723' title='bbox 582 4332 1043 4432; x_wconf 37' lang='lat' dir='ltr'><strong>idemnApostolus</strong></span> <span class='ocrx_word' id='word_1_724' title='bbox 1072 4337 1130 4390; x_wconf 25' lang='lat' dir='ltr'><strong>in.</strong></span> <span class='ocrx_word' id='word_1_725' title='bbox 1156 4338 1277 4393; x_wconf 91' lang='lat' dir='ltr'><strong>aliis</strong></span> <span class='ocrx_word' id='word_1_726' title='bbox 1304 4340 1578 4408; x_wconf 89' lang='lat' dir='ltr'><strong>spiritales</strong></span> <span class='ocrx_word' id='word_1_727' title='bbox 1609 4350 1984 4418; x_wconf 88' lang='lat' dir='ltr'><strong>appellatcum</strong></span> <span class='ocrx_word' id='word_1_728' title='bbox 2016 4371 2066 4432; x_wconf 80' lang='grc' dir='ltr'>ι)</span> <span class='ocrx_word' id='word_1_729' title='bbox 2094 4332 2406 4424; x_wconf 76' lang='lat' dir='ltr'><strong>quempiam</strong></span> <span class='ocrx_word' id='word_1_730' title='bbox 2431 4332 2751 4428; x_wconf 73' lang='lat' dir='ltr'><strong>profundius</strong></span> <span class='ocrx_word' id='word_1_731' title='bbox 2780 4359 3004 4428; x_wconf 90' lang='lat' dir='ltr'><strong>aliquid,</strong></span> <span class='ocrx_word' id='word_1_732' title='bbox 3023 4369 3078 4416; x_wconf 89' lang='lat' dir='ltr'><strong>et</strong></span> <span class='ocrx_word' id='word_1_733' title='bbox 3111 4332 3172 4412; x_wconf 79' lang='lat' dir='ltr'><strong>ut</strong></span> <span class='ocrx_word' id='word_1_734' title='bbox 3205 4360 3318 4427; x_wconf 90' lang='lat' dir='ltr'><strong>ipse</strong></span> <span class='ocrx_word' id='word_1_735' title='bbox 3340 4371 3542 4425; x_wconf 89' lang='lat' dir='ltr'><strong>capere</strong></span> <span class='ocrx_word' id='word_1_736' title='bbox 3563 4372 3668 4410; x_wconf 87' lang='lat' dir='ltr'><strong>non</strong></span> 
     </span>
    </p>
   </div>
   <div class='ocr_carea' id='block_1_91' title="bbox 419 4423 1990 4511">
    <p class='ocr_par' dir='ltr' id='par_1_91' title="bbox 419 4423 1990 4511">
     <span class='ocr_line' id='line_1_91' title="bbox 419 4423 1990 4511; baseline 0.016 -35"><span class='ocrx_word' id='word_1_737' title='bbox 419 4423 553 4477; x_wconf 88' lang='lat' dir='ltr'><strong>dicit</strong></span> <span class='ocrx_word' id='word_1_738' title='bbox 585 4424 671 4480; x_wconf 81' lang='lat' dir='ltr'><strong>“z</strong></span> <span class='ocrx_word' id='word_1_739' title='bbox 707 4425 983 4495; x_wconf 84' lang='lat' dir='ltr'><strong>Spiritalis</strong></span> <span class='ocrx_word' id='word_1_740' title='bbox 1029 4441 1203 4484; x_wconf 89' lang='lat' dir='ltr'><strong>autem</strong></span> <span class='ocrx_word' id='word_1_741' title='bbox 1232 4435 1495 4488; x_wconf 79' lang='lat' dir='ltr'><strong>examinat</strong></span> <span class='ocrx_word' id='word_1_742' title='bbox 1527 4439 1723 4494; x_wconf 85' lang='lat' dir='ltr'><strong>omnia.</strong></span> <span class='ocrx_word' id='word_1_743' title='bbox 1756 4439 1872 4511; x_wconf 86' lang='lat' dir='ltr'><strong>Ipse</strong></span> <span class='ocrx_word' id='word_1_744' title='bbox 1903 4455 1990 4500; x_wconf 83' lang='lat' dir='ltr'><strong>est</strong></span> 
     </span>
    </p>
   </div>
   <div class='ocr_carea' id='block_1_92' title="bbox 418 4519 1982 4590">
    <p class='ocr_par' dir='ltr' id='par_1_92' title="bbox 418 4519 1982 4590">
     <span class='ocr_line' id='line_1_92' title="bbox 418 4519 1982 4590; baseline 0.008 -15"><span class='ocrx_word' id='word_1_745' title='bbox 418 4535 548 4590; x_wconf 86' lang='lat' dir='ltr'><strong>ergo</strong></span> <span class='ocrx_word' id='word_1_746' title='bbox 581 4520 645 4574; x_wconf 88' lang='lat' dir='ltr'><strong>de</strong></span> <span class='ocrx_word' id='word_1_747' title='bbox 675 4533 784 4589; x_wconf 89' lang='lat' dir='ltr'><strong>quo</strong></span> <span class='ocrx_word' id='word_1_748' title='bbox 820 4519 908 4574; x_wconf 88' lang='lat' dir='ltr'><strong>bic</strong></span> <span class='ocrx_word' id='word_1_749' title='bbox 948 4521 1077 4576; x_wconf 89' lang='lat' dir='ltr'><strong>dicit</strong></span> <span class='ocrx_word' id='word_1_750' title='bbox 1110 4539 1124 4578; x_wconf 89' lang='lat'><strong>:</strong></span> <span class='ocrx_word' id='word_1_751' title='bbox 1159 4522 1312 4578; x_wconf 82' lang='lat' dir='ltr'><strong>Alius</strong></span> <span class='ocrx_word' id='word_1_752' title='bbox 1347 4535 1521 4580; x_wconf 86' lang='lat' dir='ltr'><strong>autem</strong></span> <span class='ocrx_word' id='word_1_753' title='bbox 1559 4533 1721 4584; x_wconf 86' lang='lat' dir='ltr'><strong>credit</strong></span> <span class='ocrx_word' id='word_1_754' title='bbox 1761 4539 1982 4588; x_wconf 81' lang='lat' dir='ltr'><strong>mandu-</strong></span> 
     </span>
    </p>
   </div>
   <div class='ocr_carea' id='block_1_93' title="bbox 487 4682 1576 4756">
    <p class='ocr_par' dir='ltr' id='par_1_93' title="bbox 487 4682 1576 4756">
     <span class='ocr_line' id='line_1_93' title="bbox 487 4682 1576 4756; baseline 0.011 -20"><span class='ocrx_word' id='word_1_755' title='bbox 487 4682 712 4756; x_wconf 74' lang='lat' dir='ltr'><strong>“Bom.</strong></span> <span class='ocrx_word' id='word_1_756' title='bbox 750 4701 858 4752; x_wconf 81' lang='lat' dir='ltr'><strong>xw,</strong></span> <span class='ocrx_word' id='word_1_757' title='bbox 893 4685 957 4749; x_wconf 80' lang='lat'><strong>3,</strong></span> <span class='ocrx_word' id='word_1_758' title='bbox 991 4685 1044 4739; x_wconf 73' lang='grc'><strong>4.</strong></span> <span class='ocrx_word' id='word_1_759' title='bbox 1128 4686 1173 4718; x_wconf 73' lang='grc' dir='ltr'><strong>δ’</strong></span> <span class='ocrx_word' id='word_1_760' title='bbox 1211 4685 1371 4743; x_wconf 87' lang='lat' dir='ltr'><strong>llebr.</strong></span> <span class='ocrx_word' id='word_1_761' title='bbox 1402 4706 1452 4756; x_wconf 84' lang='grc' dir='ltr'><strong>ν,</strong></span> <span class='ocrx_word' id='word_1_762' title='bbox 1491 4692 1576 4748; x_wconf 77' lang='grc' dir='ltr'><strong>Η.</strong></span> 
     </span>
    </p>
   </div>
   <div class='ocr_carea' id='block_1_94' title="bbox 419 4754 1322 4824">
    <p class='ocr_par' dir='ltr' id='par_1_94' title="bbox 419 4754 1322 4824">
     <span class='ocr_line' id='line_1_94' title="bbox 419 4754 1322 4824; baseline 0 -14"><span class='ocrx_word' id='word_1_763' title='bbox 419 4755 592 4821; x_wconf 61' lang='lat' dir='ltr'><strong>amb.</strong></span> <span class='ocrx_word' id='word_1_764' title='bbox 663 4754 708 4786; x_wconf 76' lang='lat'><strong>“</strong></span> <span class='ocrx_word' id='word_1_765' title='bbox 755 4756 921 4810; x_wconf 85' lang='lat' dir='ltr'><strong>lCor.</strong></span> <span class='ocrx_word' id='word_1_766' title='bbox 964 4771 1060 4822; x_wconf 71' lang='lat' dir='ltr'><strong>sit,</strong></span> <span class='ocrx_word' id='word_1_767' title='bbox 1107 4756 1198 4824; x_wconf 73' lang='lat'><strong>21,</strong></span> <span class='ocrx_word' id='word_1_768' title='bbox 1238 4757 1322 4812; x_wconf 69' lang='lat'><strong>22.</strong></span> 
     </span>
    </p>
   </div>
   <div class='ocr_carea' id='block_1_95' title="bbox 491 4917 1985 4993">
    <p class='ocr_par' dir='ltr' id='par_1_95' title="bbox 491 4917 1985 4993">
     <span class='ocr_line' id='line_1_95' title="bbox 491 4917 1985 4993; baseline -0.001 -17"><span class='ocrx_word' id='word_1_769' title='bbox 491 4919 605 4993; x_wconf 84' lang='lat' dir='ltr'><strong>(5i)</strong></span> <span class='ocrx_word' id='word_1_770' title='bbox 661 4918 944 4993; x_wconf 83' lang='lat' dir='ltr'><strong>Sicrecte</strong></span> <span class='ocrx_word' id='word_1_771' title='bbox 989 4932 1128 4993; x_wconf 62' lang='lat' dir='ltr'><strong>mss.</strong></span> <span class='ocrx_word' id='word_1_772' title='bbox 1169 4917 1368 4993; x_wconf 81' lang='lat' dir='ltr'><strong>Regius</strong></span> <span class='ocrx_word' id='word_1_773' title='bbox 1403 4933 1551 4993; x_wconf 83' lang='lat' dir='ltr'><strong>num.</strong></span> <span class='ocrx_word' id='word_1_774' title='bbox 1579 4919 1746 4993; x_wconf 80' lang='lat' dir='ltr'><strong>_l639.</strong></span> <span class='ocrx_word' id='word_1_775' title='bbox 1789 4919 1985 4975; x_wconf 63' lang='lat' dir='ltr'><strong>Crateri</strong></span> 
     </span>
    </p>
   </div>
   <div class='ocr_carea' id='block_1_96' title="bbox 417 4988 1985 5057">
    <p class='ocr_par' dir='ltr' id='par_1_96' title="bbox 417 4988 1985 5057">
     <span class='ocr_line' id='line_1_96' title="bbox 417 4988 1985 5057; baseline -0.001 -13"><span class='ocrx_word' id='word_1_776' title='bbox 417 4988 548 5047; x_wconf 66' lang='lat' dir='ltr'><strong>vero</strong></span> <span class='ocrx_word' id='word_1_777' title='bbox 585 4988 736 5052; x_wconf 84' lang='lat' dir='ltr'><strong>mss.,</strong></span> <span class='ocrx_word' id='word_1_778' title='bbox 767 4991 821 5043; x_wconf 89' lang='lat' dir='ltr'><strong>in</strong></span> <span class='ocrx_word' id='word_1_779' title='bbox 851 5004 979 5057; x_wconf 84' lang='lat' dir='ltr'><strong>pace</strong></span> <span class='ocrx_word' id='word_1_780' title='bbox 1003 4988 1160 5042; x_wconf 89' lang='lat' dir='ltr'><strong>corda</strong></span> <span class='ocrx_word' id='word_1_781' title='bbox 1188 5003 1254 5040; x_wconf 76' lang='lat' dir='ltr'><strong>ea:</strong></span> <span class='ocrx_word' id='word_1_782' title='bbox 1283 4989 1364 5042; x_wconf 83' lang='lat' dir='ltr'><strong>his</strong></span> <span class='ocrx_word' id='word_1_783' title='bbox 1394 4988 1538 5041; x_wconf 83' lang='lat' dir='ltr'><strong>dicit.</strong></span> <span class='ocrx_word' id='word_1_784' title='bbox 1575 4990 1651 5044; x_wconf 86' lang='lat' dir='ltr'><strong>Ita</strong></span> <span class='ocrx_word' id='word_1_785' title='bbox 1682 4993 1844 5046; x_wconf 83' lang='lat' dir='ltr'><strong>etiam</strong></span> <span class='ocrx_word' id='word_1_786' title='bbox 1869 4993 1985 5044; x_wconf 87' lang='lat' dir='ltr'><strong>edi-</strong></span> 
     </span>
    </p>
   </div>
   <div class='ocr_carea' id='block_1_97' title="bbox 419 5058 1987 5130">
    <p class='ocr_par' dir='ltr' id='par_1_97' title="bbox 419 5058 1987 5130">
     <span class='ocr_line' id='line_1_97' title="bbox 419 5058 1987 5130; baseline -0.001 -16"><span class='ocrx_word' id='word_1_787' title='bbox 419 5064 478 5124; x_wconf 93' lang='lat' dir='ltr'><strong>ti,</strong></span> <span class='ocrx_word' id='word_1_788' title='bbox 513 5060 618 5116; x_wconf 87' lang='lat' dir='ltr'><strong>nisi</strong></span> <span class='ocrx_word' id='word_1_789' title='bbox 667 5059 806 5129; x_wconf 91' lang='lat' dir='ltr'><strong>quod</strong></span> <span class='ocrx_word' id='word_1_790' title='bbox 842 5058 1097 5116; x_wconf 84' lang='lat' dir='ltr'><strong>emittant</strong></span> <span class='ocrx_word' id='word_1_791' title='bbox 1123 5073 1188 5112; x_wconf 78' lang='lat' dir='ltr'><strong>ea:</strong></span> <span class='ocrx_word' id='word_1_792' title='bbox 1215 5059 1295 5112; x_wconf 84' lang='lat' dir='ltr'><strong>his</strong></span> <span class='ocrx_word' id='word_1_793' title='bbox 1322 5098 1337 5123; x_wconf 93' lang='lat'><strong>,</strong></span> <span class='ocrx_word' id='word_1_794' title='bbox 1383 5070 1438 5114; x_wconf 85' lang='lat' dir='ltr'><strong>et</strong></span> <span class='ocrx_word' id='word_1_795' title='bbox 1474 5059 1750 5125; x_wconf 85' lang='lat' dir='ltr'><strong>habeant,</strong></span> <span class='ocrx_word' id='word_1_796' title='bbox 1815 5063 1858 5114; x_wconf 89' lang='lat' dir='ltr'><strong>is</strong></span> <span class='ocrx_word' id='word_1_797' title='bbox 1897 5063 1987 5130; x_wconf 86' lang='lat' dir='ltr'><strong>qui</strong></span> 
     </span>
    </p>
   </div>
   <div class='ocr_carea' id='block_1_98' title="bbox 417 5132 876 5193">
    <p class='ocr_par' dir='ltr' id='par_1_98' title="bbox 417 5132 876 5193">
     <span class='ocr_line' id='line_1_98' title="bbox 417 5132 876 5193; baseline -0.007 -8"><span class='ocrx_word' id='word_1_798' title='bbox 417 5132 727 5193; x_wconf 86' lang='lat' dir='ltr'><strong>manducat,</strong></span> <span class='ocrx_word' id='word_1_799' title='bbox 769 5139 876 5183; x_wconf 89' lang='lat' dir='ltr'><strong>etc.</strong></span> 
     </span>
    </p>
   </div>
   <div class='ocr_carea' id='block_1_99' title="bbox 489 5196 1986 5272">
    <p class='ocr_par' dir='ltr' id='par_1_99' title="bbox 489 5196 1986 5272">
     <span class='ocr_line' id='line_1_99' title="bbox 489 5196 1986 5272; baseline 0 -16"><span class='ocrx_word' id='word_1_800' title='bbox 489 5199 602 5272; x_wconf 76' lang='lat'><strong>(52)</strong></span> <span class='ocrx_word' id='word_1_801' title='bbox 635 5201 759 5256; x_wconf 62' lang='lat' dir='ltr'><strong>Haec</strong></span> <span class='ocrx_word' id='word_1_802' title='bbox 783 5198 964 5272; x_wconf 87' lang='lat' dir='ltr'><strong>verba.</strong></span> <span class='ocrx_word' id='word_1_803' title='bbox 996 5196 1073 5250; x_wconf 87' lang='lat' dir='ltr'><strong>Tu</strong></span> <span class='ocrx_word' id='word_1_804' title='bbox 1104 5198 1222 5272; x_wconf 84' lang='lat' dir='ltr'><strong>quis</strong></span> <span class='ocrx_word' id='word_1_805' title='bbox 1252 5215 1338 5261; x_wconf 87' lang='lat' dir='ltr'><strong>es,</strong></span> <span class='ocrx_word' id='word_1_806' title='bbox 1365 5210 1498 5272; x_wconf 85' lang='lat' dir='ltr'><strong>etc.,</strong></span> <span class='ocrx_word' id='word_1_807' title='bbox 1534 5212 1701 5272; x_wconf 80' lang='lat' dir='ltr'><strong>usque</strong></span> <span class='ocrx_word' id='word_1_808' title='bbox 1731 5201 1795 5272; x_wconf 81' lang='lat' dir='ltr'><strong>ad</strong></span> <span class='ocrx_word' id='word_1_809' title='bbox 1823 5239 1838 5263; x_wconf 94' lang='lat'><strong>,</strong></span> <span class='ocrx_word' id='word_1_810' title='bbox 1876 5211 1986 5256; x_wconf 85' lang='lat' dir='ltr'><strong>sta-</strong></span> 
     </span>
    </p>
   </div>
   <div class='ocr_carea' id='block_1_100' title="bbox 419 5269 1982 5337">
    <p class='ocr_par' dir='ltr' id='par_1_100' title="bbox 419 5269 1982 5337">
     <span class='ocr_line' id='line_1_100' title="bbox 419 5269 1982 5337; baseline 0.002 -16"><span class='ocrx_word' id='word_1_811' title='bbox 419 5269 562 5326; x_wconf 81' lang='lat' dir='ltr'><strong>tuere</strong></span> <span class='ocrx_word' id='word_1_812' title='bbox 585 5269 780 5337; x_wconf 79' lang='lat' dir='ltr'><strong>illum,</strong></span> <span class='ocrx_word' id='word_1_813' title='bbox 807 5271 1140 5324; x_wconf 88' lang='lat' dir='ltr'><strong>omittuntur</strong></span> <span class='ocrx_word' id='word_1_814' title='bbox 1180 5270 1232 5322; x_wconf 91' lang='lat' dir='ltr'><strong>in</strong></span> <span class='ocrx_word' id='word_1_815' title='bbox 1264 5271 1458 5332; x_wconf 89' lang='lat' dir='ltr'><strong>editis;</strong></span> <span class='ocrx_word' id='word_1_816' title='bbox 1497 5269 1587 5322; x_wconf 89' lang='lat' dir='ltr'><strong>sed</strong></span> <span class='ocrx_word' id='word_1_817' title='bbox 1623 5270 1982 5324; x_wconf 87' lang='lat' dir='ltr'><strong>restituuntur</strong></span> 
     </span>
    </p>
   </div>
   <div class='ocr_carea' id='block_1_101' title="bbox 418 5341 1066 5396">
    <p class='ocr_par' dir='ltr' id='par_1_101' title="bbox 418 5341 1066 5396">
     <span class='ocr_line' id='line_1_101' title="bbox 418 5341 1066 5396; baseline 0.008 -3"><span class='ocrx_word' id='word_1_818' title='bbox 418 5354 481 5394; x_wconf 90' lang='lat' dir='ltr'><strong>ex</strong></span> <span class='ocrx_word' id='word_1_819' title='bbox 509 5343 763 5396; x_wconf 86' lang='lat' dir='ltr'><strong>omnibus</strong></span> <span class='ocrx_word' id='word_1_820' title='bbox 787 5355 917 5396; x_wconf 90' lang='lat' dir='ltr'><strong>mss.</strong></span> <span class='ocrx_word' id='word_1_821' title='bbox 1063 5341 1066 5344; x_wconf 78' lang='grc'><strong>’</strong></span> 
     </span>
    </p>
   </div>
   <div class='ocr_carea' id='block_1_102' title="bbox 489 5408 1541 5482">
    <p class='ocr_par' dir='ltr' id='par_1_102' title="bbox 489 5408 1541 5482">
     <span class='ocr_line' id='line_1_102' title="bbox 489 5408 1541 5482; baseline -0.004 -19"><span class='ocrx_word' id='word_1_822' title='bbox 489 5409 600 5482; x_wconf 62' lang='grc' dir='ltr'>(ᾇᾷ)</span> <span class='ocrx_word' id='word_1_823' title='bbox 632 5410 783 5482; x_wconf 68' lang='lat' dir='ltr'><strong>Esse.</strong></span> <span class='ocrx_word' id='word_1_824' title='bbox 811 5408 868 5464; x_wconf 88' lang='lat' dir='ltr'><strong>In</strong></span> <span class='ocrx_word' id='word_1_825' title='bbox 891 5410 1052 5467; x_wconf 89' lang='lat' dir='ltr'><strong>editis</strong></span> <span class='ocrx_word' id='word_1_826' title='bbox 1085 5409 1541 5482; x_wconf 60' lang='lat' dir='ltr'><strong>prtetermittjtur:</strong></span> 
     </span>
    </p>
   </div>
   <div class='ocr_carea' id='block_1_103' title="bbox 489 5475 1982 5551">
    <p class='ocr_par' dir='ltr' id='par_1_103' title="bbox 489 5475 1982 5551">
     <span class='ocr_line' id='line_1_103' title="bbox 489 5475 1982 5551; baseline 0.001 -18"><span class='ocrx_word' id='word_1_827' title='bbox 489 5475 606 5548; x_wconf 74' lang='grc'>(54)</span> <span class='ocrx_word' id='word_1_828' title='bbox 637 5480 878 5551; x_wconf 81' lang='lat' dir='ltr'><strong>Sic_i_nss.</strong></span> <span class='ocrx_word' id='word_1_829' title='bbox 916 5475 1118 5551; x_wconf 79' lang='lat' dir='ltr'><strong>Regius</strong></span> <span class='ocrx_word' id='word_1_830' title='bbox 1146 5497 1294 5535; x_wconf 90' lang='lat' dir='ltr'><strong>num.</strong></span> <span class='ocrx_word' id='word_1_831' title='bbox 1330 5479 1489 5545; x_wconf 75' lang='grc'><strong>1659,</strong></span> <span class='ocrx_word' id='word_1_832' title='bbox 1521 5475 1798 5543; x_wconf 73' lang='lat' dir='ltr'><strong>Rabantts,</strong></span> <span class='ocrx_word' id='word_1_833' title='bbox 1827 5479 1982 5536; x_wconf 90' lang='lat' dir='ltr'><strong>Salo-</strong></span> 
     </span>
    </p>
   </div>
   <div class='ocr_carea' id='block_1_104' title="bbox 418 5545 1979 5618">
    <p class='ocr_par' dir='ltr' id='par_1_104' title="bbox 418 5545 1979 5618">
     <span class='ocr_line' id='line_1_104' title="bbox 418 5545 1979 5618; baseline 0.002 -17"><span class='ocrx_word' id='word_1_834' title='bbox 418 5545 610 5602; x_wconf 81' lang='lat' dir='ltr'><strong>dianus</strong></span> <span class='ocrx_word' id='word_1_835' title='bbox 644 5558 695 5602; x_wconf 89' lang='lat' dir='ltr'><strong>et</strong></span> <span class='ocrx_word' id='word_1_836' title='bbox 727 5545 1025 5608; x_wconf 52' lang='lat' dir='ltr'><strong>Merlinus:</strong></span> <span class='ocrx_word' id='word_1_837' title='bbox 1042 5552 1171 5607; x_wconf 83' lang='lat' dir='ltr'><strong>Mss.</strong></span> <span class='ocrx_word' id='word_1_838' title='bbox 1203 5565 1332 5605; x_wconf 87' lang='lat' dir='ltr'><strong>vero</strong></span> <span class='ocrx_word' id='word_1_839' title='bbox 1349 5551 1589 5618; x_wconf 88' lang='lat' dir='ltr'><strong>quidam,</strong></span> <span class='ocrx_word' id='word_1_840' title='bbox 1611 5551 1693 5603; x_wconf 88' lang='lat' dir='ltr'><strong>lac</strong></span> <span class='ocrx_word' id='word_1_841' title='bbox 1723 5561 1979 5618; x_wconf 76' lang='lat' dir='ltr'><strong>portasse,</strong></span> 
     </span>
    </p>
   </div>
   <div class='ocr_carea' id='block_1_105' title="bbox 416 5621 1976 5687">
    <p class='ocr_par' dir='ltr' id='par_1_105' title="bbox 416 5621 1976 5687">
     <span class='ocr_line' id='line_1_105' title="bbox 416 5621 1976 5687; baseline 0.001 -16"><span class='ocrx_word' id='word_1_842' title='bbox 416 5622 703 5672; x_wconf 82' lang='lat' dir='ltr'><strong>secundum</strong></span> <span class='ocrx_word' id='word_1_843' title='bbox 732 5621 870 5687; x_wconf 88' lang='lat' dir='ltr'><strong>quod</strong></span> <span class='ocrx_word' id='word_1_844' title='bbox 906 5624 978 5673; x_wconf 88' lang='lat' dir='ltr'><strong>ait</strong></span> <span class='ocrx_word' id='word_1_845' title='bbox 1017 5624 1084 5674; x_wconf 83' lang='lat' dir='ltr'><strong>ad</strong></span> <span class='ocrx_word' id='word_1_846' title='bbox 1118 5621 1419 5676; x_wconf 82' lang='lat' dir='ltr'><strong>Corinthios</strong></span> <span class='ocrx_word' id='word_1_847' title='bbox 1445 5661 1460 5686; x_wconf 94' lang='lat'><strong>,</strong></span> <span class='ocrx_word' id='word_1_848' title='bbox 1495 5630 1550 5674; x_wconf 86' lang='lat' dir='ltr'><strong>ut</strong></span> <span class='ocrx_word' id='word_1_849' title='bbox 1588 5631 1770 5686; x_wconf 84' lang='lat' dir='ltr'><strong>patum</strong></span> <span class='ocrx_word' id='word_1_850' title='bbox 1807 5625 1976 5674; x_wconf 87' lang='lat' dir='ltr'><strong>daret.</strong></span> 
     </span>
    </p>
   </div>
   <div class='ocr_carea' id='block_1_106' title="bbox 418 5688 1980 5760">
    <p class='ocr_par' dir='ltr' id='par_1_106' title="bbox 418 5688 1980 5760">
     <span class='ocr_line' id='line_1_106' title="bbox 418 5688 1980 5760; baseline 0.003 -19"><span class='ocrx_word' id='word_1_851' title='bbox 418 5688 816 5746; x_wconf 75' lang='lat' dir='ltr'><strong>liettelirardus.</strong></span> <span class='ocrx_word' id='word_1_852' title='bbox 847 5691 930 5743; x_wconf 78' lang='lat' dir='ltr'><strong>lac</strong></span> <span class='ocrx_word' id='word_1_853' title='bbox 959 5703 1190 5758; x_wconf 81' lang='lat' dir='ltr'><strong>portasse</strong></span> <span class='ocrx_word' id='word_1_854' title='bbox 1215 5695 1496 5744; x_wconf 79' lang='lat' dir='ltr'><strong>secundum</strong></span> <span class='ocrx_word' id='word_1_855' title='bbox 1525 5692 1664 5760; x_wconf 87' lang='lat' dir='ltr'><strong>quod</strong></span> <span class='ocrx_word' id='word_1_856' title='bbox 1695 5690 1980 5746; x_wconf 83' lang='lat' dir='ltr'><strong>Corinthiis</strong></span> 
     </span>
    </p>
   </div>
   <div class='ocr_carea' id='block_1_107' title="bbox 1661 4694 2657 4765">
    <p class='ocr_par' dir='ltr' id='par_1_107' title="bbox 1661 4694 2657 4765">
     <span class='ocr_line' id='line_1_107' title="bbox 1661 4694 2657 4765; baseline 0.007 -20"><span class='ocrx_word' id='word_1_857' title='bbox 1661 4695 1705 4724; x_wconf 79' lang='grc' dir='ltr'><strong>⁸ο</strong></span> <span class='ocrx_word' id='word_1_858' title='bbox 1743 4694 1907 4752; x_wconf 83' lang='lat' dir='ltr'><strong>lCor.</strong></span> <span class='ocrx_word' id='word_1_859' title='bbox 1945 4715 2000 4753; x_wconf 88' lang='grc' dir='ltr'><strong>ιιι</strong></span> <span class='ocrx_word' id='word_1_860' title='bbox 2025 4740 2038 4764; x_wconf 87' lang='grc'><strong><em>,</em></strong></span> <span class='ocrx_word' id='word_1_861' title='bbox 2071 4701 2124 4754; x_wconf 76' lang='lat'><strong>‘2.</strong></span> <span class='ocrx_word' id='word_1_862' title='bbox 2203 4699 2245 4732; x_wconf 73' lang='grc'><strong>⁸³</strong></span> <span class='ocrx_word' id='word_1_863' title='bbox 2282 4700 2447 4754; x_wconf 89' lang='lat' dir='ltr'><strong>lCor.</strong></span> <span class='ocrx_word' id='word_1_864' title='bbox 2483 4717 2544 4765; x_wconf 85' lang='grc' dir='ltr'>ιι,</span> <span class='ocrx_word' id='word_1_865' title='bbox 2573 4701 2657 4755; x_wconf 83' lang='lat' dir='ltr'><strong>l5.</strong></span> 
     </span>
    </p>
   </div>
   <div class='ocr_carea' id='block_1_108' title="bbox 2097 4447 3664 4519">
    <p class='ocr_par' dir='ltr' id='par_1_108' title="bbox 2097 4447 3664 4519">
     <span class='ocr_line' id='line_1_108' title="bbox 2097 4447 3664 4519; baseline 0.001 -20"><span class='ocrx_word' id='word_1_866' title='bbox 2097 4456 2275 4514; x_wconf 87' lang='lat' dir='ltr'><strong>potest</strong></span> <span class='ocrx_word' id='word_1_867' title='bbox 2310 4447 2805 4519; x_wconf 74' lang='lat' dir='ltr'><strong>(60),.scntientem,</strong></span> <span class='ocrx_word' id='word_1_868' title='bbox 2831 4451 3094 4505; x_wconf 88' lang='lat' dir='ltr'><strong>cecidisse</strong></span> <span class='ocrx_word' id='word_1_869' title='bbox 3117 4464 3237 4503; x_wconf 88' lang='lat' dir='ltr'><strong>eum</strong></span> <span class='ocrx_word' id='word_1_870' title='bbox 3263 4449 3470 4516; x_wconf 73' lang='lat' dir='ltr'><strong>iudicat</strong></span> <span class='ocrx_word' id='word_1_871' title='bbox 3496 4463 3526 4500; x_wconf 93' lang='lat' dir='ltr'><strong>a</strong></span> <span class='ocrx_word' id='word_1_872' title='bbox 3546 4448 3664 4500; x_wconf 83' lang='lat' dir='ltr'><strong>liJei</strong></span> 
     </span>
    </p>
   </div>
   <div class='ocr_carea' id='block_1_109' title="bbox 2099 4541 3662 4614">
    <p class='ocr_par' dir='ltr' id='par_1_109' title="bbox 2099 4541 3662 4614">
     <span class='ocr_line' id='line_1_109' title="bbox 2099 4541 3662 4614; baseline -0.003 -19"><span class='ocrx_word' id='word_1_873' title='bbox 2099 4549 2274 4606; x_wconf 88' lang='lat' dir='ltr'><strong>statu;</strong></span> <span class='ocrx_word' id='word_1_874' title='bbox 2306 4551 2358 4595; x_wconf 93' lang='lat' dir='ltr'><strong>et</strong></span> <span class='ocrx_word' id='word_1_875' title='bbox 2388 4557 2604 4596; x_wconf 90' lang='lat' dir='ltr'><strong>rursum</strong></span> <span class='ocrx_word' id='word_1_876' title='bbox 2633 4544 2723 4610; x_wconf 90' lang='lat' dir='ltr'><strong>qui</strong></span> <span class='ocrx_word' id='word_1_877' title='bbox 2778 4541 3038 4596; x_wconf 83' lang='lat' dir='ltr'><strong>inﬂantur</strong></span> <span class='ocrx_word' id='word_1_878' title='bbox 3067 4559 3132 4595; x_wconf 91' lang='lat' dir='ltr'><strong>ex</strong></span> <span class='ocrx_word' id='word_1_879' title='bbox 3162 4542 3393 4596; x_wconf 86' lang='lat' dir='ltr'><strong>scicntia</strong></span> <span class='ocrx_word' id='word_1_880' title='bbox 3419 4581 3434 4606; x_wconf 91' lang='lat'><strong>,</strong></span> <span class='ocrx_word' id='word_1_881' title='bbox 3467 4551 3524 4593; x_wconf 87' lang='lat' dir='ltr'><strong>et</strong></span> <span class='ocrx_word' id='word_1_882' title='bbox 3558 4552 3662 4614; x_wconf 84' lang='lat' dir='ltr'><strong>non</strong></span> 
     </span>
    </p>
   </div>
   <div class='ocr_carea' id='block_1_110' title="bbox 2737 4697 3647 4763">
    <p class='ocr_par' dir='ltr' id='par_1_110' title="bbox 2737 4697 3647 4763">
     <span class='ocr_line' id='line_1_110' title="bbox 2737 4697 3647 4763; baseline -0.007 -8"><span class='ocrx_word' id='word_1_883' title='bbox 2737 4702 2778 4731; x_wconf 75' lang='grc'><strong>⁵³</strong></span> <span class='ocrx_word' id='word_1_884' title='bbox 2806 4697 2962 4754; x_wconf 84' lang='lat' dir='ltr'><strong>Joan.</strong></span> <span class='ocrx_word' id='word_1_885' title='bbox 2992 4715 3103 4763; x_wconf 70' lang='lat' dir='ltr'><strong>xw,</strong></span> <span class='ocrx_word' id='word_1_886' title='bbox 3135 4697 3220 4761; x_wconf 69' lang='lat' dir='ltr'><strong>l2,</strong></span> <span class='ocrx_word' id='word_1_887' title='bbox 3259 4698 3342 4752; x_wconf 79' lang='lat' dir='ltr'><strong>l5.</strong></span> <span class='ocrx_word' id='word_1_888' title='bbox 3422 4697 3466 4727; x_wconf 79' lang='grc'><strong>⁸³</strong></span> <span class='ocrx_word' id='word_1_889' title='bbox 3496 4697 3647 4750; x_wconf 80' lang='lat' dir='ltr'><strong>Rom.</strong></span> 
     </span>
    </p>
   </div>
   <div class='ocr_carea' id='block_1_111' title="bbox 2092 4921 2472 4990">
    <p class='ocr_par' dir='ltr' id='par_1_111' title="bbox 2092 4921 2472 4990">
     <span class='ocr_line' id='line_1_111' title="bbox 2092 4921 2472 4990; baseline 0 -16"><span class='ocrx_word' id='word_1_890' title='bbox 2092 4933 2270 4990; x_wconf 83' lang='lat' dir='ltr'><strong>potum</strong></span> <span class='ocrx_word' id='word_1_891' title='bbox 2303 4921 2472 4976; x_wconf 86' lang='lat' dir='ltr'><strong>daret.</strong></span> 
     </span>
    </p>
   </div>
   <div class='ocr_carea' id='block_1_112' title="bbox 2164 4991 3654 5063">
    <p class='ocr_par' dir='ltr' id='par_1_112' title="bbox 2164 4991 3654 5063">
     <span class='ocr_line' id='line_1_112' title="bbox 2164 4991 3654 5063; baseline -0.002 -19"><span class='ocrx_word' id='word_1_892' title='bbox 2164 4993 2276 5063; x_wconf 84' lang='grc'>(55)</span> <span class='ocrx_word' id='word_1_893' title='bbox 2324 4991 2504 5055; x_wconf 90' lang='lat' dir='ltr'><strong>Editi,</strong></span> <span class='ocrx_word' id='word_1_894' title='bbox 2553 5009 2656 5046; x_wconf 89' lang='lat' dir='ltr'><strong>non</strong></span> <span class='ocrx_word' id='word_1_895' title='bbox 2701 4994 2885 5046; x_wconf 83' lang='lat' dir='ltr'><strong>debere</strong></span> <span class='ocrx_word' id='word_1_896' title='bbox 2917 5009 3034 5046; x_wconf 86' lang='lat' dir='ltr'><strong>eum</strong></span> <span class='ocrx_word' id='word_1_897' title='bbox 3083 5011 3172 5059; x_wconf 85' lang='lat' dir='ltr'><strong>per</strong></span> <span class='ocrx_word' id='word_1_898' title='bbox 3204 5009 3265 5045; x_wconf 87' lang='lat' dir='ltr'><strong>ea</strong></span> <span class='ocrx_word' id='word_1_899' title='bbox 3303 5009 3422 5060; x_wconf 56' lang='lat' dir='ltr'><strong>quo&quot;</strong></span> <span class='ocrx_word' id='word_1_900' title='bbox 3461 4991 3654 5044; x_wconf 88' lang='lat' dir='ltr'><strong>intelli-</strong></span> 
     </span>
    </p>
   </div>
   <div class='ocr_carea' id='block_1_113' title="bbox 2065 5064 3655 5133">
    <p class='ocr_par' dir='ltr' id='par_1_113' title="bbox 2065 5064 3655 5133">
     <span class='ocr_line' id='line_1_113' title="bbox 2065 5064 3655 5133; baseline 0 -19"><span class='ocrx_word' id='word_1_901' title='bbox 2065 5067 2210 5131; x_wconf 85' lang='lat' dir='ltr'><strong>&#39;gere</strong></span> <span class='ocrx_word' id='word_1_902' title='bbox 2241 5079 2342 5116; x_wconf 87' lang='lat' dir='ltr'><strong>non</strong></span> <span class='ocrx_word' id='word_1_903' title='bbox 2381 5072 2588 5131; x_wconf 84' lang='lat' dir='ltr'><strong>potest,</strong></span> <span class='ocrx_word' id='word_1_904' title='bbox 2625 5064 3086 5133; x_wconf 79' lang='lat' dir='ltr'><strong>disceptationibus</strong></span> <span class='ocrx_word' id='word_1_905' title='bbox 3128 5065 3504 5133; x_wconf 79' lang='lat' dir='ltr'><strong>cogitationum</strong></span> <span class='ocrx_word' id='word_1_906' title='bbox 3541 5077 3655 5114; x_wconf 78' lang='lat' dir='ltr'><strong>mo-</strong></span> 
     </span>
    </p>
   </div>
   <div class='ocr_carea' id='block_1_114' title="bbox 2091 5148 2216 5186">
    <p class='ocr_par' dir='ltr' id='par_1_114' title="bbox 2091 5148 2216 5186">
     <span class='ocr_line' id='line_1_114' title="bbox 2091 5148 2216 5186; baseline -0.016 0"><span class='ocrx_word' id='word_1_907' title='bbox 2091 5148 2192 5186; x_wconf 82' lang='lat' dir='ltr'><strong>ven</strong></span> <span class='ocrx_word' id='word_1_908' title='bbox 2202 5170 2216 5184; x_wconf 76' lang='grc' dir='ltr'><strong><em>ο</em></strong></span> 
     </span>
    </p>
   </div>
   <div class='ocr_carea' id='block_1_115' title="bbox 2161 5202 2764 5271">
    <p class='ocr_par' dir='ltr' id='par_1_115' title="bbox 2161 5202 2764 5271">
     <span class='ocr_line' id='line_1_115' title="bbox 2161 5202 2764 5271; baseline 0.002 -17"><span class='ocrx_word' id='word_1_909' title='bbox 2161 5202 2273 5271; x_wconf 82' lang='grc'>(56)</span> <span class='ocrx_word' id='word_1_910' title='bbox 2301 5202 2462 5266; x_wconf 79' lang='lat' dir='ltr'><strong>Editi,</strong></span> <span class='ocrx_word' id='word_1_911' title='bbox 2489 5202 2764 5269; x_wconf 83' lang='lat' dir='ltr'><strong>impedita.</strong></span> 
     </span>
    </p>
   </div>
   <div class='ocr_carea' id='block_1_116' title="bbox 2161 5272 2795 5339">
    <p class='ocr_par' dir='ltr' id='par_1_116' title="bbox 2161 5272 2795 5339">
     <span class='ocr_line' id='line_1_116' title="bbox 2161 5272 2795 5339; baseline 0.008 -17"><span class='ocrx_word' id='word_1_912' title='bbox 2161 5272 2275 5339; x_wconf 83' lang='lat'><strong>(57)</strong></span> <span class='ocrx_word' id='word_1_913' title='bbox 2305 5272 2468 5335; x_wconf 82' lang='lat' dir='ltr'><strong>Editi,</strong></span> <span class='ocrx_word' id='word_1_914' title='bbox 2497 5289 2598 5325; x_wconf 87' lang='lat' dir='ltr'><strong>non</strong></span> <span class='ocrx_word' id='word_1_915' title='bbox 2635 5276 2795 5327; x_wconf 83' lang='lat' dir='ltr'><strong>sinat.</strong></span> 
     </span>
    </p>
   </div>
   <div class='ocr_carea' id='block_1_117' title="bbox 2161 5338 3646 5414">
    <p class='ocr_par' dir='ltr' id='par_1_117' title="bbox 2161 5338 3646 5414">
     <span class='ocr_line' id='line_1_117' title="bbox 2161 5338 3646 5414; baseline -0.001 -20"><span class='ocrx_word' id='word_1_916' title='bbox 2161 5338 2466 5414; x_wconf 8' lang='lat' dir='ltr'><strong>(587)7Editi,</strong></span> <span class='ocrx_word' id='word_1_917' title='bbox 2498 5342 2587 5414; x_wconf 80' lang='lat' dir='ltr'><strong>sed</strong></span> <span class='ocrx_word' id='word_1_918' title='bbox 2623 5354 2674 5394; x_wconf 84' lang='lat' dir='ltr'><strong>ut</strong></span> <span class='ocrx_word' id='word_1_919' title='bbox 2701 5343 3045 5412; x_wconf 83' lang='lat' dir='ltr'><strong>perfectorum</strong></span> <span class='ocrx_word' id='word_1_920' title='bbox 3080 5355 3126 5398; x_wconf 90' lang='lat' dir='ltr'><strong>et</strong></span> <span class='ocrx_word' id='word_1_921' title='bbox 3158 5342 3568 5414; x_wconf 73' lang='lat' dir='ltr'><strong>imperfectorum</strong></span> <span class='ocrx_word' id='word_1_922' title='bbox 3591 5338 3646 5392; x_wconf 82' lang='lat' dir='ltr'><strong>in</strong></span> 
     </span>
    </p>
   </div>
   <div class='ocr_carea' id='block_1_118' title="bbox 2093 5412 3402 5483">
    <p class='ocr_par' dir='ltr' id='par_1_118' title="bbox 2093 5412 3402 5483">
     <span class='ocr_line' id='line_1_118' title="bbox 2093 5412 3402 5483; baseline 0 -18"><span class='ocrx_word' id='word_1_923' title='bbox 2093 5412 2718 5483; x_wconf 76' lang='lat' dir='ltr'><strong>Ecclesiaconcordiam,</strong></span> <span class='ocrx_word' id='word_1_924' title='bbox 2745 5430 2790 5466; x_wconf 88' lang='lat' dir='ltr'><strong>et</strong></span> <span class='ocrx_word' id='word_1_925' title='bbox 2815 5412 3255 5483; x_wconf 75' lang='lat' dir='ltr'><strong>imperfectorum,</strong></span> <span class='ocrx_word' id='word_1_926' title='bbox 3293 5428 3402 5468; x_wconf 85' lang='lat' dir='ltr'><strong>ctc.</strong></span> 
     </span>
    </p>
   </div>
   <div class='ocr_carea' id='block_1_119' title="bbox 2162 5481 3018 5552">
    <p class='ocr_par' dir='ltr' id='par_1_119' title="bbox 2162 5481 3018 5552">
     <span class='ocr_line' id='line_1_119' title="bbox 2162 5481 3018 5552; baseline 0.006 -18"><span class='ocrx_word' id='word_1_927' title='bbox 2162 5481 2274 5552; x_wconf 83' lang='grc'>(59)</span> <span class='ocrx_word' id='word_1_928' title='bbox 2314 5481 2830 5552; x_wconf 53' lang='lat' dir='ltr'><strong>Edilhincrepabat,</strong></span> <span class='ocrx_word' id='word_1_929' title='bbox 2861 5481 3018 5539; x_wconf 85' lang='lat' dir='ltr'><strong>male.</strong></span> 
     </span>
    </p>
   </div>
   <div class='ocr_carea' id='block_1_120' title="bbox 2162 5550 3644 5622">
    <p class='ocr_par' dir='ltr' id='par_1_120' title="bbox 2162 5550 3644 5622">
     <span class='ocr_line' id='line_1_120' title="bbox 2162 5550 3644 5622; baseline 0.003 -18"><span class='ocrx_word' id='word_1_930' title='bbox 2162 5550 2272 5620; x_wconf 85' lang='grc'>(60)</span> <span class='ocrx_word' id='word_1_931' title='bbox 2305 5550 2368 5602; x_wconf 73' lang='lat' dir='ltr'><strong>Et</strong></span> <span class='ocrx_word' id='word_1_932' title='bbox 2402 5563 2453 5622; x_wconf 79' lang='lat' dir='ltr'><strong>ut</strong></span> <span class='ocrx_word' id='word_1_933' title='bbox 2479 5551 2587 5618; x_wconf 84' lang='lat' dir='ltr'><strong>ipse</strong></span> <span class='ocrx_word' id='word_1_934' title='bbox 2617 5569 2803 5619; x_wconf 86' lang='lat' dir='ltr'><strong>capere</strong></span> <span class='ocrx_word' id='word_1_935' title='bbox 2839 5571 2939 5607; x_wconf 84' lang='lat' dir='ltr'><strong>non</strong></span> <span class='ocrx_word' id='word_1_936' title='bbox 2972 5566 3160 5622; x_wconf 80' lang='lat' dir='ltr'><strong>potest,</strong></span> <span class='ocrx_word' id='word_1_937' title='bbox 3193 5568 3296 5611; x_wconf 88' lang='lat' dir='ltr'><strong>etc.</strong></span> <span class='ocrx_word' id='word_1_938' title='bbox 3339 5556 3430 5610; x_wconf 86' lang='lat' dir='ltr'><strong>Sic</strong></span> <span class='ocrx_word' id='word_1_939' title='bbox 3465 5567 3644 5609; x_wconf 81' lang='lat' dir='ltr'><strong>omnes</strong></span> 
     </span>
    </p>
   </div>
   <div class='ocr_carea' id='block_1_121' title="bbox 2091 5621 3642 5697">
    <p class='ocr_par' dir='ltr' id='par_1_121' title="bbox 2091 5621 3642 5697">
     <span class='ocr_line' id='line_1_121' title="bbox 2091 5621 3642 5697; baseline -0.002 -21"><span class='ocrx_word' id='word_1_940' title='bbox 2091 5636 2222 5676; x_wconf 89' lang='lat' dir='ltr'><strong>mss.</strong></span> <span class='ocrx_word' id='word_1_941' title='bbox 2263 5621 2433 5674; x_wconf 88' lang='lat' dir='ltr'><strong>nostri</strong></span> <span class='ocrx_word' id='word_1_942' title='bbox 2465 5631 2519 5673; x_wconf 90' lang='lat' dir='ltr'><strong>et</strong></span> <span class='ocrx_word' id='word_1_943' title='bbox 2562 5623 2833 5680; x_wconf 61' lang='lat' dir='ltr'><strong>nubimus.</strong></span> <span class='ocrx_word' id='word_1_944' title='bbox 2871 5621 3009 5681; x_wconf 76' lang='lat' dir='ltr'><strong>Editi</strong></span> <span class='ocrx_word' id='word_1_945' title='bbox 3043 5641 3194 5692; x_wconf 86' lang='lat' dir='ltr'><strong>vero,</strong></span> <span class='ocrx_word' id='word_1_946' title='bbox 3235 5629 3370 5697; x_wconf 84' lang='lat' dir='ltr'><strong>quod</strong></span> <span class='ocrx_word' id='word_1_947' title='bbox 3421 5629 3524 5694; x_wconf 82' lang='lat' dir='ltr'><strong>ipse</strong></span> <span class='ocrx_word' id='word_1_948' title='bbox 3557 5638 3642 5674; x_wconf 82' lang='lat' dir='ltr'><strong>ca-</strong></span> 
     </span>
    </p>
   </div>
   <div class='ocr_carea' id='block_1_122' title="bbox 2090 5704 2681 5760">
    <p class='ocr_par' dir='ltr' id='par_1_122' title="bbox 2090 5704 2681 5760">
     <span class='ocr_line' id='line_1_122' title="bbox 2090 5704 2681 5760; baseline 0.005 -14"><span class='ocrx_word' id='word_1_949' title='bbox 2090 5708 2208 5760; x_wconf 86' lang='lat' dir='ltr'><strong>pere</strong></span> <span class='ocrx_word' id='word_1_950' title='bbox 2235 5709 2336 5746; x_wconf 89' lang='lat' dir='ltr'><strong>non</strong></span> <span class='ocrx_word' id='word_1_951' title='bbox 2361 5704 2546 5760; x_wconf 86' lang='lat' dir='ltr'><strong>potest,</strong></span> <span class='ocrx_word' id='word_1_952' title='bbox 2577 5707 2681 5754; x_wconf 77' lang='lat' dir='ltr'><strong>etc.</strong></span> 
     </span>
    </p>
   </div>
  </div>
