4048 6202
482 237 502 290 1
515 235 617 291 9'59

1959 232 2116 289 ORIG
2126 232 2278 290 ENIS

3584 228 3718 286 121(

478 356 675 411 mus".
711 355 933 413 Novitas
960 370 1095 425 ergo
1126 353 1248 409 vita;
1285 366 1393 420 qua
1422 350 1475 404 in
1507 348 1722 404 Christo
1753 362 1853 418 per
1885 347 2043 402 tidem
2074 356 2117 409 Α
2150 348 2404 416 perando,
2445 346 2722 402 inritando
2758 345 2938 416 potius
2977 359 3139 416 quam
3187 347 3565 416 estorquendo
3603 360 3722 414 per,

481 448 900 503 resurrectionis
951 448 1072 514 ejus
1137 444 1393 507 vivimus,
1455 439 1683 495 Domino
1733 439 2044 508 deputatur,

478 534 606 602 quia
643 549 746 588 non
775 549 804 586 a
838 535 1016 598 nobis,
1053 531 1148 587 sed
1183 531 1251 584 ab
1281 530 1396 597 ipso
1448 530 1613 584 sumit
1645 526 1963 592 exdrdium;
1993 538 2047 582 et

480 625 605 681 ideo
637 642 650 678 :
685 625 805 681 Sive
831 627 1048 680 vivimus
1073 624 1207 696 (75),
1235 621 1462 676 Domino
1493 623 1758 688 vivimus;
1795 622 1902 676 sive
1935 637 2047 675 mo-

479 719 672 782 rimur,
707 717 932 771 Domino
974 717 1250 771 morimur.
1289 713 1406 768 Sive
1446 715 1607 782 igitur
1650 714 1893 778 vivimus,
1943 712 2047 766 sive

477 810 760 868 morimur.
805 809 1016 862 Domini
1037 808 1310 861 suntne".
1343 806 1568 860 Mortem
1592 803 1792 860 etenim
1816 803 2048 873 appellat

477 898 648 967 illam,
686 913 792 969 qua
836 898 1079 964 Christo,
1122 909 1182 952 ut
1227 898 1486 963 diximus,
1526 894 1854 965 consepulti,
1893 901 1948 948 et
1991 894 2043 948 in

479 1001 656 1047 morte
700 991 872 1063 ipsius
906 991 1169 1060 baptizati
1189 991 1256 1053 ‘t",
1281 997 1507 1058 peccato
1532 987 1726 1040 mortui
1755 999 1960 1050 sumus,
1993 993 2047 1039 et

476 1083 646 1138 vitam
677 1099 782 1154 qua
815 1083 977 1138 alieni
1012 1081 1188 1137 effecti
1219 1083 1287 1135 ab
1333 1081 1433 1135 hoc
1476 1079 1699 1142 mundo,
1738 1087 1814 1142 et,
1849 1088 1906 1132 ιιι
1935 1079 2047 1147 ipse

477 1178 576 1240 ait,
631 1191 696 1229 ea:
747 1175 970 1228 mortuis
1010 1173 1229 1227 viventes
1253 1172 1299 1203 ⁷³
1331 1170 1466 1242 (74),
1500 1185 1607 1224 ιιοιι
1656 1170 1832 1235 nobis,
1876 1169 1928 1224 id
1965 1179 2048 1223 est

479 1282 584 1322 non
613 1265 765 1321 carni
798 1265 1056 1330 vivimus,
1085 1265 1182 1318 sed
1218 1263 1348 1326 Deo,
1381 1263 1680 1316 secundum
1727 1276 1791 1315 ea
1836 1275 1956 1329 quia
1993 1262 2045 1314 iu

2149 439 2376 493 suadeat
2398 438 2534 508 (78).
2569 437 2698 494 Inde
2720 439 2955 509 denique
2981 447 3084 504 est,
3099 438 3244 508 quod
3277 453 3448 508 usque
3477 439 3544 492 ad
3572 454 3719 492 mor-

2151 539 2258 586 tem
2312 531 2565 600 dignatur
2610 531 2894 596 accedere,
2929 539 2989 586 ut
3020 531 3326 602 exemplum
3363 530 3724 594 ubedientim,

2152 634 2207 678 et
2252 623 2518 678 moriendi
2573 623 2798 677 formam
2845 622 3150 677 volentibus
3189 632 3416 692 peccato
3460 633 3523 676 et
3574 622 3724 675 vitiis

2149 715 2319 769 emori
2347 714 2705 784 deielinquat.
2749 713 2811 768 Et
2839 724 3062 783 propter
3086 714 3188 770 hoc
3216 714 3270 767 in
3305 713 3568 782 praesenti
3605 713 3726 767 loco

2152 805 2441 876 Apostolus
2477 805 2665 860 scribit
2711 805 2920 860 idcirco
2954 819 3078 860 eum
3107 813 3379 860 mortuum
3411 818 3536 859 esse
3558 815 3616 857 ct
3644 803 3726 857 vi-

2152 898 2316 961 xisse,
2344 908 2400 952 ut
2425 909 2474 952 et
2495 899 2727 951 vivorum
2755 904 2805 950 et
2835 906 3165 951 mortuorum
3199 896 3502 950 dominetur
3527 913 3550 960 ,-
3576 897 3726 948 vivo-

2151 1004 2292 1053 rum,
2312 989 2555 1057 profecto
2584 987 2797 1042 illorum
2819 987 2912 1057 qui
2940 987 3360 1043 resurrectionis
3392 986 3514 1057 eius
3541 1001 3726 1041 exeru-

2152 1080 2242 1151 plo
2273 1095 2464 1135 novam
2509 1087 2564 1134 ct
2611 1078 2896 1134 ctelestem
2942 1078 2995 1132 in
3053 1079 3219 1132 terris
3256 1079 3482 1148 exigunt
3523 1078 3727 1142 vitam;

2150 1180 2513 1233 mortuorum,
2546 1169 2762 1223 illorum
2791 1166 2906 1237 (79)
2938 1168 3058 1222 sine
3094 1167 3260 1222 dubio
3287 1169 3378 1237 qui
3422 1167 3728 1221 mortiﬁca-

2151 1261 2351 1316 tionem
2388 1259 2590 1316 Christi
2639 1260 2692 1314 in
2740 1273 2969 1329 corpore
3017 1273 3118 1314 suo
3155 1255 3642 1320 circumferunt",
3675 1267 3727 1311 et

478 1356 936 1428 subsequentibus
949 1355 1150 1426 jungit.
1177 1353 1243 1407 In
1267 1354 1360 1408 Itoc
1391 1355 1548 1418 enim,
1583 1352 1778 1423 inquit,
1811 1351 2048 1406 Christus
2091 1363 2113 1401 α
2147 1349 2479 1404 mortificant
2507 1350 2746 1404 membra
2784 1365 2879 1404 sua
2922 1363 3044 1418 qua;
3087 1357 3212 1402 sunt
3242 1362 3406 1417 super
3429 1347 3729 1402 terram".

477 1459 718 1505 mortuus
747 1458 822 1502 est
857 1457 904 1502 et
943 1449 1077 1502 vixit
1110 1445 1248 1517 (75),
1281 1454 1338 1499 ut
1386 1455 1436 1499 et
1483 1455 1807 1499 mortuorum
1837 1455 1883 1498 et
1914 1446 2048 1499 vivo-

478 1558 598 1596 rum
633 1539 952 1594 dominetur.
980 1537 1249 1592 Mortuum
1295 1537 1424 1592 dicit
1463 1552 1587 1593 esse
1633 1537 1906 1594 Christum
1937 1537 2050 1592 dis-

479 1633 798 1703 pensatione
828 1631 948 1686 sine
976 1629 1142 1686 dubio
1171 1629 1470 1700 passionis;
1498 1629 1696 1685 vixisse
1725 1641 1903 1682 autem
1955 1642 2050 1696 per

477 1733 876 1781 sacramentum
909 1722 1352 1778 resurrectionis.
1383 1720 1539 1776 Unde
1587 1729 1641 1775 et
1693 1719 1851 1774 nobis
1875 1719 2050 1788 pritno

478 1816 750 1884 passionis
796 1822 852 1868 et
886 1812 1348 1878 mortificationis,
1387 1820 1571 1882 postea
1610 1811 1774 1866 etiam
1810 1825 2052 1865 resurre-

477 1905 677 1960 ctionis
711 1915 766 1959 et
811 1905 938 1959 vita}
985 1903 1248 1958 novitatis
1311 1900 1534 1970 reliquit
1573 1899 1899 1970 exemplum.
1945 1899 2050 1954 Sed

477 2007 694 2052 moveat
739 1996 974 2067 aliquem
1014 1994 1263 2052 fortassis
1291 1992 1433 2064 quod
1467 1993 1604 2048 dicit
1628 1991 1937 2062 Apostolus,
1971 1991 2052 2046 id-

477 2089 626 2145 circo
667 2099 937 2144 mortuum
977 2102 1098 2144 esse
1136 2094 1192 2142 et
1233 2084 1458 2147 vixisse,
1517 2095 1575 2140 ut
1613 2093 1950 2139 mortuorum
1997 2091 2052 2137 et

476 2182 726 2238 vivorum
769 2181 1111 2244 dominetur;
1152 2179 1304 2248 quasi
1341 2179 1432 2247 qui
1466 2178 1570 2232 hoc
1609 2175 1819 2231 dederit
1851 2175 2048 2230 intelli-

477 2268 738 2339 gendum,
784 2270 927 2340 quod
988 2269 1088 2324 nisi
1149 2274 1401 2322 mortuus
1455 2265 1666 2331 fuisset,
1716 2274 2049 2319 mortuorum

477 2360 816 2416 dominatum
865 2374 972 2415 nou
1023 2359 1340 2424 habuisset;
1398 2367 1452 2414 et
1495 2356 1599 2411 nisi
1654 2364 1773 2425 post
1819 2366 2049 2410 mortem

478 2466 693 2506 rursum
730 2450 978 2518 vixisset,
1005 2464 1114 2505 non
1153 2449 1416 2505 tenuisset
1438 2446 1866 2504 dominationem
1902 2447 2052 2502 vivo-

478 2559 622 2597 rum.
662 2541 770 2598 Sed
811 2542 878 2596 ad
911 2543 1026 2596 haec
1057 2541 1130 2596 ita
1176 2540 1618 2610 respondendum
1657 2550 1804 2610 puto.
1833 2537 2052 2592 Duobus

477 2649 543 2689 ex
599 2633 771 2689 modis
834 2640 1048 2687 constat
1103 2631 1156 2685 in
1207 2645 1422 2686 omnem
1475 2640 1782 2686 creaturam
1847 2629 2049 2686 Christi

477 2725 797 2780 dominatio.
834 2724 976 2788 Uno,
1027 2737 1128 2793 per
1168 2737 1329 2792 quem
1366 2733 1419 2777 ut
1467 2721 1694 2778 Creator
1723 2723 1966 2779 omnium
1996 2729 2052 2777 et

478 2827 802 2890 potestatem
858 2832 1054 2888 gerens
1105 2817 1516 2882 universorum,
1553 2817 1603 2869 vi
1650 2816 1952 2886 maiestatis
1995 2822 2051 2870 et

485 2911 815 2965 necessitate
865 2909 1119 2979 potentia:
1166 2907 1283 2980 (76)
1331 2909 1493 2964 habet
1542 2917 1738 2962 cuncta
1784 2906 2047 2977 subjecta,

2221 1441 2386 1512 662
2416 1440 2508 1494 ἆυ.
2551 1439 2701 1507 Quod
2729 1439 2776 1494 si
2809 1441 2922 1494 haec
2946 1437 3018 1494 ita
3041 1454 3099 1494 se
3121 1439 3362 1494 habent:
3397 1439 3501 1504 Tu,
3522 1440 3728 1507 inquit,

2154 1549 2318 1602 quare
2355 1533 2574 1602 judicas
2623 1530 2735 1604 (80)
2785 1531 3004 1600 fratrem
3057 1531 3248 1584 tuunt.’
3289 1531 3399 1583 Aut
3448 1540 3507 1583 tu
3561 1547 3729 1600 quare

2155 1623 2357 1692 spernis
2391 1623 2613 1692 fratrem
2649 1631 2795 1676 tuum
2811 1621 2880 1687 ⁸³,
2917 1636 3040 1676 eum
3092 1621 3209 1675 sive
3260 1620 3620 1675 mortiﬁcatio
3655 1623 3726 1675 sit

2156 1714 2209 1768 in
2253 1723 2306 1769 te
2335 1714 2519 1769 carnis
2552 1722 2607 1768 et
2638 1713 2916 1778 vitiorum,
2950 1726 3059 1768 non
3108 1728 3171 1768 es
3221 1721 3273 1767 te
3314 1723 3435 1767 orta
3491 1713 3585 1775 sit,
3630 1713 3730 1767 sed

2153 1803 2358 1860 Christi
2393 1814 2566 1860 morte
2597 1805 2792 1860 donata
2825 1821 2840 1858 :
2875 1805 2992 1860 sive
3029 1803 3123 1859 tibi
3160 1804 3376 1860 novitas
3400 1805 3526 1858 vita:
3551 1815 3633 1859 est
3655 1803 3726 1867 ",

2153 1904 2208 1950 et
2257 1895 2310 1949 in
2364 1895 2524 1950 terris
2577 1894 2863 1950 ambulans
2923 1895 3393 1950 conversationem
3445 1894 3622 1948 babes
3672 1894 3728 1947 in

2151 1985 2304 2042 etelis
2322 1985 2390 2052 ⁸⁸,
2427 1983 2630 2041 Christi
2658 1985 2762 2042 hoc
2796 1987 3200 2042 resurrectione
3232 1986 3529 2040 merueris?
3567 1987 3730 2040 Bene

2153 2083 2335 2130 autem
2361 2077 2646 2145 utriusque
2671 2075 2786 2130 vitii
2821 2085 3005 2131 notam
3038 2075 3325 2130 vernacula
3350 2075 3726 2144 appellatione

2153 2165 2409 2237 signavit,
2445 2165 2522 2220 illi
2570 2165 2788 2237 quidem
2829 2167 3017 2222 dicens
3059 2165 3211 2237 (8|):
3247 2165 3421 2232 Quare
3466 2167 3730 2235 spernis!

2152 2258 2218 2314 Et
2242 2259 2369 2315 huic
2395 2277 2410 2315 :
2439 2257 2617 2325 Quare
2633 2259 2850 2330 iudicas
2886 2259 3104 2329 fratrem
3129 2261 3320 2314 tuum?
3353 2259 3544 2315 Solent
3579 2261 3726 2313 enim

2151 2351 2205 2406 hi
2232 2351 2327 2421 qui
2374 2350 2768 2422 aliquantulum
2808 2351 3061 2406 videntur
3091 2353 3145 2406 in
3181 2351 3411 2406 scientia
3448 2349 3563 2420 (8‘2)
3597 2365 3726 2418 pro-

2151 2442 2372 2505 fecisse,
2405 2456 2662 2512 spernere
2704 2451 2763 2497 et
2805 2441 2962 2496 nihili
3002 2441 3204 2496 ducere
3235 2456 3334 2495 eos
3377 2440 3472 2508 qui
3517 2438 3727 2492 altioris

2152 2534 2520 2603 intelligentiae
2548 2535 2729 2590 minus
2749 2547 2975 2604 capaces
3003 2544 3163 2599 sunt;
3196 2533 3510 2588 econtrario
3543 2542 3725 2586 autem

2152 2627 2386 2698 imperiti
2421 2637 2476 2684 et
2513 2629 2774 2685 indociles
2807 2627 3082 2698 judicare,
3113 2630 3219 2683 hoc
3258 2636 3346 2683 est
3373 2628 3631 2682 incusare
3671 2635 3729 2680 et

2153 2721 2525 2778 condemnare
2547 2735 2641 2776 eos
2669 2721 2762 2790 qui
2795 2720 2990 2775 altiora
3021 2729 3079 2776 et
3114 2718 3467 2789 profundiora
3505 2717 3726 2786 perqui-

2150 2819 2302 2880 runt,
2339 2827 2501 2882 quam
2529 2811 2633 2882 ipsi
2657 2826 2852 2881 capere
2872 2820 2967 2868 aut
2995 2812 3209 2882 assequi
3242 2820 3468 2881 possunt
3495 2809 3627 2881 (85).
3661 2810 3726 2863 Et

2151 2903 2275 2958 ideo
2303 2903 2614 2972 Apostolus,
2633 2918 2893 2958 resecare
2925 2901 3142 2972 culpam
3185 2901 3372 2956 volens
3397 2914 3464 2956 es
3498 2909 3729 2968 utraque

482 3014 582 3070 per
610 3014 767 3070 quem
803 3001 1020 3055 modum
1059 3015 1166 3055 non
1200 3001 1374 3056 solum
1409 3000 1566 3054 bouis
1589 3008 1643 3054 et
1672 2999 1874 3054 sanctis
1902 3013 2053 3052 men-
2077 3009 2124 3074 ρ
2151 3002 2306 3064 parte
2333 3003 2668 3060 nascentem,
2700 2994 2806 3050 illis
2829 2995 3046 3064 quidem
3086 2992 3304 3062 praecipi
3317 3002 3356 3059 t,
3401 3008 3474 3047 ne
3505 2991 3726 3047 inferio-

483 3091 630 3145 tibus
657 3104 720 3145 ac
745 3089 1023 3159 spiritibus
1045 3090 1379 3153 dominatur,
1415 3104 1606 3145 verum
1631 3098 1686 3143 et
1714 3103 1968 3159 nequam,
1994 3097 2051 3144 et
2152 3099 2240 3141 res
2282 3095 2542 3154 spernant
2572 3094 2735 3155 atque
2768 3084 3108 3156 despiciant;
3134 3084 3221 3139 his
3267 3097 3420 3148 vero,
3454 3097 3525 3138 ne
3563 3097 3722 3152 supe-

485 3178 709 3252 ret'ugis,
758 3188 814 3234 et
857 3179 943 3234 his
991 3194 1128 3250 quos
1178 3179 1459 3248 Scriptura
1510 3179 1692 3233 divina
1711 3179 1756 3211 7'
1787 3179 2050 3249 malignos
2153 3180 2332 3234 riores
2356 3194 2412 3234 se
2437 3177 2697 3248 judicent,
2726 3193 2849 3233 cum
2877 3178 3131 3246 peritiam
3171 3191 3278 3231 non
3311 3177 3560 3231 habeant
3584 3175 3726 3242 judi-

484 3271 708 3342 augelos
739 3269 1048 3340 appellavit.
1084 3268 1292 3328 Idcirco
1323 3269 1466 3324 enim
1498 3278 1553 3325 et
1572 3270 1935 3335 omnitenens,
1966 3269 2050 3324 vel
2155 3271 2338 3325 candi.
2379 3268 2639 3336 Quamvis
2678 3283 2809 3338 ergo
2853 3267 2966 3340 (84)
3003 3277 3300 3336 utrumque
3341 3268 3723 3338 reprehendat,

483 3360 828 3430 omnipotens
855 3359 968 3431 (77)
1001 3359 1222 3425 dicitur,
1271 3359 1575 3414 secundum
1627 3358 1772 3428 quod
1813 3356 2052 3414 Joannes
2153 3371 2209 3417 et
2236 3376 2359 3416 eum
2395 3361 2487 3430 qui
2525 3362 2735 3430 spernit
2766 3361 2994 3416 fratrem
3027 3359 3362 3424 inferiorem,
3396 3371 3452 3412 et
3481 3373 3608 3412 eum
3636 3359 3728 3427 qui

484 3453 735 3523 designat
764 3452 817 3508 in
861 3451 1208 3522 Apocalypsi,
1240 3451 1425 3508 dicens
1455 3466 1468 3504 :
1499 3451 1631 3506 Haec
1666 3452 1794 3506 dicit
1831 3453 1922 3520 qui
1956 3461 2051 3518 est,
2146 3451 2359 3522 judicat
2385 3453 2749 3522 superiorem,
2771 3460 2949 3506 tamen
2981 3459 3041 3506 ut
3071 3452 3388 3506 ostenderet
3419 3451 3575 3506 illum
3605 3467 3726 3521 gra-

483 3553 537 3598 et
575 3544 663 3614 qui
695 3553 831 3610 erat,
865 3554 912 3598 et
941 3545 1032 3615 qui
1072 3555 1320 3601 venturus
1369 3554 1468 3612 est,
1509 3545 1835 3614 omnipotens
1851 3545 1917 3598 3°.
1955 3542 2054 3599 Hic
2154 3544 2274 3598 vius
2317 3543 2370 3598 in
2415 3541 2730 3611 iudicando,
2763 3553 2938 3612 quam
2987 3541 3130 3596 hunc
3177 3542 3231 3597 in
3271 3545 3584 3611 spernendo
3618 3543 3725 3596 fra-

484 3646 619 3703 ergo
645 3647 787 3686 unus
812 3640 896 3688 est
937 3633 1129 3689 modus
1156 3648 1264 3704 quo
1305 3632 1552 3689 Christus
1585 3633 1842 3688 omnibus
1880 3632 2052 3688 domi-

485 3732 671 3780 natur.
704 3724 860 3780 Alius
900 3739 1033 3781 vero
1062 3733 1166 3791 est,
1199 3738 1310 3795 quo
1339 3732 1597 3794 tanquam
1633 3725 1807 3779 bonus
1841 3734 1894 3779 et
1927 3721 2052 3779 boni

486 3813 665 3872 Patris
693 3814 864 3872 Filius
887 3830 998 3871 non
1029 3815 1147 3870 vult
1185 3814 1536 3870 rationabiles
1573 3814 1800 3885 spiritus
1833 3815 1899 3868 ad
1927 3813 2056 3869 obe-

485 3905 742 3962 dientiam
775 3906 913 3978 legis
956 3922 1067 3963 sua:
1093 3906 1365 3964 violenter
1395 3907 1697 3970 inﬂectere,
1735 3906 1829 3961 sed
1861 3919 2053 3976 exspe-

483 4004 596 4051 ctat
625 4006 682 4051 ut
724 4007 916 4066 sponte
960 3999 1200 4066 veniant,
1228 4007 1288 4053 ut
1319 3999 1596 4054 voluntate
1628 4009 1684 4054 et
1724 4013 1830 4054 non
1859 4012 2048 4053 neces-

483 4087 644 4141 sitate
671 4085 867 4141 bonum
899 4097 1170 4158 quaerant,
1198 4097 1254 4144 et
1282 4090 1522 4147 docendo
1548 4091 1724 4159 magis
1756 4105 1914 4160 quam
1949 4089 2050 4144 im-

2156 3641 2292 3688 trcm
2339 3645 2583 3702 peccare,
2621 3632 2824 3687 omissa
2867 3631 3163 3702 spretiouls
3215 3631 3396 3700 culpa,
3459 3647 3727 3701 praesum-

2158 3721 2396 3791 ptionem
2433 3721 2726 3792 iudicantis
2769 3721 2882 3792 (85)
2929 3721 3118 3780 fratris
3163 3734 3476 3796 exaggerat,
3516 3735 3573 3779 et
3611 3725 3730 3779 ideo

2161 3813 2214 3868 in
2246 3813 2708 3882 consequentibus
2727 3811 2913 3882 jungit
2946 3829 2962 3869 :

2225 3906 2316 3961 41.
2360 3906 2554 3961 Omnes
2582 3907 2718 3960 enim
2749 3908 3004 3961 stabimus
3037 3917 3162 3961 ante
3192 3908 3428 3962 tribunal
3450 3909 3568 3964 Dei.
3587 3910 3728 3966 Scri-

2153 4005 2300 4066 ptum
2333 4004 2408 4050 est
2449 3996 2625 4050 enim:
2658 3995 2782 4050 Vivo
2825 4012 2942 4065 ego,
2978 3998 3106 4051 dicit
3159 3995 3442 4061 Dominus,
3477 4000 3731 4068 quoniam

2157 4086 2286 4140 mihi
2321 4087 2561 4156 ﬂectetur
2590 4103 2742 4142 omne
2771 4103 2930 4158 genu,
2963 4097 3013 4142 et
3039 4088 3374 4158 conﬁtebitur
3416 4091 3588 4144 omnis
3627 4091 3726 4144 iiu-

555 4243 611 4319 "'_
632 4243 787 4319 Rom.
807 4247 970 4319 v3.74.
1048 4250 1094 4281 ’⁸
1114 4251 1268 4308 Rom.
1303 4265 1414 4319 χιιι,
1437 4249 1489 4304 8.
1549 4251 1592 4281 ""
1621 4249 1779 4304 Rom.
1813 4265 1891 4307 vt.
1916 4249 1972 4306 5.
2043 4250 2049 4267 ⁴

2158 4248 2266 4319 bid.
2301 4248 2390 4319 15.
2423 4249 2510 4319 _'°
2533 4248 2666 4305 Luc.
2694 4264 2812 4319 vm,
2838 4248 2894 4303 2.
2969 4248 3015 4280 ⁸ο
3042 4248 3211 4319 Apoc.
3247 4264 3286 4316 ι,
3316 4247 3371 4304 8.
3451 4249 3496 4281 ⁸⁸
3531 4249 3575 4304 ll
3603 4249 3722 4306 Cor.

486 4328 561 4382 tv,
592 4315 682 4370 10.
757 4315 1027 4374 “Coloss.
1060 4333 1146 4386 ιιι,
1173 4321 1228 4376 5.
1304 4320 1350 4352 ⁸³
1378 4318 1534 4376 Rom.
1564 4319 1769 4385 xrv,lO.
1845 4321 1892 4352 ⁸⁵
1915 4319 2049 4374 Rom

2154 4335 2180 4385 ι,
2221 4318 2276 4372 4.
2348 4318 2393 4350 ⁸³
2423 4317 2613 4388 Philip.
2647 4334 2729 4386 ιιι,
2755 4318 2847 4375 20.

909 4456 1171 4542 siveenint
1203 4457 1441 4542 vivimus,
1471 4463 1575 4542 etc.

564 4523 681 4607 (7i)
710 4523 810 4607 his.
845 4525 1045 4607 Regius
1078 4543 1227 4607 num.
1247 4527 1286 4607 _i
1299 4526 1425 4590 639,
1471 4525 1832 4607 vctu-trntortui
1854 4525 2058 4607 (viven-

493 4593 591 4648 tes.
633 4593 737 4648 Sed
770 4593 950 4649 (πιθιὶ
980 4611 1134 4658 mss.,
1163 4595 1421 4651 Rabanus
1450 4606 1504 4649 et
1529 4595 1656 4649 editi
1683 4605 1740 4649 ut
1767 4595 1820 4649 in
1851 4605 2020 4649 textu.

569 4663 680 4735 (75)
718 4663 810 4735 Sic
847 4681 1037 4720 omnes
1065 4681 1196 4718 mss.
1235 4668 1430 4734 nostri,
1457 4665 1586 4720 editi
1627 4680 1756 4719 vero
1792 4675 1846 4719 et
1883 4665 2060 4720 Raba-

494 4733 620 4814 nus.
647 4733 711 4814 in
745 4733 841 4787 hoc
875 4735 1011 4788 enim
1045 4735 1282 4790 Christus
1332 4733 1573 4789 mortuus
1615 4745 1714 4802 est,
1741 4744 1790 4789 et
1823 4750 2060 4790 resurre-

492 4811 590 4867 xit,
625 4811 729 4856 etc.

566 4870 678 4943 (76)
709 4869 808 4951 his.
847 4869 1046 4951 Regius
1078 4873 1409 4951 num.1639,
1431 4873 1576 4951 Unus
1601 4885 1696 4936 est,
1718 4889 2050 4951 per__qu_em...

493 4957 604 4994 sunt
639 4943 904 5008 majestati
935 4956 1001 4994 ea:
1029 4945 1332 4997 necessitate
1369 4946 1638 5011 potentite,
1665 4957 1774 5000 etc.
1806 4943 1910 4998 Sed
1944 4959 2052 4996 ca:-

492 5011 599 5065 teri
633 5025 791 5074 mss.,
834 5011 1088 5064 Rabanus
1119 5023 1172 5067 et
1206 5015 1334 5066 editi
1367 5014 1502 5066 utin
1535 5024 1722 5068 nostro
1748 5021 1916 5077 textu,
1949 5013 2049 5068 nisi

493 5080 1002 5152 quodpqsteriores
1035 5081 1266 5136 habeant
1300 5092 1486 5136 ca'tera
1507 5085 1759 5152 subjecta.

564 5149 682 5219 (77)
719 5149 894 5222 Editi,
929 5151 1128 5222 idcirco
1162 5152 1399 5222 igitur_et
1432 5149 1776 5216 omnitenens,
1804 5161 1852 5222 et
1887 5150 2055 5222 omni-7

490 5218 698 5290 potens,
728 5233 836 5276 etc.
871 5218 946 5273 Ita
995 5221 1158 5274 etiam
1183 5218 1303 5275 'tns.
1330 5220 1531 5290 Regius
1575 5238 1723 5276 nutu.
1760 5221 1918 5286 1659,
1953 5220 2054 5276 nisi

491 5288 636 5366 quod
667 5290 884 5344 omittat
916 5291 1096 5360 igitur.
1126 5290 1231 5347 Se'd
1264 5288 1446 5348 caeteri
1470 5307 1599 5346 mss.
1623 5301 1678 5346 et
1707 5290 1968 5346 Rabanus
1999 5300 2058 5344 ut

491 5369 546 5409 In
581 5367 749 5411 lCXIll.

565 5426 680 5496 (78)
715 5428 812 5481 Ms.
851 5426 1053 5497 Regius
1086 5445 1236 5483 num.
1279 5429 1436 5494 16⁸59,
1468 5429 1618 5484 Alius
1649 5445 1764 5484 vero
1817 5439 1894 5484 est
1939 5439 2058 5483 tan-

491 5508 653 5562 quam
697 5499 885 5550 bonum
910 5507 958 5551 et
1000 5499 1118 5553 boni
1147 5497 1326 5553 Patris
1357 5499 1686 5553 Filiumnon
1716 5499 1928 5552 ultra...
1965 5499 2056 5553 sed

491 5575 864 5644 exspectarer
897 5583 1053 5644 quam
1083 5570 1798 5644 “torquendopersuadere.
1829 5568 1932 5624 Sed
1961 5584 2058 5624 ca:-

490 5635 593 5689 tcri
633 5647 788 5699 mss.,
821 5635 1073 5692 Rabanus
1104 5649 1152 5694 ct
1190 5639 1320 5693 editi
1354 5649 1413 5693 ut
1449 5635 1500 5695 in
1533 5649 1717 5695 nostro
1744 5648 1912 5695 textu.

2089 4461 2136 4518 D
2235 4455 2348 4525 (79)
2377 4454 2622 4525 Illorum.
2649 4455 2811 4512 Deest
2837 4456 2891 4512 in
2919 4463 3077 4511 antea
3109 4454 3291 4510 editis.

2235 4523 2347 4594 (80)
2402 4523 2568 4596 Etliti,
2613 4536 2669 4579 tu
2715 4535 2890 4580 autem
2931 4527 3059 4596 quid
3087 4525 3324 4596 jfudicas,
3381 4536 3488 4596 etc.
3530 4525 3728 4580 Deinde

2162 4594 2484 4664 iidemrediti
2515 4605 2569 4649 et
2596 4609 2726 4650 mss.
2760 4594 2999 4664 quidam,
3028 4604 3078 4648 et
3104 4595 3158 4647 in
3175 4595 3326 4664 terris
3345 4594 3587 4650 ambulas
3608 4612 3730 4649 con-

2161 4663 2498 4735 versationem
2523 4665 2739 4729 habens,
2763 4663 2868 4719 etc.
2912 4664 3019 4720 Sed
3053 4679 3159 4718 tus.
3181 4663 3384 4735 Regius
3421 4681 3576 4720 num.
3596 4664 3728 4720 1639

2161 4741 2218 4790 et
2251 4733 2508 4788 Rabanus
2533 4743 2591 4788 ut
2615 4735 2670 4788 in
2700 4745 2882 4788 nostro
2917 4745 3088 4791 textu.

2235 4802 2342 4872 (81)
2382 4802 2544 4867 Editi,
2599 4804 2881 4874 vernacula
2912 4805 3193 4873 appellatio
3253 4805 3498 4874 signavit,
3541 4805 3624 4857 illi
3649 4805 3730 4856 di-

2162 4889 2308 4935 cens,
2347 4882 2480 4937 etc.,
2514 4873 2718 4928 omisso
2747 4873 2982 4938 quidem,
3007 4877 3150 4942 quod
3181 4873 3344 4929 etiam
3369 4875 3649 4928 omittitur
3678 4875 3728 4927 in

2163 4958 2264 5023 ms.
2298 4941 2469 5012 Regio
2492 4957 2644 5023 num.
2672 4942 2809 4998 1659
2835 4949 2892 4998 et
2919 4941 3062 5013 apud
3095 4943 3418 5010 Rabanum;
3449 4946 3546 5000 sed
3572 4943 3731 4998 resti-

2162 5014 2329 5066 tuitur
2367 5027 2432 5066 ex
2465 5014 2677 5067 caeteris
2707 5027 2837 5069 mss.

2230 5081 2342 5152 (8‘2)
2373 5080 2436 5152 In
2475 5083 2710 5136 scientia.
2741 5082 3084 5138 Desideratur
3118 5083 3170 5138 in
3200 5083 3379 5138 editis.

2232 5150 2344 5224 (85)
2382 5150 2548 5213 Editi,
2579 5151 2928 5224 condemnare
2957 5163 3004 5207 et
3032 5154 3398 5224 incusareeos
3424 5154 3586 5224 qui...
3613 5165 3729 5220 qua:

2161 5222 2263 5292 ipsi
2290 5222 2472 5292 capere
2500 5230 2593 5292 aut
2622 5223 2833 5292 assequi
2858 5239 2959 5277 non
2987 5236 3225 5290 possunt.
3249 5222 3340 5277 Sic
3356 5224 3520 5277 etiam
3557 5222 3728 5292 Rabaf

2163 5289 2286 5356 nus,
2321 5291 2424 5345 nisi
2454 5291 2597 5360 quod
2632 5289 2849 5356 habeat,
2871 5289 3114 5346 incusare
3147 5303 3194 5346 et
3229 5303 3575 5346 contemnere.
3623 5289 3727 5344 Sed

2166 5374 2357 5432 omnes
2405 5375 2533 5414 mss.
2559 5370 2616 5412 ut
2647 5360 2698 5413 in
2734 5372 2918 5416 nostro
2970 5372 3141 5427 textu,
3165 5412 3168 5415 .
3190 5361 3295 5417 nisi
3329 5364 3477 5432 quod
3507 5361 3722 5431 quidam

2165 5429 2696 5499 habeantﬁaecusare,
2736 5445 2834 5499 pro
2863 5433 3125 5485 incusare.

2259 5497 2350 5568 84)
2378 5497 2541 5568 Ergo.
2579 5497 3008 5568 Prmterntittitut
3046 5501 3099 5554 itt
3123 5501 3302 5554 editis.

2258 5565 2349 5638 85)
2381 5565 2474 5622 Sic
2503 5583 2606 5622 ms.
2641 5567 2844 5638 Regius
2866 5585 3013 5626 num.
3045 5571 3203 5624 l659.
3234 5570 3370 5624 Editi
3402 5583 3553 5630 vero,
3572 5565 3726 5637 judio

2163 5639 2339 5692 candi.
2376 5639 2566 5694 Caeteri
2604 5653 2734 5693 mss.
2767 5649 2820 5694 et
2849 5639 3124 5703 Rabanus,
3151 5640 3392 5703 iudicati,
3424 5640 3584 5694 male.
