3894 6356
0 2501 14 2538 t

0 2599 14 2632 r:

0 2679 16 2726 i

0 2773 18 2822 ri

0 2877 14 2912 ε

0 2973 18 3008 a

0 3161 13 3196 ε

0 3251 12 3305 μ

0 3347 16 3382 t

0 3429 14 3478 Ι

5 3535 15 3572 2

0 3625 11 3660 ι

0 3719 14 3774 l

71 171 301 233 1241

1183 178 1537 242 COMMENT.
1571 177 1642 238 IN
1679 173 1904 242 EPIST.
1947 185 2040 240 AD
2071 183 2239 241 80M.
2274 183 2406 242 LIB.
2439 183 2534 244 IX.

3345 190 3484 248 1242

64 305 246 360 gua
351 293 526 350 Deo.
567 277 757 364 Itaqué
811 293 925 364 (86)
964 299 1320 370 unusquisque
1354 309 1592 355 nostrum
1621 316 1718 370 pro
1753 320 1809 359 se
1836 305 1884 362 Α
1910 299 2072 356 altior
2094 307 2152 356 et
2167 299 2498 356 eminentior
2532 299 2748 356 caeteris
2770 297 3158 370 quijudicandi
3180 287 3327 366 sunt,
3359 305 3479 374 ﬁat,

77 383 492 440 rationem
541 388 720 440 reddet
773 386 898 441 Deo.
949 384 1073 441 Non
1122 405 1246 454 ergo
1301 391 1529 461 amplius
1584 393 1808 450 invicem

71 474 527 544 iudicemus
553 481 679 535 :sed
717 481 813 533 hoc
828 478 1072 548 judicate
1093 482 1282 550 magis,
1299 499 1363 537 ne
1397 487 1606 552 ponatis
1636 488 1809 556 offen-

93 569 432 626 sionem
468 575 647 642 fratri,
679 573 756 629 uel
785 572 1096 626 scandalum
1122 573 1190 628 ⁸ο.
1239 575 1537 630 Assumens
1581 581 1809 648 Aposto-

93 657 239 716 lus
297 664 467 736 (8'7)
502 683 693 723 causas
722 682 786 724 ex
815 668 899 722 his
931 668 984 720 in
1013 667 1210 734 quibus
1245 683 1353 722 non
1391 677 1536 723 recte
1564 669 1808 740 judicant

103 751 194 806 hi
240 756 388 824 qui
429 757 684 825 judicant
714 757 938 821 fratres,
971 759 1103 814 recti
1133 770 1188 814 et
1224 760 1355 827 justi
1405 761 1701 817 introducit
1727 763 1806 818 di-

107 843 288 898 vini
349 846 573 916 judicii
604 850 854 911 formam,
887 858 941 905 et
964 850 1082 904 ait:
1115 849 1310 904 Omnes
1347 852 1486 904 enim
1536 869 1630 906 nos
1665 865 1806 908 stare

118 947 438 1006 oportet
469 952 591 994 ante
618 942 848 996 tribunal
879 942 1009 1009 Dei;
1035 959 1142 1013 quo
1167 944 1376 998 scilicet
1406 945 1614 998 noverit
1642 945 1687 999 is
1711 945 1802 1014 qui

99 1021 436 1090 jmlical
461 1028 706 1094 fratrem,
743 1040 949 1086 tantum
989 1047 1048 1088 se
1081 1032 1285 1086 crimen
1334 1032 1588 1087 elationis
1623 1033 1804 1087 incur-

112 1115 333 1181 I‘ere,
387 1119 712 1174 uttribuual
753 1121 844 1178 Dei
870 1123 968 1178 sibi
1006 1122 1247 1176 videatur
1268 1135 1566 1190 assumere,
1589 1133 1644 1178 et
1672 1123 1804 1180 Uni-

124 1208 374 1276 geniti
405 1211 670 1280 judicium
703 1215 1024 1282 praevenire.
1055 1213 1252 1270 Verum
1276 1215 1403 1284 quid
1427 1213 1526 1268 sibi
1551 1215 1677 1270 velit
1707 1219 1805 1272 hoc

125 1295 397 1366 ipsum
445 1303 587 1370 quod
635 1305 926 1374 Apostolus
967 1305 1207 1359 tribunal
1277 1304 1371 1359 Dei
1419 1318 1706 1372 memorat,
1749 1317 1804 1362 et

135 1393 500 1457 quomodo
549 1393 958 1467 intelligendum
1008 1397 1082 1452 sit
1119 1397 1421 1452 videamus.
1464 1396 1580 1452 Non
1627 1399 1802 1456 solum

139 1482 356 1536 etaim
391 1483 504 1554 (88)
540 1485 591 1538 in
636 1486 738 1542 hoc
789 1486 933 1556 loco,
973 1489 1070 1543 sed
1112 1497 1167 1545 et
1209 1491 1277 1544 ad
1329 1489 1640 1546 Corinthios
1665 1493 1803 1546 scri-

147 1571 376 1639 beris,
412 1577 703 1634 tribunalis
739 1579 869 1634 facit
912 1580 1269 1637 nihilominus
1311 1583 1664 1649 mentionem,
1707 1584 1796 1639 tibi

1911 406 1979 446 ne
2000 401 2347 461 conspectum
2365 392 2482 463 ejus
2497 392 2704 447 lateant
2723 391 2804 447 vel
2823 406 3038 448 reorum
3062 391 3174 462 (92)
3191 393 3479 461 supplicia,

1910 481 1996 536 vel
2053 481 2404 553 allegationes
2459 483 2868 548 innocentium;
2904 483 2977 536 ita
3027 483 3384 551 intelligamus
3423 494 3482 539 et

1903 572 2138 642 judicem
2157 574 2396 628 omnimn
2419 573 2695 629 Christum
2736 584 2928 626 natura
2961 582 3014 627 et
3038 573 3318 642 majestate
3347 590 3483 628 cun-

1907 658 2012 712 ctis
2064 661 2394 714 eminentem
2441 659 2798 729 introspicere
2831 659 2998 714 corda
3027 670 3082 714 et
3120 663 3480 718 conscientias

1905 738 2265 819 siitgulorum,
2306 750 2657 806 manifestare
2689 753 2924 815 Occulta,
2954 763 3001 806 et
3026 752 3240 806 obtecta
3277 755 3482 808 revela-

1906 855 1986 908 re,
2019 851 2078 896 ttt
2104 852 2156 896 ct
2179 843 2338 898 bonis
2373 843 2587 896 actibus
2619 843 2836 897 laudem
2869 843 3164 906 tribual,et
3201 843 3324 898 mali
3358 858 3476 914 pa:-

1904 947 2028 988 nam
2081 950 2244 1002 quant
2280 943 2560 990 merentur
2593 935 2870 1003 excipiant
2902 933 3034 1004 (93).
3079 935 3233 1001 Quod
3283 937 3326 990 si
3364 952 3479 990 ma-

1906 1034 1994 1078 net
2026 1025 2187 1096 663
2212 1025 2448 1080 futurum
2471 1024 2738 1095 judicium
2771 1024 2886 1090 Dei,
2918 1034 2971 1080 et
2994 1024 3099 1078 tale
3125 1025 3392 1094 judicium
3421 1027 3475 1082 in

1903 1129 2010 1184 qun
2043 1132 2148 1170 non
2190 1117 2366 1172 solum
2415 1115 2790 1186 unusquisque
2843 1117 3066 1186 recipiet
3113 1133 3212 1186 pro
3261 1119 3476 1174 actibus

1903 1207 2036 1273 suis,
2064 1208 2156 1262 sed
2184 1217 2236 1262 et
2255 1223 2353 1278 pro
2387 1209 2533 1263 omni
2569 1210 2745 1263 otioso
2771 1207 2936 1261 verbo
2969 1209 3156 1264 reddet
3185 1211 3473 1278 rationein,

1901 1301 2196 1354 secundum
2266 1302 2593 1355 sententiam
2669 1299 2888 1354 Domini
2956 1299 3003 1331 ⁹⁰
3053 1319 3066 1356 :
3120 1302 3476 1370 cogitationes

1902 1403 2118 1459 quoque
2179 1394 2334 1446 mala:
2407 1391 2540 1463 (94)
2618 1391 3046 1446 confutabuntnr
3119 1393 3476 1462 redargncnte

1900 1483 2256 1547 conscientia,
2291 1493 2343 1538 et
2369 1483 2422 1536 in
2457 1484 2709 1538 omnibus
2744 1483 3096 1553 unusquisque
3122 1494 3354 1536 nostrum
3379 1500 3473 1549 pro

1900 1586 1955 1624 se
1981 1573 2236 1626 rationem
2276 1576 2455 1628 reddet
2498 1574 2630 1629 Deo.
2678 1576 2798 1629 Non
2823 1592 2964 1645 ergo,
2998 1575 3209 1642 inquit,
3247 1573 3474 1641 amplius

145 1663 256 1716 ait
298 1680 318 1717 :
362 1659 597 1736 Propter
637 1669 781 1737 quod
833 1671 1104 1726 studemus
1166 1673 1274 1726 sive
1333 1645 1661 1741 praesentes,
1689 1674 1797 1728 sire
1828 1645 2120 1716 Biuvicem
2163 1663 2488 1732 judicemas,
2535 1666 2679 1720 sicut
2724 1675 2778 1719 et
2827 1664 2880 1718 in
2928 1664 3048 1718 aliis
3076 1665 3207 1718 dicit
3238 1681 3254 1719 :
3285 1663 3473 1733 Itaque

151 1755 458 1810 absentes
491 1758 700 1827 placere
749 1759 850 1816 illi.
893 1761 1087 1816 Omnes
1131 1763 1269 1816 enim
1301 1778 1397 1815 nos
1428 1762 1540 1831 (89)
1566 1763 1792 1831 manife-

151 1847 341 1898 stari
385 1856 587 1915 oportet
623 1860 744 1902 ante
767 1849 1006 1904 tribunal
1032 1850 1252 1914 Christi,
1292 1859 1348 1903 at
1380 1852 1598 1916 recipiat
1632 1867 1793 1904 unus—

158 1937 442 2007 quisque
477 1955 572 2007 per
610 1955 799 2008 corpus
829 1949 988 2008 prout
1011 1941 1191 2010 gessit,
1219 1941 1327 1995 sive
1351 1942 1512 2005 bona,
1549 1943 1654 1996 sive
1679 1959 1792 1996 ma-

156 2024 229 2079 la
247 2025 337 2080 ‘7.
378 2027 487 2083 Sed
515 2037 572 2082 et
599 2030 742 2098 apud
778 2029 1058 2085 Danielcm
1113 2031 1436 2100 prophetam
1485 2031 1791 2087 invenimus

165 2118 337 2172 talia
373 2121 621 2188 quaedam
667 2121 732 2176 de
767 2121 1048 2190 judicandi
1077 2123 1260 2192 specie
1301 2123 1594 2192 descripta.
1639 2121 1794 2177 Vide-

166 2209 352 2274 bam,
389 2211 582 2279 inquit,
616 2223 663 2265 et
695 2229 810 2266 ecce
853 2213 999 2266 sedes
1028 2215 1214 2281 posita:
1244 2223 1424 2277 erant,
1455 2224 1502 2266 et
1540 2211 1790 2268 Vetustas

169 2299 420 2353 dierum
446 2299 679 2366 sedebat,
705 2311 753 2354 et
785 2302 1150 2356 indumentum
1181 2302 1296 2371 ejus
1321 2305 1454 2356 sicut
1481 2303 1572 2358 nia:
1605 2305 1791 2358 candi-

171 2389 360 2453 dum,
399 2401 446 2444 et
476 2391 654 2461 capilli
678 2392 868 2460 capitis
892 2391 1008 2462 ejus
1037 2393 1174 2446 sicut
1209 2394 1335 2447 lana
1366 2397 1584 2448 munda.
1622 2394 1791 2450 Thro-

173 2493 300 2533 nus
339 2480 459 2549 ejus
496 2481 714 2550 ﬂamma
744 2483 900 2552 ignis,
934 2492 1064 2537 rotat
1096 2483 1212 2555 ejus
1260 2485 1397 2554 ignis
1423 2486 1786 2558 inﬂammans,

175 2570 400 2640 ﬂuuius
430 2572 562 2641 ignis
611 2574 852 2627 currebat
887 2584 1007 2628 ante
1039 2575 1232 2644 ipsunt.
1261 2573 1455 2630 Millies
1487 2576 1654 2630 millia
1684 2578 1787 2630 mi-

175 2661 507 2716 nistrabant
548 2664 618 2727 ei,
665 2673 714 2717 et
750 2666 922 2718 decies
963 2665 1157 2719 millies
1187 2666 1323 2720 dena
1367 2667 1536 2720 millia
1571 2669 1787 2722 assiste-

181 2749 329 2804 bant
374 2763 497 2805 ante
533 2768 672 2806 eum.
731 2752 1006 2808 Iudicium
1071 2755 1346 2810 constituit
1393 2757 1526 2826 (90),
1562 2767 1610 2811 et
1663 2758 1784 2811 libri

180 2842 376 2907 aperti
426 2842 630 2895 sunt”.
681 2842 737 2897 lu
789 2844 1078 2900 duodecim
1125 2861 1342 2915 quoque
1389 2849 1780 2917 prophetarum

185 2931 366 2999 libro,
402 2935 502 2988 sub
549 2936 808 3008 mysterio
862 2937 1122 2991 dicitur"
1157 2939 1284 3008 quia
1326 2939 1380 2993 in
1417 2941 1563 2995 valle
1615 2941 1777 2997 .losa-

183 3028 333 3096 phat
363 3027 624 3084 Dominus
647 3028 851 3097 judicet
875 3031 1131 3100 populum
1157 3047 1313 3086 suum
1343 3047 1356 3082 :
1395 3033 1563 3101 ipsam
1602 3043 1782 3089 autem

188 3118 397 3174 vallem
425 3117 686 3190 Josapbat
713 3122 872 3192 paulo
902 3132 1021 3192 post
1053 3122 1243 3177 vallem
1265 3121 1461 3191 judicii
1510 3124 1777 3179 nominat.

193 3209 314 3265 Sed
359 3212 538 3266 dehis
589 3227 731 3268 nunc
767 3214 1020 3282 singulis,
1049 3229 1168 3284 qua:
1203 3213 1576 3269 similitudinis
1613 3227 1779 3268 causa

195 3301 553 3369 protulimus,
598 3303 872 3358 disserere
921 3304 1142 3373 longum
1177 3303 1413 3360 videtur.
1463 3304 1541 3359 Ea
1600 3313 1778 3359 tamen

198 3407 328 3462 qua:
376 3393 441 3447 ad
484 3392 795 3448 Corinthios
837 3394 1120 3462 scripsisse
1157 3393 1474 3464 Apostolum
1518 3395 1774 3461 diximus,

203 3484 549 3539 conferentes
592 3500 714 3540 cum
753 3486 1007 3553 praesenti
1061 3485 1202 3550 loco,
1247 3486 1330 3542 vel
1394 3485 1607 3540 caeteris
1661 3502 1780 3555 quae

207 3576 352 3645 apud
397 3577 696 3646 prophetas
719 3577 1058 3649 (9l)scripta
1119 3577 1567 3639 memoravimus,
1600 3577 1782 3632 decla-

207 3669 318 3723 rari
351 3668 595 3722 videmus
639 3683 700 3722 ex
749 3669 1006 3722 onmibus
1046 3667 1354 3722 certissime
1388 3665 1624 3721 futurum
1656 3681 1775 3722 esse

205 3757 458 3826 judicium
498 3759 626 3824 Dei;
659 3759 814 3826 cujus
865 3759 1076 3828 species
1118 3767 1176 3811 ut
1233 3758 1411 3812 notior
1465 3757 1777 3813 hominibus

216 3849 384 3914 lieret,
419 3848 694 3916 judicandi
748 3848 921 3902 forma
961 3862 1024 3902 ex
1073 3847 1156 3901 his
1189 3861 1309 3916 qua:
1343 3849 1484 3901 inter
1528 3847 1773 3902 homines

215 3947 467 4007 geruntur
513 3950 788 4006 assumpta
841 3945 944 3997 est.
992 3950 1104 4006 quo
1157 3935 1364 3990 scilicet
1401 3950 1769 3998 nosceremus.

214 4029 335 4096 quia
367 4028 505 4083 sicut
534 4026 698 4098 iudex
735 4027 837 4083 iste
867 4039 1116 4082 terrenus
1161 4026 1441 4081 celsiorem
1481 4028 1771 4095 quemdam

214 4116 384 4173 locum
411 4119 554 4188 quod
595 4118 828 4173 tribunal
859 4118 1182 4188 appellatur,
1215 4117 1484 4183 ascendit,
1519 4126 1575 4170 ut
1611 4132 1677 4172 ex
1709 4132 1776 4172 eo

281 4256 323 4288 ⁸⁵
352 4257 504 4311 Rom.
535 4272 644 4322 XIV,
685 4257 870 4313 l0~l5.
947 4259 992 4290 ⁸⁷
1024 4257 1221 4314 ilCnr.
1255 4272 1310 4318 ν,
1349 4255 1402 4319 9,
1439 4255 1524 4310 10.

1618 4255 1664 4287 ⁸⁸
1693 4256 1826 4309 Dan.
1857 4271 1952 4319 vlt,
1979 4247 2042 4319 '9,
2072 4256 2157 4309 10.

215 4326 256 4359 ⁹¹
289 4326 304 4380 l
339 4328 456 4382 Cor.
504 4342 577 4392 tv,
614 4327 668 4381 5.
746 4329 790 4360 "
822 4328 838 4381 ι
867 4328 992 4383 Cor.
1027 4327 1200 4393 nt,l3.
1275 4325 1321 4358 ”
1354 4327 1549 4395 Ephes.
1594 4341 1644 4392 v,
1677 4327 1764 4380 15.
1838 4325 1884 4358 ’⁸
1916 4329 2048 4381 bau.
2076 4343 2170 4392 vn,
2210 4327 2297 4382 l0.
2373 4329 2416 4361 "
2453 4330 2583 4383 ibid.
2619 4331 2673 4384 9.

1894 1751 2054 1806 nolite
2087 1762 2210 1806 ante
2259 1765 2458 1821 tempus
2506 1757 2632 1823 quid
2676 1755 2943 1822 judicare,
2987 1771 3252 1825 usquequo
3297 1756 3472 1809 veniat

1891 1839 2150 1892 Dominus
2177 1841 2266 1910 qui
2298 1841 2618 1894 illuminabit
2645 1841 2852 1894 occulta
2889 1844 3245 1907 tenebrarum,
3270 1853 3318 1896 et
3353 1859 3471 1914 mag-

1893 1930 2166 1996 nifestabit
2197 1931 2423 1984 consilia
2451 1933 2686 1985 cordium
2713 1949 2732 1988 :
2760 1943 2805 1986 et
2833 1943 2957 1985 tunc
2987 1933 3105 1986 laus
3131 1934 3228 1985 erit
3264 1933 3472 1986 unicui-

1891 2034 1990 2089 que
2034 2036 2066 2072 a
2131 2019 2236 2073 Deo
2273 2022 2317 2054 ⁰¹
2355 2020 2491 2092 (95).
2538 2021 2842 2077 Nudabitur
2897 2025 3040 2078 enim
3089 2025 3376 2089 universm,
3411 2033 3473 2079 ttt

1891 2125 1992 2178 ego
2022 2110 2287 2178 arbitror,
2315 2123 2589 2169 creatura:
2619 2115 2927 2170 rationabili
2959 2131 3057 2169 cor
3093 2126 3340 2170 nostrum
3365 2158 3380 2178 ,
3417 2125 3472 2172 et

1891 2201 2279 2266 revelabuntur
2329 2204 2572 2272 occulta,
2612 2206 2694 2260 vel
2742 2207 2905 2260 etiam
2955 2206 3466 2262 manifestabuntur.

1889 2289 1990 2346 Est
2037 2293 2181 2347 enim
2232 2293 2560 2350 diderentia.
2608 2295 2873 2353 Videntur
2931 2299 3074 2352 enim
3127 2313 3188 2353 ea
3250 2300 3468 2368 quidem

1887 2398 2012 2454 quae
2057 2385 2391 2452 revelantur,
2447 2388 2512 2441 ad
2566 2389 2734 2443 malos
2785 2389 3096 2457 pertinere,
3148 2390 3215 2444 de
3272 2391 3472 2459 quibus

1887 2476 2127 2532 dicitur:
2159 2476 2227 2530 In
2279 2478 2397 2548 igne
2431 2480 2570 2534 enim
2605 2481 2922 2534 revelabitur
2952 2482 3038 2548 ⁹²;
3069 2497 3132 2534 ea
3169 2497 3302 2537 vero
3341 2497 3466 2551 qua:

1889 2568 2343 2638 manifestantur,
2389 2573 2456 2626 ad
2504 2573 2710 2637 bonos;
2756 2581 2812 2626 et
2859 2573 2980 2628 ideo
3018 2575 3220 2630 dicitur
3254 2597 3266 2630 :
3299 2573 3469 2630 Omne

1883 2661 2023 2714 enim
2063 2661 2206 2730 quod
2235 2662 2626 2731 manifestatur,
2649 2662 2743 2716 lux
2765 2674 2840 2717 est
2869 2663 2948 2729 ⁹³;
2973 2673 3029 2718 et
3060 2673 3313 2734 tanquam
3343 2665 3465 2720 libri

1886 2752 2112 2822 quidam
2165 2752 2452 2823 descripti,
2504 2753 2583 2807 vel
2642 2753 2844 2808 tabulae
2893 2755 3078 2809 incisas
3124 2757 3465 2811 continentes

1887 2839 2104 2906 litteras
2155 2852 2378 2898 actuum
2435 2843 2935 2914 cogitationumque
2993 2855 3338 2910 nostrarum,
3393 2847 3465 2902 ab

1885 2932 2060 2998 omni,
2095 2941 2152 2988 ut
2185 2934 2422 2990 diximus
2446 2977 2461 3001 ,
2490 2945 2740 2990 creatura
2773 2936 3085 2991 rationabili
3131 2937 3459 3008 relegantur.

1889 3023 1957 3078 Et
1992 3025 2097 3079 hoc
2124 3035 2206 3080 est
2233 3027 2378 3095 quod
2413 3028 2654 3082 arbitror
2676 3028 2910 3083 indicari
2939 3045 3034 3098 per
3064 3030 3332 3085 Danielem
3365 3029 3454 3084 ubi

1885 3114 2060 3169 dicit:
2093 3113 2160 3168 Et
2197 3116 2321 3170 libri
2347 3118 2514 3186 aperti
2548 3128 2669 3172 sunt
2719 3119 2786 3187 “,
2821 3120 2912 3189 qui
2956 3120 3162 3175 scilicet
3203 3122 3254 3174 in
3295 3122 3458 3176 corde

1883 3219 2032 3258 nunc
2064 3205 2285 3260 involuti
2329 3220 2455 3262 sunt
2492 3220 2548 3262 et
2589 3209 2829 3276 obtecti,
2872 3212 3214 3267 continentes
3238 3213 3459 3280 quidem

1883 3295 2085 3365 scripta
2147 3311 2268 3366 qua:
2339 3301 2577 3370 gerimus
2629 3304 2766 3374 (96),
2831 3314 2890 3359 et
2942 3305 3085 3358 nmis
3135 3305 3456 3374 quibusdam

1883 3389 2228 3445 conscientia:
2272 3392 2499 3464 sulcati,
2565 3412 2666 3452 nec
2724 3407 2901 3451 tamen
2940 3397 3030 3450 ulli
3069 3399 3172 3451 nisi
3218 3401 3315 3453 soli
3351 3399 3458 3452 lico

1883 3481 2106 3548 cogniti.
2138 3479 2231 3535 lsti
2265 3497 2398 3553 ergo
2428 3484 2547 3539 libri
2584 3488 2781 3542 animae
2802 3499 3026 3552 nostrae,
3059 3490 3140 3543 vel
3168 3491 3247 3542 ha:
3276 3491 3459 3545 cordis

1886 3571 2060 3624 nostri
2125 3573 2336 3642 pagina:
2394 3577 2716 3644 aperientur
2781 3578 2833 3630 in
2916 3590 3211 3648 conspectu
3274 3581 3454 3634 throni

1881 3659 2144 3726 ﬂatnmei,
2207 3675 2260 3716 et
2319 3675 2560 3718 rotarum
2616 3666 2756 3732 ignis
2805 3667 3066 3729 ardentis,
3111 3679 3164 3722 et
3222 3669 3456 3723 ﬂuminis

1883 3753 2023 3822 ignei
2056 3767 2118 3806 ac
2151 3756 2521 3820 pcrcurrentis
2549 3767 2676 3810 ante
2712 3754 2989 3811 Velnslum
3026 3760 3234 3811 dierum
3262 3759 3328 3812 ".
3366 3759 3456 3813 Vi-

1881 3843 2082 3896 debttttl
2110 3845 2252 3908 haec,
2289 3857 2342 3899 et
2381 3845 2560 3913 legent
2591 3847 2754 3900 etiam
2784 3848 2984 3916 angeli,
3030 3860 3084 3903 et
3126 3851 3212 3902 illa
3260 3851 3452 3905 millies

1881 3933 2046 3986 millia
2081 3936 2414 4004 angelorum,
2444 3947 2498 3990 et
2535 3939 2714 3992 decies
2759 3940 2952 3995 millies
2981 3943 3113 3993 dena
3157 3942 3323 3995 tuillia
3355 3945 3453 3997 mi-
3500 3941 3507 3949 ’

1881 4023 2181 4077 nistrorum
2213 4026 2282 4090 ⁸⁸,
2315 4036 2370 4078 et
2404 4027 2476 4079 ita
2509 4027 2800 4082 criminum
2831 4045 3139 4085 nostrorum
3173 4032 3225 4086 in
3255 4033 3451 4102 quibus

1883 4131 2026 4170 nunc
2076 4131 2243 4170 unum
2279 4116 2469 4172 saltem
2503 4129 2692 4175 testem
2733 4123 2844 4191 pati
2887 4121 3287 4189 confundimur,
3335 4140 3452 4180 ca:-

2255 4255 2301 4289 ⁸⁹
2331 4257 2466 4312 Joel.
2505 4273 2587 4325 Ill,
2618 4258 2673 4324 2,
2713 4259 2798 4314 12.
2903 4261 2950 4292 ⁹⁰
2983 4259 3170 4316 Matth.
3210 4279 3306 4328 xu,
3353 4266 3445 4322 56.

2255 4327 2297 4382 5.
2373 4329 2416 4361 ⁸⁸
2453 4330 2583 4383 ibid.
2619 4331 2673 4384 9.
2783 4331 2830 4362 °"
2862 4331 2992 4384 ibid.
3026 4332 3092 4384 10

288 4442 387 4518 (86)
423 4441 985 4518 l_taqtte_unasqnisque
1037 4455 1271 4518 nostrum
1300 4462 1394 4514 pro
1424 4463 1478 4518 se
1512 4449 1768 4502 rationem
1801 4450 1847 4511 D
1875 4448 1978 4508 cia,
2015 4457 2120 4518 etc.
2154 4448 2357 4503 Deinde
2385 4448 2514 4502 editi
2544 4447 2798 4500 omittunt
2822 4449 2896 4518 ita
2914 4455 3040 4500 ante
3069 4447 3446 4518 intelligamus;

222 4516 382 4584 reddet
433 4513 554 4584 Deo.
598 4513 718 4566 Non
767 4513 1146 4582 ergatamplius
1193 4513 1407 4568 invicem
1439 4517 1764 4584 judicentus,

220 4583 306 4654 sed
325 4582 411 4633 hac
428 4582 881 4654 judicate_magis,
904 4602 964 4637 ne
989 4585 1196 4650 ponatis
1227 4582 1562 4652 o/fcnsionem
1589 4582 1766 4654 fratri,

220 4651 294 4704 vel
321 4651 636 4722 scandalum.
671 4651 810 4714 ilice,
840 4669 962 4722 quae
991 4651 1282 4707 restituunt
1323 4670 1452 4707 mss.
1496 4666 1547 4709 et
1584 4651 1770 4713 llabaL

222 4719 408 4792 nus,_i_n
438 4720 588 4792 libris
613 4735 772 4792 antea
811 4719 972 4776 editis
1005 4737 1110 4776 non
1143 4733 1480 4792 comparent.

289 4789 406 4864 (87)
423 4787 726 4864 Apostolus.
757 4791 917 4864 Deest
941 4793 990 4845 in
1020 4787 1430 4864 euntibus-mss.
1462 4796 1688 4864 nostris,
1716 4807 1770 4852 et

220 4857 675 4928 aptanabanuut,
710 4861 802 4914 sed
837 4871 1012 4915 esstal
1043 4862 1095 4914 itt
1127 4865 1303 4915 editis.

307 4924 380 4996 88)
417 4929 572 4982 Deest
601 4924 736 4982 enim
775 4931 825 4982 in
858 4932 1013 4985 libris
1041 4941 1195 4983 antea
1227 4933 1409 4985 editis.

305 4997 378 5067 89)
407 4997 562 5067 Enim
605 5015 718 5052 nos.
751 4998 876 5054 Hrcc
912 5002 1069 5054 vetba
1096 5002 1477 5056 desiderantur
1505 5004 1555 5056 in
1581 5005 1764 5061 editis.

416 5066 577 5143 Editi,
606 5068 874 5143 rottcejas
893 5071 1028 5140 ignis
1050 5087 1319 5134 accensus,
1336 5072 1528 5140 ﬂuvius
1561 5076 1765 5143 igneus.

227 5132 396 5188 Milliés
431 5138 597 5189 millia
628 5132 934 5192 ministranl
961 5143 1075 5195 ei...
1108 5132 1417 5194 assistebant
1456 5147 1522 5202 ei,
1554 5132 1604 5196 εἷ
1635 5155 1755 5198 ante

229 5219 327 5256 cum
347 5205 603 5273 judicium
636 5211 998 5274 constitutum,
1032 5222 1139 5264 etc.
1179 5210 1378 5264 Deinde
1429 5215 1590 5266 iidem
1636 5215 1766 5268 editi

231 5283 276 5325 et
301 5291 419 5349 mss.
441 5277 686 5349 quidam,
713 5275 1110 5349 ln‘duodecimo
1129 5296 1360 5349 quoque,
1393 5295 1496 5336 t-tc.

290 5342 381 5416 (9|)
407 5342 479 5398 na
521 5361 622 5399 ms.
661 5348 860 5416 Regius
891 5364 1039 5400 num.
1082 5342 1218 5403 1639
1251 5342 1305 5403 et
1336 5350 1613 5408 Rabanns.
1647 5353 1764 5408 Cae-

236 5415 455 5485 letfiAyero
477 5430 606 5485 mss.
628 5426 682 5469 et
709 5415 864 5480 editi,
887 5419 1216 5485 prophetam.

291 5481 382 5604 (9%)
416 5483 581 5550 Editi,
612 5500 674 5539 ne
698 5481 996 5552 conspectui
1019 5488 1132 5555 ejus
1147 5489 1353 5542 lateant
1379 5491 1456 5542 uel
1479 5490 1762 5555 malorum,

295 5571 319 5604 τ.
345 5585 358 5603 .
387 5567 430 5604 s.
463 5551 664 5604 “cuius
690 5570 842 5604 ntttn.
875 5556 1034 5604 i639.
1069 5572 1132 5604 ne
1165 5570 1465 5604 conmeatus
1520 5564 1635 5604 ρῑηι
1684 5562 1760 5604 ιιι.

233 5559 319 5604 etc.
345 5551 430 5628 ills.
463 5551 842 5628 Regitts__ntttu.
875 5551 1132 5616 i659,'ne
1165 5570 1465 5626 conspectus
1520 5564 1635 5628 ejus
1684 5551 1760 5612 ιαί

239 5630 319 5672 teut
340 5621 400 5673 rel
429 5637 636 5675 reorum
661 5622 965 5694 (llabanus,
992 5631 1190 5680 lateant
1225 5621 1299 5681 η.εεί
1335 5621 1764 5699 γει-ιιυιγειψριὶ-

285 4930 302 5134 3

1871 4526 1924 4571 et
1954 4517 2112 4584 paulo
2145 4530 2264 4585 post
2295 4521 2512 4583 habent,
2545 4517 2750 4569 cazteris
2772 4517 3099 4568 eminentem.

1943 4587 2054 4656 (93)
2087 4587 2179 4640 Sic
2212 4587 2485 4650 Rabanus,
2521 4602 2620 4638 ms.
2648 4585 2846 4652 Regius
2869 4601 3014 4639 nunt.
3047 4585 3178 4641 l659
3205 4599 3255 4640 et
3288 4591 3440 4646 editi.

1872 4654 1999 4708 stes.
2035 4654 2164 4708 vero
2193 4657 2458 4724 plerique,
2495 4663 2545 4707 et
2582 4657 2752 4708 ntalos
2789 4671 2940 4724 plena
2978 4673 3136 4723 quant
3175 4673 3442 4713 merentur

1869 4725 2117 4778 excipiat.

1945 4739 2159 4860 iiiij'iia
2195 4808 2297 4846 ms.
2328 4794 2527 4862 Regius
2559 4809 2706 4847 num.
2735 4794 2890 4848 1659.
2928 4795 3066 4850 Editi
3100 4813 3230 4850 vero
3253 4839 3268 4862 ,
3299 4801 3437 4854 rcci-

1871 4861 1973 4931 piet
2010 4879 2104 4930 pro
2138 4863 2362 4926 actibus,
2390 4861 2479 4917 sed
2510 4880 2604 4932 pro
2628 4867 2769 4918 omni
2798 4866 2946 4918 verba
2989 4868 3156 4920 otioso
3189 4861 3436 4922 reddetur

1871 4932 2100 5003 ratio....
2138 4934 2584 5003 coyitutionesque
2628 4937 2806 5000 maliv,
2841 4947 2947 4989 etc.
2990 4939 3180 4990 Cit-teri
3217 4956 3344 4992 mss.
3385 4950 3439 4993 et

1873 5001 2152 5078 “abantis,
2205 5001 2458 5078 redditur
2498 5001 2752 5078 'ratio....
2809 5007 3150 5076 cogitationes
3219 5025 3437 5078 quicque

1874 5081 1890 5142 (
1915 5070 2191 5144 llahanus,
2226 5073 2463 5144 quoque)
2491 5075 2669 5138 multa,
2695 5086 2800 5144 etc.

1945 5142 2058 5212 (95)
2087 5144 2236 5196 Sicut
2255 5155 2306 5213 et
2331 5149 2384 5196 in
2411 5142 2533 5196 aliis
2551 5145 2681 5196 dicit
2711 5159 2731 5198 :
2762 5143 2948 5213 Itaque
2969 5146 3130 5198 nolite
3155 5161 3274 5200 ante
3308 5161 3438 5202 tem-

1871 5228 1968 5278 pus
2003 5212 2406 5282 quidjudt'care,
2437 5227 2569 5277 etc.,
2607 5229 2777 5282 usque
2808 5212 2909 5276 ad,
2932 5215 2984 5266 et
3029 5229 3152 5268 tunc
3183 5218 3300 5271 laus
3337 5230 3432 5272 erit

1873 5282 2152 5351 unicuique
2189 5299 2222 5335 a
2273 5281 2401 5336 Deo.
2439 5283 2563 5336 llatc
2599 5281 2973 5337 desiderantur
3014 5286 3065 5338 in
3115 5288 3307 5351 editis;
3339 5290 3432 5340 sed

1873 5352 2233 5427 restituuntur
2272 5365 2337 5427 ex
2373 5367 2502 5427 mss.
2543 5354 2771 5427 nosu'is.
2817 5351 2918 5406 Ms.
2949 5362 3123 5407 taumn
3173 5373 3308 5411 Illius
3338 5375 3433 5427 pro

1872 5419 1958 5496 his
1994 5425 2173 5496 verbis
2197 5423 2382 5496 habet,
2415 5425 2502 5496 sed
2533 5421 2629 5496 hoc
2649 5421 2890 5496 judicate
2923 5427 3113 5492 magis.
3143 5443 3203 5479 nc
3225 5419 3431 5496 ponatis

1871 5489 2246 5557 otfcndiculum
2293 5494 2464 5562 fratri,
2503 5492 2582 5544 vel
2627 5492 2937 5546 scandalum
2963 5536 2978 5562 ,
3012 5489 3156 5563 quod
3212 5489 3433 5552 minime

1873 5563 2110 5628 colueret
2143 5576 2265 5613 cum
2300 5564 2674 5628 Sequentibus.

1944 5627 2058 5696 (96)
2103 5628 2261 5694 Editi,
2311 5627 2554 5700 qttictlum
2597 5631 2792 5698 scripta
2823 5649 2937 5702 qua:
2969 5637 3215 5705 gerimus.
