4048 6202
466 209 605 264 1215

1816 190 1818 192 ’
1913 192 2234 251 ORIGENIS

3594 169 3737 230 1214

464 319 678 377 testium
741 326 871 373 tunc
915 323 1179 372 virtutum
1228 322 1395 370 testes
1439 285 1690 368 catervas
1739 310 2046 365 innumera-
2074 314 2122 372 Α
2147 305 2464 378 Apostolus.
2487 303 2641 373 Quod
2669 310 2852 358 tamen
2881 315 2992 360 non
3019 309 3104 357 est
3133 298 3430 358 carnaliter
3455 297 3738 368 accipien-

465 411 604 486 biles
649 407 942 476 patiemur.
1004 407 1137 463 Cum
1189 415 1371 460 autem
1433 404 1636 459 Paulus
1684 400 1862 465 dicat,
1917 402 2044 470 quia

464 515 643 554 omnes
673 498 930 552 stabimus
957 506 1079 550 ante
1117 493 1351 549 tribunal
1403 493 1522 558 Dei,
1558 501 1614 548 et
1654 493 1782 546 dum
1821 489 1932 559 (97)
1987 505 2046 545 se

467 606 592 648 cum
648 590 738 644 his
796 589 968 643 societ
1020 586 1114 658 qui
1167 587 1393 642 stabunt
1441 595 1569 640 ante
1622 584 1859 639 tribunal
1919 583 2042 648 Dei,

469 684 724 756 quisnam
753 681 950 751 estqui
987 679 1338 749 semetipsum
1389 679 1462 732 ita
1493 676 1726 746 decipiat
1773 685 1828 730 et
1874 675 2044 740 fallat,

467 786 531 830 ut
569 775 635 828 ad
658 772 922 842 judicium
965 787 1024 826 se
1051 771 1279 834 Christi,
1320 778 1376 826 et
1416 769 1482 824 ad
1517 767 1750 825 tribunal
1774 766 2045 835 cognitio-

467 865 554 921 nis
584 863 701 933 ejus
730 879 838 918 non
873 873 1026 933 putet
1053 875 1174 918 esse
1205 873 1513 927 venturum,
1553 871 1648 915 aut
1687 857 2045 939 manifestan-

466 955 597 1012 dum
629 971 687 1010 se
720 971 826 1010 non
859 965 1015 1024 putet
1045 955 1098 1008 in
1133 954 1217 1008 his
1244 970 1363 1024 qua:
1396 955 1510 1008 sive
1546 961 1712 1017 recte,
1741 953 1858 1007 sive
1878 951 2044 1006 etiam

467 1049 650 1104 minus
688 1057 834 1102 recte
874 1045 1256 1102 commiserit?
1309 1046 1461 1112 Quod
1516 1059 1644 1100 vero
1693 1043 1745 1097 iu
1794 1040 2046 1112 praesenti

469 1142 687 1210 quidem
741 1139 860 1195 loco
907 1138 1140 1193 tribunal
1193 1137 1310 1202 Dei,
1365 1138 1431 1191 ad
1482 1133 1792 1191 Corinthios
1835 1148 1962 1187 vero
2000 1133 2045 1168 "

469 1231 706 1288 tribunal
761 1231 958 1286 Christi
1014 1231 1218 1300 posuit,
1268 1246 1367 1301 ego
1412 1228 1630 1299 quidem
1678 1226 1878 1280 nullam
1920 1235 2050 1294 puto

469 1337 592 1378 esse
630 1321 742 1393 (98)
790 1319 1151 1375 diﬂ‘erentiam
1191 1319 1477 1387 quominus
1508 1331 1671 1370 unum
1707 1325 1866 1384 atque
1907 1315 2046 1368 idem

470 1413 703 1469 tribunal
738 1413 933 1466 Christi
963 1420 1017 1466 et
1048 1410 1282 1465 tribunal
1330 1410 1426 1464 Dei
1462 1410 1797 1471 nominetur,
1854 1422 2051 1462 secun-

473 1506 602 1560 dum
634 1506 776 1572 quod
814 1507 930 1572 ipse
966 1503 1219 1558 Salvator
1247 1502 1298 1555 in
1328 1501 1617 1568 Evangelio
1643 1501 1774 1555 dicit
1802 1518 1816 1555 :
1855 1497 2050 1555 Omnia

468 1613 587 1668 quae
617 1597 773 1651 habet
813 1595 995 1658 Pater,
1041 1611 1156 1648 mea
1201 1603 1322 1648 sunt
1355 1594 1440 1660 '8;
1492 1603 1547 1648 et
1589 1594 1786 1646 iterum
1820 1610 1833 1646 :
1865 1590 2046 1655 Pater,

2148 401 2298 461 dura,
2354 406 2416 452 ut
2445 403 2698 466 putemus
2739 394 2883 464 quod
2911 394 3074 450 etiam
3103 391 3368 456 ccelestia,
3431 407 3555 460 qua:
3599 390 3743 445 dicit

2151 504 2292 560 genu
2324 486 2565 552 ﬂectere,
2595 485 2906 540 carnalibus
2942 483 3206 538 membris
3245 480 3430 536 facere
3460 481 3579 534 haec
3612 495 3734 534 cre-

2147 581 2347 636 dantur
2389 577 2514 650 (2):
2553 577 2707 632 verbi
2751 590 2940 640 causa,
2993 584 3053 629 ut
3088 582 3307 646 putetur
3365 572 3450 625 vel
3494 570 3605 635 sol,
3648 571 3738 624 vel

2147 670 2300 736 luna,
2335 667 2420 722 vel
2450 666 2642 730 stellae,
2698 665 2784 720 vel
2827 664 2993 719 etiam
3036 663 3236 736 angeli,
3289 671 3343 717 et
3393 669 3756 732 quaecunque

2148 769 2276 818 sunt
2310 776 2428 831 quae
2459 759 2703 816 coelestia
2729 758 3098 821 nominantur,
3127 756 3506 826 corporalibus
3536 755 3738 811 inﬂexa

2147 855 2378 925 genibus
2408 855 2662 917 adorare,
2695 860 2790 906 aut
2826 851 2995 906 etiam
3049 848 3232 918 lingua
3270 848 3506 912 carnali,
3552 858 3612 902 et
3642 847 3736 903 tali

2149 947 2392 1004 membro
2418 945 2563 1015 quali
2595 959 2694 1000 nos
2721 943 2968 998 homines
2991 941 3293 1014 loquimur,
3317 950 3578 1012 putentur
3598 957 3737 996 con-

2148 1036 2292 1094 titeri
2318 1036 2513 1101 Deum,
2539 1035 2610 1092 de
2634 1035 2833 1106 quibus
2859 1033 3060 1089 dicitur
3097 1033 3226 1104 quia
3269 1032 3381 1087 sint
3423 1033 3656 1101 spiritus
3683 1040 3742 1086 et

2149 1130 2310 1202 ignis,
2362 1129 2661 1185 secundum
2703 1127 2848 1198 quod
2883 1127 3150 1196 Propheta
3193 1125 3374 1180 dicit‘
3406 1141 3422 1181 :
3452 1124 3560 1190 Qui
3603 1124 3741 1193 facit

2149 1221 2361 1292 angelos
2387 1238 2512 1280 suos
2537 1221 2776 1290 spiritus,
2817 1217 2985 1296 684
3019 1229 3066 1272 et
3102 1218 3374 1274 ministros
3403 1233 3528 1272 suos
3561 1219 3738 1287 ignem

2149 1323 2403 1372 urentem.
2430 1313 2498 1368 Et
2522 1327 2644 1382 quae
2665 1327 2843 1381 genua
2871 1314 2923 1366 iu
2949 1308 3234 1381 spiritibus
3251 1325 3374 1364 esse
3399 1310 3740 1363 credentur?

2149 1416 2242 1462 aut
2267 1420 2386 1474 qua:
2411 1405 2592 1474 lingua
2623 1403 2675 1458 in
2699 1402 2839 1472 ignis
2864 1401 3047 1474 specie
3073 1401 3423 1471 requiretur?
3449 1400 3558 1454 Sed
3596 1415 3737 1468 genu

2149 1495 2393 1563 ﬂectere,
2425 1495 2668 1561 subjecta
2698 1509 2818 1548 esse
2844 1502 3066 1562 cuncta,
3095 1503 3150 1546 et
3173 1491 3342 1548 cultui
3381 1492 3476 1546 Dei
3507 1493 3740 1546 obedire

2151 1588 2397 1644 declarat
2421 1586 2523 1658 (3).
2558 1585 2740 1640 Movet
2770 1598 2856 1640 me
2896 1584 2975 1654 (4)
3028 1584 3207 1638 adhuc
3259 1599 3325 1637 ex
3376 1585 3464 1638 his
3503 1600 3627 1652 qua:
3673 1584 3742 1636 de

469 1657 651 1746 omnia
678 1706 795 1744 mea
837 1698 926 1742 tua
957 1657 1102 1751 sunt,
1137 1697 1183 1741 et
1214 1697 1305 1740 tua
1346 1657 1458 1740 mea
1493 1688 1560 1740 ”.
1625 1685 1681 1740 Si
1713 1686 1838 1755 quis
1867 1695 2046 1737 tamen
2082 1657 2124 1713 Β
2152 1679 2394 1750 Epistola
2423 1679 2496 1736 ad
2531 1676 2849 1734 Corinthios
2881 1675 3310 1746 assumpsimus,
3339 1677 3432 1731 ubi
3458 1677 3597 1732 dicit
3627 1693 3644 1732 :
3672 1674 3740 1730 Ut

468 1792 626 1854 putat
651 1783 705 1838 in
736 1780 1082 1836 sermonibus
1106 1778 1279 1842 Pauli,
1316 1780 1443 1848 quia
1486 1778 1627 1832 nulla
1669 1781 1721 1832 in
1751 1777 1870 1844 ejus
1908 1776 2052 1829 litte-

472 1874 552 1934 ris
574 1875 747 1928 otiosa
790 1874 872 1927 vel
901 1872 1104 1944 syllaba
1141 1881 1225 1926 est
1251 1911 1266 1936 ,
1317 1886 1514 1925 causas
1556 1870 1840 1925 varietatis
1889 1867 2052 1936 hujus

473 1979 600 2022 esse
656 1964 1052 2034 requirendas,
1109 1963 1309 2032 poterit
1366 1960 1620 2016 fortassis
1684 1961 1790 2016 tale
1849 1959 2058 2028 aliquid-

471 2055 704 2112 dicere:
737 2054 940 2109 Christi
987 2052 1343 2118 vocabulum,
1391 2061 1653 2121 quantum
1693 2051 1762 2105 ad
1807 2049 2052 2122 pr0prie~

476 2158 642 2202 tatem
683 2146 1064 2216 appellationis
1095 2145 1264 2214 ipsius
1290 2145 1551 2213 pertinet,
1592 2140 1754 2198 Verbi
1802 2143 1854 2197 in
1883 2157 2053 2198 carne

475 2239 638 2310 positi
671 2249 724 2294 et
751 2239 1006 2293 mundum
1055 2237 1167 2291 Deo
1217 2236 1626 2296 reconciliautis
1658 2236 1916 2292 indicium
1945 2245 2051 2308 est,

475 2332 618 2388 sicut
649 2342 702 2387 et
728 2331 868 2386 idem
896 2329 1100 2385 Paulus
1125 2330 1274 2394 dicit,
1299 2332 1424 2398 quia
1457 2328 1599 2384 Deus
1624 2330 1806 2384 eratin
1838 2327 2052 2383 Christo

475 2423 732 2485 mundum
784 2422 1131 2476 reconcilians
1189 2421 1289 2476 sibi
1322 2422 1374 2486 ¹;
1433 2411 1528 2476 sed
1595 2419 2053 2476 reconciliationis

475 2511 636 2581 hujus
674 2512 846 2582 spatia
878 2511 1255 2568 conversionis
1285 2520 1486 2566 nostra:
1532 2510 1721 2567 dilatio
1756 2519 1812 2566 et
1861 2526 2054 2566 emen-

476 2605 712 2662 dationis
742 2603 1068 2676 negligentia
1104 2605 1402 2670 distendit,
1459 2613 1515 2660 et
1559 2605 1808 2676 longiora
1853 2605 2054 2660 consti-

475 2700 610 2766 tuit;
652 2707 707 2752 et
741 2699 914 2753 donec
953 2705 1182 2752 evacuet
1211 2711 1404 2763 omnes
1455 2697 1794 2766 principatus
1825 2707 1877 2752 et
1911 2706 2058 2767 pole-

474 2801 664 2858 slates,
709 2800 765 2846 et
806 2801 971 2864 ponat
1015 2804 1206 2846 omnes
1258 2789 1510 2846 inimicos
1537 2791 1637 2846 sub
1670 2792 1894 2861 pedibus
1919 2790 2050 2851 suis,

476 2899 542 2938 ac
568 2883 922 2940 novissimum
941 2883 1219 2938 inimicum
1263 2883 1513 2939 destruat
1549 2868 1800 2948 mortem,
1830 2882 1903 2936 ita
1929 2895 2050 2936 eum

2152 1772 2366 1839 recipiat
2410 1769 2768 1840 unusquisque
2805 1771 3020 1838 propria
3070 1771 3306 1832 corporis
3355 1782 3508 1837 prout
3550 1776 3740 1840 gessit,

2149 1863 2257 1917 sive
2278 1863 2441 1928 bona,
2463 1865 2569 1916 sive
2610 1861 2754 1916 mala
2786 1865 2806 1896 '
2834 1903 2850 1928 ,
2889 1872 3074 1916 utrum
3105 1861 3230 1930 quia
3265 1862 3316 1914 in
3343 1863 3603 1916 omnibus
3639 1864 3742 1918 lto-

2153 1952 2390 2010 minibus
2421 1967 2642 2011 necesse
2671 1963 2756 2016 est
2799 1951 3002 2022 aliquid
3041 1952 3168 2007 boni
3209 1967 3365 2020 esse,
3421 1963 3476 2008 et
3527 1954 3741 2022 aliquid

2153 2042 2323 2110 ntali;
2350 2058 2450 2099 nec
2474 2043 2641 2100 ullum
2682 2041 2737 2096 in
2761 2042 2920 2098 bouis
2955 2042 3213 2108 inveniri,
3242 2044 3328 2114 qui
3371 2060 3474 2098 non
3516 2045 3744 2115 aliquid

2154 2133 2406 2189 habuerit
2433 2144 2489 2189 et
2511 2135 2678 2202 mali;
2719 2135 2802 2196 vel
2835 2135 3031 2190 iterum
3069 2133 3306 2204 aliquem
3337 2134 3389 2188 in
3423 2135 3609 2198 malis,
3641 2139 3740 2206 qui

2157 2239 2265 2278 non
2298 2223 2556 2279 habuerit
2579 2223 2785 2293 aliquid
2841 2232 2896 2279 et
2943 2225 3095 2292 boni,
3130 2235 3352 2293 propter
3387 2225 3740 2295 Scripturam

2152 2329 2274 2383 quae
2325 2313 2459 2370 dicit
2488 2329 2503 2366 :
2536 2311 2767 2383 Spiritus
2787 2313 2925 2370 enim
2957 2313 3379 2383 incorruptibilis
3413 2316 3468 2368 in
3501 2317 3739 2369 homini-

2155 2406 2248 2460 bus
2275 2413 2353 2462 est
2382 2405 2405 2438 ⁸
2440 2403 2544 2478 (5),
2582 2414 2868 2474 propterea
2919 2407 3120 2462 dixerit
3165 2416 3226 2461 ut
3263 2409 3644 2477 unusquisque
3687 2420 3742 2464 et

2153 2513 2254 2567 pro
2312 2485 2471 2553 bonis
2512 2495 2626 2554 suis
2671 2495 2836 2562 bona,
2896 2507 2952 2552 ct
2997 2513 3093 2568 pro
3146 2499 3307 2560 malis
3343 2501 3459 2554 suis
3509 2500 3742 2569 recipiat

2155 2588 2339 2655 mala;
2373 2603 2448 2646 an.
2478 2589 2654 2648 bonos
2691 2588 2814 2648 illos
2840 2589 2984 2644 dicat
3005 2591 3203 2660 quibus
3235 2591 3370 2648 nihil
3397 2593 3526 2646 mali
3562 2596 3740 2647 ascri-

2153 2679 2390 2735 bettdtlm
2417 2680 2512 2745 sit,
2536 2688 2591 2734 et
2626 2679 2747 2735 illos
2774 2681 2947 2744 malos
2971 2677 3177 2751 quibus.
3197 2683 3326 2737 boni
3357 2684 3490 2738 nihil
3517 2684 3742 2740 omnino

2155 2770 2434 2826 debeatur.
2473 2769 2581 2826 Sed
2608 2770 2654 2828 si
2687 2771 2789 2826 hoc
2815 2771 3180 2834 novissimum
3213 2783 3491 2843 putemus,
3524 2775 3742 2828 videbi-

2155 2878 2276 2918 mur
2298 2870 2493 2918 contra
2512 2863 2818 2918 evidentem
2840 2865 3024 2926 venire
3046 2865 3344 2920 rationem:
3359 2864 3548 2920 Nullus
3567 2866 3742 2936 enim,

477 2987 710 3044 regnare
754 2982 970 3043 oportet
1010 2975 1052 3043 ',
1082 2983 1142 3030 ut
1191 2975 1504 3048 mysterium
1554 2974 1666 3046 (99)
1703 2981 1968 3043 susceptae
1999 2974 2049 3027 in
2077 3005 2124 3066 α
2156 2964 2215 3009 υι
2237 2954 2372 3057 (mlo
2406 2955 2692 3066 “3910395
2720 2954 3051 3066 ίηνθηίθιξιιὸ
3077 2956 3164 3012 συί
3205 2971 3316 3012 ηοη
3353 2957 3568 3025 aliqum
3608 2956 3743 3066 infl'

475 3079 646 3126 carne
685 3063 1113 3136 dispensationis
1159 3075 1443 3132 exerceat,
1497 3076 1552 3121 et
1594 3068 1767 3121 bonos
1828 3067 2049 3135 quidem

476 3155 814 3223 manifestet,
844 3159 1144 3229 culpabiles
1172 3167 1350 3213 autem
1383 3158 1650 3227 recipiant
1680 3158 2054 3226 unusquisque

477 3248 776 3302 secundum
805 3264 965 3319 opera
997 3265 1093 3304 sua
1127 3267 1143 3302 :
1170 3249 1262 3302 ubi
1295 3263 1424 3302 vero
1446 3247 1466 3278 ³
1499 3247 1785 3302 tradiderit
1823 3262 2052 3316 regnum

477 3335 590 3393 Deo
621 3347 678 3393 et
732 3337 907 3406 Patri,
947 3341 1002 3394 id
1037 3350 1120 3396 est
1156 3353 1457 3395 conversos
1491 3347 1546 3394 et
1587 3341 1905 3394 emendatos
1939 3355 2054 3394 om-

477 3443 575 3484 nes
602 3431 862 3486 obtulerit
888 3432 1018 3498 Deo,
1037 3442 1091 3487 et
1121 3430 1189 3485 ad
1222 3431 1491 3503 integrum
1519 3432 1834 3503 mysterium
1867 3431 2052 3486 mundi

477 3523 945 3580 reconciliationis
976 3523 1311 3594 expleverit,
1353 3533 1482 3579 tunc
1515 3523 1592 3578 ait
1639 3533 1768 3580 ante
1813 3523 2053 3578 tribunal

479 3616 576 3674 Dei
605 3624 786 3671 astare
807 3628 998 3670 omnes
1030 3606 1130 3686 (1),
1164 3624 1222 3668 ιιι
1264 3613 1554 3685 impleatur
1577 3614 1679 3668 hoc
1700 3617 1840 3684 quod
1876 3614 2056 3682 sequi-

481 3721 568 3763 tus-
600 3727 614 3764 :
651 3707 779 3763 Vivo
827 3724 943 3778 ego,
994 3707 1123 3760 dicit
1171 3707 1456 3773 Dominus,
1495 3707 1621 3776 quia
1651 3706 1779 3759 mihi
1819 3707 2056 3774 [lectetur

476 3815 627 3854 omne
644 3815 802 3869 genu,
837 3808 887 3852 et
922 3798 1260 3866 conﬁtebitur
1281 3798 1450 3851 omnis
1481 3796 1661 3867 lingua
1697 3796 1820 3853 Deo.
1851 3795 2054 3851 Flectet

478 3897 658 3943 autem
688 3903 828 3958 genu
876 3888 1056 3943 omnis
1093 3895 1344 3942 creatura
1376 3886 1486 3942 Deo
1529 3887 1584 3941 in
1626 3887 1844 3942 nomine
1901 3885 2053 3949 Jesu,

476 3994 576 4049 per
611 3993 770 4048 quem
804 3978 1152 4032 reconciliata
1191 3989 1275 4032 est
1303 3977 1376 4043 ei,
1411 3979 1709 4034 secundum
1751 3979 1893 4048 quod
1915 3979 2053 4032 idem

477 4069 770 4137 Apostolus
802 4069 957 4133 dicit,
1016 4071 1142 4137 quia
1189 4073 1242 4124 in
1294 4071 1502 4123 nomine
1539 4071 1666 4126 Jesu
1726 4087 1878 4125 omne
1919 4087 2056 4140 genu

479 4160 724 4232 ﬂectetur
763 4158 1084 4224 cazlestium,
1127 4161 1490 4225 terrestrium,
1543 4171 1590 4214 et
1626 4161 1952 4231 infernarum
2010 4162 2052 4217 ⁸.

478 4248 727 4304 Flectere
767 4261 900 4303 sane
951 4264 1117 4314 genu,
1163 4261 1218 4304 et
1267 4265 1485 4306 omnem
1517 4253 1753 4321 linguam
1804 4253 2082 4319 confiteri,

2159 3054 2272 3102 tum
2291 3046 2363 3101 sit
2397 3045 2523 3101 mali
2549 3044 2651 3116 (6),
2682 3057 2741 3098 ut
2767 3059 2835 3100 ex
2866 3048 3165 3102 multorum
3201 3057 3522 3102 sanctorum
3554 3047 3740 3119 perla-

2153 3137 2259 3194 cile
2290 3137 2474 3210 colligi
2504 3139 2721 3196 videtur
2755 3139 3061 3210 exemplis;
3102 3147 3158 3194 et
3205 3155 3396 3195 rursus
3437 3155 3602 3196 nemo
3658 3149 3742 3194 est

2153 3229 2541 3300 pessimorum,
2569 3231 2785 3288 etiamsi
2814 3232 2932 3302 ipse
2960 3230 3130 3288 ludas
3169 3243 3403 3301 portatur
3443 3235 3538 3304 qui
3575 3248 3740 3302 supra

2156 3337 2372 3378 omnem
2397 3323 2732 3394 impietatem
2757 3323 2837 3394 (7)
2869 3324 3066 3393 impius
3098 3322 3204 3378 luit
3229 3363 3244 3390 ,
3284 3333 3343 3379 ut
3386 3341 3496 3379 non
3537 3326 3740 3393 aliquid

2156 3415 2324 3469 etiam
2377 3415 2494 3485 ipse
2535 3417 2661 3473 boni
2712 3416 2974 3472 habuisse
3020 3416 3296 3474 videatur.
3343 3416 3480 3474 Nam
3537 3427 3595 3472 ut
3654 3417 3743 3472 illa

2157 3509 2426 3576 omittam,
2462 3524 2582 3579 quas
2611 3524 2739 3566 cum
2763 3508 3029 3580 apostolis
3067 3510 3278 3580 positus
3311 3510 3468 3580 quasi
3497 3525 3642 3565 unus
3675 3524 3742 3564 ex

2159 3602 2293 3673 ipsis
2322 3602 2568 3670 gerebat,
2599 3603 2848 3672 quamvis
2880 3609 2936 3656 et
2962 3601 3036 3656 ibi
3063 3601 3176 3669 jam
3211 3603 3367 3657 bonis
3399 3604 3520 3670 ejus
3547 3604 3744 3655 misce-

2157 3694 2576 3750 renturetrmala
2596 3694 2672 3765 (8)
2691 3695 2836 3762 (erat
2857 3696 3004 3750 enim
3022 3697 3262 3764 pecunia:
3285 3695 3540 3765 cupidus)
3559 3707 3740 3748 tamen

2158 3788 2260 3843 hoc
2314 3801 2490 3856 ipsum
2529 3788 2674 3857 quod
2723 3789 3026 3858 pauitantia
3065 3789 3253 3843 ductus
3289 3790 3582 3858 reportavit
3639 3789 3745 3842 tri-

2156 3881 2303 3950 ginta
2331 3891 2602 3950 argenteos
2626 3882 2695 3934 ad
2731 3884 3054 3950 sacerdotes,
3089 3893 3136 3938 et
3162 3882 3301 3936 dixit
3323 3896 3342 3934 .'
3377 3880 3604 3936 Peccavi
3639 3892 3746 3934 tra-

2145 3971 2285 4026 dens
2327 3973 2638 4043 sanguinem
2677 3973 2890 4042 justum
2939 3974 2982 4040 ',
3031 3974 3133 4028 luit
3199 3973 3404 4044 aliquid
3451 3975 3608 4028 boni.
3667 3973 3740 4028 Ex

2157 4065 2355 4133 quibus
2386 4066 2639 4120 omnibus
2673 4065 2888 4120 videtur
2917 4066 3075 4130 mihi,
3119 4067 3380 4136 quoniam
3417 4082 3526 4122 non
3559 4076 3739 4136 potest

2157 4172 2299 4212 unus
2355 4167 2518 4227 atque
2569 4158 2712 4212 idem
2770 4161 2913 4216 bona
2975 4162 3142 4219 simul
3190 4161 3438 4230 recipere
3495 4171 3553 4214 et
3599 4159 3739 4214 mala

2158 4251 2359 4324 (neque
2394 4253 2541 4309 enim
2573 4255 2734 4308 simul
2773 4263 2829 4308 et
2879 4257 2936 4311 in
2983 4255 3300 4326 paradisum
3340 4253 3487 4324 quis,
3547 4263 3642 4306 aut
3687 4255 3738 4305 in

478 4339 610 4404 Deo,
655 4337 721 4394 de
753 4337 904 4393 Isaiae
960 4340 1239 4410 propheta:
1293 4343 1639 4397 sermonibus
1677 4344 1699 4375 ⁵
1756 4347 2054 4415 assumpsit
2085 4344 2130 4400 D
2162 4361 2326 4415 regna
2357 4345 2657 4415 caelorum,
2705 4356 2758 4403 et
2793 4349 2848 4402 in
2893 4348 3194 4418 gehennam
3245 4346 3386 4400 mitti
3433 4344 3635 4414 potest)
3687 4344 3738 4412 in

544 4459 590 4492 ’⁷
621 4455 663 4530 ll
690 4454 921 4530 (ξρΐςην,
983 4457 1068 4514 10.
1146 4460 1192 4492 ⁸⁸
1231 4460 1391 4515 Joan.
1441 4476 1550 4527 κη,
1592 4461 1680 4516 15.
1750 4465 1793 4497 ⁸³
1829 4463 1986 4519 Joan.
2020 4482 2154 4530 xm,
2189 4466 2278 4523 10.
2359 4464 2443 4519 ¹11
2476 4464 2603 4520 Cor.
2640 4479 2696 4530 ν,
2732 4465 2818 4520 19.
2897 4466 2916 4496 ¹
2951 4464 2969 4518 l
3005 4465 3130 4520 Cor.
3164 4480 3256 4530 xv,
3285 4463 3474 4518 24-26.

3557 4464 3579 4494 ³
3605 4464 3738 4519 ibid.

473 4533 585 4619 μ’
641 4526 663 4558 ⁸
708 4525 903 4596 Philip.
938 4547 994 4599 ιι,
1029 4530 1118 4584 10.
1198 4533 1218 4564 ⁵
1259 4532 1382 4586 lsai.
1425 4525 1550 4597 xcv,
1590 4532 1678 4585 24.
1757 4535 1778 4565 ⁸
1808 4533 1951 4590 Psal.
1983 4551 2051 4592 Cll

2152 4537 2193 4592 1.
2273 4537 2293 4567 "
2325 4535 2367 4590 ll
2393 4537 2520 4592 Cor.
2557 4551 2611 4601 ν,
2646 4525 2731 4591 10.
2808 4536 2830 4568 ⁸
2855 4534 2956 4590 Job
2987 4525 3253 4602 sxxn,8.'
3289 4538 3309 4567 ’
3338 4535 3530 4590 Matth.
3565 4549 3738 4600 nm,

473 4603 528 4667 5,
559 4601 612 4656 4.

549 4719 662 4792 (97)
695 4719 787 4775 Sic
808 4735 912 4774 ms.
937 4721 1136 4792 Regius
1158 4737 1305 4776 num.
1337 4721 1498 4778 1659.
1525 4721 1719 4778 Caeteri
1746 4740 1873 4780 vero
1892 4711 2047 4792 mss,

477 4791 752 4853 Rabauus,
796 4801 850 4844 et
875 4791 1004 4844 editi
1035 4794 1293 4846 omittunt
1315 4795 1461 4846 dum.

545 4859 784 4934 (98)_.'iis.
821 4862 1021 4934 Regius
1059 4879 1210 4916 num.
1247 4863 1408 4929 1659,
1443 4863 1642 4917 nullam
1679 4881 1896 4918 causam
1923 4875 2049 4934 puto

476 4947 609 4986 esse.
654 4931 758 4984 Sed
785 4931 966 4984 caeteri
997 4946 1152 4994 ωδε..
1175 4934 1430 4987 liabanus
1463 4943 1519 4987 et
1548 4935 1680 4989 editi
1709 4945 1764 4988 ut
1790 4935 1840 4988 in
1875 4931 2048 4989 testu.

551 5000 663 5072 (99)
696 5000 838 5054 Editi
867 5001 1218 5068 etllahanus,
1251 5014 1304 5054 ut
1327 5003 1700 5064 ministerium.
1725 5015 1831 5058 etc.
1852 5006 2052 5058 Omnes

476 5086 609 5143 vero
637 5086 786 5143 Amss.
833 5072 1026 5133 nostri,
1063 5082 1116 5123 ut
1156 5074 1485 5143 mysterium,
1517 5083 1625 5128 etc.
1663 5073 1863 5129 Deinde
1891 5075 2049 5143 editi,

478 5141 739 5209 accipiant
791 5143 1146 5211 unusquisque
1207 5141 1494 5198 secundum
1542 5159 1700 5213 opera
1753 5161 1872 5200 sua.
1955 5142 2054 5198 Ubi

476 5227 620 5280 ergo,
647 5220 752 5280 etc.

552 5281 630 5350 (1)
663 5279 761 5336 Ms.
790 5280 994 5350 Regius
1018 5297 1168 5336 num.
1197 5281 1356 5348 1659,
1377 5291 1502 5336 tunc
1524 5283 1640 5352 jam
1668 5295 1788 5338 ante
1815 5283 2054 5338 tribunal

480 5350 578 5405 Dei
610 5362 785 5404 astare
833 5354 1100 5406 dicantur.
1150 5352 1432 5413 liabanus,
1475 5350 1618 5415 tunc,
1658 5355 1766 5416 ait,
1811 5367 1932 5408 ante
1959 5356 2052 5407 tri-

482 5419 644 5499 bunal
687 5421 781 5474 Dei
799 5433 988 5501 .astare
1019 5423 1241 5478 dicitur.
1311 5421 1418 5478 Sed
1449 5423 1633 5478 caeteri
1671 5439 1806 5480 mss.
1837 5435 1890 5479 ct
1923 5425 2051 5481 editi

482 5501 684 5542 rectius
711 5502 768 5542 ut
799 5507 850 5544 In
884 5502 1068 5547 nostro
1096 5504 1268 5549 textu.

553 5557 630 5624 (2)
655 5559 970 5614 (ἐνειιαηιιη.
1012 5563 1171 5618 Deest
1198 5566 1248 5618 in
1285 5563 1438 5620 libris
1471 5574 1627 5622 antea
1649 5565 1829 5622 editis.

555 5625 630 5699 (5)
656 5625 816 5693 Edili,
842 5633 1166 5686 nudantur?
1194 5643 1288 5690 aut
1315 5652 1432 5706 qua:
1460 5637 1654 5710 lingua:
1686 5640 1742 5692 in
1770 5636 1901 5707 ignis
1930 5652 2047 5706 spe-

2152 4727 2232 4779 cie
2261 4725 2632 4795 rcq‘uirentur?
2668 4723 2774 4779 Sed
2837 4726 3250 4794 genuﬂectere...
3317 4731 3368 4778 et
3431 4726 3585 4777 cultu
3641 4724 3738 4778 Dei

2152 4797 2365 4851 obedire
2393 4796 2650 4849 declarat.

2225 4867 2303 4936 (4)
2335 4865 2660 4936 Ms.[iegius
2686 4880 2838 4919 num.
2858 4865 3018 4929 1659,
3037 4863 3248 4930 Movent
3273 4880 3374 4928 me,
3397 4875 3508 4921 etc.
3537 4867 3741 4921 Deinde

2153 4952 2285 4990 mss.
2322 4935 2566 5006 plerique
2594 4946 2648 4989 et
2686 4937 2838 4997 editi,
2870 4952 3072 4990 necesse
3107 4946 3183 4988 est
3211 4952 3320 5006 esse
3355 4936 3558 5005 aliquid
3588 4938 3734 5001 boni,

2151 5023 2262 5059 esse
2284 5017 2331 5059 et
2363 5005 2485 5075 (al.,
2521 5016 2568 5058 et
2602 5006 2736 5072 esse)
2775 5005 2978 5075 aliquid
3009 5005 3160 5062 mali.
3216 5005 3321 5058 Sed
3369 5009 3575 5061 rectius
3603 5023 3734 5061 mss.

2153 5074 2728 5146 llegius’ttum.l659
2777 5086 2832 5128 et
2885 5074 3144 5130 Rabanus
3179 5087 3236 5128 ut
3276 5076 3327 5128 in
3385 5086 3560 5141 lexin,
3628 5079 3735 5132 nisi

2160 5145 2302 5215 quod
2331 5145 2584 5199 Rabanus
2611 5146 2661 5198 in
2689 5146 2793 5198 line
2825 5146 3044 5211 habeat,
3082 5146 3284 5214 aliquid
3317 5157 3364 5198 et
3395 5147 3546 5200 mali.

2220 5216 2312 5283 (5)
2364 5215 2436 5266 lla
2485 5215 2652 5278 editi;
2695 5231 2827 5270 mss.
2860 5230 2988 5270 vero
3022 5219 3192 5270 nostri
3221 5231 3410 5271 omnes
3458 5231 3513 5270 et
3548 5215 3728 5270 Raba-

2161 5301 2282 5348 nus,
2325 5284 2563 5351 Spiritus
2604 5286 2742 5338 enim
2786 5285 3197 5351 incorruptibilis
3242 5289 3294 5338 in
3347 5287 3588 5340 omnibus
3630 5297 3730 5341 est.

2230 5356 2308 5425 (6)
2339 5353 2439 5425 bis.
2474 5353 2672 5424 Regius
2710 5371 2860 5409 num.
2891 5356 3050 5425 1639,
3083 5356 3318 5410 inustum
3341 5357 3408 5410 sit
3437 5357 3585 5412 ntali.

2233 5423 2310 5498 (7)
2339 5423 2503 5488 Editi,
2544 5423 2752 5479 etiamsi
2797 5426 2904 5494 ipse
2935 5423 3108 5481 ludas
3153 5429 3388 5498 ponitur,
3438 5427 3530 5495 qui
3574 5443 3731 5494 super

2159 5496 2498 5563 impietatem,
2528 5505 2636 5550 etc.

2232 5565 2308 5688 (lii)
2340 5563 2502 5636 Editi,
2536 5566 2771 5638 quanwis
2825 5576 2872 5623 ct
2926 5567 2998 5621 ibi
3038 5567 3155 5637 jam
3199 5568 3344 5624 beluis
3404 5568 3642 5624 misceret
3681 5578 3730 5622 et

2155 5651 2315 5691 mata.
