4048 6202
565 231 698 281 12ἱῖ

1983 207 2305 268 οῐικιιςΝιε

3679 197 3818 247 ιεδδ

559 346 790 404 dicitur;
837 343 924 395 sed
956 340 1058 404 illi,
1103 338 1296 408 inquit.
1326 337 1414 405 qui
1437 335 1722 398 existimat,
1765 343 1819 388 et
1861 334 1950 402 qui
1981 342 2131 402 putat
2163 334 2205 389 Α
2232 336 2354 382 sunt
2383 325 2563 380 omnia
2588 323 2642 377 in
2674 319 3068 388 corruptionem
3091 317 3206 383 ipso
3237 330 3359 380 usu,
3381 313 3675 408 secundum
3693 329 3820 380 prten

561 435 763 504 aliquid
784 450 891 488 esse
921 448 1210 494 commune,
1249 429 1348 495 ipsi
1378 443 1653 488 commune
1693 437 1789 481 est.
1831 425 1896 479 Et
1929 441 1996 480 ne
2032 425 2132 478 nti-

561 523 704 575 reris
733 519 872 589 qnod
904 518 1160 587 cogitatio
1196 516 1394 570 mentis
1434 515 1616 569 eibum
1664 517 1754 584 qui
1806 526 1999 568 natura
2047 515 2130 568 sui

561 612 866 666 communis
909 603 993 664 vel
1040 610 1276 678 pollutus
1313 624 1418 662 non
1464 617 1582 672 est,
1637 607 1800 662 faciat
1845 605 2128 676 pollutum,

560 717 684 757 cum
732 702 1038 756 econtrario
1085 700 1264 755 cibum
1301 713 1430 755 vere
1477 699 1744 769 pollutum
1797 701 1947 769 (vere
1984 699 2130 752 enim

559 790 794 862 pollutus
821 801 905 844 est
937 789 1027 860 qui
1073 789 1230 844 idolis
1257 787 1592 858 immolatur)
1621 788 1941 857 simplicitas
1984 801 2134 839 meno

561 881 650 943 tis,
677 889 733 935 et
773 879 917 933 nulla
953 879 1299 948 cogitationis
1328 876 1719 947 scrupulositas
1758 875 1954 945 injecta
1993 871 2128 943 (22),

469 983 476 992 '
558 969 706 1024 omni
748 968 1054 1036 suspicione
1082 965 1559 1023 contaminatiouis
1596 964 1860 1020 absolvat.
1902 965 1963 1018 Et
2009 979 2133 1018 rur-

560 1072 679 1116 sum
707 1060 916 1114 etiamsi
964 1059 1192 1113 mundos
1223 1059 1293 1113 sit
1324 1057 1499 1120 cibus,
1550 1058 1912 1125 suspicionem
1949 1065 2130 1111 tamen

560 1153 758 1222 aliquis
799 1153 1036 1221 patiatur
1073 1152 1227 1222 quasi
1280 1151 1422 1221 quod
1471 1151 1630 1205 idolis
1676 1150 1986 1204 immolatus
2037 1149 2130 1214 sit,

560 1242 729 1312 pollui
775 1241 974 1295 dicitur
1016 1257 1112 1310 pro
1165 1240 1510 1295 conscientia
1549 1241 1822 1309 scrupulo.
1890 1239 1950 1293 Si
1993 1245 2132 1292 enim

559 1343 773 1402 propter
800 1333 970 1386 cibum
1009 1333 1178 1401 frater
1204 1341 1325 1386 tuus
1351 1335 1699 1386 contristatur
1726 1332 1864 1402 (23),
1897 1348 1999 1385 non
2012 1333 2132 1400 jam

560 1425 849 1477 secundum
886 1425 1192 1476 charitatem
1233 1423 1494 1478 ambulas.
1543 1421 1672 1477 Noli
1713 1424 1826 1477 cibo
1856 1433 1945 1477 tuo
1977 1423 2128 1476 illum

559 1517 794 1585 perdere,
822 1532 916 1583 pro
947 1533 1047 1588 quo
1081 1515 1324 1571 Christus
1355 1525 1596 1570 mortuus
1623 1525 1720 1570 est.
1751 1517 1884 1571 Cum
1917 1516 2133 1570 deﬁnis-

561 1617 648 1660 set
687 1608 982 1676 apostolico
1019 1609 1268 1676 dogmate
1315 1623 1412 1678 per
1457 1607 1741 1662 Dominum
1781 1607 1964 1664 Jesum
1997 1608 2130 1663 nihil

2237 430 2386 486 cepta
2432 426 2479 470 et
2530 413 2799 468 doctrinas
2843 409 3112 462 hominum
3159 423 3327 476 :qute
3377 417 3501 459 sunt
3557 405 3820 457 rationein

2237 508 2449 578 quidem
2480 505 2726 559 habentia
2747 505 3019 571 sapientia
3047 502 3105 554 in
3136 499 3498 554 obseruatione
3522 497 3821 565 religionis,

2238 609 2286 652 et
2313 597 2614 651 humilitate
2633 612 2728 664 per
2749 596 3074 650 uexationem
3094 591 3354 661 corporis,
3383 606 3492 644 non
3527 590 3584 642 in
3627 589 3822 643 honore

2237 689 2414 760 aliqua
2448 688 2518 741 ad
2539 687 2876 741 saturitatem
2909 685 3090 740 carnis
3120 685 3186 738 ".
3218 683 3293 737 De
3326 684 3526 752 quibus
3565 696 3666 750 per
3709 683 3820 735 sin-

2238 778 2358 848 gula
2401 777 2671 832 disserere
2711 791 2817 830 non
2869 782 2953 829 est
2997 772 3284 843 praesentis
3326 773 3547 838 operis;
3620 770 3694 822 de
3743 770 3823 822 his

2238 868 2379 924 enim
2411 881 2554 921 nunc
2594 881 2714 937 quae
2756 866 2823 920 ad
2861 864 3136 919 Romanos
3179 862 3371 917 scribit
3396 859 3704 931 Apostolus
3736 874 3824 912 co-

2241 975 2435 1014 namur
2469 973 2739 1029 exponere
2783 955 2917 1028 (27).
2964 955 3078 1010 Hoc
3120 965 3206 1010 est
3246 965 3424 1010 tamen
3467 953 3615 1024 quod
3657 954 3821 1007 etiam

2239 1052 2492 1122 praesenti
2524 1051 2790 1106 asseritur
2822 1047 3074 1118 exemplo
3106 1065 3120 1100 :
3156 1061 3224 1101 ne
3245 1049 3298 1101 in
3334 1046 3480 1112 cibo,
3521 1045 3606 1099 vel
3643 1046 3699 1097 in
3729 1060 3821 1112 po-

2243 1158 2321 1211 tn,
2355 1144 2442 1199 vel
2487 1143 2542 1197 in
2583 1140 2894 1208 huiusmodi
2944 1139 3338 1202 observantiis,
3373 1152 3498 1206 quae
3536 1139 3689 1205 apud
3734 1133 3814 1187 lu—

2239 1238 2384 1293 deos
2412 1234 2558 1289 velut
2578 1233 2748 1304 666.
2770 1231 3084 1300 angelorum
3119 1230 3308 1299 religio
3341 1238 3592 1299 putatur,
3619 1227 3825 1295 judice-

2241 1346 2362 1385 mur
2387 1329 2456 1383 ab
2483 1327 2688 1397 aliquo.
2727 1323 3006 1378 Extollunt
3031 1324 3176 1378 enim
3202 1339 3261 1378 se
3283 1324 3338 1376 in
3366 1321 3453 1376 his
3476 1335 3604 1388 qua:
3639 1320 3822 1371 viden-

2241 1430 2348 1486 tur,
2373 1430 2426 1475 et
2455 1419 2620 1474 inﬂati
2651 1428 2778 1473 sunt
2808 1421 2874 1474 de
2908 1418 3214 1474 visibilibus
3240 1419 3424 1473 rebus.
3473 1417 3614 1485 Quae
3643 1426 3824 1470 tamen

2239 1512 2401 1568 elatio
2445 1527 2553 1567 non
2601 1521 2684 1566 est
2721 1512 3022 1566 secundum
3072 1511 3396 1583 sapientiam
3431 1512 3687 1580 spiritus,
3729 1513 3822 1564 sed

2239 1605 2536 1660 secundum
2569 1618 2789 1659 sensum
2817 1603 3019 1660 carnis.
3050 1601 3166 1656 Non
3192 1611 3371 1656 autem
3405 1603 3475 1656 de
3505 1601 3823 1655 carnalibus

560 1712 849 1752 commune
880 1708 972 1752 aut
1019 1699 1350 1753 immundum
1379 1709 1571 1754 natura
1599 1702 1684 1754 sui
1725 1702 2056 1769 putandum,
2078 1708 2134 1754 et
2167 1684 2209 1738 Β
2237 1696 2399 1752 rebus
2433 1703 2756 1764 praeceptum
2785 1702 2868 1749 est.
2899 1709 2913 1746 :
2952 1692 3035 1748 Ne
3074 1693 3327 1762 tetigeris,
3359 1709 3423 1746 ne
3469 1693 3841 1745 αιιαηιὶηιηιοι

559 1789 800 1844 dedisset
847 1806 973 1860 erga
1023 1807 1152 1845 usus
1219 1792 1463 1845 ciborum
1526 1791 1770 1846 ﬁdelibus
1831 1792 2134 1861 quibusque

561 1879 1020 1934 absolutissimam
1050 1880 1373 1946 libertatem,
1401 1897 1591 1936 rursus
1620 1881 1685 1936 ad
1718 1881 2130 1938 adificationem

560 1972 788 2025 fraterni
827 1973 1028 2026 amoris
1054 1973 1324 2028 licentiam
1376 1981 1588 2028 resecat
1638 1973 1937 2040 libertatis,
1967 1982 2024 2030 et
2044 1974 2130 2028 di-

561 2061 676 2116 cit:
708 2060 929 2115 Etiamsi
982 2079 1267 2118 commune
1311 2063 1444 2116 nihil
1483 2074 1585 2126 est,
1632 2075 1692 2118 et
1728 2079 1856 2119 usus
1890 2065 2130 2119 omnium

558 2150 803 2205 ciborum
837 2151 1064 2205 licenter
1101 2153 1424 2216 admittitur,
1471 2162 1650 2207 tamen
1705 2159 1761 2208 tu
1811 2154 1856 2207 si
1912 2164 2133 2222 propter

559 2239 737 2296 cibum
761 2257 919 2308 quem
955 2242 1104 2297 licito
1135 2251 1291 2311 putas
1321 2244 1664 2309 sumendum,
1702 2244 1924 2299 fratrem
1958 2257 2128 2311 tuum,

559 2334 654 2400 qui
687 2335 923 2387 nondum
956 2335 1198 2390 scientiae
1221 2334 1384 2401 huius
1418 2350 1588 2405 capax
1614 2346 1720 2401 est,
1767 2338 2130 2403 scandalizas,

553 2424 669 2494 jam
716 2440 817 2478 non
859 2427 1143 2478 secundum
1183 2423 1497 2479 charitatem
1541 2426 1802 2490 ambulas,
1851 2441 1951 2482 nec
2001 2426 2133 2482 affe-

557 2523 706 2570 ctum
741 2516 791 2569 in
830 2525 882 2570 te
914 2515 1135 2571 fraterni
1165 2518 1368 2572 amoris
1395 2501 1655 2571 ostendis.
1701 2518 1837 2585 Quid
1866 2519 2008 2574 enim
2037 2519 2132 2575 lte-

557 2606 725 2673 deris,
758 2607 803 2661 si
836 2617 894 2662 ut
924 2608 1147 2662 fratrem
1201 2619 1348 2663 tuum
1396 2625 1499 2664 non
1549 2611 1860 2674 contristes,
1905 2612 2070 2666 etiam
2099 2627 2130 2666 a

555 2695 722 2754 licitis
755 2699 1070 2753 abstineas?
1097 2699 1214 2753 Tibi
1246 2702 1390 2755 enim
1432 2703 1710 2758 abstinere
1760 2720 1790 2758 a
1829 2703 1991 2759 licitis
2025 2704 2132 2759 cri-

558 2803 681 2843 men
721 2790 922 2842 nullum
973 2800 1087 2856 est;
1147 2791 1221 2845 illi
1271 2808 1403 2848 vero
1439 2795 1492 2848 in
1533 2795 1730 2865 quibus
1773 2795 2037 2851 discernit
2076 2803 2132 2850 et

557 2890 713 2948 putat
743 2896 846 2934 non
879 2881 1063 2944 licere,
1105 2883 1534 2939 condemnabilis
1580 2900 1710 2940 usus
1756 2894 1841 2941 est
1861 2885 1994 2954 (24).
2027 2885 2132 2952 Qui

559 2972 697 3025 enim
724 2973 992 3038 discernit,
1017 2975 1062 3028 si
1083 2976 1494 3041 manducauerit,
1531 2977 1815 3032 damnatus
1843 2988 1940 3032 est.
1972 2977 2127 3044 Quod

557 3059 604 3114 si
651 3061 841 3124 facias,
895 3073 948 3117 tu
1001 3065 1185 3134 utique
1232 3066 1456 3120 fratrem
1491 3075 1642 3120 tuum
1684 3068 1864 3136 perdis
1892 3083 1988 3136 pro
2025 3083 2126 3137 quo

558 3151 798 3207 Christus
853 3165 1089 3208 mortuus
1135 3167 1232 3222 est,
1273 3165 1329 3211 et
1383 3167 1438 3212 tu
1477 3159 1527 3212 ei
1564 3173 1756 3214 causas
1808 3157 2132 3228 perditionis

557 3245 814 3312 acquiris.
849 3243 1280 3313 Magniﬁcentius
1306 3259 1486 3301 autem
1532 3249 1598 3303 de
1631 3249 1716 3304 his
1757 3249 1900 3303 idem
1933 3249 2130 3304 Paulus

556 3335 625 3390 ad
648 3335 996 3391 Colossenses
1011 3336 1276 3403 scribens,
1311 3338 1442 3392 dicit
1474 3356 1490 3393 :
1523 3337 1694 3394 Nemo
1722 3340 1900 3410 itaque
1922 3357 2006 3395 vos
2035 3341 2133 3408 ju-

557 3429 694 3481 dicet
717 3431 769 3480 in
790 3445 932 3492 esca,
953 3437 1045 3482 aut
1072 3430 1124 3482 in
1147 3437 1296 3499 potu,
1327 3439 1420 3484 aut
1451 3432 1505 3486 in
1545 3442 1694 3499 parte
1718 3432 1824 3486 diei
1853 3433 1998 3502 festi,
2038 3442 2130 3486 aut

558 3521 862 3584 neomeniis,
899 3530 988 3573 aut
1012 3520 1267 3586 Sabbato,
1296 3537 1418 3587 qum
1441 3532 1562 3577 sunt
1593 3523 1778 3576 umbra
1804 3523 2126 3591 futurorum,

557 3627 746 3681 corpus
784 3625 958 3668 autem
1005 3615 1224 3670 Christi.
1274 3615 1445 3670 Nemo
1476 3633 1562 3672 vos
1596 3601 1812 3672 seducat
1860 3620 2032 3674 uolens
2073 3622 2128 3674 in

557 3704 856 3757 humilitate
882 3705 1053 3761 cordis
1096 3716 1144 3759 et
1170 3707 1422 3776 religione
1465 3709 1770 3778 angelorum
1811 3725 1970 3777 quam
2023 3725 2128 3764 non

556 3794 685 3846 uidit
726 3797 978 3850 extollens
1023 3812 1098 3862 se,
1140 3796 1342 3866 frustra
1385 3798 1602 3867 inﬂatus
1645 3815 1678 3852 a
1727 3810 1897 3853 mente
1951 3801 2128 3853 carnis

555 3899 668 3937 sua:
699 3885 828 3957 (Ξὸ).
867 3899 914 3942 et
956 3906 1059 3943 non
1109 3899 1286 3944 tenens
1333 3901 1488 3958 caput
1539 3891 1618 3957 “;
1669 3899 1726 3945 et
1753 3901 1875 3960 post
1906 3906 2075 3960 pauca
2111 3907 2127 3944 :

559 3975 623 4029 Si
650 3992 771 4044 ergo
798 3979 992 4030 mortui
1031 3979 1155 4032 estis
1189 3996 1306 4034 cum
1339 3979 1547 4034 Christo
1579 3981 1644 4034 ab
1686 3981 1950 4035 elementis
1987 3999 2133 4036 inun-

556 4067 635 4129 di,
655 4068 783 4134 quid
813 4067 948 4120 velut
992 4069 1212 4122 viventes
1239 4071 1291 4122 in
1315 4069 1411 4123 hoc
1452 4073 1646 4126 mundo
1693 4073 2012 4126 decernitis?
2049 4071 2133 4126 Ne

557 4156 816 4225 tetigeris,
844 4173 909 4211 ne
941 4159 1252 4228 gustaveris,
1299 4175 1362 4214 ne
1407 4163 1801 4218 attaminaveris
1825 4163 1937 4234 (26)
1964 4178 1980 4216 :
2013 4179 2133 4234 qua:

2234 1789 2330 1854 ris,
2360 1804 2422 1842 ne
2446 1789 2736 1858 gustaveris
2763 1785 2876 1856 (28)
2908 1785 2973 1839 ⁸⁸.
3015 1785 3137 1839 Haec
3166 1786 3312 1839 enim
3357 1787 3566 1848 omnia,
3597 1785 3704 1837 hoc
3739 1793 3828 1835 est

2234 1880 2496 1946 carnalia,
2530 1881 2598 1935 ad
2643 1895 2803 1934 usum
2846 1884 2991 1934 hunc
3032 1877 3442 1948 corruptibilem
3491 1877 3621 1929 data
3655 1885 3786 1929 sunt
3808 1892 3838 1938 ;_

2233 1981 2289 2028 et
2311 1987 2432 2041 quae
2464 1981 2640 2041 potest
2663 1985 2788 2026 esse
2809 1970 2863 2024 in
2890 1971 3241 2040 corruptione
3279 1968 3632 2024 observantia
3673 1969 3826 2034 puri-

2235 2063 2398 2118 tatis?
2425 2061 2530 2117 Sed
2561 2077 2685 2116 cum
2717 2061 2806 2116 lex
2841 2062 2955 2115 haec
2987 2062 3055 2116 de
3091 2059 3496 2115 rationabilihus
3535 2057 3831 2125 praecipit.

2233 2168 2374 2224 quae,
2426 2153 2473 2207 si
2519 2153 2794 2207 immunda
2842 2160 2988 2218 sunt,
3039 2165 3167 2208 vere
3203 2150 3458 2219 tangenda
3489 2163 3608 2204 non
3668 2163 3824 2212 sum,

2233 2257 2409 2313 neque
2451 2244 2735 2313 gustanda,
2782 2257 2851 2297 ne
2889 2242 3183 2312 participes
3225 2256 3322 2296 nos
3367 2240 3578 2295 faciant
3607 2241 3832 2310 peccati

2231 2342 2288 2387 et
2311 2333 2666 2388 immunditiae
2694 2348 2826 2402 suae,
2858 2343 3128 2403 praecepta
3153 2333 3432 2388 hominum
3453 2337 3510 2387 et.
3537 2332 3827 2386 doctrinas

2233 2423 2627 2495 relinquentes,
2660 2425 2804 2478 hunc
2842 2423 3147 2493 spiritalem
3185 2423 3295 2493 (29)
3329 2439 3556 2480 sensum
3586 2425 3654 2476 ad
3685 2438 3818 2477 car-

2233 2516 2373 2570 nalia
2404 2517 2517 2571 haac
2539 2526 2594 2571 et
2617 2515 2922 2587 corporalia
2956 2515 3370 2579 transtulerunt,
3395 2531 3522 2585 qua:
3551 2516 3818 2568 rationem

2231 2608 2514 2678 sapientia:
2555 2609 2756 2664 habent
2794 2608 2848 2662 in
2881 2608 3263 2664 observatione
3309 2607 3594 2676 religionis
3641 2618 3700 2662 et
3725 2609 3819 2660 tm-

2232 2699 2461 2755 militate
2505 2699 2771 2770 corporis,
2809 2713 2916 2753 non
2955 2710 3138 2753 tamen
3179 2708 3237 2753 ut
3286 2697 3579 2752 occasione
3621 2697 3818 2765 hujusv

2231 2789 2377 2844 modi
2412 2791 2780 2846 observantiae
2808 2789 2980 2844 honor
3011 2787 3125 2860 (50)
3169 2787 3362 2857 aliquis
3397 2790 3534 2856 apud
3560 2787 3830 2841 homines

2232 2894 2288 2936 et
2316 2882 2499 2936 carnis
2532 2881 2742 2937 delicia
2771 2881 3142 2950 requirantur,
3189 2883 3316 2935 dum
3355 2893 3457 2948 pro
3506 2893 3828 2947 paucorum.

2234 2973 2558 3029 abstinentia
2607 2972 2762 3027 multi
2807 2972 2914 3028 cibi
2953 2973 3301 3043 requiruntur
3344 2981 3402 3027 et
3450 2970 3637 3026 electi.
3681 2969 3818 3024 Vt-ra

2234 3075 2416 3118 autem
2454 3063 2803 3118 observantia
2837 3071 2920 3118 est
2954 3063 3043 3117 ubi
3070 3063 3143 3118 ita
3191 3064 3428 3119 sumitur
3449 3063 3627 3125 cibus,
3657 3071 3712 3116 et
3743 3062 3816 3114 ita

2232 3167 2464 3226 aguntur
2487 3156 2691 3222 omnia,
2718 3165 2776 3209 ut
2809 3170 2916 3211 non
2953 3155 3019 3210 de
3048 3154 3245 3210 talibus
3277 3154 3501 3210 dicatur
3529 3171 3544 3207 :
3573 3152 3816 3217 Quorum

2232 3247 2374 3303 Deus
2401 3257 2579 3301 center
2603 3257 2679 3300 est
2712 3248 2778 3302 ".
2810 3246 3102 3302 Abstinere
3133 3245 3278 3301 enim
3319 3245 3436 3316 (51)
3463 3244 3723 3300 convenit
3749 3245 3814 3296 ah

2233 3338 2381 3394 omni
2411 3340 2537 3395 cibo
2565 3353 2725 3408 quem
2760 3337 3202 3408 concupiscentia
3230 3347 3285 3391 et
3312 3336 3484 3391 libido
3507 3335 3810 3404 pensumit,

2233 3443 2393 3500 quem
2441 3430 2649 3485 delicia;
2695 3438 2908 3500 parant,
2965 3444 3126 3498 quem
3183 3428 3346 3483 luxus
3379 3429 3684 3498 excogitat.
3722 3425 3804 3478 Υἱ-

2233 3523 2467 3578 dendum
2512 3537 2742 3593 namque
2775 3532 2859 3578 est
2895 3521 3007 3592 (52)
3041 3536 3148 3576 non
3196 3520 3372 3576 solum
3422 3521 3603 3590 quali,
3633 3521 3732 3574 sed
3762 3529 3817 3573 et

2235 3627 2438 3688 quanto
2485 3615 2632 3682 cibo,
2677 3625 2733 3670 et
2782 3629 2891 3685 quo
2942 3614 2995 3669 in
3039 3622 3310 3683 tempore,
3358 3623 3415 3668 et
3447 3629 3608 3681 quam
3649 3628 3816 3680 parco

2233 3717 2470 3763 utamur.
2502 3706 2594 3762 Sic
2639 3707 2785 3763 enim
2817 3707 2995 3762 omnia
3036 3706 3235 3760 munda
3286 3705 3501 3758 mundis
3539 3705 3814 3758 mentibus

2227 3799 2397 3863 fiunt;
2457 3796 2831 3852 contaminatis
2868 3808 3069 3858 autem,
3116 3804 3175 3849 ut
3219 3795 3352 3849 dicit
3395 3794 3714 3863 Apostolus,
3765 3805 3810 3848 et

2235 3889 2536 3958 infidelibus
2569 3888 2698 3944 nihil
2748 3889 3000 3943 mundum
3027 3889 3092 3941 ’°.
3126 3889 3186 3942 In
3220 3903 3328 3958 quo
3371 3889 3636 3952 ostendit,
3681 3890 3804 3956 quia

2227 3981 2392 4036 etiam
2421 3996 2483 4036 ea
2509 3995 2634 4050 qua:
2668 3979 2808 4049 apud
2844 3977 3060 4035 ludteos
3105 3980 3304 4033 munda
3357 3978 3723 4033 nominantur
3762 3997 3808 4030 ιιι

2228 4073 2386 4140 cibis,
2428 4073 2474 4127 si
2511 4075 2634 4143 quis
2673 4072 3072 4136 contaminatus
3107 4073 3178 4126 sit
3216 4080 3275 4126 et
3315 4070 3577 4134 infidelis,
3612 4073 3808 4124 muttit:

2229 4166 2280 4220 ei
2312 4179 2434 4220 esse
2462 4181 2568 4221 non
2603 4175 2848 4236 possunt.
2889 4164 3244 4235 Consequens
3280 4164 3445 4235 igitur
3493 4165 3624 4230 erit,
3675 4175 3734 4217 ut
3765 4167 3806 4218 si

631 4292 674 4324 “
699 4292 910 4351 Coloss.
941 4311 1002 4362 ll,
1051 4295 1235 4352 16-18.
1313 4297 1356 4328 "
1386 4297 1519 4354 ibid.
1547 4300 1618 4354 20
1651 4315 1768 4371 seq.
1845 4303 1888 4335 ³⁸
1924 4303 2130 4361 Coloss.

2259 4303 2354 4362 ει.
2431 4304 2696 4376 "Philip.
2741 4320 2826 4371 ιιι,
2879 4303 2966 4359 19.
3045 4301 3416 4366 "mus.

637 4427 870 4506 (‘29)_Si_c
906 4443 1005 4484 ms.
1043 4429 1245 4506 Regius
1280 4449 1429 4488 num.
1467 4433 1602 4506 l639
1621 4445 1675 4490 et
1701 4435 1975 4493 ltabanus.
2001 4438 2128 4494 Mss.
2159 4445 2211 4506 υ
2235 4438 2439 4494 omisso
2471 4438 2632 4492 enim.
2665 4437 2805 4492 Editi
2831 4436 3086 4492 omittunt
3121 4453 3279 4499 nunc,
3317 4443 3370 4490 et
3411 4433 3615 4506 habent
3641 4433 3807 4506 etiam

555 4497 688 4582 vero
720 4497 1002 4582 plerique,
1021 4510 1071 4582 et
1117 4497 1263 4582 nulla
1293 4505 1606 4582 cogitatione
1635 4509 2014 4582 scrupulositas
2041 4513 2129 4564 in-

549 4573 716 4656 jecta.
759 4569 921 4636 Editi,
954 4579 1004 4624 et
1031 4573 1084 4624 in
1107 4569 1422 4642 cogitatione
1445 4576 1591 4629 nulla
1622 4578 2000 4646 scrupulositas
2047 4582 2130 4633 in-

583 4657 717 4697 εοια.

550 4660 717 4714 Jecia.

630 4709 740 4782 (23)
773 4708 936 4782 Editi,
958 4710 1126 4779 frater
1145 4723 1267 4767 tuus
1299 4715 1697 4770 scandalizatur
1727 4715 1805 4770 vel
1843 4717 2126 4772 contrista-

557 4792 666 4846 tur,
699 4789 807 4856 etc.
850 4781 1072 4843 Deinde,
1108 4799 1231 4856 cum
1279 4788 1416 4838 enim
1469 4786 1801 4856 deﬁnisset...
1845 4803 1936 4855 per
1966 4787 2127 4842 Chri-

557 4861 695 4905 stum
728 4849 936 4917 lesum,
971 4859 1078 4906 etc.
1105 4853 1210 4908 Sed
1242 4869 1433 4911 omnes
1458 4849 1590 4910 mss.
1620 4866 1675 4912 et
1705 4849 1962 4913 [tabanus
1985 4867 2043 4913 ut
2072 4859 2126 4912 in

559 4930 728 4976 ιειιιι.

630 4991 746 5059 (2t)
779 4988 906 5044 Mss.
937 4990 1203 5064 plerique,
1237 4993 1496 5051 Rabanus
1525 5003 1580 5051 et
1613 4995 1768 5057 editi,
1795 4999 2126 5051 contamina-

557 5061 676 5116 bilis
705 5075 830 5113 usus
857 5069 930 5112 est
961 5075 980 5114 :
1011 5061 1108 5116 sed
1135 5065 1332 5118 rectior
1361 5065 1574 5119 videtur
1597 5066 1759 5120 lectio
1789 5069 1992 5123 codicis
2020 5066 2126 5122 lte-

555 5132 645 5203 gil
657 5129 997 5203 _lt_utll_-_lfi59,
1023 5133 1436 5203 cgndemnabilis
1468 5150 1592 5189 usus
1617 5144 1716 5194 est.

629 5200 740 5270 (25)
773 5200 866 5253 Sic
909 5215 1010 5255 nis.
1045 5201 1243 5270 Regius
1275 5218 1420 5256 ntnn.
1451 5205 1605 5260 1659.
1639 5205 1714 5258 lta
1747 5205 1908 5261 etiam
1940 5205 2120 5260 caeteri

557 5284 714 5340 mss.,
744 5271 945 5340 omisso
987 5289 1039 5325 a.
1075 5272 1238 5335 Editi,
1265 5272 1478 5340 inﬂatus
1504 5291 1659 5328 sensu
1685 5277 1858 5328 carnis
1882 5291 2011 5329 sum.

629 5339 1014 5413 (26)‘|_t_a‘mss.
1060 5339 1327 5410 plerique.
1366 5343 1503 5397 Editi
1543 5359 1669 5398 vero
1695 5355 1749 5396 et
1791 5361 1890 5397 ius.
1928 5345 2128 5413 liegius

557 5421 710 5486 nutu.
742 5408 899 5490 163i),
934 5409 1014 5476 Ne
1058 5408 1353 5481 tetigeritis,
1392 5429 1454 5467 ne
1491 5415 1848 5484 gustat-eritis,
1901 5431 1962 5468 ne
1987 5408 2129 5468 atta-

558 5490 898 5540 mtnaoerttts,
933 5491 1040 5536 etc.

631 5543 913 5626 (mils:
934 5549 1138 5619 Regius
1187 5568 1336 5607 ntnn.
1384 5552 1539 5618 l659,
1588 5571 1691 5609 non
1739 5564 1817 5608 est
1858 5556 2129 5623 precantis

559 5617 825 5679 temporis.
870 5617 946 5673 De
987 5617 1066 5676 his
1114 5637 1318 5681 nunc...
1365 5640 1610 5680 conemur
1662 5617 1948 5693 expone-re,
1999 5637 2128 5689 ete.,

2234 4524 2358 4563 cum
2390 4509 2662 4577 plerisque
2701 4521 2834 4577 mss:
2878 4523 3126 4562 conemur
3161 4521 3438 4577 exponere.
3471 4505 3581 4558 Sed
3613 4505 3810 4557 rectior

2234 4575 2452 4633 videtur
2485 4577 2647 4631 lectio
2671 4593 2773 4631 ms.
2805 4575 2955 4646 Regii
2995 4593 3141 4630 num.
3172 4576 3332 4640 1640,
3372 4591 3632 4628 conamur
3653 4590 3809 4642 ιεροο

2237 4664 2377 4703 nere.
2408 4646 2609 4701 Deinde
2643 4649 2798 4712 editi,
2827 4645 2944 4701 Hoc
2967 4656 3045 4701 est
3074 4657 3299 4711 tantum,
3324 4657 3434 4699 etc.

2305 4717 2420 4788 (28)
2451 4716 2526 4771 Ita
2557 4731 2749 4788 omnes
2789 4733 2917 4772 mss.
2957 4717 3148 4771 nostri.
3188 4715 3330 4770 Editi
3366 4727 3519 4788 vero,
3573 4729 3640 4768 ne
3687 4715 3806 4768 teti—

2233 4785 2532 4857 geritis,_ne
2557 4787 3017 4857 attaminaveritis,
3044 4802 3107 4840 ne
3129 4785 3486 4857 gustaveritis.

2306 4857 2418 4927 (29)
2442 4854 2605 4922 Editi,
2631 4866 2678 4927 et
2709 4858 2963 4912 doctrina:
2985 4853 3147 4926 (mss.
3159 4856 3423 4927 plerique,
3443 4863 3490 4907 et
3514 4853 3805 4923 doctrinas)

2235 4925 2606 4995 relinquentes,
2642 4926 2779 4978 hunc
2804 4925 3128 4992 spiritalem.
3167 4936 3274 4980 etc.
3317 4925 3414 4979 Ms.
3451 4934 3632 4977 tamen
3669 4939 3805 4978 unus

2233 4995 2436 5066 Regius
2473 5011 2623 5049 num.
2671 4995 2809 5050 1640
2849 4997 3014 5051 habet
3063 4997 3427 5060 observantes,
3485 5009 3590 5063 pro
3640 4995 3804 5048 relin-

2269 5074 2464 5120 nentes.

2231 5082 2607 5206 qufgtllgsliditi,
2636 5151 2738 5190 non
2761 5147 2965 5190 tantum
2992 5151 3112 5190 uero
3143 5135 3414 5190 occasione
3445 5134 3608 5202 hujus
3637 5134 3802 5188 obser-

2228 5208 2417 5259 vantia:
2439 5206 2781 5274 honorabilis,
2807 5216 2912 5262 etc.
2939 5206 3045 5262 Sed
3067 5221 3257 5262 omnes
3287 5221 3421 5260 mss.
3449 5216 3507 5259 ut
3534 5207 3590 5260 in
3619 5214 3802 5260 nostro

2230 5286 2314 5330 tes
2326 5285 2399 5327 tu.

2321 5344 2411 5416 5t)
2438 5344 2615 5399 Enim.
2643 5345 2811 5416 Deest
2848 5348 2899 5398 in
2941 5344 3096 5400 libris
3133 5359 3287 5402 antea
3314 5346 3495 5401 editis.

2319 5414 2411 5484 '52)
2441 5415 2600 5478 Editi,
2636 5414 2935 5469 Videndum
2978 5432 3105 5470 sane
3134 5427 3232 5472 est.
3279 5417 3502 5480 Deinde,
3534 5414 3626 5470 Sic
3663 5415 3798 5468 cui.

2228 5488 2404 5556 omnia
2431 5487 2642 5538 mundis
2673 5487 2869 5538 munda
2892 5485 3048 5554 ﬁunt.
3084 5486 3214 5542 διεδ.
3243 5487 3507 5556 plerique,
3543 5488 3636 5540 Sic
3663 5487 3799 5538 enirn

2229 5555 2405 5627 omnia
2434 5557 2628 5627 mnmla
2682 5556 2890 5608 mundis
2918 5557 3075 5623 ﬁunt.
3110 5558 3212 5613 Sed
3245 5554 3365 5614 mw.
3410 5554 3615 5627 Regius
3648 5572 3798 5610 ιιιιωο

2235 5625 2370 5680 1659
2405 5634 2459 5680 ut
2493 5626 2542 5680 in
2571 5638 2755 5681 nostro
2786 5637 2952 5682 textu.
