1947 3178
2 131 81 159 Ξῑξ)

542 131 717 176 (ΣΟΜΜΕΝΤ.
738 130 770 159 IN
788 128 901 161 EPIST.
919 133 968 161 AD
985 133 1070 162 BOM.
1087 133 1151 161 LIB.
1171 133 1205 162 Χ.

1623 136 1691 165 1250

2 196 20 214 ιι
59 196 167 224 qua:
208 190 309 218 munda
330 193 402 221 sunt,
427 190 619 218 contaminatis
645 191 781 218 immunda
797 190 855 218 elii-
869 196 890 224 Α
907 192 1040 227 ruptionis
1051 192 1182 227 explebit.
1195 192 1228 220 Et
1244 192 1311 220 nihil
1325 192 1422 221 mirum
1440 192 1462 220 si
1476 194 1691 223 sanctuscibum

2 232 127 260 ianlu
135 242 174 267 τ,
214 235 294 262 etiam
313 240 343 260 ea
359 240 418 267 qua:
438 233 565 261 dicuntur
580 235 731 268 immunda,
754 236 856 264 sanctis

3 282 19 304 ι
50 278 245 308 ﬁdelibus
267 278 365 306 munda
389 278 466 305 liant.
493 279 704 313 Sanctiﬁcantur
724 280 793 308 enim
811 288 856 314 per

2 323 153 355 qrbtuns
177 324 235 351 Dei
251 324 308 359 (35)
324 328 348 350 et
363 324 520 357 orationem,
542 326 606 359 quia
627 326 711 352 omnis
734 331 856 353 creatura

2 368 59 395 )ei
82 369 206 402 bona,
234 376 257 397 et
272 370 339 396 nihil
352 370 528 404 abjiciendum
544 372 612 406 quod
632 379 691 399 cunt
707 373 856 406 gratiarum

2 415 149 442 ratione
174 416 327 450 percipitur
342 417 376 443 “.
393 417 447 444 Per
459 418 610 446 orationem
627 423 716 445 autem
735 426 788 445 non
806 425 855 445 cu-

7 468 219 496 uscunque
235 462 451 494 sanctiﬁcantur.
471 463 518 490 sed
528 471 623 490 eorum
643 464 689 497 qui
704 463 855 498 levantpu-

2 514 64 533 ms
103 516 234 535 manus
252 508 309 535 sine
330 508 372 536 ira
389 514 413 536 et
439 509 627 542 disceptatione
640 510 675 536 “.
695 509 741 536 Vis
763 514 855 536 autem

2 554 289 588 magniﬁcentius
301 554 389 582 adhuc
403 555 436 582 de
450 554 557 582 mundis
571 559 599 582 et
614 554 771 587 immundis,
782 554 855 589 quod

2 606 82 626 non
107 600 159 628 de
181 602 357 636 corporibus,
374 604 420 628 sed
435 601 467 628 de
481 600 579 628 animis
596 600 723 627 dicantur
736 604 764 627 et
780 607 857 627 men-

2 646 131 679 Libus,
154 648 276 675 edoceri
293 647 370 683 (54)?
384 647 454 674 Audi
469 647 553 682 ipsius
567 646 672 674 Domini
687 651 713 674 et
730 645 854 674 Salvato-

10 691 65 718 ris
87 692 126 719 in
153 693 311 728 Evangelia
326 693 488 720 sententiam
500 692 616 720 dicentis
632 701 639 719 :
657 691 718 719 Non
736 699 795 727 qua:
813 692 855 719 in-

8 741 113 763 trant
131 738 171 764 in
188 746 229 769 os,
244 739 437 765 communicant
457 737 513 773 (55)
529 737 671 770 Itamirum,
685 737 730 764 ml
750 745 810 772 aute
822 744 855 764 ea;

15 789 80 809 ore
110 784 295 817 procedunt;
314 784 440 818 quoniam
462 783 494 810 ab
513 783 585 810 intus
602 783 635 810 de
661 783 738 810 corde
759 788 855 811 exeunt

16 828 241 862 cogitationes
259 829 347 861 male,
359 829 514 863 homicidia,
528 829 662 856 adulteria
678 828 712 862 ",
725 833 778 856 etc.
802 829 855 857 Co-

907 245 986 273 quem
1009 238 1111 272 sumit,
1136 238 1220 267 verbo
1244 239 1310 272 Dei,
1335 243 1362 266 et
1381 239 1503 266 oratione
1521 239 1691 272 sanctiﬁcat,

907 289 968 309 cum
985 282 1066 310 etiam
1088 282 1146 317 ipsa
1171 283 1270 318 quibus
1289 283 1410 311 induitur
1433 288 1524 311 sancta
1537 284 1592 311 sint
1608 284 1687 312 vesti-

908 332 1008 355 tnenta.
1034 328 1150 355 Sudaria
1173 328 1291 363 denique
1313 329 1391 363 Pauli
1416 328 1438 344 “
1470 333 1496 356 et
1521 329 1690 357 semicinctia

908 378 1012 400 tantum
1029 381 1061 400 ex
1087 374 1171 409 ipsius
1197 374 1316 409 puritate
1335 374 1559 402 sanctiﬁcationis
1578 382 1692 409 accepe-

908 423 979 450 rant,
999 424 1028 446 ut
1051 420 1133 454 aegris
1156 420 1278 447 adhibita
1306 420 1466 455 corporibus
1486 420 1541 455 (56)
1567 420 1694 453 fugarent

908 464 1026 498 morbos,
1047 470 1075 492 et
1098 465 1242 493 redderent
1266 466 1421 493 sanitatem.
1455 464 1521 493 Nam
1553 466 1586 493 de
1609 465 1693 494 Petro

907 511 970 546 quid
993 511 1092 543 dicam,
1119 511 1196 546 cujus
1217 510 1300 538 etiam
1324 511 1419 538 umbra
1444 511 1566 546 corporis
1588 516 1693 539 tantum

907 556 1130 584 sanctiﬁcationis
1150 558 1263 592 gerebat
1279 557 1315 589 ",
1340 561 1371 584 ut
1385 565 1562 593 quoscunque
1578 562 1692 592 prseter-

907 601 966 628 iens
981 609 1034 628 non
1056 601 1122 636 ipse,
1139 601 1185 629 sed
1199 601 1255 628 sola
1279 601 1338 636 ejus
1352 602 1447 629 umbra
1468 602 1610 636 tetigisset,
1627 610 1695 629 con~

908 645 982 672 tinuo
1006 646 1041 673 ab
1063 646 1135 673 omni
1159 646 1319 681 aegritudine
1338 645 1514 673 levarentur?
1535 644 1589 674 Sed
1614 646 1693 681 paulo

907 688 988 722 latius
1002 690 1169 717 excessimus
1190 690 1223 717 de
1246 690 1353 717 mundis
1369 690 1438 717 cibis
1460 695 1489 718 et
1504 690 1693 719 communibus

907 734 1085 768 disserentes,
1100 741 1128 763 ut
1140 735 1263 771 Apostoli
1280 743 1401 769 sensum,
1418 741 1550 771 quantum
1563 737 1693 772 possibile

907 783 959 812 est,
981 780 1218 808 consideraremus
1239 780 1385 808 excelsius.
1408 780 1461 808 Sed
1482 789 1616 810 memores
1630 775 1693 817 pro-

907 824 1001 860 positae
1026 825 1180 859 brevitatis,
1205 826 1234 853 in
1256 826 1299 854 his
1324 827 1387 855 noni
1414 826 1559 856 voluminis
1582 828 1694 855 conclu-

20 873 158 906 gilalio
186 882 253 909 ergo
272 880 314 902 εει
335 880 363 902 οι
382 883 460 903 mens
480 882 534 902 non
556 879 629 902 recte
650 874 770 902 sentiens
796 881 856 909 qua
870 863 893 894 Β
906 871 982 899 sione
997 871 1080 904 facta,
1095 872 1195 900 decimi
1206 872 1382 908 ejusdemque
1396 874 1483 902 ultimi
1501 875 1694 910 aggrediamur

22 918 159 952 polluit
178 919 328 952 hominem,
343 927 395 947 non
406 920 528 947 ciborum
542 919 657 955 qualitas
666 938 675 952 ,
687 926 748 954 quas
762 919 855 954 cujus-

26 970 175 997 cunque
193 964 265 991 modi
281 963 371 998 fuerit,
384 964 443 999 pari
456 964 606 999 eodemque
618 964 692 991 exitu
704 971 781 991 usum
794 970 856 991 cor-

908 917 1049 946 exordium
1063 917 1130 953 (57).

631 1122 808 1167 LIBER
844 1122 1127 1168 DECIMUS.

87 1286 183 1322 637
218 1286 243 1313 l.
274 1283 335 1312 Non
361 1284 551 1320 blasphematur
583 1292 648 1320 ergo
671 1285 767 1312 bonum
795 1293 845 1313 no-

45 1337 149 1358 strum
157 1331 226 1366 (38).
242 1329 304 1357 Non
312 1330 380 1357 enim
388 1337 495 1365 regnum
504 1329 553 1357 Dei
561 1334 598 1357 est
605 1337 663 1357 esca
676 1335 699 1358 et
706 1335 794 1363 potus,
805 1331 851 1358 sed

45 1377 183 1412 justitia,
192 1380 217 1403 et
224 1384 289 1411 patr,
298 1381 322 1404 et
328 1377 453 1412 gaudium
463 1376 490 1403 in
499 1376 604 1411 Spiritu
611 1382 712 1405 sancto.
726 1377 798 1405 Nam
805 1379 852 1413 qui

49 1423 83 1448 in
93 1422 149 1449 hoc
160 1422 237 1448 servit
248 1420 364 1453 Christo,
376 1421 460 1455 placet
476 1420 540 1453 Deo,
553 1425 579 1448 et
585 1424 710 1455 probatus
716 1428 755 1450 est
766 1423 853 1451 Itami-

2 1468 4 1485 ί
53 1468 141 1495 nibus
155 1468 179 1483 "
199 1466 265 1503 (39).
282 1466 402 1501 Requiro
417 1466 553 1501 quomodo
568 1466 750 1501 hlasphemari
768 1469 854 1503 possit

904 1287 950 1321 qui
972 1286 1058 1315 suillis
1072 1291 1199 1315 vescatur
1218 1286 1362 1321 carnibus,
1382 1288 1423 1316 vel
1450 1289 1511 1317 aliis
1533 1290 1688 1326 huiusmodi

904 1333 1093 1361 communibus
1114 1337 1143 1360 et
1164 1333 1380 1362 indill'erentibus
1400 1335 1480 1363 cibis.
1502 1337 1584 1364 Addit
1599 1342 1690 1366 autem

905 1378 967 1406 his:
985 1377 1046 1405 Non
1062 1379 1130 1405 enim
1143 1386 1249 1414 regnum
1265 1379 1313 1407 Dei
1325 1388 1383 1407 esca
1397 1385 1422 1407 et
1436 1385 1514 1415 potus
1525 1386 1573 1414 est,
1588 1385 1633 1409 sed
1641 1384 1690 1418 ju-

904 1423 989 1456 stitia,
1004 1428 1028 1450 et
1045 1431 1108 1458 pax,
1123 1428 1146 1451 et
1157 1424 1283 1458 gaudium
1302 1425 1329 1451 in
1350 1424 1451 1459 Spiritu
1470 1432 1571 1454 saneto.
1590 1427 1619 1455 In
1635 1436 1690 1463 quo
1717 1424 1722 1428 ’

906 1467 1004 1495 iterum
1021 1469 1195 1496 vehementer
1213 1469 1334 1497 admiror
1350 1471 1512 1506 sapientiam
1532 1473 1627 1506 Pauli,
1642 1474 1689 1509 qui

2 1515 4 1532 ί
53 1514 165 1541 bonum
180 1512 379 1547 nastrnm(40).
391 1512 495 1539 Bonum
510 1517 552 1539 est
570 1512 656 1547 legem
669 1514 851 1548 spiritualiter
865 1508 886 1538 C
903 1514 1043 1547 praesentis
1058 1515 1189 1549 temporis
1203 1515 1298 1549 culpas
1312 1515 1395 1543 futuri
1412 1519 1575 1546 sacramenti
1596 1525 1690 1547 aucto.

56 1559 230 1594 intelligere,
242 1563 269 1585 et
280 1558 362 1593 impia
376 1563 457 1593 atque
472 1558 565 1593 inepta
576 1558 735 1587 hmreticoru
742 1568 767 1587 nt
778 1580 786 1593 ,
806 1561 849 1589 vel

58 1604 140 1631 falsa:
149 1603 324 1638 philosophia:
340 1603 502 1630 studentium
518 1604 643 1638 dogmata
657 1608 784 1639 tanquam
801 1604 852 1632 im-

2 1652 5 1671 ι
63 1650 185 1677 mundos
192 1650 268 1676 cibos
282 1648 450 1683 pollutosque
462 1649 557 1676 vitare.
573 1648 629 1676 Hoc
642 1649 714 1677 enim
729 1654 772 1677 est
781 1650 853 1685 quod

64 1695 203 1729 spirituali
217 1695 276 1730 lege
288 1695 419 1722 sancitur.
432 1694 534 1722 Tamen
560 1694 582 1721 si
599 1695 659 1730 quis
674 1702 707 1722 ex
735 1694 833 1723 Jndteis
843 1714 852 1729 ,

2 1749 5 1766 |
65 1741 146 1769 verbi
156 1748 249 1774 causa,
261 1732 306 1767 aut
312 1747 345 1768 ex
354 1740 396 1767 his
402 1740 447 1774 qui
455 1740 599 1768 Encratita
606 1740 777 1775 appellantur
786 1740 852 1776 (Η),

67 1788 136 1815 velit
149 1787 256 1815 Christo
267 1786 388 1819 credere,
399 1790 474 1820 putet
491 1790 579 1813 tamen
595 1793 647 1813 non
657 1794 754 1821 parum
764 1786 853 1814 inesse

2 1842 5 1858 l
70 1835 200 1861 momenti
213 1833 239 1860 in
250 1832 422 1860 observantia
431 1832 615 1864 continentiae,
622 1832 665 1859 vel
676 1839 770 1859 eorum
778 1832 853 1860 cibo-

2 1889 4 1905 ι
70 1888 130 1907 rum
137 1879 181 1914 qui
194 1879 250 1915 lege
263 1880 450 1915 prohibentur,
463 1879 505 1907 vel
514 1886 581 1913 quos
592 1878 667 1914 quasi
676 1877 793 1906 castitati
805 1878 853 1906 ad-

71 1926 351 1953 versantesatslimant
368 1925 487 1953 nonnulli
497 1925 578 1952 etiam
593 1923 852 1959 Scripturarumau-

72 1971 193 1999 cloritate
203 1971 392 1998 declinandos:
410 1970 561 2006 hujnsmodi
573 1970 708 1997 hominem
722 1970 744 1997 si
756 1977 851 2005 perur-

73 2025 136 2052 gcas
142 2017 336 2045 adeommunes
344 2017 463 2045 omnium
472 2016 556 2048 cibos,
566 2023 614 2043 nec
623 2016 764 2043 dicaseum
772 2016 851 2043 aliter

2 2077 4 2091 l
74 2070 150 2099 posse
163 2062 277 2096 salvari,
289 2062 332 2090 vel
345 2062 378 2089 ad
392 2058 470 2090 [idem
485 2062 586 2090 Christi
606 2067 635 2089 et
653 2062 768 2097 gratiam
790 2069 851 2097 per-

74 2109 172 2140 venire.
192 2108 242 2136 nisi
266 2108 382 2143 sumptis
402 2108 445 2135 his
465 2115 534 2142 quos
558 2107 656 2142 refugit
679 2107 763 2140 cibis,
786 2111 850 2135 tunc

76 2162 135 2181 vere
154 2156 250 2181 l-ouum
275 2154 405 2189 spiritalis
428 2153 569 2180 sententiae
597 2153 655 2187 (42)
678 2152 849 2188 blasphema-

78 2204 127 2231 tur,
142 2205 247 2234 putante
265 2207 298 2227 eo
310 2207 390 2234 quem
406 2206 536 2233 perurch
548 2198 620 2225 hanc
639 2198 711 2233 apud
732 2205 782 2225 nos
800 2198 847 2225 ha-

904 1558 985 1586 ritate
998 1559 1155 1593 compescit,
1179 1564 1206 1587 et
1230 1564 1260 1587 ut
1286 1561 1415 1589 Ecclesia;
1433 1562 1546 1591 formam
1569 1568 1688 1598 statuat,

905 1604 980 1638 regni
1002 1604 1134 1631 cmlorum
1159 1605 1317 1639 mysterium
1341 1607 1442 1641 prodit.
1458 1608 1503 1635 Ait
1514 1616 1602 1643 ergo:
1619 1609 1690 1643 Quid

903 1655 971 1682 opus
983 1653 1023 1676 est
1038 1653 1179 1684 tantopere
1195 1657 1243 1685 pro
1256 1651 1325 1678 cibis
1339 1655 1366 1678 et
1381 1658 1504 1678 escarum
1514 1652 1690 1687 qualitatibus

904 1694 1051 1722 fraternam
1059 1702 1151 1730 pacem
1160 1696 1374 1731 charitatemque
1382 1697 1567 1730 turbare,cum
1575 1706 1688 1733 regnum

904 1740 950 1768 Dei
962 1745 1074 1775 propter
1087 1743 1159 1776 quod
1174 1741 1329 1770 laboramus
1341 1747 1369 1770 et
1383 1744 1527 1776 currimus,
1540 1752 1627 1779 neque
1641 1752 1689 1779 per

903 1793 979 1814 escas
989 1790 1105 1819 constet,
1121 1794 1209 1821 neque
1220 1795 1267 1822 per
1277 1792 1370 1822 potum
1386 1796 1392 1814 :
1404 1787 1451 1815 sed
1462 1788 1550 1815 aliena
1565 1789 1622 1816 haec
1633 1789 1689 1817 sint

903 1838 918 1858 a
933 1838 1015 1866 regno
1034 1831 1080 1858 Dei
1094 1832 1149 1867 (L5)
1160 1851 1168 1863 ,
1186 1836 1213 1859 et
1229 1833 1264 1859 ab
1285 1831 1329 1858 illa
1348 1832 1557 1860 conversatione
1572 1832 1663 1861 futura
1675 1834 1689 1861 τ

901 1876 939 1904 lbi
955 1877 1028 1904 enim
1049 1877 1120 1905 sicut
1136 1886 1217 1913 neque
1240 1878 1353 1910 nubunt,
1367 1885 1449 1912 neque
1470 1878 1619 1911 nubuntur,
1641 1879 1686 1906 sed

900 1927 963 1950 sunt
974 1923 1042 1950 sicut
1055 1923 1142 1958 angeli
1158 1923 1205 1951 Dei
1221 1924 1253 1956 ¹⁷;
1270 1924 1309 1951 sic
1326 1931 1413 1958 neque
1431 1932 1522 1952 escam
1537 1932 1625 1960 neque
1642 1933 1688 1960 po-

903 1972 958 1995 tum
978 1973 1099 2001 sumunt.
1116 1968 1162 1996 sed
1177 1974 1239 1997 sunt
1253 1970 1324 1997 sicut
1338 1970 1425 2005 angeli
1441 1969 1499 1998 Dei.
1511 1970 1596 2004 lgitur
1608 1970 1687 1999 abso-

902 2013 1040 2041 lutissimo
1055 2015 1181 2049 dogmate
1197 2020 1225 2043 et
1241 2016 1358 2044 evidenti
1380 2016 1415 2043 ab
1429 2016 1559 2050 Apostolo
1574 2021 1685 2044 senten-

902 2060 938 2087 tia
955 2060 1011 2095 (ιι)
1034 2062 1206 2088 terminatum
1223 2066 1264 2089 est
1285 2063 1310 2089 in
1331 2069 1414 2097 regno
1432 2062 1480 2090 Dei
1499 2070 1586 2097 neque
1606 2070 1684 2091 escas

900 2106 1055 2141 corporales
1068 2114 1155 2141 neque
1164 2113 1256 2142 potqu
1266 2108 1369 2136 habere
1379 2107 1479 2140 locum,
1492 2109 1538 2135 sed
1549 2109 1684 2142 justitiam

899 2156 926 2179 et
941 2159 1034 2187 pacem
1049 2153 1076 2179 in
1091 2152 1195 2188 Spiritu
1211 2158 1323 2184 sancto;
1347 2158 1373 2181 et
1392 2153 1454 2181 ideo
1473 2153 1598 2180 hortatur
1611 2159 1639 2180 ut
1655 2153 1682 2180 in

900 2198 952 2227 illis
975 2207 1025 2227 nos
1038 2207 1233 2232 exerceamus,
1255 2203 1282 2226 et
1296 2199 1340 2225 illa
1361 2199 1430 2225 bona
1442 2197 1504 2232 jam
1521 2197 1564 2224 hic
1583 2196 1683 2224 habere

80 2247 130 2271 beri
142 2246 225 2278 ﬁdem,
245 2251 273 2272 ut
292 2245 394 2272 salvum
419 2244 476 2272 ﬁeri
500 2244 601 2271 nullum
622 2244 777 2276 credamus,
794 2244 845 2271 nisi
863 2239 886 2268 Ι)
900 2244 1070 2276 meditemur,
1087 2250 1166 2279 atque
1178 2245 1250 2271 illam
1265 2243 1444 2270 substantiam
1462 2242 1610 2276 possidere,
1624 2248 1683 2275 qua:

98 2293 117 2308 "
132 2292 140 2318 ι
153 2292 217 2319 Tim.
237 2301 272 2324 ιν,
291 2293 316 2322 5,
333 2293 359 2319 4.
401 2293 423 2308 ¹¹
438 2293 444 2319 l
462 2293 531 2319 Tim.
549 2300 576 2321 ll,
593 2291 619 2318 8.
657 2291 680 2307 "
691 2291 784 2319 Matth.
802 2300 846 2324 xv,

912 2294 955 2319 l9.
992 2292 1015 2308 “
1030 2293 1090 2320 Act.
1111 2300 1169 2324 six,
1182 2292 1224 2318 12.
1262 2291 1285 2306 ³⁵
1304 2291 1364 2317 Act.
1381 2297 1406 2322 ν,
1420 2289 1463 2317 l5.
1497 2289 1520 2303 “
1532 2288 1607 2315 Roxn.
1626 2295 1682 2320 XIV,

81 2328 162 2355 iii-I8.
205 2329 225 2343 ²⁷
244 2328 337 2355 Matth.
361 2328 480 2359 xxu,50.

113 2374 162 2409 (55)
177 2374 230 2400 Dei.
249 2374 421 2401 Dcsideratur
433 2374 457 2399 iu
475 2379 552 2400 antea
564 2372 653 2399 editis.

114 2407 162 2443 (5t)
177 2409 293 2436 Edocen‘.
311 2410 451 2436 Omitt‘uur
464 2410 489 2435 iu
504 2409 601 2443 editis,
616 2412 643 2434 et
661 2408 686 2434 in
705 2407 841 2442 plerisque

83 2442 149 2473 mss.
165 2444 206 2471 sed
223 2445 376 2470 restituitur
393 2452 424 2470 (ιχ
443 2442 586 2477 ms.licgio
603 2451 676 2470 num.
691 2443 769 2470 1659.

113 2479 161 2510 (33$)
176 2480 253 2509 liditi.
273 2480 454 2513 coinquinant.
473 2479 550 2505 male.

114 2514 160 2549 (δαὶ)
174 2514 337 2547 Corporibus.
352 2514 378 2540 In
395 2519 472 2540 autca
488 2514 566 2539 editis
580 2513 806 2547 przetermittitnr.

114 2550 160 2583 (57)
172 2549 248 2580 ΕιΙῑιὶ,
267 2550 359 2575 decimi
376 2549 489 2582 ejusdem
505 2548 688 2581 aggrediamur
696 2548 843 2574 exordium.

83 2585 130 2613 Sed
143 2592 226 2611 omnes
242 2592 306 2610 mss.
323 2589 351 2610 ut
367 2584 391 2609 in
411 2589 502 2610 nostro
519 2588 602 2609 textu.

115 2618 161 2654 ('58)
176 2619 254 2651 Editi,
271 2619 367 2645 bonum
385 2627 487 2644 nomen.

117 2652 162 2690 (59)
179 2654 244 2680 Nam
260 2655 305 2689 qui
319 2656 345 2679 in
362 2654 410 2680 hoc
424 2655 499 2690 seruit
512 2652 628 2690 Christo,
641 2652 724 2686 placet
739 2652 803 2683 Deo,
818 2656 841 2678 et

85 2688 189 2724 probatus
204 2696 240 2716 est
255 2689 411 2716 hominibus.
431 2688 493 2714 Haec
516 2689 542 2714 in
565 2688 646 2724 editis
666 2696 719 2715 non
732 2695 827 2722 compa

87 2730 149 2756 rent;
164 2729 186 2751 Cl
197 2726 374 2751 restituuntur
389 2732 421 2751 ex
435 2731 500 2750 IIISS.
517 2723 629 2749 IIOSll‘lS.

118 2761 161 2794 (ω)
175 2759 250 2790 Etliti,
270 2760 364 2785 bonum
381 2764 498 2785 nostrum
508 2767 612 2794 nomen.

118 2792 162 2828 (lt)
177 2795 241 2821 Editi
258 2794 390 2828 plerique,
417 2801 503 2820 tamen
518 2793 616 2828 siriquis
632 2792 758 2824 Judwus,
772 2792 843 2828 uerbi

91 2827 161 2861 musa,
174 2836 213 2856 aut
228 2827 311 2856 cxi/tis
326 2829 369 2862 qui
388 2828 523 2856 Seueriani
540 2827 695 2861 Tatianique
709 2827 844 2859 appellan-

93 2873 133 2899 tur,
145 2872 186 2893 etc.
201 2865 256 2893 Sed
273 2871 368 2893 omnes
386 2872 452 2893 mss.
474 2868 500 2891 et
520 2863 646 2893 llahanus
659 2866 688 2889 ut
703 2862 730 2889 in
749 2865 842 2889 nostro

893 2378 979 2400 textu.

931 2408 986 2443 (42)
1006 2407 1043 2434 lta
1066 2415 1133 2434 mss.
1151 2406 1274 2443 plerique
1295 2411 1322 2434 et
1341 2406 1419 2433 editi.
1437 2405 1486 2443 Ms.
1502 2413 1566 2433 vero
1582 2405 1682 2440 Regius

931 2415 986 2443 (42)
1006 2415 1043 2434 tta
1066 2415 1133 2434 mss.
1151 2415 1274 2468 plerttp‘te
1295 2415 1322 2434 et
1341 2415 1419 2433 euut.
1437 2415 1486 2433 tus.
1502 2415 1566 2433 vero
1582 2415 1682 2440 ncglus

897 2450 974 2469 num.
989 2443 1067 2475 1659,
1084 2442 1209 2469 scientiis.
1258 2443 1379 2470 abauus.
1404 2442 1515 2476 gratiw;
1537 2442 1581 2476 qni
1602 2442 1682 2476 paulo

898 2483 960 2512 post
975 2478 1066 2508 habet,
1084 2477 1162 2504 suilla
1177 2482 1296 2503 vescatur
1312 2484 1400 2503 carne.

936 2513 992 2548 (43)
1009 2514 1089 2546 Editi,
1109 2513 1153 2539 sed
1174 2513 1261 2548 aliena
1287 2513 1341 2539 Itazc
1354 2516 1414 2538 sunt
1426 2519 1441 2537 a
1455 2519 1532 2548 regno
1549 2510 1607 2544 Dei,
1627 2515 1680 2537 etc.

900 2548 1089 2576 Deindeiidcm
1101 2547 1179 2579 editi,
1195 2547 1322 2574 Rabnnus
1336 2551 1363 2574 et
1375 2547 1582 2580 mss.plerique,
1601 2554 1681 2579 neque

899 2584 1004 2612 nubent.
1029 2591 1110 2618 neque
1138 2584 1312 2618 nubentum...
1338 2588 1533 2618 nequeqpptum
1558 2586 1679 2611 sument,

897 2623 949 2644 etc.
965 2620 1017 2646 Sed
1033 2616 1134 2646 rectius
1150 2625 1200 2644 ms.
1213 2617 1315 2652 Regius
1329 2625 1405 2643 num.
1421 2616 1489 2642 i659
1505 2622 1533 2642 ut
1546 2618 1571 2643 in
1588 2623 1681 2642 nostro

897 2657 980 2679 textu.

933 2689 988 2723 (Η)
1009 2688 1055 2715 Sic
1078 2692 1151 2714 recte
1168 2695 1218 2714 ms.
1238 2686 1339 2721 Regius
1363 2693 1437 2723 unm.
1454 2685 1522 2723 l639
1540 2690 1568 2723 et.
1589 2685 1679 2723 Rabaf

897 2720 957 2750 nus.
980 2720 1022 2749 ἰω
1042 2723 1123 2749 etiam
1144 2722 1233 2749 cscteri
1257 2720 1322 2748 mss.
1346 2721 1396 2747 nisi
1416 2721 1487 2754 quod
1504 2720 1632 2752 habeant,
1647 2722 1680 2747 ab

897 2757 1015 2791 Apostoli
1030 2757 1168 2785 sententia.
1186 2757 1257 2784 Editi
1278 2763 1342 2783 vero
1354 2776 1361 2787 ,
1385 2756 1467 2790 igitur
1484 2755 1679 2783 absolutissima

896 2798 919 2819 et
934 2793 1045 2819 evidenti
1066 2793 1187 2826 dogmate
1208 2792 1238 2819 ab
1260 2791 1378 2818 Auastoli
1399 2791 1575 2820 scnteutia....
1597 2798 1679 2825 neque

896 2835 967 2855 escas
982 2827 1113 2855 carnales.

2 2913 1945 3176 ..ς-λά.
