4048 6202
545 263 673 319 1251

2039 245 2360 306 ORlGENlS

3681 256 3818 312 1259

545 379 830 434 nobiscum
863 373 1096 430 transire
1141 371 1314 442 possit
1349 371 1463 443 (45)
1509 371 1574 425 ad
1621 383 1787 442 regna
1831 371 2116 427 ctelorum.
2151 375 2195 431 Α
2225 378 2279 423 et
2301 369 2389 423 hic
2411 367 2647 437 qualiter
2683 379 2786 436 pax
2819 368 3078 423 sectanda
3109 367 3183 423 sit
3230 368 3644 438 intelligamus,
3680 375 3808 441 qia

541 469 655 526 Pax
688 481 841 536 ergo,
863 475 916 520 et
937 464 1248 532 justitia,et
1277 464 1320 518 si
1347 478 1452 534 qua
1483 463 1789 533 hujusmodi
1822 471 1970 529 sunt,
1999 477 2122 532 qua:

542 571 641 634 per
689 557 956 628 Spiritum
1001 565 1256 612 sanctum
1307 554 1726 626 conquiruntur,
1783 555 1898 625 ipsa
1963 555 2121 610 nobis

543 659 700 712 erunt
745 651 898 707 cibus
943 659 999 705 et
1050 647 1353 704 substantia
1401 649 1453 703 in
1504 663 1675 719 regno
1719 649 1811 704 Dei
1849 667 1861 702 :
1895 657 1950 704 et
2001 649 2122 704 ideo

546 762 646 816 per
678 747 792 801 haec
829 744 981 799 docet
1026 757 1134 797 non
1177 753 1424 795 escarum
1467 741 1830 811 corporalium
1860 741 2117 805 rationes,

542 855 665 910 qua:
699 838 858 892 nulla:
883 844 1044 892 erunt
1068 835 1119 889 in
1143 834 1346 897 futuro,
1371 833 1467 889 sed
1506 835 1770 888 virtutum
1802 850 1987 888 curam
2029 849 2124 904 ge-

542 932 793 994 rendam,
827 943 947 999 qute
987 927 1269 983 nobiscum
1313 936 1368 982 et
1403 928 1456 981 in
1491 927 1741 996 praesenti
1782 926 1890 980 vita
1915 968 1930 991 ,
1970 935 2023 982 et
2065 925 2119 981 in

543 1020 727 1076 futuro
753 1025 1107 1088 permaneant
1135 1015 1187 1069 in
1223 1027 1392 1082 regno
1427 1011 1540 1068 Dei.
1568 1012 1634 1067 Et
1663 1013 1785 1067 ideo
1823 1011 1978 1076 dicit,
1996 1013 2121 1081 quia

542 1114 634 1185 qui
683 1116 736 1167 in
784 1113 878 1167 hoc
915 1111 1074 1166 servit
1111 1109 1348 1175 Christo,
1398 1109 1568 1179 placet
1619 1110 1750 1176 Deo,
1793 1121 1842 1164 et
1869 1109 2122 1178 probatus

542 1218 618 1262 est
657 1206 768 1274 (ιϐ)
801 1205 1098 1259 hominibus
1123 1195 1190 1258 ’⁸.
1232 1201 1343 1257 Hoc
1378 1212 1461 1258 est
1497 1199 1640 1272 quod
1675 1210 1731 1255 et
1759 1203 1825 1258 de
1859 1201 2037 1270 seipse
2067 1201 2122 1256 in

544 1301 665 1354 aliis
697 1297 830 1352 dicit
866 1315 878 1350 :
915 1295 1067 1352 Sicut
1098 1305 1145 1350 et
1175 1309 1292 1364 ego,
1325 1295 1540 1370 inquit,
1569 1295 1807 1348 omnibus
1831 1309 1922 1363 per
1947 1294 2123 1347 omnia

544 1391 748 1460 placeo,
797 1404 899 1441 non
941 1401 1180 1454 qumrens
1220 1381 1360 1453 quod
1401 1383 1529 1437 mihi
1567 1384 1697 1438 utile
1725 1385 1826 1446 sit,
1860 1383 1948 1439 sed
1984 1388 2123 1455 quod

544 1479 726 1534 multis
751 1477 817 1531 ’°.
845 1475 969 1531 Ideo
999 1475 1142 1530 enim
1179 1482 1378 1528 etcum
1411 1484 1556 1528 esset
1589 1475 1866 1544 apostolus
1895 1473 2121 1540 Christi,

548 1573 708 1625 liehal
733 1569 937 1625 ludatis
965 1565 1215 1631 Iudaeus,
1247 1566 1363 1622 sine
1395 1567 1559 1622 dubio
1588 1576 1645 1620 ut
1679 1567 1898 1636 placens
1924 1559 2124 1620 Iudaeis

547 1662 778 1718 salvaret
812 1676 906 1716 eos
937 1677 951 1714 :
980 1667 1036 1713 et
1059 1655 1142 1714 his
1169 1659 1258 1728 qui
1284 1659 1400 1714 sine
1422 1660 1539 1732 lege
1565 1671 1718 1714 erant
1757 1660 1916 1713 (iebat
1937 1669 1990 1713 et
2015 1659 2123 1727 ipse

2222 471 2272 516 et
2307 459 2480 514 David
2499 458 2750 514 similiter
2781 459 2914 514 dicit
2937 459 3021 514 “z
3054 460 3271 530 Inquire
3298 477 3505 530 pacem,
3535 471 3588 516 et
3612 474 3818 523 sectere

2223 567 2361 606 eam.
2404 550 2555 605 Licet
2595 551 2649 604 in
2691 549 2902 605 Latinis
2945 551 3223 606 codicibus
3255 552 3549 617 habeatur,
3599 573 3818 626 sequere

2222 657 2357 706 eam,
2383 650 2585 696 sectare
2614 652 2796 695 tamen
2825 640 2994 695 etiam
3037 641 3111 696 ibi
3146 643 3410 713 scriptum
3441 654 3550 699 est.
3596 645 3660 699 In
3711 663 3818 716 quo

2224 733 2326 787 hoc
2351 733 2482 786 mihi
2518 733 2733 788 videtur
2762 735 2975 790 ostendi
3012 751 3025 786 :
3060 736 3317 803 quoniam
3349 736 3572 804 quidem
3607 752 3640 791 ι
3675 740 3814 792 mul-

2225 821 2313 883 tis,
2365 820 2560 890 inquit,
2599 823 2842 894 inquieta
2896 833 2951 879 et
2991 823 3291 878 insolenter
3345 828 3638 895 agentibus
3704 841 3816 885 tur-

2223 913 2348 966 bata
2389 921 2472 967 est
2527 912 2640 984 (52)
2690 929 2800 985 pax
2829 954 2844 980 ,
2897 924 2954 970 et
2997 913 3229 985 elfugata
3277 916 3424 970 velut
3477 919 3818 990 subter-fugit

2224 1003 2293 1057 ab
2353 1005 2696 1072 hominibus;
2760 1007 3073 1060 ecculrario
3122 1007 3190 1060 ab
3239 1005 3323 1060 his
3381 1008 3472 1076 qui
3532 1009 3817 1064 Christum

2224 1095 2537 1150 didicerunt
2587 1107 2644 1151 et
2686 1096 2787 1166 ipsi
2841 1096 3108 1160 serviunt,
3165 1095 3328 1150 etiam
3389 1097 3636 1168 fugitans
3695 1117 3819 1156 con-

2223 1189 2476 1242 sectunda
2509 1200 2612 1252 est,
2641 1198 2694 1243 et
2723 1187 2897 1243 modis
2919 1187 3174 1242 omnibus
3191 1190 3516 1245 revocanda.
3553 1189 3817 1247 Sectatur

2225 1290 2405 1334 autem
2437 1293 2663 1350 pacem,
2697 1283 2786 1350 qui
2823 1297 2886 1337 ea
2920 1281 3122 1352 quibus
3153 1298 3257 1350 pax
3306 1293 3568 1336 constare
3609 1297 3816 1355 potest.

2223 1373 2387 1426 etiam
2420 1387 2541 1427 eum
2567 1371 2758 1428 labore
2792 1390 2912 1439 suo,
2942 1389 3068 1429 cum
3098 1375 3317 1439 damno,
3354 1391 3476 1430 cum
3513 1381 3817 1448 opprobrio

2223 1470 2477 1531 quoque,
2513 1471 2570 1516 et
2604 1463 2649 1517 si
2685 1464 2756 1518 ita
2793 1479 3020 1520 necesse
3052 1464 3157 1529 sit,
3193 1467 3358 1520 etiam
3403 1482 3530 1522 cum
3565 1470 3816 1538 periculo

2224 1557 2350 1610 vine
2377 1552 2643 1626 ranaeque
2664 1558 2915 1612 custodit.
2943 1559 3066 1615 Haec
3090 1563 3232 1615 enim
3262 1576 3368 1616 non
3392 1561 3571 1616 solum
3595 1578 3817 1630 pacem,

2226 1655 2410 1696 verum
2458 1652 2511 1696 et
2551 1644 2964 1702 aediﬁcationem
3009 1648 3075 1701 ad
3120 1649 3355 1705 invicem
3403 1663 3627 1705 servant
3672 1653 3817 1725 (53).

546 1755 664 1808 sine
695 1753 831 1822 lege,
856 1760 914 1805 ut
945 1749 1166 1820 placens
1197 1747 1366 1820 868
1393 1749 1469 1804 eis
1496 1749 1674 1804 salvos
1703 1749 1909 1804 fureret
1934 1763 2026 1804 eos
2053 1749 2121 1805 ³⁸.

2228 1731 2557 1790 ᾹΕιΙὶηείιιυι·
2590 1736 2737 1790 enim
2765 1737 2809 1792 is
2838 1738 2928 1808 qui
2965 1738 3160 1793 viderit
3191 1749 3244 1796 te
3272 1756 3376 1795 non
3408 1757 3528 1810 quae
3560 1743 3655 1798 tibi
3683 1720 3820 1810 soli,

545 1846 771 1902 Placere
803 1854 981 1899 autem
1029 1856 1089 1896 se
1122 1841 1436 1896 hominibus
1487 1841 1561 1895 ita
1604 1841 1768 1906 dicit,
1819 1855 1924 1895 non
1963 1842 2124 1894 obse-

548 1935 836 1991 cundando
863 1935 1031 1999 vitiis,
1070 1935 1164 1990 sed
1193 1933 1304 2006 (47)
1335 1931 1679 1986 infirmitates
1704 1946 1890 1985 eorum
1918 1946 2014 1998 per
2033 1945 2127 2000 pa-

549 2027 792 2083 tientiam
840 2027 1212 2083 sustentando.
1273 2023 1380 2080 Sed
1428 2039 1494 2078 ne
1530 2022 1658 2077 illud
1700 2021 1918 2090 quidem
1949 2021 2126 2076 otiose

545 2125 932 2184 praetereamus
981 2116 1122 2184 quod
1159 2116 1235 2169 ait
1266 2133 1280 2170 :
1313 2113 1455 2168 Nam
1488 2113 1578 2183 qui
1625 2113 1679 2164 in
1717 2111 1835 2170 hoc,
1876 2110 1979 2164 hoc
2017 2120 2122 2174 est,

545 2203 599 2257 in
627 2202 830 2272 Spiritu
861 2213 1075 2267 sancto,
1111 2207 1270 2259 servit
1297 2203 1528 2264 Christo,
1561 2202 1728 2269 placet
1765 2200 1892 2262 Deo,
1917 2209 1965 2252 et
1999 2217 2122 2268 pro-

546 2294 700 2348 batus
733 2305 807 2348 est
837 2295 1136 2349 hominibus
1167 2294 1308 2363 (i8).
1339 2293 1394 2347 in
1435 2281 1871 2360 Spiritu’sancto
1899 2289 2124 2345 Christo

543 2385 754 2441 servire
796 2385 1092 2440 secundum
1142 2385 1244 2440 hoc
1290 2385 1424 2440 dicit
1473 2386 1617 2454 quod
1659 2393 1712 2438 et
1756 2383 1882 2438 alibi
1923 2383 1998 2435 ait
2033 2382 2121 2436 υτ

548 2477 719 2534 Nemo
762 2477 889 2531 dicit
937 2477 1218 2532 Dominum
1267 2476 1453 2530 Jesum
1489 2477 1623 2547 (49),
1666 2477 1769 2530 nisi
1811 2476 1866 2528 in
1922 2473 2125 2541 Spiritu

544 2580 746 2624 sancto.
779 2567 960 2623 Servit
992 2583 1122 2639 ergo
1159 2568 1378 2621 Christo
1410 2567 1460 2620 in
1499 2564 1706 2634 Spiritu
1741 2565 1858 2634 ipse
1883 2565 2120 2628 Paulus,

546 2655 638 2727 qui
663 2669 886 2728 accepta
921 2659 1099 2727 gratia
1127 2657 1303 2711 sancti
1333 2657 1575 2726 Spiritus
1607 2657 1776 2710 servit
1808 2656 1972 2710 verbo
2007 2655 2122 2718 Dei,

545 2751 717 2806 servit
749 2751 1053 2818 sapicutiaz,
1087 2749 1255 2802 servit
1283 2747 1543 2815 iustitiae.
1593 2756 1647 2802 et
1673 2747 1924 2801 omnibus
1963 2743 2124 2801 simul

546 2841 846 2895 virtutibus
867 2879 881 2903 ,
917 2853 1036 2908 qua:
1063 2837 1323 2893 Christus
1364 2853 1483 2892 esse
1512 2845 1865 2892 memoratur.
1905 2836 1971 2890 Et
2003 2835 2124 2890 ideo

545 2931 762 3000 placens
799 2931 851 2985 in
901 2929 986 2984 his
1035 2930 1237 2983 dicitur
1285 2929 1392 2983 Deo
1438 2927 1531 2997 qui
1570 2927 1758 2997 implet
1791 2927 2123 2981 voluntatem

544 3022 662 3088 Dei,
691 3023 986 3077 secundum
1021 3023 1246 3076 verbum
1285 3023 1430 3090 quod
1465 3021 1581 3090 ipse
1608 3019 2000 3090 pronuntiavit,
2039 3019 2122 3075 di-

2228 1825 2322 1877 sed
2347 1836 2403 1878 et
2425 1841 2545 1894 quae
2575 1826 2697 1882 aliis
2722 1824 3442 1898 expediunt-requirentem;
3474 1844 3531 1888 et
3579 1835 3664 1890 sic
3695 1851 3820 1891 cre-

2228 1914 2332 1968 scit
2358 1915 2645 1970 aedilicium
2679 1917 2800 1972 lidei
2843 1918 2994 1988 (5i),
3046 1935 3110 1976 ac
3150 1923 3399 1991 templum
3442 1925 3540 1980 Dei
3575 1942 3642 1982 es
3684 1929 3824 1996 lapi-

2229 2004 2387 2060 dihus
2422 2007 2559 2061 vivis
2587 2022 2685 2076 per
2715 2012 3177 2067 constructionem
3207 2016 3485 2072 charitatis
3520 2021 3819 2090 assurgit;

2227 2107 2281 2150 et
2309 2097 2428 2150 ideo
2453 2098 2603 2150 addit
2635 2114 2648 2150 :
2678 2095 2858 2152 Nolite
2879 2110 3092 2169 propter
3109 2102 3276 2156 cibum
3305 2105 3502 2160 soluere
3529 2125 3671 2175 Opus
3697 2109 3820 2162 Dei.

2230 2188 2401 2242 Solvit
2432 2190 2575 2243 enim
2615 2204 2748 2259 opus
2769 2191 2882 2252 Dei,
2913 2193 3268 2248 ettedilicium
3301 2195 3535 2252 destruit
3565 2199 3826 2256 charito-

2228 2282 2316 2345 tis,
2349 2282 2437 2350 qui
2460 2290 2680 2351 propter
2703 2281 2944 2338 ciborum
2971 2284 3448 2356 intemperantiam
3478 2295 3816 2349 scandalum

2173 2377 2176 2380 ’
2226 2374 2482 2428 fratribus
2507 2380 2676 2445 ponit.

2296 2467 2348 2520 5.
2391 2469 2584 2520 Omnia
2611 2467 2822 2538 quidem
2855 2471 3057 2524 munda
3077 2481 3222 2536 sunt,
3250 2471 3340 2525 sed
3367 2473 3569 2526 malum
3596 2485 3674 2527 est
3715 2474 3819 2528 Iso-

2223 2559 2357 2611 mini
2389 2561 2476 2627 qui
2514 2575 2608 2629 per
2637 2561 2977 2629 oﬁ'ensionem
3006 2565 3318 2618 manducet.
3351 2563 3557 2619 Bonum
3587 2577 3666 2621 est
3693 2579 3818 2624 nos

2226 2651 2549 2704 manducare
2590 2667 2826 2717 carnem,
2875 2661 2923 2706 et
2959 2669 3064 2708 non
3109 2656 3280 2709 bibere
3321 2658 3524 2720 trinum,
3558 2675 3734 2728 neque
3761 2677 3818 2714 sa

2225 2755 2327 2811 quo
2352 2742 2524 2810 frater
2548 2753 2667 2797 tuus
2699 2744 2989 2814 oﬂenditur
3015 2749 3061 2780 ⁸³
3099 2749 3234 2819 (55).
3281 2749 3434 2815 Quod
3465 2751 3638 2814 dixit,
3678 2751 3821 2805 οπερ

2228 2832 2317 2884 nia
2355 2835 2569 2902 quidem
2615 2837 2836 2902 munda,
2880 2840 2969 2892 sed
3014 2840 3210 2892 malum
3241 2851 3319 2894 est
3357 2839 3557 2894 homini
3597 2844 3690 2911 qui
3728 2858 3820 2907 per

2225 2923 2564 2992 offensionem
2609 2926 2921 2991 manducet,
2943 2927 3122 2984 simile
3159 2937 3243 2984 est
3275 2927 3353 2984 illi
3379 2932 3524 3000 quod
3551 2934 3817 3001 superius

2229 3017 2364 3072 dixit
2394 3017 2458 3082 “,
2492 3018 2618 3088 quia
2646 3019 2777 3071 nihil
2810 3033 3082 3074 commune
3112 3035 3203 3090 per
3224 3024 3478 3090 seipsum,
3513 3024 3617 3076 nisi
3648 3025 3700 3077 ei
3719 3026 3812 3092 qui

545 3127 679 3168 cens
714 3129 728 3168 ;
766 3110 870 3165 Hic
899 3121 972 3165 est
997 3108 1171 3164 Filius
1202 3125 1348 3163 meus
1374 3109 1598 3162 dilectus
1622 3110 1676 3162 in
1701 3124 1804 3179 quo
1834 3110 1958 3163 bene
1984 3108 2197 3165 com-~u
2225 3112 2489 3165 etistimat
2510 3112 2636 3181 quid
2657 3128 2931 3166 commune
2952 3128 3084 3176 esse,
3111 3113 3194 3167 illi
3210 3131 3490 3169 commune
3511 3125 3611 3170 est.
3639 3114 3816 3186 igitur

543 3204 720 3273 placui
754 3203 892 3276 (50),
927 3204 1098 3270 ipsum
1143 3202 1325 3255 audite
1352 3201 1417 3253 θ’.
1453 3200 1553 3266 Qui
1585 3214 1716 3270 ergo
1748 3202 1896 3254 audit
1932 3201 2123 3268 Deum,

543 3307 599 3352 et
640 3297 807 3352 servit
833 3292 1056 3350 Christo
1097 3294 1150 3349 in
1200 3308 1308 3363 quo
1355 3293 1683 3362 complacuit
1731 3291 1906 3361 Deus,
1950 3293 2126 3363 placet

545 3387 679 3454 Deo,
708 3399 760 3444 et
787 3389 1047 3459 probatus
1077 3398 1160 3444 εει
1179 3385 1510 3444 hominibus.

521 3472 524 3476 ί
616 3483 672 3536 Ξ.
704 3477 893 3553 Itaque
913 3495 1032 3552 qua:
1067 3481 1211 3549 pacis
1237 3489 1356 3534 sunt
1386 3487 1666 3542 sectemur,
1686 3485 1734 3532 et
1757 3493 1874 3545 qum
1895 3477 2124 3546 (edi/ica-

547 3573 704 3627 tionis
744 3581 866 3627 sunt
908 3572 963 3625 in
1003 3570 1246 3625 invicem.
1301 3567 1483 3623 Nolite
1533 3578 1746 3637 prepter
1789 3567 1959 3619 cibum
2007 3567 2122 3636 (51)

544 3664 743 3717 soluere
764 3677 892 3732 opus
924 3659 1018 3714 Dei
1047 3659 1113 3715 ³³.
1143 3661 1318 3730 Snpra
1356 3659 1434 3692 "‘
1463 3659 1600 3714 dixit
1637 3676 1650 3712 :
1698 3657 2122 3725 Hospitalitatem

545 3764 840 3818 sectantes;
871 3761 924 3808 et
952 3754 1040 3808 hic
1075 3753 1347 3816 similiter,
1377 3767 1494 3823 qua:
1549 3751 1692 3820 pacis
1749 3759 1892 3814 sunt,
1927 3749 2120 3819 inquit.

545 3858 823 3910 sectemur,
851 3854 900 3900 et
944 3862 1063 3912 qua:
1094 3845 1462 3914 ludificationis
1501 3843 1558 3896 in
1593 3845 1811 3898 invicem
1839 3859 1858 3896 :
1899 3851 1953 3896 et
1985 3842 2123 3895 sicut

523 3935 620 3992 ibi
657 3936 998 3993 ostendimus
1021 3936 1256 4006 qualiter
1281 3939 1537 3992 sectanda
1569 3934 1641 3989 sit
1673 3935 2123 4004 li05pitalltas,'ita

2227 3203 2524 3258 secundum
2563 3213 2811 3258 naturam
2865 3205 2948 3258 sui
2972 3213 3027 3258 et
3053 3207 3316 3260 rationem
3352 3216 3649 3273 creaturas,
3705 3223 3816 3277 qua

2229 3301 2422 3349 cuncta
2457 3309 2577 3362 qua:
2610 3305 2756 3361 sunt,
2793 3309 2821 3349 a
2859 3296 2970 3352 Deo
3003 3297 3144 3352 facta
3180 3307 3328 3362 sunt,
3376 3301 3561 3353 omnia
3611 3302 3817 3355 ntunda

2229 3394 2356 3438 sunt
2389 3385 2536 3454 (56);
2569 3394 2624 3439 et
2653 3386 3018 3452 immundum,
3052 3385 3136 3440 vel
3170 3386 3312 3456 quod
3339 3402 3634 3445 commune
3676 3390 3817 3445 dici-

2234 3481 2342 3537 tur,
2393 3472 2527 3526 nihil
2567 3482 2672 3528 est.
2710 3475 2856 3529 Duas
2899 3483 3080 3530 tamen
3109 3491 3305 3533 causas
3335 3482 3547 3547 posuit,
3601 3481 3811 3547 quibus

2230 3565 2310 3617 vel
2346 3579 2466 3634 qua:
2489 3567 2685 3620 munda
2722 3576 2874 3634 sunt,
2907 3567 3182 3623 immunda
3213 3569 3367 3636 ﬁant,
3407 3569 3492 3624 vel
3518 3585 3644 3638 quae
3667 3571 3816 3625 bona

2228 3667 2374 3722 sunt,
2421 3657 2583 3712 mala.
2631 3659 2722 3713 Ait
2762 3661 2906 3715 enim
2952 3661 3004 3714 in
3055 3663 3308 3730 praesenti
3361 3664 3583 3732 quidem
3643 3663 3813 3720 loco:

2229 3747 2332 3803 Sed
2362 3751 2555 3802 malum
2569 3762 2642 3804 est
2669 3755 2868 3806 homini
2887 3756 2979 3824 qui
3000 3771 3090 3822 per
3113 3756 3456 3823 olfensionem
3488 3756 3807 3813 mandarat.

2230 3841 2381 3906 Quod
2414 3851 2543 3913 ergo
2577 3844 2663 3898 sui
2697 3855 2888 3899 natura
2911 3847 3114 3900 bonum
3146 3856 3251 3909 est,
3279 3862 3344 3900 ex
3369 3845 3674 3902 oﬂensione
3695 3846 3810 3900 elli-

2231 3937 2372 3988 eitur
2399 3935 2622 4002 malum,
2677 3937 2726 3991 id
2754 3949 2839 3993 est
2874 3939 2928 3992 in
2955 3954 3021 3994 eo
3046 3940 3194 3995 auod
3221 3939 3520 3994 offenditur
3554 3941 3729 3994 frater
3759 3952 3814 3994 te

617 4097 666 4130 "
710 4097 866 4150 Rom.
907 4111 1023 4162 xlv,
1076 4097 1162 4152 18.
1241 4097 1284 4128 ’⁸
1323 4093 1342 4148 i
1385 4094 1531 4166 Cor._
1571 4109 1632 4158 ι,
1675 4095 1765 4153 35.
1844 4094 1930 4148 ³⁸1
1963 4093 2121 4166 Cor.

2227 4094 2288 4156 L0.
2312 4093 2402 4150 ⁸21.
2479 4095 2520 4129 ³¹
2547 4095 2564 4150 l
2589 4095 2712 4150 Cor.
2751 4112 2848 4158 xit.
2874 4099 2928 4152 3.
3004 4097 3049 4129 ³³
3078 4088 3270 4152 Matth.
3295 4115 3379 4160 Ill,
3409 4099 3517 4166 17;
3561 4099 3692 4154 Luc.
3729 4117 3807 4166 ιι,

543 4168 638 4225 35.
712 4167 758 4200 ³³
781 4167 938 4223 Rom.
973 4182 1082 4232 xiv,
1113 4167 1202 4232 19,
1237 4166 1326 4220 20.
1402 4164 1479 4196 ⁸⁵⁸
1505 4164 1663 4221 Rom.
1690 4182 1787 4232 xu,
1815 4166 1903 4220 15.
1976 4165 2021 4196 ³⁸
2057 4163 2121 4218 Pa

2235 4180 2430 4230 xxxiii,
2457 4167 2544 4221 15.
2622 4167 2665 4198 ³⁸
2696 4168 2848 4221 Rom.
2883 4183 2995 4235 xiv,
3025 4169 3115 4235 20,
3147 4169 3237 4223 ‘21.
3316 4173 3360 4202 ³⁸⁵
3387 4163 3520 4224 ibid.
3557 4173 3643 4224 tt.

623 4329 733 4397 (45)
768 4325 1532 4410 @iitignqbiscumtransfert?
1560 4329 1745 4408 possit,
1771 4339 1878 4386 etc.
1914 4327 2122 4385 Deinde
2153 4353 2198 4410 ι)
2231 4400 2242 4410 ⁸
2299 4329 2413 4410 (iii)
2452 4329 2592 4383 Ε.ᾱίιί
2623 4337 2683 4410 e_t_
2711 4327 3080 4410 Rabanit'stet
3102 4347 3220 4398 qua:
3255 4329 3637 4410 mdiﬁrationis
3681 4342 3805 4410 sunt

547 4396 889 4462 iitlein'edili,
921 4396 1177 4452 Rabanus
1208 4408 1262 4451 et
1299 4411 1429 4451 mss.
1468 4398 1733 4466 plerique,
1768 4416 2113 4467 pacemergo,

525 4469 598 4525 'et
625 4469 910 4538 justitiam,
941 4479 1048 4524 etc.
1069 4468 1175 4523 Sed
1200 4470 1406 4523 rectius
1435 4483 1535 4523 ius.
1572 4468 1774 4538 Regius
1802 4486 1954 4524 mnu.
1985 4469 2116 4525 1659

445 4542 448 4544 ⁷
547 4541 688 4594 utin
725 4548 894 4591 textu.

620 4609 734 4678 (46)
765 4609 858 4662 Sic
889 4608 1022 4664 editi
1045 4620 1102 4664 et
1134 4624 1237 4662 ms.
1273 4607 1478 4677 Regius
1509 4623 1660 4664 num.
1707 4609 1844 4663 1659
1865 4648 1879 4673 ,
1917 4609 1968 4663 in
2005 4609 2116 4664 siu-

547 4681 722 4748 gulari
759 4694 1004 4750 numero.
1038 4679 1163 4732 Mss.
1194 4695 1320 4734 vero
1352 4679 1615 4748 plerique,
1657 4681 1782 4746 quia
1812 4681 1897 4750 qui
1928 4681 1981 4733 in
2022 4680 2118 4734 hoc

547 4752 870 4804 serriunt....
901 4749 1202 4818 plarent....
1232 4750 1436 4814 probati
1457 4759 1600 4807 sunt.
1630 4760 1736 4804 etc.

618 4819 736 4889 (47)
782 4820 872 4872 Sic
911 4836 1012 4872 nis.
1059 4819 1259 4887 Regius
1319 4834 1468 4872 num.
1523 4819 1681 4874 1659.
1733 4819 1930 4874 Cazteri
1989 4835 2118 4876 vero

549 4906 707 4950 mss..
754 4889 1014 4943 Rahanus
1057 4899 1112 4943 et
1148 4889 1303 4954 editi,
1357 4890 1560 4957 placere
1607 4901 1779 4943 autem
1817 4891 2117 4944 hominibus

548 4961 803 5020 ita‘dicit,
835 4975 938 5012 non
985 4957 1293 5012 obsectando
1342 4960 1469 5012 uitia
1513 4959 1635 5027 (aL,
1667 4975 1771 5013 non
1800 4963 2118 5014 obsectanda

549 5029 717 5094 vitia;
752 5029 852 5100 al.,
888 5030 1336 5100 nonuoblectaudo
1367 5029 1532 5100 vitiis)
1559 5031 1670 5090 sed,
1703 5041 1806 5100 etc.

623 5100 738 5170 (48)
769 5098 936 5162 bditi,
965 5098 1108 5170 Nam
1138 5100 1226 5166 qui
1265 5100 1318 5150 in
1353 5101 1449 5151 hoc
1477 5098 1572 5162 est,
1607 5102 1661 5152 in
1687 5099 1894 5168 Spiritu
1931 5111 2116 5155 sancto

548 5168 734 5230 seruit,
760 5171 924 5236 placet
954 5168 1082 5231 Deo,
1124 5170 1376 5239 probatus
1409 5171 1730 5222 hominibus.

627 5241 739 5311 (49)
773 5239 868 5292 Ms.
906 5239 1106 5311 Regius
1139 5257 1289 5293 nutu.
1333 5239 1488 5302 1659,
1527 5241 1665 5311 quod
1699 5249 1747 5292 et
1769 5239 1896 5292 alibi
1937 5241 2069 5296 dixit
2099 5258 2117 5295 :

552 5308 723 5364 Nemo
753 5311 903 5374 dicit,
933 5310 1185 5362 Dominus
1215 5311 1394 5373 Jesus,
1427 5320 1534 5364 etc.
1579 5310 1780 5363 Deinde
1818 5313 1968 5377 editi,
2007 5328 2118 5365 ser-

551 5382 619 5433 vit
645 5393 820 5450 autem
849 5379 1061 5450 Christo
1087 5381 1140 5433 in
1170 5379 1370 5447 Spiritu
1400 5381 1525 5450 ipse
1549 5378 1773 5440 Paulus.
1808 5383 1959 5450 quia,
2005 5392 2113 5435 etc.

625 5449 734 5520 (50)
783 5449 859 5503 Ita
901 5465 1002 5503 ms.
1032 5448 1232 5519 Regius
1281 5467 1430 5503 num.
1469 5448 1627 5505 1659.
1669 5448 1923 5506 Rabanus
1971 5453 2120 5507 addit

552 5521 705 5580 niitii,
733 5521 874 5591 sicut
919 5529 971 5573 et
1018 5523 1170 5574 editi.
1211 5523 1404 5576 Caneri
1452 5537 1581 5575 vero
1624 5539 1750 5576 niss.
1805 5523 2025 5591 habent,
2065 5523 2119 5576 in

549 5604 655 5656 quo
693 5589 817 5662 milii
861 5592 991 5662 bene
1032 5593 1368 5662 complacuit,
1417 5606 1514 5645 nec
1557 5594 1717 5645 male.
1757 5591 1958 5647 Deinde
1999 5589 2118 5662 ergo

551 5664 709 5710 deest
765 5659 818 5712 in
867 5661 1048 5714 editis.
1106 5661 1236 5716 Mss.
1283 5662 1506 5730 quidam
1549 5662 1752 5718 habent
1801 5675 1974 5720 autent
2019 5659 2119 5735 pro

550 5743 694 5798 ergo.

2225 4400 2440 4453 invicem
2475 4401 2855 4453 custodiamus.
2897 4399 3028 4452 Noli
3059 4410 3264 4468 propter
3299 4403 3498 4460 cibum,
3543 4413 3652 4452 rte.
3693 4403 3802 4454 Sed

2224 4484 2412 4522 omnes
2442 4485 2570 4524 mss.
2620 4480 2678 4523 ut
2727 4471 2779 4523 in
2815 4481 2998 4524 nostro
3041 4478 3212 4534 textu,
3252 4471 3354 4524 nisi
3387 4473 3530 4537 quod
3558 4471 3806 4540 plerique

2229 4543 2497 4594 retineant
2537 4540 2918 4602 custodiamus,
2955 4556 3118 4608 quam
3161 4556 3350 4594 vocem
3407 4552 3553 4593 recte
3598 4544 3806 4595 ninittit

2227 4627 2330 4664 nis.
2390 4609 2588 4679 Regius
2645 4626 2793 4664 nutu.
2844 4610 2999 4671 1659,
3056 4619 3240 4678 utpote
3283 4625 3402 4678 quia
3449 4610 3613 4679 paulo
3665 4613 3802 4664 intra

2225 4682 2514 4733 uiiiittatur
2559 4681 2610 4732 in
2654 4679 2910 4734 omnibus
2960 4696 3093 4734 mss.
3141 4689 3198 4734 et
3239 4680 3430 4742 editis,
3485 4697 3700 4735 necnon
3752 4691 3805 4736 et

2225 4751 2366 4819 apud
2395 4747 2708 4819 (Rnlianum.

2297 4818 2409 4890 (52)
2443 4816 2620 4888 Inquit
2646 4829 2700 4874 et
2729 4827 2804 4872 est
2831 4828 2950 4888 post
2982 4819 3215 4884 turbata,
3243 4823 3440 4890 desunt
3459 4819 3513 4872 in
3534 4823 3802 4888 plerisque

2225 4905 2360 4944 mss.
2392 4889 2439 4944 et
2474 4891 2524 4941 in
2553 4891 2743 4955 editis,
2791 4904 2996 4958 necnon
3046 4898 3103 4942 et
3155 4893 3296 4958 apud
3348 4889 3658 4952 Rabanuin,
3709 4889 3800 4944 sed

2229 4961 2593 5013 restituuntur
2622 4974 2816 5029 exitus.
2853 4957 3025 5029 Regio
3061 4957 3209 5011 num.
3249 4959 3402 5011 1659.

2298 5029 2410 5098 (55)
2457 5030 2620 5092 Editi,
2667 5028 2772 5082 Hic
2823 5028 2959 5082 enini
3001 5046 3105 5082 non
3159 5030 3329 5082 solum
3369 5044 3578 5096 pacem,
3629 5046 3798 5083 rerum

2227 5099 2652 5168 wdiﬁcationem.
2664 5137 2700 5155 ..
2712 5141 2725 5153 .
2741 5112 2926 5152 servat.

2297 5167 2408 5239 (54)
2446 5171 2610 5231 Editi,
2643 5170 2928 5238 (edi/icium
2968 5167 3080 5221 Dei.
3121 5169 3321 5223 Deinde
3369 5169 3533 5221 iidem
3570 5169 3701 5221 editi
3737 5181 3798 5222 se

2230 5258 2359 5294 mss.
2391 5241 2634 5306 quidam,
2663 5253 2711 5293 et
2750 5257 2841 5305 per
2868 5241 3330 5303 constructionem,
3362 5248 3466 5292 etc.
3504 5240 3612 5292 Sed
3655 5251 3797 5292 recte

2229 5327 2332 5364 nis.
2367 5309 2566 5378 Regius
2598 5327 2746 5367 nutu.
2791 5308 2926 5364 1639
2963 5320 3017 5362 et
3047 5312 3302 5362 Rabanus
3329 5312 3590 5362 omittunt
3619 5322 3688 5361 et.

2297 5381 2409 5451 (55)
2441 5380 2602 5444 Editi,
2659 5380 3124 5450 oﬁ'eudiculum....
3152 5381 3322 5450 frater
3354 5393 3474 5432 tuus
3523 5380 3790 5432 scandaliv

2228 5463 2400 5505 κυεην.
2435 5453 2537 5503 Sed
2572 5466 2759 5506 omnes
2789 5467 2919 5506 mss.
2966 5459 3016 5503 et
3051 5453 3306 5506 [tabanus
3343 5451 3428 5505 hic
3467 5452 3708 5505 et'inlra
3740 5457 3795 5502 ut

2225 5523 2280 5576 in
2318 5533 2503 5573 nostro
2533 5531 2702 5575 textu.

2299 5589 2410 5660 (56)
2454 5591 2616 5654 Editi,
2641 5601 2687 5644 et
2712 5592 2964 5646 rationem
2990 5599 3250 5644 creatura?
3275 5599 3462 5642 cuncta
3483 5607 3603 5660 qua?
3633 5608 3664 5642 α
3691 5588 3794 5642 Dee

2226 5661 2372 5732 facta
2417 5671 2564 5732 sunt,
2605 5664 2782 5716 omnia
2812 5663 3011 5717 munda
3059 5672 3205 5729 sunt,
3237 5662 3512 5730 Rabanus,
3550 5663 3793 5716 omnia-tt

2228 5729 2336 5788 Deo
2369 5729 2565 5786 munda
2591 5741 2736 5793 sunt.
