4048 6202
367 262 506 319 1253

1317 263 1671 320 COMMENT.
1708 264 1772 318 ΙΝ
1817 265 2032 320 EPIS‘l‘.
2067 265 2158 320 AD
2189 265 2356 325 ROM.
2392 267 2519 322 LIB.
2565 269 2630 324 Χ.

3475 282 3613 338 125‘

361 393 548 440 utente
575 383 659 438 his
689 381 829 438 cibis
864 381 976 452 (57)
1004 381 1056 435 in
1090 382 1287 450 quibus
1310 384 1399 439 ille
1430 387 1750 440 scandalum
1784 387 1928 454 patio
1966 389 2008 445 Δ
2041 387 2331 455 quentibus
2362 388 2558 458 posuit,
2589 387 2644 440 iu
2667 403 2770 456 quo
2800 388 2965 456 frater
2991 389 3298 458 o/fenditur,
3327 408 3434 448 non
3459 410 3617 451 man.

360 486 466 532 tur.
493 476 612 531 Alia
641 490 771 531 vero
804 491 968 530 causa
995 484 1079 530 est
1103 490 1210 544 qua
1245 492 1538 534 commune
1569 479 1654 534 vel
1686 480 1926 535 immun-

357 568 481 624 dum
519 565 756 622 edicitur
789 567 936 636 quod
972 577 1164 621 natura
1201 569 1286 623 sui
1316 568 1652 625 immundum
1683 585 1788 625 non
1820 579 1930 636 est,

355 660 402 715 si
426 659 701 714 existimet
723 660 878 728 quis,
912 669 966 714 et
1005 661 1144 728 apud
1182 675 1240 714 se
1271 661 1344 715 ita
1373 661 1571 716 habeat
1598 663 1740 732 quod
1775 679 1928 718 com-

356 767 522 806 mune
555 751 646 806 sit.
693 749 774 803 llli
820 764 948 819 ergo
993 750 1094 820 ipsi
1142 753 1516 807 tantummodo
1562 755 1652 824 qui
1707 755 1808 808 hoc
1853 754 1940 808 ita

355 843 658 905 existimat,
697 857 988 897 commune
1033 841 1262 897 efﬁcitur
1312 843 1394 896 vel
1443 845 1804 898 immundum.
1848 847 1924 900 Ex

350 935 550 1005 quibus
568 933 848 988 evidenter
872 931 982 1004 (58)
1005 933 1295 1000 Apostolus
1323 935 1518 989 edocet
1540 951 1644 991 non
1667 938 1720 990 in
1765 941 1926 994 rebus

348 1025 430 1081 Vel
461 1025 513 1078 in
550 1023 873 1080 substantiis
894 1066 908 1087 ,
939 1025 1032 1079 sed
1066 1019 1118 1078 in
1157 1026 1372 1080 actibus
1401 1035 1458 1081 et
1502 1029 1926 1096 cogitationibus

348 1114 529 1168 minus
547 1113 712 1169 rectis
736 1111 1134 1168 immunditiam
1161 1114 1624 1186 pollutionemqne
1649 1121 1922 1176 consiste-

346 1218 440 1268 re;
463 1203 710 1272 quamvis
729 1200 895 1272 Moysi
911 1200 996 1253 lex
1013 1201 1057 1232 ³⁷
1077 1204 1321 1271 quaedam
1351 1207 1570 1270 munda,
1591 1217 1645 1261 et
1669 1210 1919 1275 quaedam

345 1295 623 1350 immunda
653 1293 952 1363 signavcrit
985 1313 998 1347 :
1025 1295 1076 1348 in
1111 1293 1307 1362 quibus
1340 1297 1730 1357 distinctiones
1757 1317 1924 1370 quas-

343 1387 468 1441 dam
501 1401 702 1455 ponere
739 1386 927 1449 voluit,
955 1395 1012 1439 ut
1042 1386 1276 1456 populus
1305 1390 1397 1456 qui
1422 1391 1524 1446 sub
1578 1391 1693 1462 lege
1729 1407 1921 1450 cense-

343 1480 524 1544 batur,
547 1478 781 1534 discerni
797 1492 893 1546 per
913 1476 1218 1544 hujusmodi
1239 1479 1622 1537 observantias
1647 1499 1675 1537 a
1705 1486 1920 1540 caeteris

343 1572 594 1642 gentibus
609 1571 908 1625 videretur.
943 1573 1006 1627 Et
1029 1575 1270 1642 quandiu
1300 1573 1520 1645 quidem
1564 1566 1794 1646 populus
1825 1576 1917 1632 ille

342 1672 566 1716 sanctus
578 1672 630 1717 et
648 1673 980 1732 segregatus
999 1678 1026 1718 a
1041 1666 1255 1721 caeteris
1269 1667 1582 1722 nationibus
1597 1667 1915 1731 habebatur,

340 1753 502 1806 etiam
521 1753 782 1806 discretio
797 1755 861 1808 de
881 1755 1098 1810 mundis
1115 1766 1169 1811 et
1189 1757 1484 1814 immundis
1509 1763 1818 1816 necessaria
1843 1763 1917 1816 vi-

338 1843 590 1906 debatur,
618 1844 783 1914 669
805 1859 923 1912 qua
945 1857 1257 1916 segregaret
1278 1859 1332 1902 et
1361 1861 1671 1906 secerneret
1705 1852 1915 1921 specia-

339 1935 444 1990 lem
501 1938 757 2006 pupulum
824 1937 919 1993 Dei
972 1955 1001 1993 a
1054 1939 1362 1994 nationibus
1415 1957 1552 2012 quas
1608 1943 1911 2014 ignorantia

337 2022 429 2078 Dei
462 2032 515 2077 et
543 2024 809 2080 idolorum
840 2027 1018 2082 cultus
1049 2027 1279 2082 faciebat
1305 2029 1608 2086 immundas
1634 2049 1647 2085 :
1675 2035 1763 2088 ubi
1783 2049 1912 2088 vero

329 2112 494 2182 janna
533 2115 654 2170 fidei
701 2117 952 2183 gentibus
988 2119 1252 2188 aperitur,
1284 2129 1337 2172 et
1370 2121 1671 2176 invitantur
1717 2137 1910 2178 omnes

332 2203 399 2260 ad
436 2206 624 2273 Deum,
675 2211 1036 2266 ostenduntur
1071 2212 1230 2267 Petro
1281 2214 1460 2267 omnia
1514 2215 1904 2281 quadrnpedia,

330 2306 388 2352 et
414 2299 680 2368 repentis,
715 2308 769 2355 et
799 2300 1036 2357 volatilia
1066 2303 1309 2372 exposita
1342 2304 1394 2358 in
1427 2304 1594 2357 linteo
1622 2307 1766 2372 quod
1798 2321 1908 2362 cm-

329 2384 460 2441 litus
503 2385 680 2442 fuerat
711 2389 1019 2454 deductum,
1044 2399 1099 2444 et
1127 2391 1325 2446 dicitur
1357 2393 1408 2446 ei
1441 2407 1454 2442 ε
1494 2391 1684 2460 Surge,
1723 2391 1902 2460 Petre,

328 2478 508 2532 occide
555 2489 603 2532 et
651 2475 911 2535 manducd
943 2481 1010 2538 ³⁸.
1059 2481 1301 2549 Cumque
1330 2483 1518 2554 legalis
1544 2483 1906 2541 observantia:

331 2585 540 2626 memor
565 2571 937 2642 reSpondisset
971 2575 1036 2628 ad
1070 2575 1354 2629 Dominum
1387 2586 1442 2630 et
1468 2576 1696 2631 dixisset
1725 2593 1738 2630 :
1795 2576 1904 2631 Ab-

327 2662 416 2725 sit,
454 2660 696 2730 Domine,
718 2667 842 2732 quia
866 2681 1132 2735 nunquam
1157 2683 1429 2720 commune
1454 2678 1543 2720 aut
1575 2668 1903 2722 immundum

327 2751 560 2819 introivit
585 2755 641 2808 in
690 2771 748 2808 os
789 2771 988 2821 meum,
1041 2758 1252 2813 caelesti
1286 2758 1550 2812 sententia
1581 2759 1901 2827 pronuntia-

327 2853 417 2898 tur
449 2860 462 2896 :
498 2845 648 2910 Quod
675 2846 816 2902 Deus
849 2849 1145 2915 munduvit,
1178 2861 1234 2902 tu
1264 2865 1538 2904 commune
1575 2866 1638 2903 ne
1679 2851 1899 2905 dixeris.

328 2927 430 2988 Ubi
463 2949 591 3006 ergo
614 2950 800 2992 omnes
834 2951 1022 3008 gentes
1054 2955 1149 3009 per
1181 2941 1507 3011 agnitionem
1549 2942 1668 2994 ﬁdei
1705 2955 1733 2993 a
1764 2955 1894 2996 con-

328 3022 685 3079 taminatione
728 3027 1082 3092 mundantur,
1121 3029 1190 3082 ibi
1221 3038 1274 3082 et
1301 3030 1482 3083 omnis
1531 3029 1684 3084 cibus
1733 3033 1900 3086 verbo
1927 3057 1970 3114 α

326 3109 540 3168 Domini
574 3121 630 3168 et
657 3117 901 3172 oratione
930 3129 1194 3188 purgatur
1224 3137 1237 3172 ε
1273 3130 1327 3174 et
1359 3121 1428 3174 ob
1475 3121 1577 3174 hoc
1609 3121 1900 3189 Apostolus

322 3204 458 3259 dicit
490 3205 619 3273 quia
661 3207 835 3258 omnia
871 3210 1066 3260 munda
1095 3219 1240 3275 sunt,
1274 3219 1482 3264 tantum
1514 3220 1568 3266 ut
1598 3212 1726 3266 illud
1767 3213 1900 3267 vite.

320 3299 416 3348 tur
451 3295 597 3364 quod
635 3295 690 3348 in
717 3297 1066 3364 sequentibus
1103 3299 1275 3366 ponit,
1322 3317 1387 3354 ne
1423 3317 1518 3370 per
1543 3303 1897 3358 olfensionem

321 3381 510 3439 fratris
532 3384 875 3440 manducanti
905 3402 1118 3441 rursum
1143 3392 1270 3443 liant
1297 3391 1569 3446 immunda
1596 3409 1714 3462 qua:
1743 3411 1898 3448 mun-

270 3530 280 3540 ,
320 3474 387 3530 da
418 3484 564 3530 sunt.
595 3473 716 3531 lam
766 3493 894 3534 vero
937 3479 1077 3548 quod
1119 3481 1413 3552 subiungit,
1445 3482 1650 3536 Bonum
1683 3495 1758 3538 est
1793 3501 1898 3538 non

320 3566 646 3622 manducare
689 3585 920 3634 carnem,
953 3580 1001 3624 et
1041 3588 1144 3626 non
1173 3571 1344 3626 bibere
1367 3575 1566 3639 viuum,
1603 3576 1705 3629 nisi
1741 3577 1895 3630 addi-

321 3660 514 3725 disset,
549 3675 713 3730 neque
738 3662 792 3716 in
821 3679 920 3732 quo
955 3663 1124 3732 frater
1153 3673 1270 3718 tuus
1314 3665 1624 3734 oﬂ'enditur,
1675 3678 1896 3724 contra-

320 3751 460 3831 rium
493 3751 740 3808 fortassis
783 3756 1055 3824 prioribus
1080 3756 1372 3812 videretur.
1402 3757 1732 3814 Mandneare
1751 3760 1892 3814 enim

321 3857 545 3897 carnem
595 3851 650 3899 et
698 3859 804 3899 non
838 3847 1186 3912 manducare,
1241 3847 1321 3901 vel
1355 3847 1543 3902 bibere
1575 3848 1760 3902 vinum
1799 3856 1897 3903 aut

319 3948 429 3988 non
471 3934 679 4002 bibere,
708 3951 884 4006 neque
909 3936 1130 4002 malum,
1170 3952 1344 4008 neque
1373 3939 1596 4004 bonum,
1645 3941 1738 3993 sed
1783 3955 1896 3992 me-

315 4023 465 4079 dium
493 4025 683 4081 haberi
710 4028 895 4082 docuit
933 4037 988 4084 et
1028 4028 1360 4083 indiﬁ‘erens.
1386 4025 1572 4082 Potest
1608 4029 1752 4083 enim
1783 4044 1890 4083 non

321 4115 650 4173 manducare
687 4133 906 4173 carnem
929 4128 984 4174 et
1013 4133 1118 4174 non
1147 4119 1335 4174 bibere
1362 4121 1547 4174 vinum
1578 4119 1744 4173 etiam
1771 4135 1881 4172 ma.

315 4211 400 4265 lus
430 4210 592 4266 homo
618 4219 674 4266 et
707 4226 738 4265 a
767 4211 871 4268 ﬁde
904 4209 1135 4278 alienus,
1163 4220 1223 4266 ut
1248 4225 1390 4282 saepe
1416 4213 1579 4266 etiam
1606 4209 1890 4265 nonnullos

317 4301 584 4358 idolorum
625 4317 792 4359 causa
847 4303 1027 4359 facere
1080 4304 1182 4360 hoc
1219 4313 1426 4360 certum
1475 4314 1578 4360 est.
1617 4304 1886 4358 Interdum

2035 477 2238 532 ducare
2259 491 2480 532 carnem
2514 487 2570 534 et
2604 490 2710 530 non
2743 476 2932 530 bibere
2961 479 3169 544 vinum,
3201 496 3306 535 non
3348 480 3462 550 jam
3501 500 3617 540 me-

2033 569 2179 623 dium
2215 578 2308 622 aut
2345 567 2684 632 indifferens,
2721 569 2818 622 sed
2849 583 2975 623 vere
3005 571 3204 625 bonum
3253 582 3354 627 est.
3406 575 3613 631 Bonum

2032 667 2118 712 est
2153 657 2263 729 (60)
2311 659 2454 712 enim
2494 673 2601 712 non
2655 673 2858 726 ponere
2905 657 3256 715 oll‘ensionem
3318 663 3471 719 fratri
3527 667 3613 722 vel

2031 749 2370 829 scandalum.
2397 747 2630 818 Propter
2664 751 2766 804 hoc
2791 751 2934 804 enim
2965 761 3018 804 et
3049 753 3101 806 in
3143 754 3265 808 aliis
3295 756 3455 810 dicit:
3489 757 3614 813 Sine

2030 843 2322 910 oﬂ'ensione
2359 852 2522 896 estote
2565 852 2614 897 et
2651 842 2858 896 Juda'is
2900 852 2950 896 et
2997 843 3222 910 Gratcis,
3265 858 3312 900 et
3361 848 3614 905 Ecclesia;

2031 932 2126 986 Dei
2155 933 2220 987 ³³.
2261 933 2328 988 Et
2353 933 2474 988 ideo
2502 934 2726 990 videant
2755 931 2798 986 si
2830 943 2980 988 recte
3013 935 3218 990 faciunt
3256 937 3308 993 hi
3357 940 3445 1007 qui
3480 957 3612 1008 qua-

2029 1020 2162 1076 libet
2199 1037 2263 1076 ex
2309 1038 2474 1078 causa
2504 1027 2853 1080 continentes
2885 1038 2914 1076 a
2949 1025 3204 1079 carnibus
3243 1036 3298 1081 et
3331 1029 3480 1094 vino,
3519 1044 3610 1084 co-

2026 1123 2159 1183 gunt
2180 1114 2510 1170 omnimodis
2534 1115 2847 1185 degustare,
2875 1131 2982 1184 quo
3009 1116 3224 1171 scilicet
3244 1133 3341 1185 per
3371 1119 3474 1173 hoc
3494 1120 3610 1188 (6i)

2026 1205 2094 1258 ab
2124 1206 2205 1259 eis
2239 1207 2487 1260 videatur
2513 1205 2714 1260 auferri
2759 1207 3024 1276 suspicio,
3075 1223 3178 1277 qua
3229 1210 3610 1277 superstitioso

2025 1304 2287 1364 putantur
2324 1296 2569 1352 ciborum
2616 1299 3040 1354 discretionibus
3086 1303 3372 1355 inhmrere.
3414 1301 3610 1356 Consi-

2024 1387 2218 1441 derent
2246 1403 2477 1458 namque
2502 1391 2820 1457 Apostolqu
2867 1407 2970 1444 non
3005 1392 3208 1446 dixisse
3242 1410 3255 1445 :
3287 1391 3494 1446 Bonum
3529 1403 3608 1447 est

2023 1477 2358 1532 manducare
2404 1487 2459 1532 et
2495 1479 2684 1534 bibere
2711 1481 2936 1546 vinum;
2987 1483 3104 1546 sed,
3135 1498 3237 1535 non
3279 1484 3606 1538 manducare

2021 1585 2253 1635 carnem,
2285 1578 2334 1622 et
2373 1587 2478 1624 non
2501 1571 2675 1625 bibere
2708 1573 2906 1636 riuum,
2940 1574 2983 1628 si
3021 1573 3075 1627 in
3106 1588 3172 1626 eo
3208 1573 3376 1628 frater
3425 1574 3602 1630 oﬁ‘en-

2023 1660 2186 1716 ditur.
2221 1661 2403 1714 Noluit
2435 1677 2567 1731 ergo
2601 1671 2659 1714 ut
2689 1679 2784 1731 pro
2816 1665 2900 1716 his
2928 1664 3020 1732 qui
3055 1665 3602 1732 manducandumju-

1952 1724 1991 1782 Β
2021 1751 2225 1812 dicant,
2257 1763 2486 1821 cogatur
2521 1752 2608 1805 ille
2637 1755 2704 1805 ad
2753 1752 3188 1814 manducandum
3240 1756 3333 1823 qui
3389 1757 3442 1810 in
3495 1758 3602 1812 hoc

2016 1842 2347 1907 offenditur;
2379 1844 2476 1898 sed
2505 1859 2604 1912 pro
2638 1843 2729 1898 illo
2760 1846 2850 1912 qui
2905 1861 3009 1900 non
3047 1854 3202 1913 putat
3235 1849 3596 1901 .mandncan-

2016 1933 2165 1995 dum,
2189 1933 2465 1986 abstinere
2497 1934 2740 2002 praecipit
2764 1935 2925 1988 etiam
2953 1936 3037 1990 his
3057 1936 3145 2005 qui
3171 1934 3418 2003 judicant
3445 1952 3600 1990 man-

2013 2021 2339 2076 ducandum.
2370 2016 2676 2074 Verendum
2715 2035 2948 2090 namque
2967 2034 3052 2076 est
3085 2039 3150 2076 ne
3186 2022 3325 2076 forte
3358 2025 3594 2093 abrupto

2012 2114 2176 2166 semel
2210 2125 2364 2163 muro
2389 2110 2756 2175 continentiaz,
2787 2120 2840 2166 et
2871 2123 3098 2183 accepta
3131 2114 3374 2179 licentia,
3406 2116 3456 2169 in
3491 2131 3594 2186 gu-

2012 2201 2077 2255 lae
2107 2199 2396 2269 procellam
2431 2214 2497 2253 ac
2537 2202 2862 2269 profundum
2919 2203 3146 2258 luxnria:
3191 2206 3498 2268 decidatur,
3537 2214 3596 2260 et

2011 2291 2216 2359 pariter
2267 2290 2671 2360 subsequantur
2711 2291 2992 2363 naufragia
3047 2295 3336 2348 castitatis.
3393 2293 3589 2351 Omnia

2011 2383 2173 2452 igitur
2207 2383 2326 2438 ﬁeri
2361 2393 2575 2452 oportet
2611 2384 2680 2438 ob
2710 2383 2813 2438 hoc
2837 2399 2903 2437 ne
2935 2385 3251 2438 destruatur
3281 2400 3416 2455 opus
3446 2385 3542 2441 Dei
3575 2408 3589 2442 :

2007 2483 2057 2526 et
2083 2473 2202 2527 ideo
2230 2483 2284 2526 et
2325 2473 2763 2529 manducandum
2803 2473 2916 2543 (62)
2947 2482 3052 2538 est,
3099 2474 3144 2526 si
3191 2473 3243 2527 in
3279 2473 3382 2528 hoc
3421 2476 3591 2530 frater

2006 2563 2337 2626 aediﬁcatur;
2375 2573 2436 2634 et.
2477 2578 2582 2618 non
2629 2572 2714 2618 est
2745 2563 3204 2629 manducandum,
3252 2564 3297 2618 si
3342 2579 3438 2632 per
3488 2567 3590 2622 hoc

2007 2667 2113 2707 non
2142 2657 2340 2707 crescit
2374 2669 2510 2723 opus
2545 2655 2635 2709 Dei
2667 2672 2683 2722 ;
2719 2663 2775 2710 et
2805 2653 3092 2708 bibendum
3125 2664 3227 2719 est,
3275 2655 3322 2710 si
3356 2671 3453 2726 per
3483 2657 3588 2712 hoc

2005 2745 2223 2814 prolicit
2268 2747 2438 2801 frater
2497 2749 2565 2804 ad
2620 2748 2821 2813 ﬁdem;
2871 2757 2925 2803 et
2971 2765 3078 2804 non
3131 2760 3217 2804 est
3273 2751 3583 2816 bibendum,

2005 2837 2050 2891 si
2077 2851 2172 2904 per
2205 2837 2306 2891 hoc
2341 2837 2510 2893 frater
2533 2840 2786 2894 damnum
2811 2839 2961 2906 ﬁdei,
2989 2851 3083 2896 aut
3117 2851 3171 2896 tu
3195 2843 3584 2899 detrimentum

2003 2929 2294 2984 charitatis
2315 2930 2586 2987 incurras.

2071 3019 2128 3074 4.
2159 3018 2286 3074 Post
2321 3021 2432 3075 haec
2457 3023 2629 3078 dicit:
2669 3023 2744 3077 Tn
2775 3025 2932 3092 ﬁdem
2957 3042 3115 3094 quam
3146 3026 3304 3079 habes
3341 3026 3482 3096 apud
3509 3035 3587 3082 tc-

2004 3111 2301 3180 metipsum,
2337 3113 2468 3168 habe
2495 3131 2670 3168 coram
2704 3115 2812 3170 Deo
2833 3118 2898 3169 '°.
2936 3116 3122 3172 Fidem
3157 3118 3244 3172 hic
3274 3118 3421 3172 illam
3450 3120 3584 3175 dicit

2003 3217 2108 3271 qua
2141 3204 2316 3256 credit
2345 3206 2466 3271 quis
2500 3206 2833 3262 manducare
2861 3209 3069 3270 omnia,
3103 3210 3242 3264 sicut
3284 3225 3444 3280 supra
3495 3211 3582 3266 di-

2003 3295 2080 3348 xit
2106 3313 2120 3350 :
2156 3297 2302 3350 Atius
2331 3298 2493 3351 credit
2521 3300 2841 3354 manducare
2867 3303 3042 3354 omnia
3071 3303 3138 3369 δι,
3164 3303 3252 3357 ille
3274 3305 3391 3358 sine
3417 3305 3584 3361 dubio

2001 3385 2095 3453 qui
2143 3388 2315 3440 credit
2362 3389 2506 3456 quod
2558 3389 2695 3442 nihil
2735 3391 2788 3442 in
2825 3392 3092 3446 creaturis
3143 3393 3235 3448 Dei
3269 3410 3579 3466 commune,

2001 3476 2137 3530 nihil
2188 3476 2529 3530 immttndum
2579 3480 2670 3535 sit.
2723 3480 2829 3534 Sed
2868 3482 2978 3552 (65)
3010 3483 3203 3538 sufﬁcit
3233 3485 3351 3550 tibi,
3382 3487 3577 3556 inquit,

1999 3564 2199 3621 habere
2252 3581 2436 3620 coram
2489 3567 2599 3621 Deo
2654 3569 2964 3635 hnjusmodi
3007 3571 3164 3626 ﬁdem
3193 3611 3208 3635 ,
3246 3588 3352 3627 non
3395 3584 3577 3630 tamen

1999 3657 2204 3714 idcirco
2233 3658 2506 3724 cogendus
2533 3667 2691 3712 estet
2713 3659 2826 3729 (64)
2853 3660 2993 3714 alius
3020 3673 3076 3716 ut
3113 3665 3296 3717 omnia
3337 3667 3576 3720 mandu-

1997 3757 2103 3809 cet,
2137 3749 2226 3815 qui
2262 3748 2496 3801 nondum
2529 3748 2691 3802 habet
2717 3750 2875 3803 talem
2909 3751 3068 3805 ﬁdem
3093 3763 3154 3807 ut
3183 3755 3370 3810 credat
3391 3758 3572 3812 omnia

1995 3854 2116 3894 esse
2153 3839 2552 3894 manducando.
2585 3837 2736 3906 Quod
2774 3851 2955 3896 autem
3008 3843 3166 3907 dixit,
3223 3846 3379 3900 habes
3431 3849 3572 3915 apud

1995 3933 2343 4002 temetipsum,
2368 3933 2692 4002 jactantiam
2728 3945 2962 4002 resecat,
2999 3951 3066 3992 ne
3100 3938 3272 4006 magis
3308 3939 3359 3993 in
3392 3947 3576 3993 osten-

1996 4023 2198 4078 tatione
2224 4024 2296 4077 sit
2324 4025 2467 4094 quod
2500 4026 2796 4091 credimus,
2819 4043 2983 4096 quam
3019 4029 3071 4081 in
3099 4029 3318 4084 virtute.
3348 4030 3570 4086 Addidit

1993 4125 2175 4170 autem
2205 4115 2318 4187 (65)
2348 4156 2363 4181 ,
2405 4118 2536 4171 habe
2555 4133 2736 4171 coram
2759 4119 2890 4186 Deo,
2927 4130 2985 4174 nt
3015 4121 3238 4177 doceret
3265 4123 3568 4192 satisagen-

1992 4207 2116 4260 dum
2153 4209 2334 4273 nobis,
2367 4224 2472 4264 non
2499 4219 2558 4263 ut
2583 4214 2726 4279 apttd
2764 4211 3012 4266 homines
3059 4212 3192 4268 ﬁdes
3243 4224 3429 4268 nostra
3458 4214 3566 4268 dif-

1991 4297 2250 4366 fametur,
2282 4301 2374 4356 sed
2409 4310 2470 4355 ut
2497 4304 2637 4370 apud
2673 4303 2840 4357 Deum
2875 4305 3157 4372 probetur.
3213 4304 3435 4359 Multum
3481 4317 3569 4360 eat

313 4393 480 4449 etiam
512 4393 780 4449 malarum
807 4396 1008 4450 artium
1037 4395 1212 4451 fertur
1245 4395 1366 4450 talis
1399 4395 1590 4451 haberi
1623 4397 1884 4450 observa-
1915 4396 1960 4452 ι)
1990 4400 2168 4444 autem
2193 4405 2375 4447 coram
2403 4391 2514 4446 Deo
2541 4393 2743 4447 habere
2793 4394 3128 4461 probabilem
3175 4395 3358 4450 ﬁdem.
3410 4395 3566 4464 Apud

317 4487 418 4545 tio.
457 4489 844 4544 llmreticorum
890 4498 1038 4544 certe
1087 4503 1192 4544 non
1231 4485 1419 4556 paucis
1453 4487 1742 4541 observare
1770 4485 1884 4540 haec

318 4579 488 4634 moris
526 4587 608 4633 est
655 4578 806 4650 (59);
839 4588 895 4634 et
931 4587 1110 4633 tamen
1160 4593 1265 4632 non
1313 4576 1568 4632 continuo
1613 4575 1879 4631 dicimus:

311 4667 519 4722 Bonum
554 4677 637 4720 est
658 4668 736 4722 eis
755 4667 884 4736 quia
913 4666 1024 4720 nan
1062 4665 1394 4719 manducant
1426 4675 1672 4726 carnem,
1705 4676 1882 4729 neque

312 4757 510 4814 bibunt
539 4759 743 4812 vinum.
793 4756 899 4813 Sed
933 4755 1023 4811 illo
1065 4754 1224 4824 plane
1263 4753 1422 4808 modo
1461 4767 1568 4823 quo
1610 4753 1662 4807 in
1693 4767 1882 4808 conse-

1997 4482 2163 4535 Deum
2196 4483 2342 4536 enim
2385 4483 2551 4538 etiam
2581 4483 2952 4552 apostolorum
2984 4485 3115 4540 ﬁdes
3144 4500 3311 4554 parva
3340 4485 3450 4557 (66)
3477 4487 3567 4553 ju-

1992 4572 2240 4636 dicatur,
2289 4573 2433 4627 unde
2479 4573 2678 4626 dicitur
2711 4573 2800 4629 ad
2843 4571 3102 4629 Petrum:
3154 4574 3378 4631 Modica:
3414 4576 3564 4644 ﬁdei,

1987 4677 2151 4732 quare
2172 4660 2432 4714 dubitasti
2454 4661 2764 4717 “‘ildcireo
2792 4677 2922 4731 ergo
2953 4678 3080 4718 vere
3108 4679 3336 4734 magnus
3365 4671 3448 4718 est
3471 4664 3562 4732 qui

1989 4767 2174 4808 coram
2205 4752 2315 4806 Deo
2339 4752 2502 4807 habet
2528 4754 2860 4823 probabilem
2889 4755 3066 4810 ﬁdem.

382 4881 428 4914 ³⁷
467 4879 642 4937 Levii.
677 4895 752 4946 xi,
787 4879 959 4949 2seq.
1022 4876 1068 4909 ⁸³
1088 4877 1209 4930 Act.
1248 4890 1305 4945 ιι,
1332 4873 1524 4929 15-15.
1602 4873 1644 4906 ³³
1672 4872 1688 4926 l
1718 4873 1845 4927 Cor.
1875 4888 1904 4926 κ

2007 4871 2056 4926 Ξ.
2131 4871 2177 4903 ‘°
2213 4871 2370 4926 Rom.
2400 4872 2607 4937 xrvﬁﬂ.
2685 4872 2726 4904 "
2763 4873 2890 4927 ibid.
2919 4871 2973 4926 2.
3048 4873 3094 4904 δ’
3119 4871 3304 4927 Matth.
3332 4889 3441 4938 xw,
3467 4873 3557 4929 51.

385 4995 500 5065 (57)
531 4993 695 5056 Editi,
733 5007 891 5065 super
919 5000 966 5045 te
997 4999 1171 5065 utente
1199 4988 1281 5041 Itis
1315 4987 1469 5052 cibis,
1506 4996 1614 5040 etc.
1649 4983 1873 5052 Deinde,

305 5061 431 5136 qua,
453 5061 725 5136 commune
745 5061 1163 5136 etrintmundum.

383 5135 495 5204 (58)
528 5134 692 5198 Editi,
722 5132 930 5204 qui_hoc
963 5131 1230 5204 existimat
1257 5130 1330 5182 ita
1357 5143 1640 5204 commune
1661 5127 1876 5197 eﬂicitur
1915 5173 1922 5180 .

307 5215 358 5261 et
391 5197 749 5258 immundum.
797 5201 1000 5267 Quibus
1040 5203 1324 5266 evidenter,
1377 5208 1483 5254 etc.
1534 5197 1641 5252 Sed
1685 5211 1878 5253 omnes

305 5291 441 5332 mss.
473 5285 526 5328 et
563 5273 818 5327 Rabanus
851 5282 907 5327 ut
946 5273 997 5326 in
1036 5282 1206 5324 textu.

381 5344 492 5418 (59)
527 5343 689 5409 Editi,
717 5344 811 5418 bac
848 5353 1043 5418 certum
1075 5349 1192 5394 est:
1227 5337 1486 5418 interdum
1519 5337 1677 5418 etiam
1705 5334 1878 5418 mala-

307 5407 425 5470 rum
453 5407 681 5469 ditium.
723 5411 919 5466 Fertur
947 5412 1071 5465 talis
1121 5424 1324 5478 quoque
1363 5407 1544 5460 haberi
1584 5407 1874 5461 observatio
1912 5432 1914 5436 τ

305 5488 694 5546 Itwreticorum,
725 5491 774 5538 et
807 5499 908 5537 non
933 5482 1115 5556 paucis
1138 5480 1409 5556 observare
1439 5483 1550 5556 {nec
1577 5478 1739 5530 moris
1772 5485 1871 5556 est,

305 5571 411 5611 etc.
453 5553 557 5610 Sed
605 5568 794 5626 omnes
829 5548 977 5626 .m_s's._
1004 5561 1056 5604 et
1083 5548 1336 5602 ltabanus
1359 5557 1417 5602 ut
1447 5548 1702 5626 initextu
1725 5563 1751 5626 ε,
1775 5548 1869 5613 qui

305 5641 498 5680 OltllIES
540 5622 862 5696 paulopost-
892 5622 1114 5680 habent,
1153 5628 1198 5669 et
1241 5617 1620 5696 noncontinnuo
1648 5616 1870 5696 dicimus

307 5697 425 5761 (aL,
473 5686 958 5748 dicentuslotnisso
988 5700 1178 5751 tamen,
1210 5688 1352 5754 quod
1393 5686 1684 5756 prchcr'ttot
1716 5686 1868 5741 editi.

2055 4982 2166 5054 (60)
2191 4987 2305 5038 Est.
2323 4981 2600 5038 Omittitur
2627 4984 2678 5038 in
2707 4985 2887 5038 editis.

1983 5124 2002 5175 Ι
2054 5053 2164 5126 (⁷61)
2207 5055 2366 5118 Editi,
2413 5057 2711 5109 omnimode
2747 5058 3058 5124 degustare,
3092 5072 3193 5125 quo
3222 5058 3419 5111 scilicet
3465 5074 3558 5128 per

2000 5141 2112 5175 ia'c.
2150 5135 2253 5175 etc.

2000 5135 2366 5265 ἀὣὲξιὲάῑιῂ
2403 5195 2560 5248 etiam
2589 5195 3014 5265 manducandum
3057 5205 3152 5258 est,
3189 5205 3295 5248 etc.
3351 5196 3554 5251 Deinde

1980 5263 2082 5318 ms.
2121 5263 2322 5333 Regius
2352 5280 2499 5317 num.
2541 5264 2700 5323 i659.
2732 5277 2821 5318 aut
2861 5269 3231 5317 detrimentum
3278 5265 3552 5319 charitutis

1981 5334 2240 5388 incurrat.
2293 5333 2398 5389 Sed
2426 5335 2608 5390 caeteri
2654 5351 2806 5401 mss.,
2838 5335 3112 5396 Rabanus,
3145 5347 3199 5389 et
3232 5336 3364 5390 editi
3407 5346 3464 5388 ut
3495 5339 3548 5392 in

1984 5415 2170 5458 IIOSU'O
2204 5415 2374 5458 ιειιιιι.

2052 5474 2162 5545 (65)
2181 5472 2284 5528 Sed
2299 5472 2631 5545 omittiturin
2646 5471 3078 5527 editisJiabanus
3093 5473 3254 5529 habet
3267 5477 3545 5545 etprosed.

2049 5543 2157 5613 (ﬁt)
2191 5545 2346 5597 Deest
2373 5543 2507 5613 etin
2532 5544 2711 5597 editis.

2049 5611 2162 5680 (65)
2189 5614 2392 5666 Autem.
2429 5611 2934 5676 Praitermitlitnrin
2966 5623 3121 5670 antea
3151 5615 3333 5672 editis.

2054 5682 2165 5756 (66)
2198 5681 2393 5738 Parva.
2425 5682 2770 5742 Omittiturin
2801 5683 2979 5740 editis.
