4048 6202
501 292 639 348 1255

1935 274 2256 334 ORIGENIS

3615 271 3753 326 1256

569 410 623 462 5.
661 405 856 461 Beatus
883 403 974 473 qui
1008 418 1122 455 .non
1149 400 1362 470 judicat
1393 399 1727 469 semetipsum
1751 399 1805 452 in
1836 412 1896 451 eo
1927 397 2067 467 quod
2098 400 2144 457 Α
2173 394 2288 448 sive
2320 391 2532 447 locutus
2568 389 2756 456 lueris,
2799 388 2914 444 sive
2939 386 3103 442 etiam
3137 386 3486 458 cogitaveris,
3529 401 3756 458 peccas.

497 501 707 568 probat.
736 497 839 562 Qui
887 503 1062 548 autem
1096 492 1376 555 discernit,
1424 493 1469 544 si
1513 490 1929 553 manducauerit,
1971 490 2069 545 da-

498 605 708 646 mnatus
741 600 838 652 est,
869 588 991 656 quia
1017 602 1118 639 non
1147 601 1212 638 e1:
1234 584 1357 649 ﬁde.
1393 581 1557 642 Omne
1585 593 1760 635 autem
1797 585 1935 652 quod
1965 597 2068 634 non

501 695 573 737 est
604 698 667 734 ea:
695 681 819 746 ﬁde,
843 687 1111 746 peccatum
1138 683 1216 728 est
1243 675 1289 706 “
1315 673 1449 742 (67).
1499 672 1694 727 Beatus
1721 672 1843 742 quis
1871 671 2070 726 dicitur

500 790 607 829 non
646 771 816 825 solum
845 770 888 822 si
924 767 1088 821 faciat
1117 781 1178 820 ea
1205 780 1326 834 quae
1355 764 1632 832 competit,
1659 765 1751 817 sed
1799 773 1856 817 et
1878 764 1923 816 si
1961 777 2067 816 non

500 864 668 918 faciat
689 877 751 916 ea
789 875 907 928 quae
938 874 1043 912 non
1074 857 1376 926 competit:
1424 864 1480 908 ut
1527 853 1618 908 ille
1660 854 1839 907 beatus
1873 854 2071 908 dicitur

498 957 587 1026 qui
611 971 712 1006 non
737 951 865 1006 abiit
896 952 949 1004 in
977 947 1197 1002 consilio
1227 947 1511 1015 impiorum
1537 945 1604 1010 ⁸⁸,
1638 954 1692 1000 et
1726 945 1814 1000 ille
1868 944 2068 998 nihilo-

499 1046 679 1100 minus
705 1045 895 1098 beatus
937 1041 1030 1110 qui
1067 1039 1309 1096 ambulat
1337 1038 1388 1092 in
1415 1037 1533 1104 lege
1567 1036 1776 1091 Domini
1808 1035 1873 1088 “.
1903 1035 2070 1107 67o

497 1138 590 1192 llle
620 1151 773 1202 ergo,
823 1134 947 1201 quia
1004 1146 1110 1186 non
1166 1127 1407 1184 ambulat
1450 1128 1503 1183 in
1556 1127 1642 1179 via
1677 1137 2066 1194 peccatorum;

497 1229 605 1288 hic,
635 1226 760 1295 quia
796 1223 1038 1278 ambulat
1071 1223 1139 1274 in‘
1165 1220 1281 1290 lege
1320 1219 1558 1279 Domini.
1590 1220 1776 1273 beatus
1801 1227 1888 1272 est
1931 1217 2066 1288 (68).

496 1319 569 1373 lla
594 1328 647 1371 et
671 1318 722 1370 in
760 1315 1008 1386 praesenti
1042 1314 1167 1368 loco
1189 1312 1477 1381 Apostolus
1495 1327 1509 1364 :
1526 1310 1743 1373 Beatus,
1763 1309 1957 1379 inquit,
1979 1312 2071 1380 qui

497 1428 599 1462 non
629 1410 836 1474 judicat
866 1406 1196 1471 semetipsum
1225 1406 1277 1458 in
1310 1413 1369 1459 'eo
1392 1406 1530 1474 quod
1550 1405 1759 1471 probat.
1786 1402 1890 1457 Sed
1915 1403 2070 1470 cujus

495 1501 674 1568 operis
700 1500 768 1553 sit
801 1499 903 1552 ista
935 1497 1209 1552 beatitudo
1246 1496 1526 1551 videamus
1560 1494 1691 1565 (69).
1728 1494 1877 1548 Multi
1923 1494 2067 1550 enim

497 1603 623 1646 sunt
653 1591 745 1659 qui
777 1594 1008 1658 probant
1032 1587 1236 1657 aliquid
1278 1586 1402 1640 boni
1434 1585 1612 1640 lacere
1638 1624 1654 1649 ,
1689 1585 1839 1639 verbi
1874 1586 2067 1651 gratia,

497 1684 586 1752 qui
625 1683 908 1736 audientes
949 1681 1014 1734 de
1045 1679 1281 1748 praemiis
1307 1675 1581 1732 castitatis
1616 1675 1841 1744 probant
1874 1687 1927 1729 et
1959 1686 2070 1728 sta-

499 1781 656 1826 tuunt
685 1781 833 1826 caste
863 1773 1080 1834 vivere;
1114 1768 1208 1822 sed
1232 1781 1488 1835 processu
1525 1766 1804 1832 temporis,
1828 1765 1910 1820 vel
1941 1773 2068 1820 suh-

497 1863 728 1930 ripiente
756 1861 1100 1930 negligentia,
1141 1857 1224 1912 vel
1249 1865 1540 1926 superante
1577 1855 1820 1920 libidine,
1847 1856 1898 1909 id
1926 1858 2066 1924 quod

497 1953 894 2007 observandum
941 1951 1307 2020 probaverant
1342 1949 1645 2004 maculatur
1672 1958 1725 2002 et
1759 1947 2064 2016 corrumpi-

500 2041 634 2097 tur':
669 2054 723 2096 et
755 2051 838 2098 est
877 2041 1063 2096 infelix
1091 2041 1216 2104 iste,
1254 2041 1346 2108 qui
1383 2039 1435 2092 in
1472 2053 1537 2094 eo
1579 2039 1720 2108 quod
1771 2041 2068 2092 observare

498 2135 810 2189 decreverat
833 2133 1027 2196 vietus,
1054 2132 1404 2200 semetipsum
1421 2129 1631 2198 judicat
1655 2140 1706 2181 et
1724 2129 2068 2182 condemnat.

499 2223 701 2278 Beatus
729 2238 856 2276 vero
889 2223 978 2277 ille
1008 2231 1109 2280 est.
1140 2223 1229 2291 qui
1271 2222 1323 2276 in
1357 2235 1422 2275 eo
1457 2221 1599 2288 quod
1650 2221 1840 2288 prohat
1875 2228 1921 2273 et
1957 2227 2070 2272 sta-

500 2318 622 2379 tuit,
649 2317 720 2370 ita
755 2323 1036 2384 permanet
1069 2314 1208 2368 ﬁxus
1238 2323 1293 2368 et
1319 2312 1554 2377 stabilis,
1604 2319 1662 2364 ut
1711 2310 1763 2364 in
1801 2308 1948 2363 nullo
1979 2324 2067 2363 se-

499 2406 788 2473 metipsum
811 2404 1042 2471 judicet,
1076 2404 1130 2457 in
1163 2402 1310 2458 nullo
1337 2402 1718 2471 reprehendat.
1746 2398 1858 2454 lloc
1887 2409 2068 2454 autem

496 2509 550 2550 et
578 2497 689 2566 (70)
716 2497 770 2550 in
803 2495 1147 2550 observantia
1184 2493 1449 2558 ciborum,
1479 2493 1771 2546 secundum
1805 2505 1926 2545 eam
1979 2506 2068 2546 re-

498 2589 676 2658 gulam
708 2603 870 2656 quam
914 2588 1164 2657 superius
1189 2585 1384 2648 texuit,
1413 2585 1722 2638 habendum
1748 2583 1904 2647 dicit,
1937 2593 1998 2637 ut
2025 2584 2070 2640 si

499 2681 622 2749 quis
666 2690 749 2734 est
796 2681 887 2747 qui
921 2694 1017 2748 per
1060 2677 1340 2733 scientiam
1389 2675 1650 2746 spiritalis
1696 2675 1828 2747 legis
1875 2677 2072 2746 probat

499 2771 679 2822 tmmia
734 2769 1124 2830 manducanda,
1172 2777 1227 2820 et
1276 2767 1457 2820 omnia
1511 2780 1634 2820 esse
1678 2767 1872 2820 munda
1902 2808 1917 2833 ,
1963 2782 2069 2821 non

500 2875 712 2912 rursum
742 2858 946 2924 judicet
980 2855 1352 2925 semetipsum,
1385 2864 1441 2911 et
1471 2856 1868 2911 dubitationem
1893 2856 2072 2926 capiat

499 2960 680 3001 utrum
715 2963 931 3002 stunerc
959 2948 1175 3012 debeat,
1209 2961 1381 3002 necne
1418 2963 1432 2999 :
1484 2947 1608 3015 quia
1638 2949 1729 3018 qui
1779 2946 1882 3002 hoc
1912 2947 2071 3001 modo

501 3041 780 3102 discernit,
813 3041 912 3093 hoc
934 3047 1014 3093 est
1051 3039 1182 3109 (7|),
1205 3039 1294 3108 qui
1319 3039 1536 3094 dubitat
1566 3051 1744 3092 utrum
1769 3051 1895 3094 vere
1922 3053 2076 3092 mun-
2113 3079 2116 3082 .

501 3134 628 3185 dum
663 3132 734 3186 sit
786 3147 852 3184 an
909 3131 1244 3185 immundum
1279 3133 1422 3198 quod
1462 3129 1647 3192 sumit,
1705 3129 1807 3184 iste
1854 3143 1920 3184 ex
1959 3129 2074 3198 ipsa

501 3224 668 3278 animi
698 3223 779 3277 sui
809 3222 1146 3277 dubitatione
1171 3221 1508 3276 conscientia
1545 3230 1808 3288 arguente
1847 3222 2074 3275 damna-

503 3326 608 3370 tur.
645 3315 872 3370 Causam
906 3328 1120 3383 quoque
1147 3310 1306 3380 hujus
1323 3312 1690 3368 damnationis
1717 3312 1962 3382 exponit,
1991 3311 2074 3366 di-

501 3422 630 3462 cens
657 3425 670 3462 :
705 3406 840 3474 Quia
875 3420 980 3459 non
1014 3419 1078 3459 ex
1113 3405 1219 3460 ﬁde
1249 3405 1484 3459 sumitur
1506 3403 1642 3474 (72),
1672 3404 1766 3460 sed
1796 3405 1982 3473 utique
2006 3419 2072 3459 ex

503 3499 860 3553 dubitatione.
896 3497 960 3551 Et
987 3496 1249 3566 posthaec
1277 3494 1580 3564 generalem
1626 3511 1786 3564 super
1814 3497 2070 3550 omnibus

501 3589 825 3643 sententiam
857 3588 1107 3658 pr0ponit
1127 3587 1468 3658 (75),dicens
1498 3604 1512 3640 :
1547 3585 1712 3640 Omne
1733 3597 1908 3641 autem
1931 3587 2071 3658 quod

501 3697 604 3736 non
635 3689 710 3736 est
739 3695 803 3735 ea:
831 3680 957 3748 ﬁde,
989 3690 1258 3750 peccatum
1285 3688 1380 3733 est.
1418 3678 1471 3732 lu
1507 3679 1607 3734 hoc
1641 3694 1896 3734 sermone
1943 3693 2069 3734 cre-

499 3774 744 3828 dentium
785 3787 1127 3843 quorumqne
1160 3771 1496 3843 negligentes
1527 3781 1582 3827 et
1609 3772 1825 3827 desides
1865 3772 2072 3826 animas

500 3865 719 3918 vinculo
747 3866 982 3920 arctiore
1021 3864 1343 3934 constringit
1371 3863 1508 3934 (74),
1549 3874 1607 3918 ut
1634 3864 1771 3919 nihil
1797 3865 1916 3918 sine
1968 3864 2071 3918 lide

501 3965 682 4025 agant,
727 3957 855 4009 nihil
909 3958 1114 4024 absque
1163 3956 1269 4010 ﬁde
1309 3957 1513 4016 dicant,
1553 3970 1651 4009 nec
1702 3957 1912 4022 alisque
1969 3953 2072 4007 ﬁde

501 4046 706 4112 aliquid
738 4047 976 4113 cogitent
1003 4065 1017 4099 :
1052 4047 1176 4114 quia
1203 4046 1316 4100 sive
1358 4047 1486 4115 quid
1519 4048 1757 4118 gesseris
1786 4047 1902 4101 sine
1942 4044 2070 4110 ﬁde,

2170 483 2281 539 Hoc
2329 483 2471 537 idem
2518 493 2600 535 est
2629 481 2770 550 quod
2804 491 2859 533 et
2905 480 2958 533 in
2997 479 3117 532 aliis
3166 479 3338 532 dicit:
3376 477 3499 532 Sive
3523 479 3758 532 mandu-

2171 574 2328 636 catis,
2357 574 2463 626 sine
2491 571 2688 633 bibitis,
2717 569 2822 622 sive
2850 567 2998 621 aliud
3037 567 3165 637 quid
3211 566 3411 634 facitis,
3466 569 3651 620 omnia
3684 567 3755 619 ad

2166 666 2389 733 gloriam
2429 661 2521 715 Dei
2555 661 2716 730 facite
2741 659 2809 713 “.
2843 657 2946 712 Sed
2982 658 3223 726 requirat
3259 655 3460 725 aliquis
3488 657 3532 710 si
3561 667 3617 710 et
3642 659 3754 711 bae-

2171 755 2322 812 retici
2354 770 2476 824 qua:
2516 754 2747 815 faciunt,
2787 752 2914 819 quia
2950 751 3245 806 secundum
3274 752 3380 804 hoc
3425 753 3578 820 quod
3631 766 3755 806 cre-

2169 849 2303 903 dunt
2335 848 2565 908 faciunt,
2599 861 2664 899 ex
2700 845 2803 900 ﬁde
2830 843 3010 898 facere
3039 844 3375 896 credantur:
3419 858 3490 896 an
3525 844 3657 912 quia
3692 843 3756 897 ﬁ-

2167 942 2262 996 des
2311 941 2453 1008 apud
2493 938 2616 992 illos
2652 937 2790 990 mala
2846 944 2931 989 est
2975 934 3111 1004 (75),
3153 949 3316 989 omne
3348 936 3494 1003 quod
3541 935 3754 990 faciunt

2168 1041 2450 1099 peccatum
2482 1027 2947 1099 pronuntiandum
2983 1027 3079 1090 sit,
3110 1028 3236 1096 quia
3299 1041 3404 1080 non
3437 1028 3498 1079 ﬁt
3524 1043 3594 1080 ex
3623 1027 3750 1082 ﬁde.

2171 1122 2279 1190 Ego
2307 1129 2434 1189 puto
2459 1120 2672 1174 illorum
2699 1117 3077 1172 credulitatem
3099 1115 3355 1186 appellari
3380 1116 3552 1188 magis
3587 1133 3751 1184 quam

2169 1225 2292 1264 esse
2337 1213 2520 1265 Iidem.
2572 1209 2725 1263 Sicut
2773 1209 2915 1264 enim
2952 1209 3433 1278 pseudOprophette
3466 1207 3604 1262 falso
3650 1226 3752 1263 no-

2171 1303 2315 1355 mine
2347 1302 2618 1355 interdum
2642 1301 2917 1370 propheta:
2938 1299 3316 1369 appellantur;
3341 1310 3394 1352 et
3414 1299 3550 1352 falsa
3575 1301 3753 1354 scien-

2171 1391 2262 1456 tia,
2297 1392 2525 1446 scientia
2573 1392 2816 1456 dicitur;
2859 1402 2914 1446 et
2949 1391 3084 1446 falsa
3135 1391 3422 1461 sapientia,
3480 1393 3752 1462 sapientia

2168 1485 2393 1538 abusive
2446 1486 2798 1539 nniuinatnr:
2833 1484 2906 1537 ita
2941 1493 2996 1537 et
3029 1484 3412 1538 haereticorum
3457 1484 3754 1540 credulitas

2171 1576 2310 1630 falso
2341 1577 2558 1630 nomine
2597 1576 2732 1631 ﬁdes
2758 1577 3085 1646 appellatur.
3119 1575 3270 1630 Unde
3315 1577 3616 1631 videndum
3668 1586 3752 1630 est

2171 1681 2236 1720 ne
2284 1665 2422 1722 forte
2457 1668 2621 1722 etiam
2670 1670 2716 1722 si
2762 1669 2892 1737 quid
2926 1669 3050 1722 boui
3080 1669 3262 1736 operis
3298 1670 3436 1738 apud
3476 1670 3600 1724 illos
3633 1668 3751 1740 geri

2172 1761 2402 1822 videtur,
2440 1761 2568 1827 quia
2602 1775 2708 1814 non
2750 1764 2810 1815 tit
2843 1775 2908 1816 ex
2947 1760 3070 1824 ﬁde,
3121 1770 3477 1815 convertatur
3521 1762 3572 1814 in
3619 1777 3752 1831 pec-

2169 1861 2368 1910 catum.
2409 1853 2549 1904 sicut
2582 1859 2638 1906 et
2671 1851 2737 1903 de
2765 1851 2998 1919 quodam
3029 1853 3230 1904 dictum
3255 1860 3374 1905 est:
3406 1849 3535 1904 Fiat
3575 1852 3752 1905 oratio

2168 1941 2281 2010 ejus
2308 1945 2361 1994 in
2400 1953 2674 2008 peccatum
2695 1941 2764 1998 ‘7.
2802 1941 2898 1995 Est
2942 1941 3216 1996 interdum
3251 1952 3304 1996 et
3353 1944 3580 1996 castitas
3630 1958 3754 2010 qua:

2171 2045 2277 2084 non
2311 2041 2394 2085 est
2424 2046 2488 2084 ex
2521 2031 2648 2094 ﬁde,
2679 2045 2872 2084 eorum
2920 2030 3186 2084 duntaxat
3214 2031 3298 2097 qui
3323 2032 3605 2083 attendunt
3635 2033 3755 2099 spi-

2170 2122 2359 2175 ritibus
2399 2122 2762 2174 seductoribus
2789 2130 2836 2174 et
2873 2122 3132 2174 doctrinis
3160 2122 3533 2175 dwmoniorum
3565 2123 3625 2174 in
3651 2124 3756 2191 hy-

2168 2211 2361 2282 pocrisi
2422 2211 2563 2279 falsa
2614 2210 2983 2281 loquentium,
3038 2213 3381 2265 cauteriatam
3440 2215 3754 2268 habentium

2170 2302 2568 2364 conscientiam,
2609 2302 3000 2370 prohibentium
3043 2303 3255 2368 nubere,
3290 2314 3337 2357 et
3369 2305 3752 2360 abstinentiam

2170 2412 2225 2449 se
2255 2412 2285 2448 a
2319 2395 2446 2448 cibis
2469 2411 2600 2464 quos
2627 2393 2767 2447 Deus
2790 2395 3074 2448 creavit-‘3.
3106 2395 3200 2448 Est
3223 2409 3353 2466 ergo
3381 2405 3437 2450 et
3460 2397 3594 2450 falsa
3621 2397 3754 2453 ﬁdes

2171 2482 2283 2556 (76)
2328 2499 2517 2538 eorum
2551 2484 2641 2552 qui
2679 2485 2822 2537 circa
2865 2484 3026 2552 ﬁdem
3065 2486 3515 2556 naufragarerunt
3547 2489 3624 2550 “;
3671 2499 3754 2543 est

2171 2588 2225 2633 et
2259 2577 2392 2632 l'alsa
2418 2577 2706 2647 sapientia,
2736 2577 2896 2647 hujus
2926 2577 3138 2632 scilicet
3164 2579 3364 2642 mundi,
3384 2588 3441 2633 et
3455 2581 3752 2648 ρνὶητὶριιπι

2170 2665 2328 2736 hujus
2353 2669 2537 2719 mundi
2569 2666 2639 2733 '°,
2669 2681 2790 2736 quae
2819 2669 3146 2721 destruetur.
3186 2665 3338 2722 Sicut
3372 2668 3518 2722 enim
3563 2670 3755 2737 pirata

2171 2757 2342 2812 solent
2370 2758 2422 2813 in
2453 2759 2587 2812 mari
2615 2759 2667 2813 in
2694 2759 2827 2813 locis
2872 2759 3088 2813 vadosis
3118 2759 3461 2830 occultisque
3485 2763 3752 2831 seopulis,

2171 2864 2269 2920 per
2293 2851 2590 2905 obscurum
2621 2850 2798 2905 noctis
2831 2850 3011 2905 lumen
3064 2852 3390 2918 accendere,
3439 2868 3545 2919 quo
3597 2854 3754 2908 nario

2175 2956 2366 3014 gantes
2396 2947 2495 3002 sub
2548 2961 2642 3016 spe
2674 2943 3019 3015 confugiendi
3055 2945 3120 2998 ad
3161 2954 3379 3015 portum
3434 2946 3652 3012 salutis,
3688 2948 3754 3001 ad

2175 3037 2454 3105 naufragia
2496 3037 2816 3108 perditionis
2845 3037 3112 3105 invitent;
3151 3039 3230 3094 ita
3284 3047 3339 3094 et
3392 3038 3536 3094 istud
3565 3038 3748 3094 lumen

2099 3107 2144 3167 δ
2179 3129 2331 3184 falsae
2357 3107 2636 3198 sapientia:
2661 3129 2746 3184 vel
2780 3129 2930 3184 falsa:
2964 3130 3088 3184 ﬁdei
3123 3144 3151 3182 a
3183 3129 3526 3200 principibus
3565 3130 3752 3184 mundi

2177 3231 2234 3276 et
2251 3219 2535 3290 spiritibus
2561 3221 2708 3276 aeris
2734 3219 2893 3290 hujus
2921 3221 3258 3286 accenditur,
3303 3236 3411 3277 non
3457 3236 3560 3292 per
3609 3224 3754 3292 quod

2175 3311 2432 3377 evadant,
2468 3311 2562 3365 sed
2591 3325 2686 3380 per
2713 3312 2856 3381 quod
2888 3321 3111 3380 pereant
3145 3313 3397 3369 homines
3439 3314 3624 3368 mundi
3651 3315 3752 3367 bu-

2167 3399 2258 3471 jus
2281 3401 2479 3458 ﬂuctus
2509 3413 2564 3458 et
2589 3405 2712 3458 vitae
2741 3405 2965 3474 pelagus
2991 3405 3336 3474 navigantes.
3385 3404 3461 3459 De
3502 3405 3606 3469 his,
3637 3404 3752 3474 opi-

2178 3509 2300 3555 nor,
2335 3495 2527 3564 piratis
2557 3494 2770 3549 dicebat
2799 3502 2855 3549 el.
2885 3494 3024 3550 Job:
3069 3494 3292 3565 Sagittae
3321 3499 3622 3567 piratarum
3643 3498 3756 3568 ejus

2176 3603 2337 3656 super
2389 3604 2470 3641 me
2521 3598 2767 3642 venerunt
2796 3588 2865 3646 “.
2908 3588 2971 3642 Et
3017 3590 3086 3644 ob
3133 3591 3234 3644 hoc
3289 3590 3543 3644 nimirum
3589 3592 3753 3646 etiam

2179 3680 2292 3748 ipse
2341 3679 2540 3733 Paulus
2585 3680 2862 3748 apostolus
2911 3681 3062 3746 dicit,
3117 3681 3244 3749 quia
3279 3692 3334 3734 et
3366 3683 3479 3749 ipse
3517 3683 3755 3738 Satanas

2178 3771 2521 3839 transﬁgurat
2557 3787 2612 3824 se
2655 3771 2711 3824 in
2750 3770 2994 3840 angelum
3024 3772 3158 3825 lucis
3183 3771 3228 3802 ³⁸
3258 3772 3392 3842 (77).
3451 3773 3750 3842 Propterea

2176 3877 2304 3932 ergo
2331 3862 2646 3931 navigantes
2674 3863 2796 3915 vita:
2822 3863 2980 3930 hujus
3011 3865 3204 3929 undas,
3231 3879 3334 3919 non
3364 3866 3514 3919 omni
3539 3865 3750 3929 lumini.

2180 3953 2229 4005 id
2265 3963 2351 4006 est
2407 3968 2510 4006 non
2545 3953 2689 4007 omni
2723 3954 3004 4022 sapientia:
3039 3957 3266 4012 credere
3301 3957 3599 4024 debemus;
3661 3960 3753 4014 sed

2178 4045 2320 4099 sicut
2371 4053 2554 4101 monet
2586 4046 2909 4115 Apostolus,
2951 4051 3484 4129 probare\spiritus,
3541 4053 3634 4121 qui
3689 4068 3754 4106 es

577 4225 803 4303 {'an.
833 4240 947 4303 xt_v_.
969 4225 1265 4303 ἳὲεββτ-δδ
1295 4227 1438 4303 Psal.
1472 4245 1508 4293 r,
1536 4229 1583 4303 j.
1612 4229 1844 4303 _“_Psal.
1868 4247 2057 4303 _C!\'lll,
2080 4233 2128 4286 l.
2186 4234 2230 4265 "
2263 4232 2278 4286 1
2309 4233 2433 4290 Cor.
2468 4233 2614 4299 x,3l.
2669 4234 2712 4268 "
2739 4236 2882 4292 Psal.
2911 4252 3064 4302 cvm,
3097 4237 3149 4292 7.
3203 4238 3249 4270 “
3277 4237 3460 4293 lTim.
3493 4255 3572 4302 tv,
3605 4240 3662 4303 2,
3693 4238 3746 4292 3.

503 4297 550 4330 ”
589 4295 772 4350 l'l‘im.
817 4311 853 4360 ι,
887 4297 972 4351 19.
1046 4297 1094 4329 ⁵ο
1124 4297 1288 4352 ICor.
1314 4298 1456 4363 ",6.
1534 4297 1574 4329 "
1603 4297 1705 4353 Job
1745 4315 1819 4364 vr,
1854 4301 1909 4354 4.
1986 4295 2070 4355 ⁸³1

2170 4320 2246 4357 ur.
2291 4319 2368 4366 ai,
2404 4305 2488 4358 14.

576 4471 691 4550 (6η
720 4473 884 4550 Omne
911 4484 1082 4550 autem
1120 4476 1258 4550 quod
1293 4484 1502 4550 nonest
1550 4491 1614 4529 ea:
1637 4475 1760 4544 ﬁde,
1801 4490 2068 4545 peccatum
2103 4484 2146 4539 D
2177 4496 2276 4535 ms.
2318 4480 2518 4550 Regius
2562 4499 2712 4540 num.
2749 4485 2886 4541 1659
2919 4495 2974 4541 et
3021 4485 3282 4543 Rabanus
3325 4488 3529 4544 rectius
3582 4501 3642 4544 ut
3693 4489 3746 4544 in

507 4557 604 4597 est.
655 4545 776 4598 llaec
816 4545 1197 4600 desiderantur
1225 4547 1278 4600 in
1305 4545 1485 4611 editis,
1517 4556 1572 4600 et
1614 4550 1973 4602 restituuntur
2001 4565 2069 4604 ex

507 4630 638 4668 IIISS.

578 4683 690 4751 (68)
715 4681 810 4735 Ille
825 4699 964 4750 ergo,
991 4685 1114 4753 quia
1147 4703 1248 4740 non
1275 4687 1505 4740 ambulat
1530 4687 1582 4741 in
1609 4685 1691 4739 via
1711 4697 2074 4752 peccatorum:

507 4753 611 4811 hic,
642 4755 773 4824 quia;
798 4755 1028 4805 ambulat
1063 4756 1116 4806 in
1161 4757 1268 4824 lege
1307 4755 1543 4824 Domini,
1578 4758 1759 4810 beatus
1801 4769 1896 4810 est.
1952 4758 2073 4814 ll:ec

509 4823 997 4894 prwteruiittuntur
1025 4825 1076 4876 in
1099 4823 1279 4878 editis.
1305 4823 1557 4879 Rabanns
1581 4841 1864 4894 perperam
1895 4829 2074 4892 habet,

505 4891 692 4944 inutile
716 4891 894 4944 beatus
929 4903 1002 4944 est
1034 4894 1121 4961 qui
1144 4911 1245 4947 non
1276 4903 1377 4947 stat
1402 4896 1458 4948 in
1483 4891 1952 4962 via—peccatorum,
1975 4902 2067 4950 sic-

506 4973 562 5013 ut
594 4962 686 5031 ille
715 4963 800 5031 qu_i
835 4962 1118 5015 meditatur
1143 4964 1371 5028 quotidie
1409 4967 1461 5017 in
1502 4965 1612 5031 lege
1651 4965 1860 5018 Domini
1891 4968 2069 5020 beatus

430 5041 444 5050 “
505 5042 605 5108 est.
648 5029 980 5108 Msaﬂcgius‘
1003 5047 1151 5084 num.
1196 5034 1352 5096 1659,
1380 5037 1466 5108 hic
1493 5029 1620 5103 quia
1644 5037 1881 5087 ambulat
1909 5039 1963 5089 in
1987 5039 2066 5090 via

507 5099 625 5154 Dei.
664 5101 767 5152 Sed
801 5101 980 5152 ca‘teri
1015 5116 1145 5154 mss.
1175 5113 1321 5157 recte
1356 5114 1412 5154 ut
1453 5099 1515 5156 in
1536 5115 1717 5158 nostro
1753 5116 1920 5158 textu.

578 5169 686 5238 (69)
723 5169 816 5222 Ms.
849 5169 1046 5237 llegius
1082 5187 1230 5225 nunt.
1268 5174 1423 5233 1659,
1455 5173 1710 5228 [tabanus
1733 5185 1785 5227 et
1815 5176 1941 5228 editi
1970 5175 2063 5228 ha-

508 5237 655 5315 bent,
701 5238 854 5292 Multi
900 5251 1018 5315 sunt
1067 5243 1158 5309 qui
1199 5243 1442 5311 probant,
1483 5245 1682 5298 omisso
1714 5245 1874 5310 enim,
1917 5247 2060 5315 quod

509 5307 681 5378 lerunt
717 5325 844 5362 mss.
879 5309 1075 5378 plures.

581 5377 689 5445 (70)
722 5377 949 5432 Deest’et
983 5381 1032 5431 in
1060 5380 1237 5434 editis.

581 5447 689 5514 (7t)
742 5446 855 5500 Hoc
893 5459 989 5502 est.
1047 5447 1326 5504 Omittitur
1377 5450 1432 5504 in
1482 5449 1636 5506 libris
1675 5462 1830 5504 antea
1885 5452 2070 5512 editis.

511 5512 714 5569 Deinde
747 5517 905 5570 iidem
955 5520 1120 5578 editi,
1167 5521 1266 5573 iste
1304 5536 1368 5574 ea:
1413 5521 1578 5574 animi
1612 5522 1696 5574 sui
1741 5524 2068 5578 dubitatione

509 5585 826 5657 conscientia
877 5599 1088 5657 urgente
1145 5591 1452 5642 damnatur.
1493 5589 1723 5643 Causam
1771 5609 1906 5657 vero,
1959 5606 2065 5650 etc.

510 5651 636 5707 Mss.
668 5655 886 5714 quidam
917 5651 1313 5717 liabentetiaut.
1339 5660 1660 5714 conscientia
1686 5651 1920 5730 urgente,
1973 5667 2064 5718 sed

2179 4563 2365 4604 110511⁵0
2394 4563 2560 4608 textu.

2249 4621 2360 4698 (72)
2389 4622 2524 4698 Ειείιί
2550 4633 2604 4677 et
2631 4638 2766 4698 mss_.
2805 4625 3066 4694 plerique,
3107 4628 3356 4698 quoniam
3401 4643 3506 4682 non
3540 4643 3606 4681 ea:
3645 4628 3750 4695 fide

2157 4675 2516 4762 diciturtMs.
2559 4675 2690 4746 vero
2720 4675 2935 4762 Regius-
3145 4675 3744 4752 w{tibi}"redii-us-—utrin

2179 4767 2352 4837 textu.
2388 4760 2588 4837 Deinde
2615 4760 2868 4837 [tabanus
2899 4768 3136 4820 restituit
3167 4771 3365 4835 utique,
3404 4767 3549 4837 quod
3588 4770 3747 4823 omit-

2181 4831 2310 4882 titur
2341 4830 2391 4881 in
2425 4833 2582 4886 editis
2607 4845 2659 4884 et
2687 4833 2738 4885 in
2766 4837 3017 4889 omnibus
3043 4853 3173 4890 mss.

2253 4897 2362 4974 (73)
2395 4899 2531 4953 Editi
2577 4903 2690 4954 alii.
2738 4920 2893 4969 super
2929 4908 3107 4957 omnia
3152 4906 3462 4960 sententiam
3497 4909 3744 4974 exponit;

2181 4967 2303 5030 alii,
2331 4986 2485 5036 super
2506 4975 2734 5024 omnium
2761 4967 3030 5027 scientiam
3049 4978 3284 5040 exponit.
3323 4976 3448 5030 Mss.
3479 4967 3608 5031 vero
3632 4967 3743 5040 alii,

2173 5053 2332 5114 super
2366 5055 2541 5114 omnes
2593 5041 2726 5110 (alii,
2754 5059 2907 5114 super
2940 5048 3198 5112 omnium)
3232 5048 3543 5099 sententiam
3581 5051 3744 5114 ponit.

2173 5107 2280 5162 Sed
2339 5110 2544 5162 rectius
2593 5107 2693 5164 ius.
2751 5107 2950 5182 Rcigius
2989 5131 3140 5169 num.
3170 5107 3307 5170 1639
3350 5128 3408 5168 ut
3458 5117 3508 5169 in
3559 5107 3746 5172 nostro

2172 5186 2339 5230 textu.

2243 5246 2367 5367 (7?).
2395 5247 2554 5368 Edtiti,
2598 5252 3012 5319 quorumdam...
3040 5255 3246 5309 animos
3287 5255 3500 5308 uinculo
3537 5255 3742 5309 acriore

2174 5331 2296 5368 CONS
2328 5334 2458 5368 rmat
2491 5357 2504 5368 .

2241 5326 2708 5466 ἵξέῗᾝὲθιζεεξίυε
2731 5391 3050 5466 num.‘1639
3073 5435 3087 5459 ,
3122 5393 3268 5447 nulla
3291 5407 3388 5449 est.
3415 5394 3590 5450 Paulo
3623 5404 3740 5466 post

2173 5457 2347 5530 edi.th
2369 5456 2431 5530 Ιξς
2461 5469 2652 5530 puto...
2687 5477 2842 5530 quam
2870 5461 3045 5528 ﬁdem.

2386 5524 2642 5604 Martinus
2667 5524 2721 5583 et
2741 5524 3140 5604 Genebrardus,
3169 5545 3217 5587 et
3249 5535 3340 5588 illa
3379 5538 3534 5604 ﬁdes,
3580 5534 3741 5588 male.

2172 5595 2554 5735 mgggﬁditi,
2590 5600 2724 5653 sicut
2756 5604 3000 5672 angelum
3035 5603 3187 5658 lucu.
3227 5595 3391 5661 Paulo
3421 5595 3544 5675 post
3576 5607 3744 5660 omit-
