3894 6356
129 201 312 257 ΙΞῖΓὶ
1130 203 1482 262 (ΖΟΜΜΕΝΤ.
1524 199 1590 254 ΙΝ
1637 205 1667 258 F.

1886 206 1975 260 AD
2016 206 2182 263 ROM.
2227 206 2353 261 LIB.
2397 207 2465 260 Χ.
3267 204 3400 259 1258

128 319 278 374 Deo
321 331 437 375 sunt
461 321 506 352 ⁸³
533 319 666 392 (78).
710 317 774 374 Et
808 319 926 374 ideo
951 320 1211 377 debemus
1245 324 1613 378 indesinenter
1641 339 1755 394 pre-
1783 328 1999 386 Aventu
2032 323 2255 376 fratrum
2290 329 2343 374 et
2384 318 2632 373 Ecclesia
2676 318 2936 372 societate
2975 315 3261 384 deponam.
3299 319 3397 383 Qui

125 429 210 465 cu
227 413 285 465 ri
319 412 579 467 auxilium
616 410 848 476 Domini,
882 421 938 464 et
969 426 1195 482 sperare
1225 414 1370 482 quod
1409 417 1522 484 ipse
1558 416 1754 484 eripiet
1838 418 1982 469 enim
2007 414 2108 468 hoc
2136 413 2286 474 facit,
2321 425 2426 463 non
2456 419 2540 463 est
2573 408 2814 462 imitator
2845 408 2986 463 illius
3011 406 3074 461 de
3104 421 3209 476 quo
3237 405 3402 460 Isaias

127 518 265 556 nos
304 505 372 557 de
410 504 601 572 laqueo
633 501 971 568 venantium,
1004 513 1064 557 ut
1095 515 1148 560 ct
1179 521 1277 558 nos
1305 505 1588 560 dicamus:
1617 501 1752 572 Quia
1839 507 1967 560 dicit
2001 524 2016 562 :
2053 503 2174 571 Ipse
2203 502 2536 570 inﬁrmitates
2569 509 2776 553 nostras
2817 509 3011 569 portat,
3049 508 3097 552 et
3129 514 3222 567 pro
3252 498 3399 552 nobis

125 597 352 649 artium
399 606 575 650 nostra
615 597 753 650 sicut
796 613 979 666 passer
1014 605 1190 663 erepta
1225 607 1302 650 cst
1337 599 1400 650 de
1434 599 1622 668 laqueo
1664 616 1750 668 ve-
1839 598 1975 649 dolet
2001 596 2145 665 (83);
2170 608 2214 648 et
2245 613 2336 648 nos
2363 595 2676 663 putabamus
2697 607 2813 644 cum
2841 591 2893 644 in
2920 591 3098 644 dolore
3123 605 3252 654 esse,
3279 601 3323 642 et
3347 590 3400 642 in

128 691 451 743 stantium:
482 687 702 758 laqueus
731 691 992 743 contritus
1016 702 1112 754 est,
1141 699 1188 744 ct
1207 707 1299 744 nos
1316 667 1526 744 liberati
1547 667 1748 745 sumtis.
1837 692 2015 760 plaga,
2046 702 2092 743 et
2127 693 2179 744 in
2209 690 2568 759 afﬂictione".
2601 687 2751 753 Quod
2778 687 2821 741 si
2848 687 3094 742 Christus
3121 693 3304 753 portat
3326 685 3407 737 in-

128 779 509 849 Adjntorium
561 793 801 835 nostrum
852 785 906 837 in
955 784 1165 836 nomine
1209 783 1445 848 Domini,
1502 785 1591 854 qui
1629 784 1751 853 fecit
1841 782 2120 836 ﬁrmitates
2171 793 2406 844 nostras,
2445 791 2496 836 et
2547 781 2686 834 Deus
2734 780 3002 848 patienter
3055 776 3159 830 fert
3211 775 3405 830 delicta

126 871 355 924 caelum
383 883 428 924 et
459 883 654 927 terram
686 874 732 905 “
761 874 894 944 (79).
1840 884 2042 939 nostra,
2073 874 2344 942 (promodo
2395 884 2444 928 et
2493 887 2591 928 nos
2633 887 2819 927 eorum
2868 871 2958 940 qui
2994 868 3154 940 paulo
3185 869 3408 924 inferio-

220 963 288 1018 6.
368 964 621 1019 Debemus
679 976 852 1022 autem
919 983 1014 1020 nos
1079 966 1338 1034 [iratiores
1409 967 1754 1022 imbecillita—
1843 982 1927 1022 res
1955 967 2064 1038 (84)
2093 966 2342 1020 videntur
2371 979 2709 1034 nequaquam
2739 962 2933 1017 delicta
2959 972 3013 1016 et
3060 959 3407 1031 negligentias

127 1066 226 1112 tes
280 1057 446 1130 δτι
479 1059 810 1128 inﬁrmorum
861 1059 1136 1125 sustinere,
1184 1068 1231 1112 et
1265 1076 1366 1113 non
1417 1061 1564 1114 nobis
1630 1062 1750 1129 pla-
1843 1058 2169 1115 toleramus?
2200 1057 2310 1113 Hoc
2333 1067 2416 1112 est
2445 1057 2698 1112 nimirum
2735 1056 2908 1126 ipsum
2942 1053 3218 1109 Christum
3249 1068 3406 1108 aver-

128 1167 295 1204 cere.
345 1150 712 1222 Unusquisque
739 1162 962 1206 vestrum
1003 1153 1242 1221 proximo
1298 1152 1499 1220 placeat
1549 1154 1602 1207 in
1660 1155 1750 1208 ba-
1841 1165 1953 1210 tere
1997 1154 2064 1208 ab
2113 1155 2211 1209 hoc
2256 1151 2480 1218 aliecm,
2517 1165 2584 1206 ne
2615 1159 2831 1221 portare
2882 1148 3009 1203 velit
3064 1146 3406 1202 inﬁrmitates

129 1258 215 1293 no
265 1243 384 1313 (80)
417 1243 485 1296 ad
513 1245 937 1310 mitiﬁcationem.
979 1243 1118 1296 Nam
1150 1253 1197 1297 et
1231 1243 1474 1298 Christus
1515 1262 1617 1298 non
1649 1245 1749 1298 sibi
1838 1255 2073 1300 nostras.
2123 1243 2289 1300 Nemo
2326 1243 2471 1297 enim
2527 1243 2598 1296 ita
2658 1239 2928 1310 perlectus
2975 1246 3080 1304 est,
3128 1237 3219 1307 qui
3265 1238 3406 1306 apud

128 1333 366 1402 placuit
395 1351 414 1399 ;
453 1335 546 1388 sed
580 1337 714 1388 sicut
751 1334 1003 1402 scriptum
1051 1344 1164 1388 est:
1191 1333 1521 1402 lmproperia
1554 1336 1749 1405 impro-
1839 1337 2004 1394 Deum
2032 1339 2085 1393 in
2119 1337 2295 1407 aliquo
2327 1353 2430 1392 non
2459 1334 2762 1390 inveniatur
2793 1332 3059 1394 inﬁrmus,
3091 1337 3144 1385 et
3165 1336 3410 1399 portetur

129 1427 461 1493 perantium
487 1425 582 1480 tibi
608 1426 902 1480 ceciderunt
932 1442 1089 1494 super
1121 1442 1223 1479 me.
1250 1424 1584 1496 ancunque
1611 1429 1748 1481 enim
1841 1445 1870 1484 a
1901 1429 2148 1496 Christo;
2181 1441 2234 1484 et
2263 1429 2384 1483 ideo
2407 1427 2768 1499 sympathiam
2797 1425 2965 1494 magis
3007 1424 3060 1477 in
3089 1422 3190 1477 hoc
3225 1421 3406 1485 docet,

132 1518 360 1586 scripta
386 1526 528 1583 sunt,
553 1518 622 1572 ad
661 1527 896 1572 nostram
936 1518 1233 1571 doctrinam
1267 1518 1466 1584 scripta
1520 1531 1662 1587 sunt,
1694 1530 1747 1572 ut
1840 1521 1890 1576 id
1936 1531 2020 1576 est
2064 1521 2294 1590 compati
2345 1519 2575 1576 invicem
2603 1518 2714 1591 (85)
2762 1525 2815 1571 et
2843 1512 3148 1577 condolere,
3181 1513 3324 1566 sicut
3352 1521 3406 1564 et

132 1626 249 1678 per
277 1609 589 1676 patientiam
618 1618 668 1664 et
718 1608 1128 1664 consolationem
1177 1607 1576 1676 Scripturarum
1606 1629 1746 1681 spent
1782 1673 1818 1681 _
1840 1612 1892 1666 in
1925 1613 2044 1668 aliis
2076 1612 2263 1665 scribit
2295 1629 2309 1666 :
2343 1609 2608 1664 Donantes
2637 1609 2778 1663 vobis
2821 1606 3038 1660 invicem
3079 1601 3274 1657 delicta
3325 1617 3410 1655 tte-

139 1673 451 1756 habeamus
471 1701 786 1760 ".Videtur
811 1702 862 1755 in
914 1702 1002 1757 his
1046 1701 1241 1756 Paulus
1294 1702 1510 1756 ﬁrmum
1543 1716 1744 1759 semet-
1781 1673 1971 1766 Bstra,
2007 1701 2145 1754 sicut
2169 1710 2216 1754 et
2245 1700 2385 1752 Deus
2427 1702 2482 1753 in
2523 1699 2735 1753 Christo
2781 1698 2993 1751 donavit
3025 1695 3164 1750 vobis
3187 1694 3252 1750 ⁸⁸.
3294 1691 3408 1748 "oc

138 1791 339 1860 ipsum
377 1793 749 1860 pronuntiare,
785 1794 922 1848 sicut
955 1802 1010 1847 et
1041 1794 1091 1846 in
1126 1795 1297 1862 prima
1332 1796 1397 1848 ad
1436 1796 1748 1851 Corinthios
1836 1802 2012 1847 autem
2047 1806 2154 1845 non
2187 1790 2390 1844 idcirco
2415 1788 2676 1858 praecipit,
2704 1788 3157 1854 utdelinqueutes
3181 1784 3406 1848 nutriat,

133 1885 314 1949 dicit,
348 1885 473 1953 quia
508 1885 682 1954 factus
713 1900 828 1939 sum
861 1885 1088 1953 inﬁrmis
1129 1885 1394 1953 inﬁrmus,
1429 1897 1482 1939 ut
1507 1887 1746 1951 inﬁrmos
1835 1891 1890 1938 et
1928 1883 2264 1938 inﬁrmantes
2309 1881 2645 1950 indulgentia
2693 1879 2900 1934 laxiore
2946 1876 3056 1948 (86)
3097 1876 3403 1931 dissolvat:

135 1975 482 2029 lucrarer".
504 1975 567 2029 Et
606 1975 678 2030 ibi
721 1977 866 2030 enim
897 1990 1004 2028 non
1040 1991 1100 2030 se
1135 1978 1266 2030 dicit
1297 1977 1570 2030 inﬁrmum
1601 1993 1743 2044 csse,
1835 1975 1927 2031 scd
1961 1975 2139 2029 sciens
2171 1972 2424 2043 quoniam
2459 1970 2504 2027 si
2538 1980 2782 2041 portetur
2823 1969 3094 2031 inﬁrmus,
3143 1977 3238 2022 aut
3280 1982 3407 2020 eru-

133 2063 247 2118 sed
282 2064 397 2118 ﬁeri
429 2063 700 2119 inﬁrmum
732 2081 747 2118 :
783 2075 834 2118 et
869 2080 972 2118 non
999 2065 1212 2135 utique.
1245 2066 1291 2120 si
1321 2067 1570 2122 inﬁrmus
1614 2068 1745 2122 luis-
1834 2065 2004 2122 boscit
2035 2063 2236 2118 diutius
2266 2061 2495 2132 portari,
2533 2071 2587 2115 et
2610 2059 2834 2129 corrigit
2861 2059 3052 2114 vitium
3085 2057 3405 2126 delinquend-

137 2162 256 2215 set,
292 2155 406 2207 ﬁeri
457 2155 722 2224 potuisset
756 2156 1026 2210 inﬁrmus.
1056 2156 1161 2211 Sed
1213 2173 1317 2212 non
1343 2173 1406 2214 ex
1458 2160 1560 2215 hoc
1602 2161 1746 2216 acci-
1835 2159 1924 2224 di;
1957 2165 2049 2210 aut
2081 2155 2126 2210 si
2153 2158 2444 2210 emendare
2477 2167 2535 2209 se
2564 2169 2668 2209 non
2695 2152 2859 2220 valet,
2889 2151 2994 2206 erit
3022 2159 3166 2206 certe
3195 2149 3404 2203 fructus

139 2245 274 2312 pias
311 2246 423 2317 (81)
455 2263 578 2301 eum
607 2249 760 2315 quasi
793 2249 1168 2304 immemorem
1195 2251 1434 2305 mandati
1463 2252 1604 2308 illius
1643 2254 1742 2309 loci
1838 2253 1937 2306 iste
1969 2247 2237 2318 portantis
2261 2262 2410 2314 eum,
2447 2247 2590 2317 quod
2631 2261 2732 2300 non
2769 2245 2985 2312 proﬁcit
3015 2244 3066 2297 in
3108 2243 3278 2312 pejus,
3307 2257 3406 2298 nec

137 2351 264 2406 quo
295 2338 534 2392 dicitur:
573 2336 774 2392 Laudet
815 2350 866 2394 te
906 2344 1178 2409 proximus
1222 2352 1431 2407 tuus,et
1467 2361 1567 2399 non
1594 2355 1743 2400 tuum
1837 2341 2129 2409 semetipso
2158 2338 2395 2393 deterior
2423 2337 2674 2400 edicitur,
2729 2338 2871 2390 sicut
2905 2335 2976 2390 illi
3015 2336 3082 2390 de
3108 2336 3300 2404 quibus
3327 2335 3407 2389 die

139 2443 246 2491 os;
294 2439 574 2482 extraneas
599 2467 614 2495 ,
647 2439 695 2483 et
737 2445 839 2483 non
887 2440 979 2484 tua
1032 2433 1173 2486 labia
1206 2433 1270 2478 ’⁷ο
1307 2431 1420 2486 Non
1465 2449 1597 2504 ergo
1644 2450 1743 2505 pro
1836 2432 1910 2488 cit
1934 2429 2220 2500 Apostolus
2240 2430 2284 2462 “
2316 2427 2598 2499 :Nequam
2633 2441 2807 2484 autem
2832 2430 3064 2484 homines
3088 2439 3137 2484 et
3163 2430 3407 2484 seducto-

142 2516 319 2574 laude
347 2519 586 2590 propria,
623 2521 716 2575 sed
755 2537 852 2591 pro
895 2537 1075 2578 rerum
1113 2527 1496 2595 consequentia
1521 2526 1738 2582 ﬁrmum
1838 2541 1917 2576 res
1951 2522 2223 2591 ρνοβεὶειιι
2253 2521 2367 2592 (8⁷)
2398 2523 2452 2576 in
2485 2521 2656 2590 Peius.
2701 2521 3002 2577 δεάιισεηιεε
3044 2533 3092 2575 ει
3140 2531 3401 2576 erraui“-

141 2612 508 2682 semetipsum
552 2617 894 2684 pronuntiat.
943 2616 1000 2671 Si
1046 2618 1192 2672 enim
1251 2618 1366 2687 ipse
1418 2619 1740 2676 humilitatis
1837 2616 2106 2670 Debemus
2133 2624 2306 2669 autem
2353 2614 2419 2667 ad
2455 2615 2508 2668 id
2553 2614 2696 2684 quod
2753 2615 3095 2671 inﬁrmitates
3127 2623 3404 2685 portamus

140 2704 334 2774 specie
358 2707 504 2760 inter
531 2707 716 2762 ﬁrmos
743 2708 973 2764 vitasset
1003 2712 1349 2775 enmnerari,
1393 2713 1514 2781 quis
1553 2728 1618 2768 ex
1653 2714 1738 2770 his
1835 2707 2195 2772 inﬁrmorum,
2229 2706 2429 2762 addere
2459 2708 2622 2763 etiam
2672 2707 2794 2775 hoc,
2833 2715 2891 2761 ut
2931 2722 3034 2762 non
3066 2708 3220 2761 nobis
3270 2707 3402 2776 ipsis

137 2801 240 2871 qui
274 2801 504 2858 aliorum
543 2801 890 2860 inﬁrmitates
930 2814 1152 2874 portare
1183 2804 1470 2872 deberent,
1503 2807 1732 2863 auderet
1835 2804 2164 2871 placeamus,
2190 2801 2282 2856 sed
2298 2803 2560 2870 proximo,
2585 2802 2640 2855 in
2663 2801 2815 2865 bono',
2844 2809 3074 2866 tantum,
3105 2811 3158 2854 et
3183 2801 3252 2853 ad
3271 2799 3402 2854 ardi-

137 2895 334 2950 snbire
367 2896 508 2951 istud
537 2896 722 2960 ollicii,
758 2906 816 2952 ut
843 2899 997 2967 quasi
1043 2897 1233 2955 ﬁrmus
1267 2900 1383 2970 ipse
1411 2901 1672 2973 lragilitat

1864 2895 2136 2948 icationem
2160 2895 2226 2946 ⁸².
2262 2893 2546 2948 Philautia:
2575 2893 2784 2957 vitium,
2817 2892 2867 2945 id
2901 2902 2982 2947 est
3017 2893 3118 2946 sibi
3154 2891 3255 2958 ipsi
3290 2893 3402 2961 pla-

140 2986 485 3040 inﬁrmorum
517 2986 657 3043 ferre
698 2989 1007 3044 niteretur?
1039 2989 1145 3045 Sed
1177 2990 1300 3046 ideo
1327 3006 1615 3049 commune
1647 2993 1678 3048 εἴ

1863 2987 2068 3040 :endict
2120 2985 2170 3040 in
2215 2985 2337 3041 aliis
2374 2985 2556 3054 culpat
2605 2985 2868 3054 propheta
2915 2999 3036 3038 cum
3083 2983 3214 3037 dicit
3257 2998 3272 3036 :
3315 2981 3401 3038 Va:

141 3081 216 3133 ait
252 3079 396 3134 istud
428 3079 681 3144 oﬂicium,
730 3089 789 3135 ut
836 3082 1215 3152 unusquisque
1248 3093 1496 3139 nostrum
1538 3087 1591 3140 in
1625 3102 1734 3156 quo
1766 3077 1802 3084 '
1833 3077 1914 3132 his
1943 3079 2030 3148 qui
2060 3078 2200 3145 apud
2237 3078 2540 3143 semetipsos
2567 3077 2826 3146 sapientes
2859 3084 3003 3140 sunt,
3028 3077 3149 3129 etin
3180 3092 3400 3144 conspe-

141 3183 340 3236 pntcst,
376 3174 587 3228 etiamsi
619 3189 725 3228 non
761 3174 814 3227 in
845 3173 1122 3242 omnibus,
1149 3184 1330 3231 tamen
1365 3176 1418 3231 in
1443 3191 1554 3247 quo
1584 3178 1735 3234 vide-
1835 3182 1920 3222 ctu
1955 3186 2050 3224 suo
2075 3170 2271 3222 eruditi
2291 3169 2356 3222 ".
2391 3167 2653 3223 Similiter
2675 3181 2804 3238 ergo
2834 3177 2890 3222 et
2915 3168 2966 3222 in
2991 3167 3092 3222 hoc
3116 3183 3402 3236 pOSsltmtts

152 3265 246 3312 tur
292 3258 498 3314 ﬁrmior
543 3261 790 3330 proximo
819 3278 920 3316 suo
959 3279 1109 3328 esse,
1153 3273 1333 3334 portet
1365 3265 1736 3324 inﬁrmitatem
1833 3259 2051 3314 dicere:
2087 3257 2178 3314 Vae
2207 3259 2290 3313 his
2323 3258 2414 3330 qui
2448 3259 2550 3314 sibi
2583 3259 2714 3327 ipsis
2748 3261 2981 3330 placent,
3011 3269 3064 3314 et
3098 3261 3150 3314 iu
3173 3275 3401 3330 conspe-

155 3347 306 3415 eius;
336 3347 478 3403 sicut
515 3359 572 3405 et
617 3349 674 3403 in
715 3351 834 3406 aliis
870 3351 1001 3406 dicit
1033 3369 1045 3404 :
1090 3353 1317 3408 Invicem
1354 3370 1516 3410 onera
1561 3370 1734 3412 ιιεεινα
1833 3362 1921 3404 ctu
1955 3367 2056 3405 suo
2091 3353 2212 3405 boni
2245 3353 2514 3406 videntur.
2549 3349 2772 3419 Oportet
2820 3351 2962 3406 enim
3012 3351 3066 3406 in
3109 3362 3397 3422 conspectu

156 3449 364 3510 portate
387 3439 453 3493 ".
473 3439 580 3496 Sed
603 3443 817 3496 videtur
839 3461 997 3498 onera
1019 3444 1106 3499 hic
1129 3462 1227 3516 pro
1248 3449 1524 3516 corporeis
1546 3463 1740 3506 neces-
1833 3441 1926 3497 Dei
1961 3443 2137 3511 Primo
2174 3443 2406 3512 Placere.
2456 3445 2698 3500 secundo
2739 3444 2900 3499 etiam
2931 3447 3210 3515 διτοιῖιηίεο
3249 3447 3400 3501 Sicut

149 3531 408 3586 sitatibus
442 3535 772 3602 nominasse,
800 3545 859 3590 ut
885 3536 929 3592 si
965 3536 1090 3605 quis
1124 3537 1178 3592 in
1209 3537 1566 3594 facultatibus
1593 3554 1732 3608 opu-
1831 3536 1976 3591 enim
2013 3536 2244 3604 primum
2276 3546 2360 3592 est
2389 3538 2612 3609 diligere
2654 3538 2935 3593 Dominum
2978 3537 3170 3606 Deum,
3213 3547 3268 3592 et
3313 3554 3401 3594 se-

152 3620 349 3678 lentior
387 3635 490 3689 est,
541 3640 678 3682 onus
725 3627 1068 3698 pauperioris
1119 3636 1317 3696 portet,
1359 3635 1414 3683 et
1447 3629 1730 3697 penuriam
1832 3628 2012 3684 eundo
2039 3632 2365 3700 proximum,
2395 3632 2468 3686 ita
2510 3643 2562 3688 et
2589 3635 2820 3703 primum
2852 3635 2962 3706 (88)
3007 3636 3218 3702 placere
3266 3635 3398 3696 Deo.

154 3715 358 3770 soletur
386 3717 740 3776 abundantia.
764 3717 820 3772 In
858 3733 924 3774 eo
957 3733 1090 3774 vero
1119 3719 1210 3774 ubi
1242 3718 1411 3784 dicit,
1442 3726 1502 3774 ut
1529 3721 1734 3775 lirmio-
1832 3724 2068 3777 secundo
2099 3724 2260 3778 etiam
2293 3724 2576 3792 proximis.
2609 3725 2714 3780 Sed
2753 3726 2985 3781 fortasse
3021 3727 3162 3781 dicat
3205 3727 3400 3797 aliquis

151 3815 242 3861 res
285 3809 620 3865 inﬁrmorum
649 3812 952 3866 sustineant
1003 3812 1374 3877 inﬁrmitates,
1424 3827 1532 3867 non
1586 3811 1733 3866 aliud
1832 3811 2104 3866 contraria
2140 3811 2239 3866 sibi
2284 3811 2506 3866 Paulum
2542 3814 2724 3869 dicere
2771 3817 2821 3868 in
2849 3829 2913 3870 eo
2940 3817 3080 3885 quod
3111 3817 3264 3886 jubet
3305 3835 3400 3872 nos

154 3895 378 3970 intelligi
405 3911 601 3968 potest,
632 3918 792 3972 quam
830 3914 887 3957 ut
924 3918 987 3958 ea
1033 3904 1084 3956 in
1112 3902 1310 3972 quibus
1335 3903 1424 3959 alii
1459 3917 1556 3975 per
1588 3904 1736 3960 inlir-
1835 3905 2045 3973 placere
2077 3903 2359 3972 proximis,
2391 3905 2479 3972 qui
2512 3906 2564 3958 iu
2596 3904 2716 3960 aliis
2751 3907 2949 3961 dixerit
2983 3925 2998 3961 :
3032 3907 3142 3975 Ego
3164 3913 3209 3962 si
3231 3911 3399 3966 homi-

152 3991 394 4047 mitatem
433 3995 753 4066 delinquunt
774 4036 789 4060 ,
823 3997 1160 4052 robustiores
1209 3998 1413 4067 quique
1458 3998 1731 4067 patienter
1833 3995 1983 4050 nibus
2011 3996 2296 4066 placerem,
2322 3997 2521 4051 Christi
2549 4013 2725 4052 servus
2756 4015 2863 4053 non
2894 4017 3055 4056 essent
3081 4002 3144 4056 “.
3185 4003 3250 4056 Et
3281 4006 3402 4059 uti-

154 4082 348 4148 ierant,
385 4095 436 4140 et
465 4102 570 4140 non
601 4089 856 4142 continuo
889 4097 1151 4156 Spernaut
1178 4103 1295 4153 eos,
1324 4089 1606 4158 abjiciant,
1632 4089 1728 4146 ab-
1834 4103 1938 4157 que
1960 4091 2084 4144 huic
2103 4090 2386 4144 sententia:
2407 4090 2621 4145 videtur
2639 4106 2759 4146 esse
2782 4095 3137 4161 contrarium,
3164 4107 3218 4150 ut
3241 4113 3402 4150 unus-

149 4178 491 4243 horrescant,
517 4179 560 4235 si
600 4177 741 4236 forte
774 4183 826 4236 iu
857 4182 1040 4252 aliquo
1072 4182 1412 4236 inﬁrmitatis
1447 4183 1579 4238 vitio
1611 4183 1728 4236 vin-
1831 4183 2047 4251 quisque
2081 4192 2327 4236 nostrum
2357 4183 2598 4251 proximo
2641 4183 2868 4252 placeat,
2906 4195 2958 4240 et
3001 4188 3141 4257 quod
3185 4189 3236 4242 in
3279 4191 3400 4244 aliis

147 4279 357 4336 cuntur,
392 4285 567 4343 neque
587 4273 689 4328 sub
719 4274 830 4345 (82)
863 4274 1042 4344 specie
1065 4273 1305 4344 purioris
1341 4275 1485 4337 vitae,
1520 4289 1548 4327 τι
1597 4288 1726 4329 con-
1833 4273 1963 4328 dicit
2007 4291 2022 4328 :
2059 4271 2205 4328 Sicut
2244 4283 2290 4326 et
2322 4289 2414 4343 ego
2445 4275 2683 4327 omnibus
2716 4290 2808 4342 per
2843 4278 3020 4329 omnia
3056 4277 3235 4346 placeo
3261 4280 3396 4349 (89),

213 4405 478 4481 quam:
509 4422 581 4469 tv,
617 4407 669 4462 1.
731 4408 791 4481 ,⁸⁸
818 4407 962 4481 Psal.
995 4423 1186 4481 cum,
1219 4408 1356 4481 7.8.
1406 4407 1634 4481 ﬁliam.
1689 4424 1788 4474 xv,
1831 4412 1992 4481 iseq.
2069 4409 2505 4472 "1(Inr.tv,22.
2537 4412 2628 4481 ﬂ"
2651 4411 2809 4466 Prov.
2837 4413 3078 4472 xxmﬂ.
3153 4414 3394 4471 "Calai.

150 4488 220 4539 Vl,
245 4475 296 4529 2.
371 4477 415 4508 ⁵³
447 4477 545 4532 lsa.
571 4493 691 4542 LIII,
719 4477 774 4531 4.
855 4477 898 4508 ⁸ο
920 4476 1114 4546 Ephes.
1141 4494 1213 4542 tv,
1241 4477 1330 4532 52.
1401 4478 1441 4510 ⁶¹
1467 4478 1506 4531 ll
1552 4478 1688 4532 Tim.

1856 4475 1968 4537 15(
2021 4484 2064 4515 ⁵³
2097 4481 2246 4535 Boni.
2279 4495 2365 4544 xv,
2392 4481 2446 4535 2.
2527 4480 2572 4512 ⁸³
2601 4481 2699 4537 lsa.
2729 4499 2782 4548 v,
2811 4484 2902 4538 2|.
2961 4483 3003 4514 “
3038 4481 3211 4540 Galat.
3237 4502 3274 4552 ι,
3309 4488 3389 4542 l0.

219 4561 527 4662 (78).Editi,
564 4593 776 4658 probate
807 4594 1022 4659 spiritus
1055 4595 1196 4662 quod
1229 4611 1293 4647 ex
1317 4594 1422 4648 Deo
1441 4606 1579 4648 sunt.
1605 4593 1711 4650 Sed
1749 4603 1788 4654 ι)
1828 4611 1958 4650 mss.
1994 4605 2044 4647 et
2079 4593 2332 4645 Rabanns
2358 4600 2416 4644 ιιι
2451 4594 2502 4646 in
2547 4605 2731 4650 nostro
2763 4605 2929 4650 textu.

153 4676 333 4743 numes
361 4671 590 4743 ⁸ιιιεεῑλιιι
618 4663 669 4715 in
693 4673 876 4716 nostro
903 4674 1076 4729 textu,
1114 4664 1214 4718 nisi
1249 4667 1396 4733 quod
1433 4681 1576 4719 unus
1617 4667 1713 4720 ha-
1899 4663 2011 4743 (833)
2035 4663 2152 4743 _S‘r.
2187 4677 2316 4743 mss.
2369 4673 2431 4743 et
2463 4662 2742 4743 iiabanus.
2793 4667 2933 4743 Editi
2967 4685 3137 4743 vero,
3186 4681 3235 4726 et
3277 4674 3394 4730 ideo

153 4730 459 4804 licat,Asi_ex
484 4731 752 4804 Deosnnt.
786 4803 791 4804 ν
1186 4802 1193 4804 _
1267 4730 1282 4733 “
1829 4730 1994 4804 inagis
2029 4732 2081 4804 in
2116 4732 2211 4804 hoc
2246 4731 2381 4804 decet
2413 4732 2589 4785 itidem
2619 4739 2846 4804 compati
2874 4730 3254 4800 inivicem.'etc.

217 4801 324 4872 (79)
354 4798 420 4880 [fit
457 4818 549 4880 nos
592 4801 794 4880 liberati
833 4817 1046 4880 sumus.
1092 4802 1427 4880 Adjutorittm
1475 4815 1710 4880 nostrum
1833 4876 1855 4880 Δ
1899 4798 2011 4880 (86)
2038 4800 2283 4880 basiare.
2311 4801 2637 4880 S.ie.nt_ss.et
2661 4798 2931 4880 “abantis.
2962 4798 3392 4880 Editi,lurgiore.

153 4871 204 4950 in
244 4870 446 4950 nomine
493 4870 724 4950 Domini,
750 4874 844 4950 qui
883 4870 1234 4950 fecit‘ctelum
1256 4883 1303 4925 et
1335 4886 1550 4928 terram.
1587 4875 1710 4930 ll.rc
1827 4875 2028 4950 Deinde
2064 4870 2239 4950 ii‘dem-
2271 4871 2423 4950 editi,
2456 4872 2651 4950 si_non
2693 4877 2844 4950 (mss.
2895 4870 3137 4950 quidam,
3179 4870 3318 4950 quod
3347 4887 3395 4938 si

153 4940 526 5020 desiderantur
555 4942 607 5020 in
631 4943 793 4996 editis
811 4940 1262 5020 etrestitnuutur
1285 4959 1351 4997 ex
1388 4960 1517 5020 mss.
1612 5015 1623 5020 _
1826 4942 1956 5020 non)
1982 4940 2189 5020 proﬁci}
2224 4941 2274 4992 in
2302 4941 2469 5020 pejus.
2505 4941 2609 4998 Sed
2646 4940 2844 5002 rectius
2867 4940 2967 5004 m's.
3002 4940 3202 5020 Regius
3236 4970 3388 5009 num.

219 5009 320 5082 (80)
365 5008 730 5090 Unusquisque
761 5024 987 5067 vestrum
1020 5015 1114 5090 (al.
1162 5013 1423 5090 nostrum)
1471 5015 1710 5090 proximo
1827 5008 2332 5090 16394ct__li_ahan_us
2362 5008 2421 5064 ut
2458 5014 2510 5066 in
2548 5024 2716 5073 textu.
2857 5061 2868 5074 ,

151 5079 339 5152 placeat
369 5081 424 5134 in
463 5079 615 5146 bona,
641 5079 768 5145 etc.,
797 5097 968 5148 usque
1001 5079 1065 5138 ad
1097 5101 1237 5152 spem
1271 5079 1578 5150 habeamus,
1617 5085 1701 5138 de-
1899 5084 2012 5152 (87)
2049 5081 2209 5140 Editi.
2244 5079 2586 5152 Nequaquam
2618 5095 2793 5142 autem
2828 5092 3062 5145 homines
3094 5092 3390 5148 seductores

150 5151 340 5228 suntin
361 5161 524 5228 antea
545 5152 722 5228 editis,
754 5155 852 5228 sed
884 5151 1240 5228 restituuntur
1269 5169 1334 5228 ex
1369 5170 1498 5208 mss.
1555 5224 1675 5228 ξφ-
1823 5151 2118 5228 proﬁcient,
2149 5163 2256 5204 etc.
2293 5151 2392 5206 Ms.
2436 5151 2636 5223 Regius
2673 5175 2821 5212 num.
2857 5161 2994 5214 1659
3026 5172 3078 5215 et
3112 5161 3390 5228 Rabanus,

213 5220 316 5286 (81)
360 5221 782 5293 Editi,uspicias.
809 5223 1350 5293 Deindctns.Regius
1380 5240 1527 5278 num.
1548 5224 1706 5290 16⁸59,
1821 5220 2124 5291 proﬁciunt.

149 5291 370 5370 mandati
418 5291 562 5370 illius
599 5305 646 5346 et
677 5294 1007 5370 eloquiiquo
1043 5291 1268 5370 dicitur]
1301 5304 1404 5348 etc.
1452 5293 1559 5349 Sed
1605 5311 1710 5350 (δῖε-
1895 5295 2006 5363 (88)
2041 5297 2199 5360 Editi,
2232 5295 2380 5351 Sicut
2427 5294 2596 5366 primo
2637 5309 2712 5350 est
2740 5299 3048 5368 diligam...
3094 5301 3167 5356 ita
3202 5313 3248 5357 et
3280 5304 3394 5370 pri-

152 5362 239 5413 teri
266 5375 419 5424 mss..
453 5361 707 5418 Rabanus
736 5361 789 5418 et
819 5361 970 5429 editi,
1005 5376 1062 5418 ut
1087 5367 1138 5419 in
1171 5372 1341 5420 textu.
1822 5361 1924 5426 mo,
1953 5376 2056 5418 etc.

523 5434 680 5514 υςθρι
710 5435 761 5486 in
802 5435 983 5489 editis,
1826 5504 1836 5511 ι
1891 5435 2008 5514 (82.))
2035 5437 2195 5514 Editi.
2231 5437 2593 5514 Unusquisque
2608 5445 2849 5511 proximo
2875 5457 2968 5514 suo
3001 5441 3227 5514 placeat,
3253 5444 3392 5514 quod

177 5533 180 5536 ~
547 5503 752 5583 dolens.
906 5575 939 5583 _
984 5574 997 5583 _
1059 5573 1070 5583 .
1157 5572 1194 5583 η
1357 5575 1367 5583 _
1497 5577 1506 5583 _
1573 5577 1583 5583 _
1819 5504 1872 5556 in
1898 5498 2035 5561 aliis
2058 5507 2187 5562 dicit
2215 5526 2231 5564 :
2259 5498 2409 5566 Sicut
2439 5521 2485 5566 et
2509 5498 2618 5582 ego.
2632 5529 2724 5582 per
2749 5511 2924 5570 omnia
2944 5498 3238 5567 hominibus
3265 5498 3393 5583 ’μια-

181 5613 184 5616 .
214 5570 314 5640 (ει)
358 5571 520 5636 Editi,
540 5573 878 5638 inﬁrmiores.
906 5573 1128 5638 Deinde,
1150 5572 1261 5628 Hoc
1285 5575 1421 5628 enim
1455 5577 1701 5640 nimirum
1822 5589 1928 5638 reo,
1959 5586 2062 5631 etc.

151 5641 298 5705 ipsum
325 5641 590 5694 Christum
621 5651 850 5696 avertere
879 5654 953 5698 est
987 5646 1050 5697 ab
1083 5645 1198 5708 hor,
1231 5654 1337 5701 etc.
1378 5646 1484 5701 Sed
1515 5662 1702 5703 omnes
2397 5709 2400 5712 ,
3005 5678 3080 5736 ῖιο

326 5734 595 5797 ΡΔτιιοι..
640 5736 756 5798 Gn.
807 5738 975 5802 XIV.

0 6186 3894 6290 --l-______
