4048 6202
341 305 467 362 i‘lfil

1293 296 1648 354 COMMENT.
1691 294 1755 349 IN
1798 292 2016 348 EPIST.
2061 293 2150 346 AD
2191 291 2356 347 R031.
2401 287 2526 345 LIB.
2563 291 2630 347 Χ.

3459 294 3478 346 l
3490 292 3594 350 '26!

336 426 464 482 mini
497 433 550 479 ct
582 423 887 476 Salv-atatis
915 421 1082 476 nostri
1113 418 1237 474 Jesu
1266 418 1466 473 Christi
1490 417 1558 471 ⁸³.
1592 415 1698 472 Sed
1730 425 1787 470 ut
1813 415 1910 469 ad-
1939 416 1984 474 Α
2013 420 2116 475 est,
2152 425 2317 464 unum
2365 420 2527 480 atque
2573 409 2713 464 idem
2765 408 3066 466 sentientes
3109 409 3163 464 in
3200 409 3421 465 nomine
3463 410 3594 466 Jesu

337 509 439 561 huc
469 506 809 562 manifestius
840 509 929 562 fiat
949 516 1220 579 quomodo
1243 525 1364 582 quae
1386 515 1585 583 scripta
1609 523 1756 576 sunt.
1782 531 1911 586 pro-

333 608 454 670 pter
479 614 582 654 nos
612 600 810 670 scripta
841 609 987 666 sunt,
1017 602 1087 657 de
1110 605 1270 670 priori
1302 607 1502 675 populo
1527 607 1656 661 dicit
1684 608 1911 678 prophe-

335 701 405 755 ta,
433 691 557 760 quia
587 708 717 745 aure
739 693 982 757 audietis,
1009 704 1054 746 et
1089 709 1191 746 non
1222 697 1486 762 audietis;
1513 709 1560 750 et
1586 699 1814 752 videntes
1844 701 1912 752 ri-

332 785 534 849 debitis,
563 795 611 839 et
642 801 744 839 non
772 787 1069 859 intelligetis
1095 789 1159 841 ⁸⁸⁵.
1189 789 1265 842 De
1288 790 1444 844 nobis
1470 800 1648 845 autem
1674 791 1900 853 dicitur,

331 877 454 946 quia
487 878 672 948 quibus
715 894 817 931 non
860 891 933 932 est
971 882 1271 934 nuntiatum
1313 883 1378 936 de
1423 899 1514 946 eo,
1549 883 1821 949 videbunt;
1860 892 1910 938 et

330 970 422 1039 qui
451 986 554 1023 non
584 972 886 1036 audierunt,
934 973 1223 1044 intelligent
1254 975 1318 1028 ⁸⁵.
1366 975 1657 1030 Considera
1687 992 1814 1048 ergo
1845 994 1910 1032 ex

331 1062 434 1116 hoc
469 1071 692 1133 propter
719 1065 864 1134 quod
899 1080 1020 1134 qua:
1062 1067 1260 1136 scripta
1295 1081 1422 1121 sunt
1460 1068 1657 1138 scripta
1692 1069 1911 1124 videan-

331 1162 416 1208 tur
449 1155 548 1224 (9).
589 1153 719 1221 Qua:
767 1156 911 1209 enim
947 1156 1287 1220 scribuntur,
1329 1159 1448 1212 sine
1485 1159 1650 1212 dubio
1691 1169 1910 1228 propter

327 1259 421 1299 eos
461 1247 777 1301 scribuntur
817 1249 908 1317 qui
958 1249 1124 1302 visuri
1161 1259 1215 1303 et
1249 1249 1574 1304 intellecturi
1613 1260 1762 1315 sunt,
1798 1267 1904 1304 non

326 1345 554 1406 propter
582 1353 677 1392 eos
705 1339 795 1408 qui
837 1354 1016 1408 neque
1046 1340 1216 1394 visuri
1255 1356 1434 1410 neque
1469 1341 1792 1395 intellecturi
1823 1341 1904 1394 di-

325 1439 549 1486 cuntur.
577 1430 680 1496 Qui
708 1443 889 1487 autem
913 1433 1218 1504 intelligunt
1242 1450 1362 1504 quae
1387 1433 1582 1503 scripta
1606 1443 1751 1498 sunt,
1778 1434 1908 1488 illud

326 1525 445 1579 sine
477 1524 643 1579 dubio
668 1525 950 1581 invenient
980 1527 1122 1594 quod
1146 1535 1542 1594 consequenter
1563 1524 1902 1596 adiungitur:

325 1615 371 1646 ⁸⁸
401 1617 462 1671 Ut
489 1633 582 1685 per
610 1618 943 1684 patientiam,
979 1628 1025 1670 et
1057 1617 1459 1672 consolationem
1488 1616 1902 1687 Scripturarum,

323 1721 468 1774 spent
509 1707 792 1760 habeamus
839 1708 910 1759 ad
940 1706 1105 1760 Deum
1137 1708 1233 1776 (5).
1267 1707 1428 1776 673
1470 1706 1905 1762 Consolationem

325 1813 562 1867 namque
591 1814 655 1852 ex
687 1800 982 1869 Scripturis
1010 1816 1119 1852 non
1147 1799 1234 1854 ille
1262 1800 1352 1869 qui
1387 1814 1564 1868 neque
1588 1801 1780 1864 credit,
1807 1815 1907 1854 ne-

323 1903 434 1956 que
455 1889 704 1959 intelligit
723 1929 736 1951 .
761 1889 855 1943 sed
880 1889 968 1943 ille
987 1890 1078 1958 qui
1100 1898 1154 1943 et
1173 1892 1346 1946 credit
1366 1902 1420 1946 et
1443 1892 1709 1960 intelligit,
1739 1892 1902 1961 capit.

394 1969 446 2024 7.
487 1970 624 2023 Deus
657 1979 830 2024 autem
858 1975 1124 2040 patientia:
1169 1985 1217 2028 et
1247 1976 1620 2030 consolationis
1652 1979 1734 2031 det
1762 1981 1903 2032 robis

316 2061 372 2114 id
402 2063 570 2128 ipsum
595 2079 774 2132 sapere
797 2066 847 2116 in
872 2065 1184 2118 alterutrum
1215 2065 1500 2120 secundum
1529 2066 1562 2120 J
1570 2086 1714 2123 esum
1743 2071 1902 2125 Chri-

315 2163 458 2207 stum
490 2171 508 2208 :
569 2166 620 2208 ut
663 2157 933 2210 unanimes
967 2157 1040 2227 (ἰ)
1075 2174 1178 2211 uno
1209 2173 1298 2210 ore
1326 2158 1676 2228 honori/iretis
1709 2163 1899 2230 Deum,

312 2257 360 2300 ct
393 2245 604 2300 Patrem
640 2248 847 2302 Domini
899 2250 1062 2302 nostri
1088 2249 1214 2302 Jesu
1249 2247 1470 2306 Christi.
1510 2252 1731 2322 PrOpler
1757 2258 1898 2326 quod

311 2340 565 2406 suscipite
608 2339 854 2403 invisent,
910 2343 1044 2394 sicut
1084 2351 1132 2393 et
1182 2339 1428 2395 Christus
1463 2347 1687 2414 suscepit
1723 2362 1808 2400 eos
1845 2348 1898 2402 in

311 2431 563 2484 honorem
591 2431 682 2485 Dei
710 2433 772 2487 ".
811 2432 867 2488 Si
899 2434 1157 2501 patientia
1182 2434 1354 2488 virtus
1382 2443 1485 2500 est,
1510 2437 1688 2490 omnis
1716 2447 1896 2493 autem

315 2520 490 2574 virtus
521 2536 549 2573 a
581 2520 690 2575 Deo
719 2531 797 2576 est
830 2540 844 2589 ;
881 2533 935 2576 et
965 2523 1223 2593 patientia
1257 2539 1285 2578 a
1319 2525 1428 2580 Deo
1460 2535 1566 2581 est.
1599 2527 1735 2582 Cum
1765 2545 1892 2598 ergo

310 2615 518 2669 dicitur
553 2616 689 2671 Deus
723 2620 1021 2684 patientiw,
1060 2620 1162 2674 hoc
1189 2631 1271 2676 est
1300 2622 1444 2690 quod
1471 2622 1686 2677 videtur
1711 2632 1898 2678 osten-

309 2705 391 2773 di,
414 2707 540 2776 qnia
576 2707 714 2763 Deus
737 2725 856 2764 cum
885 2711 968 2765 his
993 2720 1077 2766 cst
1109 2713 1195 2780 qui
1225 2713 1430 2767 habent
1461 2714 1514 2768 in
1540 2729 1599 2768 se
1636 2716 1892 2769 virtutem

308 2798 591 2868 patientia:
620 2817 631 2852 :
670 2799 814 2853 sicut
862 2815 984 2854 cum
1018 2801 1215 2855 dicitur
1246 2801 1384 2857 Deus
1420 2802 1671 2870 justitiat,
1706 2813 1893 2859 osten-

306 2890 460 2944 ditur
491 2893 542 2945 in
576 2891 660 2946 his
687 2905 805 2946 esse
837 2892 976 2946 Dens
1004 2894 1093 2963 qui
1145 2904 1360 2947 servant
1393 2895 1686 2964 justitiam.
1721 2895 1891 2951 Simi-

307 2980 433 3036 liter
467 2993 519 3036 et
548 2983 689 3038 Deus
710 2983 979 3046 veritatis,
1006 2993 1053 3038 et
1089 2985 1228 3038 Deus
1255 2985 1540 3054 sapientite
1575 2986 1652 3058 (5)
1687 2987 1888 3042 intelli-

2018 501 2245 568 Cltristi,
2279 501 2373 567 ibi,
2403 501 2578 571 inquit
2613 498 2750 570 (10),
2779 517 2867 555 ero
2899 502 2954 556 in
2985 496 3157 556 medio
3180 518 3386 558 eorum.
3417 500 3514 558 Vis
3539 510 3594 558 et

2017 591 2162 647 aliud
2191 594 2437 662 accipere
2464 593 2774 661 exemplum
2799 633 2815 656 ,
2843 594 3115 662 quomodo
3155 610 3323 648 unum
3352 595 3600 651 sentien-

2019 685 2160 739 tibus
2187 685 2438 740 Christus
2469 684 2677 740 medius
2707 683 2845 739 ﬂat?
2877 678 3012 740 Vide
3043 684 3097 740 in
3122 685 3348 740 Actibus
3375 694 3598 755 aposto-

2018 777 2191 833 lorum
2227 777 2501 848 quomodo
2531 785 2655 847 post
2681 777 3055 832 ascensionem
3081 773 3316 840 Domini,
3342 792 3466 856 cum
3488 776 3599 834 eie-

2018 878 2259 935 vassent,
2295 869 2492 938 inquit,
2525 869 2774 924 undecim
2813 865 2927 940 (ll)
2963 863 3347 940 apostolicum
3380 864 3599 924 caeteris

2019 978 2229 1024 vocem,
2265 971 2318 1016 et
2348 960 2676 1016 unanimiter
2705 970 2955 1016 orassent
2983 1000 2998 1027 ,
3031 970 3210 1017 motus
3241 969 3326 1016 est
3358 958 3511 1017 locus
3541 961 3598 1017 in

2022 1072 2128 1126 quo
2156 1055 2398 1122 stabant,
2433 1064 2487 1110 et
2522 1055 2866 1126 prtesentiam
2899 1055 3076 1110 sancti
3105 1053 3344 1125 Spiritus
3379 1069 3600 1111 merue-

2021 1147 2238 1201 runt".
2273 1145 2334 1200 Ut
2377 1156 2556 1201 autent
2605 1147 2786 1202 adhuc
2835 1154 3040 1215 quanta
3091 1143 3164 1200 sit
3219 1141 3600 1202 unanimitatis

2019 1238 2192 1292 virtus
2219 1279 2234 1304 ,
2262 1247 2315 1292 et
2348 1247 2547 1306 quanta
2577 1237 2755 1308 gratia
2796 1236 2998 1292 clarius
3027 1235 3118 1290 ﬁat
3143 1278 3158 1304 ,
3202 1251 3311 1292 non
3347 1246 3479 1308 puto
3503 1237 3601 1292 ιιι).

2020 1327 2245 1379 surdum
2273 1327 2468 1392 videri,
2499 1327 2544 1382 si
2574 1342 2636 1381 ea
2669 1341 2789 1398 quae
2822 1327 2978 1382 nobis
3005 1327 3070 1382 de
3103 1325 3187 1380 his
3212 1326 3378 1380 etiam
3410 1326 3462 1382 in
3493 1320 3600 1385 Ve-

2023 1419 2120 1473 teri
2170 1402 2520 1474 Testamento
2565 1433 2593 1474 a
2635 1419 2884 1489 patribus
2937 1419 3342 1474 rationabiliter
3398 1418 3598 1474 tradita

2019 1520 2166 1575 sunt,
2198 1511 2281 1567 his
2330 1511 2544 1567 scilicet
2576 1511 2666 1582 qui
2696 1525 2762 1566 ex
2797 1509 3039 1564 Hebraeis
3065 1511 3134 1565 ad
3186 1509 3393 1565 Christi
3437 1508 3599 1566 fidem

2019 1611 2327 1668 venerunt,
2381 1602 2434 1657 in
2487 1603 2721 1657 medium
2768 1597 3130 1672 proferamus.
3185 1598 3422 1656 Aiebant
3467 1613 3602 1674 ergo

2025 1707 2134 1750 tres
2156 1695 2266 1767 (1‘2)
2299 1695 2419 1749 illos
2446 1694 2586 1749 filios
2613 1693 2753 1750 Core
2773 1709 3005 1765 quorum
3037 1695 3259 1750 nomina
3292 1693 3600 1751 invenimus

2011 1789 2062 1842 in
2101 1789 2284 1841 Exodo
2319 1787 2391 1852 ⁹¹,
2423 1787 2472 1840 id
2499 1797 2600 1851 est,
2631 1787 2767 1841 Aser
2795 1789 2886 1858 qui
2921 1788 3314 1858 interpretatur
3341 1783 3596 1852 eruditio,

2007 1891 2058 1934 ct
2116 1881 2360 1934 Elchana
2397 1881 2488 1950 qui
2534 1879 2587 1934 in
2639 1890 2826 1934 nostra
2861 1879 3041 1949 lingua
3085 1880 3286 1936 dicitur
3335 1881 3598 1951 possessio

2010 1973 2200 2034 Dei,et
2231 1971 2502 2040 Abiasapb
2538 1971 2628 2041 qui
2660 1972 2713 2026 in
2742 1971 2936 2026 Latino
2963 1986 3216 2028 sermone
3247 1969 3451 2028 indicat
3476 1985 3598 2027 cou-

2005 2067 2358 2136 gregationem
2387 2066 2559 2134 patris
2580 2104 2596 2132 ,
2627 2079 2748 2119 cum
2782 2073 2936 2134 pater
2964 2080 3152 2121 eorum
3201 2065 3340 2121 Core
3370 2079 3596 2136 peccas-

2004 2167 2088 2213 set
2122 2175 2228 2211 una
2263 2173 2386 2214 cum
2423 2157 2630 2211 Dathan
2679 2166 2733 2210 et
2766 2157 2977 2212 Abiron
3013 2157 3090 2221 ⁹¹,
3119 2166 3174 2211 et
3209 2157 3464 2212 omnibus
3498 2149 3594 2226 qui

2003 2257 2402 2304 consenserunt
2428 2249 2532 2312 eis,
2559 2257 2615 2302 et
2638 2248 2834 2303 divina:
2863 2248 3084 2304 ultionis
3107 2248 3159 2302 in
3183 2262 3278 2304 eos
3301 2257 3593 2319 pararetur

2001 2342 2271 2396 excidium
2300 2381 2313 2406 ,
2348 2342 2480 2396 istos
2516 2355 2836 2410 scgregasse
2865 2356 2924 2396 se
2953 2357 2982 2393 a
3012 2351 3155 2396 cmtu
3202 2339 3413 2396 nefario
3445 2334 3587 2412 (l5),

2002 2443 2057 2486 ct
2087 2431 2154 2485 ah
2185 2432 2348 2502 impia
2385 2431 2790 2502 conSpiratione
2831 2440 3204 2501 sequestratos
3254 2431 3592 2486 unanimiter

2002 2525 2068 2578 ad
2126 2525 2290 2579 Deum
2337 2539 2556 2594 precem
2603 2523 2937 2594 pmnitentia:
3003 2523 3311 2593 profudisse
3355 2543 3370 2578 :
3424 2533 3589 2595 atque

1999 2615 2281 2669 exauditos
2327 2631 2355 2668 a
2393 2614 2501 2669 Deo
2550 2629 2658 2668 non
2692 2614 2862 2668 solum
2897 2615 3110 2669 veniam
3164 2629 3361 2685 pmnat,
3410 2616 3505 2671 sed
3533 2622 3591 2671 et

2000 2707 2299 2774 prophetia:
2329 2706 2561 2777 gratiam
2611 2705 2916 2773 meruisse;
2945 2716 3001 2761 et
3046 2706 3150 2760 hoc
3194 2721 3410 2776 quoque
3435 2705 3516 2762 eis
3553 2724 3582 2759 a

2002 2796 2110 2852 Deo
2145 2799 2497 2866 poscentibus
2528 2813 2650 2855 esse
2676 2799 3007 2870 praestitum,
3045 2815 3112 2853 ne
3143 2799 3271 2868 quid
3305 2799 3462 2854 triste
3492 2810 3587 2853 aut

1998 2887 2281 2944 exitiabile
2313 2890 2644 2960 prophetare
2679 2889 3005 2959 juberentur
3030 2904 3044 2943 :
3073 2899 3125 2945 et
3159 2892 3227 2944 ob
3255 2891 3360 2945 hoc
3391 2904 3585 2946 omnes

1995 2977 2242 3033 l’salmos
2271 2979 2584 3050 quicunque
2618 2979 2930 3036 nominibus
2963 2995 3150 3035 eorum
3207 2981 3467 3037 attitulati
3498 2997 3584 3039 rc-

304 3072 478 3142 gitur.
525 3072 630 3128 Sed
660 3082 713 3129 et
759 3073 897 3128 Deus
927 3076 1300 3131 consolationis
1341 3093 1462 3132 cum
1511 3079 1730 3144 dicitur,
1767 3096 1886 3134 cum
1919 3097 1962 3158 ε
1999 3070 2273 3136 feruntur.
2309 3072 2444 3126 nihil
2475 3072 2628 3128 triste
2650 3073 2936 3128 adversum
2965 3081 3286 3142 peccatores
3308 3081 3402 3129 aut
3424 3088 3583 3145 aspe-

305 3166 416 3222 illis
457 3182 578 3222 esse
609 3169 911 3223 ostenditur
943 3169 1085 3223 Deus
1117 3169 1208 3238 qui
1260 3185 1324 3224 cx
1357 3170 1552 3225 divinis
1589 3170 1890 3239 Scriptnr's

303 3269 404 3326 per
436 3256 848 3324 intelligentiam
879 3257 1178 3324 spiritalem
1202 3260 1630 3314 consolationem
1654 3259 1890 3330 Spiritus

302 3344 552 3414 capiunt.
586 3343 727 3396 Deus
755 3359 883 3412 ergo
913 3346 1179 3411 patientia:
1211 3346 1284 3415 (li)
1315 3356 1362 3400 et
1391 3348 1772 3402 consolationis
1804 3351 1887 3404 det

303 3436 473 3499 vobis,
495 3435 690 3502 inquit,
722 3435 946 3502 idipsum
971 3453 1151 3502 sapere
1179 3438 1227 3488 iu
1259 3438 1570 3493 alterutrum
1596 3444 1887 3496 secundum

299 3527 493 3581 Iesum
518 3524 806 3582 Christum.
838 3524 894 3578 In
924 3526 1028 3580 hoc
1055 3524 1254 3581 Paulus
1279 3529 1710 3596 patriarcharum
1739 3547 1889 3586 more

299 3629 355 3673 et
384 3619 799 3689 protihetarutn,
832 3632 1062 3686 quorum
1100 3617 1503 3672 hcncdictiones
1549 3621 1766 3689 scripta:
1801 3638 1886 3676 re-

299 3711 578 3776 feruntur,
617 3710 1026 3767 benedictiones
1074 3709 1280 3766 tribuit'
1313 3712 1613 3777 Romanis,
1651 3729 1886 3771 exorans

295 3805 376 3859 eis
411 3804 534 3858 dari
565 3819 593 3856 a
622 3803 732 3858 Deo
764 3812 819 3858 ut
856 3804 908 3858 id
957 3804 1128 3872 ipsum
1185 3805 1402 3874 sapiant
1449 3805 1501 3859 itt
1538 3805 1884 3861 alterutrum.

293 3897 544 3953 Grandis
585 3906 669 3950 est
714 3896 818 3950 ista
852 3897 1156 3952 benedictio
1191 3897 1305 3965 (7),
1360 3907 1420 3951 ut
1450 3913 1618 3951 unum
1670 3899 1888 3967 sapiant

292 4003 497 4044 omnes
527 3997 688 4056 atque
714 3989 992 4055 sentiant,
1025 3999 1076 4043 ct
1112 3991 1255 4044 sicut
1293 3990 1441 4057 sibi,
1479 3992 1550 4044 ita
1589 3990 1667 4062 (8)
1717 4007 1887 4046 unus-

291 4083 537 4152 quisque
565 4082 690 4138 velit
717 4091 769 4137 et
798 4085 1047 4151 proximo
1065 4098 1182 4136 suo.
1214 4083 1306 4137 Vis
1329 4093 1510 4137 autem
1539 4085 1683 4139 scire
1717 4098 1885 4154 quan-

293 4186 406 4230 tutn
451 4174 629 4229 valeat
680 4175 1056 4229 ttuanimitatis
1085 4174 1304 4244 gratia?
1341 4173 1600 4230 Salvator
1632 4177 1683 4229 in
1716 4177 1885 4230 Evan-

290 4269 461 4338 geliis
484 4266 532 4298 ⁸³
561 4268 899 4336 pronuntiat,
919 4267 1042 4334 quia
1070 4267 1115 4320 si
1141 4268 1244 4320 duo
1273 4265 1349 4320 eel
1379 4276 1482 4321 tres
1505 4269 1558 4321 ia
1578 4285 1739 4321 unum
1759 4284 1886 4321 can-

288 4356 656 4419 senserint,de
681 4357 820 4410 omni
846 4372 898 4409 re
921 4372 1280 4426 quamcunque
1321 4358 1562 4427 petierint
1595 4375 1624 4411 a
1650 4357 1758 4412 Deo
1781 4357 1878 4428 (9),

1998 3178 2116 3216 rum
2143 3164 2446 3220 continere.
2491 3163 2605 3219 lloc
2644 3173 2823 3218 autem
2875 3165 3237 3234 protulimus,
3272 3173 3330 3220 ιιι
3369 3175 3574 3238 quanta

1993 3255 2064 3309 sit
2092 3255 2468 3310 unanimitatis
2499 3256 2692 3320 virtus,
2713 3265 2768 3312 ct
2795 3272 2962 3310 unum
2983 3257 3208 3324 sentire,
3227 3266 3391 3329 atque
3413 3273 3578 3313 unum

1994 3348 2230 3402 invicem
2285 3361 2521 3416 sapere,
2574 3348 3014 3419 magnificentius
3079 3359 3419 3406 nosceretur.
3465 3347 3580 3420 Ego

1993 3439 2161 3492 etiam
2215 3437 2344 3492 illud
2371 3478 2386 3503 ,
2428 3441 2571 3506 quod
2616 3439 2815 3495 Paulus
2856 3440 2909 3495 in
2958 3440 3284 3509 quihusdam
3313 3438 3579 3513 Epistolis

1995 3530 2226 3584 aliorum
2259 3529 2518 3584 vocabula
2550 3545 2735 3584 secum
2766 3532 2978 3602 jungit,
3007 3541 3062 3586 et
3091 3531 3241 3596 dicit,
3275 3530 3501 3597 Paulus,
3527 3541 3580 3585 et

1995 3623 2279 3678 Sest/renes
2312 3621 2480 3689 frater
2507 3622 2587 3686 ⁹³;
2615 3631 2668 3676 et
2698 3623 2852 3687 alibi,
2885 3620 3110 3686 Paulus,
3139 3629 3190 3673 et
3215 3621 3503 3690 Sylvanus,
3527 3631 3577 3676 et

1995 3711 2295 3766 Timotheus
2319 3711 2364 3744 ’⁸
2402 3727 2417 3776 ;
2467 3720 2599 3780 puto
2645 3726 2751 3765 non
2790 3711 3025 3765 inaniter
3067 3711 3319 3780 factum;
3359 3713 3454 3767 sed
3481 3730 3578 3782 per

1993 3804 2096 3858 hoc
2124 3805 2334 3860 ostendi
2363 3844 2379 3870 ,
2408 3805 2535 3874 quia
2569 3805 2777 3860 duobus
2806 3805 2892 3861 vel
2940 3805 3118 3861 tribus
3151 3807 3201 3860 in
3247 3821 3354 3862 uno
3385 3808 3577 3878 positis

1992 3895 2232 3965 Spiritus
2259 3908 2483 3952 sanctus
2530 3911 2696 3951 unum
2728 3895 2795 3951 de
2841 3898 2922 3952 eis
2956 3913 3176 3953 sensum
3213 3908 3377 3968 atque
3405 3915 3572 3954 unum

1989 3987 2240 4042 clicuerit
2282 4001 2628 4043 sermonem:
2682 3987 2858 4056 utqui
2909 3979 3319 4060 EcclesiasU-i)
3375 3989 3572 4044 docere

1990 4079 2283 4148 cupiebant
2326 4094 2494 4133 unum
2531 4079 2716 4135 dicere
2744 4095 2932 4135 omnes
2970 4089 3132 4151 atque
3162 4096 3326 4135 unum
3357 4095 3571 4150 sapere,

1989 4171 2093 4240 ipsi
2148 4172 2299 4241 prius
2328 4187 2492 4227 unum
2529 4187 2588 4228 se
2626 4172 2810 4228 dicere
2840 4183 3002 4244 atque
3032 4189 3197 4228 unum
3250 4188 3444 4244 sapere
3477 4174 3562 4228 de-

1989 4272 2390 4328 monstrarent,
2417 4275 2471 4319 et
2522 4279 2624 4318 uno
2671 4280 2760 4320 ore
2805 4266 3236 4322 houoriﬁcarent
3279 4266 3448 4322 Deum
3475 4305 3492 4333 ,
3520 4279 3571 4322 et

1990 4353 2203 4409 Patrem
2237 4354 2448 4410 Domini
2482 4359 2650 4412 nostri
2690 4357 2818 4412 Jesu
2853 4357 3074 4414 Christi.
3115 4357 3292 4414 Unum
3335 4374 3570 4430 namque

287 4453 375 4520 ﬁet
420 4451 540 4506 illis
573 4468 591 4515 ;
622 4461 675 4505 et
704 4451 899 4506 iterum
943 4452 1007 4504 de
1039 4453 1332 4520 semetipso
1360 4451 1490 4505 dicit
1521 4451 1599 4514 δ’,
1635 4451 1761 4520 quia
1791 4453 1877 4505 ubi
1911 4455 1955 4509 D
1987 4463 2047 4503 os
2076 4450 2298 4513 dicitur,
2327 4450 2415 4504 ubi
2455 4465 2592 4505 unus
2620 4459 2782 4521 atque
2811 4449 2951 4506 idem
2981 4466 3076 4520 per
3101 4451 3440 4506 diversorum
3468 4467 3565 4507 ora

288 4542 496 4611 fuerint
530 4543 634 4595 duo
682 4543 756 4596 t-el
787 4553 888 4596 tres
922 4545 1222 4614 congregati
1268 4545 1321 4596 in
1364 4543 1573 4596 nomine
1605 4559 1742 4607 meo,
1775 4542 1879 4598 hoc

1986 4556 2183 4598 sensus
2220 4551 2273 4596 et
2323 4556 2505 4597 sermo
2553 4541 2813 4613 procedit.
2850 4540 2996 4598 Bene
3039 4550 3217 4596 autem
3272 4541 3567 4613 Apostolus

359 4675 777 4739 “IlTint.t,l0.
824 4679 868 4710 δ”
894 4678 994 4734 Isa.
1029 4694 1102 4742 vt,
1133 4679 1184 4734 9.
1261 4678 1710 4744 "Rom.xv,‘2l;
1751 4678 1895 4735 lsa.t

2012 4681 2093 4734 l5.
2169 4681 2216 4712 “
2251 4680 2407 4737 Rom.
2443 4697 2533 4746 xv,
2563 4680 2619 4734 4.
2661 4681 2714 4749 ,⁸⁷
2747 4680 2904 4737 Rom.
2955 4694 3046 4748 xv,
3075 4680 3108 4735 5
3159 4695 3243 4749 sq.
3303 4682 3350 4715 ⁸⁸
3375 4681 3562 4738 Matth.

290 4764 456 4813 ιιι-ιιι,
484 4749 568 4802 i9.
625 4749 671 4779 "
701 4750 830 4802 ibid.
857 4749 947 4803 ιι).
1021 4749 1067 4780 ⁹⁰
1097 4753 1216 4802 Act.
1238 4763 1279 4813 t,
1302 4766 1356 4802 ιι.
1428 4750 1469 4780 ⁹¹
1502 4749 1671 4803 Exod.
1705 4765 1778 4814 vi,
1829 4750 1895 4804 9.5

2001 4753 2037 4782 ’³
2083 4750 2242 4806 Νυιιι.
2277 4767 2388 4816 xvt,
2428 4752 2450 4805 i
2492 4766 2578 4821 sq.
2647 4748 2692 4782 “
2719 4751 2879 4808 lCor.
2917 4765 2956 4817 l,
2989 4752 3040 4806 1.

363 4868 448 4938 (2)
495 4869 586 4924 Sic
629 4885 759 4925 mss.
791 4880 845 4924 et
873 4870 1153 4924 Rabanns.
1195 4869 1333 4923 Etliti
1368 4884 1534 4932 vero,
1594 4869 1880 4924 Considera

289 4957 415 5007 ergo
445 4955 512 4995 ea:
537 4941 634 4993 hoc
655 4953 868 5008 propter
912 4941 1053 5010 quod
1093 4942 1286 5010 scripta
1329 4951 1490 5004 sunt,
1547 4939 1779 4993 videlicet
1824 4951 1879 4992 ut

291 5011 513 5084 “sigla
536 5011 836 5084 uideantur.
904 5081 914 5084 _
942 5081 952 5084 Α
1149 5075 1156 5084 .

365 5080 445 5148 (⁸5)
477 5078 560 5148 Ad
588 5080 774 5135 Deum.
797 5078 1186 5136 Desiderantur
1220 5081 1335 5136 haec
1354 5080 1406 5134 in
1431 5087 1595 5132 antea
1622 5078 1799 5132 editis.

367 5147 446 5220 (4)
479 5147 548 5203 Ut
583 5153 879 5212 unanimes.
912 5162 1044 5215 ctc.,
1073 5167 1241 5220 usque
1269 5150 1358 5215 ad,
1395 5150 1446 5203 in
1478 5149 1726 5202 honorem
1759 5149 1876 5220 Dei,

289 5218 676 5342 gcsiderantnr
709 5221 763 5275 in
800 5220 998 5286 editis;
1044 5218 1545 5277 sed'restituuntur
1591 5233 1654 5272 es
1691 5219 1875 5272 omni-

332 5304 396 5341 us
438 5303 566 5342 mss.

332 5304 396 5341 IIS
438 5303 566 5342 MSS.

367 5357 448 5426 (5)
483 5358 646 5423 Editi,
677 5358 902 5420 etDeus
927 5361 1216 5426 patientiae,
1250 5358 1418 5414 male.

365 5425 448 5566 (δὲ
483 5426 646 5493 Editi,
681 5429 819 5484 Deus
856 5440 1028 5482 autem
1055 5431 1348 5495 patientior,
1375 5440 1480 5484 etc.

365 5497 422 5566 (7
483 5495 574 5551 Sic
603 5516 733 5554 mss.
762 5509 816 5552 ct
851 5497 1127 5554 Rabanus.
1167 5497 1306 5554 Editi
1358 5514 1480 5555 vero

365 5495 445 5567 (7)
483 5495 574 5551 Sic
603 5516 733 5554 mss.
762 5509 816 5552 ct
851 5497 1127 5554 Rabanus.
1167 5497 1306 5554 Editi
1358 5514 1506 5566 vero,
1552 5498 1740 5555 Gratia
1778 5501 1875 5554 Dei

291 5575 372 5618 est
397 5567 686 5622 benedictio
717 5570 844 5622 ista.

389 5635 445 5703 8)
482 5636 589 5692 Ita.
629 5637 787 5692 Deest
814 5639 865 5691 in
897 5638 1076 5692 editis.

388 5711 445 5770 9)
481 5709 518 5758 A
559 5708 689 5763 Deo.
720 5707 998 5763 Omittilur
1029 5709 1080 5762 in
1109 5708 1260 5764 libris
1287 5720 1441 5764 antea
1477 5712 1655 5765 editis.

367 5777 484 5846 (10)
517 5775 632 5849 Ibi,
662 5779 850 5849 inquit.
901 5776 1026 5834 Haec
1067 5779 1364 5849 duo_vctba
1403 5782 1783 5838 desiderantur
1815 5781 1869 5836 in

3118 4751 3164 4784 ”
3191 4751 3208 4806 I
3236 4751 3403 4810 Thes.
3439 4767 3478 4820 l,
3508 4753 3561 4806 1.

1985 4873 2149 4926 editis
2177 4915 2192 4937 ,
2223 4881 2276 4928 et
2330 4875 2382 4927 in
2431 4871 2673 4942 pluribus
2719 4886 2851 4942 mss.
2881 4908 2898 4935 ,
2943 4870 3036 4926 sed
3090 4871 3454 4926 restituuntur
3491 4885 3562 4942 ex

1987 4959 2087 4998 tus.
2121 4943 2290 5012 Regio
2322 4940 2469 4997 num.
2503 4942 2640 4998 1659
2666 4951 2718 4998 et
2751 4941 3008 5006 Rabano,
3049 4942 3140 5012 qui
3180 4952 3362 4996 tamen
3393 4940 3561 4996 omit-

1985 5014 2048 5066 tit
2081 5013 2172 5066 ibi.

2055 5084 2100 5151 (l
2121 5084 2166 5155 ι)
2193 5082 2341 5138 Libri
2375 5092 2530 5138 antea
2557 5083 2685 5139 editi
2721 5083 2922 5140 habent
2945 5082 3271 5155 duodecim;
3301 5078 3556 5138 Rabanus

1985 5169 2112 5209 vero
2137 5154 2191 5208 et
2224 5169 2414 5208 omnes
2449 5170 2578 5210 mss.
2614 5156 2810 5219 nostri,
2846 5154 3109 5207 undecim.

2053 5223 2362 5296 (12)Editi,
2389 5224 2463 5296 hi.
2485 5223 2631 5296 Mss.
2658 5237 2808 5296 vero.
2838 5233 2961 5296 tres,
2987 5222 3076 5296 qui
3108 5221 3267 5296 paulo
3299 5229 3431 5296 post
3455 5221 3554 5277 ha-

1978 5294 2129 5366 bent,
2148 5291 2358 5366 'Asgr...
2377 5293 2666 5366 _llel_chana
2691 5292 2872 5366 (unus,
2900 5291 3230 5362 llelchan)...
3263 5291 3316 5346 ei
3337 5293 3551 5358 Abiasa,

1979 5365 2091 5436 aL,
2111 5364 2304 5436 Abysa.
2326 5364 2439 5436 Val,
2470 5364 2697 5433 Abyssa.

2049 5435 2163 5503 (15)
2195 5433 2360 5496 Editi,
2387 5435 2606 5503 abiectu
2637 5433 2864 5502 nefario.

2047 5501 2160 5571 (ιιι)
2195 5505 2372 5565 Ειιίιί,
2430 5501 2760 5564 Ecclesium.
2815 5502 2976 5559 male.
3028 5501 3228 5560 Deinde
3270 5506 3552 5571 omittunt,

1975 5590 2149 5626 omnes
2174 5589 2192 5626 :
2219 5583 2274 5627 et
2307 5573 2465 5641 paulo
2497 5583 2616 5639 post
2662 5575 2864 5627 habent
2885 5612 2900 5636 .
2933 5582 2979 5626 et
3025 5589 3127 5627 uno
3167 5590 3255 5628 ore
3282 5572 3553 5643 honoriﬁ-

1973 5645 2093 5697 retis
2149 5643 2356 5711 Deum,
2408 5653 2512 5699 etc.
2570 5643 2676 5699 Sed
2730 5657 2919 5700 omnes
2968 5659 3096 5699 mss.
3149 5655 3205 5700 ttt
3255 5646 3306 5700 in
3366 5652 3555 5700 nostro

1975 5724 2142 5767 ICMII.
