3894 6356
560 275 701 333 1263

2032 268 2191 325 01110
2203 269 2352 326 ENIS
3505 294 3576 353 ml

557 396 648 450 ubi
679 395 791 460 ait,
822 392 1045 460 irtipsnm
1078 405 1258 454 sapere
1301 388 1355 443 in
1394 388 1713 444 alterutrum
1736 430 1752 457 ,
1783 389 2028 455 addidit,
2057 407 2135 443 se-
2165 396 2211 451 Α
2240 405 2348 459 quo
2394 404 2538 444 nunc
2576 403 2669 445 eos
2715 390 2810 460 qui
2859 403 2923 445 ex
2975 389 3324 451 circumcisione
3358 402 3579 478 crediderat.

556 484 784 540 cundum
811 481 992 536 Iesum
1022 478 1309 536 Christum.
1340 478 1531 535 Posset
1563 481 1706 536 enim
1744 481 1861 537 tieri
1909 490 1967 535 ut
1995 492 2044 535 et
2080 482 2133 536 iu

558 574 758 629 malitia
796 572 964 642 aliqui
1007 570 1344 628 unanimiter
1396 573 1812 638 consentirent,
1859 582 1915 628 et
1965 588 2133 627 unum

556 677 809 740 saperent
839 668 891 722 in
926 666 1098 738 pejus.
1135 666 1216 724 0b
1239 667 1342 723 hoc
1383 684 1513 738 ergo
1547 669 1794 735 addidit,
1843 670 2133 724 secundum

551 760 738 819 Iesum
772 760 1058 816 Christum.
1095 759 1198 828 Qui
1229 770 1407 816 autem
1439 763 1737 817 secundum
1767 761 1949 818 Jesum
1974 762 2134 818 Chri-

554 862 697 910 stum
729 852 891 921 sapit,
924 852 1042 905 sine
1071 851 1238 906 dubio
1267 864 1429 906 omne
1455 852 1596 920 quod
1628 854 1827 909 bonum
1851 862 1935 908 est
1965 852 2130 922 sapit.

554 942 682 998 Post
716 946 826 997 haec
857 943 935 996 ait
972 964 985 996 :
1022 940 1246 1010 Drapter
1282 943 1423 1012 quod
1446 945 1693 1014 suscipite
1724 943 1966 1011 invicem,
1998 944 2135 999 sicut

552 1048 602 1092 et
627 1038 866 1094 Christus
897 1037 1121 1099 suscepit
1155 1050 1242 1089 vos
1276 1035 1333 1088 in
1356 1034 1609 1089 honOrem
1638 1033 1752 1091 Dei.
1789 1034 1945 1102 Quod
1979 1035 2131 1101 dicit,

553 1131 799 1198 suscipite
824 1130 1060 1194 invicem,
1096 1129 1162 1182 ad
1206 1127 1337 1183 illud
1364 1125 1709 1183 referendum
1738 1139 1823 1183 est
1847 1129 1993 1199 quod
2020 1130 2132 1199 pri-

555 1237 642 1277 mo
674 1227 1027 1291 proposuerat
1054 1220 1165 1293 (l5)
1191 1262 1209 1289 ,
1240 1220 1330 1275 ubi
1361 1220 1651 1275 occasione
1691 1221 2013 1276 mundorum
2046 1220 2132 1276 vel

554 1311 953 1366 immundorum
980 1312 1224 1368 ciborum
1258 1311 1426 1385 674
1468 1312 1685 1367 diversa
1721 1312 2021 1368 sentientes
2062 1313 2131 1368 ab

554 1403 782 1458 invicem
828 1402 1250 1471 discrepabunt;
1295 1412 1351 1459 et
1400 1404 1526 1459 ait:
1569 1401 1835 1472 Suscipite
1885 1405 2130 1471 invicem,

553 1495 686 1550 sicut
712 1504 758 1549 et
782 1492 1023 1548 Christus
1046 1494 1268 1564 suscepit
1294 1510 1405 1559 vos,
1433 1494 1523 1563 qui
1554 1492 1755 1549 nullius
1788 1495 1997 1550 horruit
2030 1496 2133 1548 imo

553 1586 850 1643 munditias
873 1626 888 1653 ,
941 1601 1040 1641 nee
1072 1587 1343 1655 reputavit
1379 1586 1539 1641 alicui
1592 1586 1789 1643 delicta
1820 1602 1940 1642 sua.
1990 1587 2132 1643 Nihil

551 1689 684 1748 ergo
703 1675 772 1732 de
795 1675 1133 1730 immunditia
1160 1675 1273 1746 (16)
1303 1675 1615 1731 animalium
1667 1676 1942 1746 iudicetis,
1986 1679 2131 1732 sicut

558 1782 659 1821 nec
690 1767 780 1822 ille
820 1766 1193 1821 immunditias
1217 1766 1552 1821 credentium
1581 1770 1863 1837 reputavit.
1889 1768 2058 1838 thui
2078 1769 2130 1823 in

553 1858 928 1928 superioribus
973 1859 1186 1913 dixerat
1223 1877 1238 1913 :
1294 1858 1398 1925 Qui
1436 1870 1612 1914 autem
1651 1862 1938 1915 manducat
1967 1902 1982 1926 ,
2023 1876 2126 1915 non

553 1950 957 2005 manducantem
998 1966 1101 2004 non
1133 1950 1386 2019 judicet;
1421 1951 1556 2006 Deus
1585 1952 1723 2006 enim
1753 1951 1902 2005 illum
1928 1969 2130 2007 assum-

552 2040 653 2109 psit
676 2039 722 2071 ”
749 2079 766 2106 ,
793 2039 883 2094 hic
921 2039 1092 2094 dixit:
1129 2037 1277 2095 Sicut
1326 2039 1565 2096 Christus
1596 2040 1708 2115 (17)
1752 2044 1976 2111 suscepit
2006 2060 2130 2098 vos:

555 2138 615 2185 ut
643 2132 955 2186 ostenderet
985 2145 1152 2185 unum
1184 2140 1348 2203 atque
1375 2133 1517 2188 idem
1557 2147 1678 2189 esse
1709 2148 1739 2187 a
1772 2134 1880 2189 Deo
1905 2136 2130 2204 suscipi,

552 2231 608 2276 et
632 2236 663 2275 a
695 2220 938 2277 Christo.
976 2220 1139 2275 Addit
1166 2231 1350 2275 autem
1382 2230 1437 2277 et
1481 2222 1584 2278 hoc
1609 2262 1624 2288 ,
1657 2225 1801 2293 quod
1836 2224 2010 2279 honor
2040 2226 2131 2280 Dei

553 2310 627 2366 sit
661 2310 862 2382 suscipi
909 2326 939 2365 a
964 2309 1203 2367 Christo.
1232 2311 1382 2380 Quos
1402 2313 1547 2369 enim
1590 2315 1825 2384 suscipit
1855 2315 2128 2381 Christus,

551 2403 712 2460 docet
744 2419 840 2459 eos
865 2404 937 2458 ita
964 2418 1125 2474 agere
1153 2405 1374 2474 debere,
1400 2414 1458 2460 ut
1483 2406 1718 2463 videntes
1746 2408 1983 2463 homines
2008 2425 2131 2479 ope-

554 2511 616 2551 ra
643 2511 830 2553 eorum
854 2498 1012 2564 bona,
1035 2500 1326 2571 gloriﬁcent
1359 2497 1570 2554 Patrem
1594 2516 1773 2554 eorum
1793 2502 1884 2569 qui
1906 2502 1961 2556 in
1991 2504 2132 2558 uelis

551 2598 627 2644 est
655 2591 724 2645 ".

620 2681 677 2737 8.
712 2682 839 2737 Dico
867 2684 1001 2737 enim
1032 2680 1300 2737 Christum
1332 2682 1630 2738 ministrum
1657 2684 1821 2753 fuisse
1851 2684 2129 2740 circumci-

547 2773 711 2830 sionis
743 2786 955 2843 propter
981 2776 1247 2830 ceritatem
1271 2775 1391 2842 Dei,
1417 2775 1489 2830 ad
1523 2775 1873 2831 stubitiendas
1898 2777 2129 2848 promis-

548 2865 725 2920 siones
749 2863 996 2921 Patrum.
1044 2864 1231 2922 Gentes
1254 2877 1427 2922 autem
1455 2884 1551 2938 pro
1581 2868 1942 2924 misericordia
1964 2869 2131 2925 hono-

549 2972 671 3010 rare
693 2956 805 3028 (18)
839 2957 1022 3025 Deum,
1046 2959 1180 3014 sicut
1213 2959 1462 3028 scriptum
1494 2971 1567 3015 est
1595 2977 1614 3016 :
1654 2959 1938 3024 Propterea
1963 2963 2131 3032 conﬁ-

549 3048 694 3102 tebor
722 3048 818 3102 tibi
860 3049 913 3103 in
943 3051 1181 3119 gentibus
1202 3092 1218 3113 ,
1245 3061 1293 3105 et
1336 3052 1390 3105 in
1423 3055 1632 3106 nomine
1664 3064 1756 3106 tuo
1785 3054 2033 3109 cantabo.
2058 3053 2128 3108 Et
2157 3092 2201 3150 Ο

546 3137 738 3193 iterum
765 3141 935 3194 dicit:
971 3141 1267 3203 Lcetamini.
1296 3150 1497 3211 gentes,
1523 3159 1640 3196 cum
1671 3144 1864 3213 populo
1893 3144 2030 3215 ejus.
2056 3144 2129 3200 Et

547 3228 736 3283 iterum
760 3243 779 3282 :
805 3228 1048 3286 Laudate
1073 3231 1380 3298 Dominum,
1417 3248 1594 3287 omnes
1625 3244 1819 3303 gentes,
1852 3245 1900 3289 et
1925 3237 2131 3306 magni-

545 3317 701 3389 ﬁcate
727 3336 843 3375 eum
868 3363 885 3388 ,
921 3340 1098 3378 omnes
1132 3324 1333 3395 populi.
1377 3323 1445 3379 Et
1476 3323 1650 3380 Isaias
1701 3342 1908 3381 rursum
1953 3329 2128 3384 dicit:

551 3411 664 3467 Erit
698 3414 854 3468 radix
876 3413 1046 3484 Jesse,
1090 3426 1136 3472 et
1161 3418 1251 3487 qui
1273 3428 1516 3488 exsurget
1545 3433 1720 3489 regere
1749 3428 1949 3489 gentes,
1981 3422 2037 3475 in
2066 3438 2127 3476 eo

544 3515 720 3575 gentes
750 3509 1031 3575 sperabunt
1050 3510 1117 3567 ".
1149 3509 1433 3578 Quomodo
1458 3508 1713 3566 Christus
1734 3512 1988 3566 minister
2009 3511 2125 3568 fue-

548 3594 617 3650 rit
644 3595 1079 3653 circutncisionis
1108 3601 1173 3654 ad
1207 3599 1558 3655 stabiliendas
1590 3598 1979 3669 promissiones
2021 3597 2124 3651 Pa-

550 3695 711 3753 trum,
735 3688 933 3759 duplici
958 3689 1116 3745 modo
1144 3689 1367 3760 intelligi
1386 3698 1583 3760 potest.
1612 3687 1741 3744 Sive
1769 3705 1868 3758 pro
1891 3705 1956 3745 eo
1978 3688 2121 3758 quod

543 3779 1013 3837 circumcisiouem
1047 3783 1101 3838 in
1128 3798 1291 3839 carne
1314 3800 1413 3839 sua
1442 3784 1554 3853 ipse
1580 3783 1840 3853 suscepit,
1860 3792 1918 3838 ut
1948 3784 2123 3838 mani-

543 3869 836 3929 festi~sime
868 3884 1184 3930 nosceretur
1217 3876 1362 3946 quod
1388 3892 1456 3932 ex
1488 3876 1693 3932 semine
1714 3876 1988 3931 Abraham
2026 3890 2121 3932 ve-

544 3965 722 4032 niens,
747 3967 832 4019 cui
868 3968 1190 4036 promiserat
1223 3969 1364 4024 Deus
1387 3969 1530 4039 quod
1563 3969 1618 4023 in
1657 3968 1867 4024 semine
1896 3983 1995 4022 suo
2023 3967 2121 4023 be-

542 4055 922 4109 nedicereutur
954 4058 1064 4126 (19)
1095 4072 1290 4114 omnes
1321 4070 1512 4129 gentes
1538 4060 1604 4124 ’⁸,
1628 4060 1930 4130 compleret
1953 4061 2003 4114 in
2031 4075 2122 4118 se-

542 4147 770 4217 tnetipso
794 4163 913 4219 qua:
939 4148 1189 4205 Patribus
1216 4151 1429 4207 fuerant
1463 4153 1786 4221 repromissa
1814 4172 1829 4207 :
1865 4162 1994 4209 etut
2024 4169 2121 4223 per

541 4238 664 4306 hoc,
689 4241 986 4297 secundum
1015 4245 1354 4313 propositum
1382 4243 1549 4300 totius
1573 4244 1825 4314 Epistolas:
1846 4246 2119 4312 ordinem,

608 4352 656 4387 ⁸⁸
685 4353 843 4407 Rom.
880 4370 989 4416 le,
1029 4355 1082 4411 5.
1162 4355 1210 4388 ⁸⁸
1247 4354 1435 4412 Matth.
1468 4370 1535 4417 ν.
1590 4352 1674 4409 16.
1751 4354 1794 4387 ’⁷
1829 4352 1984 4407 Boni.
2019 4371 2117 4421 xv,
2164 4358 2199 4413 8
2229 4374 2311 4421 sq.

537 4436 616 4490 tt,
652 4423 737 4478 11.
816 4426 837 4456 ⁸
867 4424 1010 4480 Psal.
1045 4441 1178 4491 xm,
1201 4424 1288 4481 50.
1358 4425 1378 4458 ³
1403 4426 1557 4481 Deut.
1585 4423 1870 4489 “111,45.
1941 4423 1962 4455 ‘
1995 4425 2097 4481 lsn.
2129 4444 2204 4493 xi,
2236 4423 2322 4484 l0.

2239 498 2385 538 nunc
2415 484 2581 538 etiam
2611 498 2705 540 eos
2728 484 2823 553 qui
2852 498 2916 539 ex
2946 485 3174 553 gentibus
3196 488 3416 548 adversum
3448 513 3485 553 se
3512 503 3582 559 in}.
3656 544 3657 547 η

2238 590 2355 631 cem
2389 574 2771 645 superbientes
2795 586 2952 631 erant
2984 576 3197 632 refrenat
3225 594 3278 636 ac
3299 585 3584 655 reprimit,“

2239 677 2322 723 ret
2349 683 2455 722 non
2485 681 2607 723 esse
2634 668 2855 739 penitus
2879 667 3175 739 iudicandos
3194 686 3271 728 eos
3291 677 3361 743 qui
3384 679 3423 732 in
3439 680 3583 749 legunt.

2237 759 2637 815 servationibus
2687 761 3037 816 demorentur
3071 777 3086 825 ;
3132 764 3466 835 quandoquidem
3503 777 3586 834 eti.

2237 850 2486 906 Christus
2512 848 2567 905 in
2598 863 2763 906 carne
2790 864 2887 905 sua
2907 849 3298 908 circumcisionis
3321 857 3587 921 misistererss'.

2238 941 2367 996 terit
2391 958 2407 995 :
2438 941 2556 996 sive
2579 939 2683 995 alio
2719 939 2905 1001 modo,
2935 951 2994 993 ut
3021 938 3157 993 illius
3180 941 3496 1005 circumcisione
3513 952 3587 1010 cu

2235 1042 2353 1088 stus
2384 1032 2633 1087 minister
2665 1030 2778 1103 (‘20)
2815 1029 2982 1085 fuisse
3009 1029 3223 1099 dicatur,
3245 1035 3299 1090 de
3315 1050 3393 1105 qus
3412 1039 3502 1094 idea
3516 1044 3587 1114 Aps

2235 1124 2407 1181 stoius
2439 1124 2639 1179 dicit"
2666 1141 2681 1179 :
2717 1122 2844 1178 Non
2877 1125 3011 1178 enim
3044 1124 3129 1193 qui
3162 1124 3211 1178 in
3245 1128 3453 1196 manifesto
3475 1131 3591 1192 Mea

2234 1225 2332 1283 est,
2357 1233 2520 1288 neque
2546 1231 2664 1287 qua!
2692 1213 2972 1283 manifesta
2994 1214 3045 1268 in
3063 1230 3205 1269 carne
3227 1224 3291 1270 est
3310 1217 3590 1289 circumcisis,“

2232 1309 2322 1380 qui
2347 1309 2400 1362 in
2416 1307 2623 1362 occulto
2642 1306 2675 1360 J
2684 1307 2869 1363 udcus
2883 1314 2980 1369 est,
3011 1305 3118 1376 (21)
3138 1314 3185 1361 et
3201 1308 3591 1369 circumcisith

2234 1402 2444 1470 spiritu,
2494 1417 2598 1454 non
2634 1399 2849 1464 littera,
2899 1399 3051 1469 cujus
3094 1398 3204 1453 laus
3239 1414 3324 1452 nos
3356 1404 3590 1468 reieci-ila,

2232 1493 2322 1546 sed
2348 1508 2415 1547 ea:
2432 1491 2540 1546 Deo
2556 1499 2667 1556 est;
2695 1500 2747 1545 et
2770 1490 3064 1546 secundum
3082 1488 3214 1558 quod
3242 1488 3358 1543 idem
3380 1489 3589 1560 Apouohs'n

2232 1579 2356 1637 aliis
2375 1580 2503 1635 dicit
2524 1581 2542 1612 ί
2572 1579 2714 1651 :(22)
2736 1578 2803 1632 In
2826 1594 2929 1649 quo
2953 1578 3108 1632 etiam
3128 1577 3374 1632 circumcisi
3389 1581 3591 1636 estnam

2234 1673 2430 1728 cisione
2455 1688 2561 1727 non
2592 1670 2907 1738 manufacta
2937 1671 2992 1724 in
3017 1669 3355 1738 exspoliatione
3377 1674 3590 1740 corpu-im-

2236 1767 2347 1832 nis,
2381 1766 2473 1821 sed
2514 1767 2568 1819 in
2615 1762 3016 1819 circumcisione
3057 1763 3272 1829 Christi,
3306 1765 3587 1832 consepsltic'i

2239 1858 2519 1927 baptismo.
2604 1857 2710 1912 Per
2774 1854 3089 1927 huiusmodi
3151 1869 3265 1927 ergo
3310 1856 3591 1911 circum

2234 1958 2444 2003 eertum
2490 1956 2577 2003 est
2629 1944 2856 2001 Patrum
2902 1945 3265 2018 promissiones
3305 1958 3397 2000 esse
3422 1944 3590 2014 couplet.

2235 2040 2368 2108 Quae
2409 2048 2591 2095 autem
2634 2038 2833 2094 iuerint
2863 2038 3249 2109 promissionum,
3286 2037 3454 2092 subditis
3469 2035 3590 2089 ductim

2236 2130 2498 2202 exemplis
2514 2129 2708 2201 quibus
2725 2130 2888 2186 dicit:
2918 2128 3032 2198 (25)
3056 2126 3305 2199 Propterea
3317 2125 3592 2196 conﬁtdutilii:

2234 2222 2496 2292 gentibus,
2554 2229 2606 2277 et
2656 2221 2861 2276 nomini
2913 2231 3006 2275 tuo
3051 2219 3272 2274 cantabo.
3314 2217 3428 2284 Quod
3455 2216 3593 2284 metti

2236 2330 2324 2369 tuo
2353 2313 2466 2385 (2i)
2507 2313 2721 2369 decimo
2750 2312 2967 2385 psalmo
3008 2312 3209 2367 videtur
3248 2317 3594 2379 assumpth

2235 2406 2616 2460 immutatione
2635 2405 2821 2460 habita
2836 2446 2851 2471 ,
2877 2420 2982 2460 non
3008 2416 3208 2469 sensus,
3235 2401 3314 2456 sed
3335 2411 3544 2454 sentum.
3560 2394 3593 2449 Ε

2233 2498 2377 2552 enim
2401 2498 2531 2552 dicit
2552 2496 2825 2568 Propheta
2853 2518 2865 2552 :
2890 2495 3172 2565 Propterea
3193 2489 3595 2557 can/inimith

2233 2591 2394 2651 tibus.
2426 2589 2671 2655 Domine,
2699 2598 2748 2644 et
2774 2588 3007 2658 psallam
3044 2588 3228 2642 nomini
3253 2587 3376 2639 tuo'.
3396 2582 3595 2649 Quodam

2233 2681 2309 2736 ait
2333 2699 2347 2735 :
2381 2679 2685 2745 La'tamini,
2706 2691 2914 2750 gemes,
2935 2695 3054 2734 eum
3080 2676 3256 2747 populo
3276 2674 3381 2741 ejus,
3397 2671 3522 2726 eisdem
3534 2681 3595 2723 t8-

2232 2774 2317 2828 bis
2344 2774 2394 2828 in
2426 2773 2837 2829 Deuteronomii
2869 2773 3086 2828 cantico
3107 2768 3335 2839 scriptum
3350 2760 3595 2821 est':l.ais!t

2234 2880 2364 2922 vero
2416 2864 2732 2935 Dominum,
2764 2882 2948 2921 omnes
2987 2872 3185 2934 gentes,
3213 2872 3255 2915 et
3295 2857 3594 2928 magan

2235 2971 2413 3011 omnes
2437 2956 2640 3027 populi,
2662 2957 2715 3011 in
2745 2956 3054 3012 centesimo
3083 2963 3229 3010 sexto
3253 2952 3405 3007 decimo
3421 2940 3595 3017 psalmic-

2234 3050 2417 3119 gitur;
2450 3057 2662 3104 tantum
2685 3059 2770 3104 est
2803 3049 2951 3119 quod
2984 3048 3056 3102 ibi
3094 3062 3187 3117 pro
3220 3036 3589 3114 ααςιὶραιωοίιαο

2236 3143 2360 3198 date
2406 3142 2642 3213 positum
2686 3151 2789 3198 est.
2843 3141 3105 3197 Ultimum
3157 3151 3279 3194 vero
3320 3126 3585 3201 exsomnis“

2236 3237 2435 3294 Paulus
2460 3238 2525 3294 de
2556 3237 2693 3294 lsaia
2727 3237 2866 3293 dicit
2889 3251 3015 3293 esse
3041 3222 3593 3303 assumptumistsiuw-

2235 3344 2365 3401 pore
2396 3330 2471 3386 ita
2501 3331 2761 3400 scriptum
2790 3339 2876 3386 est
2910 3328 3025 3401 (25)
3051 3345 3064 3384 :
3097 3324 3161 3380 Et
3193 3323 3284 3380 erit
3314 3322 3357 3373 in
3374 3318 3429 3371 iis
3442 3307 3598 3367 itur-tis

2235 3421 2421 3487 Iesse;
2442 3431 2489 3477 et
2513 3422 2606 3493 qui
2634 3433 2878 3492 exsurget
2907 3437 3086 3492 regere
3109 3428 3289 3490 gentes,
3313 3414 3355 3466 in
3375 3425 3416 3464 eo
3432 3412 3601 3476 1⁸³⁸⁸⁸*

2234 3516 2446 3569 rabunt.
2478 3510 2547 3567 Et
2572 3513 2672 3569 erit
2706 3514 2911 3582 requies
2948 3512 3063 3583 ejus
3094 3510 3251 3565 honor
3272 3506 3306 3561 ⁸.
3337 3496 3491 3557 Omissis
3507 3499 3599 3583 sues

2232 3606 2283 3660 in
2314 3606 2487 3674 primo
2515 3604 2730 3675 quidem
2760 3581 2981 3660 duobus
3004 3601 3340 3659 sermonibus,
3372 3593 3410 3649 id
3428 3581 3602 3651 enim

2229 3696 2323 3748 illa
2342 3713 2363 3761 ;
2390 3704 2444 3750 ct
2472 3699 2525 3751 in
2554 3696 2776 3765 ultimis,
2805 3705 2853 3750 et
2882 3697 2988 3751 erit
3012 3696 3205 3766 requies
3231 3691 3329 3760 ejus
3351 3686 3481 3745 bauer,
3503 3683 3600 3730 rem

2226 3787 2431 3842 eisdem
2454 3788 2637 3844 verbis
2666 3787 2850 3857 posuit
2874 3789 3076 3859 quibus
3096 3780 3398 3854 Septuaginta
3421 3770 3605 3867 lutetpttlli

2228 3879 2532 3935 ediderunt.
2587 3856 2744 3936 Unde
2790 3856 3072 3937 sciendum
3123 3886 3202 3934 est
3242 3871 3362 3944 quod
3405 3868 3443 3922 in
3469 3856 3605 3916 omni“

2227 3985 2364 4042 pene
2394 3971 2682 4043 Apostolus
2707 3972 2998 4028 editionem
3047 3965 3367 4039 Septuaginta
3397 3954 3604 4046 Intenti“.

2228 4073 2395 4132 tenet,
2414 4065 2515 4121 nisi
2542 4065 2586 4121 si
2614 4079 2718 4135 qua
2744 4064 2885 4120 forte
2902 4065 2955 4121 ei
2981 4078 3138 4136 quam
3171 4047 3604 4136 exsequiturasstﬂi‘“

2228 4158 2406 4213 minus
2432 4131 2741 4213 necessaria
2772 4131 3032 4214 videntur
3057 4153 3188 4226 (ἐῢ),
3230 4156 3314 4203 aut
3343 4143 3379 4199 si
3404 4131 3603 4233 ιιίξεοξοξ

2229 4258 2338 4303 tam
2370 4248 2553 4304 verbis
2589 4247 2975 4318 Interpretum,
3015 4223 3173 4316 quam
3211 4234 3421 4297 sensibus
3440 4223 3604 4290 Scrii‘"2

2389 4361 2435 4392 °"
2469 4362 2768 4425 Gemuit,
2826 4359 2912 4416 18.
2984 4358 3032 4393 ⁸⁵
3057 4357 3207 4413 Rom.
3234 4366 3299 4410 tt.
3340 4344 3414 4400 28.
3468 4327 3603 4386 ’ωδε

606 4533 721 4606 (15)
751 4533 848 4607 bis.
878 4551 1048 4603 unus,
1083 4548 1350 4607 posuerat.
1388 4535 1494 4591 Sed
1524 4533 1709 4593 ueteri
1742 4547 1898 4597 mss.,
1935 4530 2106 4587 Raba-
2146 4540 2188 4594 ο
2220 4538 2318 4607 teri
2354 4553 2481 4591 vero
2511 4553 2641 4592 mss.
2678 4548 2733 4593 et
2761 4538 2918 4605 editi,
2948 4547 3002 4595 et
3024 4527 3389 4592 ’circumcisione
3418 4511 3605 4574 MM"

536 4617 639 4657 nus
663 4615 717 4661 et
744 4606 875 4661 editi
902 4606 1266 4670 proposuerat.

637 4676 724 4739 16)
759 4675 921 4740 Editi,
959 4674 1112 4731 Nihil
1136 4677 1271 4731 enim
1299 4676 1365 4731 de
1392 4675 1751 4734 immunditia.
1782 4683 1891 4732 etc.

636 4744 718 4817 17)
745 4745 870 4800 Mss.
895 4747 1158 4815 plerique,
1186 4745 1439 4802 Rabauus
1462 4761 1513 4817 et
1544 4746 1695 4808 editi,
1712 4745 1798 4799 hic
1823 4743 1959 4817 dixit
1985 4742 2106 4817 (aL,

533 4814 686 4887 dicit)
731 4819 856 4883 quin
899 4814 1138 4871 Christus
1163 4856 1178 4878 ,
1220 4826 1328 4872 etc.
1380 4816 1486 4871 Sed
1523 4818 1723 4887 rectius
1770 4829 1872 4870 IIIS.
1908 4814 2110 4883 Regius

534 4885 683 4940 num.
718 4886 858 4942 i659
886 4897 943 4940 ut
972 4889 1022 4940 iu
1056 4898 1240 4940 nostro
1266 4897 1433 4942 textu.
1469 4885 1670 4942 Deinde
1705 4901 1833 4940 mss.
1864 4888 2105 4951 quidam,

533 4956 696 5010 Addit
723 4967 770 5012 et
804 4956 924 5024 hoc,
952 4967 1005 5010 ut
1038 4958 1206 5011 honor
1241 4958 1306 5010 sit
1342 4957 1459 5019 Dei,
1493 4966 1599 5012 etc.
1638 4957 1745 5010 Sed
1783 4956 1979 5009 melius
2005 4971 2105 5008 ms.

532 5024 733 5097 Regius
764 5044 915 5083 nutu.
964 5026 1103 5083 1639
1145 5035 1202 5082 et
1254 5025 1517 5083 Rabauus
1567 5037 1626 5081 ut
1671 5027 1723 5080 in
1758 5034 1929 5080 textu.
1959 5024 2106 5080 Editi

534 5099 792 5168 oniittunt
824 5108 1020 5159 autem,
1053 5098 1148 5152 sed
1178 5097 1377 5153 habent
1399 5097 1538 5168 quod
1566 5105 1770 5168 prout.

603 5167 716 5240 (18)
738 5167 928 5224 Gentes
955 5177 1130 5223 autem
1153 5185 1246 5238 pro
1271 5167 1635 5240 misericordia
1656 5167 1945 5240 honorare,
1968 5173 2101 5240 etc.,

531 5236 705 5307 usque
741 5240 808 5293 ad
833 5278 849 5301 .
880 5240 935 5295 in
973 5254 1036 5293 eo
1076 5236 1250 5309 gentes
1292 5238 1568 5308 sperabunt
1593 5277 1609 5302 ,
1638 5236 2020 5291 desiderantur
2052 5237 2103 5290 iu

530 5319 687 5377 antea
718 5309 901 5375 editis,
936 5318 988 5365 et
1022 5309 1383 5363 restituuntur
1411 5324 1475 5366 ex
1513 5324 1666 5371 mss.,
1698 5321 1929 5377 quorum
1966 5321 2107 5361 unus

532 5376 713 5450 habet,
741 5381 796 5450 in
819 5396 936 5433 eum
964 5394 1063 5450 pro
1093 5381 1147 5433 in
1176 5394 1257 5434 eo.

626 5447 715 5521 11))
748 5448 913 5521 ξάὶιί,
937 5447 1061 5521 quia
1091 5451 1144 5504 in
1170 5447 1363 5521 semine
1397 5459 1489 5521 tuo
1517 5447 1909 5521 benedicentur,
1941 5453 2045 5500 etc.

623 5515 714 5584 20)
746 5515 1023 5573 Exstite'rit
1048 5534 1067 5573 :
1103 5520 1209 5575 sive
1234 5520 1343 5574 alio
1370 5520 1546 5584 modo,
1571 5528 1626 5572 ut
1651 5518 1794 5571 illius
1825 5515 2104 5570 circumci-

528 5585 1254 5660 fionis'Christusminister.
1283 5590 1408 5646 llaec
1431 5589 1920 5660 practermittuutur
1951 5585 2003 5639 iu
2040 5585 2104 5640 li-

527 5652 643 5711 bris
668 5665 826 5712 antea
860 5658 1041 5712 editis.

598 5726 713 5799 (2l)
745 5726 837 5783 Sic
869 5741 973 5784 ms.
1002 5724 1202 5799 Regius
1233 5745 1380 5785 nun).
1411 5727 1550 5785 1659
1584 5737 1639 5783 et
1671 5724 1948 5782 Rabauus.
1986 5724 2103 5781 Cm-

2220 4606 2854 4705 (“';.:..'i“£),.‘.l’!"‘.‘fz‘i‘f°
3485 4637 3605 4705 cura

2289 4671 2402 4750 (92)
2436 4671 2605 4750 Εόίὶί,
2643 4671 2734 4733 sed
2767 4681 2825 4734 in
2868 4675 3251 4735 circumcisione
3282 4671 3465 4733 carpent

2215 4749 2507 4823 consepulti
2527 4751 2576 4803 ei
2607 4750 2661 4803 in
2689 4750 3031 4823 baptismum.
3131 4817 3143 4823 _
3356 4811 3452 4823 MM
3504 4784 3557 4823 ηε

2288 4810 2402 4891 (2⁵)
2441 4819 2533 4874 Sic
2562 4834 2691 4874 mss.
2723 4810 2944 4876 codices
2976 4817 3143 4876 nostri
3159 4831 3183 4892 _;
3211 4810 3337 4892 editi
3349 4811 3477 4892 iam;

2215 4864 2401 4943 dic‘ttv;
2435 4864 2643 4960 gente;
2669 4864 3073 4960 air'e‘ﬁ'iité'e'f
3103 4864 3411 4960 πήξει-ἰσοτᾴῷ
3460 4864 3481 4915 ³⁸

2217 4959 2402 5033 υεφξθζι,
2432 4952 2570 5033 sicut
2594 4957 2851 5029 siriptum
2881 4952 2977 5015 est.
3007 4957 3296 5033 Propterea,
3320 4952 3406 5033 cui:

2208 5099 2243 5155 ὁ
2284 5014 2402 5104 (ibi
2431 5030 2572 5085 Editi
2594 5069 2611 5095 ,
2658 5014 2841 5087 octauo
2875 5014 3080 5099 ;tnss.,
3104 5014 3332 5095 Septimo,
3367 5014 3495 5067 θιΐθε

2248 5117 2355 5155 em.
3302 5152 3325 5155 Α
3397 5148 3406 5155 .
3476 5143 3491 5155 ,

2248 5117 2355 5155 em.
3302 5152 3325 5155 Α
3397 5148 3406 5155 .
3476 5123 3589 5155 ._r..:

2281 5129 2832 5270 §§'5).H"frtrsa_a:e
2861 5168 3148 5270 suam
3170 5129 3605 5270 iatfm'iz'li‘ii-L‘i‘

2207 5220 2835 5321 ἀῑὲῆξέςεὶξξὶξᾶᾇῦἱρὶἱιήὶ
2854 5220 3135 5321 fortuna
3172 5220 3603 5321 ξᾳζξονίξίξλῗξνῶ

2212 5292 3150 5403 ξέὲζιὲῖέιιῇιῖῖιίέέ
3173 5292 3526 5403 sonitu
3541 5292 3602 5392 et:

2213 5383 2449 5454 legitur,
2484 5382 2557 5438 Et
2600 5372 2797 5438 rursus.
2826 5380 3006 5437 Isaias
3038 5381 3150 5435 ait:
3179 5374 3244 5429 Et
3282 5372 3365 5422 et“
3392 5372 3434 5411 "'

2210 5463 2391 5541 θιῗᾏηκ
2445 5521 2529 5541 σε,
2626 5537 2663 5541 ν-
2748 5521 2943 5541 n-4,“
2998 5534 3110 5541 ,_,__.
3184 5507 3304 5541 ecta
3363 5483 3502 5541 ηιωί

2281 5499 3134 5619 {’61.sis.."'§;_.“e§i"8.e:9‘-
3184 5499 3603 5619 'fiiiuciiiiﬁi

2208 5583 2344 5716 :lns's‘.
2375 5583 2433 5649 et
2459 5594 2612 5662 editi,
2642 5593 2745 5647 nisi
2789 5583 2918 5664 quia
2951 5593 3115 5664 forte.
3136 5629 3149 5642 .
3169 5628 3181 5643 .
3211 5583 3404 5638 videtur,
3429 5583 3587 5619 ουηιν*
3656 5600 3657 5611 ι

2246 5678 2308 5716 en
2337 5679 2419 5716 ur.

2246 5672 2330 5716 ent
2337 5681 2365 5717 tt
2374 5679 2419 5719 νο

3498 4984 3605 5060 cui:
