4048 6202
387 295 524 356 1265

1335 296 1694 354 COMMENT.
1735 297 1800 352 IN
1843 296 2065 352 EPIST.
2108 297 2196 349 AD
2237 296 2404 355 ROM.
2444 295 2575 349 LIB.
2621 294 2688 350 Χ.

3505 293 3642 346 liiiii

385 423 457 471 uti
489 412 601 467 vult
631 427 725 466 sua
761 411 1135 466 enuntiatione
1166 411 1411 481 prolatis.
1450 412 1602 468 llune
1634 422 1815 467 autem
1840 428 1959 467 ser-
1990 418 2034 472 Α
2065 412 2344 466 sociantur
2373 425 2494 462 cum
2531 424 2589 463 se
2634 406 3041 461 etttcndavcriut
3087 405 3154 459 ah
3184 405 3330 458 omni
3381 405 3634 473 inquina-

383 519 593 562 monem
627 503 693 558 de
721 503 905 557 radice
934 501 1086 557 Jesse
1116 505 1311 559 melius
1343 503 1563 574 quidem
1605 504 1659 559 in
1696 505 1954 574 explana-

382 599 529 653 tione
562 596 732 665 ipsius
766 595 1043 665 propheta:
1067 593 1219 650 Isaia:
1249 596 1424 650 visunt
1456 607 1539 651 est
1561 597 1774 653 disseri.
1811 597 1873 652 Et
1900 597 1951 652 in

290 729 299 739 .
382 684 631 757 presenti
665 692 845 738 tamen
868 686 985 738 loco
1011 684 1217 739 dicetur
1244 685 1387 756 (27),
1410 687 1662 755 quoniam
1681 684 1835 741 Jesse
1868 688 1952 740 in-

384 788 716 850 terpretatur
745 778 798 833 iu
837 787 1022 832 nostra
1058 778 1238 847 lingua
1264 819 1279 845 ,
1326 789 1402 834 est
1447 779 1596 834 mihi.
1629 778 1684 833 lu
1720 780 1952 834 adventu

378 868 720 940 ergotihristi
750 867 928 923 omnis
941 867 1032 938 qui
1058 870 1289 925 credidit
1305 870 1949 934 ei,convenienlerdixit:

379 958 474 1013 Est
515 960 662 1013 mihi.
690 956 786 1014 Ille
814 961 958 1013 enim
981 1000 996 1024 ,
1031 958 1097 1014 de
1127 974 1235 1029 quo
1276 959 1486 1032 Moyses
1515 961 1654 1015 dixit
1682 960 1727 1025 ',
1755 960 1846 1030 qui
1875 969 1954 1015 est

303 1105 310 1123 ι
379 1051 520 1104 misit
536 1048 700 1120 675
722 1065 801 1103 me
820 1050 889 1104 ad
908 1066 1017 1116 vos,
1045 1051 1160 1120 ipse
1182 1059 1264 1106 est
1286 1053 1440 1118 mihi,
1461 1051 1562 1107 hoc
1581 1061 1685 1117 est,
1705 1052 1758 1106 in
1780 1052 1954 1122 ipsum

303 1143 310 1148 ’
377 1141 543 1196 credo
573 1141 665 1209 qui
697 1149 803 1205 est,
834 1155 939 1195 non
971 1141 1063 1210 qui
1107 1156 1175 1196 ex
1207 1141 1376 1198 nihilo
1409 1143 1588 1198 factus
1613 1153 1720 1205 est,
1767 1153 1824 1195 ut
1856 1143 1955 1196 im-

377 1231 482 1299 piis
513 1231 687 1301 placet
717 1230 854 1302 (28),
891 1231 985 1286 sed
1017 1232 1110 1301 qui
1156 1241 1265 1298 est,
1311 1243 1370 1288 et
1398 1249 1611 1304 semper
1640 1243 1748 1300 est,
1773 1244 1828 1289 et
1855 1235 1957 1292 hoc

374 1323 424 1377 ei
459 1336 656 1378 nomen
702 1331 788 1377 est
816 1331 909 1376 :et
946 1322 1059 1392 ipse
1092 1333 1178 1378 est
1231 1324 1322 1394 qui
1373 1326 1614 1380 surrexit
1656 1341 1723 1380 ex
1770 1325 1958 1381 radice

373 1410 548 1476 Iesse,
578 1422 633 1468 et
662 1413 713 1466 in
746 1411 864 1483 ipso
896 1420 1081 1482 gentes
1111 1415 1424 1484 sperabunt.
1461 1413 1567 1468 Pro
1607 1428 1712 1484 qua
1747 1414 1955 1469 miseri-

376 1504 582 1570 cordia,
607 1519 769 1571 quam
793 1506 862 1560 ab
891 1520 956 1561 eo
981 1506 1258 1560 consecuti
1287 1514 1431 1571 sunt,
1465 1516 1520 1559 ut
1545 1505 1589 1561 is
1617 1506 1708 1575 qui
1744 1521 1959 1576 semper

375 1602 499 1650 erat
531 1605 848 1651 nasceretur
877 1611 942 1652 ex
977 1597 1157 1652 radice
1190 1595 1347 1652 Jesse
1389 1597 1454 1650 ad
1503 1597 1736 1652 salutem
1785 1599 1958 1668 genti-

376 1685 480 1740 bus
501 1684 760 1750 dandam,
789 1701 885 1755 pro
914 1687 1044 1754 hac,
1084 1687 1328 1756 inquam,
1359 1688 1466 1743 sibi
1498 1689 1694 1744 collata
1731 1690 1957 1746 miseri-

375 1777 562 1830 cordia
596 1784 782 1845 gentes
816 1777 1087 1832 honorant
1116 1786 1173 1834 et
1207 1779 1556 1849 magnilicant
1590 1781 1778 1836 Deum.

446 1867 501 1922 9.
526 1866 668 1921 Deus
698 1879 870 1922 autem
898 1869 1005 1938 spei
1039 1867 1234 1936 repleat
1259 1886 1343 1924 vos
1365 1872 1510 1926 omni
1536 1874 1732 1941 gaudio
1756 1882 1804 1928 et
1829 1890 1961 1943 pace

375 1957 430 2008 in
461 1957 741 2021 credendo,
783 1966 844 2012 ut
885 1959 1162 2012 abundetis
1197 1961 1253 2014 in
1289 1977 1380 2030 spe
1415 1971 1464 2015 et
1496 1962 1689 2016 uirtute
1728 1962 1959 2032 Spiritus

373 2049 592 2102 sancti“.
608 2047 709 2116 Qui
744 2050 995 2119 superius
1023 2051 1236 2106 dixerat
1267 2053 1410 2122 quod
1442 2053 1495 2108 in
1524 2052 1666 2108 Isaia
1696 2055 1952 2125 scriptum

375 2147 498 2192 est:
533 2137 598 2191 Et
629 2139 686 2192 in
730 2155 790 2193 eo
833 2148 1010 2209 gentes
1057 2141 1372 2210 sperabunt'
1422 2153 1704 2214 gratanter
1734 2145 1955 2216 adjecit,

376 2227 521 2283 Deus
571 2240 745 2284 autem
789 2231 934 2299 spei;
985 2241 1044 2286 ut
1086 2234 1130 2288 si
1189 2235 1454 2304 scriptum
1500 2236 1712 2306 fuisset,
1754 2240 1809 2294 in
1847 2240 1959 2308 ipso

373 2328 553 2389 gentes
597 2322 844 2387 credent,
896 2322 1190 2393 adiecisset
1227 2325 1344 2380 sine
1376 2325 1560 2394 dubio,
1601 2327 1741 2384 Deus
1783 2341 1957 2385 autem

373 2410 527 2476 fidei,
556 2420 616 2465 ut
645 2425 786 2467 nunc
820 2427 849 2467 a
879 2417 1147 2484 sperando
1177 2427 1368 2486 gentes
1399 2419 1565 2474 Deum
1595 2421 1710 2489 spei
1742 2422 1961 2477 invocat

373 2516 543 2573 super
573 2519 667 2559 eos
700 2504 792 2575 qui
834 2518 1058 2576 sperant
1103 2509 1155 2563 in
1197 2525 1348 2574 eum,
1382 2525 1411 2564 a
1456 2525 1563 2580 quo
1604 2513 1688 2567 eis
1737 2514 1960 2568 benedi-

371 2593 572 2648 ctionis
599 2610 797 2650 munus
817 2607 1072 2665 precatur
1095 2600 1303 2670 augeri.
1325 2599 1417 2656 Est
1443 2610 1627 2656 autem
1655 2603 1960 2658 benedictio

371 2681 686 2751 huiusmodi
719 2703 734 2740 :
769 2687 834 2744 Ct
884 2690 1197 2761 repleantur
1245 2694 1388 2747 omni
1441 2694 1660 2760 gaudio,
1703 2705 1758 2748 ct
1806 2694 1955 2748 omni

371 2792 532 2846 pace.
570 2779 835 2849 Similiter
865 2793 1050 2839 autem
1082 2794 1138 2840 et
1177 2783 1446 2855 Propheta
1484 2786 1536 2838 in
1573 2785 1806 2855 quodam
1837 2786 1957 2839 loco

369 2870 551 2926 dicit:
586 2872 652 2926 Et
693 2875 790 2927 erit
835 2877 890 2928 in
938 2877 1122 2930 diebus
1167 2878 1281 2944 ejus
1321 2876 1537 2947 justitia
1582 2890 1629 2931 et
1672 2876 1956 2930 multitudo

367 2964 541 3028 pacis,
581 2980 848 3035 usquequo
890 2968 1171 3036 auferatur
1198 2969 1325 3024 luna
1347 2970 1389 3028 ⁸.
1437 2969 1544 3025 Sed
1579 2971 1704 3041 quia
1751 2971 1865 3025 haec
1892 2972 1958 3024 de

366 3053 596 3110 Christo
623 3056 900 3123 dicuntur,
938 3059 989 3114 in
1023 3060 1112 3116 illo
1138 3072 1284 3118 recte
1329 3077 1618 3131 possumus
1653 3063 1955 3120 multitudi-

368 3161 499 3202 nem
536 3148 682 3216 pacis
718 3147 1029 3216 advertere,
1061 3167 1160 3223 pro
1199 3169 1268 3208 eo
1316 3157 1458 3225 quod
1511 3156 1820 3226 pacificavit
1859 3173 1956 3229 per

367 3238 693 3307 sanguinem
722 3242 904 3297 crucis
926 3258 1035 3298 sua:
1061 3260 1167 3298 non
1199 3247 1374 3300 solum
1401 3263 1520 3317 qum
1547 3250 1597 3304 in
1628 3261 1773 3304 terra
1808 3260 1955 3316 sunt,

369 3325 468 3382 sed
503 3324 665 3378 etiam
696 3342 816 3395 qua:
863 3329 914 3382 in
951 3331 1107 3386 cretis
1139 3336 1322 3388 sunt’.
1362 3335 1417 3388 In
1466 3339 1719 3391 omnibus
1772 3347 1956 3394 autem

369 3416 645 3484 qtionwdo
727 3417 898 3484 possit
976 3419 1186 3488 impleri
1243 3422 1356 3493 (29)
1403 3424 1505 3479 hoc
1558 3428 1702 3495 quod
1765 3443 1956 3498 preca-

372 3514 464 3559 tur
493 3506 804 3576 Apostolus,
850 3517 909 3563 ut
946 3510 1254 3579 repleantur
1287 3515 1436 3569 omni
1473 3518 1672 3585 gaudio
1704 3530 1758 3573 et
1805 3522 1954 3576 omni

368 3611 529 3667 pace,
572 3597 788 3654 dillicile
833 3601 963 3656 mihi
1017 3603 1231 3658 videtur
1274 3607 1495 3674 exponi,
1543 3608 1781 3665 maxime
1828 3627 1950 3667 cum

365 3688 536 3744 etiam
566 3689 679 3758 ipse
703 3691 996 3760 Apostolus
1029 3693 1081 3748 in
1119 3694 1204 3750 his
1245 3711 1368 3766 qua!
1416 3711 1515 3767 per
1563 3700 1796 3770 gratiam
1832 3701 1954 3772 Spi-

364 3777 512 3834 ritus
548 3791 872 3836 consecutus
902 3791 1006 3845 est,
1040 3798 1105 3839 ex
1139 3796 1295 3855 parte
1329 3802 1388 3845 se
1413 3789 1562 3846 dicat
1585 3792 1748 3858 scire,
1779 3802 1832 3848 et
1882 3809 1950 3847 ex

361 3883 524 3944 parte
557 3873 962 3944 prophetare".
1002 3877 1106 3933 Sed
1140 3895 1244 3951 ego
1275 3891 1407 3952 puto
1459 3881 1511 3936 in
1557 3898 1620 3938 eo
1650 3899 1808 3954 posse
1856 3885 1953 3938 ha-

360 3964 500 4020 bere
525 3965 808 4022 credentes
836 3966 1224 4037 plenitudinem
1255 3973 1408 4042 pacis
1436 3973 1573 4044 (50),
1600 3989 1725 4029 cum
1755 3990 1949 4031 recon-

357 4055 625 4110 ciliantur
660 4056 769 4112 Deo
811 4057 958 4114 Patri
995 4077 1090 4131 per
1137 4063 1319 4125 fidem,
1371 4067 1671 4120 secundum
1722 4067 1948 4121 verbum

358 4145 522 4201 Pauli
553 4147 784 4204 dicentis
815 4168 828 4204 :
863 4150 1124 4222 Rogamus
1156 4171 1250 4224 pro
1275 4154 1509 4218 Christo.
1533 4157 1949 4210 reconciliumini

357 4238 481 4293 Dea
508 4237 570 4304 “;
608 4248 663 4294 et
693 4254 814 4295 cum
846 4242 899 4296 in
931 4258 1119 4314 pacem
1154 4246 1510 4318 redeunt(5l)
1532 4257 1654 4302 cum
1682 4245 1822 4302 Filio
1853 4247 1947 4301 Dei

357 4344 469 4399 per
510 4330 827 4400 sanguinem
857 4336 1035 4389 crucis
1062 4335 1200 4404 ejus,
1243 4349 1299 4392 et
1330 4354 1454 4394 cum
1489 4349 1680 4394 sancto
1719 4337 1948 4409 Spiritui

426 4423 448 4454 ⁸
492 4419 659 4474 Exod.
691 4437 775 4486 ιιι,
807 4423 893 4478 14.
931 4427 951 4457 ⁸
975 4425 1354 4492 Rom.xv,t3.
1427 4429 1446 4462 ⁷
1482 4430 1614 4485 ibid.
1647 4430 1742 4496 ης
1776 4431 1876 4485 lsa.
1903 4446 1980 4494 XI,
2014 4430 2095 4486 l0.
2173 4431 2194 4462 ⁸
2222 4428 2363 4484 Psal.
2390 4445 2542 4493 uxr,
2596 4431 2648 4485 7.

499 4490 540 4521 “
589 4490 782 4546 llCor.
834 4510 883 4556 v,
937 4495 1027 4551 20.
1116 4498 1338 4556 "Rom.
1398 4516 1488 4556 xv.
1520 4500 1606 4555 14.
1688 4502 1882 4556 "ibid.
1915 4503 2001 4556 15.
2082 4501 2366 4556 “lCom.
2404 4501 2458 4555 5.
2539 4500 2631 4554 ιί

353 4491 410 4546 9.
499 4490 540 4521 “
589 4490 628 4544 II
657 4491 782 4546 Cor.
834 4510 883 4559 v,
937 4495 1027 4551 20.

1116 4500 1157 4530 ¹²
1183 4498 1338 4556 Rom.
1398 4516 1488 4565 xv,
1520 4500 1606 4555 14.

359 4562 402 4594 ⁸⁷
429 4560 569 4617 ibid.
611 4559 700 4614 i5.

427 4649 550 4722 (27)
579 4649 656 4704 Ita
693 4667 794 4707 ms.
835 4653 1038 4720 Regius
1068 4670 1214 4709 num.
1251 4657 1389 4710 1659
1415 4668 1468 4712 et
1501 4659 1785 4715 Rahantts.
1829 4661 1944 4715 C:c—
1976 4665 2021 4720 D

357 4722 465 4776 teri
487 4736 622 4795 vero
652 4737 782 4795 mss.
804 4723 1034 4795 etiediti,
1060 4725 1222 4777 visum
1253 4736 1328 4781 est
1359 4729 1687 4783 disseruisse.
1713 4729 1778 4784 In
1808 4747 1945 4795 pra:-

355 4792 497 4846 senti
526 4799 698 4845 tamen
725 4791 899 4915 (lectili,
917 4795 1145 4862 tantum)
1177 4797 1292 4849 loco
1313 4798 1527 4860 dicitur,
1547 4809 1655 4853 etc.
1680 4791 1942 4870 Origenes

361 4860 552 4915 homil.
583 4862 617 4915 5
644 4864 697 4914 in
765 4863 957 4915 saiam.
985 4872 1115 4915 tom.
1149 4865 1233 4915 Ill.
1260 4882 1311 4915 n.
1341 4867 1461 4915 tto-
1484 4869 1549 4915 de
1581 4871 1759 4915 rmtim
1786 4872 1941 4915 lagae

361 4860 552 4934 homil.
583 4862 617 4915 5
644 4864 700 4934 in
733 4860 957 4934 Isaiam.
985 4860 1233 4927 tom.'lll,
1260 4882 1311 4934 p.
1341 4867 1462 4932 110,
1484 4869 1549 4922 de
1580 4860 1941 4926 rzttlicciesse

360 4931 539 4985 fusius
573 4931 791 5000 quidem
823 4932 1083 4998 disserit;
1116 4936 1209 4990 sed
1234 4931 1341 4990 non
1377 4938 1428 4990 in
1461 4940 1604 4992 hunc
1635 4941 1783 4994 Isaia:
1817 4957 1942 4995 con-

363 5011 595 5066 textum,
623 5017 783 5070 quem
827 5003 1042 5056 videtur
1074 5003 1492 5061 Commentariis
1538 5010 1652 5063 suis
1695 5011 1747 5063 in
1795 5011 1939 5067 hunc

361 5071 682 5140 prophetam
736 5074 1076 5142 explanasse.
1133 5074 1238 5131 Sed
1295 5077 1408 5132 hanc
1472 5079 1630 5133 modo
1683 5095 1792 5135 non
1839 5096 1935 5136 ex-

359 5149 532 5195 stant.

433 5209 547 5281 (28)
576 5208 666 5284 Sic
694 5227 795 5266 ms.
825 5210 1028 5284 Regius
1059 5232 1206 5270 num.
1237 5216 1374 5272 1659
1399 5227 1451 5272 et
1480 5216 1758 5276 Rabanus.
1791 5220 1932 5276 Editi

357 5294 510 5355 vero,
544 5281 635 5350 qui
676 5297 777 5355 non
809 5300 873 5336 ex
903 5281 1088 5349 nihilo,
1130 5299 1182 5339 ut
1223 5289 1396 5352 impiis
1434 5291 1625 5355 placet,
1661 5300 1766 5345 etc.
1803 5291 1930 5347 Mss.

355 5351 719 5469 qpidjtttuqui
756 5364 853 5417 est,
889 5371 990 5408 non
1021 5371 1086 5408 ex
1133 5357 1296 5409 nihilo
1326 5351 1500 5424 factus
1531 5351 1632 5427 est,
1663 5372 1717 5414 ut
1757 5362 1932 5431 impiis

355 5435 387 5469 υ
415 5435 504 5469 ace
533 5457 548 5469 .
579 5434 609 5469 e
637 5437 687 5469 c.
1647 5452 1649 5454 -

353 5429 548 5484 ptacet,
579 5431 687 5475 etc.
1647 5452 1649 5454 ·

427 5487 549 5564 (29)
571 5487 647 5544 Ita
679 5500 822 5546 recte
858 5508 958 5546 ms.
986 5493 1186 5564 Regius
1222 5511 1371 5550 num.
1408 5496 1543 5553 1659
1570 5507 1626 5554 et
1653 5498 1925 5556 itabanus.

353 5555 551 5612 Cteter'i
590 5575 718 5615 vero
753 5576 882 5616 mss.
931 5573 984 5617 et
1025 5555 1180 5628 editi,
1211 5565 1303 5620 sed
1342 5568 1497 5620 etiam
1524 5584 1642 5628 ante
1693 5571 1747 5623 in
1788 5555 1928 5626 uelis

351 5629 561 5707 suntin
576 5631 851 5707 omnibus.
882 5632 1155 5696 Quomodo
1172 5637 1332 5704 possit
1360 5636 1477 5707 (aL,
1509 5629 1785 5706 Quomodo
1811 5653 1930 5697 t'ero

349 5700 541 5770 possit)
569 5700 799 5768 impleri,
829 5709 936 5757 etc.

2063 513 2266 566 mento,
2308 512 2364 557 et
2388 501 2564 556 effecti
2599 501 2800 554 fuerint
2831 513 2956 552 vasa
2993 508 3202 560 sancta,
3235 509 3290 552 ut
3319 498 3390 552 ita
3418 500 3631 552 denmui

2062 598 2184 667 quis
2215 595 2450 664 repletus
2479 594 2726 662 videatur
2752 593 2898 646 omni
2928 607 3083 661 pace,
3123 592 3167 646 si
3202 592 3254 645 in
3298 591 3634 661 plenitudine

2062 685 2690 744 credideritTrinitatis.
2728 684 2956 754 Propter
3001 685 3106 737 hoc
3154 682 3382 751 denique
3413 679 3635 750 subjun-

2063 778 2140 848 git
2171 778 2459 842 Apostolus
2490 783 2542 828 et
2572 773 2704 826 dicit
2739 791 2751 826 :
2786 771 3002 842 Repleat
3044 787 3130 825 vos
3177 771 3317 824 omni
3367 769 3560 838 gaudio
3587 777 3635 822 et

2062 885 2188 938 pare
2216 871 2270 922 in
2300 868 2578 930 credendo,
2611 877 2668 919 ut
2696 865 2972 918 abundetis
3002 864 3055 917 in
3083 880 3170 932 spe
3201 872 3251 917 et
3299 863 3489 916 uirtute
3517 858 3636 930 Spi-

2065 961 2195 1015 ritus
2222 960 2412 1014 sancti.
2447 958 2502 1014 Si
2538 958 2686 1012 enim
2725 957 2816 1026 qui
2851 955 3049 1020 credit,
3075 957 3277 1009 virtute
3313 953 3487 1008 sancti
3519 951 3639 1022 Spi-

2067 1051 2206 1106 ritus
2232 1051 2474 1105 munitur
2500 1049 2637 1120 (52),
2685 1059 2896 1103 certum
2945 1057 3029 1103 cst
3073 1047 3213 1116 quod
3248 1044 3638 1116 plenitudinem

2064 1142 2245 1213 gaudii
2285 1157 2501 1209 semper
2536 1144 2754 1204 habeat,
2786 1149 2842 1194 et
2874 1138 3260 1210 plenitudinem
3290 1136 3460 1205 pacis.

2137 1235 2226 1288 10.
2262 1233 2448 1288 Certus
2487 1250 2605 1288 sum
2650 1243 2844 1293 autem.
2892 1230 3110 1298 fratr-es,
3155 1239 3203 1281 et
3249 1242 3341 1296 ego
3385 1228 3448 1278 de
3476 1227 3640 1289 vobis,

2063 1325 2314 1394 quoniam
2361 1336 2409 1378 et
2457 1324 2556 1391 ipsi
2603 1323 2742 1392 pleni
2797 1322 2921 1376 estis
2966 1320 3225 1382 bonitate,
3267 1317 3448 1381 repleti
3498 1316 3641 1369 omni

2065 1417 2307 1482 scientia,
2331 1417 2404 1470 ita
2439 1424 2495 1470 ut
2537 1415 2746 1484 possitis
2770 1424 2816 1467 et
2841 1411 2975 1465 alios
2999 1426 3207 1464 monere
3227 1409 3267 1441 ¹¹
3283 1407 3420 1482 (55).
3443 1409 3639 1462 Eadem

2069 1506 2287 1562 ratione
2322 1523 2426 1576 qua
2458 1521 2619 1575 supra
2651 1505 2887 1559 diximus
2923 1501 3124 1571 repleri
3168 1503 3316 1555 omni
3357 1499 3554 1569 gaudio
3587 1508 3644 1555 et

2067 1596 2215 1650 omni
2247 1611 2380 1666 pace
2409 1593 2780 1657 credentes”,
2812 1591 2974 1646 etiam
3005 1591 3092 1644 hic
3120 1589 3308 1660 plenos
3339 1603 3460 1643 esse
3491 1589 3646 1642 honi-

2069 1697 2179 1743 tate
2209 1697 2265 1742 et
2298 1689 2445 1742 omni
2479 1687 2704 1742 scientia
2742 1701 2837 1740 eos
2874 1685 2939 1738 ad
2975 1700 3112 1753 quos
3147 1683 3204 1737 lit
3233 1696 3412 1736 sermo
3437 1680 3642 1734 confir-

1990 1777 2034 1834 B
2065 1788 2195 1834 mat.
2233 1779 2500 1833 Similiter
2531 1788 2709 1832 autem
2756 1789 2809 1832 et
2856 1776 3158 1831 Corinthiis
3190 1774 3433 1828 scribens
3469 1773 3641 1826 dicit:

2063 1870 2132 1924 In
2159 1869 2400 1924 omnibus
2432 1870 2616 1922 divites
2647 1868 2774 1938 facti
2818 1869 2940 1922 estis
2969 1868 3023 1920 in
3072 1866 3185 1930 illo,
3223 1866 3276 1918 in
3312 1865 3452 1918 omni
3489 1861 3643 1918 verba

2061 1970 2110 2014 et
2160 1961 2217 2015 in
2254 1961 2399 2013 omni
2444 1961 2758 2024 scientia“;
2806 1958 2920 2028 qui,
2973 1966 3030 2012 ut
3087 1955 3336 2026 superius
3384 1953 3641 2018 diximus.

2061 2053 2226 2108 etiam
2271 2051 2338 2107 de
2374 2053 2666 2122 semetipso
2711 2049 3029 2120 pronuntiat
3073 2047 3214 2118 quod
3265 2063 3371 2102 non
3423 2060 3641 2100 omnem

2061 2143 2370 2207 scientiam,
2395 2157 2571 2212 neque
2599 2157 2815 2198 omnem
2844 2141 3184 2212 prephetiam
3209 2139 3427 2205 haheat,
3454 2138 3549 2193 sed
3575 2151 3644 2192 ex

2062 2243 2218 2305 parte
2237 2236 2312 2301 ¹⁸;
2347 2236 2414 2289 de
2439 2250 2549 2304 quo
2575 2245 2630 2289 et
2657 2235 2710 2287 in
2746 2235 2872 2287 aliis
2900 2233 3119 2302 quidem
3155 2247 3296 2302 saepe
3321 2247 3418 2287 nos
3442 2231 3644 2286 dixisse

2063 2327 2304 2382 memini.
2333 2327 2397 2380 Et
2419 2342 2563 2381 nunc
2594 2325 2952 2380 nihilominus
2978 2325 3226 2380 dicemus
3251 2324 3392 2395 quod
3418 2323 3643 2390 Paulus,

2059 2430 2114 2474 et
2146 2419 2192 2474 si
2228 2419 2320 2488 qui
2354 2427 2482 2474 sunt
2509 2419 2667 2484 tales,
2698 2419 2762 2471 ad
2797 2419 3264 2486 comparationem
3309 2427 3635 2472 cancrorum

2061 2511 2289 2580 perfecti
2319 2510 2609 2574 dicuntur;
2642 2510 2710 2564 ad
2743 2507 2890 2564 illam
2925 2517 3105 2564 autem
3148 2523 3418 2564 summam
3456 2508 3642 2562 scien-

2064 2604 2213 2667 tiam,
2251 2602 2332 2657 vel
2364 2602 2429 2656 ad
2460 2602 2606 2656 illam
2649 2602 3036 2672 perfectionem
3063 2617 3185 2672 qua:
3229 2604 3280 2655 in
3327 2600 3644 2668 cmlestihus

2059 2703 2144 2748 cst
2175 2695 2480 2758 ordinibus,
2514 2694 2694 2748 nullus
2719 2703 2902 2763 potest
2932 2695 3074 2748 inter
3118 2693 3362 2747 homines
3405 2690 3488 2746 vel
3532 2690 3642 2746 dici

2063 2787 2142 2840 vel
2189 2801 2309 2841 esse
2357 2787 2650 2854 perfectus.
2705 2783 2776 2841 Ut
2819 2785 2863 2840 si
2914 2785 3204 2839 dicamus:
3236 2782 3290 2836 lu
3343 2781 3642 2851 puerilibus

2060 2875 2278 2942 studiis,
2312 2877 2378 2932 ad
2412 2877 2878 2946 comparationem
2919 2875 3067 2930 illius
3095 2874 3188 2944 qui
3223 2889 3398 2943 nuper
3445 2872 3644 2926 imbui-

2061 2977 2163 3031 tur,
2198 2977 2252 3021 et
2275 2969 2446 3035 prima
2474 2967 2779 3024 litterarum
2805 2967 3033 3036 suscipit
3065 2966 3357 3031 elementa,
3387 2965 3641 3035 magister

2063 3061 2175 3128 ipse
2205 3059 2461 3115 librarius
2491 3062 2761 3131 perfectus
2786 3059 3122 3132 appellatur;
3176 3060 3270 3114 sed
3303 3075 3409 3114 non
3442 3066 3524 3113 est
3561 3057 3637 3112 ita

2059 3152 2352 3221 perfectus,
2392 3162 2450 3207 ut
2486 3164 2570 3208 est
2598 3153 2688 3208 ille
2726 3156 2818 3224 qui
2853 3153 3266 3222 grammaticam
3307 3153 3488 3207 docet.
3521 3149 3641 3221 Ipse

2060 3257 2187 3297 vero
2219 3243 2610 3312 grammaticus
2659 3243 2910 3314 quamvis
2941 3243 3011 3296 sit
3041 3244 3339 3312 perfectus,
3391 3243 3642 3312 superior

2057 3343 2142 3388 est
2185 3344 2367 3389 tamen
2411 3335 2678 3405 perfectio
2711 3336 2947 3391 rhetoris
2970 3335 3113 3407 (δικ
3147 3345 3202 3390 et
3253 3335 3338 3391 his
3384 3336 3640 3390 Omnibus

2057 3423 2218 3494 longe
2252 3424 2581 3480 eminentior
2619 3425 3011 3495 philosophica:
3057 3425 3318 3480 doctrinae
3349 3423 3634 3496 perfectio.

2058 3515 2302 3585 Curaque
2345 3516 2400 3570 in
2447 3517 2532 3570 his
2585 3516 2840 3570 omnibus
2892 3516 3212 3570 litteratura:
3245 3518 3492 3572 doctrina
3522 3515 3638 3588 (55)

2058 3607 2147 3669 sit,
2191 3607 2440 3662 diversus
2477 3616 2651 3660 tamen
2688 3607 2886 3676 gradus
2915 3607 3270 3676 perfectionis
3299 3617 3351 3661 et
3379 3609 3637 3678 magiste-

2060 3698 2127 3750 rii
2166 3697 2218 3750 in
2253 3710 2578 3765 unoquoque
2624 3698 2872 3751 habetur.
2923 3696 2999 3750 Ita
3035 3713 3168 3767 ergo
3203 3707 3378 3768 potest
3415 3698 3535 3753 fieri
3577 3707 3638 3754 ut

2057 3798 2110 3844 et
2141 3787 2342 3844 Paulus
2368 3803 2490 3844 cum
2523 3789 2652 3843 dicit
2687 3805 2699 3842 :
2732 3787 2854 3843 Non
2891 3791 3033 3860 quod
3055 3790 3170 3861 jam
3195 3799 3464 3844 assecutus
3509 3791 3633 3855 sint,

2051 3888 2144 3933 aut
2174 3879 2440 3948 perfectus
2476 3880 2576 3933 sim
2602 3879 2666 3943 ¹⁶,
2703 3879 2770 3932 ad
2805 3879 2954 3934 illum
2991 3882 3198 3951 apicem
3233 3881 3473 3936 ctelestis
3512 3896 3636 3951 per-

2053 3969 2302 4025 fectionis
2329 3969 2602 4039 aspiciens
2633 3968 2882 4024 videatur
2909 3970 3022 4025 hac
3051 3973 3316 4026 scribere.
3341 3971 3476 4026 Cum
3503 3988 3634 4029 vero

2049 4060 2182 4114 dicit
2220 4076 2233 4113 :
2271 4058 2581 4130 Quicunque
2624 4076 2746 4131 ergo
2776 4063 2996 4130 perfecti
3044 4079 3246 4129 sumus,
3296 4064 3392 4117 hoc
3430 4065 3631 4118 sentia-

2049 4168 2165 4205 mus
2184 4152 2226 4183 ¹⁷
2253 4151 2388 4224 (56),
2413 4154 2479 4206 ad
2510 4153 2758 4208 humana:
2783 4163 2992 4209 tantum
3019 4156 3371 4227 perfectionis
3413 4155 3635 4226 respicit

2049 4244 2300 4313 gradum.
2349 4244 2442 4299 Sic
2475 4260 2605 4316 ergo
2643 4255 2698 4301 et
2732 4248 2785 4301 in
2823 4250 3072 4318 prmsenti
3119 4249 3239 4303 loco
3294 4248 3626 4318 intelligendi

2050 4347 2177 4391 sunt
2215 4336 2296 4392 vel
2329 4351 2478 4406 pace,
2513 4338 2594 4392 vel
2627 4341 2849 4410 gaudio,
2888 4341 2971 4396 vel
3017 4342 3183 4394 etiam
3241 4341 3506 4404 bonitate,
3543 4339 3628 4394 vel

2721 4432 2943 4488 ’Colos.
2977 4447 3015 4494 ι,
3062 4430 3152 4482 20.
3232 4431 3274 4461 ¹⁰
3305 4429 3322 4483 l
3350 4429 3478 4487 Cor.
3507 4445 3626 4494 xm,

2082 4501 2125 4533 “‘
2152 4501 2164 4556 Ι
2193 4503 2366 4566 Com,
2404 4501 2458 4555 5.
2539 4501 2582 4532 ¹⁵
2612 4500 2631 4554 ι
2663 4500 2789 4555 Cor.
2828 4503 3025 4567 xttt,9.
3111 4502 3154 4532 ¹⁶
3185 4499 3378 4570 Philip.
3413 4515 3496 4564 ιιι,
3534 4501 3621 4554 12.

2122 4661 2233 4731 (50)
2264 4661 2362 4716 Ms.
2413 4661 2612 4732 Regius
2660 4681 2811 4719 num.
2860 4665 3018 4730 1059,
3067 4664 3324 4720 Rabanus
3369 4674 3424 4718 et
3468 4665 3620 4731 editi,

2047 4731 2426 4805 plenitudinem
2468 4731 2637 4802 pacis.
2685 4735 2810 4790 Mss.
2861 4738 2990 4796 duo.
3033 4737 3418 4789 multitudinem
3455 4738 3620 4805 pacis.

2145 4802 2234 4869 51)
2266 4803 2428 4866 Editi,
2466 4805 2519 4856 in
2550 4821 2677 4872 pace
2706 4808 2945 4868 redeunt,
2981 4816 3088 4859 etc.

2145 4807 2234 4869 51)
2266 4807 2428 4866 Editi,
2466 4807 2519 4856 in
2550 4821 2677 4872 pace
2706 4808 2945 4868 redeunt,
2981 4816 3088 4859 etc.

2118 4807 2356 4948 i52)_§ic
2388 4888 2520 4948 mss.
2551 4876 2791 4944 plerique
2829 4885 2884 4930 et
2913 4877 3061 4930 editi.
3096 4874 3202 4948 Ms.
3249 4891 3375 4931 vero
3408 4876 3622 4948 (Regius

2046 4942 2407 5016 ιιιιιιι,16;’›9,⁸
2431 4942 2490 4996 Si
2522 4947 2658 5016 enim
2689 4942 2857 5000 credit
2883 4948 3021 5015 quis,
3069 4957 3114 4999 et
3157 4947 3346 5001 virtute
3389 4942 3622 5016 Spiritus

2043 5014 2210 5087 sancti
2259 5013 2554 5087 muniatur.
2605 5013 2979 5082 liabanus,VSi
3025 5018 3161 5070 enim
3191 5017 3281 5086 qui
3320 5013 3510 5083 credit,
3555 5034 3622 5087 ea:

2041 5086 2327 5150 virtute...,
2375 5086 2665 5140 muniatur.

2115 5154 2226 5223 (55)
2264 5153 2403 5208 Editi
2450 5165 2503 5208 et
2550 5155 2830 5224 Rabanus,
2884 5157 3254 5214 dilectione....

2043 5240 2274 5279 monere.
2315 5224 2442 5278 Mss.
2478 5239 2606 5279 vero
2637 5235 2694 5281 ut
2722 5229 2771 5280 in
2806 5239 2978 5282 textu.

2112 5295 2225 5363 (54)
2269 5295 2360 5350 Sic
2391 5310 2526 5348 tttss.
2556 5306 2610 5349 et
2639 5298 2805 5351 editio
2841 5296 3038 5352 Veneta
3083 5299 3358 5355 Salodiani
3393 5318 3407 5353 :
3438 5297 3619 5357 Merli-

2038 5379 2303 5437 nus_vero
2335 5376 2389 5420 et
2439 5363 2841 5434 Geuehrardus,
2876 5371 3117 5435 superior
3148 5378 3261 5437 est,
3325 5380 3376 5424 et
3441 5382 3615 5427 tamen
3686 5393 3692 5398 “

2033 5434 2318 5502 perfectior
2349 5438 2546 5490 rhetor.

2109 5504 2222 5572 (55)
2253 5505 2418 5572 Editi,
2450 5507 2750 5561 litteratura
2783 5506 3046 5567 doctrina.

2109 5574 2222 5656 (5.6)
2248 5574 2323 5629 lta
2355 5592 2487 5634 mss.
2523 5576 2664 5634 Ειεὶιί
2699 5593 2848 5645 vero,
2878 5580 3184 5652 Quicunque
3228 5597 3349 5654 ergo
3390 5585 3612 5656 perfecti

2038 5654 2346 5701 sentiamus.

3303 5158 3618 5215 alterutrum
