3894 6356
134 291 286 349 1209
1115 272 1472 341 (ΖΟΜΜΕΝΤ.
1507 271 1579 330 1N
1619 269 1770 327 ΕΡιὸ

1882 267 1966 322 AD
2005 263 2171 322 llOM.
2204 263 2334 320 LIB.
2375 261 2444 317 Χ.
3269 253 3406 308 η-ἸΟ

133 421 248 460 non
283 402 432 474 eﬁicit
458 399 702 458 Christus
730 399 782 453 in
811 395 1158 453 obedientiam
1197 391 1448 464 gentium,
1496 386 1650 440 verba
1680 391 1726 436 et
1757 383 1807 442 Α
1836 381 2013 436 ricum
2039 379 2266 450 replevit
2300 373 2652 447 Evangelium
2685 368 2914 427 Christi.
2945 364 3114 437 Moysi
3130 373 3193 474 ‘et
3209 364 3409 466 .Aaron

134 453 341 560 factis:
360 508 453 562 per
486 499 793 561 potestatem
841 488 1116 555 signorum
1147 453 1589 551 etvprodigiorum
1610 475 1726 550 (t9)
1833 475 2054 529 dederat
2083 473 2222 526 Deus
2254 475 2583 540 potestatem
2611 463 2888 533 signorum
2925 466 2980 512 et
3012 453 3412 525 prodigiorum,

132 586 196 638 in
223 549 418 639 virtute
448 549 681 652 Spiritus
709 579 845 645 Dei;
887 549 966 632 ita
1006 587 1060 631 ut
1089 577 1154 631 ab
1193 549 1492 629 Jerusalem
1535 571 1590 622 in
1628 568 1731 620 cir-
1833 567 1974 622 sicut
2011 565 2274 634 scriptum
2308 558 2458 618 est“
2490 575 2504 614 :
2540 555 2723 610 Posuit
2749 555 2804 607 in
2849 551 2922 606 eis
2949 552 3100 604 verba
3138 549 3413 617 signorum

564 674 635 728 ad
698 636 972 743 Illyricum
1032 668 1337 738 replererim
1387 662 1731 734 Erangelium
1833 669 1879 714 et
1920 659 2282 729 prodigiorum
2315 657 2368 710 in
2408 663 2549 707 terra
2575 649 2759 708 Cham,
2791 655 2850 698 ιιι
2887 644 3026 698 lilios
3053 639 3223 695 lsrael
3248 636 3416 693 casti-

135 767 374 824 Christi.
419 736 510 823 Sic
550 775 725 820 autent
773 736 871 819 hoc
902 736 1189 834 praedicari
1232 757 1583 827 Evangelium
1626 771 1733 810 non
1837 760 1962 824 gata
2000 749 2238 820 Egypto
2266 749 2604 802 liberarent:
2640 741 2735 797 sed
2772 738 2850 793 illi
2877 736 2962 792 vix
2999 745 3416 834 raruttiqttepo-

135 861 236 915 ubi
270 860 576 916 nominatus
601 868 676 914 est
700 823 967 922 Christus,
998 872 1061 910 ne
1089 870 1248 923 super
1274 823 1504 905 alienum
1540 847 1735 916 funda-
1840 823 2056 900 luerunt
2082 843 2193 913 (55)
2216 857 2284 897 ex
2312 838 2688 910 AEgypIiorum
2721 840 2882 904 gente
2907 837 3253 884 convertere.
3278 823 3418 876 Pau-

136 962 390 1008 mentum
415 951 736 1021 a-diﬁcarent
764 965 783 1004 :
815 949 904 1003 sed
939 948 1071 1003 sicut
1104 917 1359 1012 scriptum
1389 951 1462 996 est
1490 958 1508 996 :
1533 939 1734 1006 Quibus
1838 937 1954 1002 lus,
2001 943 2226 1004 accepta
2275 939 2547 1001 potestate
2605 926 2885 998 signorum
2939 930 2991 974 et
3043 917 3416 990 prodigiorum

136 1059 252 1098 non
281 1053 360 1098 est
389 1041 762 1097 annuntiatum
791 1040 854 1093 de
886 1055 970 1103 eo,
997 1036 1266 1100 videbunt,
1302 1043 1349 1088 et
1379 1033 1472 1098 qui
1497 1047 1600 1085 non
1632 1047 1735 1084 au-
1840 1046 1945 1085 non
1983 1043 2144 1084 unam
2173 1033 2410 1096 gentem,
2442 1034 2615 1092 neque
2643 1020 2778 1072 duos
2797 1025 2887 1069 aut
2913 1027 3021 1068 tres
3039 1009 3260 1081 populos
3282 1006 3419 1079 (56),

135 1133 387 1197 dierum,
410 1130 700 1199 intelligent
714 1131 780 1183 ".
799 1128 936 1183 Vera
957 1102 1175 1196 quidem
1201 1122 1455 1193 gloriatio
1478 1121 1545 1176 ad
1569 1121 1735 1175 Deum
1839 1125 1934 1182 sed
1977 1138 2170 1180 omnes
2203 1120 2271 1174 ab
2295 1116 2603 1178 Jerusalem
2640 1125 2813 1181 usque
2843 1107 2908 1162 ad
2940 1105 3213 1177 Illyricum
3244 1102 3421 1157 natio-

137 1241 256 1280 non
281 1232 391 1292 est,
411 1223 513 1280 nisi
547 1223 635 1279 illa
667 1236 789 1292 qua:
812 1230 900 1278 est
926 1193 1222 1277 in’Christo
1243 1215 1392 1272 Jcsu.
1427 1213 1560 1272 Siue
1581 1212 1738 1270 Chri-
1841 1233 1937 1274 nes
1979 1231 2044 1270 ac
2075 1211 2304 1285 populos
2340 1208 2726 1280 praedicatione
2759 1199 2912 1256 verbi
2960 1209 3014 1253 et
3051 1209 3279 1266 cperunt
3311 1193 3424 1247 vir-

135 1329 232 1372 sto
268 1327 455 1374 autem
491 1316 711 1388 gloriari
748 1316 802 1370 in
851 1315 962 1370 Deo
1010 1313 1117 1370 tale
1159 1321 1262 1376 est,
1307 1309 1470 1381 quale
1516 1309 1562 1365 si
1615 1307 1740 1378 quis
1845 1318 2130 1378 tutumque
2163 1303 2408 1376 potentia
2457 1300 2523 1356 ad
2558 1297 2766 1354 ChriSti
2800 1300 3146 1350 sacramenta
3190 1303 3427 1343 conver-

139 1413 323 1485 677
351 1380 690 1481 dicat'posse
706 1425 763 1466 se
784 1409 987 1465 habere
1013 1406 1242 1478 gloriam
1265 1380 1404 1475 apud
1434 1403 1602 1458 Deum
1621 1401 1740 1457 sine
1847 1402 1910 1456 tit
1939 1401 2076 1471 (57).
2125 1399 2216 1453 Sic
2259 1404 2445 1451 autem
2473 1389 2790 1463 praedicavit
2828 1387 2933 1442 hoc
2959 1380 3333 1452 Evangelium,
3365 1387 3426 1434 ut

133 1504 396 1574 iustitia,
447 1504 568 1559 sine
606 1503 874 1573 sapientia
900 1542 916 1566 ,
959 1501 1084 1556 sine
1129 1499 1382 1556 veritate.
1435 1497 1557 1552 llaec
1597 1495 1739 1550 enim
1847 1510 1952 1548 non
2006 1491 2200 1546 alienis
2247 1488 2558 1549 laboribus,
2596 1496 2775 1551 neque
2815 1480 3008 1534 aliena:
3052 1472 3425 1547 praedicationi

143 1599 344 1654 omnia
383 1597 632 1653 Christus
680 1608 808 1662 est;
849 1604 904 1651 et
939 1595 1062 1650 ideo
1107 1593 1162 1649 in
1207 1593 1322 1650 solo
1357 1592 1573 1648 Christo
1612 1605 1741 1646 vera
1847 1587 2272 1642 additamentum
2304 1581 2418 1636 suis
2445 1574 2787 1634 sermonibus
2811 1573 3098 1633 insereret,
3128 1582 3196 1622 ne
3229 1566 3294 1620 ab
3323 1563 3431 1617 alio

145 1689 416 1758 gloriatio
441 1698 526 1744 est
568 1692 633 1746 ad
681 1656 872 1759 Deum.
921 1686 1113 1743 Simile
1146 1695 1227 1740 est
1261 1685 1360 1740 hoc
1399 1684 1470 1738 illi
1512 1683 1654 1754 quod
1689 1683 1742 1737 in
1778 1733 1817 1759 η
1848 1677 2040 1749 positis
2089 1675 2212 1729 lidei
2253 1670 2624 1727 fundamentis
2681 1667 2798 1736 ipse
2847 1661 3140 1718 aedilicium
3193 1656 3426 1729 propriae

149 1781 289 1836 aliis
318 1781 436 1852 ipse
461 1781 592 1836 dicit
625 1794 640 1834 :
674 1755 777 1846 Qui
807 1789 980 1834 autem
1005 1779 1285 1850 gloriatur,
1311 1776 1364 1829 in
1390 1750 1614 1829 Domino
1632 1773 1741 1842 glo-
1778 1750 1820 1788 υ
1851 1765 2258 1840 prtedicationis
2297 1764 2626 1830 imponeret,
2655 1767 2711 1812 et
2751 1754 2911 1809 alieni
2943 1753 3124 1822 operis
3149 1750 3432 1816 subripere

154 1838 430 1927 rielttr'".
481 1872 765 1940 Quomodo
811 1838 1326 1938 autem'culpabilis
1374 1873 1448 1921 stt
1494 1838 1747 1934 gloriatio
1850 1838 2077 1929 gloriam
2109 1857 2407 1910 videretur.
2451 1845 2803 1906 Observanda
2837 1844 2953 1897 hare
3003 1850 3128 1894 sunt
3163 1838 3432 1892 Ecclesia-

151 1962 345 2020 omnis
373 1978 494 2034 quae
523 1973 675 2019 extra
707 1963 990 2019 Christum
1024 1969 1138 2025 est,
1174 1957 1322 2012 verbi
1357 1971 1540 2018 causa,
1583 1954 1635 2008 in
1664 1954 1748 2008 di-
1851 1928 1970 2005 tum
1997 1943 2455 2014 rcctoribus(58),
2478 1937 2790 2009 ctdiligcnti
2820 1932 3121 1989 intentione
3141 1928 3430 1991 servanda,

155 2054 352 2118 vitiis,
410 2054 497 2108 vel
555 2054 858 2108 honoribus
911 2051 1094 2107 saiculi
1151 2049 1304 2122 (50),
1349 2049 1433 2104 vel
1483 2046 1747 2116 sapientia
1855 2051 1914 2098 ut
1951 2053 2127 2111 neque
2174 2037 2320 2106 loqui
2373 2033 2576 2105 aliquid
2626 2033 2913 2086 vidcantur
2943 2041 3134 2083 eorum
3176 2037 3297 2094 qua:
3341 2035 3436 2089 per

155 2146 392 2214 mundi,
433 2145 520 2202 vel
573 2145 794 2202 caneris
836 2145 1046 2199 artibus
1101 2158 1224 2214 quae
1269 2150 1424 2197 extra
1471 2139 1748 2195 Christum
1856 2135 2002 2204 ipsos
2034 2148 2139 2186 non
2171 2127 2416 2185 effecerit
2445 2125 2717 2190 Christus,
2749 2135 2926 2193 neque
2969 2119 3181 2173 alienos
3213 2112 3434 2168 labores

160 2246 321 2305 sunt,
348 2252 513 2306 supra
555 2236 668 2306 jam
703 2237 866 2292 latius
897 2236 1256 2291 disseruimus
1291 2233 1428 2305 (5|).
1457 2232 1752 2288 Sciendum

161 2343 306 2383 sane
344 2339 430 2385 est
466 2329 613 2398 quod
657 2329 745 2384 hic
787 2328 968 2384 Latini
1012 2327 1240 2398 gloriam
1281 2325 1395 2397 (52)
1431 2339 1525 2395 pro
1554 2324 1757 2392 gloria-

167 2420 327 2476 tione
369 2431 705 2490 posuerunt.
751 2419 878 2475 Non
917 2421 1079 2488 enim,
1107 2420 1305 2490 inquit,
1346 2419 1515 2472 audeo
1553 2417 1756 2488 aliquid

166 2515 330 2585 loqui
362 2531 546 2568 eorum
578 2530 694 2585 quia
729 2531 822 2584 per
857 2530 938 2567 me
972 2529 1076 2567 non
1101 2513 1247 2583 eﬁ'icit
1283 2509 1522 2566 Christus
1554 2511 1608 2564 in
1637 2511 1760 2565 obe-

169 2605 442 2660 dientiam
469 2607 726 2676 gentium,
762 2605 916 2660 verba
949 2614 996 2659 et
1030 2605 1208 2674 factis,
1239 2619 1331 2670 per
1361 2611 1665 2672 potestatem
1694 2601 1762 2655 si-

168 2713 400 2766 gnorum
435 2707 484 2751 et
509 2699 872 2766 prodigiorum
900 2696 954 2748 in
994 2695 1184 2749 virtute
1223 2693 1452 2758 Spiritus
1479 2692 1592 2745 Dei.
1631 2691 1762 2758 Qua:

170 2783 391 2853 loquor,
425 2785 636 2854 inquit,
684 2799 794 2838 non
835 2791 962 2838 sunt
997 2782 1158 2837 alieni
1209 2785 1389 2850 operis
1417 2782 1614 2845 verba,
1661 2795 1762 2833 nec

167 2877 478 2932 alienorum
512 2885 795 2947 gestorum
825 2875 1077 2932 laudator
1100 2874 1335 2940 cllicior;
1369 2874 1465 2928 sed
1494 2889 1612 2944 qua:
1648 2873 1764 2928 scio

168 2964 460 3022 Christum
496 2982 592 3038 per
626 2980 713 3022 me
748 2965 1025 3034 effecisse,
1066 2966 1181 3020 haec
1211 2965 1365 3020 vobis
1393 2965 1610 3030 scribo,
1645 2980 1764 3035 quae

1855 2236 1910 2282 et
1941 2224 2118 2281 studia
2150 2221 2487 2278 decolorent.
2529 2215 2802 2285 Loquitur
2849 2222 3029 2280 autem
3066 2208 3184 2278 quis
3219 2222 3281 2263 ea
3313 2221 3434 2275 qtne

1860 2335 1956 2391 per
1985 2332 2044 2372 se
2079 2330 2185 2370 non
2219 2313 2388 2370 ellicit
2431 2310 2683 2367 Christus
2715 2309 2818 2362 hoc
2856 2304 3052 2368 modo;
3089 2303 3134 2356 si
3188 2301 3440 2369 loquatur

1861 2412 1926 2465 de
1956 2407 2294 2465 continentia
2324 2413 2380 2457 et
2413 2403 2606 2456 doceat
2633 2439 2648 2464 ,
2686 2413 2806 2452 eum
2858 2397 2970 2465 ipse
3010 2393 3300 2448 continens
3333 2403 3438 2442 non

1861 2501 1966 2566 sit;
2000 2499 2083 2554 vel
2130 2498 2175 2554 si
2214 2497 2472 2566 loquatur
2503 2493 2568 2546 de
2601 2490 2898 2546 sobrietate
2919 2527 2934 2549 .
2968 2485 3051 2541 vel
3086 2485 3154 2539 de
3180 2481 3392 2550 iustitia
3423 2519 3440 2546 ,

1867 2596 1950 2651 vel
1983 2593 2050 2648 de
2083 2589 2384 2662 largiendis
2414 2588 2608 2658 opibus
2631 2626 2646 2650 ,
2689 2594 2743 2639 et
2773 2579 3181 2637 contemnendis
3215 2574 3444 2632 faculta-

1867 2689 2010 2742 tibus
2039 2698 2135 2754 pro
2169 2697 2336 2752 regno
2363 2679 2480 2744 Dei,
2512 2687 2564 2732 ct
2593 2678 2645 2730 in
2685 2677 2802 2744 ipso
2841 2674 2931 2743 qui
2961 2674 3078 2726 lucc
3101 2669 3282 2732 docet,
3307 2665 3442 2721 nihil

1868 2782 2060 2835 horum
2091 2775 2333 2832 effecerit
2364 2774 2478 2844 (59)
2514 2771 2782 2826 Christus.
2819 2769 2884 2822 Et
2918 2767 3039 2821 ideo
3086 2766 3315 2840 formam
3359 2761 3444 2816 sui

1865 2868 2160 2939 Apostolus
2192 2866 2363 2936 ponit,
2397 2873 2453 2918 et
2489 2862 2622 2916 dicit
2647 2875 2710 2914 ca
2746 2874 2804 2913 se
2839 2857 3023 2927 loqui,
3053 2864 3108 2911 et
3140 2869 3201 2908 ea
3235 2852 3446 2908 caeteris

1869 2961 2189 3035 prmdicare.
2228 2974 2348 3027 qum
2379 2971 2474 3027 per
2500 2956 2675 3024 ipsum
2704 2951 2959 3006 Christus
2995 2947 3148 3019 prius
3191 2945 3451 3017 impleve-

171 3074 282 3131 per
310 3061 674 3116 obedientiam
705 3060 948 3132 gentium
986 3062 1153 3116 verbo
1197 3060 1250 3114 in
1285 3075 1370 3114 me
1395 3069 1450 3114 et
1479 3075 1640 3130 opere
1666 3077 1759 3114 ux-
1789 3068 1833 3129 ε
1869 3057 1956 3110 ι·ῑι.
1995 3052 2099 3108 Sed
2138 3052 2270 3104 sicut
2312 3050 2568 3118 scriptum
2599 3055 2711 3110 est,
2747 3042 2960 3113 inquit,
3005 3040 3208 3108 Quibus
3237 3053 3341 3092 non
3371 3045 3450 3091 est

171 3151 367 3223 plevit,
393 3152 561 3207 verbo
592 3151 1020 3222 prmdicationis,
1049 3165 1214 3218 opere
1237 3151 1518 3220 signorum
1551 3160 1605 3206 et
1633 3167 1763 3221 pro-

171 3244 472 3314 digiorum.
515 3244 648 3311 Quae
679 3254 860 3300 autem
896 3246 970 3300 sit
1003 3243 1310 3300 dilferentia
1359 3243 1502 3299 inter
1526 3244 1676 3313 signa
1708 3255 1764 3298 et.

174 3337 432 3407 prodigia
453 3375 470 3402 ,
509 3345 566 3392 et
598 3337 652 3390 in
676 3336 796 3390 aliis
819 3337 930 3407 jam
963 3336 1127 3392 latius
1161 3335 1398 3394 diximus
1429 3334 1541 3406 (55)
1564 3375 1582 3402 ,
1622 3345 1676 3390 ct
1712 3336 1763 3389 in

188 3427 450 3499 praesenti
494 3426 620 3482 loco
652 3427 1096 3498 compendiosius
1138 3426 1558 3496 explicabimus.
1601 3426 1762 3496 Signa

181 3518 563 3593 appellantur,
595 3518 646 3575 iIt
682 3520 880 3588 quibus
903 3534 1024 3575 cum
1054 3519 1128 3574 sit
1150 3519 1354 3590 aliquid
1399 3516 1667 3582 mirabile,
1693 3519 1771 3571 in-

178 3614 400 3670 dicatur
435 3623 652 3680 quoque
689 3609 892 3680 aliquid
942 3608 1218 3675 futurum;
1258 3609 1504 3680 prodigia
1535 3623 1682 3674 vero,
1714 3610 1767 3662 in

179 3704 386 3774 quibus
444 3703 829 3758 tantummodo
883 3700 1135 3757 mirabile
1184 3701 1392 3772 aliquid
1440 3701 1765 3755 ostenditur.

184 3794 354 3865 Signa
398 3807 530 3849 vero
573 3791 687 3863 (54)
731 3799 786 3846 et
838 3789 1082 3861 prodigia
1131 3789 1286 3860 quasi
1321 3804 1441 3858 quae
1481 3799 1771 3857 utrumque

181 3886 510 3943 contineant
547 3884 709 3940 dixit.
751 3882 1034 3953 Scriptura
1067 3891 1248 3936 tamen
1283 3881 1470 3936 divina
1499 3880 1769 3936 interdum

181 3987 337 4037 tenet
379 3979 513 4035 istas
548 3979 954 4050 proprietates,
999 3975 1270 4030 interdum
1317 3983 1497 4028 autem
1547 3972 1772 4028 abusive

179 4081 238 4127 et
267 4068 513 4142 prodigia
547 4085 647 4140 pro
677 4069 869 4139 signis,
905 4075 960 4122 et
988 4066 1142 4136 signa
1177 4079 1273 4135 pro
1303 4064 1566 4136 prodigiis
1593 4065 1770 4133 ponit.

184 4162 392 4223 Paulus
430 4178 559 4233 ergo
603 4177 698 4233 per
727 4168 1054 4232 potestatem
1097 4160 1376 4229 signorum
1414 4164 1470 4210 et
1504 4157 1775 4226 prodigio-

183 4273 333 4324 rum,
365 4272 486 4328 qua:
526 4265 704 4310 tamen
737 4254 889 4320 signa
921 4261 973 4308 et
1022 4251 1274 4322 prodigia
1324 4249 1377 4304 in
1413 4250 1614 4303 virtute
1651 4249 1776 4318 Spi-

183 4349 324 4404 ritus
364 4349 539 4405 sancti
591 4346 863 4413 faciebat,
903 4345 973 4401 ab
1005 4343 1306 4402 Jerusalem
1348 4358 1520 4413 usque
1548 4343 1612 4398 ad
1645 4343 1773 4415 Illy-

1865 3145 2245 3200 annuntiutum
2272 3141 2336 3194 de
2368 3157 2458 3206 eo,
2492 3138 2768 3203 videbunt,
2801 3134 2972 3203 etqui
3005 3149 3107 3187 non
3135 3129 3446 3194 audierunt,

1864 3237 2179 3304 intelligent.
2217 3230 2548 3287 Observavit
2579 3243 2710 3298 ergo
2736 3227 3026 3296 diligenter
3051 3220 3368 3294 Apostolus,
3395 3227 3457 3272 ut

1864 3325 2162 3381 secundum
2222 3320 2600 3394 propheticum
2667 3316 2946 3386 eloquium
2999 3313 3112 3381 illis
3169 3310 3451 3367 nuntiaret

1866 3418 2185 3480 Christum,
2215 3415 2413 3484 quibus
2457 3429 2485 3467 a
2524 3410 2668 3466 nullo
2713 3406 2896 3462 fuerat
2945 3407 3222 3461 nuntiatus
3247 3443 3263 3469 ,
3307 3412 3362 3458 et
3397 3411 3456 3457 ut

1871 3512 1945 3566 illi
1978 3511 2045 3566 de
2073 3525 2139 3566 eo
2170 3507 2558 3576 intelligerent,
2589 3504 2680 3573 qui
2716 3519 2743 3557 a
2775 3502 2922 3556 nullo
2958 3508 3086 3554 ante
3113 3497 3452 3553 didicissent.

1873 3603 1936 3658 Et
1980 3605 2106 3666 ista,
2138 3612 2196 3655 ut
2229 3600 2444 3670 opinor,
2473 3612 2642 3652 causa
2683 3596 2805 3661 fuit,
2833 3608 2952 3663 qua:
2985 3606 3107 3645 eum
3139 3591 3457 3658 frequenter

1875 3705 2278 3767 praponentetn
2322 3691 2550 3746 llomant
2588 3702 2812 3758 pergere
2845 3683 3184 3757 prohibebat,
3207 3682 3349 3738 sicut
3378 3681 3462 3736 di-

1873 3792 1988 3845 cit:
2028 3786 2257 3856 I’rOpter
2297 3783 2435 3855 quod
2470 3780 2797 3852 impediebar
2841 3778 3129 3847 plurimum
3179 3776 3354 3830 venire
3391 3776 3461 3828 ad

1874 3898 1961 3936 vos
1995 3879 2144 3951 (60);
2177 3894 2284 3933 non
2311 3917 2326 3944 ,
2355 3885 2414 3931 ut
2445 3875 2496 3928 in
2527 3873 2648 3928 aliis
2697 3871 2829 3927 dicit
2851 3871 2918 3936 ’³,
2957 3869 3247 3940 impeditus
3291 3883 3321 3922 a
3356 3867 3461 3924 διισ-

1879 3983 2026 4040 tana,
2048 3972 2142 4029 sed
2187 3967 2448 4026 fundandi
2485 3964 2762 4022 Eccle‘sias
2797 3962 3158 4033 occupatione
3185 3961 3465 4026 detentus,

1875 4076 1928 4124 et
1966 4066 2018 4122 in
2047 4065 2133 4120 his
2164 4064 2298 4120 locis
2333 4062 2619 4129 lundandi,
2652 4061 2742 4115 ubi
2773 4056 2978 4112 nullout
3009 4054 3135 4110 fidei
3164 4069 3464 4125 praecesse—

1877 4168 1963 4214 rat
1996 4156 2425 4218 fundamentum.
2477 4152 2796 4223 Exemplum
2833 4159 3020 4206 autem
3054 4150 3120 4205 de
3147 4146 3288 4203 Isaia
3315 4161 3469 4202 ειιιιισ-

1877 4263 2027 4324 ptum
2071 4262 2155 4307 est
2204 4253 2273 4317 ",
2316 4261 2372 4306 et
2429 4249 2624 4306 iisdem
2668 4264 2734 4303 cx
2787 4247 3000 4315 integro
3044 4241 3232 4298 verbis
3270 4239 3470 4310 quibus

1879 4347 2018 4418 apud
2049 4344 2370 4418 prophetam
2405 4343 2624 4416 legitur,
2656 4339 2914 4410 positum.

263 4473 310 4506 ³³
337 4473 494 4530 Rom.
523 4488 616 4539 xv,
646 4471 712 4526 17
739 4486 858 4542 seq.
933 4471 978 4502 ”
1012 4468 1029 4524 l
1061 4469 1188 4526 Cor.
1222 4484 1264 4534 ι,
1286 4467 1378 4525 51.
1452 4465 1496 4498 ’⁵
1526 4465 1669 4522 Psal.
1709 4483 1818 4534 etv,
1860 4468 1949 4524 9.7.
2027 4468 2075 4502 ³⁸
2105 4467 2123 4523 l
2163 4467 2356 4525 Thess.
2380 4463 2532 4530 u,l8.
2609 4461 2654 4492 ’°
2683 4459 2786 4514 lsa.
2821 4473 2918 4524 ut,
2956 4454 3040 4510 l5.

267 4611 384 4685 (49)
427 4612 491 4666 In
536 4613 888 4685 obedientiam
934 4612 1164 4685 ςεηζίιιρη
1205 4609 1358 4663 υϐνῦυ
1389 4616 1436 4662 ει
1492 4607 1648 4674 factis
1691 4624 1782 4685 per
1817 4617 1858 4669 υ
1890 4611 1977 4685 ubi
2018 4609 2423 4685 nontinatus'gst
2465 4601 2748 4681 Christus,
2786 4617 2850 4656 ne
2876 4612 3034 4684 super
3078 4593 3469 4685 ali‘ettumlfttn-

194 4679 512 4749 potest'atent
540 4683 812 4752 signorum
843 4691 891 4734 et
924 4679 1306 4752 prodigiorum,
1330 4689 1463 4740 etc.,
1491 4695 1661 4746 usque
1688 4679 1780 4738 ad,

191 4761 244 4808 et
267 4755 359 4824 qui
385 4768 489 4824 non
525 4750 832 4824 audierunt,
863 4750 1176 4824 intelligent,
1205 4764 1466 4816 nusquam
1500 4751 1782 4818 reperiun-

198 4821 291 4877 tur
319 4822 373 4876 in
406 4823 588 4887 editis,
623 4824 716 4875 sed
751 4821 1110 4875 restituuntur
1133 4834 1195 4871 ex
1229 4835 1358 4872 mss.

269 4893 386 4964 (50)
418 4892 592 4964 ίιξῖιιὶιί,
621 4902 668 4944 et
701 4891 989 4964 horroribus
1017 4890 1178 4957 hujus
1207 4888 1412 4964 ramuli.

267 4960 385 5035 (3!)
417 4962 557 5035 fide
579 4976 766 5035 supra,
797 4961 890 5014 lib.
929 4975 1002 5026 tv,
1034 4976 1180 5014 nunt.
1212 4960 1265 5014 9.

271 5031 386 5098 (52)
417 5031 583 5094 Editi,
611 5033 802 5100 gloria.

297 5103 388 5170 55)
410 5100 542 5154 Vide
573 5098 703 5156 tom.
749 5116 865 5163 χιιι,
911 5099 966 5154 in
994 5098 1175 5163 Juan.,
1209 5111 1357 5154 tmm.
1392 5099 1481 5154 60.

295 5174 388 5243 54)
425 5171 686 5243 Rabanus
708 5212 722 5236 ,
754 5177 904 5240 signa
946 5187 1102 5240 ergo.
1136 5182 1243 5223 etc.
1279 5170 1445 5224 Paulo
1478 5178 1598 5239 post
1645 5186 1778 5223 mss.

199 5241 459 5315 quidamL
473 5241 678 5315 l’aulus
705 5254 881 5315 autem
913 5257 1005 5315 per
1031 5251 1506 5315 potestatem,_etc.

271 5313 386 5385 (55)
420 5311 849 5385 Edili_,48€d_tllt_
890 5314 976 5366 riu:
1006 5327 1288 5385 rarumque
1333 5311 1560 5385 aliquem
1606 5322 1786 5385 potae.

199 5380 375 5448 ιἰιίιι,⁷
417 5393 520 5438 etc.
570 5383 668 5436 Ms.
718 5380 922 5452 liegius
949 5397 1097 5444 Itlllll.
1129 5381 1266 5452 1659
1293 5421 1307 5443 ,
1339 5387 1427 5435 sed
1461 5381 1540 5435 illi
1573 5382 1659 5435 vix
1696 5399 1786 5432 ra-

197 5471 317 5508 rum
361 5469 617 5535 quemque
657 5450 966 5521 potuerunt,
991 5460 1097 5506 etc.
1126 5450 1322 5506 Cteteri
1356 5468 1486 5506 mss.
1524 5459 1578 5506 et
1610 5452 1788 5505 [taba-

196 5540 301 5578 ttus
333 5533 388 5576 ιιι
419 5533 469 5578 in
507 5534 681 5578 textu.

268 5593 388 5664 (56)
426 5593 590 5664 liditi.
621 5601 718 5644 aut
743 5592 877 5664 duos
907 5600 996 5644 aut
1032 5600 1136 5644 tres
1159 5590 1402 5658 papulas.

276 5659 394 5732 (57)
426 5661 563 5722 Editi
594 5671 714 5730 post
752 5663 866 5716 lure
897 5664 1056 5716 verba
1085 5700 1098 5724 ,
1133 5673 1461 5732 sarruinema
1490 5659 1739 5714 cetwertit
1772 5699 1786 5720 ,

201 5728 411 5794 addunt
443 5751 457 5788 :
495 5728 794 5787 Sic—atucm
842 5731 1122 5800 praulit'at't'
1167 5728 1512 5802 L't'augrlium
1546 5734 1640 5784 hoc
1685 5747 1788 5784 non

1888 4680 2190 4732 damentum
2231 4673 2552 4743 aediﬁcarent
2577 4711 2593 4736 ,
2629 4672 2766 4729 sicut
2805 4665 3062 4743 scriptum
3092 4675 3165 4743 est
3186 4681 3226 4743 ξ·
3253 4665 3348 4720 sed
3381 4665 3471 4720 hic

1887 4747 2133 4829 Apostoli
2182 4735 2471 4800 contextus
2507 4735 2743 4798 inituss.
2788 4735 2990 4797 nostris
3035 4735 3314 4792 codicibus
3359 4749 3468 4790 non

1890 4828 2182 4886 reperitur.

1961 4876 2074 4959 (58)
2127 4886 2216 4944 Sic
2256 4898 2445 4959 omnes
2491 4899 2632 4959 (mss.
2684 4893 2742 4939 et
2791 4884 3072 4959 Rabanus.
3106 4876 3250 4933 Editi
3295 4890 3426 4931 vero
3453 4915 3470 4942 ,

1890 4956 2249 5014 Ecclesiarum
2273 4956 2601 5028 principibus
2625 4965 2671 5028 et
2706 4957 3147 5028 rectoribus,__e_t_c.

1961 5030 2072 5098 (59)
2110 5017 2283 5091 Editi;
2307 5040 2352 5083 et
2380 5017 2488 5094 ipse
2515 5026 2603 5094 qui
2628 5027 2774 5098 docet
2808 5030 2942 5089 hwc,
2972 5020 3101 5075 nihil
3128 5023 3318 5098 horum
3345 5017 3474 5098 ειμ-

1889 5090 2274 5154 (ειίιί.’1)εἰιιι1ιὲ
2307 5090 2408 5153 ms.
2445 5090 2606 5157 unus,
2634 5107 2679 5147 et
2719 5096 2837 5148 ideo
2872 5099 3098 5161 formam
3130 5090 3214 5143 sui
3255 5097 3473 5161 aposto-f

1889 5174 2029 5223 latus
2065 5172 2209 5237 ponit
2237 5212 2251 5237 ,
2278 5180 2386 5224 etc.
2417 5165 2524 5219 Sed
2559 5166 2738 5220 ueteri
2773 5157 2927 5230 ntss.,
2963 5161 3216 5216 Bubanus
3249 5166 3307 5212 et
3337 5157 3468 5213 editi

1893 5241 2027 5293 utin
2069 5250 2235 5293 textu.

1965 5310 2080 5379 (60)
2125 5311 2262 5365 Editi
2290 5318 2410 5378 post
2444 5306 2792 5379 hmcverba,
2812 5301 3034 5379 l’roptcr
3056 5299 3475 5379 quodnimpedie-

1894 5371 1990 5432 bar
2005 5371 2487 5448 plurimum-uenire
2517 5377 2585 5430 ad
2607 5393 2712 5438 ros,
2730 5375 2954 5448 addunt,
2973 5384 3019 5426 et
3040 5371 3344 5448 prohibitus
3357 5385 3475 5448 sum

1895 5441 2056 5516 usque
2098 5451 2292 5508 adhuc.
2343 5448 2449 5503 Sed
2500 5448 2616 5500 lia-c
2670 5444 2974 5516 posteriora
3013 5442 3270 5516 _Aposloli
3308 5441 3471 5496 verba

1893 5512 2073 5587 neque
2107 5521 2156 5573 in
2188 5535 2316 5574 mss.
2360 5517 2587 5587 nostris.
2625 5512 2801 5587 neque
2833 5514 2982 5587 apud
3012 5512 3294 5587 Rabuttum
3322 5525 3475 5566 cont-

1897 5581 2124 5658 parem,
2173 5601 2227 5642 et
2274 5590 2468 5641 desunt
2517 5585 2680 5642 etiam
2710 5581 2790 5641 ἰιι
2852 5581 3126 5658 plerisque
3175 5581 3474 5656 Scripturae

1895 5657 2298 5730 exemplaribus
2334 5657 2560 5716 Graecis.
