4048 6202
473 201 602 261 1271

1939 213 2096 271 ORIG
2107 214 2255 272 ENIS

3595 226 3612 276 1
3631 226 3725 279 ΞΤΣ.

541 331 629 386 15.
673 330 830 384 Nunc
875 348 991 385 vero
1032 332 1251 386 ulterius
1303 332 1472 387 locum
1516 353 1618 389 non
1657 338 1848 392 habens
1877 340 1929 391 in
1962 338 2042 391 his
2073 343 2118 396 Α
2150 349 2353 391 tantum
2381 348 2557 392 autem
2589 355 2713 411 erga
2744 357 2799 395 se
2839 343 3205 397 Romanorum
3239 344 3409 398 nutrit
3445 344 3721 414 allectum,

477 423 792 492 regionibus,
824 423 1142 476 desiderium
1187 431 1360 477 autent
1400 428 1592 480 habens
1629 428 1802 482 venire
1846 430 1914 482 ad
1958 447 2044 484 vos

471 515 581 583 iam
603 532 664 566 ωε
689 515 865 567 multis
890 517 1299 579 pra'cedentibus
1321 520 1626 582 aunis,cum
1654 521 1707 572 in
1734 520 2042 590 Hispaniam

472 607 802 675 proﬁciscar,
848 623 994 674 spero
1036 609 1176 676 quod
1210 612 1640 678 pra'tergrediens
1675 614 1874 668 videam
1921 632 2044 682 eos,

473 709 522 753 et
555 717 584 750 a
609 699 745 750 vobis
789 698 1023 750 deducar
1065 698 1212 762 illuc,
1243 717 1360 752 cum
1394 703 1562 769 primo
1580 719 1644 756 ex
1664 713 1812 772 parte
1850 705 2046 773 fruitus

473 789 625 857 fuero
650 787 789 840 robis
818 788 883 839 ’⁷.
923 785 1151 842 Videtur
1177 789 1293 843 lucc
1325 791 1375 843 in
1407 792 1609 846 Achaia
1631 795 1838 858 positus
1868 795 2048 851 dicere

473 877 614 946 apud
645 876 994 941 Corinthum,
1025 878 1169 931 sicut
1198 887 1250 932 et
1279 878 1330 930 in
1365 881 1550 947 primis
1583 882 1833 951 Epistula!
1874 885 2045 954 parti-

472 969 572 1023 bus
618 969 730 1036 jam
780 984 878 1038 pro
930 970 1136 1024 viribus
1182 971 1673 1031 demonstravimus
1720 976 1881 1046 (6|):
1927 993 2047 1047 qua:

471 1061 660 1130 utique
692 1063 896 1116 Achaia
935 1064 1108 1117 \‘iciua
1154 1073 1207 1118 et
1247 1067 1531 1122 coluerens
1579 1080 1661 1123 est
1693 1069 2041 1126 Macedoniae.

471 1154 530 1209 lu
559 1158 755 1226 quibus
783 1156 918 1210 locis
952 1160 1188 1227 degens,
1219 1175 1341 1212 cum
1389 1160 1597 1229 singula
1649 1178 1878 1232 quaeque
1923 1179 2047 1232 per-

467 1258 716 1319 agrasset
741 1250 1090 1322 Evangelium
1123 1253 1425 1320 praedicans
1455 1255 1508 1308 in
1537 1255 1620 1310 his
1648 1255 1904 1310 duntaxat
1930 1257 2048 1312 lini-

471 1343 572 1396 hus
615 1343 667 1395 in
715 1343 914 1412 quibus
955 1343 1208 1399 Christus
1243 1354 1367 1399 ante
1406 1361 1509 1400 non
1557 1345 1734 1400 fuerat
1780 1348 2045 1416 praedica-

474 1443 559 1486 tus
591 1433 729 1503 (6‘2),
756 1443 808 1488 et
848 1436 1124 1505 agnitione
1159 1436 1252 1490 Dei
1305 1437 1565 1506 replesset
1610 1437 1883 1501 universa,
1921 1438 2050 1492 dicit

473 1525 698 1578 ulterius
743 1540 801 1580 se
849 1525 1026 1581 locum
1075 1543 1178 1581 non
1233 1527 1433 1583 habere
1482 1529 1534 1582 in
1575 1529 1662 1584 his
1713 1529 2042 1599 regionibus,

472 1617 577 1672 hoc
606 1627 710 1680 est,
736 1618 910 1671 locum
955 1619 1162 1673 nullum
1201 1621 1369 1692 678
1392 1621 1493 1674 sibi
1527 1636 1810 1688 superesse
1843 1622 2044 1676 Christi

471 1710 874 1777 praedicationis
903 1727 1152 1774 vacuum,
1185 1722 1238 1765 et
1271 1724 1484 1781 tempus
1527 1711 1638 1778 jam
1673 1714 1864 1768 adesse
1899 1715 2046 1770 desi-

473 1805 604 1862 gnat
649 1813 757 1862 qun
790 1798 1118 1850 desiderium
1158 1815 1312 1853 suum
1351 1803 1564 1856 videndi
1607 1818 1700 1858 eos
1732 1803 1822 1872 qui
1860 1803 2046 1860 Roma:

474 1894 600 1939 sunt
630 1887 818 1940 debeat
847 1888 1142 1956 adimplere
1179 1909 1192 1943 :
1228 1893 1368 1959 quod
1405 1904 1726 1964 conceptum
1760 1911 1828 1949 ex
1864 1895 2046 1950 multis

473 1976 630 2030 annis
660 1978 900 2045 gerebat,
939 1980 1164 2034 dilatum
1216 1989 1398 2036 autem
1443 1984 1700 2039 fueratet
1731 1987 2044 2042 dissimula-

476 2076 612 2134 tum,
645 2070 818 2126 donec
846 2087 1060 2127 omnem
1097 2074 1272 2128 locum
1299 2076 1353 2131 in
1379 2079 1486 2146 quo
1507 2078 1758 2132 Christus
1787 2094 1894 2132 non
1929 2081 2044 2132 rue—

476 2171 560 2214 rat
595 2164 918 2230 praedicatus
946 2205 961 2231 ,
995 2166 1270 2234 agnitione
1316 2168 1597 2236 Erangclii
1643 2167 1760 2237 ejus
1788 2171 2040 2238 repleret.

475 2254 632 2318 Quod
664 2265 843 2309 autem
880 2258 1052 2322 dixit,
1091 2257 1221 2311 Cum
1262 2260 1316 2312 in
1361 2259 1673 2326 Hispaniam
1711 2262 2042 2329 proficiscar,

469 2361 624 2409 spero
657 2348 796 2414 quod
827 2350 1256 2418 pra'tergrediens
1289 2350 1492 2403 videant
1528 2367 1635 2417 vos,
1667 2366 1769 2404 non
1800 2353 1870 2406 ita
1899 2353 2043 2407 acci-

471 2438 729 2504 piendum
781 2449 861 2492 est
911 2442 1065 2507 quasi
1103 2451 1209 2494 tam
1255 2457 1424 2511 parvo
1463 2457 1650 2496 amore
1690 2443 1884 2498 Paulus
1915 2461 2040 2514 erga

471 2528 747 2584 Romanos
782 2537 1075 2596 teneretur,
1114 2541 1172 2585 ut
1202 2545 1294 2586 eos
1321 2533 1375 2585 in
1413 2534 1645 2586 transitu
1673 2537 2043 2590 tantummodo

469 2631 524 2672 et
565 2619 824 2676 aliorsum
861 2636 1090 2689 pergens
1125 2621 1397 2688 judicaret
1426 2624 1700 2682 visendos.
1736 2625 1868 2679 Vide
1898 2627 2040 2680 enim

471 2712 522 2764 in
574 2712 1034 2782 subsequentibus
1075 2717 1203 2784 quid
1250 2715 1513 2784 adjungit.
1546 2717 1676 2770 Cum
1729 2720 1918 2786 primo,
1956 2720 2039 2774 in-

473 2803 610 2868 quit,
644 2819 708 2856 ea:
740 2814 889 2867 parte
915 2804 1114 2872 fruitus
1154 2805 1304 2873 [uero
1340 2809 1498 2861 vobis.
1538 2809 1592 2861 In
1634 2825 1740 2878 quo
1773 2812 1957 2878 utique
1987 2812 2040 2865 in

475 2893 715 2960 ipsorum
757 2895 974 2950 videtur
1013 2913 1213 2963 ponere
1264 2910 1564 2968 potestate,
1599 2904 1815 2970 quando
1855 2905 1922 2957 ab
1963 2905 2042 2958 eis

475 2989 579 3042 iter
612 2990 944 3058 propositum
988 2991 1182 3045 debeat
1230 2994 1464 3048 relaxari
1491 3011 1506 3048 :
1537 3005 1592 3049 ct
1638 3010 1734 3064 per
1772 2997 1872 3051 hoc
1907 3013 2040 3066 quo-

473 3082 595 3134 dam
632 3083 790 3134 modo
830 3098 1068 3136 amorem
1101 3083 1334 3151 ipsorum
1373 3101 1499 3156 erga
1534 3103 1593 3141 se
1631 3089 1820 3144 invitat
1849 3101 1902 3144 et
1936 3107 2037 3144 utt-

473 3175 566 3228 trit
593 3213 607 3238 ,
636 3183 694 3227 ut
722 3175 765 3226 si
803 3174 908 3241 ipsi
951 3175 1332 3230 insntiabiliter
1366 3192 1491 3247 erga
1521 3177 1771 3232 allectum
1819 3191 2038 3235 tenean-

470 3271 562 3316 tur
606 3264 848 3333 Apostoli
879 3306 892 3329 ,
943 3265 1116 3318 sciant
1159 3266 1272 3335 (65)
1322 3267 1487 3320 etiam
1527 3269 1700 3337 ipsum
1746 3271 1795 3322 id
1840 3273 2040 3328 habere

469 3355 726 3423 propositi
780 3369 882 3407 non
924 3355 1074 3422 prius
1122 3355 1190 3410 ab
1224 3357 1303 3411 eis
1349 3357 1666 3425 discedere,
1711 3375 1884 3429 neque
1931 3361 2038 3416 alio

470 3447 737 3516 proﬁcisci
765 3448 902 3518 (6i),
940 3463 1102 3517 quam
1132 3447 1415 3504 charitatis
1442 3451 1681 3520 ipsorum
1719 3452 1893 3519 gratia
1918 3469 2039 3521 pcr-

468 3540 707 3594 truatur.
741 3539 914 3606 Quam
949 3548 1130 3595 tamen
1168 3535 1492 3598 charita‘iem
1533 3551 1734 3596 tantam
1761 3545 2038 3612 praesentit

469 3631 705 3684 futuram
731 3672 745 3697 ,
784 3633 868 3685 cui
914 3646 1013 3686 nec
1047 3632 1217 3700 possit
1253 3647 1321 3687 ex
1367 3634 1578 3704 integro
1621 3633 1872 3689 satisﬁeri
1898 3676 1914 3699 ,
1944 3636 2036 3690 sed

463 3738 530 3778 ea:
558 3732 728 3792 parte,
767 3724 961 3792 inquit.
999 3723 1300 3780 Praemouet
1332 3725 1445 3796 (65)
1477 3727 1621 3780 enim
1655 3727 1794 3795 quod
1838 3727 1890 3780 in
1917 3742 2038 3781 om-

465 3814 627 3868 nibus
655 3813 1062 3884 evangclizandi
1092 3817 1391 3871 necessitas
1416 3815 1752 3885 prtelerenda
1784 3817 1873 3871 sit.
1895 3816 2038 3873 Bene

468 3916 648 3959 autem
690 3907 773 3960 his
804 3922 940 3974 quos
978 3906 1216 3962 nondum
1267 3909 1570 3964 secundum
1617 3924 1836 3964 carnem
1886 3910 2038 3964 vide-

479 4007 585 4060 rat,
613 4005 666 4048 et
697 3997 763 4048 ad
792 4011 928 4064 quos
959 3999 1195 4052 nondum
1232 4000 1286 4052 in
1316 4015 1545 4069 corpore
1575 4001 1869 4056 advenerat
1898 4001 2035 4067 (66),

465 4086 811 4157 praesentiam
853 4088 934 4141 sui
964 4097 1018 4142 et
1051 4089 1472 4144 remorationcm
1505 4093 1835 4147 moderatius
1881 4092 2040 4162 polli-

467 4189 644 4233 cetur.
697 4179 1119 4235 Desiderabilius
1161 4185 1304 4237 cutim
1351 4184 1677 4251 suscipimus
1725 4184 1862 4239 bona
1919 4202 2038 4254 quae

465 4269 576 4324 cito
615 4271 904 4324 metuimus
955 4269 1252 4326 auferenda
1297 4287 1312 4326 :
1361 4272 1604 4328 securius
1637 4288 1764 4328 vero
1804 4275 2035 4344 negligi-

2147 437 2202 482 ct
2232 430 2649 485 remorationcm
2678 447 2830 486 suam
2865 433 2916 486 in
2947 433 3184 502 ipsorum
3218 435 3445 490 arbitrio
3471 436 3723 503 collocat,

2148 529 2203 574 ut
2236 519 2380 574 dicat
2406 535 2463 576 se
2504 521 2573 575 ab
2604 523 2733 590 ipsis
2764 523 3132 578 deducendum
3177 526 3240 579 ad
3276 526 3604 597 Hispaniam
3635 571 3649 593 ,
3675 541 3728 584 et

2150 621 2275 667 tunc
2308 612 2676 666 deducendum
2705 653 2720 679 ,
2749 630 2870 668 cum
2905 615 3038 686 ipsis
3062 617 3207 685 prius
3239 618 3290 670 in
3332 632 3524 672 amore
3567 621 3719 675 satis.

2150 702 2337 757 fecerit
2379 719 2393 756 :
2443 702 2498 756 in
2546 719 2650 772 quo
2711 706 2896 773 utique
2946 707 2991 761 si
3043 709 3422 776 propensiores
3497 711 3725 767 exstite-

2151 795 2293 860 rint,
2342 795 2659 850 demorandi
2704 796 2904 852 diutius
2950 812 3144 853 causas
3188 799 3288 869 ipsi
3331 801 3593 869 Apostolo
3625 801 3725 858 da-

2149 887 2299 939 bunt.

2221 978 2306 1031 Li.
2343 975 2497 1030 Nunc
2520 995 2638 1032 vero
2667 979 2978 1048 proﬁciscar
3007 980 3059 1034 in
3082 978 3379 1034 Jerusalem
3417 984 3723 1036 ministrare

2149 1069 2365 1122 sanctis.
2397 1065 2608 1121 Placuit
2644 1071 2782 1122 enim
2815 1069 3141 1124 Macedonia:
3167 1081 3212 1124 et
3236 1071 3450 1125 Achaia:
3478 1072 3595 1142 (68)
3627 1076 3724 1127 col-

2149 1158 2395 1213 lationem
2435 1161 2673 1227 aliquam
2711 1160 2885 1229 facere
2914 1162 2968 1214 in
3014 1177 3267 1229 pauperes
3298 1173 3605 1216 sanctorum
3640 1168 3726 1232 qui

2148 1259 2272 1300 sunt
2310 1252 2361 1300 in
2411 1246 2731 1301 Jerusalem.
2774 1247 3109 1318 Complacuit
3154 1249 3330 1314 enim,
3371 1260 3424 1302 et
3466 1252 3727 1307 debitores

2148 1346 2267 1391 sunt
2311 1353 2493 1390 eorum
2541 1337 2654 1409 (69)
2704 1353 2717 1390 :
2759 1339 3013 1405 quoniam
3053 1340 3097 1392 si
3129 1339 3496 1406 spiritualium
3547 1358 3724 1395 eorum

2147 1429 2430 1497 participes
2457 1430 2614 1497 factce
2643 1438 2766 1481 sunt
2803 1440 2997 1497 gentes,
3027 1429 3211 1482 debent
3249 1438 3300 1482 et
3327 1446 3384 1482 in
3419 1431 3726 1484 carnalibus

2150 1521 2456 1575 ministrare
2489 1520 2585 1573 eis.
2617 1517 2732 1571 Hoc
2767 1535 2889 1588 ergo
2927 1535 3043 1572 cum
3075 1527 3536 1585 consummavero,
3565 1531 3613 1574 et
3645 1538 3726 1574 as-

2150 1613 2426 1682 signavero
2468 1611 2543 1665 eis
2579 1611 2815 1679 fructum
2849 1611 2989 1665 hunc
3014 1650 3032 1676 ,
3067 1612 3384 1680 proﬁciscar
3423 1629 3520 1682 per
3547 1630 3635 1668 eos
3671 1615 3724 1666 iu

2149 1702 2488 1772 Hispaniam.
2537 1701 2663 1757 Scio
2705 1703 2845 1756 enim
2879 1707 3130 1772 quoniam
3166 1705 3377 1756 veniens
3405 1705 3477 1756 ad
3505 1720 3622 1769 eos,
3667 1706 3723 1757 in

2148 1795 2478 1850 abundantia
2506 1794 2880 1848 benedictionis
2920 1792 3113 1846 Christi
3134 1795 3336 1847 veniam
3362 1797 3428 1849 ³⁸.
3459 1797 3722 1862 Quoniam

2146 1884 2411 1954 placuerit
2439 1883 2764 1938 Macedoniae
2789 1892 2844 1937 et
2867 1883 3086 1938 Achaia:
3108 1883 3449 1940 collationem
3479 1886 3720 1956 aliquam

2148 1974 2327 2030 facere
2361 1976 2412 2028 in
2444 1988 2708 2045 pauperes
2752 1983 3066 2028 sanctorum
3110 1975 3204 2043 qui
3251 1976 3455 2030 suntin
3494 1975 3721 2032 Jerusa-

2146 2068 2252 2121 lem
2280 2107 2294 2132 ,
2339 2059 2624 2136 possumus
2656 2075 2710 2120 et
2752 2065 2819 2120 de
2866 2065 3102 2119 secunda
3149 2064 3378 2134 Epistola
3416 2066 3486 2120 ad
3519 2065 3723 2122 Corin-

2148 2160 2291 2214 thios
2317 2158 2528 2228 plenius
2559 2158 2787 2220 discere,
2819 2157 2872 2211 in
2899 2171 3002 2225 qua
3033 2157 3138 2210 hoc
3162 2158 3314 2211 modo
3343 2158 3537 2212 scribit
3568 2159 3718 2228 (70):

2151 2249 2346 2304 Notam
2382 2261 2555 2304 autem
2586 2249 2726 2318 [acia
2758 2250 2922 2313 vobis,
2955 2248 3175 2315 fratres,
3202 2250 3434 2318 gratiam
3473 2250 3571 2304 Dei
3608 2269 3721 2321 qua:

2145 2346 2271 2396 data
2299 2353 2373 2396 est
2401 2342 2526 2395 mihi
2559 2343 2611 2394 in
2651 2340 2900 2394 Ecclesiis
2928 2340 3289 2408 Macedonia,
3318 2345 3445 2408 quia
3477 2344 3532 2396 in
3557 2344 3717 2396 multa

2145 2435 2452 2504 probatione
2481 2433 2842 2487 tribulationis
2865 2435 3198 2488 abundantia
3226 2436 3409 2503 gaudii
3435 2452 3641 2501 eorum,
3670 2447 3715 2488 et

2144 2525 2408 2594 profunda
2435 2536 2714 2592 paupertas
2740 2541 2919 2579 eorum
2941 2527 3226 2579 abundavit
3257 2525 3325 2578 ad
3358 2528 3576 2580 divitias
3597 2530 3715 2581 sint

2143 2617 2396 2685 plicitatis
2419 2632 2598 2669 eorum
2634 2632 2652 2669 :
2676 2619 2923 2686 quoniam
2953 2618 3241 2672 securulum
3276 2619 3517 2672 uirtutem
3549 2622 3715 2686 (testi-

2145 2705 2378 2759 monium
2415 2708 2658 2775 perhibeo
2684 2708 2780 2777 eis)
2819 2717 2866 2762 et
2899 2725 3058 2777 supra
3099 2710 3339 2762 virtutem
3377 2726 3474 2763 sua
3497 2721 3715 2778 sponte,

2144 2798 2324 2851 multis
2347 2799 2588 2865 precibus
2620 2798 2734 2868 (71)
2763 2799 3094 2852 obsecrantes
3127 2815 3220 2854 nos
3239 2801 3470 2869 gratiam
3501 2813 3548 2854 et
3580 2819 3720 2855 corn-

2143 2892 2439 2945 munionem
2463 2908 2581 2960 qua
2619 2893 2679 2960 ﬁt
2715 2892 2771 2944 in
2802 2901 3015 2945 sanctos
3045 2893 3114 2956 ”,
3144 2900 3199 2946 et
3230 2893 3460 2962 reliqua.
3490 2893 3562 2948 Et
3585 2895 3719 2949 sicut

2068 3014 2109 3069 Ο
2147 2982 2197 3035 in
2233 2983 2316 3038 his
2345 2985 2708 3038 testimonium
2739 2983 2918 3038 reddit
2944 2983 3355 3048 Macedonibus,
3395 2985 3468 3038 ita
3503 3003 3711 3039 rursum

2144 3076 2468 3128 cohortatur
2497 3085 2552 3129 et
2575 3075 2922 3141 Corinthios,
2951 3075 3137 3130 dicens
3169 3095 3180 3130 :
3217 3076 3324 3131 Sed
3349 3079 3489 3130 sicut
3530 3078 3585 3130 in
3615 3095 3718 3130 0m.-

2145 3169 2296 3220 nibus
2326 3167 2615 3224 abundatis
2647 3170 2772 3239 ﬁde,
2800 3183 2846 3224 et
2878 3173 3054 3237 verbo,
3089 3181 3136 3225 et
3162 3171 3404 3234 scientia,
3443 3183 3492 3224 et
3537 3182 3716 3224 nostra

2141 3265 2194 3316 in
2244 3279 2330 3318 vos
2369 3263 2628 3320 charitate
2656 3304 2670 3327 ,
2707 3266 2781 3320 ita
2807 3279 2855 3323 et
2888 3269 2941 3322 in
2979 3272 3079 3322 hac
3121 3268 3293 3337 gratia
3334 3268 3616 3320 abundetis
3649 3267 3716 3330 ”,

2140 3365 2196 3411 et
2236 3355 2467 3425 reliqua.
2505 3356 2612 3412 Sed
2657 3366 2714 3412 et
2763 3359 2816 3412 in
2870 3359 2994 3414 aliis
3045 3359 3361 3413 collaudans
3404 3357 3717 3412 Corinthios

2139 3448 2266 3517 quia
2298 3462 2425 3518 erga
2459 3450 2890 3505 communionem
2919 3465 3213 3520 pauperum
3246 3450 3341 3518 qui
3373 3459 3501 3504 sunt
3532 3451 3586 3503 in
3630 3449 3718 3505 ιε.

2143 3539 2379 3594 ruSaIem
2416 3541 2647 3609 prompti
2689 3540 2910 3606 fuerint,
2944 3541 3074 3596 dicit
3103 3563 3114 3596 :
3149 3540 3212 3593 Et
3246 3541 3524 3595 consilium
3547 3542 3604 3594 in
3619 3540 3716 3593 hoc

2140 3629 2206 3681 do
2233 3646 2250 3681 :
2278 3628 2374 3682 hoc
2403 3629 2538 3683 enim
2581 3630 2721 3683 vobis
2759 3632 2996 3699 expedit,
3031 3633 3120 3701 qui
3157 3647 3259 3685 non
3289 3631 3464 3686 solum
3500 3631 3714 3698 fecere,

2139 3719 2230 3771 sed
2257 3728 2307 3772 et
2330 3720 2457 3775 velle
2492 3722 2721 3788 coepistis
2744 3722 2807 3775 ab
2845 3738 2984 3777 anno
3011 3724 3186 3790 priore
3213 3739 3234 3774 .’
3268 3738 3407 3776 nunc
3441 3733 3621 3775 autem
3666 3734 3714 3776 et

2141 3810 2281 3877 {acto
2311 3811 2543 3880 perﬁcito
2574 3812 2639 3866 ³¹.
2671 3811 2775 3867 Sed
2811 3823 2866 3868 et
2912 3813 2963 3867 in
2995 3813 3224 3882 reliquis
3261 3812 3328 3867 de
3380 3813 3482 3867 hac
3521 3813 3714 3866 eadem

2141 3910 2448 3956 sanctorum
2497 3901 2608 3972 (79)
2652 3903 3038 3957 communione
3081 3902 3454 3972 prosequitur,
3487 3914 3542 3959 et
3596 3913 3715 3973 post

2141 3996 2417 4066 aliquanta
2465 3998 2614 4051 addit
2651 4014 2664 4050 :
2697 3997 2770 4050 De
2807 3997 3098 4052 ministerio
3137 4009 3311 4052 autem
3357 4001 3500 4069 quod
3540 4001 3614 4052 sit
3662 4001 3715 4052 in

2139 4102 2385 4157 sanctos,
2430 4091 2758 4160 superﬂuunt
2810 4099 2883 4144 est
2933 4090 3075 4144 vobis
3119 4091 3366 4145 scribere.
3406 4089 3530 4144 Scio
3573 4093 3714 4144 enim

2140 4193 2430 4250 promptam
2460 4181 2777 4234 uoluntatem
2808 4189 3031 4234 vestram
3058 4221 3072 4245 ,
3116 4198 3211 4249 pro
3243 4199 3347 4251 qua
3379 4182 3630 4251 gratulor
3652 4185 3715 4234 de

2142 4274 2280 4328 vobis
2319 4273 2714 4338 Macedonibus,
2751 4274 2874 4341 quia
2914 4274 3115 4327 Achaia
3143 4283 3334 4342 parata
3367 4285 3442 4327 est
3468 4273 3535 4327 ab
3571 4291 3711 4326 anno

465 4374 588 4414 mus
613 4361 753 4430 quod
781 4371 1086 4420 retenturos
1114 4365 1226 4435 (67)
1255 4380 1350 4418 nos
1382 4364 1586 4418 diutius
1617 4364 1908 4419 credimus.
1947 4365 2032 4418 ln-
2069 4359 2112 4413 D
2142 4368 2318 4436 priore
2345 4408 2359 4432 ,
2411 4377 2457 4419 et
2517 4377 2685 4420 vestra
2739 4365 3013 4420 (sinulatio
3057 4367 3351 4433 prouocauit
3405 4366 3603 4418 multos
3643 4364 3710 4416 ³³.

539 4474 585 4504 ’⁷
610 4472 766 4530 Rom.
797 4493 884 4544 xv,
913 4477 1005 4544 9.5,
1025 4479 1111 4533 2i.
1191 4479 1237 4512 ’⁸
1261 4479 1414 4533 Rom.
1453 4496 1540 4547 xv,
1581 4480 1672 4544 25,
1695 4495 1779 4549 sq.

687 4611 820 4666 Vide
843 4610 1056 4668 Prmfal.
1089 4615 1138 4667 in
1175 4616 1311 4669 hanc
1341 4613 1510 4681 Epist.

560 4678 649 4748 69.)
692 4681 790 4753 Ms.
838 4683 1035 4752 llegius
1083 4701 1230 4738 num.
1278 4678 1453 4748 1659,
1487 4688 1538 4737 in
1587 4686 1776 4753 quibus
1830 4687 2030 4741 Christi

465 4756 588 4802 ante
619 4766 719 4805 non
757 4752 928 4814 [iterat
974 4756 1302 4817 praedicatio.
1335 4757 1442 4810 Sed
1486 4752 1665 4810 caeteri
1697 4773 1827 4812 mss.
1859 4758 2031 4811 Raba-

467 4833 568 4870 nus
598 4830 650 4872 el
680 4823 808 4874 editi
846 4833 900 4875 ut
936 4824 985 4876 in
1015 4833 1184 4877 textu.

537 4889 650 4955 (65)
684 4892 778 4946 Ms.
801 4892 1016 4963 Regius
1047 4911 1194 4948 nunt.
1225 4894 1382 4953 1659.
1412 4905 1465 4948 ut
1497 4895 1601 4949 sint
1628 4896 1726 4963 ipsi
1755 4897 2032 4948 insatiabi-

465 4956 538 5009 les
581 4974 705 5027 erga
741 4956 986 5029 n/I‘cctitm
1025 4965 1280 5031 Apostoli,
1308 4967 1519 5029 sciant,
1557 4956 1660 5019 ctc'.
1703 4966 1808 5019 Sed
1850 4968 2028 5022 caeteri

467 5041 622 5092 mss.,
653 5033 924 5094 [tab-anus,
957 5045 1011 5087 et
1036 5034 1161 5086 edti
1193 5045 1248 5088 ut
1277 5035 1326 5087 in
1360 5046 1530 5091 textu.

536 5097 673 5174 (61)Δ
697 5102 781 5174 Ita
816 5103 942 5154 editi
987 5113 1041 5156 et
1084 5105 1326 5174 plerique
1373 5123 1503 5164 mss.
1540 5104 1636 5159 Ms.
1674 5120 1802 5159 vero
1834 5105 2032 5174 Regius

467 5181 612 5220 nuzu.
656 5171 792 5226 1659
816 5212 829 5237 ,
869 5190 1032 5242 neque
1063 5175 1198 5227 altas
1240 5171 1554 5242 “labantis,
1583 5190 1745 5243 neque
1771 5179 1838 5226 ad
1874 5171 2030 5244 alias)

467 5237 742 5302 proﬁcisci.

463 5243 742 5299 PTa/icisci.

505 5310 646 5382 ἰ(15θὶ)
690 5315 780 5367 δίο
808 5312 960 5378 editi,
995 5325 1043 5367 et
1072 5314 1348 5369 Rabanus.
1380 5315 1504 5369 Mss.
1537 5330 1665 5368 vero
1695 5317 1862 5368 nostri
1894 5315 1983 5368 alii
2014 5343 2049 5382 ,-

466 5368 798 5452 I’ritfrnunit;
829 5368 1244 5452 alii,'l’roponit.

538 5449 649 5518 (66)
680 5451 839 5513 Editi,
875 5455 929 5503 in
969 5449 1124 5507 carne
1159 5455 1462 5509 advenerat.

536 5517 649 5584 (67)
682 5520 820 5572 Editi
842 5525 1133 5594 ,_sccurius
1161 5542 1278 5577 rcro
1309 5537 1360 5577 et
1394 5527 1738 5594 negligentius
1771 5527 1913 5593 quod
1951 5543 2030 5578 re-

465 5598 717 5664 tenturos,
741 5599 846 5643 etc.
869 5590 997 5646 Mss.
1031 5594 1155 5656 duo,
1183 5590 1553 5658 retentaturos,
1590 5613 1686 5664 pro
1713 5590 2024 5649 retenturos.

464 5655 528 5722 {ﬁt
558 5661 718 5736 paulo
745 5670 866 5734 post
900 5664 1048 5725 cdtti,
1081 5655 1509 5718 utintorationent
1539 5655 1757 5720 suam...
1787 5665 2022 5719 coltocet.

1857 4481 1900 4514 ὀ
1933 4479 1970 4534 ll
2004 4480 2130 4539 Cor.
2163 4498 2224 4544 ll,
2249 4497 2332 4552 sq.

2411 4481 2456 4512 ³⁸
2493 4481 2623 4536 ibid.
2654 4481 2705 4534 '7.
2777 4480 2819 4511 ³¹
2851 4479 2982 4534 ibid.
3021 4478 3108 4534 10.
3166 4478 3208 4509 ³³
3237 4477 3280 4531 11
3308 4477 3437 4533 Cor.
3468 4494 3546 4544 Ix,
3569 4481 3626 4544 1,
3655 4481 3711 4534 Ξ.

2140 4617 2292 4672 Male.

2212 4690 2321 4759 (08)
2345 4688 2505 4753 Editi,
2528 4688 2887 4743 Prubaverunt
2912 4686 3048 4738 enim
3071 4684 3386 4740 Macedonia
3407 4698 3455 4741 et
3484 4689 3710 4752 Achaia,

2138 4767 2246 4814 Cic.

2213 4829 2325 4899 (69)
2380 4829 2502 4884 Hinc
2531 4829 2695 4883 verba
2721 4869 2736 4891 ,
2772 4824 3102 4899 Complacuit
3143 4827 3280 4879 enim
3307 4865 3322 4890 ,
3364 4835 3413 4880 et
3448 4827 3711 4880 debitores

2139 4911 2256 4952 sunt
2289 4896 2488 4959 eorum,
2528 4912 2656 4960 αις..
2687 4911 2858 4967 usque
2887 4896 2978 4959 ad,
3002 4910 3276 4967 possumus
3300 4907 3348 4950 et
3379 4899 3441 4967 de
3475 4903 3710 4949 secunda

2144 4969 2380 5036 lz'pistola
2409 4970 2478 5024 ad
2508 4965 2832 5030 Corinthios,
2867 4976 2997 5030 etc.,
3031 4965 3407 5021 desiderantur
3432 4966 3487 5019 in
3528 4970 3705 5032 editis,

2141 5040 2234 5092 Sed
2266 5041 2625 5093 restituuntur
2652 5055 2716 5094 ex
2752 5051 2880 5092 mss.

2213 5107 2324 5180 (70)
2372 5111 2461 5162 Sic
2506 5125 2697 5180 Olllltcs
2732 5124 2858 5180 mss.
2892 5103 3277 5180 ct__I_iab_anus.
3312 5104 3493 5180 Editio
3528 5117 3705 5180 autem

2145 5174 2361 5238 Veneta,
2397 5179 2450 5231 in
2479 5194 2580 5248 qua
2609 5179 2720 5232 hch
2753 5179 2826 5231 ibi
2855 5174 3059 5227 scribit.
3088 5178 3283 5232 Cancri
3327 5177 3484 5242 editi,
3521 5179 3578 5229 in
3604 5194 3704 5245 qua

2142 5251 2250 5301 htt'c
2275 5248 2472 5305 scribit.

2215 5318 2329 5384 (71)
2360 5317 2435 5371 Ita
2470 5333 2600 5374 mss.
2619 5318 2878 5388 plerique,
2903 5321 3157 5375 Bahanus
3179 5327 3230 5371 et
3260 5317 3411 5372 editi.
3449 5315 3548 5368 Ms.
3577 5331 3706 5366 rem

2145 5388 2340 5461 Regius
2376 5405 2521 5442 ltlltll.
2562 5389 2720 5461 1659,
2766 5399 2813 5442 et
2844 5408 3003 5457 supra
3030 5391 3268 5443 virtutem
3304 5405 3453 5440 suam
3486 5397 3704 5461 sponta-

2141 5461 2222 5510 nei
2255 5458 2464 5524 fuerunt
2491 5502 2504 5524 ,
2551 5460 2730 5512 multis
2761 5462 3020 5527 precibus,
3056 5470 3188 5522 etc.,
3219 5460 3359 5526 quod
3390 5461 3591 5510 rectius
3621 5458 3704 5506 vi-

2138 5531 2322 5604 detur;
2353 5530 2445 5604 sed
2481 5530 2612 5582 nihil
2647 5530 2901 5604 immuto.
3075 5601 3084 5604 _
3378 5595 3407 5604 _.
3440 5595 3449 5603 _

2207 5599 2319 5668 (7‘2)
2346 5599 2679 5653 Sanctorum.
2717 5602 2873 5654 Deest
2892 5601 2941 5656 in
2965 5600 3119 5654 libris
3147 5607 3298 5652 antea
3327 5597 3506 5651 editis.
