3894 6356
206 216 391 275 1275
1215 211 1575 270 COMMENT.
1612 208 1678 266 IN
1717 212 1935 268 EI’IST.
1979 213 2068 266 AD
2107 212 2273 268 “OM.
2304 213 2436 270 LIB.
2469 213 2540 267 Χ.
3388 217 3523 271 iii".

206 335 409 401 Quod
441 344 618 390 autem
654 343 775 404 post
818 333 1126 399 huiusmodi
1178 333 1509 389 Macedonim
1538 343 1590 388 et
1623 332 1840 388 Acltaise
1869 331 1917 387 Α
1949 333 2266 403 appellavit;
2326 333 2564 403 reliquos
2606 346 2736 388 vero
2780 329 2871 403 qui
2925 331 3150 386 inomni
3189 342 3333 386 terra
3372 344 3524 399 sunt,

215 425 626 481 ministerium
673 425 785 495 (75)
811 465 827 490 ,
857 424 1001 494 quod
1035 424 1093 479 (lt
1133 425 1184 478 in
1234 438 1456 480 sanctos
1499 425 1589 494 qui
1631 435 1756 479 sunt
1789 426 1838 478 in
1945 435 2133 492 gentes
2160 424 2378 489 dixerit,
2411 424 2500 494 qui
2532 423 2910 478 habitantibus
2933 422 3232 478 JeruSaIem
3262 432 3520 491 tantptatn

213 510 558 571 Jerusalem
587 557 602 581 ,
651 515 1030 586 proposuisset
1075 516 1366 584 Apostolus
1399 515 1566 569 etiam
1613 515 1839 568 ltontam
1945 515 2078 569 solis
2106 515 2482 582 spiritualibus
2498 514 2813 569 ministrare
2839 514 2890 566 in
2917 512 3226 568 carnalibus
3247 513 3522 568 debeant:

212 605 753 675 \‘idere,iudicatur
779 607 832 660 in
864 607 1088 662 Actibus
1120 607 1492 676 apostolorum
1514 607 1618 661 hoc
1646 607 1839 661 modo:
1945 627 2069 665 cum
2099 612 2284 680 utique
2316 610 2475 665 liceat
2505 618 2556 664 et
2585 619 2740 664 extra
2771 607 3071 663 Jerusalem
3101 609 3413 678 spirituales
3440 610 3524 663 iu-

215 695 392 751 Cum
423 710 598 754 autem
635 701 840 768 expleta
877 710 1048 754 essent
1081 700 1226 765 htrc,
1260 700 1434 768 posuit
1471 697 1680 754 Paulus
1729 699 1840 771 (7h)
1948 703 2142 768 veniri,
2169 717 2304 772 quos
2342 717 2448 756 non
2482 701 2657 766 locus,
2696 701 2788 754 sed
2839 699 3184 754 conversatio
3228 711 3440 764 sancta,
3469 709 3526 756 et

216 788 288 842 in
320 788 543 860 Spiritu
565 801 772 859 sancto,
804 801 859 846 ut
887 808 1003 846 cum
1032 791 1448 861 perambulasset
1471 789 1840 846 Macedoniam
1949 794 2070 849 lidei
2105 810 2168 850 ac
2199 794 2443 850 scientia:
2494 792 2754 863 perfectio
2795 791 2991 846 fecerit
3024 793 3353 860 spirituales,
3384 795 3528 850 sicut

213 892 276 936 et
341 886 641 952 Achaiam,
675 885 1098 955 proﬁcisceretur
1143 883 1568 955 Jerosolymam,
1608 883 1788 936 dicens
1821 899 1840 935 :
1945 897 2000 942 et
2027 887 2144 957 ipse
2189 885 2389 942 Paulus
2444 884 2692 941 scribens
2744 883 2877 938 dicit
2907 882 3020 953 (80)
3053 901 3065 938 :
3098 882 3341 950 Fratres,
3384 895 3433 940 et
3479 887 3527 940 si

218 971 399 1037 Quia
428 986 702 1047 postquam
751 976 899 1042 fuero
931 975 1004 1030 ibi
1030 1018 1046 1043 ,
1087 991 1297 1031 necesse
1317 985 1390 1030 est
1431 991 1512 1030 me
1541 984 1589 1029 et
1622 973 1842 1028 Romam
1943 990 2340 1050 praeoccupatus
2391 979 2552 1049 fuerit
2586 978 2704 1047 quis
2751 978 2805 1031 in
2859 977 3037 1046 aliqua
3078 977 3292 1042 delicto,
3319 995 3409 1032 υοε
3438 979 3529 1048 qui

216 1064 432 1122 videre
465 1067 531 1122 ”.
566 1069 639 1122 Ex
683 1068 768 1122 his
807 1075 989 1122 autem
1024 1067 1279 1122 onmibus
1317 1066 1501 1121 verbis
1545 1065 1838 1136 colligitur,
1945 1072 2213 1142 spiritales
2237 1066 2966 1136 estis,instruitehujusmodi
2991 1069 3043 1120 in
3067 1069 3256 1135 spiritu
3282 1085 3530 1124 mansue-

219 1159 384 1226 qnia
419 1174 526 1214 non
557 1160 728 1215 solum
760 1161 933 1232 prima
963 1161 1031 1214 ad
1063 1159 1403 1224 Corinthios,
1439 1160 1617 1215 sedet
1645 1174 1842 1215 secun-
1946 1163 2146 1216 tudinis
2195 1162 2261 1216 ³⁵.
2318 1159 2457 1227 Quid
2497 1173 2629 1228 ergo
2658 1167 2745 1214 est
2779 1160 2924 1229 quod
2977 1159 3030 1213 in
3069 1159 3152 1212 his
3188 1162 3391 1215 sentire
3432 1178 3530 1218 nos

220 1248 308 1302 da
350 1259 484 1304 ante
513 1251 711 1320 scripta
744 1259 828 1306 est
851 1291 867 1317 ,
909 1266 1070 1320 quam
1104 1250 1216 1305 htec
1260 1250 1328 1304 ad
1377 1250 1648 1306 Rounanos
1679 1267 1840 1322 quam
1947 1253 2237 1308 convenit?
2265 1252 2418 1320 Quod
2465 1253 2644 1307 omnis
2675 1252 2765 1321 qui
2808 1251 3076 1320 spiritalis
3106 1261 3210 1314 est,
3241 1253 3290 1305 id
3322 1264 3404 1307 est
3437 1257 3527 1322 qul

226 1342 526 1400 habemus
577 1345 630 1400 in
681 1345 970 1412 manibus;
1019 1346 1298 1416 simulque
1348 1345 1479 1401 illud
1519 1348 1838 1413 advertitur,
1947 1346 2136 1416 spiritu
2180 1347 2290 1402 Deo
2341 1346 2530 1413 servit,
2569 1357 2625 1400 et
2677 1345 2769 1414 qui
2819 1361 2924 1400 non
2958 1347 3254 1402 sccmnlum
3307 1362 3526 1402 carnem

228 1439 405 1505 quod
455 1449 656 1508 quanto
707 1439 974 1510 posterior
1031 1437 1230 1494 Paulus
1283 1440 1337 1496 in
1385 1455 1714 1510 unaquaque
1759 1441 1843 1497 in-
1948 1441 2118 1508 vivit,
2155 1439 2248 1494 sed
2290 1438 2589 1495 secundum
2643 1439 2926 1509 spiritum,
2982 1439 3084 1494 iste
3115 1438 3166 1492 in
3205 1435 3529 1506 Jerusalem,

230 1530 480 1584 venitur
509 1530 778 1600 Epistola,
823 1541 976 1588 tanto
1021 1544 1069 1588 et
1122 1534 1418 1606 perfectior
1453 1543 1557 1590 :ut
1585 1551 1746 1590 verus
1775 1535 1845 1592 sit
1949 1531 2051 1587 hoc
2079 1539 2182 1596 est,
2227 1531 2278 1586 in
2324 1531 2443 1586 loco
2478 1531 2630 1602 pacis
2677 1530 2910 1596 habitat,
2952 1540 3007 1585 et
3056 1531 3108 1586 in
3139 1532 3287 1600 pacis
3326 1532 3532 1587 visione

236 1620 350 1675 ille
381 1622 500 1691 ejus
545 1638 725 1678 sermo
776 1639 934 1694 quem
966 1626 1126 1690 dixit,
1176 1629 1303 1699 quia
1351 1628 1625 1698 praeterita
1659 1629 1836 1683 oblirio

234 1728 434 1776 scens,
471 1715 540 1767 ad
591 1715 772 1781 futura
818 1734 897 1772 me
919 1721 1141 1773 extendo
1165 1760 1180 1784 ,
1213 1722 1280 1774 ad
1302 1722 1592 1791 perfectum
1629 1738 1843 1791 sequens

236 1805 491 1872 palmam
530 1824 772 1876 superna!
819 1813 1106 1866 vacationis
1138 1814 1202 1866 “.
1249 1813 1402 1880 Quod
1447 1825 1626 1869 autem
1676 1817 1841 1881 dicit,

243 1895 473 1951 Placuit
516 1898 843 1955 Macedonia!
881 1913 929 1956 et
977 1903 1192 1957 Achaia:
1229 1903 1348 1972 (75)
1383 1906 1716 1961 collationem
1752 1908 1848 1961 ali-

243 1987 428 2061 679
454 2007 608 2062 quam
641 1990 814 2059 facere
845 1993 898 2045 in
923 2009 1178 2061 pauperes
1219 2007 1548 2064 sanctorum,
1577 1999 1848 2052 subtiliter

246 2094 315 2140 et
343 2082 647 2138 verecunde
677 2083 806 2136 dum
858 2081 1172 2140 Corinthios
1214 2085 1417 2151 laudat,
1457 2089 1704 2143 hortatur
1736 2089 1845 2143 Ro-

248 2191 471 2229 manos.
510 2172 750 2226 Facilius
773 2173 918 2227 enim
944 2173 1154 2228 devotte
1182 2189 1395 2232 mentes
1417 2179 1482 2232 ad
1511 2180 1849 2235 benefacien-

244 2267 386 2319 tlnm
415 2265 704 2331 exmnplis,
735 2279 896 2334 quam
927 2267 1280 2323 sermonibus
1311 2270 1628 2325 invitantur.
1661 2271 1765 2326 Sed
1797 2283 1850 2327 et

246 2357 312 2410 in
357 2372 422 2409 co
473 2359 614 2425 quod
641 2357 835 2411 addit:
872 2355 1084 2411 Placuit
1121 2360 1280 2422 enim,
1334 2372 1381 2414 et
1436 2363 1688 2417 debitores
1733 2376 1851 2418 sunt

251 2461 468 2508 eorum,
495 2444 622 2512 quid
665 2446 813 2500 aliud
846 2450 1050 2503 sentire
1083 2450 1198 2504 vult
1235 2450 1528 2516 Rullianus,
1568 2454 1668 2508 nisi
1716 2466 1773 2510 ιιι
1807 2457 1849 2510 si

260 2538 455 2590 Achivi
484 2537 596 2608 (76)
625 2550 681 2593 et
709 2538 1032 2596 Macedones
1065 2542 1342 2599 debitores
1371 2555 1497 2598 sunt
1528 2548 1854 2616 pauperibus

261 2637 583 2683 sanctorum
616 2629 708 2698 qui
764 2639 890 2684 sunt
929 2629 981 2684 in
1031 2630 1354 2697 Jerusalem,
1407 2635 1593 2689 eadem
1645 2638 1854 2691 ratione

257 2733 369 2786 qua
394 2732 556 2771 unam
587 2719 973 2790 eamdemque,
999 2737 1161 2790 quam
1194 2722 1291 2785 illi,
1323 2723 1480 2777 ﬁdem
1509 2727 1620 2794 (77)
1647 2729 1854 2785 Christi

251 2810 424 2864 etiam
457 2807 687 2864 Romani
723 2819 930 2878 tenent,
968 2812 1257 2867 advertant
1300 2823 1353 2868 et
1392 2817 1718 2884 semetipsos
1767 2822 1857 2876 his

255 2903 464 2959 eisdem
489 2903 668 2959 factos
699 2918 820 2958 esse
843 2905 1171 2959 debitores?
1211 2903 1396 2976 Neque
1421 2908 1566 2961 enim
1606 2909 1707 2965 soli
1741 2911 1851 2965 hla-

1950 1625 2200 1681 consistit
2226 1644 2238 1680 :
2269 1634 2322 1679 et
2345 1625 2448 1679 iste
2479 1632 2561 1678 est
2589 1637 2796 1694 pauper
2825 1632 3166 1688 sanctorum,
3195 1639 3259 1678 ex
3293 1625 3400 1678 illis
3425 1627 3534 1680 sci-

1951 1715 2078 1770 licet
2111 1715 2287 1769 beatis
2322 1716 2648 1785 pauperibus
2677 1717 2744 1768 ad
2769 1730 2909 1783 quos
2937 1715 3137 1768 dicitur
3168 1733 3181 1768 :
3221 1714 3374 1768 Beati
3400 1733 3535 1784 pau-

1945 1821 2092 1874 peres
2113 1807 2324 1872 spiritu,
2340 1807 2590 1874 quoniam
2613 1805 2849 1873 ipsorum
2869 1815 2944 1858 est
2958 1821 3174 1873 regnum
3197 1805 3448 1858 caelorum
3464 1805 3529 1858 “.

1949 1896 2026 1952 lta
2077 1908 2161 1951 est
2203 1913 2334 1968 ergo
2369 1897 2525 1952 beata
2570 1905 2862 1967 paupertas
2895 1911 3012 1964 quae
3049 1895 3216 1949 dicit:
3253 1894 3460 1948 Aurum
3486 1906 3533 1950 et

1950 2002 2227 2061 argentum
2249 2006 2352 2044 non
2375 1989 2572 2054 habeo;
2597 1991 2686 2044 sed
2713 1989 2851 2057 quod
2871 1987 3055 2052 habeo,
3073 1987 3168 2040 hoc
3191 1987 3284 2040 tibi
3306 1987 3373 2039 do
3396 1986 3534 2056 (81).

1957 2081 2019 2136 In
2053 2082 2264 2135 nomine
2285 2078 2414 2134 Jesu
2443 2079 2642 2134 Christi
2673 2075 2950 2130 Nazareni
2978 2093 3135 2146 surge
3158 2087 3204 2130 et
3230 2076 3530 2131 ambula".

1953 2172 2057 2227 Iste
2083 2171 2204 2227 talis
2233 2187 2434 2240 pauper
2469 2172 2521 2226 in
2548 2169 2849 2225 Jerusalem
2881 2184 3096 2238 semper
3131 2169 3360 2234 habitat,
3393 2169 3535 2224 divi-

1955 2265 2056 2319 tias
2092 2263 2376 2331 possidens
2407 2263 2742 2332 spirituales.
2770 2263 2976 2315 Aurum
3005 2260 3121 2331 ejus
3151 2259 3419 2330 sapientia
3452 2269 3536 2314 est

1956 2354 2093 2426 (89.),
2135 2365 2416 2424 argentum
2467 2367 2646 2408 sermo
2693 2351 2940 2408 scientiae
2986 2369 3000 2403 :
3053 2351 3371 2406 indumenta
3421 2351 3536 2418 ejus

1957 2448 2204 2502 Christus
2226 2454 2330 2509 est,
2359 2445 2522 2513 dapes
2545 2445 2660 2514 ejus
2689 2453 2741 2499 et
2766 2443 2973 2498 tlelicite
3005 2458 3188 2498 mensa
3219 2454 3301 2498 est
3325 2443 3537 2510 sapien-

1957 2539 2064 2603 tiae,
2091 2546 2142 2590 et
2182 2538 2336 2592 cibus
2373 2535 2600 2589 allluens
2642 2536 2694 2588 in
2729 2535 2894 2590 verbo
2933 2535 3023 2589 Dei
3070 2553 3083 2588 :
3121 2534 3302 2587 vinum
3343 2533 3538 2588 lzetitia:

1961 2630 2116 2693 bibit,
2147 2628 2290 2698 quod
2319 2628 2371 2682 in
2395 2635 2609 2682 cratere
2628 2641 2728 2680 suo
2753 2627 2974 2680 miscuit
2998 2626 3276 2697 Sapientia
3301 2624 3367 2689 ⁸⁸,
3392 2633 3444 2678 et
3473 2625 3540 2678 dc

1959 2721 2335 2788 intelligentia:
2364 2719 2481 2786 ejus
2515 2718 2751 2773 victimis
2778 2719 2888 2772 edit
2914 2718 3026 2790 (85)
3059 2719 3210 2772 cibos
3239 2715 3460 2776 solidos,
3483 2726 3538 2770 et

1965 2813 2200 2869 Verbum
2237 2827 2456 2867 carnem
2492 2811 2717 2868 factum.
2759 2811 2878 2866 ista:
2925 2819 3054 2866 sunt
3089 2808 3365 2880 spiritales
3400 2809 3540 2862 divi-

1966 2906 2052 2961 tiae
2081 2904 2215 2976 (84),
2251 2903 2448 2974 quibus
2481 2913 2672 2973 gentes
2700 2902 2751 2956 in
2779 2915 2946 2957 carne
2971 2900 3147 2954 adhuc
3171 2898 3357 2968 positae
3385 2913 3534 2952 ουιιι-

252 2996 494 3052 ccdones
541 3004 596 3050 et
635 2994 827 3050 Achivi
885 2995 940 3048 in
995 2995 1331 3066 spiritalibus
1387 2999 1681 3070 participes
1727 3011 1852 3056 sunt
1881 3012 1925 3074 ο
1968 2996 2246 3052 municare
2271 2997 2550 3052 festinant.
2590 2996 2816 3051 Videtur
2842 3009 2975 3064 ergo
3001 2992 3130 3046 mihi
3166 2992 3250 3046 his
3283 3008 3420 3063 quos
3443 3006 3540 3045 no-

253 3086 387 3142 facti
421 3088 629 3143 sanctis
659 3088 751 3157 qui
783 3096 913 3142 sunt
945 3087 997 3140 in
1026 3085 1351 3155 Jerusalem,
1387 3099 1446 3142 ut
1473 3099 1525 3144 et
1562 3091 1615 3144 in
1648 3107 1850 3146 carna-

257 3178 402 3233 libus
450 3180 530 3234 eis
579 3180 810 3234 debeant
858 3179 1210 3244 ministrare;
1258 3181 1352 3235 sed
1402 3191 1457 3234 et
1503 3180 1853 3247 Romani;et

258 3269 382 3324 ideo
421 3269 537 3337 pari
586 3269 898 3323 conditione
948 3269 1226 3326 debitores
1282 3282 1410 3326 sunt
1442 3289 1455 3325 :
1489 3276 1583 3328 sed
1635 3274 1702 3328 de
1743 3273 1851 3329 illis

262 3368 472 3412 tantum
517 3359 854 3427 prommtiat,
886 3367 943 3413 ut
973 3370 1026 3413 et
1055 3359 1142 3414 isti
1175 3375 1234 3417 se
1262 3363 1512 3418 noverint
1535 3365 1698 3420 simili
1725 3380 1852 3420 sen-

264 3451 452 3505 tentiae
481 3448 765 3518 subiacere
796 3450 935 3522 (78).
971 3451 1094 3507 llaec
1125 3454 1341 3522 quidem
1371 3456 1669 3510 secundum
1701 3471 1848 3511 com-

261 3557 482 3598 munem
517 3542 711 3597 littera:
764 3542 906 3597 dicta
943 3545 1055 3599 sint
1093 3545 1454 3601 intellectum.
1489 3538 1689 3602 Verum
1730 3562 1845 3601 ma-

261 3633 631 3703 gniﬁcentiam
681 3633 898 3690 solitam
947 3637 1290 3706 requiramus
1335 3638 1388 3691 in
1426 3637 1628 3692 litteris
1667 3636 1843 3695 Pauli.

262 3723 382 3780 Non
413 3725 558 3780 enim
591 3736 719 3796 puto
747 3729 981 3797 quodita
1010 3729 1264 3796 senserit,
1292 3740 1349 3782 ut
1390 3729 1530 3784 intra
1560 3729 1729 3786 solam
1753 3728 1845 3785 Je-

261 3817 523 3883 rusalem,
565 3834 726 3872 unam
762 3818 1026 3874 duntaxat
1063 3819 1362 3875 Palaestina:
1393 3823 1605 3887 urbem,
1643 3837 1845 3891 paupe-

261 3922 352 3963 res
377 3918 692 3964 sanctorum
722 3911 1054 3968 concluserit
1083 3912 1219 3984 (79),
1249 3929 1387 3983 quos
1423 3925 1480 3969 et
1527 3915 1844 3985 spirituales
1891 3907 1894 3911 ’

317 4019 363 4054 ³³
387 4022 493 4077 Act
530 4038 642 4088 xix,
673 4022 761 4079 2|.
841 4023 884 4056 ³⁸
907 4024 1102 4095 Philip.
1135 4024 1325 4088 "1,15.
1361 4025 1452 4080 M.

259 4241 368 4285 etc.

336 4301 458 4378 (74)
485 4299 650 4378 Editi,
690 4298 824 4354 Cum
857 4311 1032 4355 autem
1068 4304 1272 4371 etcltleta
1303 4314 1435 4359 esset
1463 4305 1574 4360 hcce
1600 4347 1614 4370 ,
1650 4322 1846 4378 prapo-

265 4374 369 4424 suit
420 4371 644 4436 Paulus,
676 4384 785 4424 etc.

344 4441 458 4510 (75)
493 4439 558 4494 Et
595 4441 830 4510 Achaia'.
864 4440 988 4495 Ilaec
1021 4442 1126 4496 duo
1166 4443 1329 4498 verba
1374 4446 1758 4500 desiderantur
1799 4451 1849 4501 in

269 4509 454 4580 editis,
480 4520 533 4563 et
560 4511 612 4563 in
641 4509 915 4580 plerisque
951 4527 1108 4578 mss.;
1141 4515 1238 4568 sed
1273 4515 1634 4570 restituuntur
1655 4534 1720 4571 ex
1747 4536 1849 4572 ms.

272 4577 442 4648 Regio
479 4577 791 4633 numﬁl659
819 4577 874 4634 et
902 4577 1144 4636 Rabano.

355 4648 469 4722 (76)
515 4649 618 4722 ‘Sic
670 4665 881 4722 omnes
911 4666 1042 4722 mss.
1112 4654 1304 4708 nostri.
1356 4654 1498 4711 Editi
1555 4671 1705 4722 vero,
1755 4660 1856 4712 nisi

275 4718 478 4788 Achaii.
515 4717 793 4778 ltabanus,
830 4720 928 4774 nisi
958 4731 1011 4772 ut
1038 4721 1082 4774 si
1105 4722 1347 4788 Achaici,
1379 4738 1485 4780 etc.

343 4787 457 4858 (77)
485 4789 558 4840 Ita
589 4788 872 4858 legendum
910 4791 1144 4846 videtur.
1174 4793 1279 4846 Sed
1314 4787 1416 4850 liis.
1448 4797 1622 4850 codex
1663 4796 1857 4853 Vallis-

271 4854 476 4919 Clarze,
499 4869 551 4912 et
574 4854 712 4911 unus
737 4857 937 4938 begins
961 4876 1108 4914 nttm.
1135 4862 1502 4938 iliul0,eadem
1534 4869 1737 4938 ratione
1753 4886 1857 4938 qua

276 4943 705 4996 unamquamque
732 4929 812 4980 illi
837 4929 1015 4995 ﬁdem,
1044 4941 1175 4997 etc.,
1211 4944 1267 4986 ιιι
1299 4936 1350 4987 in
1385 4947 1556 4989 textu.
1579 4936 1744 4998 Edili,
1765 4929 1859 4992 ἐα-

275 4999 404 5074 dem
424 4999 629 5074 ratione
657 5013 775 5074 qua_
805 5015 963 5052 unam
992 5001 1173 5068 ﬁdem,
1200 5013 1304 5058 etc.
1331 5005 1432 5058 Ms.
1467 5006 1666 5074 Regius
1702 5023 1853 5062 num.

275 5066 435 5143 i641,
467 5070 649 5143 eadem
669 5066 875 5143 ratione
903 5066 1005 5140 qua
1034 5088 1195 5125 unum
1226 5091 1385 5142 quam
1410 5066 1588 5143 ﬁdem,
1617 5086 1723 5130 etc.
1754 5077 1859 5132 Ra-

275 5135 450 5216 b‘attus
467 5136 669 5216 .habet,
704 5140 886 5216 eadem
913 5135 1114 5194 ratione
1140 5135 1307 5216 etiam
1333 5135 1682 5216 Rontani,'qui
1703 5147 1858 5214 [idem

275 5205 478 5280 Christi
512 5212 1013 5280 tenent_,7advertant
1043 5223 1088 5264 et
1127 5214 1454 5280 semetipsos,
1483 5205 1722 5273 elc.'Ms'.
1759 5217 1859 5271 ιιυ-

277 5275 796 5352 gius,_ttttni._i659_,
830 5282 1248 5352 eadem_ratione
1271 5275 1377 5352 qua
1412 5302 1571 5338 unum
1595 5289 1858 5342 eamdem-

277 5361 376 5413 que
399 5347 558 5428 ﬁdem
588 5347 784 5402 Christi
816 5365 974 5418 quam
1002 5349 1222 5404 Romani
1250 5347 1484 5420 téneant,
1512 5357 1787 5411 advertant
1812 5368 1857 5412 et

279 5429 602 5484 semetipsos,
631 5429 736 5471 etc.
1077 5432 1080 5435 '

355 5485 469 5559 (78)
497 5485 661 5553 Edili,
698 5488 788 5559 ubi
823 5487 940 5559 (al.,
971 5491 1070 5557 uti)
1100 5501 1146 5544 et
1174 5491 1260 5545 isti
1292 5510 1346 5546 se
1378 5505 1567 5548 norunt
1604 5497 1860 5550 sententia
1887 5535 1890 5538 ~

287 5555 593 5629 subjacere;
646 5555 854 5611 omisso
890 5555 1070 5620 simili,
1105 5577 1224 5629 qute
1257 5577 1356 5616 vox
1403 5565 1552 5617 deest
1603 5567 1767 5618 etiam
1807 5568 1858 5620 in

293 5624 561 5690 Hei-isque
587 5642 716 5682 mss.
743 5636 797 5681 et
828 5630 966 5694 apud
995 5624 1311 5696 Baliarium;
1344 5636 1436 5688 scd
1468 5635 1772 5689 restituitur
1793 5652 1858 5691 ex

1529 4027 1573 4058 ³⁵
1608 4025 1789 4084 Galat.
1817 4043 1890 4093 vi,
1922 4027 1974 4081 l.

1958 3092 2127 3145 minat
2157 3099 2366 3160 gentes,
2410 3089 2841 3156 imperfectiorcs
2877 3101 3126 3156 quasque
3151 3085 3362 3140 animas
3399 3085 3540 3140 indi-

1954 3198 2106 3247 care,
2143 3198 2262 3250 qua:
2299 3182 2661 3253 perlecturum
2698 3178 3012 3248 magisterio
3043 3178 3365 3247 indigeant:
3406 3187 3460 3231 et
3491 3177 3534 3231 si

1953 3273 2095 3328 forte
2133 3271 2310 3344 dignae
2345 3273 2544 3326 habita:
2583 3271 2784 3324 fuerint
2831 3278 2888 3322 ut
2939 3269 3232 3338 participes
3277 3267 3357 3322 eis
3405 3267 3536 3322 liant

1956 3365 2068 3437 (85)
2106 3367 2158 3420 in
2193 3365 2464 3420 intellectu
2498 3376 2552 3420 et
2581 3364 2813 3420 scientia
2841 3363 3091 3434 spiritali,
3132 3364 3262 3434 ipsre
3306 3363 3540 3420 debeant

1959 3458 2012 3512 in
2050 3459 2362 3514 carnalibus
2395 3457 2710 3511 ministrare
2745 3456 2825 3512 eis
2855 3477 2868 3511 :
2896 3456 2999 3510 hoc
3023 3464 3128 3520 est,
3152 3471 3275 3510 cum
3309 3456 3540 3525 spiritus

1955 3565 2140 3605 eorum
2174 3549 2340 3604 imbui
2381 3549 2615 3618 coeperit
2650 3549 2716 3601 ad
2760 3547 3043 3602 scientiam
3079 3545 3364 3602 celsiorem
3398 3545 3536 3616 (86),

1953 3643 2115 3697 debet
2163 3641 2330 3696 etiam
2379 3655 2509 3695 caro
2554 3639 2904 3696 continentia:
2956 3646 3012 3695 et
3061 3637 3331 3693 castitatis
3382 3637 3535 3692 frena

1951 3732 2258 3802 suscipiens
2278 3732 2615 3802 spiritalibus
2631 3732 2942 3790 ministrare
2959 3731 3284 3802 praeceptis;
3307 3746 3372 3785 ne
3391 3729 3534 3785 forte

1955 3823 2000 3876 si
2028 3824 2206 3878 adhuc
2238 3823 2290 3876 in
2321 3821 2636 3877 carnalibus
2668 3821 2939 3888 lasciviat,
2966 3837 3231 3878 sessorem
3257 3835 3410 3875 suum
3441 3820 3533 3874 Dei

1956 3913 2189 3969 Verbum
2229 3913 2444 3967 incauta
2491 3921 2547 3969 et
2593 3911 2859 3968 cllrenata
2897 3913 3136 3984 dejiciat.
3185 3911 3294 3968 Sed
3333 3923 3386 3966 et
3419 3913 3530 3982 ipsa

2054 4027 2100 4059 ³⁸
2128 4025 2343 4091 Matth.,
2369 4041 2422 4090 ν,
2453 4025 2506 4079 3.
2585 4027 2628 4057 ³⁷
2651 4026 2774 4082 Act.
2795 4040 2878 4090 III,
2901 4025 2956 4082 6.
3033 4027 3078 4059 ⁸⁸
3102 4026 3263 4081 Prov.
3296 4042 3371 4092 ιι,
3393 4025 3450 4090 2,

333 4157 451 4229 (75)
500 4157 643 4212 Edili
677 4198 691 4224 ,
733 4169 849 4230 post
893 4162 1055 4232 hujus
1097 4173 1144 4218 et
1190 4163 1404 4219 Achaia:
1458 4167 1804 4221 ministerium
1833 4213 1846 4234 ,
1885 4182 1929 4235 [)
1961 4183 2090 4222 mss.
2130 4167 2359 4221 duobus.

2029 4237 2139 4308 (79)
2172 4239 2263 4290 Sic
2296 4247 2441 4289 recte
2471 4253 2571 4308 ms.
2609 4237 2776 4290 codex
2815 4234 3196 4308 Begitts__tutttt.
3233 4233 3390 4290 1659.
3421 4233 3534 4288 Cae-

1961 4303 2061 4362 ler'i
2094 4303 2220 4362 vero
2254 4323 2385 4361 mets.
2418 4306 2681 4374 collegerit
2711 4321 2729 4357 :
2760 4306 2913 4374 editi,
2941 4303 3180 4358 collocet.

2028 4378 2139 4447 (80)
2189 4377 2287 4431 Ms.
2341 4372 2730 4447 (Regius'num.
2774 4373 2933 4435 1659,
2983 4372 3538 4447 scribens‘Corinthiir

1956 4442 2204 4502 dicitaEt
2229 4446 2387 4516 paulo
2409 4442 2550 4513 post,
2586 4442 2650 4496 Id
2680 4459 2804 4511 ergo
2831 4454 2904 4496 est
2943 4443 3083 4512 quod
3123 4444 3175 4494 in
3220 4442 3300 4497 his
3339 4445 3536 4500 sentire

1959 4535 2052 4571 nos
2087 4519 2348 4572 convenit.

2030 4587 2140 4654 (8|)
2169 4587 2336 4649 Editi,
2366 4583 2464 4636 hoc
2488 4584 2624 4637 dabo
2652 4583 2767 4636 tibi.

2030 4589 2108 4654 (8|
2169 4589 2336 4649 Editi,
2366 4589 2464 4636 hoc
2488 4589 2624 4637 dabo
2652 4589 2767 4636 tibi.

2030 4589 2142 4725 (8‘2;
2171 4655 2330 4714 Etliti,
2377 4655 2577 4725 Augurii
2607 4654 2747 4707 enim
2787 4652 2910 4724 (ms.
2941 4666 3114 4716 unus,
3137 4669 3327 4707 aurum
3349 4654 3418 4724 ei)
3448 4671 3536 4708 sa-

1957 4721 2170 4794 pientia:
2197 4735 2288 4783 est,
2310 4734 2420 4794 etc.
2459 4721 2661 4778 Deinde
2703 4721 2894 4794 clunes
2941 4737 3072 4777 mss.
3113 4734 3178 4794 et
3201 4724 3352 4788 editi,
3375 4721 3534 4793 dapes

1959 4793 2072 4865 ejus
2095 4805 2141 4848 et
2167 4793 2366 4847 divitite
2396 4808 2415 4844 .°
2445 4794 2540 4848 sed
2573 4804 2753 4848 tamen
2786 4793 3070 4864 legendum
3098 4793 3310 4848 videtur
3332 4796 3536 4849 delicia:

2001 4881 2058 4918 ro
2087 4865 2300 4917 divitiae.

1963 4881 2058 4934 pro
2087 4881 2300 4917 atrium.

2027 4935 2139 5006 (85)
2191 4934 2354 5000 Edili,
2384 4943 2431 4986 et
2475 4934 2541 4986 de
2581 4933 2937 5004 intelligentiis
2981 4932 3094 5002 ejus
3142 4935 3361 4988 victimis
3403 4936 3534 5000 edit,

1962 5015 2068 5061 etc.

2038 5075 2149 5149 (Si)
2197 5073 2276 5130 ita
2326 5074 2463 5149 editi
2502 5082 2558 5128 et
2581 5089 2702 5149 ‘ms.
2733 5073 2932 5149 Regius
2962 5090 3113 5149 num.
3155 5073 3308 5128 1659.
3339 5072 3534 5149 Caneri

1962 5143 2093 5202 vero
2119 5143 2276 5212 mss.,
2311 5146 2536 5200 delicia’.
2581 5143 2780 5198 Deinde
2809 5143 2959 5207 editi,
3019 5143 3236 5197 Videtur
3263 5160 3382 5213 ergo
3407 5145 3534 5198 mihi

1963 5217 2114 5274 hic...
2151 5219 2388 5272 indicare
2410 5215 2825 5283 imperfectiones
2851 5230 3084 5284 quasque
3110 5215 3318 5284 animos
3340 5216 3394 5266 in
3419 5229 3537 5266 car-

1965 5304 2049 5351 ne,
2077 5305 2216 5355 qua',
2247 5301 2356 5342 etc.
2407 5281 2586 5339 lﬂd‘itio
2637 5281 3100 5355 Veneta'romittit
3153 5281 3409 5337 indicare.
3447 5284 3537 5337 Sic

1965 5359 2129 5411 etiam
2164 5374 2294 5412 mss.
2327 5357 2590 5424 plerique,
2619 5354 2720 5408 nisi
2750 5354 2890 5422 quod
2921 5354 3159 5424 habeant
3191 5369 3302 5406 esse
3337 5367 3436 5421 pro
3462 5355 3538 5406 iu-

1964 5427 2168 5490 dicare,
2200 5435 2252 5480 et
2281 5422 2537 5490 indigent,
2571 5438 2668 5492 pro
2716 5424 3006 5492 indigeant.
3051 5422 3157 5478 Sed
3201 5425 3399 5480 rectius
3432 5438 3535 5478 ms.

1967 5497 2168 5562 [legitis
2200 5512 2351 5550 nunt.
2385 5494 2522 5547 1639
2557 5506 2615 5547 ιιι
2644 5494 2694 5547 in
2722 5504 2906 5546 uestro
2933 5502 3104 5548 textu.

2041 5565 2150 5634 (85)
2181 5565 2343 5624 Edili,
2375 5577 2427 5615 ut
2466 5565 2745 5631 participes
2771 5563 2885 5632 ejus
2914 5563 3067 5630 ﬁant,
3094 5575 3200 5618 etc.

2039 5635 2149 5704 (86)
2185 5635 2284 5691 Ms.
2315 5634 2515 5704 lli-gius
2550 5650 2698 5689 nunt.
2734 5634 2894 5700 -l6.’.}9,
2923 5652 2953 5687 tt
2985 5637 3198 5691 scientia
3229 5635 3462 5690 celsiore.
