4048 6202
332 213 471 270 1277

1303 215 1661 271 COMMENT.
1697 216 1760 271 IN
1801 217 2020 275 EPIST.
2057 218 2147 272 AD
2189 217 2356 275 [£031.
2402 217 2530 274 LlB.
2572 217 2638 276 Χ.

3459 224 3597 278 12⁸18

331 337 427 392 bus
455 336 522 394 ⁸³.
551 337 616 392 Et
644 347 853 394 certum
891 345 973 393 est
1004 337 1149 407 quod
1202 337 1291 392 isti
1331 352 1520 393 omnes
1551 338 1693 393 sicut
1718 339 1912 394 adver—
1941 345 1987 402 Α
2017 350 2072 393 ιιι
2094 339 2240 395 Deus
2276 339 2430 410 pacis
2457 341 2530 394 sit
2562 353 2682 394 eum
2721 338 2823 403 eis,
2866 337 2917 392 id
2957 343 3060 400 est,
3098 344 3156 390 ut
3191 352 3295 406 pax
3327 336 3445 400 Dei,
3479 354 3598 408 qua:

332 437 524 484 santur
556 429 678 484 lidei
707 439 762 486 et
788 429 1050 485 resistunt
1077 429 1292 499 pietati,
1325 429 1465 484 sicut
1497 431 1760 485 contrarii
1787 441 1913 485 sunt

333 517 578 589 iustitia},
609 528 664 574 et
684 521 925 585 veritati,
951 530 1006 575 et
1026 519 1279 575 omnibus
1299 521 1479 583 bonis,
1509 521 1580 575 ita
1601 521 1720 576 sine
1750 521 1914 576 dubio

335 607 601 663 l't'SlSlllltl
636 619 693 664 et
738 611 1098 666 adversnntur
1131 612 1386 664 orationi.
1417 609 1485 664 Et
1520 611 1641 666 ideo
1675 612 1916 667 ostendit

334 697 537 756 Paulus
571 716 691 756 esse
726 718 832 757 non
876 703 1158 756 minimum
1214 702 1376 756 etiam
1408 701 1522 774 (96)
1561 703 1614 757 in
1664 703 1914 758 oratione

334 802 640 860 certamen,
677 797 722 850 si
756 796 973 864 quidem
1011 795 1063 850 in
1106 797 1208 850 hoc
1241 797 1545 851 certamine
1573 797 1735 850 etiam
1760 796 1915 850 auxi-

335 886 466 940 lium
494 902 682 942 corum
707 889 796 958 qui
822 888 1004 943 [ionice
1023 898 1147 945 sunt
1167 890 1461 945 crediderit
1489 890 1913 962 implorandum.

335 975 622 1032 Obsistunt
652 979 794 1033 enim
823 995 952 1036 vere
985 983 1258 1037 dremones
1301 991 1356 1036 et
1389 985 1680 1039 contrariae
1727 993 1913 1053 potes-

336 1075 478 1123 tates
505 1069 556 1122 in
587 1070 836 1126 oratione
866 1072 1040 1140 primo
1071 1088 1166 1143 per
1197 1073 1348 1135 illud,
1375 1089 1441 1128 ne
1463 1073 1586 1130 talis
1607 1074 1917 1131 inveniatur

337 1160 384 1215 is
413 1161 506 1231 qui
561 1159 614 1215 in
654 1164 918 1220 orationis
963 1179 1133 1234 agone
1175 1165 1442 1231 desudat,
1485 1177 1542 1219 ut
1579 1165 1720 1220 levet
1756 1185 1915 1234 puras

334 1267 522 1305 manus
549 1253 658 1305 sine
688 1253 768 1306 ira
797 1253 867 1306 “.
901 1254 1055 1319 Quod
1091 1255 1194 1309 etsi
1229 1255 1331 1310 hoc
1365 1256 1488 1323 quis
1539 1257 1786 1313 obtinere
1820 1274 1916 1327 po-

337 1341 499 1395 tuerit
533 1340 645 1412 (97)
691 1353 747 1394 ut
778 1343 897 1396 sine
935 1343 1015 1396 ira
1073 1345 1163 1408 sit,
1193 1345 1276 1398 vix
1313 1353 1396 1400 est
1438 1354 1496 1399 ut
1534 1345 1754 1417 ell‘ngiat
1797 1363 1918 1403 esse

334 1432 454 1487 sine
506 1433 921 1501 disceptatione,
955 1436 1058 1489 hoc
1109 1443 1192 1490 est
1249 1437 1367 1490 sine
1418 1437 1706 1504 superliuis
1735 1453 1790 1492 et
1830 1456 1920 1494 va-

335 1524 424 1578 nis
471 1526 914 1594 cogitationibus.
977 1526 1076 1581 Vix
1135 1527 1278 1581 enim
1345 1529 1589 1584 invenies
1633 1540 1691 1584 ut
1741 1533 1916 1586 oranti

334 1615 583 1686 cuiquam
616 1631 720 1671 non
753 1618 954 1689 aliquid
999 1618 1177 1673 inanis
1229 1629 1285 1675 et
1322 1620 1514 1677 aliena:
1564 1624 1915 1692 cogitationis

2015 438 2296 499 exsuperat
2327 446 2529 484 omnem
2563 440 2806 493 mentem,
2839 427 3100 481 custodiat
3131 429 3290 481 corda
3317 443 3502 484 eorum
3539 432 3594 485 in

2013 521 2218 576 Christo
2239 521 2364 576 Jesu
2397 521 2473 593 (l)
2504 522 2592 592 qui
2634 537 2739 590 pax
2773 529 2856 574 est
2887 527 3069 574 nostra
3104 518 3171 573 '°.

2088 612 2174 664 17.
2217 610 2533 664 Commendo
2561 622 2734 664 autent
2785 609 2926 664 vobis
2965 607 3188 663 Phoeben
3245 625 3478 663 sororem
3503 627 3599 666 no-

2013 713 2331 772 stram,quar
2353 712 2428 757 est
2454 704 2508 756 in
2542 703 2834 756 ministerio
2868 701 3118 756 Ecclesia:
3145 717 3262 772 qua!
3279 713 3352 755 est
3376 702 3432 755 in
3460 701 3599 758 Cen-

2014 795 2174 859 chris,
2195 794 2238 824 ⁵ί
2259 802 2313 846 ιιι
2341 809 2452 846 eam
2477 793 2774 860 suscipiatis
2804 793 2859 846 in
2901 791 3130 845 Domino
3165 792 3320 860 digne
3345 792 3498 855 satis,
3548 802 3598 846 et

2014 887 2272 942 assistutis
2301 888 2347 941 ei
2373 888 2427 940 in
2463 886 2854 956 quibuscungue
2901 885 3191 954 indiguerit
3229 885 3408 938 vestri.
3457 882 3602 938 Nam

2015 980 2129 1047 ipsa
2163 994 2366 1048 quoque
2413 978 2582 1030 astitit
2617 975 2800 1029 multis
2844 986 2892 1029 et
2943 977 3073 1029 mihi
3121 976 3220 1044 ipsi
3252 975 3351 1045 (5).
3388 975 3452 1029 Et
3513 974 3602 1030 hic

2018 1070 2170 1125 locus
2204 1067 2506 1137 apostolica
2537 1067 2858 1120 auctoritate
2889 1067 3048 1121 docet
3085 1065 3250 1120 etiam
3285 1064 3517 1120 feminas
3547 1066 3600 1120 in

2024 1160 2330 1216 ministerio
2363 1160 2621 1215 Ecclesia:
2649 1158 2935 1214 constitui.
2989 1157 3047 1212 In
3083 1174 3192 1228 quo
3235 1158 3412 1212 ollicio
3452 1158 3600 1228 posi~

2020 1261 2127 1306 tam
2142 1250 2378 1306 l’bmben
2395 1251 2532 1321 apud
2549 1249 2845 1306 Ecclesiam
2869 1264 2988 1320 quee
3005 1259 3084 1304 est
3102 1251 3154 1303 in
3175 1249 3457 1311 Cenchris,
3472 1249 3604 1302 Pau-

2019 1343 2102 1397 lus
2120 1359 2241 1397 cum
2268 1341 2422 1396 laude
2443 1357 2635 1412 magna
2657 1352 2711 1395 et
2733 1341 3202 1396 commendatione
3229 1341 3600 1410 prosequitur,

2018 1451 2350 1490 enumerans
2375 1435 2539 1488 etiam
2578 1443 2730 1505 gesta
2765 1433 2935 1504 ipsius
2966 1433 3248 1503 praeclara,
3281 1443 3335 1487 et
3365 1435 3550 1487 dicens
3582 1447 3599 1486 :

2021 1527 2158 1594 Quia
2198 1528 2250 1580 in
2284 1536 2492 1582 tantum
2518 1527 2769 1582 omnibus
2801 1527 2994 1592 astitit,
3025 1528 3128 1581 hoc
3166 1537 3264 1586 est.
3319 1526 3370 1579 in
3409 1539 3602 1580 neces-

2022 1620 2274 1674 sitatibus
2309 1631 2504 1689 praesto
2535 1619 2656 1684 fuit,
2697 1621 2941 1674 utetiam
2975 1619 3103 1673 mihi
3151 1618 3250 1688 ipsi
3282 1618 3333 1672 in
3365 1618 3602 1672 necessi-

333 1717 604 1770 occurrat,
637 1717 691 1761 et
741 1708 1097 1766 intentionem
1129 1726 1232 1779 qua
1274 1711 1328 1765 in
1383 1712 1548 1767 Deum
1579 1729 1731 1770 mens
1771 1717 1907 1770 diri-
1948 1699 1988 1756 Β
2020 1713 2222 1765 tatibus
2254 1709 2388 1764 meis
2417 1710 2836 1780 apostolicisque
2864 1711 3144 1764 l'lbtll‘lblls
3172 1719 3278 1764 tota
3313 1710 3602 1764 devotione

332 1799 513 1868 gitur,
567 1799 800 1854 declinet
852 1817 917 1856 ac
972 1801 1226 1872 frangat,
1285 1817 1449 1874 atque
1525 1821 1644 1860 eam
1700 1821 1796 1874 per
1848 1823 1908 1862 ea

331 1905 455 1958 qua:
505 1904 610 1944 non
659 1894 908 1962 competit
948 1895 1122 1962 rapiat
1171 1896 1302 1965 (98).
1351 1897 1418 1950 Et
1462 1897 1581 1952 ideo
1620 1913 1758 1967 agon
1799 1914 1910 1952 ma-

332 1995 470 2050 gnus
484 1982 644 2052 681
671 1993 751 2037 est
775 1985 1056 2047 orationis,
1077 1995 1132 2038 ut
1155 1986 1544 2042 obsistentibus
1567 1989 1822 2054 inimicis,
1857 1999 1909 2044 et

331 2073 592 2128 orationis
623 2090 841 2129 sensum
876 2079 926 2129 in
973 2077 1195 2131 diversa
1270 2079 1628 2148 rapientibus,
1678 2081 1782 2136 lixa
1842 2083 1908 2136 ad

333 2163 499 2216 Deum
542 2179 756 2234 semper
796 2184 949 2222 mens
1004 2170 1185 2223 stabili
1244 2171 1546 2225 intentione
1595 2176 1908 2241 contendat,

334 2262 392 2304 ιιι
428 2255 622 2308 merito
661 2257 830 2324 possit
855 2259 1019 2310 etiam
1061 2259 1172 2328 ipse
1219 2262 1402 2314 dicere
1448 2260 1602 2331 (99):
1635 2261 1910 2319 Certamen

331 2345 524 2399 bonum
567 2349 778 2412 certari,
828 2366 1041 2403 cursum
1081 2354 1440 2407 consummavi
1471 2353 1537 2406 "’.
1584 2353 1739 2409 Nunc
1783 2371 1912 2424 ergo

330 2445 452 2489 orat
481 2437 769 2503 Apustolus
793 2441 1036 2510 a'ljuvari
1069 2458 1128 2496 se
1172 2443 1222 2495 in
1269 2459 1442 2512 agone
1486 2446 1813 2512 orationum,
1857 2457 1910 2501 ut

332 2529 594 2585 liberetur
616 2533 684 2585 ab
718 2535 1010 2590 incredulis
1033 2537 1120 2605 qui
1154 2549 1282 2591 sunt
1325 2538 1376 2590 in
1405 2537 1611 2604 Joda'a,
1646 2553 1672 2591 a
1714 2540 1912 2608 quibus

333 2637 438 2676 non
475 2632 580 2675 tam
607 2625 713 2692 pati
750 2626 925 2691 timet,
952 2642 1124 2697 neque
1155 2627 1396 2698 perferre
1429 2645 1489 2682 ea
1529 2646 1647 2698 quae
1670 2632 1735 2683 ad
1777 2645 1910 2699 apo-

333 2716 558 2769 stolatus
589 2713 704 2782 ejus
731 2717 958 2786 gloriam
982 2721 1274 2788 pertinent,
1295 2737 1452 2790 quam
1478 2722 1724 2792 impediri
1755 2739 1912 2778 vere-

334 2817 421 2861 tur
445 2823 512 2862 ne
542 2809 743 2862 diutius
770 2809 1067 2866 obstaculis
1097 2826 1286 2865 eorum
1315 2824 1582 2879 retentus,
1610 2814 1691 2870 vel
1735 2816 1912 2870 minus

331 2908 543 2968 gratum
572 2900 827 2954 exhibeat
865 2903 1068 2956 sanctis
1126 2903 1516 2968 ministerium,
1554 2905 1695 2974 quod
1727 2919 1781 2960 et
1827 2906 1910 2977 ip-

331 3004 450 3044 sum
486 2992 825 3048 orationibus
859 2994 1064 3066 indiget
1098 3005 1156 3050 ut
1202 2995 1299 3049 liat
1353 3008 1636 3064 acceptum
1663 2998 1738 3068 (l)
1776 3016 1788 3052 :
1829 3000 1909 3054 vel

331 3096 399 3136 ne
432 3083 764 3139 desiderium
796 3085 913 3155 ejus
937 3087 1079 3154 quod
1123 3101 1251 3156 erga
1302 3087 1580 3144 Romanos
1621 3090 1786 3144 habet
1833 3091 1912 3144 vi-

330 3175 548 3239 sendos,
579 3176 784 3230 diutius
819 3177 1124 3235 dilleratur.
1161 3181 1236 3240 Si,
1258 3181 1456 3252 inquit,
1487 3183 1588 3237 hoc
1633 3183 1702 3238 ita
1735 3197 1913 3240 cesseo

335 3267 405 3320 ril.
440 3276 574 3320 utet
602 3268 963 3322 ministerium
1007 3284 1184 3323 meum
1233 3283 1514 3341 acceptum
1564 3273 1658 3328 liat
1707 3276 1914 3330 sanctis

335 3358 389 3410 in
427 3355 761 3427 Jcrosolyma
806 3355 905 3428 (2),
935 3367 991 3412 et
1044 3358 1308 3414 liberatus
1362 3361 1430 3414 ab
1483 3361 1776 3415 incredulis
1821 3363 1913 3430 qui

333 3454 462 3500 sunt
515 3445 566 3497 in
599 3443 804 3510 Judaea,
839 3447 1022 3501 venire
1073 3448 1137 3500 ad
1187 3463 1280 3502 vos
1326 3464 1430 3503 non
1483 3449 1764 3518 impediar,
1819 3467 1917 3519 pro

333 3536 475 3592 bene
497 3537 667 3606 gestis
696 3537 859 3592 rebus
912 3538 1154 3608 gaudens
1181 3539 1424 3610 profecto
1455 3540 1520 3594 ad
1551 3557 1648 3595 vos
1703 3542 1913 3596 veniam

331 3642 455 3682 cum
482 3627 765 3682 voluntate
807 3628 921 3693 Dei,
949 3640 1004 3684 et
1062 3632 1396 3700 requiescam
1435 3631 1738 3688 vobiscum.
1798 3633 1914 3688 Non

334 3720 674 3790 corporalem
706 3722 898 3791 utique
927 3724 1168 3791 requiem
1208 3726 1401 3796 quaerit
1449 3724 1676 3792 Paulus,
1727 3731 1819 3782 sed
1851 3727 1915 3781 il-

336 3811 441 3868 lam
469 3827 590 3882 qua:
625 3813 1055 3868 consolationem
1084 3815 1248 3871 habet
1292 3831 1356 3871 ex
1383 3817 1514 3880 Deo,
1553 3817 1694 3872 sicut
1718 3829 1770 3872 et
1799 3818 1913 3886 ipse

337 3907 388 3960 in
423 3907 615 3976 primis
666 3907 919 3978 Epistulae
980 3907 1139 3977 hujus
1196 3909 1441 3980 partibus
1477 3910 1616 3962 dixit
1642 3910 1686 3940 ³⁸
1723 3928 1735 3962 :
1775 3910 1908 3963 Con-

333 3997 497 4050 solari
521 3998 574 4050 in
605 3998 682 4068 (5)
718 3998 858 4051 vobis
888 4013 982 4066 per
1003 4015 1116 4052 eam
1139 3981 1265 4069 qua;
1287 3999 1506 4053 invicem
1525 4007 1599 4052 est
1633 3998 1788 4066 ﬁdem
1822 4015 1908 4054 “eeo

332 4097 495 4144 stram
518 4099 670 4159 atque
697 4107 886 4144 nteant.

404 4179 491 4234 16.
550 4179 690 4235 Deus
744 4191 918 4235 autem
977 4185 1122 4252 pacis
1173 4183 1238 4237 sit
1284 4200 1402 4236 cum
1451 4183 1689 4237 omnibus
1747 4184 1906 4239 robis.

2020 1805 2216 1858 mentis
2259 1804 2510 1856 astiterit.
2533 1803 2721 1857 Simile
2762 1813 2940 1857 autem
2967 1818 3102 1873 opus
3125 1802 3240 1870 ejus
3271 1804 3500 1858 dixerim
3521 1804 3600 1872 (6)

2019 1895 2374 1964 bospitalitati
2421 1895 2544 1958 Lot,
2577 1897 2667 1964 qui
2705 1897 2830 1949 dum
2863 1911 3080 1964 semper
3113 1894 3362 1964 hospites
3407 1909 3602 1948 susce-

2018 1987 2114 2055 pit,
2141 1986 2337 2040 meruit
2369 1987 2660 2053 aliquando
2676 1994 2730 2040 et
2747 1985 2964 2055 angelos
2985 1985 3220 2055 hospitio
3235 1986 3512 2054 suscipere
3531 1984 3598 2041 ⁵’.

2019 2079 2284 2134 Similiter
2312 2093 2364 2133 et
2394 2081 2691 2141 Abraham,
2735 2083 2862 2132 dum
2894 2095 3111 2148 semper
3137 2079 3378 2132 occurrit
3408 2079 3600 2146 liOs'pl-

2021 2174 2183 2235 tibus,
2213 2171 2410 2226 meruit
2449 2183 2582 2226 utet
2618 2173 2879 2226 Dominus
2925 2186 3046 2226 cum
3100 2170 3308 2234 angelis
3363 2171 3602 2223 diverte-

2022 2271 2101 2314 ret
2119 2262 2183 2314 ad
2215 2263 2620 2316 tabernaculum
2643 2261 2756 2329 ejus
2775 2263 2838 2313 ⁸³.
2868 2261 2942 2314 lla
2960 2270 3011 2315 et
3035 2262 3147 2315 bace
3169 2259 3416 2329 religiosa
3443 2260 3602 2313 Phre-

2021 2354 2084 2407 be
2113 2355 2239 2405 dum
2266 2363 2403 2406 astat
2437 2354 2694 2407 omnibus
2723 2361 2777 2406 ct
2805 2353 3058 2407 omnibus
3088 2354 3429 2422 obsequitur,
3463 2351 3604 2404 assi—

2019 2453 2163 2500 stere
2209 2453 2264 2498 et
2304 2445 2527 2512 obsequi
2571 2445 2737 2497 etiam
2791 2444 3050 2513 Apostolo
3105 2445 3323 2499 meruit.
3372 2443 3432 2496 Et
3477 2443 3601 2496 ideo

2023 2536 2167 2589 locus
2197 2535 2285 2590 hic
2321 2537 2429 2589 duo
2462 2535 2664 2605 pariter
2705 2534 2880 2599 docet,
2909 2545 2961 2589 et
2995 2535 3204 2600 haberi,
3238 2546 3296 2589 ut
3334 2534 3599 2597 diximus,

2023 2626 2249 2682 l'entinas
2306 2628 2584 2682 ministras
2621 2628 2671 2679 in
2713 2626 2973 2690 Ecclesia,
3005 2637 3058 2680 ct
3090 2629 3228 2682 tales
3260 2628 3457 2681 debere
3510 2642 3600 2680 as-

2020 2719 2157 2773 sumi
2195 2720 2246 2773 in
2278 2718 2668 2784 ministerium,
2698 2735 2820 2788 qua:
2866 2719 3141 2774 astiterint
3184 2717 3387 2783 multis,
3420 2727 3474 2772 et
3504 2734 3600 2786 per

2021 2808 2158 2863 bona
2184 2807 2354 2862 ollicia
2391 2824 2560 2878 usque
2583 2809 2650 2862 ad
2683 2809 3031 2878 apostolicam
3061 2808 3269 2862 laudem
3301 2808 3600 2862 meruerint

2023 2900 2322 2968 pervenire.
2358 2896 2623 2952 Hortatur
2654 2899 2819 2953 etiam
2856 2899 3008 2963 illud,
3051 2897 3227 2968 utqui
3265 2897 3418 2952 bonis
3463 2911 3596 2965 ope-

2025 2992 2170 3044 ribus
2205 2992 2255 3044 in
2291 2991 2549 3045 Ecclesiis
2581 2992 2708 3044 dant
2755 3007 2998 3052 operam,
3038 2992 3210 3044 vicero
3261 2991 3526 3059 recipiant
3564 3004 3594 3041 a

2017 3082 2274 3136 fratribus
2304 3091 2359 3136 ct
2409 3083 2694 3145 honorem,
2734 3093 2791 3136 ιιι
2835 3083 2886 3136 in
2925 3082 3346 3151 quibuscunque
3409 3095 3596 3134 ncces-

2013 3173 2216 3227 sarimn
2252 3172 2413 3228 fuerit
2473 3172 2591 3226 sive
2653 3172 2968 3227 carnalibus
3027 3172 3238 3237 olliciis,
3296 3169 3588 3226 honorifice

2015 3264 2339 3324 habeantur.

2089 3357 2174 3411 l8.
2219 3355 2459 3410 Salutate
2493 3356 2734 3410 Priscum
2770 3365 2819 3411 et
2849 3355 3122 3426 Aquilam,
3153 3357 3424 3426 arlju'ores
3454 3372 3592 3412 meos

2015 3447 2069 3499 in
2103 3446 2313 3499 Christo
2339 3445 2469 3499 Jesu
2504 3447 2613 3515 (qui
2633 3462 2728 3514 pro
2752 3448 2930 3498 anima
2960 3462 3076 3500 mea
3102 3463 3226 3498 suas
3259 3448 3482 3501 cerriccs
3507 3464 3596 3516 po-

2015 3549 2280 3592 suerunt:
2310 3538 2497 3608 quibus
2527 3553 2630 3590 non
2672 3535 2847 3590 solum
2886 3552 2979 3605 ego
3025 3539 3226 3606 gratias
3261 3553 3379 3606 ago,
3407 3542 3498 3590 sed
3545 3547 3593 3592 ct

2017 3629 2271 3682 universa:
2307 3626 2554 3680 Ecclesia:
2586 3627 2840 3696 gentium)
2871 3626 2940 3692 ⁸³,
2961 3634 3010 3679 et
3041 3627 3381 3680 domesticam
3410 3642 3594 3680 coruus

2019 3721 2310 3775 Ecclesium
2339 3721 2436 3790 (7).
2477 3718 2740 3775 Videntur
2786 3719 2917 3774 mihi
2961 3719 3061 3789 ipsi
3100 3734 3242 3783 esse,
3292 3719 3358 3773 de
3399 3721 3596 3790 quibus

2017 3813 2068 3867 in
2097 3813 2319 3866 Actibus
2340 3811 2705 3882 apostolorum
2742 3811 2813 3866 ita
2842 3810 3106 3876 scriptum
3131 3820 3211 3864 est
3245 3827 3259 3865 :
3297 3807 3419 3864 Post
3484 3810 3594 3864 ltu'c

2015 3915 2189 3958 autem
2211 3904 2477 3958 discedens
2506 3903 2704 3957 Paulus
2727 3905 2791 3957 ab
2814 3903 3050 3969 Athenis,
3080 3903 3215 3956 venit
3251 3901 3593 3966 Corinthum;

2017 4007 2062 4049 et
2099 3997 2305 4050 irruente
2329 3997 2400 4048 ibi
2434 4000 2660 4066 quodam
2687 3994 2878 4050 ludam
2899 3997 3104 4050 nomine
3129 3996 3342 4067 Aquila,
3375 3995 3594 4050 Pontico

2016 4104 2224 4156 genere,
2260 4089 2348 4158 qui
2384 4103 2549 4158 nuper
2578 4097 2781 4142 venerat
2813 4089 2877 4141 de
2911 4086 3074 4142 Italia
3101 4088 3197 4158 (8),
3229 4098 3276 4141 et
3323 4085 3592 4153 Priscilla,

2021 4196 2184 4234 uxore
2215 4179 2350 4248 ejus,
2372 4191 2588 4249 propter
2633 4179 2772 4250 quod
2794 4188 3109 4248 pra'ccpernt
3138 4177 3397 4232 Claudius
3421 4179 3594 4229 disce-

331 4269 498 4326 Amen
523 4271 587 4326 ".
615 4271 820 4342 lugenti
846 4275 1223 4329 benedictione
1258 4284 1578 4328 muneratur
1609 4273 1905 4339 Romanos,
1942 4272 1984 4326 D
2013 4275 2134 4327 dere
2159 4271 2374 4326 Juda’os
2403 4287 2633 4348 omncsa
2662 4269 2848 4336 Roma,
2887 4272 3103 4323 accessit
3131 4271 3198 4322 ad
3233 4284 3356 4332 eos;
3387 4277 3434 4320 et
3467 4269 3592 4337 quia

404 4390 448 4421 ’⁵⁸
477 4390 672 4457 Ephes.
717 4405 789 4452 vt,
832 4390 916 4445 12.

329 4463 374 4494 ⁸⁸
409 4461 564 4515 lloni.
595 4475 705 4525 ιιι,
731 4460 780 4524 1,
821 4463 876 4515 2.

995 4390 1078 4443 ⁵⁸1
1117 4391 1256 4446 Tim.
1286 4407 1343 4456 tt,
1375 4393 1427 4446 8.

955 4462 996 4493 ⁵³
1029 4462 1162 4517 Gen.
1191 4479 1302 4518 xix.
1382 4463 1427 4494 ³³
1454 4463 1591 4518 Gen.
1633 4479 1786 4519 xvnt.

405 4598 519 4668 (96)
553 4597 758 4652 Etiam.
795 4599 958 4654 Derst
999 4602 1052 4654 in
1087 4611 1248 4656 antea
1276 4602 1455 4656 editis.

405 4669 521 4741 (97)
573 4669 736 4734 Editi,
771 4669 923 4735 Quod
970 4682 1016 4725 et
1061 4673 1104 4725 si
1129 4674 1244 4741 quis
1283 4673 1512 4727 obtinere
1553 4677 1779 4742 potuerit
1815 4687 1905 4744 ut,

329 4749 440 4795 etc.

400 4808 516 4879 (98)
545 4809 710 4876 Editi,
743 4827 905 4882 neque
928 4827 1041 4865 eam
1063 4827 1154 4881 per
1177 4828 1295 4878 qua:
1327 4811 1444 4880 (aL,
1473 4829 1565 4880 per
1597 4813 1777 4882 quam)
1809 4833 1910 4868 non

328 4881 576 4947 competit
612 4885 806 4950 rapiat.
852 4881 1052 4936 Deinde
1091 4899 1191 4936 ms.
1228 4883 1428 4949 lli-gius
1470 4898 1620 4935 llllllt.
1654 4881 1812 4950 1659,
1845 4885 1909 4938 Et

329 4950 449 5004 ideo
472 4950 599 5018 quia
627 4967 764 5020 agon
814 4966 1036 5020 magnus
1072 4962 1145 5006 est
1189 4954 1465 5014 orationis,
1516 4953 1905 5016 obsistentibus,

330 5030 466 5101 etc?
508 5022 708 5101 omisso
736 5032 814 5074 ut.
845 5023 950 5075 Sed
991 5023 1172 5078 ueteri
1212 5038 1364 5088 mss.,
1405 5021 1660 5078 llabanus
1687 5033 1741 5076 ct
1772 5025 1906 5080 editi

330 5099 392 5143 ut
431 5099 484 5147 in
527 5099 696 5147 textu.

424 5158 637 5233 Ms.
665 5161 865 5231 Regius
895 5178 1042 5216 num.
1072 5163 1225 5228 1659,
1257 5163 1412 5218 etiam
1440 5163 1556 5233 ipsa
1577 5164 1766 5228 dicere,
1797 5173 1904 5222 etc.

430 5229 1152 5306 1.)11³,ιιιξεξιιρςιιὶηιειϋιὶ
1179 5250 1327 5297 vero,
1359 5229 1501 5304 quod
1543 5243 1589 5287 et
1623 5237 1746 5306 ipsis
1782 5253 1908 5289 ora-

330 5299 561 5372 tionibus
583 5301 931 5372 indigentium
959 5303 1053 5368 ﬁat
1083 5299 1374 5372 acceptum.

403 5367 480 5439 (ξ)
514 5367 598 5423 Et.
630 5367 912 5443 Otiiittitur
942 5367 996 5426 in
1032 5367 1225 5440 editis,
1256 5375 1345 5442 qui
1379 5383 1562 5443 postea
1609 5374 1809 5431 habent
1851 5378 1904 5431 in

328 5437 699 5510 Jerosolymis.

403 5509 600 5584 (5)_ln.
635 5509 981 5584 Desideratur
1022 5511 1073 5566 in
1099 5513 1259 5569 editis
1283 5557 1296 5580 ,
1331 5521 1387 5569 et
1416 5514 1574 5584 paulo
1599 5523 1718 5584 post
1744 5516 1905 5571 Amen

331 5581 605 5653 omittitur
641 5581 692 5633 in
725 5580 988 5653 omnibus
1034 5597 1164 5639 mss.
1213 5580 1438 5653 nostris,
1483 5580 1797 5642 scd'exstat
1850 5590 1903 5652 in

331 5650 492 5706 editis
516 5658 569 5707 et
598 5651 734 5718 apud
764 5648 1064 5710 llabannm.

1509 4392 1550 4423 "
1579 4392 1616 4446 11
1643 4393 1786 4447 Tim.
1822 4408 1894 4452 Iv.
1924 4392 1976 4450 7.

1867 4463 1913 4495 “
1945 4463 2106 4519 Rom.
2137 4477 2250 4526 xvi,
2275 4461 2329 4524 5,
2355 4460 2408 4524 4,
2443 4459 2494 4512 5.

2054 4389 2456 4450 “llom.r,l'2.
2535 4386 2580 4419 “
2608 4385 3002 4450 Rom.xv,53.
3075 4386 3121 4416 ⁸ο
3159 4384 3358 4452 Philip.
3411 4399 3485 4448 tv,
3537 4383 3592 4443 7.

2086 4601 2158 4670 (i)
2186 4601 2250 4654 In
2273 4599 2480 4653 Christo
2505 4598 2656 4651 Jesu.
2695 4597 2817 4650 [hec
2851 4595 3343 4664 przctcrmittuntur
3366 4596 3418 4651 in
3475 4599 3574 4652 edi-

2015 4673 2104 4731 tis.
2131 4673 2221 4740 qui
2251 4679 2434 4735 postea
2459 4670 2642 4740 legunt
2671 4683 2779 4740 prta;
2799 4681 2988 4740 vestra.

2195 4737 2721 4811 Utenntsuscipintis
2765 4738 2818 4788 in
2869 4736 3092 4811 Domino
3138 4735 3294 4806 dig-re
3333 4739 3498 4811 satis,
3542 4752 3591 4793 et

2009 4807 2276 4864 ass‘tstalis
2319 4809 2366 4860 ei
2413 4809 2466 4861 in
2500 4809 2893 4875 quibuscunque
2922 4807 3204 4876 indiguerit
3240 4812 3418 4862 vestri.
3448 4808 3592 4862 Nunt

2010 4882 2122 4950 ipsa
2145 4893 2344 4949 quoque
2365 4877 2806 4950 adstititrntultis,
2837 4886 2882 4929 et
2924 4876 3052 4950 mihi
3083 4879 3204 4944 ipsi.
3233 4876 3358 4933 llasc
3387 4881 3594 4933 deside-

2017 4947 2206 5004 rantur
2248 4965 2298 5001 ιιι
2331 4957 2488 5002 antca
2523 4949 2706 5011 editis,
2735 4959 2789 5000 et
2844 4947 3204 5001 restituuntur
3259 4966 3326 5004 ex
3378 4966 3507 5004 mss.
3537 4960 3592 5004 et

2013 5021 2259 5074 llabann.

2087 5089 2163 5162 (6)
2189 5091 2316 5143 Mss.
2353 5087 2617 5162 plerique,
2676 5087 2930 5162 Rabantts
2963 5087 3213 5162 crediti,
3271 5088 3441 5149 dixit;
3489 5095 3583 5146 sed

2014 5156 2214 5217 rectius
2245 5156 2579 5227 tnsflicgitts
2610 5175 2757 5211 lttlllt.
2788 5156 2948 5227 1659,
2986 5159 3228 5211 dixerint.

2085 5232 2166 5305 (Ἰ)
2196 5231 2293 5285 Ms.
2324 5226 2522 5305 Regius
2544 5245 2698 5305 ιιιιιιι.
2737 5226 2877 5305 1659
2905 5237 2961 5305 et
2990 5227 3265 5294 Itabamts,
3301 5241 3348 5305 et
3378 5232 3589 5305 domes-

2016 5297 2117 5361 tica
2144 5297 2322 5356 eorum
2358 5298 2610 5353 Ecclesia.
2645 5299 2748 5351 Sed
2781 5297 2963 5350 caueri
3001 5313 3131 5351 mss.
3165 5309 3214 5351 cl
3262 5304 3389 5354 editi
3427 5313 3482 5355 ut
3532 5305 3584 5357 in

2017 5385 2200 5438 textu;
2230 5383 2282 5426 et
2309 5374 2378 5424 ita
2411 5370 2690 5438 legendum
2745 5381 2866 5422 esse
2914 5369 3247 5424 demonstrat
3306 5374 3588 5430 conclusio

2017 5444 2176 5510 hujus
2210 5441 2448 5493 articuli.

2091 5507 2167 5583 (8)
2204 5511 2300 5565 Ms.
2335 5509 2532 5578 llegins
2562 5525 2713 5563 num.
2743 5507 2959 5583 1659,c__t
2985 5509 3179 5583 inrcnit
3212 5511 3284 5564 ibi
3305 5518 3584 5582 quemdam

2012 5579 2260 5638 Judri'um
2306 5585 2511 5633 nomine
2544 5583 2864 5652 AAquilttmt
2915 5579 3190 5652 Ponticum
3239 5579 3445 5652 genere,
3493 5585 3581 5652 qui

2014 5670 2178 5726 nuper
2211 5662 2408 5707 venerat
2447 5651 2509 5704 ab
2533 5648 2728 5719 Itultn,‘
2766 5660 2812 5706 ct
2839 5648 3108 5719 Priscilla,
3135 5648 3267 5709 uxor
3306 5655 3440 5724 eius,
3471 5648 3575 5710 εἰς.
