3894 6356
125 288 254 345 1281

1075 275 1431 335 COMMENT.
1469 271 1538 328 IN
1579 272 1802 329 EPIST.
1845 274 1935 327 AD
1976 271 2144 326 R0,“.
2180 270 2308 324 LIB.
2358 267 2424 322 Χ.

3247 271 3388 325 12’“2

123 405 292 458 lectus
316 411 399 458 est
430 400 601 468 Pauli,
636 394 919 455 laudabilis
946 405 998 449 et
1021 395 1348 450 salutatione
1377 394 1574 465 dignus
1618 396 1701 449 ef-

1870 389 1960 441 29.
1999 384 2240 440 Salutate
2269 383 2546 438 Persidam
2574 382 2966 449 charissimam,
3007 397 3124 452 qua:
3159 381 3384 435 multum

123 496 324 550 lii-itur.

192 589 284 646 23.
325 590 570 645 Salutate
607 587 879 642 Urbanum
927 585 1224 654 adjutorem
1279 597 1449 634 meum
1495 579 1608 650 (20)
1649 582 1702 632 in

121 677 358 740 Christo,
381 688 426 730 et
455 674 688 746 Stachyn
740 677 987 729 dilectum
1021 690 1192 727 meum
1225 674 1290 726 ⁸⁸.
1348 673 1587 742 Stachyn
1648 670 1698 724 in

121 768 446 824 salutatione
489 767 787 837 conjungit,
848 767 941 821 sed
995 766 1275 821 Urbanum
1337 765 1388 818 in
1455 762 1702 817 laudibus

119 861 382 932 praetulit.
412 859 563 914 Illum
593 860 736 915 enim
763 859 1065 928 adiutorem
1091 858 1142 911 in
1175 855 1426 920 Christo;
1463 856 1701 925 Stachyn

116 967 249 1007 vero
275 953 528 1007 dilectum
583 954 962 1007 tantummodo
1025 951 1150 1013 sibi,
1198 950 1338 1004 sicut
1371 949 1700 1018 Ampliatum

118 1045 446 1100 nominavit.
478 1045 712 1112 Adjutor
741 1053 921 1099 autem
947 1041 1188 1112 Apostoli
1231 1042 1284 1095 in
1317 1041 1559 1104 Christo,
1597 1055 1700 1092 non

116 1136 265 1188 aliud
299 1134 616 1204 intelligitur
661 1152 820 1205 quam
869 1134 1147 1205 apostolici
1195 1133 1375 1203 operis
1406 1132 1699 1202 particeps.

183 1227 280 1281 23.
321 1227 560 1282 Salutate
611 1228 837 1297 Apellem
916 1226 1136 1298 probum
1162 1227 1215 1279 in
1248 1223 1458 1280 Christo
1494 1224 1539 1255 ⁸⁸
1565 1224 1697 1296 (21).

113 1319 260 1374 Puto
287 1324 431 1375 hunc
460 1321 704 1390 Apellcm
733 1336 828 1390 per
867 1321 1064 1376 multas
1113 1318 1496 1374 tribulationes
1521 1328 1700 1372 trans-

113 1412 223 1465 isse
291 1413 563 1481 patienter
588 1422 641 1468 et
671 1412 886 1466 fortiter
929 1421 1286 1474 sustentatas.
1327 1419 1382 1464 et
1415 1411 1534 1464 ideo
1573 1426 1699 1481 pro-

115 1505 361 1558 nuntiari
399 1506 466 1559 ab
511 1504 773 1575 Apostolo
824 1505 1079 1573 probum,
1122 1505 1420 1559 secundum
1462 1519 1524 1557 ea
1583 1519 1704 1572 quae

115 1596 232 1666 ipse
265 1597 316 1650 in
345 1597 466 1651 aliis
491 1597 646 1664 dixit,
695 1597 820 1666 quia
857 1597 1134 1651 tribulatio
1175 1596 1486 1666 patientiam
1517 1613 1705 1666 opera-

115 1701 223 1758 tur,
293 1691 555 1760 patientia
629 1706 748 1743 rero
812 1691 1199 1757 probationem,
1267 1691 1512 1759 probatio
1586 1705 1702 1744 uero

117 1799 263 1850 spem
289 1783 356 1834 ‘7.
400 1781 696 1836 Videndum
719 1798 849 1836 sane
879 1790 963 1835 est
987 1797 1053 1836 ue
1083 1782 1220 1836 forte
1244 1782 1356 1850 ipse
1388 1783 1455 1835 sit
1495 1781 1580 1835 hic
1612 1781 1701 1849 qui

119 1874 172 1926 in
202 1873 428 1926 Aetibus
450 1873 813 1940 apostolorum
833 1874 876 1904 ⁵³
899 1873 1085 1941 Apollo
1109 1874 1443 1936 nominatur,
1470 1871 1705 1925 Alexan-

117 1965 334 2027 drinus,
369 1965 418 2016 in
455 1964 754 2032 Scripturis
780 1967 1042 2018 eruditus.

192 2034 283 2087 25.
321 2031 678 2088 δηιιιιαιείροε
717 2035 804 2100 qui
834 2045 953 2086 sunt
993 2050 1057 2086 ex
1104 2033 1397 2086 Aristobuli
1443 2033 1599 2088 domo
1631 2031 1698 2084 θ’.

117 2123 387 2192 Quoniam
431 2123 565 2178 nihil
596 2123 767 2177 otiose
806 2123 858 2177 in
906 2123 1103 2178 litteris
1138 2123 1381 2193 Apostoli
1433 2123 1517 2178 vel
1551 2122 1703 2178 addi-

120 2228 211 2273 tur
250 2218 330 2271 vel
358 2217 639 2282 minuitur,
679 2216 814 2270 istos
837 2216 925 2284 qui
966 2216 1132 2287 683
1163 2226 1289 2271 sunt
1312 2216 1394 2270 vel
1421 2216 1484 2270 de
1517 2217 1700 2281 domo,

119 2309 206 2362 vel
233 2309 298 2364 de
317 2307 515 2362 familia
534 2305 862 2368 Aristobuli,
893 2322 998 2360 non
1023 2308 1224 2362 frustra
1256 2323 1433 2376 neque
1457 2308 1702 2372 dilectos,

123 2416 300 2470 neque
325 2399 521 2470 probos
541 2440 556 2463 ,
590 2413 762 2466 neque
787 2399 1066 2468 adjutores
1095 2398 1147 2452 in
1177 2397 1396 2453 Christo
1422 2400 1659 2454 nominat
1688 2418 1701 2453 :

121 2496 218 2546 sed
257 2493 395 2546 forte
431 2492 553 2560 quia
597 2491 728 2545 nihil
760 2491 864 2546 tale
892 2490 1166 2545 habebant
1196 2491 1248 2543 in
1281 2492 1509 2555 meritis,
1543 2493 1705 2547 idcir-

121 2600 186 2636 co
216 2601 311 2638 ros
343 2582 457 2635 solo
485 2581 641 2634 titulo
672 2580 1018 2635 salutationis
1042 2579 1352 2635 honoravit.

192 2674 282 2729 26.
329 2673 566 2728 Salutate
605 2671 955 2726 Herodionem
990 2681 1272 2741 cognatum
1325 2688 1496 2726 meum
1525 2674 1592 2728 "°.
1639 2673 1706 2730 Et

121 2765 231 2829 hic,
279 2764 534 2820 similiter
584 2772 640 2816 ut
688 2762 1034 2818 Andronicus
1068 2773 1122 2817 et
1170 2761 1382 2828 Junias,
1433 2776 1703 2836 cognatus

120 2854 273 2909 Pauli
320 2855 560 2909 dii-itur:
601 2853 695 2908 sed
734 2868 908 2921 neque
941 2853 1296 2922 concaptivus
1339 2864 1395 2910 ut
1447 2857 1544 2922 illi,
1600 2874 1693 2914 ne.

119 2959 228 3016 que
273 2944 466 3001 nobilis
502 2943 554 2997 in
607 2942 885 3011 apostolis.
934 2943 985 2995 in
1030 2943 1114 2996 his
1161 2943 1254 3014 qui
1296 2954 1424 2999 ante
1473 2946 1702 3002 Paulum

121 3039 343 3095 fuerunt
374 3042 426 3094 in
455 3040 690 3103 Christo,
735 3037 1070 3092 nominatur.
1114 3037 1264 3093 Unde
1294 3040 1699 3110 intelligendum

119 3143 204 3188 est
234 3135 396 3188 etiam
428 3132 479 3185 in
504 3132 588 3186 his
631 3130 774 3201 quod
816 3138 1076 3200 cognatos
1105 3145 1232 3185 suos
1289 3130 1482 3186 Paulus
1516 3135 1700 3204 appel-

120 3226 214 3289 lat,
245 3239 367 3279 esse
402 3223 624 3277 multam
669 3221 1025 3278 dill'erentiam
1048 3263 1062 3287 ,
1115 3223 1412 3279 secundum
1445 3228 1612 3294 illam,
1643 3241 1704 3286 ut

120 3335 223 3387 rgo
257 3317 514 3382 arbitror,
553 3315 839 3379 rationem,
876 3330 1042 3387 quam
1074 3319 1326 3387 superius
1352 3321 1565 3390 aperire
1596 3333 1706 3378 ten-

125 3414 384 3465 lavimus.

195 3505 284 3558 27.
319 3501 559 3558 Salutate
587 3518 673 3556 eos
713 3501 801 3569 qui
834 3511 954 3556 sunt
996 3517 1062 3556 ea:
1096 3503 1343 3558 Narcissi
1383 3505 1561 3569 domo,
1609 3509 1700 3578 qui

122 3605 246 3649 sunt
285 3596 338 3649 in
381 3595 600 3647 Domino
631 3594 698 3646 ⁷⁸.
729 3593 1000 3648 Videntur
1040 3595 1258 3664 quidem
1315 3597 1495 3666 plures
1537 3599 1704 3653 fuisse

125 3703 190 3739 ex
241 3686 399 3740 domo
443 3687 522 3739 Vel
566 3687 766 3741 familia
808 3685 1068 3752 Narcissi,
1121 3689 1214 3743 sed
1261 3704 1366 3744 non
1409 3706 1600 3746 omnes
1649 3693 1702 3746 in

132 3780 359 3833 Domino
390 3780 556 3832 fuisse
589 3795 600 3829 :
651 3789 706 3831 et
730 3779 850 3832 ideo
883 3778 1092 3834 addidit
1120 3795 1214 3836 eos
1244 3781 1554 3838 salutandos
1582 3797 1703 3840 esse

124 3872 215 3938 qui
242 3880 363 3923 sunt
389 3871 440 3924 in
469 3869 710 3923 Domina.

199 3963 291 4017 28.
321 3961 558 4017 Salutate
586 3962 941 4029 Tripha’nam,
985 3971 1031 4015 et
1071 3960 1415 4031 Tryphosam,
1455 3978 1576 4031 qua:
1621 3962 1704 4014 la-

125 4059 314 4110 boraui
365 4055 420 4108 in
474 4054 694 4108 Domino
721 4055 788 4109 τ’.
823 4053 1030 4109 BOnum
1079 4054 1146 4108 de
1189 4052 1276 4106 his
1322 4053 1414 4106 dat
1460 4053 1705 4107 testimo-

125 4147 298 4209 nium,
327 4161 557 4216 quarum
601 4144 838 4198 laborem
874 4157 979 4197 non
1022 4141 1182 4210 hujus
1217 4143 1400 4196 mundi
1433 4142 1570 4213 (22),
1607 4159 1706 4198 ne-

125 4252 232 4308 que
262 4237 565 4291 communis
597 4239 743 4300 vitae,
783 4235 877 4292 sed
923 4235 975 4289 in
1019 4235 1245 4289 Domino
1278 4249 1401 4290 esse
1445 4243 1704 4290 testatur.

127 4329 277 4382 Multi
329 4328 472 4383 enim
523 4327 810 4393 laborant,
860 4328 955 4382 sed
1008 4342 1114 4381 non
1171 4325 1411 4381 omnium
1465 4327 1702 4382 laborem

129 4430 346 4474 constat
374 4434 492 4476 esse
522 4418 575 4475 in
604 4419 853 4474 Domino.

1807 478 2067 531 laboravit
2095 477 2148 530 in
2186 475 2409 528 Domino
2445 474 2512 526 ⁷³.
2552 473 2782 528 Videtur
2823 473 2940 528 lucc
2974 472 3147 542 magis
3176 470 3386 527 laudari

1805 586 1969 639 quam
1997 567 2300 637 Tryphaena
2333 575 2386 618 et
2433 565 2739 636 Trypbosa,
2779 563 3036 633 quoniam
3069 563 3286 632 quidem
3325 565 3389 617 il-

1807 661 1885 715 las
1916 661 2190 714 laborasse
2211 658 2340 712 dicit
2373 658 2424 710 in
2459 657 2709 722 Domino,
2738 658 2876 711 hanc
2901 663 3080 710 autem
3103 655 3391 712 laborasse

1809 752 2033 804 multum
2066 751 2117 802 iu
2157 749 2402 812 Domino,
2425 749 2509 802 cui
2542 747 2753 801 addidit
2787 755 2841 799 et
2866 747 3256 800 charissimam.

1875 840 1967 895 50.
1996 838 2235 894 Salutate
2270 836 2461 904 Rufum
2487 839 2702 892 electum
2731 837 2786 890 in
2814 836 3058 898 Domino,
3090 846 3135 889 et
3163 843 3387 889 matrem

1804 934 1920 1000 ejus
1950 941 1998 986 et
2039 946 2208 984 meam
2246 930 2311 984 ⁷⁸.
2366 929 2479 982 Non
2525 939 2655 998 puto
2703 928 2755 981 in
2810 928 2927 982 istis
2965 925 3387 982 salutationibus

1809 1024 2044 1077 inaniter
2077 1022 2191 1077 ﬁeri
2233 1037 2328 1089 per
2357 1021 2598 1090 singulos
2623 1034 2870 1088 quosque
2891 1018 3068 1072 laudis
3095 1027 3149 1072 et
3176 1017 3387 1071 salina-

1809 1115 1971 1170 tionis
2001 1112 2382 1168 dill‘erentiam.
2419 1112 2518 1179 Qui
2561 1112 2841 1190 euiiu_scit
2876 1114 3002 1182 quia
3033 1110 3285 1166 Christus
3312 1111 3393 1165 lo-

1807 1209 1990 1278 quitur
2021 1209 2072 1260 in
2098 1205 2262 1260 Paulo
2288 1207 2356 1271 ",
2392 1216 2574 1260 certus
2597 1214 2682 1259 est
2715 1203 2857 1275 quod
2889 1219 2989 1274 pro
3023 1204 3218 1260 merito
3248 1204 3395 1262 alius

1807 1299 2024 1367 quidem
2058 1298 2259 1366 probus
2303 1297 2505 1352 dicitur
2553 1295 2622 1351 ab
2663 1310 2764 1362 eo,
2820 1295 2962 1352 alius
3008 1297 3390 1365 charissimus,

1807 1391 1944 1443 alius
1971 1390 2222 1444 laborans
2254 1391 2303 1443 in
2345 1389 2594 1456 Domino,
2622 1389 2762 1444 alius
2796 1388 3024 1443 multum
3054 1389 3309 1446 laborans
3333 1392 3389 1446 in

1809 1481 2038 1536 Domino
2070 1480 2207 1551 ('23),
2257 1481 2394 1535 alius
2435 1481 2658 1546 electus,
2711 1480 2856 1535 sicut
2880 1490 2934 1535 et
2967 1481 3053 1534 hic
3086 1480 3283 1545 Rufus,
3317 1481 3388 1537 de

1806 1587 1914 1642 quo
1943 1588 2087 1627 nunc
2111 1572 2267 1628 nobis
2301 1588 2482 1628 sermo
2532 1582 2644 1638 est,
2677 1573 2882 1629 electus
2912 1573 2964 1627 in
2995 1573 3224 1627 Domino
3253 1573 3396 1628 salu-

1812 1675 1976 1719 tatur.
2020 1664 2196 1720 Credo
2226 1666 2368 1735 quod
2401 1666 2566 1721 sciret
2599 1665 2804 1721 Paulus
2848 1680 2970 1721 esse
2999 1680 3122 1718 eum
3169 1667 3235 1720 de
3286 1681 3388 1719 nu-

1737 1752 1778 1806 B
1811 1771 1959 1810 inero
1982 1770 2089 1810 non
2123 1755 2415 1810 multorum
2445 1757 2535 1824 qui
2566 1757 2744 1810 vocati
2778 1766 2926 1820 sunt,
2963 1756 3057 1810 sed
3092 1771 3390 1825 paucorum

1807 1847 1896 1916 qui
1932 1846 2090 1901 electi
2138 1855 2266 1899 sunt
2293 1846 2339 1876 ⁷⁸
2383 1861 2396 1897 :
2443 1846 2598 1914 cujus
2647 1857 2702 1900 et
2742 1857 2917 1900 mater
2956 1855 3165 1900 tantum
3213 1848 3392 1899 meriti

1808 1938 2018 2000 habuit,
2060 1945 2119 1990 ut
2163 1951 2283 1991 eam
2319 1933 2516 1989 Paulus
2545 1951 2698 1989 suam
2740 1937 3104 1990 nominaverit
3139 1945 3393 2000 matrem,

1806 2050 1928 2088 cum
1977 2047 2084 2102 quo
2123 2032 2288 2088 etiam
2341 2034 2480 2103 ipse,
2526 2034 2671 2088 sicut
2719 2033 2878 2089 Jesus
2917 2049 3040 2089 cum
3085 2031 3294 2090 Joanne
3322 2035 3393 2097 "".

1804 2143 1970 2184 onum
2007 2127 2240 2196 partitur
2267 2129 2456 2181 matris
2485 2126 2736 2182 allectum
2769 2125 2901 2197 (24).

1875 2222 1964 2275 ⁸51.
1997 2219 2244 2275 Salutate
2280 2220 2652 2290 Asyncretum,
2695 2217 3072 2290 Phlegontam,
3119 2217 3396 2285 Hermeni,

1809 2311 2122 2373 Patrobam,
2156 2309 2433 2375 Hermum,
2462 2320 2510 2363 et
2535 2312 2579 2364 si
2605 2313 2696 2381 qui
2721 2322 2842 2366 sunt
2872 2328 2987 2364 cum
3009 2312 3082 2365 eis
3107 2311 3299 2380 fratres
3320 2307 3390 2363 ’⁵.

1809 2403 1882 2457 De
1916 2404 2033 2457 isis
2059 2405 2287 2472 simplex
2319 2413 2404 2457 est
2434 2402 2716 2470 salutatio,
2770 2419 2870 2458 nec
2903 2403 3106 2472 aliquid
3140 2404 3221 2456 eis
3259 2400 3395 2455 insi-

1807 2511 1908 2566 gne
1959 2496 2134 2549 laudis
2180 2496 2522 2565 adjungitnr.
2567 2496 2702 2550 l‘uto
2751 2505 2927 2550 tamen
2971 2495 3116 2566 quod
3162 2494 3393 2550 Hermas

1810 2588 1910 2642 iste
1936 2592 2009 2642 sit
2037 2590 2275 2658 scriptor
2327 2589 2491 2643 libelli
2532 2589 2672 2642 illius
2702 2588 2792 2658 qui
2827 2587 3024 2642 Pastor
3065 2586 3394 2658 appellatur,

1807 2696 1925 2748 qua:
1951 2681 2219 2749 scriptura
2258 2680 2414 2734 valde
2448 2680 2578 2732 mihi
2619 2679 2767 2733 utilis
2798 2680 3047 2744 videtur,
3096 2689 3151 2734 et
3180 2689 3237 2733 ιιι
3263 2690 3396 2750 puto

1807 2771 2066 2825 divinitus
2113 2771 2398 2842 inspirata.
2447 2771 2600 2838 Quod
2644 2785 2772 2826 vero
2807 2770 2940 2826 nihil
2969 2771 3017 2825 ei
3067 2770 3243 2826 laudis
3275 2770 3394 2842 (25)

1808 2863 2086 2930 ascripsit,
2121 2863 2232 2930 illa,
2260 2863 2478 2933 opinor,
2502 2872 2585 2917 est
2615 2877 2804 2927 causa,
2837 2863 2962 2932 quia
2994 2862 3226 2928 videtur,
3252 2863 3394 2917 sicut

1807 2955 2076 3023 scriptura
2120 2955 2209 3008 illa
2243 2954 2502 3017 declarat,
2542 2964 2662 3023 post
2695 2954 2862 3008 multa
2897 2963 3119 3024 peccata
3159 2955 3226 3008 ad
3270 2967 3391 3024 pte-

1809 3043 2089 3098 niteutiam
2127 3046 2296 3100 fuisse
2328 3060 2628 3100 conversus
2663 3063 2674 3098 :
2705 3053 2761 3099 et
2808 3045 2928 3099 ideo
2973 3059 3148 3114 neque
3194 3058 3395 3114 oppro-

1808 3135 1982 3188 brium
2025 3137 2071 3192 ei
2119 3137 2339 3206 aliquod
2370 3137 2632 3208 scripsit:
2673 3137 2945 3192 didicerat
2993 3136 3138 3192 enim
3173 3151 3203 3189 a
3246 3135 3395 3192 Scri-

1807 3237 1963 3293 ptura
2020 3242 2126 3281 non
2171 3227 2550 3296 improperare
2611 3226 2818 3281 homini
2867 3223 3204 3279 convertenti
3253 3237 3312 3278 se
3361 3241 3392 3278 a

1807 3324 2031 3385 peccato
2056 3315 2102 3347 "
2130 3333 2144 3370 :
2179 3331 2356 3384 neque
2382 3317 2560 3371 laudis
2591 3316 2796 3386 aliquid
2823 3316 3030 3380 tribuit,
3061 3316 3186 3385 quia
3215 3315 3392 3369 adhuc

1808 3407 2016 3477 positus
2061 3417 2183 3461 erat
2239 3410 2340 3464 sub
2391 3408 2588 3478 angelo
2637 3407 2971 3477 paenitentiae
3017 3406 3155 3479 (26),
3208 3422 3236 3459 a
3283 3422 3396 3475 quo

1811 3507 2049 3568 tempore
2079 3511 2388 3569 opportuno
2418 3501 2639 3556 Christo
2675 3513 2892 3554 rursum
2928 3498 3148 3553 deberet
3179 3496 3385 3553 olferri.

1809 3589 2132 3660 Intelligitur
2155 3603 2335 3647 autem
2374 3593 2514 3660 quod
2556 3591 2718 3646 simul
2767 3590 3132 3646 habitaverint
3164 3589 3219 3643 hi
3252 3605 3390 3658 quo-

1809 3698 1924 3736 rum
1961 3682 2216 3737 salutatio
2247 3685 2449 3736 sociata
2476 3693 2580 3738 est.

1876 3774 1970 3830 3:2.
2003 3773 2246 3828 Salutate
2278 3772 2619 3846 Pliilologum
2668 3784 2714 3827 et
2765 3773 3008 3839 .luliam,
3058 3771 3290 3828 Nereum
3335 3782 3390 3830 et

1805 3883 2036 3920 sororem
2069 3866 2204 3935 ejus,
2243 3878 2288 3919 et
2324 3864 2713 3935 0.'ympiadem,
2751 3874 2802 3919 et
2848 3881 3024 3920 omnes
3060 3875 3270 3920 sanctos
3295 3867 3393 3935 qui

1808 3976 1924 4012 cum
1955 3961 2030 4013 eis
2065 3969 2185 4012 sunt
2219 3959 2285 4015 ⁸ο.
2317 3957 2505 4014 Potest
2554 3959 2670 4015 ﬁeri
2707 3967 2765 4013 ut
2813 3958 3126 4028 Pbilologus
3155 3969 3208 4014 et
3237 3957 3385 4016 Julia

1807 4049 2066 4120 conjuges
2095 4048 2326 4116 tulerint;
2361 4050 2541 4105 caeteri
2582 4050 2865 4106 domestici
2905 4065 3116 4116 eorum,
3155 4051 3223 4107 ad
3249 4067 3394 4124 quos

1808 4141 2035 4211 simplex
2064 4141 2324 4196 salutatio
2360 4141 2638 4212 dirigitur.

1878 4234 1967 4289 ⁸55.
2015 4233 2258 4288 Salutate
2293 4235 2509 4288 inuicem
2549 4236 2604 4289 in
2636 4233 2814 4288 oscula
2859 4245 3043 4289 sancto
3074 4235 3138 4282 ⁸³.
3177 4235 3250 4288 Ex
3287 4237 3394 4291 hoc

1809 4340 2082 4390 sermone,
2118 4325 2348 4397 aliisque
2391 4327 2666 4382 nonnullis
2717 4326 3008 4390 similibus,
3057 4341 3174 4380 mos
3206 4325 3392 4381 Eccle-

1737 4437 1783 4496 ι)
1810 4419 1908 4473 siis
1938 4419 2174 4473 traditus
2199 4428 2282 4473 est
2311 4427 2366 4472 ut
2399 4428 2520 4489 post
2551 4417 2828 4472 orationes
2863 4417 3050 4472 osculo
3072 4432 3130 4472 se
3157 4417 3390 4474 invicem

204 4535 248 4568 ⁸⁸
282 4536 560 4596 Rom.xv1.
581 4536 636 4592 9.
680 4534 886 4605 “ibid.
911 4535 998 4589 10.
1040 4535 1083 4566 "
1108 4535 1263 4588 Rom.
1287 4535 1406 4599 v,3,
1427 4535 1477 4589 4.
1553 4537 1595 4568 ⁸⁸
1622 4540 1694 4592 Ac

1816 4554 1923 4600 vm,
1953 4537 2044 4590 24.
2089 4537 2132 4569 ⁸⁸
2161 4535 2318 4590 Rom.
2357 4551 2465 4605 xvi,
2490 4535 2575 4588 Η.

132 4605 180 4636 τ,
209 4606 338 4660 ΜΛ,
375 4607 460 4659 η.
537 4607 584 4637 τι
619 4606 747 4660 ἰδία,
821 4605 868 4636 ⁷⁸
913 4605 1053 4674 ibid.
1101 4606 1188 4661 l3.
1261 4606 1306 4636 ⁷⁵
1343 4605 1381 4658 ll
1413 4607 1539 4662 Cor.
1583 4624 1700 4674 xm,

1873 4607 2126 4662 "Matth.
2164 4622 2296 4668 xxii,

2652 4535 2700 4567 "
2736 4533 2868 4588 ibid.
2895 4548 3005 4594 xw.
3032 4534 3120 4588 H.
3195 4533 3236 4564 ⁷⁸
3258 4533 3388 4588 ibid.

2379 4604 2443 4660 14
2541 4606 2586 4636 ⁷⁷
2610 4604 2765 4660 Joan.
2808 4620 2918 4670 xix,
2957 4603 3047 4659 26.
3121 4603 3169 4635 ⁷⁸
3227 4602 3389 4658 Rom.

133 4689 244 4736 xvi,
277 4675 363 4728 M.
436 4675 481 4705 τ’
510 4675 806 4738 Eccli.vm,
839 4675 893 4729 6.
969 4675 1015 4705 ⁸⁸
1041 4673 1198 4728 Rom.
1237 4691 1348 4740 xvi,
1386 4677 1473 4730 15.
1552 4678 1595 4709 ⁸⁸
1625 4680 1754 4733 ibid.
1793 4679 1878 4732 l6.

204 4771 316 4842 (20)
340 4771 502 4842 Editi,
534 4771 828 4842 adjutorem
856 4781 1120 4842 nostrum.
1147 4771 1344 4842 Deinde
1378 4788 1505 4830 mss.
1541 4774 1696 4842 pleri-

133 4856 260 4908 qur,
297 4841 552 4895 Rabanus
577 4853 630 4896 et
661 4841 814 4903 editi,
846 4840 913 4894 Et
950 4843 1077 4894 istos
1107 4843 1158 4893 in
1207 4840 1551 4896 salutatione
1578 4861 1702 4898 con-

122 4912 336 4979 jungit;
386 4913 481 4966 sed
533 4910 732 4966 rectius
779 4925 878 4967 Ius.
936 4911 1135 4982 Regius
1166 4928 1312 4965 num.
1349 4911 1485 4966 1659
1547 4924 1606 4967 ut
1647 4916 1698 4968 in

137 4992 325 5035 11051Γο
355 4990 499 5035 textu
510 5022 523 5035 .

200 5049 312 5120 (21)
341 5050 438 5105 Ms.
483 5065 641 5114 unus,
669 5051 723 5105 in
754 5049 1004 5104 Domino.
1039 5050 1204 5105 Paulo
1230 5059 1351 5119 post
1378 5050 1532 5120 editi,
1580 5067 1700 5105 sus-

133 5119 390 5172 tentatum
427 5135 446 5174 :
497 5136 624 5174 mss.
670 5121 932 5190 plerique,
989 5130 1351 5185 sustentatus;
1415 5119 1697 5182 Rabanus,

131 5191 457 5244 sustinuisse.
513 5191 710 5245 Deinde
757 5191 918 5245 iidem
978 5193 1200 5255 habent,
1251 5193 1700 5258 pronuntiatum;

129 5260 453 5331 sedrectius
481 5276 581 5314 ms.
605 5262 819 5331 ,Regius
847 5276 994 5314 num.
1022 5261 1166 5331 1659
1197 5270 1254 5313 ιιι
1281 5261 1333 5312 in
1373 5269 1542 5331 textu.

201 5329 316 5396 (22)
348 5328 556 5383 Mundi.
589 5328 868 5386 Omittitur
892 5331 944 5384 in
979 5330 1129 5385 libris
1157 5341 1314 5384 antea
1339 5329 1517 5382 editis.

201 5399 316 5470 (23)
344 5399 412 5452 In
446 5398 691 5470 Domino.
717 5401 1152 5470 l’rzetermittitur
1186 5401 1238 5470 in
1274 5399 1458 5470 editis.
1484 5398 1700 5470 (Deinde

128 5467 304 5524 iidem
337 5470 490 5533 editi,
529 5469 787 5524 Rabanus
829 5477 883 5524 et
914 5485 1045 5523 mss.
1081 5468 1346 5536 plerique,
1375 5467 1441 5521 Et
1471 5468 1555 5522 hic
1589 5469 1702 5522 Ru-

125 5541 240 5604 fus,
286 5548 417 5603 etc.,
459 5542 664 5597 omisso
685 5541 841 5605 sicut,
892 5541 1036 5609 quod
1080 5539 1326 5593 restituit
1363 5554 1464 5592 ms.
1501 5538 1701 5609 Regius

129 5625 281 5662 ιιιιιιι.
316 5609 474 5664 1659.

129 5625 281 5662 nutu.
316 5625 337 5664 Ι
349 5625 474 5667 ων.

204 5677 317 5746 (2-1)
350 5678 513 5743 Editi,
555 5679 754 5747 pariter
789 5677 1000 5733 haberet
1041 5679 1228 5732 matris
1269 5677 1538 5747 allectum.
1584 5674 1695 5747 Sed

130 5744 323 5803 omnes
353 5762 487 5802 mss.
517 5755 572 5802 et
598 5744 850 5804 Rabanus
878 5758 936 5804 ut
965 5750 1018 5804 in
1052 5757 1226 5809 textu,
1260 5744 1359 5806 nisi
1395 5747 1538 5811 quod
1573 5746 1696 5811 qui-

1813 4776 1934 4827 dam
1967 4775 2160 4828 vitiose
2187 4775 2423 4828 habeant
2449 4771 2650 4841 patitur
2676 4785 2773 4840 pro
2811 4769 3074 4841 partitur;
3103 4767 3302 4841 deinde
3332 4767 3388 4822 in

1808 4846 1924 4898 lucc
1959 4843 2157 4911 verba,
2195 4842 2434 4898 Salutate
2449 4837 2822 4911 'Asyncretum,
2851 4838 3215 4908 Phlegontam,
3250 4837 3392 4892 Iler-

1805 4929 1959 4978 mem,
1990 4909 2300 4975 I’atrobam,
2333 4909 2607 4978 Hermum,
2660 4926 2766 4965 non
2798 4911 3133 4964 concordant
3162 4911 3303 4962 inter
3327 4923 3391 4964 se

1806 4998 1936 5038 mss.
1987 4983 2180 5046 nostri,
2220 4982 2477 5036 Rabanus
2518 4995 2571 5036 et
2597 4982 2748 5034 editi.
2799 4982 2903 5035 Alii
2955 4980 3155 5048 habent
3191 4979 3390 5048 Assyri-

1803 5061 2039 5123 cretum;
2067 5053 2158 5106 alii
2187 5053 2554 5123 Phlegoniam,
2589 5051 2930 5123 Plilegoriam,
2955 5059 3011 5123 et
3052 5046 3386 5123 Phlegonia;

1804 5123 1893 5178 eli
1934 5122 2182 5189 llermen,
2213 5118 2526 5186 Patrobum,
2559 5118 2814 5177 Meroian.
2858 5118 2967 5174 Sed
2999 5119 3168 5172 secuti
3198 5133 3388 5173 sumus

1810 5210 1910 5248 ms.
1945 5193 2169 5266 Regium
2205 5210 2354 5266 num.
2394 5191 2530 5247 1659
2569 5190 2975 5266 (διιιξιιιιιιιιιιιιιΪΔ
3189 5255 3222 5266 ἡ
3266 5255 3278 5266 _

1880 5265 1992 5329 (‘25)
2027 5254 2189 5326 Editi,
2225 5263 2377 5329 Quod
2413 5279 2529 5316 vero
2564 5260 2694 5314 nihil
2721 5263 2794 5313 eis
2823 5259 3024 5323 laudis,
3048 5268 3160 5312 etc.
3189 5254 3390 5329 Deinde

1811 5325 1942 5386 mss.
1983 5325 2364 5402 plerique,'illa
2389 5334 2576 5402 opinor
2599 5347 2663 5384 ea:
2685 5345 2865 5382 causa.
3032 5341 3190 5402 unus,
3216 5325 3310 5377 illa
3334 5332 3390 5379 ut

1809 5398 1996 5469 Opinor
2037 5398 2220 5458 causa.
2275 5402 2380 5458 Sed
2433 5401 2690 5454 Rabanus
2736 5410 2790 5453 et
2845 5399 2975 5454 editi
3011 5407 3069 5451 ut
3116 5398 3168 5451 in
3201 5405 3393 5450 nostro

1813 5482 1982 5527 ιρκιιι.

1883 5540 1994 5614 (26)
2027 5541 2116 5595 Sic
2146 5555 2248 5596 ms.
2280 5540 2481 5614 Regius
2512 5555 2660 5614 num.
2692 5537 2904 5614 l639_et
2926 5536 3388 5614 editi._Raba_nus,

1808 5607 2026 5672 vitiose.
2053 5614 2222 5678 posita
2246 5607 2472 5664 erat—sub
2498 5610 2686 5678 angelo
2706 5609 3035 5678 pienitentia.
3068 5607 3263 5678 Caneri
3291 5618 3387 5660 ve—

1799 5695 1861 5736 ro
1897 5677 2061 5747 mss.,
2077 5681 2276 5750 positus
2300 5690 2411 5734 erat
2435 5681 2527 5734 sub
2556 5677 2742 5748 angelo
2768 5679 2819 5730 in
2842 5677 3168 5748 paenitentia.
