3894 6356
183 274 320 328 1285

1131 260 1490 320 COMMENT.
1533 263 1602 318 IN
1641 263 1859 320 EPIST.
1900 262 1991 316 AD
2027 261 2193 318 ROM.
2231 261 2356 318 LIB.
2393 261 2462 316 Χ.

3309 273 3448 330 £286

180 391 244 443 ad
269 387 578 444 Corinthios
610 386 800 440 scribit
829 385 1015 440 dicens
1044 399 1057 437 :
1089 383 1302 438 Malitia
1344 383 1551 452 parruli
1576 393 1759 447 estote,
1793 387 1835 444 Λ
1869 393 1996 437 nent
2019 422 2035 446 ,
2081 395 2202 438 esse
2253 381 2615 450 insipientem.
2663 382 2950 438 Sciendum
3003 356 3134 440 sane
3176 398 3259 441 cst
3304 392 3446 458 quot

177 490 234 534 ut
263 479 500 533 sensibus
529 476 746 545 perfecti
768 477 883 529 sitis
906 474 976 528 ⁸³.
1020 473 1128 528 Sed
1161 484 1215 528 et
1261 473 1389 528 illud
1413 473 1555 543 quod
1590 474 1765 528 Domi-

180 587 283 626 nus
315 572 427 624 ait:
465 571 604 635 Quia
640 569 742 637 ﬁlii
771 566 953 622 seaculi
1002 565 1164 636 hujus
1213 566 1583 635 prudentiores
1640 574 1761 618 sunt

174 679 335 730 quam
359 662 456 726 lilii
488 662 621 714 lucis
649 661 1061 731 ingeneraticne
1105 675 1200 714 sua
1235 658 1303 722 ’°,
1351 657 1476 713 huic
1511 657 1764 712 convenit

177 755 345 810 dicto.
375 753 496 807 Filii
531 753 674 808 enim
723 751 905 807 saeculi
938 751 1100 820 hujus
1151 748 1529 819 prudentiores
1554 756 1679 802 sunt
1708 747 1761 800 in

175 845 408 908 malitia,
447 860 544 913 pro
576 857 640 898 eo
673 844 818 914 quod
867 857 1083 912 semper
1125 841 1330 910 aliquid
1361 839 1684 911 profundius
1708 849 1764 895 et

175 936 429 991 subtilius
453 936 731 991 inveniant
763 936 814 990 in
849 951 912 990 ea
950 936 1096 991 unde
1135 932 1256 1005 plus
1286 943 1538 1000 noceant,
1588 942 1643 987 et
1674 947 1764 988 ve-

174 1024 487 1082 hementius
520 1028 736 1085 lzedaut.
783 1027 837 1081 lu
871 1026 1016 1082 bono
1052 1036 1232 1082 autem
1279 1025 1430 1079 stulti
1479 1034 1602 1081 sunt
1630 1042 1643 1078 :
1673 1026 1762 1079 vix

171 1119 324 1173 enim
367 1119 652 1176 inveniunt
691 1121 820 1189 quid
873 1118 1078 1175 faciant
1105 1117 1233 1173 boui
1264 1117 1398 1189 (55).
1439 1116 1763 1172 Ecoutrario

171 1227 308 1268 vero
330 1211 531 1267 Paulus
556 1214 669 1267 vult
696 1227 794 1268 nos
816 1212 1091 1282 sapientes
1118 1223 1240 1264 esse
1273 1209 1323 1262 in
1346 1207 1509 1272 bono,
1538 1208 1640 1261 hoc
1679 1214 1764 1262 est

168 1321 396 1377 semper
423 1307 623 1376 aliquid
647 1307 766 1378 plus
787 1306 1056 1370 invenire,
1089 1305 1210 1375 plus
1230 1304 1537 1373 exquirere,
1559 1313 1610 1356 et
1638 1316 1764 1370 pro-

169 1397 399 1453 fundius
432 1401 674 1470 cogitare
693 1397 821 1468 quid
851 1397 1120 1453 faciamus
1158 1397 1282 1452 boui
1311 1412 1324 1447 :
1358 1396 1429 1449 ita
1467 1403 1523 1448 ut
1545 1392 1760 1448 etiamsi

168 1490 536 1557 impediantur
588 1507 684 1564 per
713 1489 946 1559 alicujus
998 1489 1263 1544 malitiam
1303 1489 1370 1544 ab
1399 1503 1565 1559 Opere
1595 1488 1760 1548 bono,

163 1581 340 1653 685
396 1600 523 1649 nos,
567 1585 610 1639 si
660 1585 933 1653 sapientes
978 1597 1196 1648 smnus,
1227 1581 1593 1651 excogitcmus
1629 1576 1768 1648 (ὅδ’)

165 1677 448 1744 quomodo
493 1677 537 1730 si
584 1692 719 1747 opus
751 1676 950 1731 bonum
1002 1689 1106 1729 non
1158 1689 1472 1743 possumus,
1512 1673 1593 1728 vel
1645 1688 1760 1726 ser-

167 1784 393 1822 tunncm
427 1769 626 1823 bonum
677 1769 1020 1839 proferamus
1051 1785 1064 1821 :
1097 1770 1240 1838 quod
1272 1767 1314 1823 si
1352 1783 1450 1822 nec
1483 1767 1582 1822 huc
1617 1767 1760 1830 licet,

168 1868 362 1912 votum
417 1859 606 1914 Saltem
662 1860 864 1915 bonum
915 1871 966 1916 et
1015 1859 1256 1912 animum
1307 1859 1759 1913 demonstremus.

171 1950 269 2005 Sic
296 1967 426 2022 ergo
461 1953 736 2022 sapientes
765 1969 884 2010 esse
919 1955 1178 2010 debemus
1205 1954 1254 2006 iu
1291 1953 1451 2016 bono,
1490 1952 1763 2021 simplices

171 2057 306 2098 vero
341 2043 392 2096 in
441 2043 618 2106 malo,
663 2056 722 2098 ut
772 2045 816 2098 si
867 2045 1146 2112 pulsamur
1191 2043 1431 2105 malitia,
1485 2041 1764 2112 pulsamur

171 2131 396 2200 injuria,
427 2148 534 2187 non
578 2133 748 2188 simus
789 2133 971 2188 callidi
1003 2143 1050 2188 et
1089 2132 1294 2187 versuti
1344 2129 1477 2203 (56),
1514 2141 1660 2184 artes
1710 2139 1764 2184 ct

173 2235 500 2290 argumenta
543 2235 868 2294 quaerentes,
913 2223 1112 2295 quibus
1146 2224 1374 2278 reddere
1419 2223 1618 2276 malum
1667 2239 1763 2293 pro

175 2313 342 2378 malo,
376 2325 429 2369 et
473 2317 766 2386 nequitiam
813 2332 912 2385 pro
947 2316 1184 2385 nequitia
1228 2314 1539 2369 debeamus.
1572 2315 1677 2368 Sed
1712 2314 1762 2368 iu

174 2406 271 2462 tali
305 2407 424 2462 loco
460 2408 774 2462 meminisse
819 2409 1082 2463 debemus
1130 2407 1271 2462 illius
1313 2407 1596 2463 sententia:
1641 2421 1765 2475 qua:

175 2497 349 2552 dicit:
383 2496 443 2551 Si
477 2497 596 2566 quis
630 2499 734 2552 vult
765 2499 971 2566 sapiens
1009 2515 1122 2553 esse
1162 2500 1304 2565 apud
1335 2499 1534 2563 Deum,
1570 2497 1764 2552 stultus

173 2589 270 2658 ﬁat
303 2591 356 2644 in
407 2593 503 2646 hoc
536 2592 821 2650 mundo“.
857 2593 1040 2648 Simus
1087 2608 1218 2664 ergo
1249 2588 1396 2649 stulti
1437 2594 1766 2664 accipientes

175 2681 434 2751 lujuriam
462 2695 516 2737 et
556 2701 660 2738 non
692 2686 994 2750 reddentes,
1025 2695 1082 2740 ut
1114 2688 1386 2756 sapientes
1422 2680 1593 2741 Simus
1623 2686 1764 2755 apud

175 2780 346 2836 Deum
389 2781 481 2851 qui
526 2779 665 2834 dixit
705 2798 718 2834 :
760 2780 889 2834 Mihi
937 2781 1243 2842 vindictam,
1291 2795 1386 2848 ego
1431 2780 1762 2844 retribuanr,

174 2875 302 2929 dicit
342 2873 593 2926 Dominus
621 2876 667 2906 θ’
701 2872 834 2942 (57).
886 2871 1018 2926 Nam
1063 2873 1128 2926 de
1179 2872 1360 2940 impiis
1409 2881 1461 2926 et
1506 2869 1768 2926 Jeremias

175 2966 350 3019 dicit:
385 2964 655 3032 Sapientes
701 2977 820 3017 sunt
869 2966 937 3016 ad
974 2963 1450 3032 malefaciendum;
1495 2963 1620 3017 bene
1663 2979 1764 3015 an-

1869 475 1938 528 ibi
1969 475 2045 528 ait
2070 491 2084 528 :
2113 472 2438 543 Hujusmodi
2471 474 2606 528 enim
2635 473 2848 529 Christo
2875 475 3096 531 Domino
3129 489 3307 532 nostra
3333 480 3448 550 (39)

1869 583 1973 620 non
1999 567 2266 631 serviunt;
2301 583 2404 620 non
2437 566 2582 635 quod
2615 566 2715 636 ipsi
2752 582 2810 622 se
2842 568 3200 626 Droliteautur
3226 571 3450 627 Christo

1866 658 2094 713 Domino
2123 674 2230 713 non
2284 659 2492 713 servire
2513 699 2528 719 .
2557 658 2650 712 sed
2691 659 2834 727 quod
2871 660 3243 730 discrepantes
3272 679 3301 717 a
3333 680 3451 720 ser-

1867 753 2052 808 vitutis
2083 751 2202 820 ejus
2234 752 2438 820 regula.
2470 749 2630 805 rebus
2658 751 2789 822 ipsis
2828 754 3121 807 ostendant
3150 770 3208 808 se
3230 754 3451 814 Christo

1866 845 2094 900 Domino
2134 860 2241 900 non
2275 846 2500 899 servire.
2541 843 2655 898 Non
2701 845 2846 899 enim
2894 847 3105 902 videtur
3135 845 3296 900 simul
3328 847 3452 916 quis

1864 944 1919 991 ct
1965 937 2183 992 Christo
2234 937 2442 992 servire
2494 952 2653 1005 posse
2701 945 2756 991 ct
2799 939 3009 1004 ventri;
3049 952 3113 992 ac
3158 937 3452 1007 voluptatis

1865 1029 2072 1096 pariter
2106 1039 2320 1081 amator
2359 1043 2513 1095 esse,
2554 1037 2608 1082 et
2663 1028 2799 1095 Dei;
2843 1030 2988 1084 sicut
3039 1029 3153 1098 (40)
3196 1045 3296 1086 nec
3337 1028 3453 1086 Deo

1864 1121 1988 1191 quis
2027 1120 2189 1175 simul
2220 1120 2428 1175 servire
2461 1129 2639 1191 potest
2669 1130 2718 1175 et
2752 1135 3075 1176 mammonae
3095 1120 3160 1175 ”.

1938 1214 2027 1267 57.
2066 1212 2209 1267 Deus
2241 1223 2416 1267 autem
2449 1214 2595 1282 pacis
2622 1223 2850 1268 conteret
2881 1211 3139 1268 Satanam
3165 1214 3260 1269 sub
3297 1214 3454 1284 pedes

1865 1316 2059 1362 vestros
2115 1307 2364 1362 velociter
2398 1307 2465 1366 ⁸⁸,
2517 1307 2792 1374 Quaeritur
2837 1309 2890 1363 in
2943 1309 3048 1364 hoc
3107 1309 3228 1364 loco
3289 1324 3454 1378 quem

1865 1399 2068 1454 dixerit
2096 1398 2352 1454 Satanam
2386 1401 2487 1454 sub
2525 1402 2689 1470 pedes
2717 1416 2905 1455 eorum
2938 1401 3134 1470 quibus
3178 1401 3391 1468 scribit,
3421 1415 3451 1455 ι

1865 1491 1974 1546 Deo
2010 1492 2400 1547 contereudum
2436 1491 2712 1547 velociter.
2750 1493 2806 1548 Si
2837 1494 2982 1547 enim
3021 1495 3088 1546 ad
3121 1509 3287 1548 unam
3327 1508 3451 1562 per-

1865 1599 2052 1640 sonam
2085 1583 2372 1644 referatur,
2399 1582 2541 1637 illam
2569 1584 2779 1639 scilicet
2813 1585 2880 1638 de.
2909 1600 3011 1655 qua
3042 1588 3094 1639 in
3142 1585 3441 1658 Evangelio

1868 1676 2068 1730 dicitur
2103 1693 2115 1728 :
2157 1673 2293 1728 Ecce
2340 1676 2487 1730 rideo
2530 1675 2789 1730 Satanam
2830 1679 2964 1732 sicut
3017 1677 3198 1748 fulgur
3232 1677 3344 1749 (41)
3389 1678 3455 1733 de

1870 1767 1996 1822 creto
2041 1768 2314 1820 radentem
2340 1767 2418 1829 9’,
2457 1768 2660 1836 quique
2707 1768 2938 1822 Satanas
2983 1769 3200 1822 humani
3241 1770 3455 1837 generis

1867 1858 2143 1910 indicatur
2176 1855 2522 1909 adversarius
2551 1856 2688 1926 (.52),
2716 1857 2984 1910 videbitur
3012 1857 3219 1925 utique,
3244 1861 3290 1911 si
3324 1872 3451 1913 vere

1865 1949 1996 2003 dicit
2050 1947 2247 2002 Paulus
2295 1963 2416 2016 qua:
2469 1947 2637 2012 dicit,
2688 1948 2830 2018 quod
2885 1950 2986 2003 sub
3040 1949 3206 2018 pedes
3263 1964 3451 2005 cerum

1863 2039 2061 2110 quibus
2111 2049 2242 2094 tunc
2292 2040 2570 2096 scribebat
2626 2042 2888 2096 velociter
2937 2051 3276 2109 conteratur,
3313 2043 3450 2099 ultra

1859 2131 1971 2200 jam
2001 2131 2119 2186 'non
2151 2146 2275 2187 esse
2322 2133 2556 2188 Satanas
2589 2134 2680 2202 qui
2722 2147 2922 2201 agones
2955 2141 3009 2188 ct
3051 2133 3353 2188 certamina
3398 2141 3456 2190 et

1866 2223 2270 2293 persecutiones
2297 2223 2644 2280 credentibus
2669 2224 2870 2280 excitet
2897 2241 2910 2278 :
2945 2223 3089 2292 quod
3122 2224 3308 2294 utique
3341 2238 3446 2277 non

1867 2319 2105 2373 admittit
2144 2318 2277 2374 fides
2307 2333 2510 2373 rerum.
2553 2318 2657 2372 Sed
2688 2317 2901 2371 videtur
2932 2317 3061 2370 mihi
3097 2316 3148 2369 in
3190 2317 3291 2370 hoc
3333 2315 3452 2370 loco

1868 2409 2129 2464 Satanam
2172 2405 2375 2466 dixisse
2417 2424 2632 2464 omnem
2673 2409 2922 2478 spiritum
2967 2407 3060 2476 qui
3106 2406 3454 2462 credentibus

1868 2505 2202 2557 adversatur.
2252 2502 2485 2557 Satanas
2517 2502 2660 2556 enim
2708 2503 2760 2554 in
2798 2501 2979 2572 lingua
3030 2508 3214 2554 nostra
3263 2497 3454 2551 adver-

1867 2594 2041 2648 sarius
2077 2594 2490 2662 interpretatur.
2518 2592 2790 2660 Quidquid
2825 2607 2955 2662 ergo
2989 2591 3182 2645 anima:
3213 2588 3449 2644 tendenti

1869 2686 1934 2740 ad
1978 2687 2144 2741 Deum
2187 2685 2384 2740 resistit
2435 2695 2490 2740 et
2537 2685 2882 2749 adversatur,
2927 2695 2982 2739 et
3027 2681 3282 2752 quidquid
3328 2679 3449 2750 paci

1867 2776 1984 2845 ejus
2013 2775 2346 2828 contrarium
2395 2784 2498 2838 est,
2532 2775 2632 2830 hoc
2661 2775 2709 2828 ei
2757 2784 2984 2830 satanas
3026 2789 3148 2829 esse
3194 2771 3450 2826 nomina-

1872 2879 1956 2922 tur
1987 2869 2121 2938 (45).
2158 2869 2279 2922 Ideo
2311 2870 2541 2942 denique
2576 2871 2860 2939 prcemisit,
2898 2871 3123 2925 dicens:
3165 2867 3306 2921 Deus
3352 2882 3450 2936 pa-

1868 2962 1943 3015 cis
1967 3003 1982 3026 ,
2021 2963 2118 3014 hoc
2143 2971 2245 3024 est,
2273 2961 2414 3015 Deus
2444 2961 2526 3014 cui
2562 2977 2664 3030 pax
2699 2962 2898 3032 flaccet,
2927 2970 3173 3016 conteret
3201 2979 3324 3018 eum
3353 2962 3447 3032 qui

173 3064 278 3108 tem
337 3054 510 3120 facere
584 3057 818 3110 nesciunt
867 3055 932 3109 ⁸³.
985 3057 1064 3110 Ad
1107 3057 1209 3110 hoc
1263 3057 1481 3126 respicit
1529 3065 1583 3109 ct
1635 3055 1761 3110 illud
1792 3071 1834 3127 ο
1869 3050 2174 3103 contrarius
2223 3058 2306 3103 est
2355 3049 2472 3118 paci
2519 3060 2572 3104 et
2617 3052 2988 3106 dissensiones
3029 3063 3309 3122 operatur.
3359 3051 3453 3107 Sic

171 3148 316 3216 quod
365 3148 622 3203 Dominus
673 3150 848 3212 dixit,
896 3147 1173 3218 simplices
1233 3149 1430 3204 debere
1488 3166 1586 3204 nos
1644 3165 1765 3203 esse

171 3244 320 3295 sicut
369 3241 683 3304 columbas,
734 3251 790 3294 et
839 3242 1132 3309 prudentes
1179 3244 1320 3296 sicut
1375 3251 1658 3311 serpentes
1691 3241 1758 3296 “.

172 3334 332 3398 Quod
368 3332 412 3387 si
449 3333 645 3401 aliquis
680 3333 837 3387 nobis
877 3348 941 3386 es
983 3331 1292 3386 infidelibus
1337 3342 1527 3400 argute
1571 3345 1764 3385 occur-

176 3437 287 3492 rat,
313 3435 365 3480 et
395 3427 536 3480 dicat
566 3442 580 3480 :
613 3425 891 3492 Quomodo
927 3434 1103 3496 potest
1144 3426 1283 3479 idem
1321 3425 1436 3494 ipse
1463 3433 1518 3478 et
1549 3425 1764 3494 sapiens

173 3536 300 3576 esse
327 3531 382 3576 et
423 3519 618 3574 stultus
651 3519 804 3587 (58)?
847 3519 1088 3574 dicemus
1133 3519 1199 3571 ad
1231 3531 1352 3572 eum
1385 3535 1397 3570 :
1453 3515 1662 3585 respice
1697 3514 1762 3568 ad

177 3621 326 3666 artes
382 3612 518 3668 istas
563 3627 682 3680 qua:
731 3611 784 3665 iu
837 3625 937 3664 usu
987 3609 1262 3665 hominum
1302 3609 1589 3671 habentur,
1635 3623 1769 3678 quo-

179 3703 344 3760 modo
391 3704 478 3758 ille
537 3703 662 3773 qui,
710 3703 858 3757 verbi
922 3718 1123 3768 causa,
1180 3701 1616 3769 sapientissimus
1677 3709 1762 3754 est

177 3796 587 3867 grammaticus,
627 3796 680 3850 iu
713 3805 828 3850 arte
864 3794 1038 3849 fabrili
1087 3793 1568 3864 insipientissimus
1609 3791 1760 3846 iuve-

180 3889 364 3953 nitur;
398 3888 480 3942 vel
516 3903 732 3942 rursum
764 3887 1205 3955 sapientissimus
1237 3886 1590 3955 gubernator,
1625 3899 1760 3952 quo-

180 3980 342 4036 modo
388 3981 441 4035 in
497 3990 611 4035 arte
657 3981 938 4035 medicinae
1001 3978 1278 4033 invenitur
1328 3977 1612 4046 insipiens.
1669 3975 1759 4030 Sic

175 4089 309 4146 ergo
339 4073 594 4143 possibile
623 4082 707 4128 est
751 4072 802 4127 in
847 4072 928 4126 bis
974 4086 1092 4140 qua:
1135 4069 1198 4124 ad
1239 4068 1406 4122 Deum
1451 4067 1760 4136 pertinent,

173 4181 300 4223 esse
333 4165 666 4236 sapientem;
710 4173 764 4218 et
798 4163 852 4217 iu
903 4162 988 4217 his
1032 4176 1151 4231 qua:
1191 4159 1257 4214 ad
1303 4157 1558 4212 szcculum
1594 4155 1762 4226 perti-

247 4307 294 4339 ”
325 4305 341 4360 Ι
378 4306 504 4361 Cur.
540 4320 650 4367 κισ,
677 4305 768 4360 20.

175 4394 234 4443 x,
268 4379 354 4433 16.
431 4376 478 4409 ’⁸
519 4374 712 4431 Matth.
743 4390 813 4442 vt,
850 4373 939 4427 24.

251 4493 362 4574 (55)
392 4491 702 4573 Siconmes
732 4504 873 4574 .mss.
906 4485 1138 4574 etcditi:
1181 4484 1438 4574 [tabanus
1469 4493 1622 4574 vero,
1791 4483 1832 4537 ι)

181 4548 316 4616 enim
345 4548 606 4615 inveniunt
638 4560 774 4612 unde
800 4559 1079 4628 pro/ic'ant
1115 4557 1167 4608 in
1203 4554 1357 4605 bono.
1399 4551 1600 4605 Deinde
1625 4548 1756 4602 editi

182 4633 443 4686 omittunt
478 4647 594 4683 rero
623 4639 741 4696 post
765 4627 1083 4681 econtrario.

255 4701 401 4770 (35")
443 4691 713 4760 Editifsic
755 4697 874 4767 (aL,
905 4696 1030 4766 sed)
1064 4709 1156 4746 nos
1193 4692 1448 4762 sapientes
1485 4691 1676 4755 simus,
1711 4698 1759 4742 et

181 4773 558 4838 exrnaitettttts,
585 4779 693 4822 etc.

258 4827 370 4912 (36)
391 4827 816 4912 Sicomuesmss.
838 4837 1035 4912 nostri.
1054 4835 1127 4888 lta
1142 4836 1301 4912 etiam
1316 4831 1479 4895 editi,
1501 4830 1600 4912 nisi
1621 4827 1762 4912 quod

183 4902 446 4974 habeant,
479 4925 581 4962 non
613 4909 773 4962 simus
817 4907 1022 4968 callidi,
1063 4922 1164 4958 non
1203 4908 1366 4958 simus
1402 4902 1616 4962 versuti,
1651 4909 1758 4976 etc.

183 4983 442 5036 “altanus
475 4994 619 5044 vero,
653 4994 755 5030 non
787 4979 951 5031 simus
979 4976 1182 5042 callidi,
1213 4985 1259 5029 et
1286 4982 1604 5044 perversum:
1632 4978 1763 5022 artis

184 5060 498 5121 argumenta
519 5060 835 5121 augerem“.
861 5058 968 5121 015';-
1102 5116 1117 5121 _
1312 5115 1324 5121 _
1463 5110 1494 5121 ..
1531 5109 1542 5120 .
1649 5118 1659 5121 -
1700 5105 1712 5118 .

171 5163 176 5178 ς
250 5110 370 5191 (57)
415 5110 551 5191 Dicit
601 5110 870 5191 Daumius.
916 5117 1040 5191 llzec
1085 5115 1364 5191 desuntiu
1413 5110 1574 5190 editis
1613 5118 1666 5160 et
1700 5110 1754 5158 iu

185 5186 290 5248 ms.
320 5186 485 5259 Regio
521 5204 668 5243 num.
699 5186 856 5255 1659,
899 5190 993 5243 sed
1035 5196 1254 5242 exstant
1285 5187 1340 5240 in
1379 5186 1594 5238 caeteris
1625 5192 1756 5230 "ISS-

182 5275 236 5317 et
269 5258 414 5328 apud
445 5258 743 5312 Rabauum.

411 5331 577 5404 t_i,
608 5330 739 5379 idem
771 5343 881 5404 esse
912 5327 1120 5404 sapiens
1157 5335 1215 5404 et.
1235 5323 1448 5404 stultus.

254 5390 368 5470 (59)
408 5390 573 5462 Editi,
597 5413 709 5470 esse
740 5390 1072 5470 sapientem;
1105 5399 1158 5470 in
1195 5395 1276 5470 Itis
1321 5409 1438 5461 qua:
1479 5390 1548 5445 ad
1586 5407 1760 5470 sicca:

179 5459 289 5526 lum
333 5459 614 5540 pertinent.
647 5459 1000 5540 insipientem.
1033 5459 1480 5540 Sciendum-sane
1513 5473 1585 5540 est
1621 5459 1760 5540 quod

181 5544 271 5596 ubi
304 5531 375 5595 ait
403 5553 422 5590 :
455 5531 776 5609 Hujusmod‘i
817 5538 952 5590 enim
987 5553 1090 5589 non
1131 5539 1362 5609 serviunt
1407 5531 1617 5609 (inrisio
1650 5531 1758 5609 Ι)οξ

183 5616 326 5665 mino
356 5602 559 5662 nostra:
589 5609 693 5660 Sed
724 5622 914 5661 omnes
945 5622 1074 5660 mss.
1106 5605 1298 5672 uestri,
1327 5614 1379 5658 et
1421 5602 1675 5655 “altanus
1700 5607 1764 5672 (ut

186 5683 240 5734 iu
275 5690 449 5742 tcalu,
478 5678 578 5730 nisi
613 5678 756 5744 quod
783 5677 999 5744 quidam
1034 5675 1272 5731 habeant
1303 5675 1508 5738 itidem,
1538 5672 1623 5723 ubi
1655 5671 1757 5735 ait,

185 5760 240 5806 et
273 5749 526 5805 omittam
555 5755 733 5802 nostro
762 5756 880 5813 post
915 5746 1162 5800 Domino.

843 4303 890 4334 ὀ
919 4301 1048 4355 Luc.
1086 4316 1198 4361 .vvt,
1232 4297 1284 4351 8.
1347 4298 1389 4328 ⁹¹
1432 4297 1449 4349 1
1488 4294 1842 4357 Cor.m,18.

1017 4372 1064 4402 ⁹⁶
1105 4369 1266 4423 lium.
1300 4382 1408 4428 ΧΠ,
1440 4367 1530 4419 20.
1575 4366 1618 4397 ⁸⁷
1661 4365 1792 4419 Luc.
1825 4382 1879 4431 ι,
1910 4365 1995 4419 16.

1867 3142 2100 3211 denique
2146 3149 2199 3194 ct
2239 3140 2289 3194 iu
2329 3141 2639 3210 lteguorum
2689 3142 2842 3196 libris
2880 3141 2993 3212 (Η)
3031 3143 3280 3212 legimus,
3323 3143 3448 3214 quia

1865 3233 2134 3286 suscitavit
2209 3230 2351 3284 Dens
2433 3229 2709 3286 Salomoni
2780 3230 3038 3287 Satanam
3102 3235 3243 3288 Atler
3313 3232 3452 3289 Idu-

1867 3325 2172 3378 ma'um":
2225 3325 2326 3379 boc
2383 3334 2466 3379 est
2531 3324 2806 3382 Salomoni
2856 3327 2946 3396 qui
2988 3337 3111 3382 erat
3157 3326 3449 3398 pacificus,

1867 3419 2152 3472 Suscitavit
2203 3416 2463 3472 Satanam
2519 3417 2608 3484 qui
2655 3429 2739 3472 est
2788 3421 3098 3474 contrarius
3152 3420 3294 3489 paci.
3341 3419 3448 3474 Sed

1867 3511 2006 3566 sicut
2042 3511 2124 3564 bis
2171 3526 2306 3578 quos
2338 3509 2629 3580 Apostolus
2662 3511 2840 3572 docet,
2884 3513 2930 3566 si
2978 3512 3058 3566 sic
3090 3521 3257 3581 agant
3309 3512 3448 3583 (~55),

1869 3614 1923 3658 et
1955 3603 2086 3657 tales
2121 3617 2179 3657 se
2209 3603 2531 3663 exhibeant.
2558 3605 2748 3672 quales
2778 3605 2895 3670 ejus
2928 3619 3110 3658 sermo
3141 3605 3448 3672 descripsit,

1872 3707 1970 3762 pro
2007 3691 2393 3746 cn'ieudatione
2426 3693 2547 3746 vittc
2577 3694 2846 3762 promittit
2875 3694 2975 3748 sub
3007 3692 3232 3762 pedibus
3259 3705 3449 3744 eorum

1869 3799 1898 3836 a
1946 3770 2062 3836 Deo.
2103 3783 2252 3851 pacis
2287 3782 2543 3837 Satanam
2593 3785 2855 3838 velociter
2895 3786 3290 3838 conterendum
3321 3800 3334 3836 :
3369 3782 3444 3837 ita

1869 3874 2220 3928 nihilominus
2253 3874 2396 3930 Deus
2442 3875 2590 3943 pacis
2621 3877 2668 3929 ei
2718 3876 2809 3945 qui
2853 3891 3035 3946 pacem
3069 3875 3187 3946 ejus
3237 3891 3344 3930 non
3392 3873 3450 3930 in

1870 3970 2034 4025 corde
2071 3985 2206 4040 puro
2235 3981 2290 4024 et
2342 3970 2670 4024 conscientia
2717 3971 2912 4024 mumla
2953 3969 3282 4034 servaverit,
3329 3982 3452 4024 sus-

1869 4062 2002 4116 citat
2050 4060 2345 4123 Satanam,
2395 4061 2497 4114 boc
2539 4069 2622 4115 est
2669 4061 3074 4129 adversarium;
3111 4071 3172 4114 ut
3215 4059 3306 4130 qui
3357 4059 3451 4116 bo-

1869 4169 2000 4209 nmn
2036 4153 2187 4224 pacis
2215 4151 2532 4222 neglexerit,
2563 4152 3034 4222 impugnationum
3058 4152 3446 4206 amaritudiues

1919 4296 1964 4326 θ’
2009 4294 2162 4347 Deut.
2191 4309 2371 4356 xvxu,
2420 4292 2508 4348 55.
2598 4293 2646 4325 ¹¹³
2687 4292 2966 4353 ιρι-ειη.ιῇ
2998 4289 3089 4342 22.
3169 4289 3214 4320 "
3253 4287 3444 4344 Matth.

2073 4365 2120 4396 νε
2160 4364 2223 4418 III
2260 4363 2392 4434 ucg.
2421 4380 2496 4427 at,
2534 4363 2620 4417 tt.

1935 4477 2045 4550 (40)
2087 4477 2263 4550 Sicut.
2287 4475 2573 4550 Qmittitur
2601 4475 2652 4529 in
2689 4472 2941 4528 omnibus
2973 4471 3152 4526 editis.
3185 4467 3314 4524 Mss.
3344 4467 3450 4526 lte-

1871 4549 1992 4619 gius
2023 4564 2174 4619 num.
2203 4549 2364 4619 1639,
2392 4549 2458 4600 si.

1943 4619 2054 4687 (41)
2099 4618 2249 4672 Sicut
2285 4617 2485 4685 fulgur.
2511 4615 2635 4669 llaec
2657 4614 2763 4687 duo
2792 4614 2954 4687 verba
2980 4611 3176 4664 desunt
3205 4607 3257 4662 in
3283 4607 3448 4666 editis

1871 4699 1922 4743 et
1952 4683 2320 4740 restituuntur
2351 4683 2420 4739 ex
2456 4701 2585 4739 mss.
2614 4695 2666 4738 et
2701 4683 2950 4738 Rabauo.

1947 4757 2060 4827 (42)
2101 4757 2190 4810 Sic
2242 4771 2372 4809 mss.
2429 4755 2672 4827 plerique
2722 4754 2818 4807 Ms.
2864 4768 2991 4805 vero
3041 4749 3245 4827 Regius
3278 4763 3444 4827 _num.

1874 4817 2300 4888 1639,'bumano
2345 4817 2519 4895 generi
2554 4817 2826 4877 indicatur
2865 4821 3155 4895 adversari.
3195 4817 3448 4874 liabanus

1873 4907 1928 4952 et
1957 4896 2110 4958 editi,
2141 4893 2371 4950 humano
2397 4897 2576 4964 generi
2612 4896 2882 4948 indicatur
2909 4893 3182 4945 adversus.

1945 4967 2058 5035 (εὖ)
2095 4965 2258 5030 Editi,
2285 4976 2746 5035 commemoratur.

1949 5027 2062 5109 (44)
2105 5027 2276 5109 Editi,
2313 5036 2366 5089 in
2391 5033 2701 5109 "Regnorum
2733 5034 2886 5109 libro.
2925 5028 3126 5085 Deinde
3162 5042 3294 5109 mss.
3331 5027 3446 5098 ple-

1870 5097 2117 5179 riq‘ue'et
2149 5097 2316 5179 editi,
2382 5097 2638 5179 Satanam
2687 5106 2946 5179 adversus
2988 5115 3129 5155 eum.
3169 5097 3447 5179 lulianus,

1869 5167 2128 5235 Sa'taaam
2163 5177 2230 5229 ad
2283 5174 2628 5229 deridendum
2667 5189 2805 5227 eum.
2841 5173 2948 5227 Sed
2991 5179 3141 5225 recte
3189 5185 3291 5223 ms.
3340 5167 3448 5222 Re.

1867 5244 2344 5321 gius__ntn_n_._l_63§
2374 5253 2430 5321 ut
2467 5246 2520 5321 i_n
2565 5254 2738 5321 testu.

1938 5319 2054 5389 (£5)
2095 5317 2260 5380 Editi,
2299 5316 2403 5389 Sed
2430 5315 2579 5389 _sicu_t
2612 5314 2692 5366 Itis
2724 5307 3244 5389 quoqueﬁpostolus.
3271 5307 3446 5389 docet,

1865 5392 1910 5444 si
1945 5377 2129 5458 aga'nt,
2158 5377 2263 5441 etc.
2307 5384 2401 5458 his.
2430 5383 2632 5454 Regius
2668 5377 3018 5458 nu'lll.;1659_,
3061 5380 3168 5435 Sed
3199 5379 3331 5431 sicut
3366 5377 3449 5458 Itis

1869 5452 2173 5526 Apostolus,
2217 5456 2382 5526 sirita
2425 5452 2615 5521 agant,
2662 5465 2770 5526 etc.
2813 5452 3006 5526 Caneri
3057 5465 3186 5504 vero
3209 5463 3360 5526 ⁸ιυεες.
3380 5455 3453 5526 et

1873 5518 2326 5594 [tabanus—ubiut
2371 5518 2558 5584 texiu.
2609 5525 2710 5577 nisi
2755 5523 2898 5594 quod
2931 5537 3070 5575 unus
3114 5518 3338 5594 omittat
3374 5518 3451 5594 ita

1871 5599 1959 5652 vel
2001 5599 2106 5665 sic;
2140 5605 2193 5653 et
2238 5592 2495 5651 liabanus
2528 5589 2840 5660 habeatfsi
2875 5600 3118 5663 satagaat
3162 5605 3259 5662 pro
3295 5589 3341 5645 si
3374 5589 3452 5643 sic

1873 5681 2058 5740 agunt,
