4048 6202
387 282 521 340 ΙΞΒΘ

1333 241 1690 341 COMMENT.
1732 282 1798 338 IN
1839 280 2062 341 EPIST.
2096 281 2188 346 AD
2225 281 2392 338 ROM.
2433 283 2562 338 LIB.
2607 283 2674 338 Χ.

3496 292 3635 357 tace

374 404 698 475 junguntur,
725 401 877 475 jungi
928 403 1031 458 sibi
1066 416 1297 463 noverat
1337 410 1635 464 secundum
1672 408 1950 473 cognatio.
1983 412 2029 470 Α
2062 414 2118 462 ct
2162 406 2285 463 ideo
2323 421 2423 462 nec
2476 422 2675 463 nomen
2731 407 2974 477 posuerit
3027 407 3184 477 cujus
3242 407 3498 474 civitatis,
3542 409 3637 475 sed

380 513 502 556 ucm
547 498 892 567 paternitatis
936 498 1205 554 caelestis.
1248 501 1314 555 Et
1346 501 1472 557 ideo
1520 516 1616 558 eos
1665 510 1949 573 cognatos,

379 601 434 647 et
483 594 834 663 concaptivos
890 603 1082 660 vocat,
1126 603 1181 649 et
1227 592 1540 663 adjutores;
1592 603 1779 664 utpote
1828 609 1950 650 cum

379 683 579 753 quibus
606 699 767 738 uuam
807 686 875 740 ad
911 686 1391 754 evangelizandum
1423 686 1806 755 cognationem
1855 701 1954 740 ua-

379 776 562 831 sceodi
631 784 785 831 sorte
841 779 1178 847 susceperit,
1220 790 1277 835 et
1326 780 1697 850 captivitatem
1766 776 1951 834 mundi

378 865 538 933 hujus
582 865 891 935 Babyloniae
920 869 1254 943 perferendi.
1282 871 1397 926 Aut
1437 870 1483 925 si
1530 870 1657 941 quis
1688 871 1804 927 hate
1845 884 1951 927 non

375 957 469 1013 tali
517 959 751 1033 quadam
790 950 1088 1032 tr0pologia
1119 963 1339 1031 patitur
1371 962 1683 1032 explanari,
1714 973 1955 1033 exponat

377 1049 539 1103 nobis
582 1052 856 1119 quomodo
896 1052 1235 1118 Timotheus,
1261 1066 1316 1110 et
1342 1052 1567 1120 Lucius,
1594 1064 1648 1111 et
1676 1053 1869 1120 lason,
1898 1064 1954 1108 et

376 1137 659 1208 Sosipater
684 1141 845 1212 longe
879 1142 1217 1199 diversarum
1247 1159 1356 1199 non
1381 1145 1557 1199 solum
1584 1144 1826 1210 urbium,
1853 1147 1950 1201 sed

374 1238 428 1282 ct
480 1231 886 1297 provinciarum
933 1233 1116 1300 cives,
1164 1231 1331 1291 Paulo
1377 1231 1674 1289 secundum
1728 1247 1950 1289 carnem

376 1322 593 1391 cognati
637 1330 693 1376 et
736 1324 1128 1395 consanguinei
1178 1338 1302 1379 esse
1345 1331 1644 1394 potuerunt
1682 1340 1698 1379 :
1743 1333 1799 1380 et
1843 1340 1950 1380 non

375 1411 552 1468 solum
586 1413 695 1480 isti,
740 1416 834 1471 sed
874 1426 927 1470 et
955 1416 1327 1482 Andronicus,
1352 1426 1408 1471 et
1438 1414 1649 1480 Juuias,
1677 1424 1734 1469 et
1780 1413 1951 1471 llero-

376 1505 525 1573 dion,
553 1520 692 1576 quos
735 1522 926 1563 omnes
953 1516 1006 1564 et
1048 1508 1214 1580 637
1251 1517 1518 1579 cognatos
1558 1523 1709 1573 suos,
1737 1520 1791 1563 et
1818 1523 1954 1565 con-

377 1598 623 1666 captivos
649 1598 909 1666 appellat.

452 1687 540 1743 £0.
576 1671 765 1744 Salu'to
791 1705 879 1749 vos
906 1706 999 1759 ego
1031 1688 1263 1752 Tertius,
1299 1690 1390 1760 qui
1422 1690 1609 1759 scripsi
1641 1687 1940 1759 Epistolam

2062 499 2440 553 tantummodo
2492 515 2617 555 eum
2673 499 2946 553 arcarium
3010 500 3374 555 nominaverit
3439 501 3637 555 civita-

2060 591 2131 644 tis
2162 588 2297 660 (60).
2354 590 2544 647 Utrum
2592 606 2722 660 ergo
2778 591 2872 646 tali
2926 591 3086 646 modo
3133 576 3351 663 aliquo,
3390 607 3458 649 an
3508 608 3638 654 vero

2056 683 2381 752 simpliciter
2409 684 2582 754 magis
2612 684 2991 754 accipiendum
3028 684 3122 751 sit,
3155 696 3210 740 et
3241 685 3379 739 nihil
3409 685 3636 754 profuit:

2056 775 2177 828 dius
2208 775 2261 829 in
2290 773 2440 830 Pauli
2473 774 2699 840 Litteris
2721 776 3131 854 requirendum,
3169 777 3513 835 considerato
3542 778 3635 857 qui

2054 865 2206 936 legis.

2124 957 2215 1012 45.
2261 957 2327 1011 Ei
2359 966 2529 1011 autem
2559 957 2650 1023 qui
2673 966 2854 1023 potens
2884 965 2961 1011 est
2995 973 3081 1011 vos
3104 958 3420 1029 conﬁrmare
3447 974 3638 1015 secum

2054 1045 2177 1100 dum
2205 1044 2555 1116 Evangelium
2573 1061 2765 1110 meum,
2799 1056 2848 1101 et
2869 1048 3305 1117 praedicationem
3330 1047 3461 1104 Iesu
3487 1049 3638 1104 Chri-

2052 1140 2142 1207 sti,
2186 1140 2475 1194 secundum
2516 1139 2885 1198 reuelationem
2938 1140 3262 1195 sacramenti
3313 1140 3635 1209 temporibus

2053 1233 2370 1293 sreculorum
2401 1233 2458 1287 in
2481 1232 2691 1287 silentio
2706 1232 3246 1303 habiti,manifestati
3274 1244 3449 1288 autem
3477 1237 3633 1292 modo

2052 1340 2147 1393 per
2208 1323 2515 1392 Scripturas
2563 1323 2892 1392 prapheticas
2953 1323 3239 1377 secundum
3314 1335 3631 1396 prwceptum

2051 1413 2234 1467 aeterni
2268 1411 2361 1469 Dei
2387 1411 2457 1465 ad
2484 1411 2836 1466 obedientiam
2873 1409 3086 1488 ﬁdeiin
3112 1424 3294 1464 omnes
3321 1424 3504 1481 gentes
3526 1431 3638 1467 mu-

2056 1503 2308 1572 nifcstati,
2333 1502 2433 1561 soli
2470 1503 2696 1573 sapienti
2729 1501 2839 1557 Deo
2866 1517 2960 1570 per
2991 1498 3180 1556 Iesum
3224 1502 3498 1559 Christum
3527 1506 3634 1559 cla-

2055 1596 2187 1651 ritas
2226 1595 2279 1648 in
2309 1593 2506 1649 swcula
2533 1593 2870 1649 sa’culorum.
2905 1594 3072 1653 Amen
3092 1595 3134 1626 "
3158 1593 3292 1666 (61).
3326 1596 3496 1666 Caput
3529 1599 3634 1653 hoc

2051 1685 2316 1751 Marcion,
2342 1701 2370 1738 a
2405 1698 2514 1753 quo
2542 1683 2842 1753 Scripturae
2865 1685 3194 1756 evangelica:
3221 1696 3384 1758 atque
3409 1698 3633 1758 aposto-

374 1778 430 1832 in
460 1777 774 1833 Domino“.
808 1779 1091 1850 Tanquam
1128 1781 1224 1851 qui
1251 1781 1450 1850 dignus
1483 1779 1706 1836 habitus
1728 1780 1800 1835 sit
1822 1778 1950 1849 Epi-
1980 1770 2025 1826 Β
2054 1776 2175 1830 licze
2198 1772 2540 1844 iuterpoiatze
2572 1780 2721 1840 sunt,
2755 1777 2821 1828 de
2854 1774 2958 1829 hac
2986 1772 3224 1844 Epistola
3256 1776 3470 1845 penitus
3498 1780 3630 1833 abs—

373 1867 572 1923 stolam
603 1867 864 1926 Romanis
900 1870 1072 1927 Paulo
1105 1871 1351 1927 dictante
1396 1871 1761 1941 perscribere,
1802 1869 1949 1924 inse-

376 1961 453 2013 rit
481 1960 531 2013 ei
574 1960 737 2014 etiam
776 1975 933 2016 suum
963 1977 1187 2028 nautea,
1212 1978 1322 2018 non
1356 1962 1666 2019 temeritate
1696 1975 1826 2015 usus
1857 1967 1951 2019 aut

368 2048 655 2114 jactamia,
691 2049 784 2103 sed
813 2048 938 2120 quia
969 2051 1178 2106 sciebat
1212 2065 1401 2107 senon
1428 2053 1607 2109 solum
1631 2048 1950 2122 praestitisse

372 2139 662 2208 scriptoris
686 2138 947 2205 oﬂicinm,
979 2140 1075 2196 sed
1108 2141 1397 2211 scripsisse
1437 2141 1490 2195 in
1524 2140 1754 2195 Domino
1783 2154 1951 2209 :quo-

374 2229 524 2283 uiam
550 2231 771 2299 quidem
795 2230 977 2301 justus
1018 2234 1206 2291 ctrina
1251 2247 1373 2304 qua:
1407 2231 1561 2297 facit,
1599 2231 1665 2287 ad
1718 2232 1945 2303 gloriam

374 2320 469 2374 Dei
501 2320 628 2376 facit
647 2322 709 2375 “.
734 2322 802 2376 Et
821 2322 865 2377 si
892 2322 1074 2378 scribit
1094 2338 1248 2394 ergo,
1276 2324 1343 2377 ad
1366 2323 1596 2394 gloriam
1621 2322 1716 2379 Dei
1733 2323 1947 2390 scribit,

370 2423 430 2467 et
462 2412 580 2469 ideo
609 2413 662 2469 in
692 2413 922 2473 Domino
953 2416 1146 2471 scribit
1172 2431 1190 2470 :
1213 2427 1436 2487 propter
1463 2417 1605 2487 quod
1627 2416 1946 2487 cstdignum

372 2517 434 2558 ut
457 2502 711 2575 Epistolas
740 2506 828 2561 sui
857 2522 1073 2577 quoque
1101 2507 1338 2563 nominis
1356 2509 1568 2565 iuderet
1591 2510 1943 2569 mentionem.

378 2595 474 2653 Vel
517 2606 671 2653 certe
706 2598 961 2667 quoniam
1007 2599 1116 2653 vim
1163 2614 1417 2661 sensuum
1480 2599 1630 2655 Pauli
1689 2600 1948 2657 dictantis

365 2694 683 2753 exceperat,
708 2692 763 2741 et
792 2685 1138 2747 intellexerat
1176 2703 1284 2743 non
1317 2689 1576 2757 hominis,
1601 2689 1696 2745 sed
1733 2690 1945 2746 Domini

366 2792 492 2844 qua:
523 2777 821 2845 scribebat,
873 2779 1077 2837 idcirco
1114 2796 1237 2837 eum
1279 2783 1332 2836 in
1375 2781 1604 2838 Domino
1655 2783 1947 2857 scripsisse

365 2878 787 2926 tonirttetnorat.

441 2960 533 3016 41.
560 2959 771 3023 Salutat
804 2979 892 3019 vos
925 2959 1086 3018 Gaius
1117 2963 1232 3032 (56)
1265 2963 1450 3035 hospes
1489 2981 1658 3030 meus,
1698 2976 1750 3021 et
1785 2968 1946 3025 totius

368 3053 715 3110 Ecetesiw".
749 3057 1076 3128 intelligitur
1107 3048 1275 3114 Gaius
1320 3058 1410 3117 hic
1451 3074 1575 3115 esse
1612 3060 1679 3114 de
1720 3074 1829 3130 quo
1876 3060 1943 3116 ad

365 3145 685 3201 Corinthios
729 3148 975 3204 scribens
1012 3159 1426 3216 commemorat,
1475 3151 1701 3206 dicens:
1730 3151 1944 3212 Gratias

365 3249 473 3302 ago
506 3233 638 3296 Deo,
668 3237 917 3304 quoniam
959 3239 1213 3293 neminem
1253 3249 1482 3297 vestrum
1516 3242 1803 3310 baptisavi,
1845 3242 1946 3296 nisi

364 3324 618 3394 Crispum
655 3333 706 3377 et
755 3324 947 3379 Gaium
978 3327 1042 3382 “.
1072 3326 1300 3383 Videtur
1327 3345 1459 3401 ergo
1496 3332 1742 3388 indicare
1774 3335 1840 3388 de
1879 3347 1945 3389 eo

363 3420 516 3487 quod
555 3416 640 3472 vir
674 3417 839 3473 fuerit
881 3418 1187 3489 hospitalis,
1221 3421 1312 3490 qui
1366 3437 1472 3476 non
1505 3423 1681 3478 solum
1721 3423 1944 3479 Paulum

365 3525 433 3564 ac
483 3507 1020 3578 singulos‘quosque
1068 3513 1426 3568 adventantes
1474 3513 1794 3569 Corinthum
1831 3515 1944 3586 (57)

366 3600 612 3670 h05pjtio
638 3601 924 3670 receperit,
967 3603 1058 3657 sed
1093 3603 1349 3659 Ecclesia:
1386 3605 1654 3661 universae
1697 3606 1750 3660 in
1785 3607 1945 3661 domo

360 3706 468 3746 sua
523 3690 962 3745 conventiculum
1029 3691 1144 3761 ipse
1200 3693 1518 3763 prtebuerit.
1570 3694 1766 3750 Fertur
1813 3710 1946 3750 sane

366 3782 664 3839 traditione
703 3782 988 3852 majorum,
1017 3785 1160 3852 quod
1193 3784 1279 3838 hic
1311 3784 1480 3840 Gaius
1505 3786 1713 3857 primus
1736 3786 1945 3857 episco-

360 3890 470 3945 pus
511 3872 668 3928 luerit
694 3874 1199 3932 Thessalonicensis
1224 3877 1500 3934 Ecclesiae.

432 3963 531 4018 42.
576 3963 785 4018 Salutat
836 3982 923 4020 vos
978 3964 1226 4035 Erastus,
1286 3971 1527 4025 arcarius
1581 3971 1833 4039 ciuitatis,
1891 3982 1940 4027 et

359 4054 609 4121 Quartus
655 4056 764 4127 (58)
807 4058 1059 4126 frater“.
1102 4057 1280 4129 Ipsum
1329 4071 1458 4130 puto
1512 4077 1631 4119 esse
1688 4063 1941 4122 Erastum

355 4159 527 4218 quem
565 4146 696 4201 dicit
718 4149 761 4179 ³ο
791 4149 916 4220 quia
947 4152 1711 4226 remansitCorinthi,quique
1732 4155 1944 4211 videtur

352 4240 712 4309 dispensator
736 4242 973 4301 civitatis
997 4246 1207 4301 ostendi
1228 4245 1363 4318 (59).
1390 4246 1496 4302 Sed
1525 4262 1631 4307 non
1652 4256 1782 4317 puto
1799 4246 1941 4317 Quod

352 4345 419 4383 ex
467 4331 585 4386 hoc
623 4330 803 4390 oﬂieio
845 4352 1174 4409 magnopere
1223 4338 1423 4402 Paulus
1490 4342 1817 4397 mentionem
1887 4340 1940 4395 in

2051 1866 2208 1929 tulit;
2246 1873 2303 1920 et
2353 1879 2462 1919 non
2518 1863 2690 1921 solum
2727 1865 2853 1930 hoc,
2897 1864 2992 1921 sed
3028 1873 3085 1920 et
3126 1864 3194 1920 ab
3237 1881 3305 1921 eo
3354 1866 3473 1924 loco
3513 1868 3626 1941 (62)

2052 1957 2141 2017 ubi
2172 1956 2439 2027 scriptum
2474 1965 2580 2021 cst,
2613 1971 2765 2010 onme
2795 1965 2971 2010 autem
2998 1955 3140 2027 quod
3163 1972 3264 2011 non
3286 1969 3363 2018 est
3403 1976 3470 2015 ex
3498 1960 3627 2031 ﬁde,

2047 2058 2322 2118 peccatum
2350 2057 2427 2103 est
2451 2046 2518 2113 ι’,
2553 2061 2724 2119 usque
2750 2048 2817 2103 ad
2844 2048 3005 2104 linem
3035 2059 3230 2105 cuncta
3257 2052 3542 2109 dissecuit.
3567 2054 3625 2113 ln

2050 2140 2175 2195 aliis
2220 2153 2352 2195 vero
2400 2138 2827 2210 exemplaribus,
2860 2139 2914 2194 id
2964 2149 3049 2195 cst
3097 2140 3154 2197 in
3208 2141 3295 2198 his
3333 2159 3452 2212 qua:
3511 2160 3618 2199 non

2050 2241 2178 2288 sunt
2198 2246 2228 2286 a
2258 2229 2532 2285 Marciane
2561 2238 2847 2296 temerata,
2877 2229 2979 2286 hoc
3008 2232 3183 2300 ipsum
3226 2242 3388 2303 caput
3414 2232 3630 2289 diverso

2049 2322 2285 2394 positum
2321 2320 2647 2377 invenimus.
2688 2318 2745 2374 lu
2779 2317 3051 2377 nonnullis
3111 2320 3313 2374 etenim
3346 2321 3629 2381 codicibus

2049 2422 2175 2484 post
2197 2427 2322 2467 eum
2351 2412 2528 2467 locum
2560 2425 2718 2481 quem
2750 2424 2912 2481 supra
2943 2410 3203 2479 diximus,
3240 2413 3345 2467 hoc
3371 2422 3477 2478 cst,
3511 2429 3628 2473 om,

2052 2521 2116 2559 ne
2148 2514 2320 2559 autem
2344 2503 2483 2575 quod
2509 2519 2612 2558 non
2640 2514 2714 2557 est
2744 2518 2811 2558 ea:
2853 2502 2977 2573 ﬁde,
3003 2514 3275 2573 peccatum
3309 2514 3410 2571 est,
3442 2507 3624 2562 statim

2050 2592 2334 2651 cohaarens
2362 2592 2615 2658 habetur,
2649 2593 2697 2647 ei
2719 2602 2893 2647 autem
2937 2595 3028 2664 qui
3051 2602 3233 2662 potens
3267 2605 3341 2650 est
3377 2613 3465 2651 vos
3494 2613 3624 2653 σωκ

2048 2684 2285 2753 ﬁrmare.
2340 2684 2447 2740 Alii
2481 2700 2609 2741 vero
2648 2684 2867 2739 codices
2902 2684 2956 2743 in
2998 2683 3107 2741 liae
3158 2685 3238 2753 id,
3269 2696 3326 2743 ut
3362 2704 3506 2745 nunc
3543 2699 3628 2753 est

2048 2778 2307 2849 positum,
2348 2777 2630 2832 continent
2658 2775 2792 2847 (65).
2827 2776 2933 2832 Sed
2970 2776 3084 2847 jam
3120 2781 3400 2835 veniamus
3430 2782 3497 2835 ad
3525 2798 3621 2836 ca-

2048 2866 2202 2938 pituli
2240 2865 2400 2938 hujus
2426 2866 2884 2937 explanationem.
2915 2867 3057 2923 Duas
3103 2868 3235 2924 mihi
3268 2884 3461 2926 causas
3485 2871 3626 2929 Pana

2049 2959 2138 3014 lus
2180 2958 2393 3015 videtur
2422 2961 2732 3029 ostendere,
2759 2960 2958 3031 quibus
2989 2961 3320 3018 roborantur
3350 2963 3403 3019 hi
3442 2965 3533 3034 qui
3566 2966 3620 3029 in

2050 3051 2155 3108 ﬁde
2190 3052 2469 3124 Evangelii
2507 3055 2943 3110 confirmantur:
2973 3072 3135 3112 unam
3164 3072 3272 3127 qua
3306 3057 3387 3114 eis
3428 3058 3624 3130 praedi-

2048 3142 2195 3199 catio
2223 3142 2396 3208 Pauli,
2446 3160 2568 3215 qua:
2595 3156 2683 3201 est
2712 3156 2769 3203 et
2796 3146 3000 3204 Christi
3043 3149 3379 3220 praedicatio,
3402 3149 3624 3205 innote—

2047 3235 2153 3291 scit
2178 3235 2324 3308 (64);
2356 3247 2412 3293 ct
2441 3236 2602 3293 aliam
2626 3253 2735 3310 qua
2781 3241 3055 3297 revelatur
3099 3241 3180 3298 eis
3220 3251 3619 3301 sacramentum

2045 3329 2191 3399 quod
2241 3330 2482 3385 omnium
2537 3332 2874 3401 temporibus
2915 3338 3242 3391 saeculorum
3292 3336 3346 3390 in
3401 3335 3623 3393 silentio

2047 3420 2291 3475 habitum
2325 3430 2429 3486 est,
2458 3436 2602 3477 nunc
2640 3438 2791 3486 vero,
2833 3425 2940 3479 hoc
2975 3435 3058 3480 cst
3107 3426 3160 3478 in
3196 3424 3432 3485 adventu
3465 3425 3623 3480 Chriv

2046 3512 2117 3565 sti
2163 3511 2452 3580 prtesentia
2490 3513 2761 3581 corporali
2803 3513 3208 3567 manifestatum
3239 3520 3325 3573 est
3357 3522 3415 3569 et
3464 3528 3624 3583 aper,

2049 3610 2181 3663 tum,
2212 3609 2267 3655 et
2295 3610 2557 3670 quantum
2586 3611 2821 3671 spectat,
2851 3617 2955 3657 non
2987 3602 3106 3658 sine
3131 3603 3339 3659 idoneis
3370 3602 3621 3671 testibus,

2044 3690 2140 3746 sed
2184 3691 2489 3763 Scripturis
2526 3692 2861 3763 propheticis
2898 3693 3319 3765 astipulautibus
3371 3695 3618 3750 declara-

2047 3792 2180 3846 tum,
2225 3783 2301 3843 Ita
2338 3783 2483 3841 enim
2538 3793 2866 3855 praeceptum
2912 3786 3127 3841 exstitit
3162 3786 3354 3842 aeterni
3398 3786 3518 3855 Dei,
3561 3796 3625 3841 ut.

2042 3888 2142 3945 per
2166 3875 2601 3946 praedicationem
2645 3876 2861 3947 quidem
2885 3876 2999 3948 (65)
3025 3877 3298 3950 Evangelii
3336 3888 3527 3950 gentes
3549 3879 3618 3941 ad

2043 3967 2407 4022 obedientiam
2442 3967 2567 4029 tidei
2611 3978 2939 4022 vocarentur
2969 3984 2983 4021 :
3010 3983 3073 4023 ex
3109 3969 3439 4029 revelatione
3484 3985 3619 4025 vero

2045 4050 2372 4113 sacratueuti
2411 4059 2594 4129 agnita
2631 4060 2725 4113 Dei
2762 4059 3049 4129 sapientia,
3076 4061 3248 4132 gloria
3296 4074 3353 4118 et
3393 4062 3619 4122 claritas

2044 4151 2145 4206 soli
2183 4151 2412 4222 sapienti
2451 4153 2557 4211 Deo
2589 4153 2911 4209 redderetur
2939 4153 2993 4211 iu
3034 4154 3229 4221 sa-cula
3271 4156 3613 4211 saeculorum.

2047 4244 2155 4298 Sed
2191 4244 2384 4298 iterum
2416 4258 2787 4311 recurramus,
2816 4253 2873 4300 et
2901 4246 3314 4304 consideremus
3346 4247 3618 4317 quomodo

2045 4335 2246 4390 dictum
2285 4345 2370 4390 est
2403 4353 2417 4389 :
2444 4333 2514 4399 Ei
2538 4346 2714 4395 autem
2740 4337 2832 4405 qui
2858 4346 3040 4406 potens
3069 4346 3143 4389 est
3184 4353 3271 4390 vos
3302 4336 3618 4403 conﬁrmaro

354 4418 607 4489 Epistula
636 4439 731 4479 sua
768 4425 980 4493 fecerit,
1011 4430 1115 4487 nisi
1148 4429 1289 4487 forte
1319 4430 1520 4501 aliquid
1547 4432 1599 4487 in
1622 4447 1688 4488 eo
1706 4430 1938 4502 amplius
1967 4443 2014 4501 ι)
2044 4427 2330 4491 secundum
2359 4425 2705 4497 Evangelium
2729 4443 2923 4493 meum,
2950 4436 3002 4483 et
3024 4425 3453 4498 pra-dicationem
3485 4420 3616 4480 Iesu

355 4515 624 4579 senserit,
665 4525 720 4570 et
764 4521 1039 4575 arcarium
1078 4537 1226 4588 eum,
1273 4523 1325 4578 id
1378 4532 1463 4578 est
1504 4524 1937 4594 dispensatorem

356 4603 509 4660 illius
528 4606 769 4662 civitatis
790 4611 989 4666 dixerit
1012 4612 1166 4679 cujus
1198 4613 1393 4671 artifex
1409 4625 1462 4668 et
1485 4615 1736 4673 conditor
1756 4612 1935 4679 Deus;

427 4702 471 4732 ¹¹
508 4700 668 4756 Rom.
694 4719 803 4767 va,
826 4705 920 4761 22.

2041 4519 2266 4584 Christi,
2300 4521 2590 4572 secundum
2620 4516 2989 4573 reuelationem
3018 4518 3340 4573 sacramenti
3367 4526 3616 4587 tempori-

2040 4612 2135 4665 bus
2171 4610 2487 4665 sa'culorunt
2522 4610 2579 4663 in
2620 4610 2829 4663 silentio
2872 4610 3059 4664 habiti.
3091 4610 3207 4665 Non
3239 4608 3369 4663 tnihi
3400 4609 3613 4665 videtur

998 4708 1040 4739 "
1066 4706 1085 4760 1
1110 4707 1239 4762 Cor.
1274 4723 1329 4769 x,
1360 4708 1421 4761 51
1450 4725 1463 4767 ;
1502 4709 1711 4763 Coloss.
1736 4726 1815 4772 Ill,
1855 4709 1945 4764 l7.

2047 4710 2066 4741 ³
2104 4708 2261 4761 Rom.
2297 4719 2408 4769 xvi,
2431 4703 2525 4759 9.5.
2602 4704 2645 4735 "
2674 4701 2694 4756 l
2725 4703 2852 4768 Cor,
2885 4720 2923 4770 ι,
2960 4702 3045 4760 14.
3125 4706 3168 4745 ³⁸
3191 4705 3348 4764 Rom.
3383 4717 3498 4769 xvi,
3520 4701 3612 4756 25.

356 4769 404 4801 ³⁸
434 4771 476 4825 ll
501 4772 646 4827 Tini.
680 4790 751 4838 tv,
780 4775 870 4830 20.
949 4778 990 4809 ¹⁷
1022 4776 1177 4832 Rom.
1210 4793 1322 4844 xvr,
1354 4777 1542 4833 25-27.
1620 4780 1663 4811 ³⁸
1692 4769 1847 4834 Rom.
1882 4793 1994 4847 xiv,
2016 4778 2107 4834 9-5.

429 4867 548 4943 (56)
572 4865 768 4943 Caius.
804 4868 894 4943 Sic
932 4875 1131 4943 ubique
1172 4889 1302 4943 mss.
1351 4873 1540 4939 nostri,
1590 4873 1850 4937 Rabanus
1877 4884 1934 4929 et

354 4938 534 4992 editio
572 4938 798 4994 Veneta.
823 4942 1015 4997 Czeteri
1042 4938 1203 5004 editi,
1242 4942 1427 4998 Caius.

293 5075 297 5079 _
409 5008 547 5080 _(57)
580 5007 760 5080 Editio
788 5009 1358 5078 Yeneta,adversantes
1379 5011 1710 5072 Corinthum.
1738 5014 1932 5069 Caneri

354 5077 871 5143 editi,’diuersantes
927 5077 1190 5136 Corinthi.
1245 5084 1452 5138 Deinde
1496 5084 1658 5141 iidem
1707 5084 1839 5138 editi
1884 5094 1939 5138 et

357 5163 497 5202 mss.
522 5148 792 5225 plerique,
817 5153 1046 5225 hospitia
1078 5154 1352 5225 reciperet,
1374 5162 1427 5207 et
1452 5154 1607 5225 paulo
1636 5164 1759 5223 post.
1778 5153 1939 5208 omit-

356 5226 483 5271 tunt
500 5218 728 5288 primus.
759 5220 863 5276 Sed
894 5238 998 5278 ms.
1016 5218 1217 5293 Regius
1244 5218 1392 5278 num.
1428 5218 1562 5279 1659
1580 5218 1717 5279 ιιιῚιι
1746 5232 1936 5280 nostro

356 5295 536 5343 lexin.

429 5358 549 5431 (58)
580 5357 707 5414 Mss.
744 5371 799 5415 et
846 5360 1255 5431 editiplerique
1306 5362 1509 5418 habent
1556 5362 1811 5431 Marcus;
1837 5363 1933 5417 sed

357 5427 463 5564 165'.
510 5427 720 5551 Regius
750 5448 900 5486 num.
941 5430 1100 5497 1659,
1128 5427 1388 5488 Rabanus
1430 5445 1486 5488 et
1524 5427 1933 5497 Genebrardus,

412 5516 513 5552 nar
542 5516 626 5553 us.

412 5511 626 5553 uartus.

428 5569 546 5642 (59)
583 5571 675 5626 Sic
703 5585 805 5625 ms.
837 5570 1042 5642 Regius
1065 5587 1211 5642 num.
1243 5572 1383 5629 1659
1421 5584 1477 5628 et
1505 5572 1782 5627 Rabanns.
1814 5573 1932 5628 Cm-

355 5641 457 5690 teri
490 5639 630 5713 vero
655 5657 785 5695 mss.
812 5651 866 5694 et
892 5639 1021 5696 editi
1045 5681 1061 5707 ,
1084 5639 1337 5713 Corintho
1368 5643 1486 5711 (aL,
1518 5644 1781 5713 Corinthi)
1813 5644 1933 5713 qui-

353 5724 453 5777 que
478 5709 751 5765 evidenter
770 5712 1039 5781 designato
1065 5712 1289 5766 civitatis
1322 5709 1483 5783 ofﬁcio
1519 5709 1837 5770 ostenditur;

805 5804 1073 5913 Ριτιιοὲ..
1115 5851 1230 5912 Gn.
1282 5851 1446 5914 XIV.

2109 4874 2225 4946 (60)
2288 4874 2548 4930 Civitatis.
2586 4874 2917 4946 Restituitur
2963 4888 3030 4927 ex
3068 4888 3204 4946 _r_n_s._
3248 4870 3418 4946 Regio
3461 4892 3614 4931 unm.

2040 4941 2215 5003 1659!
2252 4946 2453 5001 Deinde
2500 4959 2639 5002 mss.
2670 4944 2891 5015 quidam
2926 4954 2982 4996 et
3019 4941 3146 5015 editi
3192 4942 3396 4997 habent
3418 4946 3614 5015 siden-

2040 5018 2166 5073 dum
2194 5032 2293 5086 pro
2325 5010 2713 5086 accipiendum,
2752 5015 2895 5084 quod
2929 5010 3224 5082 praeferunt
3262 5026 3366 5068 ms.
3412 5013 3624 5085 Regius

2041 5084 2206 5141 num;
2230 5086 2366 5141 1659
2398 5095 2453 5141 et
2475 5084 2755 5141 Rabauus.

2112 5156 2229 5230 (61)
2258 5156 2327 5212 In
2350 5156 2559 5230 siccata
2592 5152 2928 5230 swculorum.
2958 5153 3144 5208 Amen.
3170 5149 3298 5209 Hmc
3328 5154 3490 5230 verba
3512 5155 3611 5210 de-

2043 5225 2172 5283 sunt
2214 5231 2266 5281 in
2294 5226 2482 5292 editis,
2511 5234 2562 5280 et
2598 5225 2963 5279 restituuntur
3000 5238 3065 5277 ex
3103 5238 3234 5278 mss.
3268 5225 3573 5281 codicibus.

2117 5296 2228 5379 (6ξὶ)
2257 5297 2361 5379 bis.
2388 5297 2591 5379 Regius
2615 5309 2765 5349 num.
2797 5294 2956 5361 1659,
2979 5295 3069 5348 sed
3093 5300 3142 5348 et
3167 5293 3305 5349 in.eo
3331 5294 3468 5362 loco,
3495 5307 3607 5365 etc,

2042 5365 2640 5425 Editimnittuut'loco.
2713 5401 2725 5411 .

2113 5436 2224 5505 (65)
2250 5438 2412 5501 Editi,
2434 5438 2489 5490 in
2515 5434 2714 5505 ﬁne,id
2733 5443 2830 5500 est,
2860 5444 2919 5490 ut
2948 5451 3085 5490 nunc
3102 5446 3177 5488 est
3205 5437 3453 5505 positum,
3481 5453 3610 5493 conv

2012 5504 2221 5580 tinent.
2265 5508 2598 5580 Deinde_rns.
2637 5504 2838 5577 Regius
2874 5521 3023 5560 ntun.
3072 5504 3230 5571 1659⁷,
3271 5508 3341 5562 ad
3389 5507 3611 5580 capituli

2037 5578 2202 5641 ipsius
2223 5576 2665 5644 explanationem.

2105 5644 2218 5712 (64)
2246 5646 2410 5709 Editi,
2451 5646 2763 5702 innotescat.

2108 5716 2224 5787 (65)
2267 5716 2432 5784 Editi,
2462 5726 2515 5772 ut
2535 5716 2916 5790 prccdicatione
2945 5718 3177 5791 quidem.
3211 5729 3319 5774 etc.

3203 5849 3265 5922 Η
