4048 6202
426 338 568 395 19.9!

1668 348 1828 408 ORlG
1837 348 1990 404 ENl‘S
2028 348 2452 409 FRAGMENTA

3541 367 3664 426 129'!

410 465 572 532 quod
597 463 663 517 ad
693 476 880 518 omnes
907 462 1294 534 pcrtineatista
1321 467 1604 539 utriusque
1632 471 1850 540 generis
1871 487 2000 526 con-
2033 477 2075 531 Α
2109 481 2213 526 test
2253 482 2308 527 et
2355 473 2408 526 in
2462 473 2565 529 hoc
2620 472 2738 530 loco
2783 474 2984 531 dictum
3035 477 3208 534 videri
3271 495 3664 539 sacramentum
3703 535 3706 540 .

401 557 698 622 *lirmatio;
731 558 825 610 sed
859 559 925 610 ad
954 571 1142 610 omnes
1176 559 1394 627 quidem
1435 563 1674 630 pertinet
1717 565 2004 620 credentes

397 651 693 703 ~‘duntasat
731 649 1084 718 Evnngelinm
1124 651 1295 716 Pauli,
1331 662 1386 706 et
1417 656 1726 724 praedicatio
1755 657 1955 713 Christi
1983 676 1998 714 :

419 737 686 794 revelatio
718 756 845 795 vero
875 744 1200 797 sacramenti
1234 746 1566 814 temporibus
1595 750 1915 804 szcculurum
1946 753 1998 806 in

428 832 645 888 silentio
670 833 866 899 habiti,
898 850 1003 888 non
1030 836 1094 888 ad
1127 838 1460 906 plures,.sed
1484 841 1549 892 ad
1582 857 1780 910 paucos
1800 854 1852 896 et
1891 844 2002 898 ele-

427 935 544 979 ctos
570 925 661 994 qui
695 941 924 994 capaces
963 941 1087 981 esse
1116 929 1327 996 possint
1359 931 1640 998 sapientia:
1669 944 1722 986 et
1757 934 2001 989 scientiae

427 1019 543 1082 Dei,
576 1017 643 1072 de
669 1017 867 1084 quibus
907 1019 1111 1074 dicitur
1131 1021 1172 1052 ¹⁹
1205 1040 1217 1075 :
1252 1020 1410 1074 Multi
1437 1023 1605 1093 688
1630 1027 1818 1089 vocati,
1840 1027 2000 1095 pauci

422 1125 544 1162 vero
568 1107 742 1163 electi.
779 1109 884 1164 Sed
911 1120 964 1162 et
997 1110 1063 1164 de
1093 1125 1157 1166 eo
1187 1113 1332 1181 quod
1367 1113 1462 1176 ait,
1490 1117 1807 1168 sacramenti
1841 1117 1897 1170 in
1926 1118 2001 1170 si-

422 1201 584 1254 lentio
609 1201 799 1266 habili,
833 1204 1216 1271 requirendum
1267 1213 1349 1258 est
1375 1216 1554 1260 utrum
1586 1208 1656 1260 ita
1689 1207 1800 1279 (66)
1833 1209 1885 1263 id
1914 1212 1998 1266 di-

421 1302 510 1344 cat
541 1294 594 1346 in
625 1293 843 1348 silentio
877 1295 1121 1348 habitum
1149 1336 1163 1358 ,
1202 1297 1502 1351 utomniuo
1545 1298 1725 1353 nullus
1757 1316 1995 1370 agnove-

418 1383 514 1447 rit,
550 1399 616 1437 ne
643 1385 741 1452 ipsi
773 1385 990 1455 quidem
1030 1387 1119 1454 qui
1146 1387 1545 1441 annnntiabant
1567 1391 1846 1458 propheta:
1881 1410 1893 1448 :
1925 1408 1992 1448 an

420 1473 583 1529 altior
629 1475 808 1545 aliqua
847 1475 1046 1530 silentii
1104 1476 1451 1545 intelligenda
1496 1490 1582 1534 est
1644 1482 1802 1536 ratio.
1861 1483 1992 1539 Mihi

421 1569 638 1634 quidem
678 1570 837 1624 valde
878 1570 1168 1624 absurdum
1230 1573 1445 1625 videtur
1476 1581 1534 1626 ut
1584 1576 1830 1632 dicamus
1871 1592 1998 1646 pro-

421 1660 613 1728 phetas
653 1661 724 1713 ita
752 1661 1040 1731 scripsisse
1064 1663 1130 1714 de
1157 1666 1518 1720 sacramentis
1550 1666 1750 1723 divinis
1772 1669 1906 1741 (67),
1939 1678 1997 1726 ut

419 1765 526 1804 non
565 1752 930 1806 intellexerint
961 1769 1025 1805 ca
1062 1753 1178 1820 ipsa
1219 1769 1336 1822 qua:
1365 1757 1637 1824 dicebant,
1675 1775 1796 1813 eum
1841 1761 1993 1814 Scri-

2109 563 2438 632 temporibus
2470 565 2788 620 saeculorum
2852 567 2908 622 in
2964 570 3182 624 silentio
3231 571 3500 639 habitum,
3537 578 3666 644 quod

2107 655 2332 710 scierint
2363 656 2579 725 quidem
2606 659 2885 726 propheta:
2910 657 2996 726 (ex
3035 661 3337 730 Scripturis
3358 666 3506 720 enim
3551 682 3666 734 pro-

2107 746 2336 814 pheticis
2378 743 2954 818 ma'nilestatur[7l]),
3003 752 3097 804 sed
3149 753 3481 819 hominibus,
3511 757 3564 810 id
3593 769 3666 813 est

2104 837 2262 906 vulgo
2307 855 2411 892 non
2467 838 2939 894 mani-lestaverint
2988 856 3089 896 nec
3139 843 3520 915 patefecerint,
3583 852 3664 904 sed

2105 925 2320 982 silentio
2351 927 2907 984 texerintserundum
2949 942 3276 1001 praeceptum
3314 938 3504 989 aaterni
3561 938 3664 1006 Dei,

2107 1033 2385 1088 usquequo
2417 1029 2626 1088 tempus
2647 1020 2866 1076 adesset
2888 1032 2948 1076 ut
2972 1023 3209 1078 Verbum
3241 1042 3372 1080 curo
3403 1027 3584 1092 ﬁeret,
3617 1041 3666 1084 et

2103 1110 2373 1165 habitaret
2427 1110 2480 1165 in
2530 1113 2765 1177 nobis",
2805 1123 2860 1168 et
2911 1115 3357 1172 manilestaretur
3407 1120 3659 1176 or-inihus

2101 1201 2352 1271 gentibus
2383 1201 2449 1256 ad
2488 1203 2855 1258 obedientiam
2906 1206 3051 1262 fidei.
3102 1206 3254 1273 Quod
3281 1224 3410 1264 vero
3443 1211 3543 1274 ait,
3573 1213 3663 1266 solt

2098 1293 2324 1360 sapienti
2358 1292 2490 1356 Deo,
2541 1295 2840 1362 sapientem
2897 1296 3068 1352 Deum
3123 1314 3228 1352 non
3287 1303 3362 1354 ita
3412 1302 3665 1372 accipias,

2098 1384 2250 1452 quasi
2300 1399 2458 1452 quem
2510 1386 2776 1454 sapientia
2835 1386 3026 1442 fecerit
3074 1391 3402 1460 sapientem,
3432 1402 3490 1446 ut
3525 1394 3663 1450 inter

2099 1475 2348 1531 homines
2374 1478 2624 1532 habetur.
2655 1478 2885 1546 Sapiens
2901 1480 3045 1534 enim
3078 1480 3223 1536 inter
3249 1482 3499 1539 homines
3531 1486 3658 1540 dici-

2101 1575 2187 1619 tur
2213 1567 2583 1635 unusquisque
2612 1582 2678 1621 ex
2711 1567 3127 1636 participatione
3180 1571 3493 1640 sapientiae;
3531 1573 3662 1627 Deus

2100 1673 2229 1712 vero
2264 1672 2368 1712 non
2396 1657 2554 1728 quasi
2589 1658 2678 1726 qui
2726 1672 2795 1712 ex
2819 1661 3084 1728 sapientia
3113 1661 3337 1730 sapiens
3367 1663 3546 1718 lactus
3574 1666 3658 1730 sit,

2098 1752 2193 1806 sed
2233 1751 2386 1820 quasi
2418 1751 2509 1820 qui
2537 1749 2654 1818 ipse
2687 1761 2880 1804 auctor
2911 1755 2984 1806 sit
3015 1762 3070 1807 et
3100 1738 3328 1822 ‘genitor
3351 1757 3652 1825 sapientiae,

417 1851 575 1909 plura
615 1843 760 1896 dicat
784 1859 796 1894 :
825 1843 1048 1909 Sapiens
1072 1846 1308 1914 intelligit
1340 1864 1457 1914 quae
1477 1852 1541 1904 de
1561 1868 1648 1905 ore
1673 1853 1786 1922 ejus
1804 1871 1985 1922 proce-

2098 1844 2327 1914 Sapiens
2379 1843 2700 1914 appellatur.
2747 1843 2862 1898 Non
2911 1847 3076 1911 euitn,
3106 1857 3162 1900 ut
3201 1848 3460 1912 diximus,
3487 1863 3556 1901 ex
3583 1864 3658 1902 sa-

416 1936 569 1999 dunt,
609 1945 657 1989 et
717 1938 771 1988 in
809 1936 984 1990 labiis
1033 1949 1209 2005 portat
1255 1943 1575 1997 intellectum
1599 1945 1665 1998 ”.
1727 1945 1783 1999 Si
1849 1961 1984 2017 ergo

417 2027 695 2094 propheta:
720 2041 824 2082 non
849 2028 1236 2084 intellexerunt
1260 2049 1381 2100 qua)
1404 2035 1470 2088 de
1493 2050 1588 2089 ore
1615 2037 1838 2105 proprio
1863 2052 1989 2106 pro-

418 2115 684 2184 ferebant,
727 2135 833 2173 non
876 2129 1034 2174 erant
1085 2124 1378 2190 sapientes.
1429 2125 1625 2179 Verum
1671 2126 1714 2180 si
1763 2127 1984 2182 stultqu

413 2220 500 2263 est
557 2212 1168 2280 prophetas-confiteri,
1201 2225 1254 2268 et
1316 2232 1516 2286 negare
1562 2233 1656 2272 eos
1715 2219 1987 2288 sapientes

413 2301 603 2367 fuisse,
626 2311 863 2358 restatu't
884 2305 1154 2372 sapientes
1178 2305 1395 2373 iuerint,
1419 2318 1472 2363 ct
1491 2311 1850 2366 intellexerint
1871 2311 1984 2382 (68)

411 2409 533 2461 qua:
575 2410 638 2448 es
681 2410 778 2449 ore
828 2397 1049 2465 proprio
1081 2397 1465 2466 proferebant,
1495 2411 1547 2454 et
1579 2401 1870 2456 habuerint
1909 2403 1986 2456 iu-

415 2487 687 2542 tellectum
727 2490 778 2543 in
824 2490 982 2546 labiis
1035 2492 1168 2546 suis.
1215 2491 1346 2561 Qua:
1385 2508 1517 2562 ergo
1567 2492 1766 2548 silentii
1801 2495 1979 2549 ratio?

412 2576 705 2636 Videamus
743 2595 812 2637 ue
842 2581 928 2636 illa
967 2583 1038 2638 sit
1078 2599 1237 2653 gnam
1269 2594 1324 2638 et
1352 2585 1465 2653 ipse
1495 2585 1694 2640 Paulus
1721 2586 1826 2641 sibi
1866 2597 1978 2640 tra-

411 2671 578 2724 ditam
611 2688 721 2742 pro
757 2681 1226 2728 sacramentorum
1272 2676 1675 2744 dispensatione
1709 2675 1822 2749 (69)
1867 2692 1985 2746 per-

410 2764 619 2829 docuit,
666 2763 758 2817 ubi
795 2764 928 2818 dicit
963 2763 1254 2820 abductum
1284 2782 1344 2822 se
1372 2783 1492 2822 esse
1532 2768 1585 2822 in
1622 2769 1839 2823 tertium
1866 2784 1982 2824 cu:-

411 2855 545 2920 lum,
588 2866 643 2910 et
674 2855 798 2909 inde
839 2855 1266 2926 inpara‘disum,
1295 2867 1348 2912 et
1369 2860 1587 2914 audisse
1623 2876 1726 2915 non
1759 2861 1975 2915 edicen-

409 2947 474 3001 da
522 2945 707 3010 verba,
743 2962 865 3016 quae
915 2935 1020 3002 non
1068 2949 1193 3004 licet
1244 2951 1446 3004 homini
1497 2951 1724 3022 loqui“.
1776 2953 1831 3007 ln
1874 2967 1980 3022 quo

411 3037 596 3106 utique
625 3039 862 3092 ostendit
896 3057 1002 3116 non
1049 3041 1192 3110 quod
1241 3042 1354 3110 ipse
1387 3042 1598 3112 ignoret
1621 3044 1768 3112 quod
1825 3044 1977 3097 audi-

2092 1937 2298 2007 pientia
2330 1935 2547 2005 sapiens
2569 1935 2732 2001 Deus,
2763 1935 2857 1989 sed
2897 1951 2962 1990 ex
2993 1938 3238 2007 sapiente
3264 1938 3373 1992 Deo
3397 1940 3658 2007 sapientia

2091 2029 2353 2100 procedit.
2407 2026 2602 2082 Merito
2638 2042 2768 2098 ergo
2812 2027 3046 2081 dicitur:
3085 2027 3201 2082 ‘Soli
3251 2029 3370 2099 (Β)
3427 2032 3661 2098 sapienti

2089 2120 2221 2174 Deo.
2253 2119 2414 2174 Solus
2447 2128 2529 2173 est
2569 2119 2714 2174 enim
2765 2120 2839 2173 ita
2885 2117 3102 2188 sapiens
3153 2120 3310 2185 Deus,
3343 2132 3400 2176 ut
3435 2123 3663 2192 sapien-

2092 2213 2218 2265 tiam
2249 2211 2362 2280 ipse
2394 2210 2562 2279 magis
2593 2208 2839 2278 genuerit
2863 2209 2930 2274 ’³,
2971 2223 3134 2279 quam
3175 2223 3239 2263 ex
3270 2209 3540 2277 sapientia
3575 2226 3664 2264 sa-

2088 2303 2242 2374 piens
2289 2302 2470 2357 factus
2523 2303 2618 2357 sit.
2678 2301 2744 2357 Et
2786 2310 2932 2356 recte
2981 2301 3030 2354 ei
3075 2299 3298 2354 claritas
3345 2316 3438 2367 per
3471 2299 3654 2354 Iesum

2087 2395 2357 2450 Christum
2386 2394 2642 2460 refertur,
2666 2394 2794 2463 quia
2845 2391 2920 2446 ita
2959 2391 3260 2460 sapientem
3312 2406 3432 2445 esse
3484 2392 3656 2446 solum

2089 2489 2279 2555 Deum,
2307 2498 2363 2542 ut
2395 2488 2509 2558 ipse
2535 2487 2859 2557 sapientiam
2889 2484 3138 2555 genuerit
3159 2483 3208 2514 "
3231 2483 3368 2554 (73),
3402 2483 3653 2538 Christus

2083 2581 2261 2647 Jesus,
2294 2581 2385 2650 qui
2423 2589 2505 2636 est
2540 2579 2632 2636 Dei
2664 2579 2834 2635 virtus
2875 2585 2931 2632 et
2966 2576 3058 2630 Dei
3094 2576 3364 2645 sapientia
3383 2577 3454 2642 ³⁸,
3478 2577 3661 2632 decis.

2086 2673 2246 2727 ravit.
2277 2671 2346 2727 In
2376 2673 2571 2728 sa'cula
2618 2687 2751 2728 vero
2798 2673 3119 2726 saeculorum
3161 2669 3307 2740 quod
3348 2669 3444 2736 ait,
3488 2671 3656 2723 moris

2083 2775 2168 2822 est
2199 2766 2501 2836 Scriptura:
2550 2765 2747 2820 divinas
2778 2764 3202 2819 immensitatem
3238 2778 3339 2832 per
3383 2763 3483 2816 hoc
3524 2772 3656 2816 tem-

2081 2872 2275 2928 porum
2305 2856 2614 2926 designare.
2643 2856 2807 2910 Amen
2862 2866 3040 2910 autem
3065 2855 3222 2924 quasi
3257 2853 3325 2906 ad
3362 2852 3654 2906 conﬁrma-

2084 2953 2287 3006 tionem
2321 2950 2562 3006 omnium
2593 2963 2712 3018 qute
2738 2949 2990 3020 superius
3021 2949 3222 3016 scripta
3274 2956 3426 3012 sunt,
3464 2945 3526 2998 in
3555 2944 3660 2998 line

2081 3045 2285 3115 posuit,
2337 3059 2434 3114 per
2486 3042 2630 3112 quod
2679 3043 2968 3098 vernaculo
3000 3041 3354 3097 Hebraeorum
3402 3050 3657 3093 sermone

409 3133 539 3197 erit,
575 3131 667 3186 sed
695 3135 839 3200 quod
873 3132 1138 3201 proferre,
1167 3145 1220 3187 et
1249 3133 1370 3188 aliis
1401 3134 1712 3189 hominibus
1740 3137 1977 3204 pandere
2007 3134 2052 3192 C
2087 3150 2209 3191 vera
2233 3146 2288 3192 et
2328 3135 2508 3190 fidelia
2533 3149 2653 3190 esse
2687 3151 2809 3206 qua:
2834 3144 2959 3191 sunt
2979 3135 3185 3203 scripta
3212 3133 3478 3204 signaret.

406 3236 527 3290 qna-
552 3222 655 3278 sibi
682 3233 807 3279 sunt
847 3224 1213 3281 iudicata‘non
1253 3225 1416 3280 liceat
1444 3227 1579 3296 (70.).
1609 3225 1682 3280 Ita
1711 3242 1841 3298 ergo
1876 3243 1977 3299 po-

411 3372 3633 3414 iam

1389 3549 1675 3640 'RUFI
1697 3551 1820 3642 NI
1898 3550 2512 3641 PRESBYTE
2535 3552 2649 3640 BI

1753 3743 1845 3798 AD
1881 3740 2281 3799 HERACLIUM

681 3903 1003 3966 Peroratio
1028 3903 1094 3964 in
1127 3901 1662 3980 Esp’lanatienem
1697 3898 1998 3980 Origenis
2037 3913 2232 3978 super
2267 3894 2622 3976 Epistolsm
2653 3895 2839 3960 Pauli
2869 3895 2951 3958 ad
2983 3895 3332 3959 Romanos.

465 4225 736 4282 Hactenus
780 4226 925 4282 nobis
955 4230 1010 4283 in
1049 4225 1344 4296 Epistulam
1369 4224 1479 4299 (74)
1504 4229 1572 4280 ad
1603 4226 1897 4292 Romanos,
1930 4240 2085 4296 prout
2121 4229 2411 4298 potuimus,
2455 4224 2800 4286 dictantibus,
2834 4223 3066 4292 plurimo
3107 4228 3158 4274 et
3184 4218 3372 4272 labore
3411 4228 3462 4274 et
3506 4231 3643 4274 tem-

390 4336 515 4390 pore
543 4319 860 4373 desudatam
893 4320 989 4375 sit.
1035 4319 1234 4374 Fateor
1253 4334 1499 4388 namque,
1528 4317 1752 4374 Iieracli
1778 4322 1942 4390 frater
1973 4321 2355 4386 amantissime,
2378 4320 2516 4389 quod
2539 4319 2660 4371 dum
2685 4317 2789 4369 tuis
2821 4312 3094 4368 desideriis
3119 4310 3433 4380 satisfacere
3454 4328 3635 4381 cupio.

389 4413 584 4466 oblitus
614 4427 729 4465 sum
766 4427 894 4478 pene
927 4410 1168 4464 mandati
1215 4426 1316 4480 quo
1351 4411 1657 4480 pra’cipitur
1681 4427 1700 4465 :
1733 4432 1752 4465 s
1778 4412 1928 4467 Onus
1971 4430 2134 4483 supra
2163 4414 2296 4468 vires
2329 4422 2449 4465 tuas
2477 4429 2539 4466 ne
2576 4408 2824 4464 levaveris
2849 4407 2930 4472 ";
2963 4424 2983 4458 ι
3011 4406 3243 4478 quamvis
3276 4407 3428 4460 nobis
3453 4423 3547 4461 nec
3579 4407 3636 4460 iss

388 4506 592 4562 ctrteris
622 4519 739 4574 qua:
774 4513 823 4558 te
855 4506 1146 4569 insistente,
1175 4505 1278 4558 imo
1307 4505 1484 4573 potius
1515 4521 1735 4573 pensum
1769 4506 1951 4560 diurni
1979 4507 2150 4575 operis
2176 4507 2430 4576 exigente,
2455 4505 2510 4557 in
2550 4501 2800 4556 Latinum
2823 4500 3088 4562 vertimus,
3113 4497 3341 4565 defuerit
3363 4499 3641 4568 plurimus

387 4597 561 4660 labor,
589 4595 714 4648 dum
745 4594 983 4663 supplere
1014 4595 1252 4664 cupimus
1283 4611 1342 4648 ea
1373 4611 1490 4664 qua:
1519 4595 1581 4647 ab
1613 4595 1839 4664 Origene
1871 4597 1924 4650 in
1962 4597 2228 4650 auditorio
2272 4595 2520 4649 Ecclesia,
2565 4611 2631 4648 ex
2656 4604 2899 4660 tempore,
2928 4607 3035 4645 non
3075 4601 3181 4643 tam
3211 4591 3652 4658 explanationis,

459 4690 502 4721 ¹⁹
535 4687 726 4740 Matth.
761 4702 896 4746 χχιι,
931 4684 1016 4738 ll.
1093 4685 1138 4716 ²⁰
1171 4683 1330 4738 Prov.
1363 4701 1473 4744 XVI.
1495 4683 1586 4745 25,
1661 4689 1704 4720 ἰ
1734 4687 1774 4742 ll
1803 4687 1930 4742 Cor.
1962 4702 1985 4740 ε

2085 4685 2204 4739 2-4.
2277 4687 2322 4716 ³⁸
2348 4683 2504 4739 Joan.
2534 4681 2690 4748 1,14.
2767 4681 2812 4712 ³³
2847 4678 3016 4734 Eccli.
3050 4693 3092 4740 ι,
3122 4676 3173 4732 ι.

387 4757 474 4812 10.
549 4756 643 4810 "'l
667 4755 791 4810 Cor.
821 4771 861 4819 l,
883 4755 974 4809 ‘24.
1051 4755 1096 4788 ’⁸
1123 4755 1288 4809 Eccli.
1325 4755 1514 4819 xm,2.

455 4845 570 4914 (66)
601 4845 705 4900 Ita.
737 4845 1180 4901 Prmtermittitur
1209 4846 1258 4898 in
1287 4845 1468 4900 editis.

455 4916 569 4983 (6?)
601 4915 770 4975 Editi,
804 4917 865 4967 de
887 4917 1206 4969 testamentis
1242 4916 1453 4968 divinis.

459 4979 571 5057 (68)
603 4985 939 5057 Msaliegius
969 5001 1136 5057 num.
1186 4983 1344 5057 1639.
1395 4993 1558 5057 restat
1609 4991 1666 5038 ut
1707 4983 1953 5057 quiaga-

3257 4676 3307 4709 “
3333 4675 3504 4732 Eccli.
3542 4694 3638 4744 xv,

1983 4848 2029 4904 ι)
2057 4857 2120 4895 es:
2153 4839 2443 4906 Scripturis
2492 4837 2698 4906 quidem
2728 4836 3043 4905 propheticis
3059 4837 3461 4905 manifestatur,
3487 4847 3640 4905 etc.,

2058 4921 2118 4964 ut
2151 4913 2203 4964 in
2240 4919 2408 4978 textu.
2443 4908 2580 4962 Editi
2617 4922 2773 4968 vero,
2802 4908 2943 4978 quod
2975 4918 3028 4978 ut
3057 4908 3257 4978 scirent,
3274 4908 3480 4978 quidem
3509 4925 3634 4972 per-

2055 4979 2200 5049 fecti,
2235 4996 2299 5033 ex
2342 4977 2633 5045 Scripturis
2705 4976 3024 5049 propheticis
3087 4976 3457 5049 manifestatur
3483 4992 3508 5030 :
3536 4980 3639 5030 sed

381 5045 1444 5130 pientes-fueruntfintellexerint.Deinde
1469 5056 1610 5130 idem
1639 5045 1740 5107 tns'.
1768 5061 1822 5105 et
1847 5051 1954 5130 lia-
2053 5045 2371 5130 hominibus,
2398 5049 2460 5130 id
2508 5045 2933 5130 estuvulganon
2985 5047 3476 5130 manisfestauerunt
3535 5064 3639 5101 nec

385 5118 582 5190 banus,
603 5118 748 5195 ’ρυω
779 5140 904 5196 ergo
929 5125 998 5178 sit
1039 5125 1232 5178 silentii
1262 5127 1399 5178 ratio
1432 5126 1725 5188 videamus,
1753 5138 1816 5176 ne
1855 5121 1952 5173 illa
2053 5120 2428 5196 patefeceram:
2457 5119 2547 5196 sed
2572 5118 3064 5196 silentio-tegerunt,
3085 5127 3191 5196 etc.

381 5199 471 5253 sit.
498 5208 602 5252 etc.

692 5281 823 5320 mss.
843 5265 1024 5340 nostri
1041 5279 1230 5318 omnes
1247 5275 1299 5317 et
1327 5263 1604 5318 Rabanus.
1627 5261 1770 5317 Editi
1796 5274 1948 5327 vero,

379 5335 472 5408 per
499 5335 946 5408 sacramentorum
971 5335 1430 5408 dispensationem.

454 5407 566 5477 (70)
599 5407 758 5472 Editi,
789 5423 891 5477 non
931 5407 1070 5474 quod
1098 5406 1303 5477 ignoret
1341 5407 1447 5477 ipse
1477 5404 1616 5473 quod
1641 5404 1796 5477 (mss.
1825 5401 1948 5477 qui-

381 5472 524 5536 dam,
552 5472 699 5546 quid)
740 5472 989 5540 audierit,
1019 5472 1280 5545 sedquod
1313 5472 1550 5544 proferre
1593 5472 1694 5527 non
1731 5472 1945 5536 licebat,

379 5556 426 5598 et
462 5546 602 5606 aliis,
639 5558 746 5597 etc.

456 5613 567 5683 (7i)
599 5613 687 5665 Sic
718 5612 968 5668 liabanus
997 5626 1050 5668 et
1076 5614 1169 5667 Ms.
1199 5613 1397 5682 Regius
1432 5629 1580 5683 num.
1617 5612 1773 5676 1659,
1815 5611 1938 5680 qui-

380 5682 483 5738 bus
503 5683 638 5736 satis
670 5685 977 5736 consentire
997 5685 1209 5736 videtur
1229 5687 1396 5736 codex
1418 5700 1518 5736 ms.
1543 5682 1709 5736 Vallis
1744 5683 1937 5736 Clarus.

379 5752 569 5808 Cmteri
599 5765 724 5806 vero
761 5765 914 5816 tnss.,
937 5755 1074 5821 quod
1108 5761 1164 5806 ut
1203 5754 1394 5806 scirent
1419 5754 1642 5824 .quidem
1681 5753 1938 5822 prophetat

2125 5183 2236 5259 (7⁷2)
2270 5189 2368 5242 Ms.
2391 5187 2589 5257 Regius
2607 5201 2755 5259 num.
2781 5183 2934 5259 $39,
2957 5184 3152 5259 Merito
3169 5193 3342 5259 autem
3360 5184 3477 5246 soli,
3505 5195 3631 5259 etc.

2053 5253 2246 5314 (izeteri
2284 5274 2410 5312 vero
2452 5253 2580 5312 mss.
2610 5267 2660 5310 et
2690 5257 2841 5321 editi,
2876 5253 3067 5310 Merito
3090 5272 3211 5326 ergo
3242 5254 3364 5322 soli,
3379 5266 3480 5309 etc.
3503 5255 3628 5308 Ra-

2055 5329 2245 5391 banus,
2283 5327 2473 5382 Merito
2502 5327 2623 5392 soli,
2653 5335 2763 5380 etc.

2127 5399 2237 5468 (75)
2270 5397 2434 5460 Editi,
2467 5398 2556 5466 qui
2607 5399 2682 5468 ita
2726 5397 3012 5464 sapientem
3061 5395 3409 5468 esse_solum_
3439 5392 3626 5468 Deum

2059 5464 2304 5526 ostendit.
2339 5477 2395 5520 ut
2433 5464 2540 5538 ipse
2568 5466 2882 5538 sapientiam
2913 5467 3150 5538 genuerit
3173 5465 3326 5538 Jesus
3349 5464 3621 5526 Christus,

2057 5541 2143 5606 qui
2175 5547 2248 5591 cst
2276 5538 2370 5591 Dei
2414 5535 2577 5591 virtus
2603 5548 2649 5589 et
2693 5535 2790 5589 Dei
2811 5537 3088 5604 sapientia.
3123 5536 3228 5590 Sed
3255 5549 3434 5589 omnes
3466 5548 3617 5586 mss.

2041 5618 2094 5662 et
2123 5609 2374 5661 [tabanus
2408 5617 2465 5661 ut
2493 5607 2546 5660 in
2579 5616 2763 5660 nostro
2804 5615 2974 5660 textu.

2114 5678 2225 5749 (74)
2263 5677 2466 5732 Omnes
2492 5691 2622 5733 mss.
2649 5677 2843 5742 nostri,
2875 5677 2932 5730 in
2958 5673 3219 5745 Epistola.
