4048 6202
497 352 630 406 1295

1756 339 2075 399 ORIGENIS
2110 338 2538 395 FRAGMENTA

3601 344 3739 398 ΗΕΒ

483 468 689 536 adjecit
712 467 936 520 dicens:
963 463 1050 517 sed
1071 479 1162 532 per
1181 463 1363 517 Jesum
1385 463 1673 517 Christum.
1697 464 1864 530 Quem
1891 464 2073 532 utique
2102 465 2146 520 Α
2177 459 2495 530 propensius
2531 465 2808 528 appetens.
2838 457 2896 513 Si
2931 466 3110 514 autem
3141 461 3264 529 quis
3295 458 3583 516 violentius
3616 463 3743 516 velit

488 563 614 632 quia
646 562 850 615 sciebat
887 557 1294 612 excellentioris
1339 573 1459 610 esse
1499 567 1739 622 natura),
1779 565 2064 626 propterea

494 669 553 705 se
584 650 724 704 dixit
755 665 858 702 non
898 657 1236 716 assumptum
1272 663 1393 700 esse
1427 662 1521 716 per
1553 647 1845 701 hominem.

487 764 576 817 Ea:
629 762 958 831 sequentibus
1009 761 1130 812 libri
1183 761 1348 828 ipsius
1397 762 1449 812 in
1496 756 1644 812 illum
1696 759 2060 831 versiculum:

568 853 586 885 ι
616 830 815 886 Notum
852 842 1025 884 autent
1069 831 1208 884 vobis
1249 831 1414 899 facio,
1462 831 1678 896 fratres,
1717 830 2062 897 Evangelium

559 905 700 971 quod
737 902 1020 971 prwdicavi
1056 901 1217 963 vobis,
1248 901 1496 971 quoniam
1525 915 1623 971 non
1663 911 1736 952 est
1771 900 2062 971 secundum

562 969 871 1026 hominem:
912 987 1076 1038 neque
1112 971 1249 1024 enim
1301 972 1365 1022 ab
1417 969 1624 1021 homine
1672 973 1846 1038 accepi
1890 969 2059 1034 illud,

560 1047 649 1098 sed
689 1059 779 1111 per
812 1041 1172 1095 reuelationem
1201 1040 1328 1094 Jesu
1361 1039 1561 1095 Christi
1584 1039 1649 1094 ’⁸.
1677 1057 1695 1091 ι

558 1156 794 1210 Adverte
843 1169 974 1223 ergo
1029 1152 1158 1223 quid
1211 1152 1432 1218 scribit,
1491 1153 1618 1221 quia
1671 1154 2063 1209 convenienter

485 1251 612 1316 quis
637 1257 690 1303 et
733 1248 847 1302 haec
875 1246 1173 1314 adjungeus
1206 1245 1478 1314 prioribus
1510 1244 1810 1313 intelligere
1840 1245 2058 1312 poterit,

485 1352 540 1395 et
577 1343 864 1394 ostendere
896 1340 978 1394 his
1020 1337 1110 1408 qui
1165 1347 1365 1407 negant
1393 1337 1647 1390 deitatem
1678 1335 1804 1392 Jesu
1835 1337 2057 1401 Christi,

485 1434 579 1487 sed
611 1432 882 1486 hominem
913 1446 1035 1485 eum
1065 1428 1236 1482 solum
1270 1428 1643 1498 pronuntiant,
1671 1428 1812 1497 quod
1841 1443 1947 1482 non
1975 1437 2059 1482 est

484 1526 670 1586 homo,
694 1522 788 1575 sed
815 1523 974 1587 Deus,
1011 1520 1102 1574 Dei
1130 1518 1293 1572 Filius
1317 1517 1472 1572 .lesus
1493 1519 1760 1573 Christus.
1797 1517 1888 1572 Sic
1913 1520 2056 1573 enim

482 1615 614 1668 dicit
645 1614 979 1682 Apostolus:
1027 1611 1167 1677 Quia
1225 1607 1569 1681 Eeattgelittm
1615 1612 1753 1681 quod
1798 1611 2059 1680 evangeli-

480 1709 596 1762 saei
635 1709 796 1771 vobis,
843 1723 946 1760 non
974 1715 1054 1760 est
1082 1705 1367 1759 secundum
1410 1705 1692 1770 hominem,
1729 1705 1820 1758 sed
1858 1720 2055 1759 secun-

482 1800 608 1852 dum
635 1797 818 1852 Jesum
847 1796 1145 1851 Christum.
1175 1795 1468 1848 Evidenler
1495 1810 1626 1864 ergo
1660 1795 1897 1850 ostendit
1926 1795 2052 1865 quia
2084 1803 2127 1858 Β

481 1889 735 1944 Christus
773 1887 928 1942 .lesus
977 1901 1082 1940 non
1133 1893 1215 1940 est
1262 1885 1422 1941 homo
1455 1904 1469 1940 :
1506 1887 1549 1941 si
1595 1896 1776 1940 autem
1821 1903 1928 1942 non
1969 1895 2054 1944 est

483 1983 666 2046 homo,
706 1981 820 2034 sine
852 1979 1014 2035 dubio
1044 1979 1185 2035 Deus
1217 1991 1336 2045 est;
1379 1979 1485 2034 imo
1512 1994 1617 2033 non
1643 1979 1788 2034 aliud
1817 1981 1922 2034 erit
1948 1981 2052 2036 nisi

483 2072 622 2126 Deus
647 2081 707 2126 et
754 2073 936 2126 homo.
985 2070 1052 2124 Et
1091 2071 1286 2125 iterum
1332 2071 1378 2124 si
1418 2085 1607 2124 verum
1637 2079 1720 2125 est
1751 2073 1894 2141 quod
1924 2073 2053 2128 dicit

480 2162 716 2229 Paulus,
768 2163 896 2233 quia
945 2180 1048 2217 non
1088 2163 1153 2216 ab
1193 2164 1403 2216 homine
1435 2163 1650 2231 accepit
1678 2162 2050 2233 Evangelium,

478 2257 570 2309 sed
610 2273 702 2324 per
743 2257 1114 2311 reuelationem
1139 2255 1269 2309 Jesu
1299 2254 1529 2320 Christi,
1559 2265 1766 2310 certum
1813 2266 1897 2312 est
1925 2258 2051 2327 quia

475 2347 637 2404 Jesus
665 2348 914 2404 Christus
940 2348 1032 2418 qui
1063 2347 1322 2402 revelavit
1343 2387 1359 2413 ,
1411 2347 1533 2417 plus
1560 2364 1722 2418 quam
1759 2350 1920 2404 homo
1947 2360 2047 2404 cst.

478 2439 727 2494 Alienum
762 2449 847 2496 est
890 2441 1034 2494 enim
1068 2440 1136 2494 ab
1176 2439 1394 2494 homine
1435 2439 1678 2494 revelare
1708 2455 1829 2510 qua:
1871 2442 1924 2495 iu
1958 2455 2052 2496 oe-
2096 2455 2104 2465 '

473 2532 626 2586 culto
644 2539 791 2596 sunt,
811 2541 868 2586 et
895 2531 1070 2586 velata
1102 2542 1230 2586 sunt
1259 2550 1272 2588 :
1308 2532 1452 2600 quod
1486 2531 1649 2585 etiam
1678 2532 1723 2586 si
1763 2533 2050 2602 aliquando

477 2639 573 2691 per
600 2625 870 2678 hominem
905 2623 1032 2689 fiat,
1057 2638 1165 2677 non
1196 2631 1373 2676 tamen
1399 2621 1467 2676 ab
1496 2623 1713 2680 homine
1739 2625 1834 2691 sit,
1864 2627 1956 2681 sed
1981 2626 2048 2681 ab

476 2731 541 2769 eo
571 2715 658 2784 qui
695 2714 752 2768 in
783 2714 999 2768 homine
1033 2713 1274 2782 loquitur
1297 2711 1568 2770 Christus.

1029 2826 1096 2880 Et
1127 2829 1187 2883 in
1225 2829 1330 2883 alio
1358 2828 1496 2885 loco.

543 2937 952 3008 Adjungendum
990 2945 1074 2992 est
1097 2939 1261 2991 etiam
1292 2936 1422 2991 illud
1455 2937 1538 2992 his
1563 2953 1685 3008 qua:
1714 2923 1874 3009 supra
1909 2940 2047 2995 dixi-

476 3047 626 3094 mus,
677 3030 933 3100 quoniam
979 3045 1178 3100 corpus
1204 3031 1407 3086 Christi
1444 3047 1548 3087 non
1591 3041 1707 3087 erat
1739 3034 1970 3088 alienqu
2014 3049 2043 3088 a

2170 551 2439 606 affirmare
2468 551 2589 606 ideo
2629 552 2742 606 haec
2768 552 2912 607 dicta
2941 566 3083 615 esse,
3115 553 3237 620 quia
3283 567 3378 620 per
3404 553 3742 620 phantasiam

2168 643 2534 699 manducabat
2557 684 2572 708 ,
2623 652 2676 696 et
2712 642 2786 696 illi
2826 644 3098 711 quomodo
3126 643 3179 696 id
3222 643 3375 697 fieret
3405 645 3744 708 nesciebant,

2169 733 2599 800 respondendum
2635 742 2719 787 est
2754 732 2820 786 ad
2852 749 2914 786 ea
2951 749 3018 788 ex
3059 736 3143 788 his
3183 751 3302 804 qua:
3334 736 3446 803 ipse
3483 735 3744 790 Dominus

2166 832 2298 885 dixit
2327 831 2372 863 ³⁸
2401 850 2412 885 :
2459 829 2611 883 Venit
2640 829 2876 886 Joannes
2909 832 3149 901 Baptista
3189 849 3350 900 neque
3387 834 3741 896 manducans,

2168 939 2327 994 neque
2360 925 2570 988 bibens,
2611 935 2658 979 et
2703 924 2886 977 dicunt
2924 941 2944 978 :
2989 923 3322 978 Dwmouium
3366 923 3541 976 habet.
3587 922 3739 976 Venit

2165 1014 2339 1069 Filius
2388 1015 2618 1070 hominis
2664 1017 2990 1068 manducans
3041 1025 3092 1068 et
3149 1016 3360 1080 bibens,
3409 1023 3461 1068 et
3511 1015 3738 1067 dicunt:

2163 1106 2299 1162 Ecce
2337 1108 2488 1162 homo
2537 1109 2814 1162 devorator
2859 1117 2906 1161 et
2951 1108 3132 1161 vinum
3179 1106 3383 1160 bibens.
3429 1105 3552 1175 lpso
3593 1107 3738 1159 enim

2164 1198 2444 1253 Salvatore
2480 1199 2693 1252 dicente
2725 1198 2850 1268 quia
2882 1199 3018 1251 venit
3047 1195 3225 1250 Filius
3251 1199 3479 1250 hominis
3509 1197 3742 1251 manat.

2162 1305 2286 1343 caus
2317 1300 2363 1342 et
2413 1290 2588 1342 bibens
2613 1329 2628 1353 ,
2675 1289 2945 1358 quomodo
2991 1303 3156 1342 ausus
3196 1297 3282 1342 est
3324 1288 3522 1357 aliquis
3556 1289 3742 1345 dicere

2163 1393 2335 1448 neque
2366 1379 2722 1432 manducasse
2745 1393 2888 1440 eum,
2922 1393 3095 1447 neque
3125 1378 3360 1432 bibisse?
3395 1380 3524 1444 Qua:
3550 1383 3741 1449 utique

2163 1469 2450 1525 manifesta
2487 1470 2836 1526 incredulitas
2877 1479 2962 1524 est
3003 1469 3258 1524 doctrina:
3292 1472 3430 1541 ejus.
3467 1471 3524 1526 Si
3553 1482 3736 1527 autem

2162 1561 2518 1615 manducabat
2539 1571 2595 1614 et
2618 1560 2855 1624 bibebat,
2874 1573 2929 1613 et
2949 1559 3249 1614 substantia
3278 1560 3388 1615 vini
3411 1572 3574 1631 atque
3597 1578 3738 1618 escas

2161 1654 2212 1708 in
2230 1669 2452 1708 carnem
2469 1653 2588 1723 ejus
2608 1651 2959 1718 efficiebatur,
2981 1654 3098 1708 sine
3117 1655 3278 1708 dubio
3301 1669 3398 1723 per
3414 1670 3603 1709 omnes
3617 1671 3736 1711 cor-

2155 1747 2315 1818 691
2349 1747 2493 1815 poris
2513 1747 2628 1817 ejus
2649 1760 2934 1816 compages
2953 1761 3017 1801 ac
3037 1747 3402 1802 membrorum
3426 1749 3734 1818 perplesio-

2158 1854 2254 1892 nes
2281 1838 2707 1891 diffundebatur.
2742 1837 3060 1906 Spiritalem
3087 1839 3231 1893 enim
3277 1849 3524 1894 naturam
3554 1842 3735 1910 (sicut

2156 1929 2373 1999 quidam
2420 1930 2489 1983 de
2537 1927 2656 1996 ejus
2699 1942 2927 1998 corpore
2975 1931 3238 1994 sentiunt,
3288 1932 3428 2001 quod
3481 1932 3735 2001 imperite

2154 2022 2290 2076 satis
2317 2031 2373 2077 et
2402 2022 2635 2077 absurde
2660 2021 2904 2094 faciunt)
2941 2021 3279 2091 impossibile
3313 2032 3392 2077 est
3425 2023 3532 2077 vini
3557 2034 3731 2092 atque

2151 2126 2293 2167 escae
2343 2113 2586 2182 recipere
2624 2113 3013 2168 substantiam.
3049 2112 3106 2168 Si
3149 2127 3276 2168 vero
3306 2114 3422 2182 quis
3459 2113 3725 2182 indignas

2149 2205 2526 2276 obscenasque
2560 2205 2630 2260 ad
2670 2207 2786 2260 haec
2821 2203 3069 2274 proferat
3104 2205 3506 2274 inquisitiones,
3537 2207 3730 2274 requi-

2152 2311 2279 2351 rens
2320 2295 2364 2350 si
2407 2296 2572 2350 etiam
2603 2295 2933 2365 digestiones
2969 2297 3020 2351 in
3050 2311 3280 2365 corpore
3312 2294 3547 2362 ﬁebant;
3593 2297 3730 2350 nihil

2151 2388 2444 2442 absurdum
2481 2387 2697 2443 videtur
2732 2388 2896 2444 fateri
2942 2389 3238 2444 secundum
3275 2389 3728 2456 consequentiam

2151 2490 2360 2534 natura:
2386 2495 2684 2550 corporeae.
2733 2480 2791 2536 Si
2840 2495 2970 2536 vero
3008 2481 3169 2535 etiam
3199 2479 3466 2544 exemplis
3499 2497 3528 2533 a
3567 2482 3730 2537 nubis

2152 2573 2254 2628 hoc
2280 2575 2503 2642 exigant
2531 2572 2811 2641 allirmari,
2855 2573 3255 2629 ostendendum
3282 2582 3370 2628 est
3413 2572 3541 2626 illos
3587 2577 3729 2626 satis

2150 2665 2265 2719 haec
2298 2664 2614 2734 insipienter
2665 2664 2966 2730 inquirere.
3025 2663 3129 2719 Ubi
3178 2663 3324 2718 enim
3371 2663 3480 2717 ista
3534 2667 3618 2717 vel
3661 2664 3727 2717 de

2150 2755 2428 2824 apostolis,
2467 2756 2551 2810 vel
2585 2756 2652 2811 de
2709 2757 2920 2812 caeteris
2965 2757 3174 2812 sanctis
3215 2754 3362 2810 facta
3402 2771 3523 2810 esse
3576 2756 3724 2809 refe-

2150 2861 2364 2928 runtur,
2422 2852 2507 2906 vel
2543 2852 2708 2906 etiam
2752 2853 2820 2908 de
2873 2853 3052 2922 impiis
3105 2862 3160 2906 et
3200 2851 3599 2922 peccatoribus.
3653 2865 3724 2904 ex

2145 2945 2444 2999 abundanti
2480 2946 2546 3000 de
2573 2959 2638 3000 eo
2671 2946 2993 3015 requiritur.
3041 2943 3147 3000 Sed
3187 2953 3242 2999 et
3285 2943 3728 2998 circumcisionis

2147 3039 2264 3108 ejus
2289 3037 2428 3092 ratio
2457 3037 2610 3093 nobis
2648 3038 2865 3106 quidem
2903 3052 3008 3092 non
3057 3035 3342 3107 generabit
3387 3034 3721 3105 angustiam,

474 3134 691 3177 terrena
741 3121 1041 3176 substantia
1087 3123 1384 3176 secundum
1430 3123 1532 3178 hoc
1583 3125 1727 3192 quod
1773 3125 1914 3180 filius
1963 3135 2042 3180 est
2071 3148 2114 3205 (ς
2148 3131 2452 3184 dicentibus
2503 3144 2624 3183 eum
2665 3138 3064 3197 Consequentcr
3114 3128 3348 3182 humano
3396 3141 3633 3195 corpore
3669 3135 3724 3179 et

473 3213 641 3268 David
666 3252 681 3276 ,
725 3221 776 3267 et
803 3212 942 3266 filius
974 3212 1247 3265 Abraham
1275 3253 1290 3278 ,
1337 3213 1476 3266 sicut
1505 3214 1695 3268 scribit
1722 3215 2000 3270 Matthaeus
2027 3235 2040 3271 :

468 3303 628 3357 Liber
655 3302 1006 3373 generationis
1027 3300 1156 3355 Iesu
1177 3301 1379 3356 Christi
1403 3303 1506 3371 ﬁlii
1532 3303 1722 3371 Dauid,
1747 3306 1848 3374 ﬁlii
1872 3307 2044 3361 Abra-

467 3395 591 3449 ham
612 3397 657 3428 "
694 3412 708 3449 :
741 3404 796 3448 et
827 3393 966 3448 sicut
997 3393 1194 3449 l‘aulus
1219 3395 1374 3460 dicit,
1402 3395 1675 3450 Christum
1705 3412 1826 3453 esse
1862 3414 1928 3453 ex
1956 3415 2044 3455 se-

469 3487 614 3542 mine
645 3487 920 3541 Abraham
964 3496 1019 3540 et
1053 3501 1117 3541 ex
1147 3487 1354 3541 semine
1387 3486 1554 3541 David
1589 3489 1884 3544 secundum
1921 3507 2041 3544 rar-

468 3577 679 3633 ncm”.
711 3576 863 3644 Quod
903 3591 1035 3648 ergo
1080 3578 1282 3632 dictum
1327 3588 1446 3644 est,
1495 3580 1622 3648 quia
1661 3583 2038 3635 consummatis

467 3671 819 3742 quadraginta
855 3669 1036 3724 diebus
1059 3669 1279 3739 jejunii,
1315 3681 1361 3724 et
1391 3671 1744 3741 quadraginta
1777 3675 2035 3740 noctibus,

465 3778 646 3836 postea
673 3767 859 3821 esuriit
885 3767 952 3833 “,
996 3767 1115 3820 sine
1147 3767 1308 3822 dubio
1337 3768 1440 3823 hoc
1473 3768 1710 3834 indicat,
1742 3771 1882 3838 quod
1914 3786 2038 3825 eva-

467 3861 616 3914 cuari
645 3867 696 3913 et
743 3858 940 3929 repleri
972 3859 1225 3914 similiter
1252 3868 1310 3913 ut
1351 3874 1581 3930 corpora
1616 3869 1802 3914 nostra
1839 3861 2035 3926 solent,

463 3951 630 4004 etiam
680 3949 823 4003 illius
863 3958 1068 4018 poterat
1107 3966 1326 4020 corpus.
1381 3951 1437 4005 Si
1481 3966 1607 4005 vero
1654 3953 1776 4019 quis
1817 3951 2036 4020 ohjiciat

463 4040 623 4094 nobis
663 4039 823 4109 hujus
853 4040 1099 4095 miraculi
1132 4043 1394 4097 rationem
1427 4042 1492 4095 de
1533 4044 1892 4114 quadraginta
1922 4046 2037 4099 die-

471 4149 586 4187 rum
607 4132 836 4202 jejunio,
864 4132 1022 4188 facile
1047 4133 1182 4189 solvi
1212 4145 1380 4203 potest
1408 4151 1529 4189 cum
1557 4138 1849 4194 adhibetur
1869 4141 2033 4195 etiam

466 4225 593 4280 illud
637 4226 940 4295 exemplum
981 4225 1046 4279 de
1085 4225 1266 4296 Moyse
1305 4237 1360 4280 et
1401 4227 1515 4281 Elia
1543 4228 1610 4294 ³²,
1653 4232 1743 4300 qui
1783 4232 2035 4288 similiter

461 4319 748 4388 pertulisse
787 4316 1049 4386 jejunium
1092 4317 1418 4372 referuntur.
1463 4320 1568 4375 Sed
1599 4331 1654 4374 et
1688 4321 1853 4388 illud,
1892 4327 2035 4394 quod

463 4410 674 4465 itineris
720 4418 775 4464 et
817 4419 982 4465 restas
1012 4409 1195 4464 labore
1222 4409 1480 4480 fatigatus
1513 4414 1708 4467 sedens
1737 4429 1900 4484 super
1932 4433 2032 4486 pu-

2145 3222 2520 3277 circumcisum
2539 3235 2681 3285 esse,
2713 3230 2768 3274 et
2795 3219 3119 3290 praeputium
3147 3217 3263 3285 ejus
3293 3228 3455 3271 terra:
3493 3216 3722 3269 manda-

2146 3323 2256 3367 tum
2297 3312 2540 3367 fortassis
2583 3326 2756 3376 usque
2796 3311 2862 3366 ad
2896 3320 3140 3380 tempus;
3188 3319 3280 3363 aut
3322 3308 3369 3364 si
3417 3309 3583 3362 aliter
3613 3316 3720 3371 est.

2148 3405 2200 3459 in
2254 3405 2356 3458 alia
2416 3403 2785 3475 disputatione
2828 3403 3164 3473 requiretur.
3215 3400 3342 3455 llaec
3372 3409 3555 3455 tamen
3605 3403 3723 3471 ejus

2144 3494 2484 3548 circumcisio
2518 3495 2650 3547 satis
2699 3493 3082 3562 COuDgtIslabil
3132 3507 3227 3546 eos
3259 3492 3350 3560 qui
3397 3506 3464 3546 ex
3501 3492 3725 3546 diverso

2139 3595 2286 3641 sunt.
2326 3585 2583 3654 Spiritale
2627 3586 2771 3638 euiut
2803 3599 3002 3652 corpus
3037 3584 3311 3654 quomodo
3341 3593 3561 3652 poterat
3615 3584 3724 3636 cir-

2139 3679 2378 3733 cumeidi
2405 3678 2549 3732 ferro
2589 3677 2842 3731 terreno?
2886 3676 3116 3746 Propter
3157 3677 3299 3746 quod
3325 3690 3436 3729 non
3475 3677 3722 3730 erubue—

2141 3780 2266 3824 runt
2313 3769 2534 3837 quidam
2578 3784 2642 3821 ex
2690 3767 2820 3836 ipsis
2861 3768 2928 3823 de
2961 3767 3227 3837 praeputio
3275 3766 3722 3820 circumcisionis

2135 3862 2250 3931 ejus
2277 3863 2440 3917 etiam
2468 3860 2636 3916 libros
2667 3861 2852 3926 elere,
2881 3862 3082 3931 quibus
3111 3861 3397 3914 ostendere
3445 3873 3722 3913 conaren-

2140 3965 2228 4010 tur
2269 3955 2412 4024 quod
2463 3955 2515 4008 iu
2561 3952 2923 4007 substantiam
2961 3952 3186 4007 cesserit
3222 3951 3552 4020 spiritalem.
3599 3949 3719 4003 Non

2137 4048 2316 4102 minus
2342 4054 2521 4100 autem
2547 4045 2980 4114 angustabunlut'
3015 4044 3181 4098 etiam
3213 4043 3292 4098 illi
3330 4043 3422 4113 qui
3471 4041 3717 4096 animaie

2137 4153 2336 4211 corpus
2365 4140 2551 4194 dicunt
2575 4153 2697 4195 esse
2724 4151 2924 4206 corpus
2954 4135 3183 4192 Christi.
3232 4134 3340 4190 Sed
3382 4145 3438 4189 et
3473 4135 3543 4188 de
3591 4150 3718 4189 sau-

2135 4235 2296 4304 guine
2350 4232 2468 4300 ejus
2523 4241 2577 4286 et
2625 4245 2763 4302 aqua
2819 4245 2940 4299 quae
2975 4229 3238 4298 processit
3277 4227 3344 4282 de
3391 4227 3568 4280 latere
3593 4225 3710 4293 ejus

2136 4326 2290 4380 hasta
2323 4331 2646 4394 compuncto
2678 4339 2706 4376 a
2739 4322 2908 4376 milite
2938 4319 3006 4385 ³³,
3039 4321 3225 4375 eadem
3251 4320 3533 4374 sentienda
3563 4323 3716 4369 sunt.

2137 4417 2243 4472 Sed
2297 4417 2386 4471 his
2431 4419 2524 4484 qui
2568 4416 2751 4470 sciunt
2803 4413 2931 4481 quid
2977 4412 3230 4466 audiatur
3266 4425 3364 4481 per
3404 4411 3508 4464 hoc
3565 4411 3710 4479 quod

455 4508 606 4553 tcum
653 4500 948 4569 requiescit
978 4509 1033 4554 et
1078 4499 1282 4566 sitit”,
1324 4501 1453 4569 quid
1494 4502 1639 4556 aliud
1689 4483 1890 4560 indicat
1925 4483 2028 4562 nisi
2060 4483 2106 4540 Ῐ)
2132 4507 2354 4571 dicitur,
2386 4483 2514 4576 quia
2559 4507 2744 4560 fixura:
2803 4503 3077 4558 clavorum
3119 4512 3277 4558 erant
3320 4503 3373 4557 in
3422 4502 3540 4572 ejus
3587 4518 3713 4557 cor-

461 4604 750 4644 nervorum
801 4589 1146 4660 fatigatione,
1193 4599 1252 4644 et
1285 4591 1417 4646 solis
1462 4593 1656 4648 ardore
1705 4595 1874 4651 nimio
1915 4599 2028 4653 ele-

459 4691 701 4735 mentum
735 4682 982 4751 corporei
1014 4683 1258 4737 humoris
1302 4683 1642 4754 absumptum
1666 4687 1690 4742 ?
1717 4688 1868 4754 Quod
1895 4706 2026 4746 vero

459 4773 514 4827 in
546 4773 864 4828 melioribus
890 4785 1188 4843 occupatus
1222 4776 1324 4832 hoc
1365 4777 1510 4847 quod
1551 4777 1737 4835 bibere
1780 4781 2026 4838 voluerat

459 4864 665 4920 distulit
700 4879 799 4918 nec
828 4864 986 4929 bibit,
1017 4880 1120 4918 non
1153 4879 1437 4936 preplerea
1468 4870 1750 4926 dicendum
1784 4883 1867 4928 est
1900 4875 2026 4942 quia

456 4972 634 5028 neque
665 4971 856 5027 passus
887 4966 971 5011 est
1001 4959 1167 5017 sitim.
1201 4961 1305 5017 Sed
1335 4972 1388 5016 et
1426 4962 1550 5018 illud
1583 4966 1724 5034 quod
1763 4964 2021 5036 frequen-

455 5058 541 5103 ter
583 5064 680 5120 per
709 5063 894 5104 caanas
936 5060 1196 5117 vocatur,
1245 5061 1303 5107 et
1350 5054 1404 5107 in
1441 5067 1741 5125 conspectu
1778 5061 2018 5114 omnium

453 5140 749 5194 manducet
782 5147 836 5194 et
869 5139 1032 5207 bibit,
1064 5157 1167 5196 nou
1197 5143 1468 5214 decipiens
1501 5145 1582 5200 vel
1613 5146 1802 5203 fallens
1833 5149 2019 5206 oculos

453 5233 753 5288 videntium
787 5231 952 5295 facit,
1000 5248 1176 5303 neque
1217 5237 1491 5304 putative,
1524 5248 1582 5291 ut
1623 5240 1840 5307 quidam
1872 5242 2022 5296 arbi-

455 5333 688 5390 trantur,
716 5324 831 5379 lucc
862 5324 1018 5396 gerit,
1052 5328 1286 5382 maxime
1327 5343 1446 5382 cum
1479 5329 1550 5382 ita
1577 5342 1813 5386 sumeret
1841 5333 2019 5390 cibum

453 5429 518 5468 ac
554 5427 775 5484 potum,
808 5425 866 5470 ut
907 5433 934 5470 a
972 5419 1291 5487 quihusdam
1331 5422 1493 5476 etiam
1535 5424 1691 5492 quasi
1739 5439 1837 5494 pro
1882 5442 2021 5495 prte-

451 5507 761 5572 sumptione
788 5509 952 5562 nimia
985 5511 1326 5579 culparetur,
1354 5513 1499 5568 velut
1529 5515 1705 5570 cibum
1739 5533 1801 5571 ac
1831 5528 2020 5578 potum

538 5665 786 5738 "ﬁcalat.
823 5682 856 5730 I,
893 5669 1091 5732 11,12.
1160 5676 1204 5706 ”
1233 5674 1420 5731 Mallll-
1455 5695 1495 5738 I.
1530 5680 1578 5732 1·

449 5736 556 5811 285
599 5737 661 5789 lll
695 5736 977 5811 Regulus,
996 5741 1048 5793 8.
1126 5743 1171 5773 ³³
1200 5743 1354 5797 Juan.
1386 5761 1458 5811 tv,
1486 5736 1544 5806 ’6.
1573 5749 1624 5802 7.

449 5806 494 5837 ⁸⁷
521 5806 678 5861 Joan.
702 5822 796 5874 tm,
819 5806 909 5872 ‘27;
937 5809 1124 5864 Matth.
1159 5829 1307 5881 xxvt,
1337 5806 1456 5869 58f
1502 5817 1544 5850 ³⁸
1577 5819 1745 5875 Marc.
1775 5835 1880 5887 xiv,
1916 5820 2003 5877 58.

1657 5678 1700 5711 ³ο
1727 5678 1904 5735 Galat.
1935 5677 2158 5742 "1,16;
2221 5677 2378 5730 Rom.
2406 5693 2445 5733 ι.
2497 5676 2550 5732 3.

1702 5749 1746 5780 “
1779 5749 1969 5802 Matth.
2004 5765 2077 5812 XI,
2109 5747 2194 5805 18.
2232 5749 2317 5800 19.

2085 5821 2128 5851 ³³
2158 5817 2324 5873 Marc.
2356 5833 2433 5883 tv,
2473 5818 2561 5874 58.

2129 4613 2259 4670 pore
2288 4598 2354 4661 ³⁸,
2403 4597 2691 4653 manifeste
2734 4597 3047 4651 declaratur
3085 4596 3209 4664 quia
3257 4610 3386 4651 caro
3431 4607 3552 4648 erat
3592 4607 3708 4649 ter-

2129 4705 2279 4752 rena,
2305 4690 2355 4743 id
2376 4699 2459 4743 cst
2492 4689 2741 4742 humanae
2777 4697 2987 4741 natura:
3019 4703 3033 4739 :
3063 4701 3184 4754 qua:
3211 4686 3397 4756 utique
3437 4701 3543 4738 non
3588 4696 3710 4740 erat

2136 4781 2278 4846 talis,
2335 4791 2395 4836 ut
2445 4781 2880 4851 recipiendorum
2945 4776 3231 4831 vulnerum
3302 4776 3708 4846 subterfugeret

2132 4874 2475 4942 qualitatem.
2497 4875 2658 4940 Quid,
2685 4874 2728 4928 si
2758 4888 2862 4928 non
2890 4871 3053 4928 etiam
3074 4869 3236 4925 multa
3266 4869 3515 4922 humana:
3551 4868 3706 4920 infir-

2131 4965 2408 5019 tnitatisiu
2447 4967 2562 5035 ipsa
2599 4977 2770 5020 morte
2793 4966 3078 5028 sensisset,
3110 4962 3290 5015 anima
3326 4958 3701 5029 perturbatur,

2122 5068 2180 5112 et
2217 5059 2387 5113 tristis
2423 5067 2508 5112 cst
2558 5072 2656 5127 pro
2693 5073 2756 5112 ea
2811 5071 2982 5127 usque
3027 5055 3096 5110 ad
3155 5063 3384 5109 mortem
3425 5052 3511 5104 "'t
3567 5049 3700 5116 Qua:

2123 5151 2305 5205 omnia
2338 5150 2622 5205 evidenter
2644 5148 3092 5217 ostenduntquod
3121 5161 3224 5201 nou
3245 5143 3399 5208 falso,
3427 5143 3520 5198 sed
3542 5142 3699 5212 quasi

2127 5242 2290 5296 homo
2318 5241 2517 5294 dixerit
2548 5253 2563 5292 :
2596 5237 2828 5307 Spiritus
2870 5237 3080 5308 quidem
3133 5245 3404 5304 promptus
3445 5243 3542 5292 cst.
3573 5245 3696 5282 caro

2127 5343 2298 5387 autem
2326 5332 2627 5402 inﬁrma".
2655 5332 2853 5385 Eadem
2886 5327 3241 5382 nihilominus
3272 5325 3511 5379 ostendit
3533 5323 3691 5375 ctiam

2129 5428 2301 5478 somni
2335 5428 2492 5487 ratio,
2530 5437 2654 5476 cum
2689 5421 2912 5486 dicitur,
2942 5420 3068 5489 quia
3113 5428 3224 5472 erat
3263 5417 3320 5468 in
3349 5414 3508 5484 puppi
3542 5426 3692 5478 super

2127 5517 2349 5572 cervical
2385 5517 2650 5570 dormiens
2703 5515 2778 5578 ",_
2821 5513 2960 5567 sicut
3008 5510 3222 5566 Marcus
3270 5506 3460 5572 refert,
3523 5513 3574 5560 et
3619 5503 3690 5554 ah

2629 5676 2670 5708 ³¹
2732 5675 2921 5730 Matth.
2971 5691 3048 5737 tv,
3088 5675 3143 5732 2.
3220 5674 3265 5706 ³⁸
3299 5671 3470 5726 Exod.
3504 5684 3691 5729 sane,

2431 5747 2474 5778 ³⁵
2509 5746 2664 5801 Joan.
2701 5763 2814 5814 XIX,
2845 5748 2932 5801 '54.
3011 5746 3056 5778 ³⁸
3104 5746 3261 5802 Joan.
3317 5759 3410 5808 xx,
3462 5744 3532 5796 25
3565 5756 3688 5808 seq.
