4048 6202
450 176 584 234 ηιη

1359 171 1426 226 ΙΝ
1461 169 1852 226 EPISTULA“.
1885 170 1906 226 Ι
1944 172 2036 227 AD
2067 171 2787 230 TllESSALONlCENSES.

3550 175 3690 231 19.98

446 290 667 346 homine
689 276 983 346 suscitatur
1005 304 1031 342 a
1061 302 1271 343 somno.
1305 288 1429 344 Haec
1451 290 1596 344 enim
1621 289 1746 345 licet
1776 290 2014 346 habeant
2039 297 2087 355 Α
2117 300 2296 347 tamen
2344 302 2553 347 certum
2598 300 2682 346 est
2728 289 2891 346 etiam
2937 301 3063 344 tunc
3112 300 3260 362 gesta
3292 303 3411 346 esse
3440 306 3560 360 qua:
3595 309 3691 361 per

432 382 736 450 spiritalem
767 381 1119 445 intellectum,
1149 389 1325 436 tamen
1363 389 1618 436 manente
1646 381 1800 450 prius
1832 380 2012 436 bisto-

442 477 534 528 ri:e
566 474 816 537 veritate,
847 473 1012 526 etiam
1045 472 1304 542 spiritalis
1325 473 1667 544 recipiendus
1686 483 1770 529 est
1796 489 2014 530 sensus.

441 570 590 623 Licet
618 568 762 621 enim
794 583 968 622 ent-cos
1001 583 1218 638 semper
1265 575 1423 623 curet
1461 570 1754 624 secundum
1791 571 2015 639 spirita-

443 661 545 713 lem
579 659 1017 730 intelligentiam,
1061 675 1181 714 cum
1215 659 1520 729 ignorantia
1550 669 1848 714 excarcatas
1889 661 2016 714 illu-

443 753 615 805 minat
649 760 896 816 mentes;
938 760 1114 805 tamen
1162 759 1217 805 et
1249 750 1612 821 corporaliter
1641 761 1768 806 tunc
1809 767 2014 807 caecum

442 843 677 896 sanavit.
721 841 783 895 Et
828 853 1072 898 mortuos
1123 857 1340 912 semper
1368 842 1628 906 suscitat;
1675 841 1799 897 fecit
1839 851 2017 897 tamen

443 945 496 989 et
527 946 654 989 tunc
680 934 1050 1004 hujuscemodi
1077 933 1368 1001 mirabilia,
1400 934 1543 989 sicut
1570 934 1734 989 tiliam
1759 936 2019 1005 principis

445 1029 758 1097 Synagogm,
805 1037 860 1084 et
913 1027 1081 1082 lilium
1137 1028 1308 1082 viduae
1343 1067 1360 1093 ,
1423 1036 1476 1084 et
1529 1027 1795 1083 Lazarum
1841 1029 2017 1083 susci-

445 1123 605 1174 tando
634 1120 698 1172 ‘°.
738 1121 801 1174 Et
827 1121 1076 1189 quamvis
1103 1135 1321 1190 semper
1343 1135 1466 1176 cum
1495 1121 1770 1176 excitatur
1797 1136 1824 1175 a
1853 1121 2018 1176 disci-

442 1211 583 1276 pulis
615 1222 926 1282 compescat
960 1212 1220 1269 Ecclesia:
1265 1212 1530 1278 turbines,
1577 1213 1661 1267 vel
1725 1212 2016 1284 procellas,

1467 1345 1872 1358 ἡ

2111 383 2394 438 historiam
2430 381 2759 446 referuntur.
2819 378 2913 436 Sic
2951 395 3081 451 ergo
3126 396 3318 435 sanum
3358 388 3442 435 est
3472 395 3694 435 sensum

2113 477 2410 545 Scriptura:
2444 477 2703 546 recipere,
2759 490 2859 531 nec
2908 484 3125 546 oportet
3181 473 3447 529 inclinare
3503 490 3690 530 aurem

2113 571 2200 625 his
2228 571 2320 642 qui
2357 571 2543 625 dicunt
2575 585 2670 640 per
2710 569 2954 636 Mariam,
3003 577 3056 622 et
3092 583 3197 622 non
3249 583 3316 621 ex
3373 566 3542 621 Maria
3567 583 3691 620 eum

2114 669 2340 727 natum;
2395 661 2535 730 quod
2578 659 2870 730 Apostolus
2926 659 3220 728 przesciens
3273 659 3346 714 ita
3393 657 3691 727 prmdixit:

2121 749 2251 806 Cum
2301 761 2475 806 autent
2512 753 2642 805 venit
2682 751 2954 819 plenitudo
3004 759 3320 818 temporum,
3373 750 3510 802 misit
3555 746 3696 802 Deus

2128 841 2327 896 Filium
2372 859 2525 896 suum
2564 841 2762 909 factum
2804 858 2868 919 ea;
2901 840 3136 908 muliere,
3186 840 3386 910 factum
3411 841 3516 893 .sub
3554 839 3687 908 lege,

2123 948 2180 991 ut
2220 951 2308 990 eos
2354 935 2442 1005 qui
2467 935 2562 987 sub
2594 933 2706 1004 lege
2746 943 2899 988 erant
2941 935 3221 988 redimeret
3268 933 3335 987 “.
3374 933 3536 988 Vides
3569 933 3694 1001 quia

2125 1041 2231 1081 non
2263 1027 2420 1091 dixit,
2475 1025 2673 1080 factum
2723 1040 2820 1095 per
2863 1025 3169 1090 mulierem,
3229 1025 3342 1093 sed,
3381 1026 3582 1094 factum
3625 1038 3690 1076 es

2123 1119 2354 1172 muliere.

843 1488 954 1548 EX
995 1486 1235 1548 LIBRO
1266 1485 1566 1548 TERTIO
1598 1485 1789 1548 ORIG
1807 1486 1978 1547 ENIS
2013 1485 2089 1546 IN
2117 1484 2580 1546 EPISTOLAM
2608 1484 2717 1544 AD
2739 1483 3121 1544 EPHESIOS
3148 1484 3293 1563 (88).

443 1650 496 1708 In
529 1653 690 1708 illud:
729 1650 834 1719 Qui
861 1666 1077 1707 uxorem
1099 1667 1251 1706 suam
1291 1650 1488 1722 diligit,
1522 1653 1754 1722 seipsum
1775 1647 2159 1722 diligit.Nemo
2181 1651 2318 1722 enim
2344 1665 2574 1722 unquam
2592 1663 2746 1704 suam
2782 1663 2998 1702 carnem
3012 1647 3144 1712 odit,
3175 1647 3266 1702 sed
3288 1649 3453 1702 nutrit
3479 1659 3524 1702 et
3561 1647 3696 1717 foret

1540 1718 1679 1788 eam,
1703 1721 1834 1776 sicut
1867 1718 1912 1775 et
1932 1718 2172 1775 Christus
2192 1719 2480 1773 Ecclesiam
2505 1718 2568 1771 “.

513 2035 764 2091 Dicamus
795 2036 940 2104 quod
969 2034 1117 2090 illam
1148 2049 1367 2091 carnem
1404 2049 1525 2106 quas
1553 2035 1733 2092 visura
1768 2037 1838 2092 sit
1863 2037 2022 2092 Saln-
2059 2046 2098 2100 Β
2127 2041 2498 2111 corruptivum
2526 2039 2628 2094 hoc
2662 2037 2852 2093 induat
2881 2036 3339 2106 incorruptionem
3382 2037 3449 2103 “,
3492 2045 3546 2091 et
3587 2035 3702 2090 ala-

429 2139 562 2182 'tare
602 2129 719 2192 Dei,
756 2129 936 2182 anima
967 2127 1153 2199 diligat
1193 2138 1248 2182 et
1298 2130 1522 2193 nutriat,
1573 2139 1629 2184 et
1685 2131 1864 2186 foveat
1896 2146 2015 2184 eam

443 2218 744 2287 disciplinis
771 2219 1046 2281 erudiens,
1087 2230 1144 2272 et
1175 2219 1382 2274 ctelesti
1430 2219 1686 2289 saginans
1730 2236 1910 2290 pane,
1962 2230 2020 2275 et

442 2310 644 2364 Christi
681 2310 945 2379 sanguine
973 2311 1224 2380 irrigans,
1251 2318 1309 2364 ut
1339 2310 1540 2365 refecta
1565 2318 1618 2365 et
1645 2311 1812 2365 nitida
1848 2313 2018 2380 possit

444 2401 612 2456 libero
637 2415 798 2454 cursu
833 2400 1005 2454 virum
1049 2400 1226 2470 sequi,
1256 2411 1312 2458 et
1356 2402 1506 2458 nullo
1537 2402 1836 2459 debilitatis
1884 2421 2019 2475 pon-

444 2492 570 2546 dere
601 2492 945 2561 prmgravari.
1003 2491 1232 2547 Pulchre
1281 2495 1443 2548 etiam
1497 2493 1550 2547 in
1603 2494 2016 2549 similitudinem

441 2581 643 2635 (Ihristi
669 2582 962 2635 nutrientis
987 2592 1037 2635 et
1080 2580 1316 2637 foventis
1350 2581 1678 2648 Ecelesiam,
1702 2593 1757 2638 et
1787 2583 2016 2639 dicentis

440 2673 504 2725 ad
529 2671 836 2728 Jerusalem
879 2692 893 2728 :
926 2675 1142 2740 Quoties
1168 2675 1310 2730 volui
1340 2692 1658 2746 congregare
1693 2676 1831 2744 ﬁlios
1859 2688 1973 2730 tuos
1998 2717 2015 2742 ,

443 2772 496 2812 ut
540 2761 740 2829 gallina
772 2774 1052 2834 congregat
1087 2765 1260 2834 pullos
1299 2783 1421 2820 suos
1465 2767 1556 2820 sub
1599 2767 1715 2821 alas
1764 2783 1889 2821 suas
1915 2807 1929 2830 ,
1967 2778 2014 2820 et

442 2853 658 2906 uoluisti
688 2853 773 2907 ⁸³2
809 2858 1002 2910 anima:
1031 2872 1246 2927 quoque
1281 2858 1468 2912 fovent
1515 2873 1743 2928 corpora
1784 2873 1918 2924 sua,
1964 2867 2024 2912 ut

2125 2144 2243 2183 rum
2277 2131 2497 2184 levitate
2529 2143 2872 2196 suspensmn,
2906 2128 2958 2183 in
2986 2143 3166 2181 aerem
3199 2125 3412 2181 facilius
3447 2125 3698 2180 subleve-

2127 2231 2236 2276 tur.
2293 2222 2598 2276 Foveamus
2644 2220 2808 2288 igitur
2859 2229 2914 2274 et
2955 2219 3055 2272 viri
3105 2232 3302 2271 uxores
3356 2226 3591 2280 nostras,
3644 2227 3699 2271 et

2125 2311 2324 2364 animae
2358 2320 2558 2365 nostra:
2590 2323 2840 2378 corpora,
2897 2319 2955 2362 ut
3005 2317 3061 2362 et
3106 2322 3304 2362 uxores
3339 2307 3390 2360 in
3421 2307 3565 2361 viros
3591 2347 3606 2370 ,
3642 2318 3699 2361 et

2126 2417 2357 2471 corpora
2409 2403 2733 2472 redigantur
2776 2402 2831 2456 in
2876 2401 3111 2465 animas,
3149 2409 3203 2455 et
3251 2413 3592 2468 nequaquam
3629 2399 3699 2453 sit

2125 2506 2352 2549 sexuum
2387 2493 2495 2547 ulla
2523 2490 2819 2546 diversitas
2848 2507 2862 2544 :
2893 2490 2986 2545 sed
3018 2489 3290 2562 quomodo
3316 2489 3455 2558 apud
3478 2487 3699 2557 angelos

2124 2600 2230 2638 non
2267 2595 2350 2639 est
2379 2585 2463 2638 vir
2497 2594 2552 2639 et
2589 2582 2805 2648 mulier,
2836 2583 2909 2636 ita
2946 2590 3000 2636 et
3033 2596 3152 2648 nos,
3180 2581 3270 2650 qui
3299 2579 3506 2635 similes
3529 2595 3702 2650 ange-

2123 2675 2188 2732 lis
2218 2676 2387 2730 l'uturi
2419 2691 2606 2731 sumus
2633 2676 2702 2740 ‘5,
2737 2674 2849 2744 jam
2883 2689 3028 2728 nunc
3053 2673 3382 2741 incipiamus
3406 2686 3529 2728 esse
3555 2671 3698 2741 quod

2127 2770 2280 2825 nobis
2304 2769 2358 2824 in
2389 2769 2704 2826 cmlestibus
2735 2767 3122 2839 repromissum
3153 2777 3256 2821 est.

735 3149 846 3209 EX
881 3148 1119 3212 LIBRO
1157 3149 1457 3212 TERTIO
1486 3149 1872 3214 ORIGENIS
1906 3151 1986 3213 IN
2019 3151 2480 3215 EPISTOLAM
2513 3154 2622 3214 AD
2663 3152 3214 3220 COLOSSENSES
3249 3158 3397 3239 (89).

510 3446 673 3518 692
730 3445 859 3500 Data
901 3454 985 3501 est
1031 3455 1210 3502 autem
1244 3447 1332 3504 lex
1365 3448 1531 3521 Moysi
1573 3465 1672 3521 per
1699 3454 1920 3520 angelos
1964 3454 2014 3508 in
2045 3466 2088 3524 α
2122 3455 2400 3524 Christus,
2456 3459 2552 3515 sed
2612 3470 2741 3515 ante
2793 3461 2938 3517 hunc
2994 3464 3340 3519 manifestum
3409 3466 3462 3521 in
3535 3481 3699 3523 carne

442 3555 604 3593 manu
626 3549 680 3592 et
705 3539 905 3594 virtute
935 3540 1249 3597 mediatoris
1272 3541 1474 3598 Christi
1502 3543 1571 3610 ⁸⁸,
1596 3545 1686 3613 qui
1715 3559 1836 3598 eum
1867 3555 2014 3601 esset

441 3631 495 3684 in
519 3633 784 3703 principio
827 3632 1063 3688 Verbum
1112 3633 1248 3700 Dei,
1292 3645 1348 3690 et
1381 3637 1521 3706 apud
1559 3635 1727 3690 Deum
1758 3647 1923 3703 esset,
1959 3650 2014 3694 et

441 3721 585 3776 Deus
613 3732 758 3778 esset
791 3722 1023 3778 Verbum
1052 3724 1122 3790 ⁸⁷,
1155 3724 1300 3780 Patri
1336 3725 1390 3780 in
1434 3727 1690 3781 omnibus
1731 3726 2012 3782 ministra-

441 3815 538 3870 vit.
594 3814 788 3870 Omnia
829 3817 973 3870 enim
1008 3833 1102 3884 per
1157 3819 1326 3888 ipsum
1379 3817 1523 3886 facta
1555 3827 1676 3871 sunt
1710 3818 1774 3882 ⁸⁸,
1831 3819 1883 3873 id
1935 3830 2020 3875 est

441 3923 544 3961 non
574 3908 745 3963 solum
772 3918 1058 3976 creatura),
1099 3911 1196 3965 sed
1231 3919 1287 3963 et
1321 3909 1404 3964 lex
1432 3949 1448 3976 ,
1491 3918 1545 3962 et
1597 3911 1910 3980 prophetae;
1962 3921 2017 3965 et

440 3999 555 4066 ipse
579 4007 663 4054 est
687 4002 944 4053 mediamr
978 4000 1070 4055 Dei
1107 4011 1157 4055 et
1184 4003 1454 4055 hominum
1486 4001 1554 4056 ⁸³.
1592 4001 1744 4068 Quod
1776 4001 2013 4058 Verbum

440 4089 492 4143 in
530 4091 635 4144 line
676 4091 893 4159 quidem
940 4091 1261 4148 sa‘culorum
1311 4093 1471 4150 homo
1516 4093 1692 4149 factus
1727 4103 1812 4150 est
1851 4093 2012 4150 Jesus

2123 3549 2410 3603 adventum
2473 3551 2746 3604 mediator
2797 3551 3016 3620 quidem
3067 3564 3190 3607 erat
3233 3555 3554 3623 hominum,
3603 3559 3699 3612 sed

2123 3638 2358 3693 nondum
2386 3649 2502 3694 erat
2538 3641 2724 3695 homo.
2777 3640 2910 3697 Erat
2959 3652 3140 3698 tamen
3177 3655 3232 3699 et
3277 3656 3403 3701 tunc
3438 3649 3700 3703 mediator

2125 3730 2216 3785 Dei
2245 3741 2299 3786 et
2327 3731 2604 3786 hominum
2623 3751 2639 3800 ;
2658 3735 2798 3790 unde
2825 3745 2880 3790 et
2905 3736 3030 3790 data
3061 3735 3146 3791 lex
3177 3753 3274 3808 per
3300 3739 3553 3808 angelos,
3585 3742 3701 3796 sine

2129 3825 2299 3896 ipsius
2331 3825 2646 3882 Mediatoris
2679 3829 2934 3886 manibus
2983 3831 3109 3885 data
3161 3845 3283 3888 esse
3340 3849 3447 3887 non
3480 3834 3697 3904 dicitur,

2122 3927 2180 3971 ιιι
2214 3927 2358 3972 esset
2380 3917 2464 3972 lea:
2481 3928 2688 3984 sancta,
2711 3930 2758 3975 et
2789 3923 3096 3976 mandatum
3113 3934 3376 3988 sanctum,
3401 3934 3451 3978 et
3467 3923 3698 3994 justum,

2119 4015 2167 4059 et
2221 4009 2413 4060 bonum
2467 4006 2556 4073 '°;
2625 4017 2680 4064 et
2729 4013 2909 4067 omnia
2965 4011 3078 4069 haec
3133 4013 3611 4071 sanctiﬁcarentur
3668 4031 3700 4072 ιι

2119 4096 2355 4152 Christo.

457 4241 3658 4280 __________—_______________________

437 4387 542 4447 EX
572 4387 810 4449 ΜΒΚο
842 4389 1142 4451 TERTIO
1173 4389 1553 4455 ORIGENIS
1579 4402 2144 4454 EEHPHMATIKQN
2166 4397 2243 4456 IN
2276 4398 2728 4462 EPISTOLAM
2757 4402 2863 4461 AD
2897 4401 3696 4470 THESSALONICENSES

1813 4499 2124 4560 PRM-1AM
2155 4501 2339 4582 (δι’).

1308 4645 1386 4700 De
1404 4663 1464 4702 eo
1491 4648 1631 4717 quod
1657 4665 1675 4700 ι
1702 4664 1880 4702 omnes
1896 4648 2106 4719 quidem
2133 4665 2235 4702 non
2258 4650 2576 4706 dormiamus
2596 4657 2701 4718 ",i
2731 4662 2839 4709 etc.

2007 4819 2080 4832 ης

505 4962 643 5028 Quid
671 4970 756 5018 est
793 4976 923 5032 ergo
955 4966 1097 5034 quod
1137 4965 1384 5020 scribunt
1428 4965 2009 5026 Thessalonicensibus
2044 4981 2088 5037 ι)
2120 4969 2231 5026 Nos
2260 4975 2348 5044 qui
2371 4974 2613 5040 vit-imus,
2655 4977 2744 5046 qui
2774 4978 2971 5032 residui
3001 4995 3210 5045 sumus,
3243 4983 3547 5051 iu_adventu
3582 4983 3690 5040 Do-

519 5056 685 5112 verbo
717 5056 808 5111 Dei
843 5055 1065 5123 Paulus,
1098 5067 1154 5112 et
1190 5056 1477 5130 Sylvanus,
1529 5071 1584 5115 et.
1635 5060 1999 5119 Timotheus:

2112 5065 2243 5119 mini
2275 5082 2380 5120 non
2413 5069 2788 5135 prwueniemus
2834 5085 2920 5124 eos
2964 5073 3055 5142 qui
3104 5073 3544 5130 dormierunt"?
3592 5079 3690 5144 Qui

501 5197 864 5279 “filiai/Ill)
903 5201 1004 5279 Si};
1037 5199 1191 5256 Joau.
1217 5219 1312 5279 -ιιι,
1515 5205 1558 5235 δί
1594 5203 1773 5279 Galat.
1810 5221 1890 5279 ιν,
1943 5207 1997 5260 4.
2073 5209 2118 5239 ⁸⁸
2162 5209 2435 5279 Ephes.v,
2476 5210 2567 5275 ‘28,
2609 5209 2699 5266 29.
2777 5211 2822 5242 ⁸³
2853 5209 3044 5266 Matth.
3086 5228 3244 5278 xxiii,
3269 5213 3360 5268 '57.
3433 5215 3479 5246 “
3519 5213 3684 5271 lCnr.

430 5284 516 5350 iv,
723 5270 767 5302 ⁸⁵
811 5272 1174 5350 hiatilpgxu,
1215 5273 1765 5350 50;_'ilart:_.xtt,_‘25;
1808 5268 1936 5350 Luc.
1981 5295 2046 5332 xx

2121 5268 2220 5350 55..
2284 5281 2328 5312 ⁵⁸
2374 5268 2564 5335 Galat:
2588 5297 2669 5348 ιιι,
2736 5281 2822 5337 19.
2901 5283 2944 5313 ⁵⁷
2992 5280 3152 5337 Jnan.
3197 5268 3244 5350 t,
3273 5284 3326 5339 l.

3401 5283 3447 5317 ⁸⁸
3475 5286 3607 5341 ibid.
3635 5288 3680 5339 2.

428 5340 471 5368 ⁸³
503 5339 518 5392 Ι
545 5338 687 5395 Tim.
724 5356 784 5408 ιι,
818 5341 872 5395 5.
947 5342 993 5372 ⁵ο
1023 5341 1177 5397 Rom.
1207 5357 1301 5409 vn,
1330 5343 1416 5398 12.
1491 5345 1536 5376 ’ί
1573 5338 1864 5416 Ιϐυι.ἰιν,
1891 5348 1980 5404 51.

2135 5348 2367 5406 lThess.
2405 5365 2480 5416 tv,
2517 5351 2603 5405 Η.

500 5453 611 5532 (ιι-ιι)
640 5454 727 5532 __E.t
766 5454 1078 5526 Hieronymi
1117 5457 1255 5512 libro
1291 5457 1468 5528 primo
1501 5460 1774 5532 Apologia:
1804 5465 2002 5520 adver-

429 5537 522 5580 Ius
547 5522 822 5578 Hulinum.

506 5592 618 5665 (89)
663 5594 736 5648 Ex
793 5593 1046 5665 Apologia
1103 5595 1369 5668 Pamphili
1421 5602 1684 5672 martyris
1738 5617 1836 5674 pro
1876 5604 1999 5660 Ori-

2495 5534 2724 5606 epistola
2759 5534 3076 5607 Hieronymi
3136 5536 3203 5592 ad
3255 5533 3580 5593 Minervium
3633 5545 3685 5591 et

2106 5603 2497 5662 Alexandrum.
