4048 6202
409 153 550 215 HM

1669 149 1995 207 ORICENIS
2035 149 2400 207 FRAGMEN'I
2414 150 2461 202 Α·

3524 147 3672 202 154ἷο

406 287 530 337 sunt
560 283 648 338 iSIi
681 281 923 338 viventes
946 282 1037 350 qui
1077 279 1375 349 loquuntur
1403 278 1571 331 talia?
1605 277 1804 349 Utique
1837 277 1983 331 Pau-
2013 279 2057 336 Α
2085 276 2175 341 qui
2201 287 2303 330 nan
2327 281 2672 328 curvaverant
2692 283 2824 343 genu
2851 270 2988 325 Baal
3018 267 3084 325 ’⁸.
3109 270 3166 326 In
3186 269 3414 326 Joannis
3445 287 3680 342 quoque

401 374 485 429 his
512 380 611 428 non
644 375 707 427 ab
733 375 1055 432 hominibus,
1088 388 1180 425 nec
1207 389 1299 441 per
1323 371 1559 426 homines
1593 371 1857 438 apostolus
1890 373 1976 442 '3;

402 475 458 518 οι
486 466 840 519 charissituus
865 463 979 529 eius
1013 463 1152 516 ﬁlius
1188 463 1241 516 in
1275 464 1376 516 lide
1403 462 1758 529 Timotheus;
1787 472 1840 518 ct
1861 463 1981 535 Syl-

402 565 575 610 vanus
599 557 687 624 qui
728 556 833 608 illis
869 564 989 608 erat
1024 564 1076 608 et
1108 553 1393 609 alfectioue
1423 563 1471 608 et
1498 553 1790 608 virtutibus
1813 569 1980 623 copu-

403 650 563 703 latus.
604 648 672 702 Et
706 648 809 702 hoc
840 662 945 701 non
979 647 1152 701 solum
1183 647 1288 711 illi,
1329 648 1420 701 sed
1472 649 1782 718 quicunque
1825 645 1976 700 Pauli

400 746 457 793 et
502 737 729 793 scientia
766 747 818 791 et
849 737 1265 792 conversatione
1302 737 1497 792 similis
1527 747 1631 801 est,
1663 737 1846 792 dicere
1875 751 1975 806 po-

399 838 506 884 test
533 846 547 882 :
583 827 698 882 Nos
725 831 814 898 qui
843 829 1066 883 vivimus
1106 829 1184 894 ⁸⁸;
1235 843 1462 897 quorum
1494 845 1684 896 corpus
1711 838 1973 882 mortuum

395 931 469 973 est
507 921 722 987 propter
761 926 1070 987 peccatum,
1115 920 1328 989 spiritus
1373 931 1548 972 autem
1601 919 1726 974 vivit
1765 929 1976 988 propter

385 1008 658 1074 justitiam
692 1009 772 1071 ³⁵;
814 1017 869 1061 et
911 1024 1140 1077 quormn
1173 1007 1498 1063 mortiﬁcata
1551 1017 1676 1064 sunt
1729 1008 1971 1063 membra

395 1116 560 1170 super
585 1110 786 1154 terram
811 1103 878 1162 ³⁵,
903 1100 978 1154 ita
1015 1109 1072 1154 ut
1102 1115 1443 1170 nequaquam
1469 1101 1818 1170 concupiscat
1844 1115 1973 1156 caro

393 1203 582 1245 contra
607 1193 858 1262 spiritum
892 1193 960 1245 ⁵⁷.
1011 1190 1067 1246 Si
1111 1193 1255 1247 enim
1293 1192 1473 1246 adhuc
1515 1192 1788 1248 desiderat
1818 1209 1968 1258 caro,

392 1285 556 1351 vivit;
587 1295 642 1340 et
673 1287 798 1355 quia
826 1286 978 1350 vivit,
1008 1287 1314 1351 desiderat;
1355 1296 1409 1341 et
1446 1301 1550 1341 non
1582 1296 1710 1341 sunt
1740 1288 1973 1342 mortifi-

391 1387 512 1429 cata
549 1379 788 1431 tucmbra
822 1378 967 1433 illius
1000 1394 1166 1448 super
1201 1389 1426 1433 terram.
1473 1379 1626 1445 Quod
1657 1379 1702 1433 si
1744 1380 1970 1434 mortiﬁ-

390 1477 509 1519 rata
533 1478 682 1532 sunt,
705 1482 1048 1540 nequaquam
1077 1479 1264 1523 contra
1291 1469 1539 1538 spiritum
1571 1470 1967 1538 concupiscunt

387 1571 510 1624 qua:
576 1560 999 1616 niortilicatione
1054 1561 1136 1616 sui
1191 1559 1566 1627 hujuscemodi
1629 1562 1962 1616 desiderium

2083 366 2378 438 Evangelio
2436 365 2682 418 vivorum
2724 373 2780 419 et
2827 379 2932 418 non
2984 364 3228 417 vivorum
3280 361 3473 430 duplex
3527 366 3680 418 ordo

2081 460 2407 514 describitur
2438 477 2454 514 :
2490 456 2673 513 Omnis
2715 457 2805 525 qui
2833 456 2996 510 credit
3038 456 3092 508 in
3129 470 3234 519 me,
3267 455 3479 508 etiamsi
3521 473 3676 508 mor-

2083 558 2204 602 tuus
2241 549 2427 615 fuerit,
2467 549 2592 601 vivet
2615 563 2633 608 ς
2656 555 2704 599 et
2729 546 2896 598 omnis
2929 545 3016 614 qui
3048 545 3164 598 vivit
3193 554 3241 597 et
3276 546 3440 598 credit
3471 546 3524 597 in
3555 563 3672 610 me,

2079 655 2184 692 non
2222 639 2470 692 morietur
2512 637 2567 690 in
2598 648 2850 690 (cternum
2884 636 2951 686 ".
3005 633 3064 688 Si
3098 633 3356 689 vivos‘ita
3398 635 3675 705 intelligi-

2079 748 2196 786 mus
2230 740 2288 785 ut
2307 730 2419 800 jam
2456 745 2486 783 a
2529 730 2683 784 nobis
2712 729 2917 782 dictum
2963 736 3084 792 est,
3119 727 3454 781 dormientes
3499 738 3554 782 et
3611 729 3671 780 in

2077 821 2292 878 Christo
2318 829 2560 875 mortuos
2589 819 2709 873 illos
2731 833 2854 872 esse
2886 817 3196 883 credamus,
3217 819 3454 885 quicum
3483 819 3668 873 velint

2075 915 2129 971 in
2175 915 2393 971 Christo
2427 913 2628 978 vivere,
2671 921 2851 966 tamen
2892 922 3116 981 peccato
3143 913 3340 966 mortui
3379 920 3528 991 sunt.
3559 912 3666 966 Sin

2073 1015 2253 1061 autem
2295 1004 2535 1074 reliquiae
2565 1011 2620 1058 et
2647 1002 2840 1058 electio
2870 1003 3167 1056 secundum
3192 1002 3422 1072 gratiam
3449 1003 3520 1069 '°,
3557 1019 3668 1072 ap—

2073 1085 2338 1170 pellantur
2356 1099 2622 1158 viventes;
2641 1094 2733 1166 qui
2759 1110 2864 1150 non
2896 1095 2966 1149 ita
2994 1095 3243 1158 credunt,
3269 1109 3369 1149 nec
3392 1095 3459 1149 de
3483 1095 3668 1150 Israe-

2073 1188 2224 1243 litica
2255 1187 2536 1242 nobilitate
2559 1185 2806 1258 generati
2823 1193 2968 1249 sunt,
2998 1183 3330 1238 dormientes
3361 1194 3415 1238 et
3445 1185 3660 1239 mortui

2073 1280 2406 1352 appellantur
2433 1281 2486 1334 in
2517 1279 2750 1335 Christo.

2142 1373 2286 1427 Sunt
2314 1371 2406 1441 qui
2441 1371 2585 1425 hunc
2619 1369 2792 1426 locum
2825 1367 2900 1422 ita
2937 1366 3280 1421 edisserant:
3310 1364 3428 1420 Vivi
3460 1365 3656 1436 appel-

2070 1464 2252 1520 lantur
2277 1464 2368 1534 qui
2394 1476 2674 1531 nunquam
2704 1469 2932 1530 peccato
2969 1460 3168 1514 mortui
3205 1467 3372 1523 sunt;
3406 1459 3497 1527 qui
3537 1473 3648 1512 at:-

2070 1567 2176 1612 tem
2205 1561 2594 1627 peccaverunt,
2627 1567 2681 1608 et
2717 1552 2770 1607 in
2797 1567 2864 1608 eo
2901 1553 3041 1620 quod
3076 1560 3462 1621 peccaverunt,
3488 1566 3647 1605 mor-

387 1645 762 1713 perdiderunt.
793 1649 948 1705 Sicut
976 1645 1146 1720 igitur
1174 1651 1263 1719 qui
1290 1651 1400 1704 vita
1431 1665 1657 1706 caruere
1681 1653 1961 1721 prteseoti,
1997 1635 2036 1690 Β
2071 1647 2148 1701 tui
2180 1655 2332 1713 sunt,
2377 1656 2432 1703 et
2462 1656 2653 1718 postea
2690 1647 2944 1702 conversi
2987 1647 3052 1700 ad
3086 1644 3462 1714 penitentiam
3507 1660 3650 1712 puro'

388 1747 443 1790 et
471 1739 537 1791 ad
573 1740 797 1794 meliora
843 1741 1093 1794 translati
1128 1748 1288 1804 sttut,
1323 1739 1496 1810 magis
1540 1742 1748 1806 vivunt,
1801 1743 1966 1810 depo-

383 1829 490 1882 sito
524 1829 715 1883 mortis
745 1844 971 1899 corpore
993 1839 1048 1884 et
1077 1830 1331 1884 vitiorum
1366 1830 1606 1884 omnium
1639 1829 1960 1898 iucentivis;

384 1918 464 1971 sic
494 1918 585 1986 qui
629 1919 1104 1975 mortificationem
1140 1920 1264 1975 Jesu
1312 1921 1364 1974 iu
1411 1935 1639 1990 corpore
1699 1935 1796 1975 suo
1851 1922 1964 1976 cir-

383 2011 700 2065 cumierunt
727 2011 796 2074 ⁸⁸,
823 2027 1168 2082 nequaquam
1204 2013 1393 2067 vivunt
1414 2012 1570 2082 juxta
1595 2027 1842 2081 carnem,
1869 2015 1961 2070 scd

379 2101 535 2171 juxta
567 2103 858 2172 spiritum;
894 2105 1084 2159 vivunt
1119 2105 1171 2160 in
1207 2121 1272 2160 eo
1303 2105 1393 2174 qui
1422 2106 1529 2159 vita
1573 2115 1677 2169 est,
1725 2117 1779 2162 et
1832 2108 1961 2164 vivit

382 2196 436 2247 iu
469 2195 551 2247 eis
607 2193 856 2250 Christus
909 2197 976 2250 de
1025 2211 1134 2266 quo
1189 2199 1449 2269 scriptum
1489 2210 1574 2256 est
1608 2222 1619 2256 :
1661 2199 1851 2256 Vivens
1884 2213 1960 2257 est

377 2298 551 2338 sermo
584 2285 701 2349 Dei,
739 2297 786 2340 et
809 2288 990 2358 efﬁcax
1023 2287 1089 2353 δ’,
1127 2289 1220 2359 qui
1263 2299 1348 2344 est
1384 2292 1477 2346 Dei
1529 2293 1722 2357 virtus,
1757 2294 1958 2364 Deique

375 2374 638 2444 sapientia
686 2376 754 2430 ⁸⁸.
807 2375 1011 2431 Vivuut
1059 2379 1204 2433 enim
1261 2380 1313 2434 in
1354 2379 1550 2449 quibus
1601 2382 1734 2438 vivit
1786 2383 1957 2438 virtus

376 2466 498 2530 Dei,
524 2465 670 2520 onmi
708 2465 945 2521 humana
979 2468 1273 2538 fragilitate
1302 2471 1570 2539 deposita,
1602 2481 1657 2528 et
1681 2471 1735 2526 in
1759 2473 1956 2542 quibus

373 2557 506 2612 vivit
534 2559 802 2628 sapientia
842 2577 962 2630 qua:
999 2573 1082 2616 est
1114 2564 1441 2621 abscondita
1476 2566 1528 2620 in
1566 2565 1678 2622 Deo
1705 2567 1772 2632 ⁶¹,
1800 2577 1856 2622 et
1895 2568 1948 2622 in

372 2650 573 2715 quibus
611 2651 746 2705 vivit
792 2659 847 2706 ct
904 2657 1167 2722 operatur
1217 2654 1452 2723 justitia.
1509 2657 1758 2714 Christus
1803 2660 1948 2714 enim

372 2739 550 2796 factus
575 2751 658 2796 est
691 2740 849 2797 nobis
889 2759 995 2798 non
1021 2745 1197 2800 solum
1241 2747 1454 2815 justitia
1496 2763 1563 2804 ex
1599 2750 1740 2818 Deo,
1768 2753 1862 2807 sed
1896 2761 1952 2807 et

370 2835 637 2903 sapientia
664 2836 731 2899 5',
762 2845 816 2889 et
843 2851 1005 2892 omne
1039 2840 1181 2908 quod
1215 2840 1388 2895 virtus
1419 2850 1520 2896 est.
1549 2840 1618 2895 Et
1649 2842 1693 2896 si
1728 2842 1946 2911 qui-dem

2068 1751 2198 1810 gant
2232 1739 2452 1810 antiqua
2479 1739 2696 1805 delicta,
2733 1736 2934 1793 mortui
2957 1737 3315 1806 appellantur,
3357 1737 3478 1805 quia
3509 1753 3644 1806 pec-

2066 1843 2370 1896 caverunt;
2402 1834 2456 1888 in
2484 1833 2705 1889 Christo
2740 1843 2919 1886 autem
2951 1831 3174 1896 mortui,
3207 1831 3333 1899 quia
3381 1829 3536 1899 plena
3571 1833 3644 1885 ad

2067 1927 2234 1981 Deum
2273 1937 2457 1982 mente
2488 1925 2740 1981 conversi
2795 1932 2942 1978 sunt.
2988 1921 3159 1980 Porro
3211 1923 3300 1992 qui
3337 1923 3527 1978 vivunt
3577 1932 3640 1976 et

2066 2019 2267 2073 habent
2313 2019 2680 2074 testimonium
2719 2016 2864 2081 ﬁdei,
2922 2025 2977 2072 et
3027 2018 3252 2071 necdum
3303 2025 3636 2084 receperunt

2062 2110 2482 2180 promissionem
2515 2108 2634 2172 Dei,
2656 2109 2746 2177 qui
2786 2117 2840 2162 et
2874 2109 2940 2162 de
2981 2107 3103 2162 aliis
3154 2106 3340 2161 melius
3367 2105 3633 2174 quiddam

2059 2202 2322 2270 cogitant,
2350 2211 2408 2256 ut
2435 2217 2541 2256 non
2568 2203 2773 2270 absque
2800 2201 2886 2255 his
2918 2199 3009 2270 qui
3043 2199 3178 2267 justi
3203 2207 3327 2252 sunt
3363 2189 3638 2250 coronetto'

2063 2307 2168 2355 tur.
2198 2296 2251 2350 iu
2282 2310 2348 2348 eo
2376 2296 2578 2350 habent
2610 2293 2999 2349 beatitudinem
3029 2290 3173 2360 quod
3200 2289 3457 2343 fruuntur
3487 2288 3637 2342 bono

2057 2386 2428 2450 conscientim,
2476 2394 2531 2440 et
2572 2385 2780 2448 vivunt,
2826 2392 2882 2438 et
2913 2382 3089 2438 relicti
3121 2389 3251 2435 sunt
3292 2379 3348 2433 in
3393 2378 3633 2432 adventu

2062 2478 2276 2534 Domini
2315 2476 2634 2533 Salvatoris.
2669 2475 2772 2530 Sed
2806 2477 2934 2544 quia
2965 2472 3206 2528 clemens
3243 2479 3328 2525 est
3367 2469 3530 2532 Deus,
3579 2478 3636 2524 et

2069 2571 2186 2626 vult
2227 2571 2442 2626 salvare
2479 2569 2641 2624 etiam
2669 2582 2762 2622 eos
2787 2567 2879 2636 qui
2909 2565 3268 2630 dormierunt,
3294 2574 3352 2620 et
3390 2565 3444 2618 in
3467 2562 3635 2618 Chri-

2053 2671 2138 2717 sto
2174 2662 2372 2716 mortui
2410 2667 2560 2724 sunt,
2596 2673 2704 2713 non
2757 2656 3090 2726 prtevcnieut
3127 2656 3269 2721 illos,
3313 2670 3488 2724 neque
3519 2641 3632 2709 soli

2054 2756 2339 2826 rapientur
2370 2755 2424 2808 in
2455 2753 2723 2816 nubibus;
2757 2751 2876 2816 sed,
2916 2750 3070 2820 juxta
3116 2748 3424 2819 exemplum
3451 2763 3624 2802 evan-

2050 2847 2234 2919 gelica:
2271 2844 2548 2917 parabolae
2573 2845 2644 2910 7‘,
2676 2858 2841 2898 unum
2866 2842 3148 2898 denarium
3178 2854 3453 2911 unamque
3477 2855 3630 2892 mer-

368 2926 422 2978 in
473 2929 724 2994 praesenti
748 2927 899 2996 ,loco
923 2945 982 2986 se
1016 2946 1045 2985 a
1098 2931 1492 2989 dormientibus
1535 2945 1590 2988 et
1639 2935 1690 2989 in
1726 2935 1946 2992 Christo
1974 2971 2022 3033 ο
2051 2939 2236 2994 cedem
2264 2947 2320 2993 et
2353 2937 2652 2992 undecima:
2681 2935 2828 2991 hora:
2869 2935 3125 3013 operarii,
3168 2943 3224 2988 et
3269 2933 3479 3004 prima,
3531 2935 3632 3003 qui

367 3019 628 3085 mortuis,
675 3021 767 3090 qui
801 3021 939 3077 hanc
985 3023 1229 3078 scribunt
1263 3023 1558 3094 Epistolam
1602 3037 1942 3096 separarent,

367 3111 652 3166 videbatur
679 3113 948 3184 superﬂua
1000 3117 1299 3182 adnotatio,
1351 3129 1405 3173 et
1437 3133 1502 3173 ex
1550 3134 1657 3172 uno
1695 3119 1814 3176 loco
1856 3135 1945 3175 as-

362 3214 638 3271 sumptum
702 3197 1076 3261 testimouium
1153 3224 1260 3263 non
1328 3193 1760 3268 valeretznunc
1813 3227 1943 3268 vero

359 3295 550 3348 mdem
583 3311 769 3361 sensu,
822 3293 948 3368 quia
993 3307 1049 3354 ct
1074 3301 1264 3356 eodem
1303 3303 1519 3373 spiritu,
1570 3304 1622 3358 iu
1674 3306 1844 3374 prima
1875 3307 1941 3362 ad

358 3384 672 3444 Corinthios
700 3389 942 3456 loquitur
980 3407 994 3443 :
1034 3392 1228 3450 Omnes
1249 3412 1353 3450 non
1382 3397 1731 3461 dormiemus,
1761 3416 1938 3454 omnes
1979 3437 1984 3442 ρ

357 3474 532 3532 autem
573 3481 998 3550 immutabimur,
1035 3486 1089 3540 in
1115 3498 1402 3555 momento,
1433 3491 1489 3544 in
1517 3489 1664 3545 motu
1695 3489 1856 3558 oculi,
1883 3495 1937 3547 in

357 3567 640 3623 norissima
683 3572 830 3626 tuba.
865 3573 1032 3629 Canet
1059 3577 1196 3630 enim
1225 3579 1374 3643 tuba,
1417 3590 1463 3633 et
1509 3582 1705 3634 mortui
1760 3599 1936 3636 resur-

354 3663 474 3726 gum
508 3659 826 3734 incorrupti,
854 3675 903 3720 et
933 3684 1026 3722 nos
1052 3669 1537 3740 intmutabimurP.
1575 3673 1685 3728 Hoc
1713 3677 1856 3743 quod
1880 3676 1930 3730 in

318 3756 322 3759 ‘
352 3751 605 3815 praesenti
658 3753 776 3809 loco
802 3756 1064 3826 scriptum
1097 3769 1179 3813 est
1209 3777 1223 3814 :
1249 3758 1316 3812 In
1366 3761 1489 3813 tuba
1538 3760 1631 3815 Dei
1658 3764 1931 3820 descendet

348 3839 416 3892 de
445 3841 573 3895 creto
608 3841 672 3907 ⁸⁸,
698 3847 952 3917 compara
983 3849 1058 3902 illi
1089 3850 1230 3917 quod
1253 3851 1320 3903 ad
1348 3850 1658 3907 Corinthios
1679 3854 1881 3910 dicitur
1913 3874 1928 3911 :

352 3927 418 3981 In
451 3935 735 3988 novissima
764 3938 887 3990 tuba
907 3939 926 3990 ὲ
943 3943 1093 3992 canet
1117 3942 1254 3994 enim
1280 3942 1426 4009 tuba,
1459 3953 1598 4009 etc.;
1634 3945 1707 4000 illi
1747 3959 1926 4001 autem

348 4022 491 4088 quod
545 4025 610 4076 ad
667 4023 1184 4084 Thessalonicenses
1243 4031 1482 4101 legitur:
1522 4035 1590 4089 Et
1621 4039 1818 4092 mortui
1871 4039 1926 4094 in

349 4109 564 4165 Christo
601 4124 876 4184 resurgeut
912 4117 1070 4183 primi
1111 4120 1180 4183 “,
1221 4121 1322 4174 hoc
1348 4123 1490 4190 quod
1514 4125 1579 4178 ad
1614 4125 1926 4184 Corinthios

345 4204 610 4271 scriptum
640 4217 722 4261 est
757 4225 771 4264 :
801 4207 870 4260 Et
892 4212 1090 4264 mortui
1119 4224 1389 4285 resurgent
1417 4217 1729 4284 incorrupti.
1754 4222 1923 4279 Porro

2051 3033 2103 3085 in
2135 3031 2350 3085 vineam
2400 3029 2552 3085 missi
2605 3037 2752 3094 sunt,
2795 3025 2991 3082 salutis
3036 3025 3272 3096 pretium
3329 3024 3628 3094 accipient.

2047 3122 2157 3178 Nec
2191 3124 2292 3177 hoc
2323 3122 2484 3175 alicui
2535 3120 2782 3176 videatur
2832 3120 3116 3190 iujustum,
3155 3128 3213 3172 ut
3251 3117 3438 3186 dispar
3469 3116 3631 3171 labor

2046 3230 2211 3270 unum
2247 3214 2531 3285 prmtuium
2576 3221 2965 3280 consequatur.
2991 3199 3180 3281 Magna
3211 3210 3411 3279 quippe
3443 3207 3628 3260 diver-

2044 3308 2179 3362 sitas
2202 3295 2285 3361 est
2308 3319 2496 3360 eorum
2526 3303 2617 3374 qui
2654 3313 2776 3374 post
2806 3302 3027 3356 vulnera
3059 3312 3184 3356 sunt
3211 3302 3411 3366 sanati,
3436 3311 3492 3352 et
3520 3312 3628 3353 eo-

2046 3417 2162 3455 rum
2193 3400 2286 3470 qui
2317 3411 2591 3466 nunquam
2624 3396 2874 3449 viderunt
2908 3394 3098 3448 mortis
3120 3406 3384 3448 errorem.
3430 3389 3507 3444 De
3535 3390 3627 3444 his

2043 3501 2172 3563 puto
2203 3493 2406 3548 dictum
2437 3508 2451 3543 :
2491 3489 2624 3555 Quis
2655 3499 2730 3542 est
2759 3487 2913 3541 homo
2939 3485 3030 3556 qui
3057 3487 3190 3540 vivat
3217 3493 3264 3538 et
3300 3499 3404 3536 non
3444 3483 3627 3536 vide‘at

2041 3595 2260 3637 mortem
2294 3583 2320 3637 1’
2356 3581 2572 3636 redimet
2603 3581 2666 3634 de
2697 3582 2860 3632 morte
2887 3578 3114 3630 animam
3140 3583 3292 3630 suam
3313 3571 3399 3626 "1'
3431 3572 3624 3642 Neque

2038 3671 2204 3734 enim,
2243 3673 2300 3725 tit
2329 3669 2546 3740 quidam
2577 3676 2790 3740 putant,
2820 3667 2958 3736 quis,
2994 3681 3091 3734 pro
3123 3681 3188 3720 eo
3220 3665 3362 3734 quod
3389 3674 3470 3718 cst
3495 3665 3624 3716 nul-

2038 3764 2121 3816 lus
2155 3763 2460 3832 accipitur:
2492 3761 2584 3815 sed
2620 3760 2772 3828 quasi
2810 3759 3008 3814 dixerit
3035 3774 3049 3810 :
3073 3757 3207 3823 Quis
3231 3754 3618 3826 putasijuxta

2037 3857 2165 3911 illud
2199 3857 2344 3925 quod
2377 3855 2636 3923 scriptum
2683 3860 2769 3907 est
2797 3870 2812 3905 :
2848 3851 2979 3918 Quis
3020 3851 3250 3916 sapiens,
3280 3859 3328 3902 et
3356 3848 3618 3918 intelliget

2034 3950 2144 4002 lucc
2175 3949 2220 3980 ⁷³
2253 3949 2276 4002 ?
2313 3957 2368 4003 et
2412 3949 2464 4002 in
2495 3946 2601 4002 alio
2630 3945 2789 4000 loco:
2828 3944 3068 4007 Domine,
3116 3944 3234 4012 quis
3267 3942 3522 3995 habitabit
3557 3943 3615 3994 in

2033 4038 2371 4092 tabernaculo
2420 4048 2510 4091 tuo
2546 4037 2594 4068 '”
2626 4031 2650 4090 ?
2689 4047 2742 4090 et
2779 4036 3016 4089 iterum:
3051 4034 3182 4099 Quis
3217 4033 3450 4104 cognovit
3483 4049 3608 4086 seet-

2031 4146 2147 4184 sum
2178 4129 2388 4182 Domini
2412 4129 2500 4182 7"?
2527 4127 2746 4183 Residui
2784 4141 2914 4195 ergo
2942 4136 3105 4180 cruut
3141 4125 3206 4180 de
3255 4123 3608 4179 credentibus

2031 4221 2188 4291 pauci
2234 4222 2323 4289 qui
2374 4220 2666 4275 adventqu
2702 4220 2914 4274 Domini
2946 4218 3165 4272 videant
3196 4217 3493 4272 secundum
3552 4217 3605 4270 id

344 4298 489 4359 mind
518 4297 770 4366 sequitur
798 4315 810 4349 :
847 4301 1049 4357 Deinde
1073 4321 1168 4359 nos
1202 4309 1296 4376 qui
1327 4309 1566 4376 vivimus,
1598 4314 1689 4382 qui
1727 4316 1926 4371 residui
1956 4320 2000 4374 D
2031 4313 2173 4382 quod
2201 4313 2341 4368 Deus
2371 4313 2608 4367 Verbum
2644 4312 2846 4366 factum
2882 4320 2988 4374 est,
3024 4325 3365 4379 nequaquam
3393 4309 3444 4363 in
3477 4309 3605 4362 vili-

342 4400 526 4441 sumus
583 4388 657 4452 “,
725 4390 800 4445 illi
855 4397 1289 4462 respondetzEt
1340 4416 1435 4454 nos
1497 4404 1914 4463 immutabimur.

341 4474 585 4538 Quorum
614 4489 907 4552 utrumque
930 4485 1009 4539 sic
1032 4486 1254 4558 intelligi
1281 4501 1495 4558 potest:
1523 4494 1633 4550 Nos
1663 4497 1752 4564 qui
1784 4498 1920 4552 vivi-

343 4583 484 4632 mus,
525 4571 617 4638 qui
656 4573 859 4630 residui
896 4591 1084 4634 sumus
1111 4581 1162 4634 in
1196 4583 1430 4638 adventu
1475 4585 1708 4651 Domini,
1734 4595 1788 4642 et
1820 4603 1919 4644 nos

339 4661 431 4725 qui
462 4661 894 4733 immutabimur,
939 4679 993 4724 ct
1035 4687 1140 4726 non
1174 4676 1362 4731 sumus
1394 4691 1458 4730 cx
1503 4671 1588 4734 his
1619 4680 1709 4749 qui
1737 4669 1919 4749 appel-

341 4752 524 4806 lantur
580 4759 804 4822 mortui,
861 4760 956 4815 sed
1009 4763 1262 4829 vivimus,
1323 4766 1528 4822 idcirco
1570 4772 1915 4838 praesentiam

343 4846 553 4900 Domini
604 4864 710 4903 non
768 4852 820 4905 in
890 4864 1092 4923 morte,
1145 4857 1238 4912 sed
1278 4859 1328 4912 in
1365 4859 1474 4912 vita
1512 4862 1910 4928 praestolamur,

336 4939 461 5004 quia
487 4939 553 4994 de
591 4940 888 4998 Israelitico
921 4963 1121 5017 genere
1167 4966 1355 5004 sumus
1380 4987 1396 5015 ,
1441 4951 1605 5022 693
1639 4963 1693 5006 et
1726 4954 1911 5009 clectte

335 5040 463 5085 sunt
497 5033 563 5087 de
593 5036 749 5089 nobis
789 5038 1030 5108 reliquiae
1073 5041 1139 5107 ⁸⁷,
1177 5042 1242 5096 de
1270 5042 1472 5112 quibus
1497 5044 1624 5096 olim
1653 5043 1909 5100 Dominus

337 5114 704 5190 loquebatur:
745 5128 1012 5201 Dereliqui
1052 5133 1179 5186 milii
1226 5144 1413 5203 septem
1463 5135 1628 5187 millia
1676 5139 1904 5188 virorum

404 5304 450 5336 ⁸⁸
491 5303 668 5362 Calai.
703 5324 741 5370 ι,
774 5308 822 5361 1.

335 5369 473 5429 10.³⁹
505 5373 668 5429 llehr.
703 5393 775 5440 tv,
811 5379 896 5432 1‘2.

331 5459 402 5504 tv,
439 5443 522 5496 15.
598 5447 642 5476 ⁸⁸
671 5448 684 5498 Ι
718 5448 908 5502 'l'ltess.
948 5467 1022 5511 tv,
1059 5451 1139 5503 15.
1221 5453 1265 5484 ⁸⁸
1296 5453 1428 5506 Ibid.

331 5514 486 5591 in}.
561 5514 604 5544 ⁷⁸
636 5515 824 5591 Matth.
871 5535 962 5586 xx,
1008 5521 1030 5574 1
1081 5538 1194 5591 seq.

327 5575 371 5613 ’⁵
395 5583 552 5637 Prov.
583 5599 652 5649 vt,
677 5585 728 5637 4.

975 5381 1020 5410 ⁶⁰
1054 5381 1067 5433 l
1096 5382 1222 5435 (Zur.
1265 5397 1304 5436 ι.
1335 5383 1426 5436 24.

900 5309 948 5341 ⁸⁸
979 5311 994 5362 l
1024 5309 1221 5365 Thess.
1251 5311 1327 5376 tv,
1360 5314 1448 5368 H.
1523 5316 1569 5346 ”
1615 5303 1770 5371 Rom.
1804 5331 1923 5379 vttt,

975 5381 1020 5410 ⁶⁰
1054 5381 1067 5433 l
1096 5382 1222 5435 (Zur.
1265 5397 1304 5436 ι.
1335 5383 1426 5436 94.
1503 5385 1542 5416 ⁶¹
1577 5386 1592 5438 Ι
1633 5387 1759 5438 Cor.
1797 5403 1855 5439 tt.
1889 5389 1941 5439 7.

2116 5319 2388 5372 “Coloss.
2425 5333 2510 5380 Ill,
2539 5318 2593 5371 5.
2669 5320 2714 5352 ⁵⁷
2740 5311 2916 5377 Colat.
2954 5338 3004 5376 v.
3042 5311 3127 5375 l7.

2051 5388 2237 5439 'lCur.
2278 5407 2316 5439 I.
2347 5390 2437 5439 50.
2517 5389 2562 5420 ⁸³
2605 5389 2768 5439 ICor.
2809 5408 2899 5439 xv-
2943 5393 3032 5439 5|-
3064 5393 3127 5439 εἳὲ

1275 5522 1466 5578 "Psal
1511 5541 1547 5578 ι.
1597 5499 1859 5594 suum,
1891 5499 1947 5582 .45

2235 5499 2304 5512 ..ι
2351 5501 2361 5510 .
2396 5499 2505 5519 -..η
2548 5499 2632 5514 ω.
2773 5499 2928 5516 ........
2963 5499 3013 5515 λ..
3068 5499 3134 5516 ..υ
3187 5499 3273 5514 .....

2073 5529 2117 5558 ⁷³
2153 5499 2445 5598 θεραδχιν,
2473 5530 2556 5582 10.
2638 5533 2683 5563 ⁷⁸
2704 5530 2848 5587 Psal.
2875 5549 2982 5598 xlv,
3010 5503 3052 5586 1.
3128 5503 3172 5566 "5
3199 5532 3353 5591 Rom.
3381 5549 3454 5596 tu,
3477 5531 3555 5585 51.

2484 5605 2494 5634 σ

2032 4414 2142 4460 tate
2176 4405 2385 4470 carnis,
2415 4404 2510 4458 sed
2546 4404 2600 4457 in
2641 4403 2812 4473 gloria
2861 4402 3271 4471 triumphantis.
3312 4401 3382 4454 Et
3418 4400 3603 4456 consié

2026 4495 2323 4548 dorandum
2357 4492 2628 4559 quomodo
2656 4493 2887 4562 primmn
2929 4489 3261 4546 dormientes
3285 4490 3600 4560 appellave-

2026 4585 2097 4638 rit
2127 4600 2142 4638 :
2177 4582 2372 4637 deinde
2399 4581 2451 4636 iu
2479 4582 2700 4636 Christo
2724 4590 2988 4646 mortuos,
3023 4597 3161 4650 quos
3191 4581 3437 4638 viventes
3463 4597 3599 4651 prte-

2025 4676 2211 4731 venire
2245 4682 2352 4732 hon
2386 4686 2661 4746 poterunt.
2693 4677 2792 4742 Qui
2826 4678 2974 4731 enim
3012 4693 3116 4731 non
3142 4676 3470 4731 custodierit
3496 4677 3596 4730 hoc

2025 4769 2165 4839 quod
2200 4769 2464 4839 scriptum
2495 4779 2612 4824 est:
2639 4769 2721 4824 Ne
2750 4772 2957 4825 dederis
2989 4787 3229 4824 somnum
3259 4772 3425 4825 oculis
3466 4771 3590 4834 tuis,

2024 4877 2186 4930 neque
2224 4861 2486 4932 palpebris
2532 4863 2638 4916 tuis
2681 4863 3139 4929 dormitationem,
3183 4876 3238 4918 ut
3279 4865 3454 4918 salvus
3492 4863 3590 4931 [ias

2017 4953 2156 5006 sicut
2190 4968 2376 5022 caprea
2406 4953 2470 5006 de
2503 4954 2746 5019 vinculis,
2776 4965 2826 5008 et
2861 4957 2993 5010 sicut
3035 4958 3144 5010 avis
3191 4957 3254 5011 dc
3287 4957 3484 5027 laqueis
3521 4955 3586 5018 ⁷⁸,

2017 5043 2254 5097 dormiet
2301 5049 2356 5098 et
2412 5043 2670 5112 culpabili
2719 5061 2913 5114 sopore
2968 5056 3242 5115 torpescet
3283 5065 3299 5110 ς
3357 5061 3582 5115 cumque

2017 5137 2324 5202 durtuierit,
2361 5140 2620 5194 transibit
2649 5140 2702 5194 in
2740 5151 2992 5196 mortem.
3041 5143 3194 5196 Sicut
3221 5143 3364 5196 enim
3402 5157 3580 5194 move-

2019 5331 2041 5368 t.
2116 5321 2388 5372 “Coloss.
2425 5333 2510 5380 In.
2539 5321 2593 5371 5.
2669 5321 2714 5352 ⁵⁷
2740 5321 2916 5377 Colat.
2954 5338 3004 5376 v.
3042 5323 3127 5375 17.
3209 5323 3252 5352 ⁸⁸⁸
3275 5321 3312 5375 11
3344 5323 3465 5374 (Ior.
3505 5335 3568 5381 tv.

2019 5388 2062 5416 °’
2094 5388 2237 5440 lCor.
2278 5407 2316 5452 I,
2347 5390 2437 5444 50.
2517 5389 2562 5420 ⁸³
2605 5389 2768 5444 ICor.
2809 5408 2899 5451 xv,
2943 5393 3033 5458 51,
3064 5393 3152 5446 52.
3230 5391 3278 5423 ”
3324 5392 3338 5444 Ι
3384 5393 3564 5445 Thess.

2063 5458 2108 5489 ⁸⁸
2143 5459 2208 5511 lll
2235 5459 2361 5529 Reg.
2396 5475 2505 5519 xIx,
2546 5459 2632 5514 18.
2708 5463 2751 5493 ⁶⁹
2773 5461 2928 5516 Joau.
2961 5477 3038 5522 XI.
3064 5462 3152 5525 25,
3183 5463 3273 5514 9.6.
3347 5463 3395 5494 ⁷⁸
3422 5462 3560 5514 [imm
