1947 3178
138 77 156 103 ιι
168 79 238 108 50!
653 82 687 110 IN
701 82 898 113 EPISTOLAM
915 86 925 112 1
946 86 991 114 AD
1006 86 1365 116 TllESSALOMCENSES.
1727 93 1794 122 13οΞ

141 142 212 166 ιιιι-
232 140 277 175 qui
292 140 397 176 vigilat,
423 141 464 169 sic
483 142 528 177 qui
554 143 655 171 dorntit
679 144 752 180 jacet
778 146 917 181 immotus,
930 152 957 175 et
971 149 992 177 Α
1008 148 1194 181 venienti,sed
1205 149 1230 176 ci
1247 149 1293 185 qui
1308 155 1350 177 est
1367 150 1436 185 apud
1452 149 1559 179 Patrem
1574 150 1693 180 Verbum
1710 154 1793 182 Deus.

142 185 266 213 IIIOI‘liS
284 190 373 221 torpet
388 187 577 216 similitudine.
591 189 667 223 Quod
684 196 774 219 autem
787 194 958 222 dormitatio—

144 239 231 259 nom
259 238 389 268 sequatur
411 242 496 267 mors,
512 241 539 263 et
561 237 647 271 prima
668 239 701 265 ad
718 239 875 268 Corinthios
893 241 957 275 Epi-

88 279 97 285 '
143 277 238 304 stola
255 277 352 305 docere
365 286 414 306 nos
430 280 541 313 poterit,
560 282 587 308 in
609 290 663 317 qua
685 283 720 310 ita
744 284 874 320 scriptum
894 290 955 313 est:

147 318 250 349 Nunc
266 329 351 351 autent
373 325 494 353 Christus
515 329 629 355 surrexit
644 337 677 356 ea:
694 318 816 363 mortuis,
832 332 957 366 primitiae

146 369 360 397 dormientium
372 378 382 397 .'
396 373 458 407 quia
467 382 514 408 per
525 373 656 402 hominem
672 383 754 408 ntors,
771 382 795 404 et
807 385 854 411 per
869 378 956 405 homi-

150 422 229 441 nem
259 420 416 444 resurrectio
441 425 627 452 mortuorum;
653 425 681 448 et
707 427 766 457 post
796 422 954 457 paululum:

148 459 233 488 Non
261 470 350 490 omnes
373 464 545 499 dormiemus,
565 467 611 494 sed
633 476 721 495 omnes
743 469 954 504 immutabimur,

147 506 187 533 in
210 515 353 543 momento,
371 510 398 537 in
418 511 472 538 ictu
490 512 570 546 oeuli,
586 513 614 540 in
631 514 772 541 nouissima
786 516 859 542 tuba.
872 516 955 544 Canet

151 554 240 580 enim
259 555 333 588 tuba,
357 561 381 583 et
402 558 502 584 mortui
517 564 653 594 resurgent
676 560 836 595 incorrupti.
860 566 885 588 et
907 571 955 589 nos

150 598 368 627 s'mmutabimur
387 602 421 629 ".
439 602 506 629 Cutn
521 610 587 637 ergo
610 604 667 632 hazc
681 605 714 632 de
728 606 894 634 dormitione
914 608 955 634 di-

151 650 265 671 cantur
276 650 303 673 et
316 652 414 679 morte,
430 653 457 675 et
470 648 536 676 illud
551 650 705 685 legantusin
715 652 855 686 Apostolo,
868 653 955 689 Surge

152 690 212 723 qui
226 691 336 724 dormis,
353 698 377 720 et
397 702 510 728 eIsurge
524 696 556 722 de
572 697 694 730 mortuis,
713 702 737 724 et
753 698 913 726 illuminabit
929 705 955 728 te

152 736 332 771 Christus",
352 738 477 774 juremus
501 741 628 774 Domino,
655 746 682 770 ct
700 748 793 771 volutn
820 744 954 775 faciamus

156 783 221 811 Deo
237 783 329 817 Jacob.
340 786 525 822 unusquisque
539 788 635 816 dicens
648 789 674 816 in
690 791 772 818 corde
787 798 853 820 suo:
869 792 898 819 Si
910 802 954 820 as-

156 830 275 857 cendant
303 840 382 866 super
403 838 515 860 stratura
546 842 643 867 meum,
662 836 686 862 si
709 836 806 863 dedero
829 846 952 866 somnum

157 875 249 903 oculis
267 877 331 904 meis
348 883 372 904 et
393 879 525 913 palpebris
542 881 605 908 meis
624 881 850 916 dormitationem,
870 885 952 912 donec

157 922 295 950 inveniam
309 924 394 951 locum
408 924 521 953 Domino
532 927 555 944 "’
571 937 579 954 :
604 928 676 956 haud
701 928 811 956 dubium
833 931 897 965 quin
924 932 950 958 in

157 969 254 996 anima
270 977 317 997 sua
334 970 537 1000 tabernaculum
555 974 610 1002 Deo
623 974 718 1010 Jaceb,
734 981 763 1004 ut
776 976 848 1004 Deus
863 977 889 1005 in
905 978 951 1006 illo

156 1018 261 1041 aeterna
274 1016 338 1042 sede
353 1016 517 1050 requiescat.

199 1059 342 1095 Sequitur:
359 1061 428 1094 Quia
446 1063 500 1097 ipse
516 1063 644 1093 Dominus
660 1067 687 1094 in
698 1068 778 1102 jussu
795 1068 829 1101 ⁸⁸³,
844 1073 870 1096 et
885 1069 949 1097 reli-

160 1113 228 1140 qua.
251 1106 403 1135 Descendet
415 1109 487 1137 enim
510 1111 612 1139 missus
625 1120 639 1139 a
654 1112 747 1146 Patre,
766 1123 820 1142 noti
833 1115 948 1144 diversi-

160 1156 218 1179 tate
231 1152 351 1187 virtutis,
368 1154 415 1181 sed
427 1154 632 1190 dispensatione
652 1157 771 1193 judicis;
786 1164 814 1187 et
836 1161 948 1189 descen-

159 1198 206 1224 det
223 1198 256 1224 ad
274 1206 320 1226 cos
332 1200 378 1234 qui
397 1200 522 1228 deorsum
546 1207 612 1229 sunt
639 1203 755 1232 Verbum
781 1206 838 1238 Dei,
856 1211 883 1234 et
902 1215 948 1234 sa-

158 1244 274 1279 pientia,
298 1250 325 1272 et
347 1246 460 1279 veritas,
489 1252 571 1283 atque
589 1247 708 1283 justitia.
732 1250 766 1278 Et
791 1259 947 1288 quanquam

161 1290 262 1318 mortui
283 1292 336 1319 sint
352 1294 386 1319 ad
409 1300 478 1328 quos
496 1294 623 1329 dignatur
639 1296 818 1331 descendere,
836 1306 890 1326 non
908 1304 949 1326 ta-

158 1343 221 1363 men
238 1342 302 1364 sunt
322 1338 356 1366 ab
377 1346 410 1366 eo
425 1339 507 1368 alieni
532 1349 540 1368 :
560 1342 661 1369 mortui
679 1343 751 1370 enim
767 1348 899 1371 vocantur
919 1345 946 1372 iit

156 1381 268 1410 Christo
287 1382 320 1410 “.
341 1383 391 1417 Qui
410 1390 501 1413 autent
519 1387 624 1419 vivunt,
647 1389 698 1416 hoc
714 1389 817 1417 habent
834 1391 944 1425 privile-

157 1429 245 1461 giutn,
259 1430 330 1463 quod
347 1430 487 1466 eliguntur
501 1440 517 1460 e
531 1434 666 1468 pluribus.
686 1435 816 1463 Attamen
841 1441 947 1464 utrum-

156 1481 211 1507 que
227 1482 335 1510 agmen,
358 1481 385 1504 et
406 1482 576 1506 mortttorum
602 1479 628 1506 in
659 1480 782 1513 Christo,
803 1486 831 1509 et
852 1482 947 1510 vivcn—
960 1496 981 1526 ρ

156 1520 236 1552 tium,
254 1522 393 1556 rapientur
414 1523 518 1558 pariter
533 1525 560 1552 in
581 1525 700 1553 nubibus
728 1526 837 1554 obviam
863 1527 945 1556 Chri-

154 1571 198 1593 sto
214 1566 248 1598 ",
263 1571 291 1593 ut
307 1575 360 1594 llOn
376 1575 437 1595 eum
451 1575 610 1604 exspectent
621 1572 706 1598 donec
720 1572 754 1598 ad
771 1576 879 1601 terrena
898 1574 945 1601 dc-

155 1611 280 1644 seendat,
296 1612 342 1638 sed
358 1615 502 1647 praesentia
517 1615 590 1643 illius
605 1621 633 1644 et
646 1617 825 1646 contubernio
837 1618 864 1646 in
877 1620 945 1648 sub-

158 1655 272 1684 limibus
301 1657 489 1692 perfruantur.
516 1659 677 1696 Quantaque
697 1663 842 1692 clementia
865 1665 944 1693 Citri-

156 1701 200 1733 sti,
218 1706 248 1729 ut
267 1709 315 1737 pro
326 1703 414 1731 salute
430 1709 522 1732 nostra
539 1714 592 1733 non
606 1707 692 1735 solum
710 1716 774 1736 caro
791 1710 880 1738 factus
896 1711 942 1745 sit,

157 1750 205 1776 sed
219 1749 252 1776 ad
268 1754 390 1778 mortuos
407 1758 493 1786 usque
507 1752 688 1787 descenderit.
699 1756 765 1783 etin
781 1757 838 1791 ipsa
855 1763 943 1786 morte

155 1792 255 1822 habeat
274 1795 350 1831 signa
369 1796 520 1824 viventium
535 1798 542 1825 !
560 1806 630 1833 aqua
648 1800 723 1827 enim
739 1806 767 1828 et
783 1803 897 1837 sanguis
909 1803 942 1830 de

154 1839 239 1868 latere
254 1840 313 1874 ejus
328 1849 438 1877 egressa
457 1847 521 1870 sttnt
535 1843 569 1870 ³⁸.
585 1843 730 1873 Descendit
754 1846 838 1881 igitur
852 1855 942 1875 sertno

154 1886 262 1915 divinus
276 1895 342 1915 voce
360 1889 517 1926 archangeli
532 1891 715 1926 prtecedeule,
730 1898 757 1920 et
773 1898 942 1928 przeparante

153 1932 204 1959 sibi
227 1933 297 1961 viam
322 1934 348 1962 in
379 1934 422 1963 his
441 1937 486 1971 qui
504 1938 563 1972 ejus
589 1942 703 1972 possunt
727 1938 800 1966 ferre
818 1947 939 1974 praesen-

154 1978 226 2005 tiam.

186 2025 263 2058 Quod
282 2031 310 2053 ιιι
325 2035 456 2062 queamus
469 2030 630 2065 intelligere,
645 2031 723 2065 primi
737 2033 868 2062 adventus
882 2043 940 2070 my-

150 2071 234 2098 steria
250 2079 457 2107 cognoscamus.
475 2076 612 2111 Seriptnnt
639 2083 681 2106 est
705 2079 739 2106 de
762 2078 868 2108 Joanne
892 2082 938 2116 qui

149 2125 301 2152 przecursor
320 2120 378 2155 ejus
402 2121 462 2155 fuit,
487 2124 559 2157 quod
577 2124 602 2151 in
621 2132 714 2153 eremo
739 2126 860 2154 dixerit:
882 2127 938 2163 Ego

1008 194 1042 220 Et
1061 198 1124 221 tunc
1146 194 1256 229 quidem
1272 196 1481 231 egrediebantur
1495 197 1522 224 itt
1538 198 1687 230 desertum,
1702 205 1731 227 ut
1744 208 1795 227 au-

1009 240 1101 267 dirent
1115 241 1248 276 assumpti
1264 239 1383 269 hominis
1400 240 1609 277 praecursorem.
1624 248 1652 271 et
1673 245 1796 273 viderent

1009 286 1174 314 arundinem
1194 291 1275 314 vento
1302 287 1432 323 agitatam
1460 288 1495 319 ⁸⁸,
1512 289 1545 316 de
1561 296 1613 323 qua
1635 289 1713 316 factm
1731 295 1794 317 sunt

1010 331 1091 364 tibiae,
1108 336 1136 359 et
1152 331 1253 359 vocalis
1270 332 1390 359 calamus
1401 332 1446 367 qui
1461 332 1487 359 in
1499 340 1547 360 ore
1562 341 1705 368 puerorum
1722 335 1794 362 dulci

1007 382 1087 404 sonat
1109 377 1304 410 modulamine,
1323 379 1481 406 canentiqu
1497 378 1523 405 in
1542 378 1640 411 plateis
1654 384 1734 414 atque
1753 380 1796 407 di-

1008 423 1155 450 centium:
1179 423 1352 451 Cantavimus
1381 424 1470 458 vobis,
1491 429 1516 451 et
1545 433 1597 452 non
1623 425 1741 453 saltastis
1758 427 1794 454 ι’.

1007 467 1085 496 Nunc
1112 473 1204 496 autem
1227 469 1254 496 in
1271 477 1338 497 voce
1356 469 1512 504 archangeli
1540 471 1721 505 praecedentis
1739 472 1794 499 Do-

1008 513 1111 541 minum
1134 514 1345 542 descendentem
1367 515 1399 542 de
1423 515 1512 547 caelis,
1537 520 1565 543 et
1587 516 1613 543 in
1639 517 1794 545 clarissima

1007 560 1083 592 tuba,
1100 559 1289 594 unusquisque
1300 560 1468 587 credentium
1484 560 1526 589 vel
1546 562 1580 589 ad
1593 562 1729 597 przclium,
1753 564 1795 590 vel

1006 603 1039 630 ad
1057 604 1238 632 sacerdotalia
1262 604 1414 632 ntinisteria
1430 611 1604 639 provocatur.
1622 606 1750 642 Legimus
1767 608 1793 635 in

1007 649 1186 677 Numerorum
1201 650 1271 678 libro
1286 651 1309 667 '°
1330 656 1453 679 sacratas
1472 652 1525 679 Deo
1540 652 1630 685 tubas,
1649 660 1710 687 qua:
1731 658 1795 680 ante

1007 693 1112 722 hostias
1134 700 1292 729 personcnt.
1316 695 1363 723 Sin
1393 702 1484 725 autem
1507 705 1606 732 magna
1620 702 1662 725 est
1677 705 1727 725 vox
1743 706 1793 725 an-

1004 739 1068 775 geli,
1097 744 1125 767 et
1152 740 1234 773 tubas.
1258 746 1286 768 et
1307 742 1478 777 archangeli,
1503 747 1608 777 quanto
1632 743 1717 778 magis
1740 743 1793 770 erit

1006 787 1080 814 tuba:
1096 786 1142 814 Dei
1168 795 1228 822 quae
1244 793 1322 822 parat
1337 789 1396 816 vias
1410 790 1529 823 primum
1546 788 1738 816 dormientium
1764 793 1793 816 et

969 822 990 850 Β
1006 837 1178 860 tnortuorum
1193 833 1220 860 in
1240 833 1361 866 Christo,
1387 822 1486 862 deinde
1508 842 1601 862 eorum
1621 834 1666 869 qui
1684 835 1789 868 vivunt,

1003 882 1032 905 et
1046 878 1147 905 residui
1162 884 1239 911 sunt,
1256 883 1284 906 et
1300 880 1436 907 sermonis
1462 881 1508 908 Dei
1533 881 1724 915 praestolamur
1741 882 1790 909 ad-

1002 926 1112 949 ventum
1124 922 1135 949 ?
1146 922 1273 950 Forsitan
1287 923 1420 958 simplicis
1439 924 1509 951 tuba:
1523 925 1636 959 clangor
1650 925 1790 952 dormien-

1002 969 1076 996 tibus
1092 972 1120 996 ιιι
1136 968 1252 996 mortuis
1280 969 1305 996 itt
1331 968 1440 997 Christo
1464 971 1634 999 tteccssarius
1649 976 1711 1004 est;
1735 979 1788 999 vox

1001 1019 1094 1042 autem
1109 1014 1266 1049 archangeli
1291 1019 1318 1042 et
1342 1015 1413 1042 tuba:
1427 1015 1473 1044 Dei
1492 1016 1534 1044 liis
1549 1017 1594 1051 qui
1609 1017 1704 1044 vivunt
1720 1018 1788 1045 etin

1001 1061 1147 1097 prreseulia
1166 1061 1214 1088 Dei
1227 1066 1411 1089 reservantur.

1037 1107 1185 1135 Videamus
1199 1108 1263 1143 qttid
1280 1108 1365 1143 possit
1377 1108 1491 1143 intelligi
1511 1114 1539 1136 et
1558 1108 1584 1136 id
1599 1109 1671 1144 quod
1694 1109 1787 1144 sequi-

1003 1158 1047 1181 lur
1059 1162 1066 1181 :
1078 1153 1166 1181 Simul
1182 1162 1242 1181 cum
1253 1154 1305 1182 illis
1317 1155 1452 1190 rapientur
1465 1155 1497 1182 ".
1511 1155 1571 1188 Quo
1586 1156 1667 1183 verbo
1680 1157 1787 1184 ostendi

1002 1203 1070 1234 puto
1087 1199 1206 1227 subitum
1233 1200 1266 1227 ad
1285 1200 1399 1228 meliora
1419 1205 1620 1233 transcensum,
1644 1205 1671 1228 et
1685 1201 1788 1229 idcirco

1002 1250 1110 1280 raptum
1124 1254 1154 1273 se
1170 1246 1291 1274 voluisse
1307 1247 1409 1279 dicere.
1426 1251 1456 1273 ut
1468 1246 1598 1274 velocitas
1619 1247 1786 1275 transeuntis

1000 1298 1110 1318 scnSunt
1126 1291 1275 1326 cogitantis
1288 1291 1446 1319 excederet.
1461 1291 1538 1325 Quod
1562 1296 1591 1318 et
1613 1291 1640 1318 in
1654 1292 1709 1319 alio
1725 1292 1785 1320 loco

1000 1337 1122 1373 ejusdem
1138 1338 1214 1366 verbi
1232 1338 1400 1373 proprietate
1412 1338 1530 1373 signavit
1550 1348 1556 1365 :
1575 1336 1636 1364 Seio
1655 1337 1784 1365 hominem

998 1382 1027 1409 in
1037 1381 1144 1409 Christo
1157 1388 1218 1409 ante
1234 1391 1317 1410 annos
1330 1383 1538 1418 quatuordecint,
1554 1383 1606 1410 sive
1620 1383 1647 1409 in
1665 1390 1786 1417 corpore,

1000 1428 1098 1460 nescio,
1119 1427 1171 1454 sire
1188 1434 1263 1456 extra
1277 1436 1383 1463 corpus,
1399 1428 1496 1460 nescio,
1514 1427 1585 1455 Deus
1601 1428 1661 1461 scil,
1682 1432 1786 1462 raptum

999 1472 1152 1499 istiusmodi
1168 1481 1248 1507 usque
1263 1473 1298 1498 ad
1311 1473 1417 1499 tertium
1434 1472 1537 1500 caelum.
1560 1470 1592 1498 Et
1613 1471 1669 1499 scio
1689 1472 1787 1507 huius-

1000 1518 1070 1544 modi
1083 1518 1225 1551 hominem,
1246 1519 1299 1545 sive
1317 1518 1344 1544 in
1370 1525 1491 1552 corpore,
1511 1517 1565 1544 sive
1583 1521 1659 1544 extra
1679 1525 1785 1552 corpus,

998 1565 1095 1597 nescia,
1111 1563 1181 1591 Deus
1200 1565 1261 1596 scit,
1277 1564 1339 1597 quia
1358 1569 1449 1598 raptus
1471 1569 1508 1590 est
1530 1564 1558 1590 in
1579 1563 1744 1598 paradisum.
1759 1567 1784 1590 et

997 1611 1097 1638 audivit
1108 1611 1185 1638 verba
1205 1610 1352 1645 ine/I‘abilia
1361 1618 1419 1644 quw
1432 1618 1483 1636 non
1492 1610 1551 1636 licet
1562 1609 1740 1645 ltomint'loqui
1749 1609 1783 1636 ".

994 1656 1140 1684 Alii'euim
1156 1656 1342 1692 proficientes,
1358 1660 1394 1688 et,
1412 1660 1441 1682 ut
1456 1656 1491 1682 ita
1507 1656 1606 1687 dicam,
1627 1655 1783 1689 gradientes

994 1705 1028 1733 ad
1048 1705 1151 1739 majora
1165 1704 1339 1735 crescebant,
1355 1703 1441 1730 donec
1457 1703 1564 1734 tierent,
1577 1702 1657 1737 juxta
1671 1702 1697 1729 id
1710 1702 1782 1737 quod

994 1752 1126 1785 scriptum
1144 1754 1196 1783 est,
1218 1750 1307 1784 magni
1335 1748 1409 1775 valde
1436 1747 1513 1774 nimis
1534 1748 1556 1763 "
1576 1755 1583 1781 ;
1601 1753 1630 1775 et
1648 1749 1782 1783 quosdam

994 1795 1020 1823 in
1037 1795 1138 1822 cmlum
1161 1798 1317 1828 assumptos
1338 1793 1465 1828 leg-imus.
1489 1792 1590 1820 Paulus
1615 1797 1706 1820 autem
1732 1800 1782 1820 vas

993 1840 1134 1868 electionis
1148 1840 1174 1867 in
1187 1832 1297 1867 tertium
1320 1837 1420 1866 coelum
1445 1842 1539 1872 raptus
1554 1838 1686 1870 ascendit,
1702 1842 1730 1865 et
1742 1838 1782 1865 id-

995 1887 1070 1914 circo
1086 1886 1192 1913 audivit
1206 1887 1289 1913 verba
1308 1885 1466 1913 ineﬂ'ubilia.
1481 1885 1622 1918 Quomodo
1646 1888 1738 1912 autem
1752 1885 1779 1913 hi

993 1933 1039 1968 qui
1061 1932 1203 1967 rapiuntur
1222 1932 1250 1958 in
1273 1932 1397 1964 nubibus,
1418 1932 1560 1966 rapiantur
1579 1930 1680 1958 obviam
1702 1930 1780 1957 Chri—

994 1984 1035 2005 sto
1047 1978 1081 2011 ",
1096 1978 1254 2013 diligentius
1277 1979 1515 2013 contemplandum
1529 1982 1581 2005 est.
1605 1977 1712 2005 Scimus
1726 1985 1778 2004 nu-

991 2023 1039 2050 bes
1054 2024 1213 2058 prophetas,
1229 2024 1325 2058 quibus
1343 2024 1472 2059 pratcepit
1486 2023 1586 2051 Deus”
1601 2030 1634 2051 ne
1652 2022 1779 2058 pluerent

992 2077 1072 2105 super
1086 2070 1213 2097 lsracletn
1232 2070 1359 2103 imbrem,
1376 2072 1484 2105 quando
1501 2070 1681 2105 impleverunt
1696 2077 1776 2097 men-

992 2123 1084 2143 suram
1100 2119 1206 2151 patrum
1222 2123 1333 2143 suorum
1348 2116 1383 2148 ",
1399 2122 1427 2144 et
1443 2116 1512 2143 facta
1527 2121 1569 2144 est
1592 2116 1635 2142 lex
1658 2119 1686 2143 et
1711 2122 1775 2150 pro-

149 2172 196 2191 t'ox
209 2164 350 2193 clamantis
365 2167 392 2193 in
412 2168 516 2195 deserto
528 2167 572 2201 3‘;
590 2174 618 2197 et
639 2170 756 2206 reliqua.
785 2171 855 2205 Quid
880 2173 936 2200 cla-

1000 2161 1084 2189 theta:
1103 2168 1190 2196 usque
1219 2161 1252 2188 ad
1278 2160 1412 2189 Joannem
1439 2161 1588 2196 Baptistam
1610 2161 1643 2189 ".
1664 2161 1698 2187 Et
1712 2161 1775 2195 quia

149 2212 232 2237 mavit
249 2218 299 2238 vox
318 2212 345 2239 in
362 2213 490 2241 deserto:
508 2214 607 2243 Parate
623 2217 692 2244 ciant
713 2217 831 2251 Domini,
850 2225 935 2247 rectas

149 2255 228 2288 Incite
242 2258 348 2284 semitas
362 2258 419 2293 ejus
440 2260 483 2287 "1'
502 2261 542 2288 0b
562 2263 633 2296 quod
651 2265 791 2297 praemium
818 2273 935 2300 quamve

149 2302 298 2329 mercedem
312 2312 319 2330 :
336 2303 428 2331 Omnis
446 2306 523 2333 uallis
538 2307 698 2342 implebitur,
717 2315 740 2336 et
757 2312 841 2338 omnis
858 2320 932 2340 mons

148 2350 169 2372 et
183 2346 256 2373 collis
273 2349 460 2377 humiliabitur
475 2358 485 2377 :
508 2356 533 2378 et
550 2359 625 2380 erunt
636 2363 717 2388 prava
731 2355 759 2382 in
775 2357 886 2389 directa,
905 2362 932 2384 et

148 2399 239 2425 aspera
253 2393 336 2429 694
355 2396 381 2421 in
397 2396 450 2422 vius
462 2397 555 2430 planas
569 2408 580 2432 ;
602 2405 625 2426 et
641 2400 738 2427 videbit
759 2404 844 2429 omnis
869 2412 931 2431 caro

148 2436 269 2465 Salutare
286 2439 334 2466 Dei
346 2440 386 2467 3‘?
404 2440 459 2469 Hoc
471 2448 560 2470 autent
576 2445 647 2479 ideo,
661 2447 724 2481 quia
743 2446 853 2475 Verbum
869 2457 931 2476 euro

148 2484 243 2519 factum
260 2491 309 2517 est,
324 2490 350 2512 et
367 2487 491 2516 habitavit
505 2489 531 2516 in
548 2491 622 2517 nobis
637 2491 670 2518 ⁸⁷.
685 2492 761 2521 Nunc
778 2500 867 2522 autent
881 2503 930 2523 ne-

147 2537 276 2564 quaquam
306 2538 356 2558 vox
387 2534 525 2567 propheta:
550 2535 576 2562 in
604 2537 713 2565 deserto
734 2538 798 2571 erit,
813 2540 861 2566 sed
876 2548 927 2568 vox

146 2575 297 2611 arcltangeli
320 2579 443 2612 parantis
466 2579 524 2608 vias
549 2589 601 2609 n0u
618 2583 644 2609 in
660 2584 753 2611 carnis
774 2584 928 2614 lmmilitate

991 2209 1061 2235 Deus
1082 2208 1174 2242 posuit
1187 2208 1213 2234 in
1225 2207 1345 2234 Ecclesia
1362 2206 1479 2240 priutum
1494 2206 1642 2241 apostolos,
1655 2207 1776 2234 secundo

991 2253 1140 2288 prophetas
1153 2253 1186 2287 ’⁸,
1204 2260 1257 2280 non
1283 2253 1370 2280 solum
1389 2251 1536 2286 prophetat,
1555 2253 1602 2279 sed
1615 2256 1643 2279 et
1659 2252 1775 2287 apostoli

989 2300 1074 2327 nubes
1100 2298 1268 2334 intelligendi
1293 2303 1366 2325 sunt.
1387 2298 1492 2333 Siquis
1518 2298 1600 2333 igitur
1619 2298 1723 2334 rapitur
1739 2299 1775 2326 ad

986 2345 1137 2379 Christum,
1152 2345 1276 2372 ascendit
1294 2352 1377 2379 super
1396 2345 1481 2372 nubes
1494 2344 1560 2380 legis
1577 2350 1606 2373 ot
1623 2345 1773 2381 Evangelii,

986 2398 1069 2426 super
1085 2392 1233 2427 prophetas
1247 2396 1275 2420 et
1291 2391 1428 2427 apostolos
1440 2401 1448 2426 ;
1459 2396 1487 2419 et
1501 2392 1650 2427 assumptis
1665 2392 1715 2420 alis
1727 2400 1774 2420 co-

985 2438 1094 2472 Ιιιιιιιιω,
1120 2446 1270 2473 eorttmque
1297 2439 1418 2466 doctrina
1451 2438 1485 2466 ad
1510 2438 1616 2466 excelsa
1638 2438 1770 2472 sublatus,

984 2486 1116 2518 occurrit,
1144 2493 1197 2513 non
1220 2485 1358 2518 deorsum,
1375 2486 1422 2513 sed
1446 2486 1472 2512 in
1499 2491 1572 2517 aere,
1590 2490 1619 2512 et
1634 2485 1770 2520 spirituali

984 2532 1163 2567 intelligentia
1195 2531 1412 2569 Scripturarum.
1447 2531 1600 2559 Occurrens
1626 2535 1716 2559 autent
1742 2532 1768 2559 in

984 2580 1180 2614 spiritualibus,
1206 2585 1234 2607 ct
1264 2585 1372 2607 terrena
1404 2578 1554 2611 dimittens,
1585 2577 1644 2606 sive
1666 2577 1712 2605 ille
1734 2578 1772 2607 sit

190 2659 244 2700 _l
262 2660 402 2700 _Cor.__xv,
423 2662 469 2695 20,
495 2662 541 2695 2|,
564 2663 610 2700 δι,
635 2664 680 2691 52.
717 2665 741 2681 ⁷⁸
754 2665 854 2700 Ephes.
879 2667 944 2695 v.”

999 2668 1018 2684 η
1033 2667 1211 2698 psalmum,
1224 2665 1290 2698 λι,
1301 2665 1329 2700 5,
1367 2663 1410 2691 ⁸⁰1
1427 2663 1630 2700 Tltess.vt,15.
1668 2666 1690 2682 ⁸¹
1704 2667 1769 2697 ibid.

144 2692 164 2736 τ’
180 2694 245 2721 ibid.
260 2696 302 2736 te.
315 2731 329 2736 Δ
341 2697 364 2712 οι
375 2692 467 2736 titan;
490 2692 549 2736 m’,
563 2692 608 2736 at;
625 2700 669 2736 ff
680 2692 830 2731 ιιςιιιιι.“ιιι,
843 2692 881 2734 3;
897 2692 944 2728 ita}

999 2711 1014 2735 ι,
1033 2692 1210 2730 ξςῖπιᾴὶὶιξί
1226 2692 1302 2732 hij;
1317 2699 1489 2736 ioan.t,723.
1527 2700 1550 2715 “
1567 2692 1621 2728 'lsa.
1641 2709 1684 2734 ςι..

145 2728 349 2777 Η¹ἵ¹τέἶ¹ξη⁵ιίῗζ
382 2728 584 2777 ἳὶ.³οπ;ι-.ξν,ιιο
623 2728 844 2777 "tunc-"uss
875 2728 944 2763 δικ

1004 2728 1202 2777 ἔίιζιῃ-μυε.
1226 2728 1362 2777 νιί,ηξ’5ἓ.η
1377 2735 1405 2777 _°°
1416 2728 1497 2777 ilum:
1519 2736 1620 2777 xxiii;
1641 2728 1723 2777 iriiri;
1740 2728 1766 2764 ιὶξ

144 2762 297 2805 ξξιηξῡῇρ-
323 2774 361 2805 I_V.
380 2767 423 2794 16-
444 2762 587 2805 λἸΙιξοε.
599 2771 674 2805 νηοὶ
687 2778 744 2803 seq.
781 2762 883 2798 '"ch.
898 2762 969 2805 sivi,
986 2762 1090 2800 713.7-1"
1102 2762 1242 2805 I’Thesitv,
1260 2762 1301 2798 ι’δ.
1341 2772 1363 2788 ’⁸
1376 2771 1436 2799 lsai.
1449 2773 1509 2804 v.6.
1540 2762 1676 2801 "'VMatth.
1689 2762 1767 2804 sitm,

144 2798 181 2826 δὲ.
219 2800 240 2815 ’⁷
257 2800 351 2828 Matth.
391 2810 428 2835 XI,
440 2802 484 2831 15.
522 2804 544 2820 ⁹⁸
558 2798 655 2839 ΕνΙιεέ.
673 2813 710 2837 ιν,
727 2798 772 2832 ἰι.
