3894 6356
561 195 699 263 1503

1830 209 2155 268 ORIGENIS
2193 212 2626 270 FRAGMENTA

3563 248 3629 306 17.44

554 319 847 389 dormiens.
879 329 990 382 sive
1049 328 1099 381 in
1139 321 1354 384 Christo
1397 339 1662 393 mortuus,
1708 331 1821 386 sive
1857 332 2044 386 vivens
2073 343 2126 388 et
2159 341 2198 395 Α
2230 336 2354 398 erit,
2387 345 2440 390 et
2475 335 2808 404 perfruetur
2847 331 3023 389 Verbo
3075 336 3185 400 Dei.
3229 350 3277 394 et
3318 347 3532 418 sapientia,
3556 376 3630 416 ενα..

554 429 606 473 in
654 418 796 473 illius
830 421 1174 486 przesentiam
1230 432 1562 494 reservatus,-
1611 438 1829 494 scmper
1878 441 1998 480 cum
2033 425 2124 478 illo

2235 436 2364 493 tate,
2400 439 2562 498 alque
2585 426 2848 496 jnstitia.

557 562 3628 626 ‘—-—————-——-—-—-—————-————————-—_—-—-———-———————————-——“

1255 729 1360 790 EX
1400 729 1636 790 ΙΛΙΒῖἶο
1669 728 2049 792 ORIGENIS
2082 729 2160 789 IN
2192 730 2655 792 EPISTOLAM
2696 731 2812 790 AD
2843 731 3124 791 TITUM.

617 893 694 952 De
714 913 772 950 eo
791 897 1020 966 capitan
1049 897 1101 950 in
1135 905 1236 967 quo
1260 898 1387 950 dicit
1416 896 1730 965 Apostolus:
1759 915 1777 947 ι
1806 895 2123 977 Ilwreticum
2159 896 2423 950 hominem
2463 906 2578 978 post
2605 913 2781 948 unam
2810 898 3186 978 coarfptionem
3212 899 3372 967 devita,
3398 907 3600 978 uir-usqu.

1281 983 1552 1035 perrersus
1569 977 1664 1032 est,
1699 977 1744 1021 et
1768 976 1966 1038 peccat,
1997 967 2173 1036 quiest
2195 969 2829 1036 asemetipsodamnatus
2864 966 2980 1038 {90)
3020 1001 3038 1034 ,

2133 1136 2202 1146 .—

616 1289 822 1344 Nomen
855 1291 1099 1352 haeresis.
1136 1297 1399 1359 quantum
1452 1305 1552 1358 ego
1583 1289 1990 1359 deprehendere
2020 1301 2117 1358 μου
2151 1277 2192 1346 Β
2227 1299 2352 1339 eum
2391 1283 2616 1349 fecerat.
2658 1292 2724 1336 ul
2759 1281 3017 1336 millercl
3062 1280 3246 1335 Filium
3295 1299 3419 1337 suum
3457 1289 3502 1338 ad
3538 1297 3634 1344 mund

546 1385 640 1445 tui,
676 1385 840 1438 etiam
873 1385 922 1438 in
952 1383 1188 1452 Epistola
1221 1385 1286 1439 ad
1315 1384 1627 1442 Corinthios
1663 1383 1984 1453 designatur
2018 1383 2120 1437 hoc

543 1477 733 1530 modo:
763 1474 976 1541 Oportet
990 1478 1125 1530 enim
1146 1477 1367 1531 Itmreses
1391 1493 1526 1538 esse.
1552 1476 1826 1544 utprobati
1853 1474 2120 1544 manifesti

541 1567 670 1636 [iant
713 1567 851 1622 inter
881 1584 968 1621 vos
996 1563 1034 1620 ί.
1067 1567 1129 1620 Et
1158 1568 1352 1621 iterum
1387 1567 1456 1619 ad
1486 1566 1731 1628 Galatas,
1770 1565 1912 1618 inter
1955 1577 2116 1634 opera

540 1659 723 1712 carnis
759 1659 980 1714 haeresis
997 1673 1214 1728 quoque
1248 1674 1444 1714 nomen
1480 1658 1797 1724 ascribitur,
1828 1657 1975 1711 sicut
2001 1657 2114 1710 ait:

543 1749 831 1819 Manifesta
856 1763 1032 1806 autem
1057 1761 1177 1804 sunt
1212 1767 1368 1819 opera
1399 1751 1599 1812 carnis,
1635 1766 1752 1817 qua:
1790 1758 1912 1803 sunt
1942 1747 2115 1819 [orni-

535 1843 696 1906 catio,
725 1842 1084 1907 intmunditia,
1119 1843 1467 1909 impudicitia,
1487 1840 1811 1906 idololatria,
1840 1841 2118 1908 veneﬁcia,

535 1933 855 1998 inimicitia',
920 1935 1301 1999 contentiones,
1367 1935 1749 1999 a'mulationes,
1795 1934 1913 1998 ine,
1961 1936 2114 2000 rixae,

536 2026 840 2090 discordia',
859 2025 1102 2091 lm‘reses,
1119 2028 1416 2095 ebrietates,
1433 2030 1866 2096 comessationes,
1879 2040 1926 2083 et
1944 2031 2025 2083 Itis
2042 2029 2116 2082 si-

539 2117 706 2180 milia,
729 2133 846 2186 quat
861 2119 1090 2183 pra'dico
1110 2121 1276 2184 vobis,
1290 2121 1539 2188 quoniam
1558 2121 1648 2191 qui
1677 2119 1805 2174 talia
1822 2130 2010 2191 agunt,
2026 2138 2110 2174 re-

535 2223 692 2275 guunt
744 2205 840 2260 Dei
862 2223 966 2261 non
1005 2209 1405 2276 possidebunt’.
1432 2209 1536 2265 Per
1570 2226 1690 2280 qua:
1730 2215 2111 2280 cognoscimus

535 2300 812 2366 quoniam,
860 2301 1002 2353 sicut
1049 2299 1101 2353 hi
1128 2300 1220 2368 qui
1251 2300 1728 2364 fornicationibus,
1765 2301 1848 2358 vel
1880 2304 2112 2360 immun-

533 2391 704 2455 ditiis,
726 2400 888 2461 atque
917 2391 1285 2462 impndicitiis,
1309 2403 1364 2449 et
1383 2394 1648 2449 idolorum
1679 2395 1912 2452 cultibus
1931 2413 2112 2452 macu-

532 2485 628 2540 lati
660 2493 808 2550 sunt,
838 2501 1062 2554 regnum
1084 2485 1174 2542 Dei
1208 2502 1313 2541 non
1341 2487 1714 2556 possidebunt,
1757 2489 1827 2543 ita
1847 2499 1903 2544 et
1929 2491 1980 2544 hi
2015 2490 2108 2561 qui

533 2576 587 2630 in
638 2576 887 2631 haeresim
933 2577 1346 2632 declinaverint.
1395 2578 1580 2647 Neque
1618 2581 1764 2633 enim
1807 2580 2104 2650 putandum

533 2675 619 2720 est
654 2667 785 2720 tanti
811 2666 1054 2735 Apostoli
1086 2677 1191 2721 tam
1229 2646 1532 2722 absolutam
1594 2646 1916 2723 sententiam
1948 2684 2106 2738 posse
2135 2646 2178 2701 (ί

529 2757 639 2810 ullo
661 2771 859 2827 genere
886 2757 1162 2814 vacillare.
1193 2757 1485 2827 Apostolus
1532 2758 1679 2811 enim
1730 2769 1816 2812 est
1863 2759 2106 2815 omnium

529 2847 894 2908 Ecclesiarum
931 2847 1165 2912 Christi,
1205 2865 1306 2903 non
1334 2849 1397 2902 ab
1431 2849 1658 2916 homine,
1695 2866 1858 2920 neque
1890 2868 1980 2921 per
2013 2852 2107 2906 lto-

528 2942 872 3006 minem,-sed
915 2959 1007 3012 per
1045 2941 1230 2996 Iesum
1273 2941 1559 3010 Clu-istum,
1595 2953 1646 2997 et
1691 2943 1859 2999 Deum
1891 2944 2106 3000 Patrem

526 3035 732 3090 electus
760 3036 801 3088 ³.
845 3035 1009 3106 695
1056 3036 1347 3106 Propterea
1387 3052 1540 3107 ergo,
1583 3039 1879 3093 secundum
1923 3050 2105 3094 aucto-

527 3130 742 3182 ritatem
768 3130 1050 3183 sententiae
1093 3129 1280 3196 ipsius,
1305 3141 1524 3198 oportet
1565 3146 1686 3195 nos,
1717 3132 1861 3186 sicut
1895 3131 2102 3200 reliqua

528 3221 665 3273 mala
688 3233 810 3290 qua:
840 3223 1168 3286 numeravit,
1197 3223 1268 3274 ita
1293 3224 1454 3276 etiam
1487 3238 1680 3279 nomen
1708 3224 1930 3279 hmresis
1964 3226 2105 3279 devi-

528 3319 668 3375 tare,
699 3323 872 3380 neque
889 3320 1012 3364 cum
1043 3310 1239 3364 talibus
1269 3311 1533 3367 orationis
1565 3315 1826 3370 societate
1859 3317 2097 3372 misceri.

526 3411 592 3472 Et
628 3429 741 3488 post
781 3420 892 3474 Ita'c
920 3421 1104 3487 paucis
1136 3419 1449 3490 quibusdam
1483 3437 1576 3490 per
1611 3425 1841 3478 medium
1889 3426 2100 3482 insertis

1213 3491 1405 3560 adjecit
1421 3494 1440 3544 ἐ

593 3581 734 3650 Quid
773 3595 902 3637 vero
931 3583 1004 3638 sit
1046 3583 1334 3640 haereticus
1385 3585 1570 3651 homo,
1625 3601 1722 3656 pro
1753 3589 1961 3643 viribus
2001 3605 2098 3644 uo-

525 3677 657 3730 stris
712 3677 1012 3732 secundum
1056 3679 1198 3746 quod
1237 3679 1444 3732 sentire
1477 3694 1786 3749 possumus,
1821 3681 2099 3737 describa-

525 3779 670 3821 mus.
707 3766 897 3822 Omnis
931 3768 1024 3836 qui
1061 3782 1120 3823 se
1168 3769 1387 3824 Christo
1429 3771 1656 3826 credere
1696 3773 2009 3838 conﬁtetur,
2044 3783 2098 3830 et

523 3867 704 3913 tamen
742 3859 906 3914 alium
957 3861 1125 3915 Deum
1169 3861 1302 3932 legis
1352 3871 1406 3917 et
1465 3865 1874 3932 prophetarum,
1928 3867 2096 3923 alium

523 3937 944 4021 Evangeliorum
997 3951 1166 4006 Deum
1199 3953 1350 4018 dicit,
1406 3964 1462 4009 et
1505 3955 1720 4010 Patrem
1757 3959 1967 4012 Domini
2001 3975 2097 4013 nov

519 4043 621 4094 stri
658 4041 783 4096 Jesu
817 4042 1023 4095 Christi
1051 4059 1156 4096 non
1207 4060 1328 4098 eum
1372 4046 1506 4099 dicit
1539 4063 1658 4102 esse
1697 4049 1787 4116 qui
1831 4066 1859 4102 a
1896 4049 2013 4120 lege
2041 4059 2095 4104 et

523 4131 807 4201 prophetis
839 4131 1187 4200 pra-dicatur,
1214 4135 1306 4188 sed
1343 4134 1509 4188 alium
1537 4140 1722 4193 nescio
1758 4154 1916 4208 quem
1947 4141 2098 4208 igno-

522 4236 636 4276 tum
665 4225 920 4277 omnibus
952 4234 1115 4292 atque
1144 4225 1392 4280 omnibus
1424 4229 1748 4294 inauditum,
1787 4230 2093 4300 huiusmodi

521 4314 766 4368 homines
798 4315 1087 4370 hazreticos
1116 4317 1484 4385 designamus,
1513 4319 1808 4386 quamlibet
1837 4323 2002 4377 variis
2033 4339 2096 4378 ac

521 4407 756 4461 diversis
790 4418 843 4461 et.
871 4406 1132 4462 fabulosis
1161 4411 1490 4465 conciunent
1517 4413 1615 4466 ista
1642 4412 1930 4483 ﬁgmentis,
1955 4417 2095 4471 sicut

522 4507 828 4553 sectatores
879 4497 1192 4563 Marcionis,
1229 4508 1282 4555 et
1313 4499 1608 4569 Valentini,
1638 4513 1690 4557 et
1739 4503 2008 4563 Basilidis.
2037 4516 2091 4560 et

520 4582 574 4644 1ιί
611 4590 701 4660 qui
736 4606 794 4645 se
819 4590 1120 4646 Tethianos
1145 4592 1439 4661 appellant.
1476 4593 1582 4648 Sed
1614 4603 1668 4650 et
1696 4595 1933 4664 Apelles,
1964 4597 2093 4652 licet

521 4695 628 4734 non
671 4681 926 4734 erunibus
980 4683 1154 4736 modis
1190 4681 1281 4736 Dei
1325 4698 1445 4738 esse
1504 4685 1733 4754 deneget
1790 4687 1961 4758 legem
2007 4691 2092 4745 vel

519 4773 834 4841 prophetas,
895 4781 1073 4826 tamen
1129 4783 1183 4828 et
1243 4775 1357 4843 ipse
1411 4775 1703 4832 hmreticus
1751 4779 2086 4850 designatur,

517 4863 778 4930 quoniam
823 4863 1110 4918 Dominum
1169 4866 1311 4922 hunc
1347 4868 1441 4937 qui
1482 4870 1738 4925 mundum
1777 4873 1970 4938 edidit,
2023 4875 2086 4928 ad

515 4954 744 5024 gloriam
799 4955 1025 5011 alterius
1078 4958 1303 5027 ingeniti
1356 4973 1410 5015 ct
1463 4961 1587 5016 Itoni
1640 4965 1730 5018 Dei
1787 4964 1910 5018 eum
1956 4982 2089 5020 cou-

513 5047 777 5102 Struxisse
814 5048 1132 5117 pronuntiat
1161 5065 1177 5101 :
1205 5049 1352 5104 illum
1371 5062 1548 5106 autem
1592 5053 1888 5123 ingenitum
1918 5057 2085 5112 Demn

517 5138 569 5192 iu
601 5140 1072 5195 consummatione
1110 5141 1290 5196 seaculi
1335 5144 1546 5199 misisse
1585 5143 1770 5201 Iesum
1806 5147 2084 5205 Christum

513 5231 580 5284 ad
612 5233 1050 5288 emendationem
1086 5232 1294 5301 mundi,
1339 5244 1578 5305 rogatum
1623 5236 1692 5291 ab
1731 5253 1796 5293 eo
1847 5239 1955 5295 Deo
1991 5245 2082 5311 qui

587 5373 630 5406 ”
669 5374 777 5432 Tit.
819 5394 903 5444 ιιι,
945 5379 1034 5445 10,
1067 5381 1151 5435 Η,
1228 5379 1438 5436 ‘lCor.
1470 5383 1652 5448 31,19.

582 5535 698 5638 .(3‘0)
750 5537 825 5590 Ex
874 5541 1127 5611 Apologia
1181 5544 1442 5614 Pamphili
1497 5545 1750 5614 martyris
1807 5523 1904 5616 pro
1958 5547 2078 5602 Ori-

511 5621 830 5739 gei'liiitSed
879 5688 924 5731 et
982 5696 1064 5734 eos
1113 5684 1199 5749 qui
1240 5685 1517 5739 hominem.
1572 5686 1830 5740 lirrorcm
1884 5687 2079 5756 [ιω-ιη

1731 5387 1749 5416 ¹
1774 5383 1948 5439 Galat.
1975 5403 2029 5450 v,
2065 5387 2246 5443 19o9l.

2227 1378 2309 1432 sui
2353 1377 2784 1431 correctionem.
2851 1375 2921 1428 Et
2981 1374 3028 1427 si
3086 1374 3288 1443 quidem
3331 1375 3401 1430 hic
3436 1380 3633 1434 salutamus

2226 1468 2316 1538 qui
2346 1469 2411 1521 de
2445 1467 2552 1521 Deo
2581 1465 2754 1520 Patre
2789 1465 2962 1518 aliter
2990 1466 3156 1518 sentit
3185 1480 3329 1532 quam
3361 1467 3493 1535 regula
3517 1472 3632 1536 pictai,

2225 1561 2492 1631 exposcit,
2528 1561 2836 1615 haereticus
2873 1559 3167 1636 habendus
3189 1567 3331 1620 esset,
3363 1560 3550 1614 sumeret
3575 1568 3628 1617 ui-

2223 1672 2329 1726 qne
2391 1656 2535 1726 quod
2588 1656 2856 1724 superius
2901 1655 3113 1708 dictum
3168 1663 3263 1706 est.
3307 1653 3395 1706 Sed
3429 1671 3524 1708 nunc
3547 1675 3630 1712 lliiﬂil

2225 1759 2388 1817 atque
2422 1749 2560 1803 idem
2599 1748 2953 1804 credendum
2985 1756 3070 1801 est
3109 1746 3262 1798 etiam
3287 1747 3342 1800 de
3366 1762 3415 1800 eo
3441 1749 3501 1814 qui
3523 1750 3626 1802 dcit).

2224 1842 2372 1896 mino
2407 1851 2594 1896 nostro
2625 1840 2760 1897 Jesu
2792 1840 3026 1896 Christo
3056 1839 3172 1892 falsi
3200 1838 3374 1907 aliquid
3398 1841 3631 1894 senseritsne

2222 1935 2522 1990 secundum
2550 1950 2647 1990 eos
2676 1935 2778 2005 qui
2815 1934 3018 1990 dicunt
3052 1948 3173 1987 eum
3217 1947 3275 1985 ex
3315 1931 3461 1998 Ioseph
3485 1943 3517 1983 et
3535 1931 3628 1984 thin

2223 2034 2433 2090 natum,
2467 2027 2610 2082 sicut
2659 2038 2797 2083 sunt
2849 2026 3128 2080 Ebionitze
3173 2033 3226 2078 et
3252 2024 3536 2086 Valentiniani;
3560 2027 3627 2077 sin

2221 2119 2517 2174 secundum
2556 2135 2651 2175 eos
2691 2120 2794 2189 qui
2854 2118 3282 2190 primogenitum
3324 2132 3416 2171 eum
3441 2127 3567 2180 negant.
3596 2129 3626 2170 et

2224 2210 2394 2263 totius
2425 2220 2692 2265 creatura:
2727 2211 2939 2276 Deum,
2994 2219 3053 2263 et
3087 2207 3328 2270 Verbum,
3367 2217 3406 2260 et
3432 2207 3626 2274 Sapientiam

2220 2316 2339 2370 qum
2368 2311 2450 2356 est
2497 2302 2711 2355 initium
2747 2303 2975 2356 viarum
3019 2301 3115 2355 Dei
3157 2312 3407 2368 antequam
3442 2299 3626 2365 aliquidue

2220 2402 2321 2458 τρι,
2345 2402 2468 2448 ante
2495 2395 2692 2449 smcula
2720 2395 3050 2458 fundatam,
3083 2403 3245 2462 atque
3275 2402 3377 2444 ante
3400 2388 3627 2442 omncsrulles

2217 2498 2531 2557 generatam
2567 2489 2628 2552 ‘;
2669 2490 2767 2543 sed
2823 2488 3112 2543 hominem
3159 2485 3317 2540 solum
3341 2498 3431 2537 eum
3456 2483 3621 2533 dircntcs:

2186 2637 2198 2650 δ
2217 2580 2298 2635 vel
2330 2581 2622 2634 secundum
2653 2597 2746 2636 eos
2780 2582 2877 2652 qui
2930 2582 3105 2636 Deum
3134 2579 3332 2648 quidem
3359 2589 3447 2628 eum
3471 2573 3624 2632 tutentur,

2218 2685 2320 2724 non
2358 2680 2538 2724 tamen
2569 2673 2953 2742 assumpsisse
2997 2671 3234 2723 animam
3283 2677 3501 2731 corpusque
3529 2672 3622 2712 ture-

2217 2775 2341 2812 num
2398 2775 2410 2810 :
2464 2761 2557 2829 qui
2605 2761 2704 2814 sub
2737 2761 2934 2830 specie
2965 2757 3128 2830 quasi
3177 2749 3620 2825 ampliorisglorisDo-

2216 2849 2362 2903 mino
2393 2848 2522 2905 Jesu
2553 2852 2895 2915 deferendas,
2931 2849 3121 2905 omnia
3150 2863 3266 2918 qua:
3291 2845 3347 2898 ab
3365 2859 3411 2898 eo
3429 2849 3615 2911 gestiunt,

2213 2944 2326 2996 visa
2362 2944 2475 3013 geri
2523 2945 2696 3015 magis
2746 2960 2920 3015 quam
2975 2957 3104 2996 vere
3145 2948 3289 3010 gesta
3322 2950 3410 2990 esse
3438 2943 3614 2986 testantur:

2213 3033 2416 3104 quique
2447 3050 2545 3090 nec
2579 3035 2647 3090 de
2675 3037 2894 3105 virgine
2928 3043 3122 3088 natum
3159 3033 3391 3091 fatentur,
3415 3023 3608 3089 seiungitur

2213 3142 2477 3180 aunormn
2526 3129 2705 3182 virum
2761 3143 2892 3182 eum
2953 3126 3274 3196 apparuisse
3318 3120 3362 3172 in
3398 3115 3511 3169 ludas.
3541 3110 3601 3163 Alii

2212 3233 2342 3272 vero
2379 3233 2444 3272 ex
2477 3219 2689 3286 virgine
2714 3219 2940 3288 quidem
2976 3231 3108 3272 eum
3135 3212 3351 3268 credunt
3373 3200 3607 3271 esseprogui-

2213 3318 2323 3363 tum
2351 3327 2366 3376 ;
2406 3310 2500 3365 sed
2525 3319 2746 3379 putasse
2772 3326 2832 3364 se
2866 3309 3049 3379 magis
3082 3305 3330 3373 virginem
3355 3295 3612 3370 peperissem“

2212 3411 2392 3457 tmnen
2432 3417 2559 3458 vere
2600 3403 2882 3472 peperisse
2910 3403 3266 3458 confirmant.
3296 3392 3481 3448 Latuisse
3507 3383 3616 3450 quippe

2208 3495 2375 3547 etiam
2406 3494 2676 3564 virginem
2720 3495 2987 3563 putativm
3010 3485 3360 3563 generationis
3382 3485 3546 3533 asseram
3570 3487 3616 3523 sa-

2208 3597 2568 3644 cramentum.
2621 3587 2724 3655 Qui
2774 3587 3059 3658 quomodo
3093 3599 3196 3637 non
3243 3580 3304 3633 ab
3333 3571 3510 3629 Ecclesia
3538 3566 3619 3629 longe

2208 3679 2439 3749 Ponendi
2491 3689 2640 3744 sunt,
2681 3697 2806 3735 cum
2860 3675 3190 3750 philarchia?
3231 3670 3393 3725 morbo
3429 3663 3618 3754 languente

2207 3747 2458 3841 dogmata
2491 3772 2812 3836 statuerint,
2860 3747 3069 3842 quibus
3110 3765 3175 3820 ad
3207 3775 3347 3818 suum
3375 3767 3516 3811 nomen
3533 3747 3622 3842 disci:

2206 3835 2361 3933 pulos
2388 3865 2766 3919 declinarent?
2821 3865 2930 3919 Sed
2980 3873 3036 3918 et
3089 3875 3181 3914 eos
3211 3856 3296 3926 qui
3334 3835 3618 3933 hominemiiii

2207 3929 2392 4008 dicunt
2430 3952 2718 4007 Dominum
2753 3953 2938 4008 Jesum
2980 3949 3352 4020 praecognitum
3380 3947 3424 3991 et

2209 4055 2418 4111 Italum,
2466 4047 2717 4114 quiante
2769 4048 3062 4101 adventum
3105 4036 3359 4097 carnalem
3384 4015 3618 4082 substantiali-

2207 4147 2290 4192 ter
2316 4147 2368 4192 et
2398 4140 2618 4209 proprie
2651 4157 2757 4192 non
2791 4138 3086 4201 exstiterit,
3111 4134 3199 4188 sed
3229 4126 3356 4198 quod
3387 4123 3505 4209 homo
3535 4117 3621 4202 natus

2205 4230 2383 4285 Patris
2409 4231 2581 4285 solam
2615 4231 2668 4284 in
2703 4246 2761 4284 se
2790 4230 3044 4286 habuerit
3077 4227 3336 4281 deitatem,
3373 4227 3426 4266 ne
3457 4207 3618 4310 illosque

2203 4324 2326 4378 dcm
2353 4324 2474 4377 sine
2523 4324 2763 4391 periculo
2801 4338 2922 4378 esse
2973 4317 3230 4377 Ecclesia:
3263 4315 3451 4364 numero
3473 4306 3617 4391 sociati:

2202 4415 2346 4467 sicut
2387 4421 2441 4466 et
2491 4376 2612 4466 il'los
2667 4412 2756 4482 qui
2801 4411 3181 4481 superstitiose
3230 4396 3378 4492 magis
3413 4376 3617 4492 amni]:

2201 4506 2372 4575 giose,
2406 4504 2483 4557 uti
2532 4518 2599 4558 ne
2652 4504 2942 4557 videantur
2990 4501 3124 4555 duos
3167 4495 3288 4550 deos
3327 4487 3486 4541 dicere,
3521 4479 3616 4575 "filii

2203 4611 2415 4650 rursum
2453 4611 2654 4664 negare
2684 4596 2986 4650 Salvatoris
3003 4593 3269 4649 deitatem,
3295 4591 3427 4635 unam
3449 4560 3617 4692 efﬂigi:

2199 4704 2307 4758 (lue
2334 4689 2742 4742 subsistentiant
2769 4687 2950 4742 Patris
2993 4701 3056 4740 ac
3089 4679 3202 4737 Filii
3234 4668 3505 4728 asseveranh
3526 4650 3602 4758 ’δέ

2196 4781 2304 4835 duo
2325 4782 2539 4850 quidem
2571 4781 2785 4834 nomina
2825 4779 3119 4834 secundum
3152 4763 3468 4850 diversitatem

2198 4890 2314 4928 rum
2345 4873 2723 4943 recipientem,
2754 4887 2913 4926 unam
2936 4881 3106 4924 tamen
3124 4863 3387 4918 ὑπόστασιν
3407 4839 3611 4943 ειὼειδιῗῖῗη

2198 4924 2722 4943 """""|""""'
2761 4924 2840 4926 ””⁷
3397 4943 3405 4952 .
3574 4924 3614 4954 ⁷.

2197 4967 2247 5020 id
2277 4979 2385 5031 est,
2433 4983 2600 5020 unam
2658 4981 2943 5036 personam
2985 4964 3190 5018 duobus
3228 4924 3608 5054 riotitiiiibtis'stlgl::l

2194 5070 2430 5125 centeni,
2459 5059 2551 5128 qui
2595 5021 2788 5113 Latine
2835 5048 3208 5126 Patripassiani
3242 5021 3598 5128 al‘Pl'llanmrﬂiéf

2193 5164 2246 5207 θί
2271 5154 2314 5208 εί
2345 5153 2436 5223 qui
2469 5162 2594 5207 Sllltl
2621 5153 2715 5223 qui
2752 5151 3014 5221 Spiritqu
3057 5151 3282 5202 sanctum
3321 5131 3602 5223 εΙὶιιιηΔρΨιέξῖἒ

2195 5247 2379 5301 dicant
2408 5260 2527 5301 esse
2558 5246 2648 5315 qui
2685 5244 2785 5298 fuit
2820 5245 2871 5298 in
2921 5239 3210 5313 prophetis,
3241 5229 3377 5282 alium
3406 5219 3532 5270 autem
3552 5211 3604 5266 tl'”

2771 5399 2792 5420 ⁵
2821 5389 2978 5443 Prov.
3014 5400 3120 5445 νιιι,
3142 5376 3222 5438 9-3.
3257 5369 3332 5428 95v
3361 5361 3428 5414 96·

3475 5110 3608 5183 quidem

2325 5390 2346 5420 ³
2367 5388 2539 5444 Galat.
2570 5405 2608 5458 ι,
2643 5390 2693 5443 1.

2191 5547 2579 5602 Bostrenorum
2623 5549 2860 5617 episcopi
2912 5551 2999 5604 hic
3051 5545 3275 5615 designat
3316 5502 3602 5630 Ot'ts'efP-Iihqe

2191 5620 2356 5672 haece
2389 5619 2579 5670 literesi
2617 5620 2736 5672 vide
2768 5620 2910 5673 (mod
2934 5619 3162 5673 diximus
3183 5606 3478 5673 Ortgcntanot.
3554 5603 3595 5628 οι

2190 5619 2586 5689 har-ce_hreresi
2617 5609 2736 5672 vide
2768 5609 2910 5689 quod
2934 5609 3261 5674 diximusori

2192 5705 2313 5758 cap.
2349 5688 2403 5753 5,
2432 5697 2535 5740 art.
2571 5688 2622 5742 8.
2661 5750 2667 5758 ι
