2024 3101
165 108 171 133 l
181 105 233 135 305
704 110 736 138 IN
754 112 920 141 liPlSTOLA

974 115 1011 141 \D
1032 115 1264 144 PHILEMONEM.
1711 124 1778 152 1306

163 166 211 191 fuit
224 165 249 191 in
267 166 395 199 apostolis
413 167 516 195 Domini
532 169 616 195 nostri
641 168 703 197 Jesu
727 171 840 204 Christi,
862 182 943 201 unum
959 178 981 205 Α
1000 174 1098 201 bonum
1110 179 1151 202 cst
1170 180 1198 203 et
1214 175 1299 210 potuit
1314 180 1341 203 ct
1357 177 1458 204 debuit.
1476 178 1552 212 Quod
1570 181 1651 208 etiam
1671 182 1704 210 de
1721 184 1777 217 ipso

162 215 242 245 atque
267 211 338 239 idem
364 213 489 241 delictum
517 215 663 249 impietatis
691 218 848 251 admittunt,
871 222 943 254 quod

161 256 208 289 illi,
233 257 289 291 qui,
307 263 438 292 quantum
455 260 481 287 itt
496 268 525 287 se
550 266 603 293 est,
621 267 745 290 naturam
771 263 886 292 Deitatis
900 274 943 293 se-

159 306 231 334 cant,
256 308 284 330 et
312 305 439 331 scindunt
470 314 551 333 unum
586 307 652 341 legis
675 313 701 336 et
729 310 940 345 Evangeliorum

160 345 253 374 Deum.
271 348 324 375 Sed
339 354 367 376 et
387 350 423 376 illi
440 351 485 385 qtti
506 360 559 380 non
580 361 674 381 omnes
690 355 823 384 humanas
835 357 941 385 animas

158 393 237 420 unius
255 394 432 430 ejusdemque
445 403 548 425 natura-
562 399 656 427 dicunt
670 408 732 429 esse
744 402 788 429 vel
812 403 941 431 substan-

157 439 210 470 ti:c,
225 440 273 467 sed
288 441 409 469 diversas
426 449 539 471 naturas
555 444 719 479 animarum,
733 447 804 475 inter
817 456 863 476 eas
883 450 939 477 bte-

158 492 232 512 reses
246 488 403 516 numerandi
415 494 478 516 sunt
490 498 550 525 qum
566 491 735 527 iniquitatem
753 494 778 522 in
793 495 936 524 Excelsum

154 529 312 564 loquuntur,
329 536 355 558 et
370 532 528 566 iniustitiam
545 535 770 573 iniquitatemque
784 539 843 574 ejus
856 549 936 569 accu-

153 579 225 601 sant.
249 575 360 603 Necnon
376 582 403 604 et
421 578 457 605 illi
473 579 518 613 qui
536 580 615 608 liberi
641 582 747 610 arbitrii
774 590 933 619 potestatem

150 628 182 646 ex
203 621 346 648 animabus
360 622 467 651 auferre
483 624 606 653 nituntur
626 627 698 655 velut
717 630 869 663 perniciosa
887 634 934 659 do-

150 670 254 699 gmata,
280 671 415 696 commttni
444 670 570 699 humana:
592 673 666 706 vitae,
684 679 711 701 et
729 676 819 704 virtuti
847 679 932 706 conti-

150 712 249 738 nenlim
266 712 352 740 labem
366 716 511 748 quamdam
528 718 629 746 inferre
652 720 790 753 judicandi
810 729 882 755 sunt,
898 732 931 752 ne

149 754 260 784 humani
283 761 413 793 propositi
441 769 483 789 res
510 768 619 797 putetur
639 767 737 795 bonum
756 769 818 803 quid
835 754 878 797 vel
891 770 930 798 fa-

148 809 220 834 cere,
237 804 279 830 vel
292 805 441 839 dicere,vel
459 809 572 843 sentire,
587 818 620 838 ex
634 820 687 847 quo
700 814 732 841 ad
746 820 929 851 eontemptttm

995 220 1101 246 diabolo
1115 221 1285 247 sentiendum
1301 226 1352 254 est,
1369 223 1415 256 qui
1444 224 1469 249 in
1497 231 1643 259 conspectu
1668 227 1774 256 Domini

993 266 1187 299 omnipotentis
1208 267 1373 295 deseribitur
1399 271 1530 298 restitisse
1545 272 1567 303 ⁷,
1582 278 1608 299 et
1623 273 1776 303 deseruisse

993 315 1093 338 statum
1107 319 1183 339 suum
1195 312 1220 338 in
1233 320 1285 347 quo
1299 313 1387 340 fuerat
1404 314 1591 344 immaculalus
1605 320 1668 353 :qui
1683 321 1775 355 utique

992 357 1127 391 potuisset
1147 358 1173 384 in
1192 358 1242 385 hoc
1260 363 1331 386 statu
1350 360 1374 386 in
1391 368 1445 395 quo
1466 361 1500 388 ab
1515 362 1591 390 initio
1610 364 1671 397 fuit,
1690 373 1775 400 usque

991 401 1023 428 ad
1041 402 1120 429 linem
1147 410 1319 437 perseverare
1341 405 1363 431 si
1387 406 1527 434 voluisset.
1549 407 1725 443 Designatus,
1747 416 1775 436 ut

990 447 1120 480 arbitror,
1137 449 1215 476 nobis
1236 455 1288 482 est,
1308 455 1388 484 prout
1411 453 1558 486 potuimus,
1575 460 1603 481 et
1621 455 1773 489 descriptus

990 494 1052 527 quis
1067 498 1093 520 et
1110 494 1197 528 qualis
1210 499 1282 522 esset
1298 496 1453 529 luereticus,
1472 501 1499 524 et
1516 506 1586 532 qum,
1603 499 1643 525 vel
1664 499 1689 525 in
1713 500 1773 533 qui-

990 538 1039 565 bus
1054 538 1111 572 ejus
1133 538 1269 574 dogmata,
1289 539 1416 574 falsthue
1441 542 1582 577 opiniones
1610 543 1769 575 habeantur,

989 587 1014 609 ct
1027 590 1086 616 qua:
1099 583 1134 610 sit
1150 584 1340 611 ecclesiastica:
1357 586 1537 613 observantiae
1550 588 1663 622 puritas.

1273 631 1305 657 Et
1323 636 1380 666 post
1395 640 1498 666 pauca:

1024 673 1219 709 Requisierunt
1244 684 1311 704 sane
1327 677 1434 712 quidam
1459 683 1550 705 utrum
1577 679 1711 713 ltzercsitn,
1735 687 1768 707 an

986 719 1105 747 schistna
1124 726 1248 756 oporteat
1261 724 1350 750 vocari
1367 731 1414 751 eos
1425 724 1469 758 qui
1486 724 1662 761 Cataphryga:
1682 727 1769 753 nomi-

985 771 1095 798 nantur,
1110 767 1286 797 observantes
1302 769 1383 799 falsos
1394 773 1551 807 prophetas,
1567 778 1592 799 et
1618 773 1739 800 dicentes
1759 782 1765 800 :

990 820 998 836 ι
1015 811 1055 839 Ne
1070 814 1184 841 accedas
1206 816 1240 841 ad
1259 823 1312 848 me,
1325 818 1453 849 quoniatn
1477 820 1591 846 mundus
1616 827 1674 846 sum
1690 829 1696 846 :
1714 828 1766 846 non

147 853 179 873 ac
194 849 386 883 negligentiam
400 853 483 881 divini
498 855 592 889 jndicii
606 867 682 887 mens
695 860 812 888 humana
830 863 920 890 forma-

148 891 220 901 ..εηη
251 892 287 901 μιν
432 898 438 901 -

983 858 1054 884 enim
1066 859 1159 892 accepi
1178 868 1301 893 uxorem,
1316 870 1365 889 nec
1378 868 1419 890 est
1431 864 1583 898 sepulcrum
1597 871 1691 899 patens
1704 870 1747 901 gnt
1757 880 1766 887 -

147 891 232 919 bitur.
250 892 291 921 Sit
319 902 407 924 autem
432 898 458 925 in
479 901 664 930 ecclesiastico
684 905 779 933 ordine
797 906 879 933 etiam
898 908 932 935 de

146 942 320 969 peccatorum
340 942 479 976 suppliciis
496 945 571 978 fides,
585 953 612 974 et
629 949 661 975 de
684 950 727 977 ltis
745 952 790 985 qui
818 954 927 986 praemia

145 981 223 1009 home
234 988 448 1016 conversationis
465 996 492 1017 et
508 992 569 1019 vitae
583 993 607 1019 in
624 1002 705 1029 regno
728 997 833 1025 Domini
855 999 930 1032 justo

144 1027 204 1060 ejus
231 1028 334 1061 judicio
357 1036 490 1069 recepturi
510 1043 583 1064 sunt.
604 1039 632 1065 Si
656 1027 721 1075 quis
744 1050 810 1079 ergo
831 1027 928 1074 horum

145 1073 249 1107 aliquid
273 1084 333 1110 qua:
361 1086 441 1114 supra
470 1085 655 1118 exposuimus,
691 1096 858 1119 commutare
885 1094 927 1120 vel

144 1120 305 1149 subvertere
322 1131 447 1159 conatur,
466 1128 538 1156 velut
554 1139 701 1165 pet-versus,
716 1139 743 1161 et
757 1144 773 1162 α
790 1139 927 1171 semetipso

140 1165 284 1203 damnatus
299 1170 309 1185 '
325 1173 472 1201 secundum
499 1178 660 1205 sententiam
688 1181 820 1215 Apostoli,
845 1185 925 1213 etiam

140 1220 154 1238 a
171 1213 250 1240 nobis
270 1222 404 1252 praecepto
425 1220 638 1256 obsequentibus
650 1213 854 1261 ejus-similiter
878 1232 926 1259 ha-

140 1256 247 1285 bendus
262 1264 314 1287 est.
340 1261 465 1303 Designet
488 1271 578 1294 autem
600 1270 815 1300 ecclesiasticum
837 1275 924 1303 virum

139 1311 201 1330 cum
218 1304 259 1332 his
272 1307 398 1335 omnibus
412 1302 471 1344 qua:
488 1319 568 1347 supra
585 1316 771 1351 exposuimus,
792 1320 873 1347 etiam
891 1322 925 1349 de

137 1355 308 1378 mortuorum
338 1357 539 1385 resurrectione
565 1359 640 1392 ﬁdes,
672 1363 704 1390 de
728 1371 779 1399 qua
811 1372 923 1396 sanctus

136 1395 276 1428 apostolus
287 1396 382 1426 Paulus
394 1399 431 1426 ita
442 1404 627 1438 pronuntiat‘,
640 1407 715 1441 quia,
735 1395 758 1436 si
772 1411 832 1444 quis
843 1395 923 1447 negat

136 1441 364 1471 resurrectionem
394 1452 586 1482 mortuorum,
614 1459 788 1489 consequens
814 1462 855 1484 est
877 1441 922 1486 "ut

132 1486 234 1514 Christi
246 1492 477 1520 resurrectionem
496 1501 584 1530 neget.
596 1486 921 1538 llabeattlr696ttiltilo-

131 1532 222 1560 minus
245 1533 270 1561 in
298 1537 485 1566 ecclesiastico
511 1541 608 1570 ordine
629 1546 710 1572 etiam
746 1548 781 1575 de
811 1549 919 1578 diabolo

131 1578 213 1611 ratio,
226 1585 253 1606 et
271 1581 303 1608 de
317 1583 389 1609 omni
408 1585 466 1618 ejus
490 1588 703 1625 excrcitu,quod
721 1600 820 1629 agones
835 1603 918 1630 quos-

128 1623 190 1649 dam
207 1629 234 1651 et
253 1628 400 1654 certamina
418 1630 562 1660 adversum
594 1643 687 1664 omnes
698 1638 833 1672 homines,
848 1650 917 1676 prre-

128 1668 210 1703 cipue
231 1675 321 1699 tamen
337 1675 466 1704 adversus
479 1686 527 1706 eos
538 1679 583 1713 qui
600 1682 715 1709 credunt
734 1684 759 1710 in
777 1684 912 1714 Christum

130 1713 275 1743 Dominum
302 1717 406 1753 Jesum,
434 1729 558 1757 movent;
583 1730 611 1753 et
635 1729 707 1762 quod
724 1732 913 1760 necessitatem

127 1760 238 1794 quidem
252 1763 389 1798 imponere
407 1770 533 1802 peccandi
547 1778 596 1805 per
607 1779 707 1807 agones
723 1779 750 1802 et
764 1778 912 1806 certamina

127 1813 180 1833 non
195 1807 297 1843 valent,
313 1814 477 1844 persuadere
493 1819 582 1843 tamen
601 1823 627 1845 ct
645 1820 770 1854 decipere
794 1823 827 1849 al
847 1824 912 1851 sub-

124 1853 279 1881 Vcrsioncm
297 1864 410 1890 possunt
427 1867 475 1888 eos
497 1863 543 1897 qui
561 1871 614 1891 non
634 1866 707 1893 omni
726 1869 847 1896 custodia
863 1878 910 1898 sua

124 1898 209 1925 corda
226 1903 418 1934 prtemuniunt.
439 1905 596 1936 llahendum
615 1915 656 1938 est
671 1916 760 1940 autem
782 1913 808 1941 in
823 1916 910 1944 ecelc-

122 1943 246 1973 siasticis
269 1947 515 1984 observationibus,
545 1955 616 1989 quod
651 1965 736 1991 neque
767 1959 907 1989 hominum

122 1990 184 2023 quis
200 1998 214 2018 a
234 1991 288 2019 Deo
309 1994 334 2020 in
356 1997 534 2030 perditionem
553 2002 670 2038 traditus
696 2008 749 2038 est,
766 2006 812 2033 sed
825 2015 908 2035 unus-

120 2036 239 2071 quisque
280 2042 452 2073 pereuntium
488 2051 536 2071 sua
571 2036 852 2084 negligentia-pereat
881 2058 908 2081 ct

120 2081 208 2117 culpa,
222 2084 269 2118 qui
289 2085 390 2114 habens
404 2089 511 2118 arbitrii
526 2091 693 2126 libertatem,
715 2095 816 2131 eligere
832 2100 904 2133 quod

983 906 1026 928 tur
1045 910 1145 935 meum,
1162 905 1208 931 scd
1233 913 1292 932 sunt
1310 905 1452 935 Nazarmus
1473 908 1532 941 Dei,
1552 916 1604 935 non
1620 909 1715 937 bibens
1726 911 1766 937 vi-

981 955 1047 974 nttm
1065 949 1133 976 sicut
1147 949 1194 976 illi.
1217 960 1227 976 ι

1264 996 1362 1024 Postea
1384 1004 1468 1026 autem
1477 1006 1496 1026 :.

1016 1049 1085 1076 Sunt
1097 1058 1162 1077 vero
1176 1056 1202 1079 et
1219 1052 1270 1079 alia
1290 1054 1412 1088 quaedam
1435 1057 1560 1090 dogmata
1578 1065 1638 1092 qua:
1655 1059 1680 1085 in
1698 1068 1764 1094 apo-

978 1094 1083 1121 stolicis
1101 1097 1293 1124 traditionibus
1314 1106 1366 1125 non
1393 1099 1537 1133 habentur,
1554 1102 1587 1128 de
1603 1103 1702 1136 quibus
1720 1112 1762 1131 re-

977 1140 1070 1173 quires
1087 1141 1108 1167 si
1124 1146 1231 1175 oportet
1246 1150 1292 1170 eos
1310 1144 1356 1177 qui
1369 1145 1508 1179 quodlibet
1522 1148 1554 1174 de
1575 1147 1618 1175 bis
1641 1150 1762 1177 sentiunt

978 1185 1019 1212 vel
1036 1191 1215 1221 pertractant,
1233 1188 1376 1218 haereticos
1388 1193 1540 1226 putandos;
1557 1198 1586 1221 ut
1600 1197 1760 1228 puta,verhi

976 1236 1056 1257 causa
1082 1231 1211 1264 dixerim,
1229 1233 1253 1259 si
1270 1234 1332 1268 quis
1355 1238 1486 1263 rationem
1515 1238 1639 1265 humana:
1662 1241 1760 1268 animae

976 1276 1107 1310 inquirat,
1121 1285 1182 1305 cum
1194 1278 1226 1305 de
1241 1286 1271 1305 ea
1287 1288 1373 1315 neque
1385 1283 1455 1317 quod
1471 1290 1504 1310 ex
1519 1284 1630 1312 seminis
1648 1287 1760 1314 traduce

975 1322 1099 1356 ducatur,
1118 1330 1205 1358 neque
1219 1326 1289 1359 quod
1305 1327 1491 1355 honorabilior
1506 1334 1534 1356 et
1548 1331 1688 1365 antiquior
1698 1340 1759 1359 cor-

974 1375 1068 1402 porum
1082 1375 1213 1404 compage
1227 1371 1271 1404 sit,
1287 1372 1429 1400 tradiderit
1448 1374 1632 1403 ecclesiastica
1654 1377 1756 1412 regula.

973 1413 1087 1448 Propter
1101 1415 1171 1449 quod
1190 1417 1266 1443 multi
1290 1426 1339 1446 nec
1355 1420 1586 1454 comprehendere
1611 1427 1758 1457 potuerunt

972 1459 1088 1493 qualiter
1103 1461 1198 1489 sentiri
1211 1468 1348 1497 oporteret
1364 1464 1396 1494 dc
1413 1466 1510 1494 animat
1528 1468 1632 1496 ratione
1648 1477 1653 1495 :
1668 1471 1714 1496 sed
1730 1476 1757 1497 et

973 1503 1017 1536 qui
1034 1504 1136 1537 aliquid
1151 1507 1252 1533 sentire
1271 1508 1311 1534 vel
1330 1509 1463 1538 disserere
1480 1512 1530 1539 visi
1554 1519 1629 1545 sunt,
1649 1522 1663 1540 a
1690 1523 1756 1542 non-

973 1547 1052 1575 nullis
1073 1549 1099 1576 in
1130 1552 1285 1586 suspicione
1310 1554 1445 1583 habentur
1468 1558 1542 1585 velut
1566 1560 1627 1586 novi
1652 1561 1754 1596 aliquid

972 1594 1183 1624 introduecntcs.

1184 1643 1284 1671 Deinde
1297 1651 1355 1680 post
1369 1656 1454 1681 pauca
1478 1650 1515 1676 ait
1531 1659 1540 1676 .-

1004 1694 1056 1722 Sed
1069 1700 1097 1723 et
1115 1701 1141 1724 tu
1155 1698 1211 1732 ipse
1223 1701 1294 1734 apud
1310 1702 1481 1737 temetipsum
1501 1705 1647 1734 discutiens
1662 1709 1753 1736 consi-

968 1740 1032 1766 dera
1052 1740 1074 1767 si
1092 1747 1197 1774 oportet
1214 1750 1274 1769 eum
1288 1745 1334 1778 qui
1350 1746 1472 1779 quolibet
1493 1749 1572 1775 modo
1589 1749 1678 1777 dehis
1693 1753 1750 1785 opi-

967 1789 1056 1817 natur,
1075 1786 1119 1813 vel
1146 1787 1316 1821 hmrelicum,
1337 1790 1380 1817 vei
1405 1792 1621 1822 ecclesiasticum
1650 1800 1751 1825 temere

963 1830 1085 1864 deliniri;
1098 1836 1145 1859 aut
1164 1833 1186 1859 si
1204 1840 1257 1860 non
1281 1840 1323 1862 est
1339 1837 1522 1870 periculosum
1537 1840 1569 1867 de
1580 1848 1612 1867 co
1629 1849 1749 1876 promnt-

962 1875 1032 1902 tiarc
1043 1878 1169 1912 quoniam
1185 1885 1211 1906 et
1229 1880 1284 1914 ipse
1302 1889 1448 1915 perversus
1464 1885 1500 1915 sit
1515 1889 1539 1912 et
1554 1875 1659 1920 peccet,
1674 1893 1700 1915 et
1713 1889 1749 1916 sit

962 1928 976 1947 a
990 1922 1136 1957 semetipso
1149 1925 1291 1954 damnatus
1311 1927 1333 1962 ⁸,
1353 1929 1424 1963 quod
1438 1929 1470 1957 de
1485 1930 1617 1960 ltazreticis
1638 1933 1747 1967 dicitur,

961 1967 984 1994 si
997 1969 1058 2002 quis
1079 1968 1147 1996 forte
1163 1978 1195 1997 ex
1215 1972 1256 2000 his
1275 1981 1334 2007 qua:
1348 1982 1429 2010 supra
1454 1977 1582 2012 diximus,
1599 1980 1747 2014 quamlibet

962 2014 1125 2049 opinionem,
1147 2016 1211 2044 licet
1236 2026 1331 2047 novam
1357 2025 1384 2048 ct
1401 2024 1608 2059 quamplurimis
1628 2029 1747 2061 peregri‘

961 2067 992 2085 na
999 2068 1034 2093 tn,
1051 2061 1175 2090 videatur
1193 2064 1332 2093 inducere.

132 2150 1733 2192 Ἀξε-

270 2224 327 2254 ΕΧ
346 2225 644 2262 COMMENTARIO
656 2233 845 2268 ORIGENIS
861 2239 900 2269 ΙΝ
914 2240 1140 2274 EPISTOLAM
1160 2246 1211 2276 AD
1226 2246 1293 2278 PHI
1302 2249 1499 2283 LEMONEM
1518 2254 1590 2295 (9:2).

909 2327 946 2336 -ι

149 2381 204 2410 Sed
219 2388 246 2411 et
263 2384 298 2411 de
321 2385 434 2421 singulis
455 2394 611 2418 sanctorum
633 2395 678 2428 qui
710 2396 736 2423 in
760 2397 900 2434 Scriptura
917 2403 939 2431 Ι)
956 2407 979 2430 ta
999 2403 1059 2438 ejus
1077 2413 1139 2433 vera
1158 2415 1218 2434 esse
1245 2413 1406 2445 susceperit,
1426 2414 1512 2441 credit
1537 2420 1564 2442 et
1589 2420 1650 2449 hoc,
1667 2421 1738 2453 quod

149 2433 205 2453 tota
222 2431 371 2453 ennsrrinti
395 2439 457 2453 eunt
486 2443 611 2453 ηιηιοηω.
637 2440 720 2453 ε..-.--
749 2448 769 2453 ..
802 2445 820 2453 ..
859 2451 863 2453 .
959 2450 964 2453 .
986 2450 991 2453 .
1095 2451 1118 2453 ,_

111 2433 205 2455 sancta
222 2431 371 2465 conscripti
395 2439 470 2466 sunt,
486 2443 611 2472 quosque
633 2440 721 2473 justos
745 2448 772 2470 et
797 2431 897 2474 electos

111 2473 155 2500 Dei
171 2481 233 2503 esse
248 2476 392 2511 Scriptura
410 2484 535 2516 testatur,
551 2484 629 2512 debet
644 2493 704 2515 esse
720 2489 786 2517 tides
800 2492 833 2519 ab
854 2493 896 2520 his

109 2519 153 2553 qui
168 2521 269 2549 salvari
285 2523 407 2557 cupiunt.
424 2525 481 2553 Non
500 2529 571 2556 enim
592 2536 680 2565 potest
699 2541 759 2562 esse
775 2539 894 2570 perfecta

110 2565 135 2591 in
153 2565 236 2593 Deum
255 2568 333 2599 lides,
348 2569 400 2597 nisi
423 2572 482 2606 quis
502 2574 599 2602 haheat
617 2582 642 2604 et
660 2579 730 2607 hanc
748 2565 825 2608 fidem
843 2591 894 2618 qua

109 2609 141 2636 de
163 2612 270 2639 sanctis
285 2615 356 2647 quod
377 2618 464 2643 sancti
483 2624 543 2645 sunt
564 2622 693 2650 creditur.
710 2624 785 2658 Quod
801 2609 892 2655 autem

110 2655 225 2685 dicimus
240 2658 295 2685 tale
306 2665 359 2687 est.
375 2659 577 2693 Quicrediderit
592 2667 617 2694 in
632 2655 731 2702 Deum:
742 2676 769 2698 ct
781 2673 892 2706 dogma-

951 2450 1037 2476 Adam
1055 2451 1163 2485 quidem
1179 2454 1281 2487 primus
1295 2457 1374 2483 homo
1391 2458 1524 2487 formatus
1540 2466 1595 2494 est;
1615 2465 1739 2493 creditet

949 2494 983 2521 de
1006 2495 1072 2528 Eva,
1091 2498 1161 2531 quod
1189 2507 1267 2526 tmant
1294 2509 1307 2528 ε
1324 2504 1406 2530 costis
1420 2504 1506 2531 Adam
1534 2514 1643 2535 sumens
1667 2507 1737 2537 Dens

949 2541 1124 2569 aediﬁcaverit
1146 2550 1206 2570 eam
1234 2550 1263 2571 ut
1285 2551 1357 2573 esset
1374 2547 1430 2581 ejus
1456 2550 1554 2577 mulier
1572 2559 1578 2576 :
1599 2553 1686 2580 credit.
1709 2559 1736 2581 et

949 2587 1020 2619 quod
1043 2587 1115 2615 Enos
1131 2597 1193 2616 vere
1206 2593 1346 2624 sperat-erit
1371 2593 1492 2622 invocare
1514 2605 1608 2624 nomen
1630 2598 1735 2627 Domini

947 2631 996 2657 οιιὶ
1011 2633 1031 2663 ⁵⁵,
1047 2638 1074 2660 et
1088 2637 1158 2668 quod
1172 2636 1272 2669 Enoch,
1290 2638 1351 2671 quia
1377 2638 1403 2664 in
1430 2641 1510 2668 annis
1535 2642 1662 2672 ducentis
1674 2645 1733 2680 pla-

142 2750 218 2778 lTit.
237 2759 277 2785 nt,
294 2753 336 2780 ll.
375 2754 385 2769 '
402 2753 411 2780 l
428 2756 488 2783 (lor.
528 2765 573 2790 xv,
596 2759 639 2785 15.
678 2760 688 2775 ⁷
715 2760 780 2789 Dan.
798 2771 826 2794 ι,
856 2764 905 2797 15;
926 2767 1009 2802 Apoc.
1031 2777 1078 2803 xu,
1101 2771 1130 2805 7,
1147 2773 1208 2801 Jud.
1225 2776 1250 2803 (5.
1290 2778 1363 2805 “Tit.
1381 2787 1422 2813 Ill,
1442 2780 1486 2808 ll.
1524 2782 1534 2798 '
1549 2781 1618 2811 Gen.
1633 2790 1678 2819 Iv,

140 2808 196 2844 (9‘2)
211 2810 249 2836 Ex
265 2811 392 2847 Apologia
413 2812 543 2849 Pamphili
559 2819 685 2854 martyris
696 2828 744 2855 pro
757 2821 884 2857 Origene.

946 2679 1031 2706 cucrit
1050 2679 1113 2714 Deo,
1130 2688 1220 2716 postea
1231 2691 1310 2717 quam
1325 2685 1505 2714 Mathusalem
1520 2689 1623 2724 genuit,
1642 2679 1732 2720 trans-

950 2775 1009 2802 poc.
1031 2777 1078 2803 xu,
1101 2771 1130 2805 7,
1147 2773 1208 2801 Jud.
1225 2776 1250 2803 o'.
1290 2778 1299 2792 κ
1312 2778 1363 2805 Tit.
1381 2787 1422 2813 Ill,
1442 2780 1486 2808 ll.
1524 2782 1534 2798 '
1549 2781 1618 2811 Gen.
1633 2681 1897 2844 Iul
