4048 6202
557 276 691 340 ιΞυἸ

1253 280 1572 338 ORIGENIS
1603 277 2026 338 FRAGMENTA
2065 274 2131 337 IN
2171 277 2554 338 EPISTULA.“
2595 284 2686 338 AD
2726 278 3086 342 IIEBILEOS.

3659 294 3790 354 {308

556 407 698 460 latus
748 415 831 460 est
863 421 877 457 :
920 414 972 459 et
1008 405 1073 457 de
1114 402 1250 466 Noe,
1277 405 1401 472 quia
1433 418 1688 473 respousa
1715 405 1922 472 accepit
1955 413 2012 458 ut
2040 403 2118 458 la-
2150 413 2196 469 Α
2224 405 2363 475 perit
2397 421 2410 457 :
2449 414 2504 458 et
2559 404 2625 458 de
2677 403 2842 458 David
2887 419 3044 473 quem
3089 405 3380 476 assumpsit
3420 405 3682 464 Dominus
3725 416 3782 468 ab

555 497 797 552 bricaret
824 512 1028 560 arcam,
1064 506 1116 550 et
1140 495 1288 550 solus
1314 496 1554 550 salvatus
1585 506 1756 551 estex
1783 495 1983 550 diluvio
1999 511 2119 551 cum

556 590 642 643 his
672 587 1044 641 tantummodo
1066 588 1156 657 qui
1187 602 1375 641 secum
1402 603 1582 640 arcam
1621 586 1835 641 fuerant
1865 587 2118 658 ingressi.

553 671 817 732 Similiter
848 687 902 732 et
951 677 1018 731 de
1061 678 1358 740 Abraham,
1402 677 1545 745 quod
1585 676 1844 732 meruerit
1877 677 2122 730 testimo-

557 773 704 824 nium
737 765 849 836 Dei,
875 780 925 824 et
947 770 1089 839 quod
1110 769 1411 838 susceperit
1435 769 1687 838 hospitio,
1707 783 1827 822 cum
1855 777 2000 822 esset
2022 767 2121 822 sub

555 864 681 919 ilice
727 861 989 926 Mambre,
1030 871 1139 916 tres
1168 863 1312 917 viros
1344 877 1406 916 ex
1443 861 1640 931 quibus
1691 873 1829 916 tinus
1860 861 2120 915 Dominus

553 967 695 1010 erat.
733 955 918 1009 Credit
949 965 1003 1009 et
1031 955 1101 1010 de
1132 949 1280 1010 Isaae
1307 954 1390 1008 vel
1425 956 1693 1023 quomodo
1725 962 1884 1007 natus
1905 962 2009 1017 est,
2035 952 2122 1006 vel

554 1048 824 1115 quomodo
849 1046 1061 1101 oblatus
1089 1047 1171 1101 est
1205 1061 1234 1099 a
1265 1055 1436 1114 patre,
1459 1045 1541 1100 vel
1571 1046 1839 1114 quomodo
1865 1059 2118 1114 responsa

554 1140 648 1193 Dei
686 1137 875 1191 audire
911 1137 1174 1192 meruerit
1217 1153 1230 1190 :
1275 1139 1368 1191 sed
1399 1145 1454 1191 et
1483 1136 1550 1190 de
1580 1135 1755 1190 Jacob
1787 1137 1963 1205 quod,
1999 1151 2118 1189 mu-

557 1238 669 1280 talo
697 1227 937 1292 nomine,
967 1225 1133 1282 lsracl
1167 1241 1195 1280 a
1227 1227 1338 1282 Deo
1367 1226 1778 1296 cognominatus
1800 1239 1882 1280 est
1921 1242 1934 1279 :
1973 1235 2027 1281 et
2055 1229 2122 1282 de

552 1317 714 1386 697
746 1315 950 1386 Moyse,
991 1316 1132 1384 quod
1163 1329 1259 1385 per
1289 1315 1438 1384 signa
1471 1324 1524 1370 et
1585 1316 1813 1370 virtutes
1840 1317 2118 1369 ministra~

553 1409 693 1462 verit
736 1407 867 1460 Deo.
903 1407 1086 1460 Credit
1120 1416 1174 1460 cl
1215 1406 1355 1476 quod
1379 1404 1545 1461 ‘Jesns
1578 1406 1726 1460 Nave
1767 1405 2052 1460 exauditus
2089 1422 2118 1460 a

557 1501 686 1566 Ileo,
721 1507 868 1555 stare
914 1499 1105 1553 fecerit
1148 1495 1319 1552 solem
1361 1513 1526 1566 super
1567 1496 1812 1562 Gabaon,
1841 1507 1893 1550 et
1935 1499 2118 1551 lunam

553 1605 714 1659 super
744 1589 934 1642 vallem
971 1581 1162 1642 IIelon.
1209 1583 1346 1653 Quid
1391 1599 1570 1642 autem
1617 1588 1898 1643 dicendum
1949 1587 2122 1641 estde

557 1676 800 1734 ﬁdelibus
821 1679 1129 1747 judieibus,
1163 1688 1218 1734 et
1247 1679 1312 1733 de
1344 1680 1428 1732 his
1454 1693 1573 1748 qua:
1596 1691 1694 1747 per
1722 1693 1816 1732 eos
1851 1689 1998 1746 gesta
2031 1692 2120 1730 re-

2223 498 2418 552 ovibus
2465 506 2523 549 ut
2562 504 2777 566 regeret
2827 495 2996 550 Jacob
3054 511 3280 566 puerum
3321 513 3500 561 suum,
3543 512 3600 555 et
3636 502 3781 559 Israel

2223 587 2599 641 haireditatem
2633 602 2787 640 suam
2823 606 2835 640 :
2864 597 2919 642 et
2949 587 3016 640 de
3049 587 3280 652 Nathan,
3325 590 3471 658 quod
3502 573 3780 662 propheta-

2224 679 2384 744 verit,
2423 693 2628 734 necnon
2666 687 2723 732 et
2759 679 2874 733 Gad
2906 695 2921 731 :
2955 679 3049 732 sed
3081 689 3136 732 et
3175 679 3241 733 de
3285 679 3580 736 Salomone
3602 723 3619 747 ,
3655 686 3780 751 quod

2222 771 2534 840 apparuerit
2580 771 2629 824 ei
2673 771 2726 824 in
2767 770 2884 824 visu
2939 770 3244 825 Dominus:
3275 780 3329 824 et
3369 771 3438 824 de
3478 772 3621 838 Elia,
3657 778 3782 844 quod

2222 871 2535 930 assumptus
2561 871 2644 916 est
2681 876 2777 931 per
2817 859 3194 915 ascensionem
3235 861 3289 915 in
3337 862 3560 926 coelum,
3594 863 3787 918 eﬂ'ectis

2223 953 2328 1008 illis
2352 953 2626 1017 omnibus,
2659 967 2780 1022 quae
2803 953 3004 1022 scripta
3032 965 3182 1020 sunt,
3207 955 3378 1025 signis
3405 964 3460 1009 et
3485 955 3744 1025 prodigiis
3771 977 3784 1010 :

2223 1046 2314 1100 sed
2343 1054 2396 1098 et
2425 1045 2492 1098 de
2532 1043 2744 1110 Eliseo,
2795 1045 3051 1112 quoniam
3103 1059 3210 1097 non
3247 1044 3419 1098 solum
3449 1046 3789 1099 resuscitavit

2223 1136 2387 1190 lilium
2414 1133 2749 1198 Sunatnitis,
2791 1135 2885 1189 sed
2933 1142 2988 1188 et
3025 1144 3299 1188 mortuum
3334 1149 3496 1202 super
3529 1149 3659 1188 ossa
3701 1151 3786 1189 sus

2221 1223 2814 1294 projectum?0portet
2875 1239 3008 1292 ergo
3055 1238 3493 1294 unumquemque
3557 1225 3786 1280 ﬁdelium

2221 1317 2521 1370 crezlere'et
2554 1315 2805 1368 omnibus
2852 1329 2970 1383 qua:
3016 1316 3222 1384 scripta
3263 1324 3391 1368 sunt
3431 1315 3500 1369 de
3527 1315 3787 1380 Ezechia,

2220 1407 2360 1475 quod
2409 1407 2460 1459 in
2504 1407 2692 1461 diebus
2735 1405 2852 1474 eius
2882 1418 3182 1461 retrorsum
3219 1407 3562 1476 repedaverit
3605 1409 3792 1460 umbra

2221 1497 2370 1552 solis.
2402 1498 2494 1551 Est
2528 1514 2658 1568 ergo
2691 1498 2828 1552 ﬁdes
2860 1508 3040 1551 nostra
3077 1497 3256 1565 primo
3299 1499 3518 1566 quidem
3547 1498 3796 1552 omnium

2224 1589 2274 1642 in
2297 1590 2580 1643 Dominum
2601 1601 2847 1644 nostrum
2869 1588 3052 1644 Iesum
3077 1589 3376 1651 Christum,
3395 1600 3790 1658 consequenter

2222 1693 2350 1732 vero
2381 1679 2543 1732 etiam
2581 1679 2632 1732 in
2666 1695 2854 1733 omnes
2884 1688 3103 1732 sanctos
3137 1678 3512 1747 patriarchas,
3542 1679 3631 1732 vel
3668 1695 3790 1748 pro-

552 1769 842 1824 feruntur:
877 1772 960 1823 vel
991 1772 1043 1823 in
1081 1771 1390 1838 Regnorum
1432 1771 1585 1825 libris
1623 1771 1687 1822 de
1707 1769 1946 1832 Samuel,
1975 1770 2120 1836 quod
2155 1753 2196 1809 Β
2228 1768 2436 1838 phetas,
2471 1769 2553 1823 vel
2593 1770 2863 1838 apostolos
2901 1771 3130 1836 Christi,
3164 1785 3229 1824 eo
3258 1771 3453 1824 ordine
3483 1785 3593 1838 quo
3629 1786 3794 1841 supe-

554 1863 806 1914 tnessium
835 1869 1074 1931 tetnporc
1104 1860 1311 1930 pluvias
1337 1875 1367 1913 a
1408 1858 1520 1915 Deo
1539 1861 1847 1930 poposcerit
1878 1868 1933 1914 et
1966 1875 2124 1915 acce-

2229 1862 2341 1916 rius
2363 1861 2618 1917 diximus.

578 2009 3748 2039 u-u--__—..—_________——__—__.____________

1106 2155 1209 2215 EX
1241 2155 1498 2217 LIBRIS
1529 2155 1718 2218 ORIG
1736 2157 1905 2218 ENIS
1931 2157 2009 2218 IN
2045 2157 2496 2220 EPISTOLAM
2533 2159 2640 2218 AD
2675 2160 3062 2222 HEBRIEOS
3096 2162 3238 2240 {93).

619 2476 730 2530 Lex
773 2483 949 2531 autem
997 2483 1196 2529 aeterna
1248 2474 1376 2544 quid
1412 2474 1557 2529 aliud
1606 2485 1690 2530 est
1739 2477 2114 2543 sentiendum,

548 2581 710 2634 quam
751 2565 893 2620 Deus
933 2564 1118 2630 Pater,
1153 2567 1244 2635 qui
1293 2582 1568 2637 nunquam
1613 2567 1717 2622 luit
1763 2570 1979 2638 quando
2026 2569 2114 2624 lux

549 2656 769 2723 quidem
807 2664 969 2719 esset,
997 2656 1255 2725 splendor
1278 2672 1406 2711 vero
1437 2659 1484 2712 ei
1518 2673 1624 2713 non
1660 2659 1910 2714 adesset?
1933 2659 2116 2728 Neque

547 2749 692 2801 enim
725 2747 812 2800 lux
837 2748 954 2802 sine
972 2746 1258 2814 splendore
1286 2764 1384 2803 suo
1408 2765 1642 2820 unquam
1671 2751 1894 2821 intelligi
1913 2761 2108 2820 potest.

547 2839 699 2902 Quod
724 2838 768 2890 si
800 2853 985 2891 verum
1013 2847 1114 2902 est,
1149 2853 1419 2907 nunquam
1452 2850 1536 2894 est
1557 2842 1776 2910 quando
1808 2841 1978 2896 Filius
2002 2858 2105 2896 non

549 2927 718 2980 Filius
741 2925 861 2980 fuit.
897 2925 1017 2980 Erit
1056 2937 1234 2982 autem
1261 2945 1364 2983 non
1383 2931 1521 2984 sicut
1553 2934 1619 2985 de
1647 2941 1851 2986 a‘terua
1883 2932 2004 2988 luce
2029 2933 2112 2988 di-

548 3018 723 3071 ximus
763 3019 1001 3084 innatus,
1039 3035 1106 3073 ne
1139 3021 1242 3073 duo
1276 3021 1537 3090 principia
1567 3021 1701 3077 lucis
1724 3025 2003 3078 videamur
2028 3025 2111 3079 in-

2227 2486 2314 2532 tur
2345 2475 2501 2531 simul
2540 2473 2915 2528 disserendum
2962 2480 3017 2525 et
3057 2470 3190 2525 illud
3237 2471 3380 2540 quod
3429 2472 3650 2526 dictum‘
3690 2479 3800 2537 est,

2223 2582 2328 2623 non
2360 2567 2535 2620 solum
2569 2565 2712 2633 quod
2753 2562 3005 2632 splendor
3044 2573 3130 2617 cst
3169 2563 3304 2618 lueis
3337 2573 3584 2629 aeternae,
3616 2566 3712 2619 sed
3742 2573 3798 2620 et

2221 2656 2363 2726 quod
2398 2655 2523 2710 huic
2559 2654 2735 2708 simile
2767 2655 2816 2708 in
2855 2653 3130 2723 Sapientia
3172 2653 3484 2708 Solomonis
3517 2654 3798 2718 refertur,

2221 2747 2273 2802 in
2306 2762 2410 2816 qua
2441 2747 2678 2814 seipsam
2717 2745 2994 2814 Sapientia
3041 2744 3307 2799 describit
3342 2746 3528 2800 dicens
3561 2762 3577 2797 :
3619 2745 3802 2816 I’apor

2218 2836 2356 2889 enim
2377 2844 2450 2888 est
2478 2835 2684 2888 virtutis
2712 2833 2829 2899 Dei,
2851 2843 2896 2886 et
2927 2833 3204 2902 aporrluea
3231 2832 3414 2903 gloria:
3443 2834 3796 2902 Omnipoten-

2218 2927 2284 2980 tis
2311 2925 2592 2996 purissima
2625 2927 2692 2982 ¹⁰.

2729 3017 2797 3072 Et
2832 3025 2947 3086 post
2974 3017 3248 3088 aliquanta
3267 3031 3285 3068 :

547 3111 765 3174 ducere,
803 3110 895 3164 sed
938 3109 1078 3164 sicut
1125 3111 1377 3180 ingenita!
1420 3112 1557 3167 lueis
1601 3115 1892 3182 splendor,
1936 3116 2105 3183 ipsam
2134 3111 2179 3169 (Σ
2281 3115 2505 3184 Oportet
2525 3121 2705 3166 autem
2737 3112 2877 3164 seire
2904 3125 3002 3164 nos
3019 3111 3142 3178 quia
3168 3125 3265 3178 per
3305 3109 3608 3164 iuelfabilia
3643 3124 3796 3178 qua:-

547 3202 690 3254 illam
727 3201 895 3256 lucem
937 3203 1147 3256 initium
1195 3204 1401 3258 habens
1433 3220 1495 3257 ac
1525 3203 1763 3271 fontem,
1799 3216 1958 3262 natus
1993 3207 2114 3276 qui-

543 3293 665 3346 dem
697 3309 764 3348 cx
797 3295 929 3363 ipsa,
972 3297 1064 3349 sed
1092 3311 1196 3349 non
1229 3305 1346 3349 erat
1379 3297 1594 3364 quamlo
1622 3312 1726 3351 non
1761 3306 1900 3353 erat.

542 3384 746 3438 Deinde
781 3386 1006 3454 probam
1049 3384 1247 3440 Filium
1287 3389 1442 3442 unius
1485 3404 1602 3441 cum
1643 3386 1809 3443 Patre
1854 3405 1966 3444 esse
1992 3392 2115 3446 sub-

613 3478 859 3544 stantiw,
911 3478 1142 3532 alienum
1192 3495 1311 3533 vero
1374 3496 1407 3532 a
1455 3480 1762 3535 substantiis
1818 3492 2113 3552 creatum,

612 3576 687 3619 att
713 3580 729 3618 .‘

613 3658 1198 3729 Iulerrogamttsigitur
1231 3673 1325 3714 eos
1345 3673 1481 3729 quos
1506 3659 1651 3730 piget
1680 3661 1926 3718 conﬁteri
1943 3655 2112 3718 Deum

542 3764 662 3805 esse
687 3750 880 3806 Filium
915 3750 1031 3815 Dei,
1063 3749 1336 3819 quomodo
1365 3759 1581 3819 poterat
1602 3752 1714 3806 sola
1749 3751 1984 3806 humana
2019 3769 2116 3807 na-

541 3856 663 3897 tura
696 3842 831 3896 nihil
869 3843 919 3895 iu
944 3857 1004 3896 se
1045 3841 1250 3896 habens
1279 3843 1558 3908 eximium,
1595 3858 1769 3914 neque
1801 3844 2000 3916 aliquid
2033 3847 2115 3902 di-

542 3936 683 3987 vina:
704 3934 1043 3996 substantiae,
1079 3934 1450 3988 lnereditatem
1483 3949 1678 4004 capere
1719 3950 1931 3990 onmem
1961 3937 2113 4006 prin-

542 4025 876 4090 eipatum,et
897 4037 1113 4076 omnem
1147 4033 1493 4091 potestatem,
1529 4034 1582 4080 et
1619 4026 1871 4080 virtutem
1897 4067 1911 4092 ,
1945 4037 1999 4082 et
2033 4029 2116 4083 his

541 4111 793 4166 munibus
818 4111 1062 4180 praeferri
1095 4127 1157 4166 ac
1187 4113 1426 4182 prmponi
1453 4130 1481 4166 a
1511 4105 1692 4172 Patre.
1731 4113 1882 4172 Unde
1911 4127 2113 4172 rectum

542 4203 758 4257 videtur
778 4203 920 4272 quod
962 4204 1307 4272 praestantior
1341 4219 1466 4258 esse
1503 4204 1695 4260 debeat
1732 4207 1781 4261 is
1811 4207 1902 4277 qui
1939 4209 2112 4263 haere-

541 4295 762 4350 ditatem
793 4295 962 4364 capit,
1003 4305 1056 4350 et
1097 4311 1294 4366 genere
1335 4298 1546 4367 utique,
1581 4307 1636 4354 et
1662 4301 1875 4370 specie,
1908 4311 1956 4356 et
1991 4303 2116 4356 sub-

547 4387 770 4452 stantia,
795 4396 849 4441 et
889 4387 1246 4441 subsistentia
1285 4387 1367 4442 vel
1413 4397 1607 4442 natura
1631 4429 1646 4455 ,
1681 4401 1843 4458 atque
1865 4393 2115 4448 omnibus

541 4478 851 4548 quibusque
883 4479 1058 4536 modis
1093 4481 1254 4534 debet
1282 4497 1403 4536 esse
1431 4483 1794 4552 praestantior.

1091 4571 1155 4624 Et
1185 4583 1296 4640 post
1327 4589 1533 4641 pauca:

611 4659 744 4714 Cum
786 4671 964 4715 autem
1011 4664 1298 4718 discutitur
1339 4666 1442 4720 hoc
1483 4666 1624 4734 quod
1675 4666 1880 4721 dictum
1925 4678 2008 4724 est
2045 4669 2112 4724 de

540 4749 678 4805 Filio
705 4750 823 4818 Dei,
853 4754 994 4822 quod
1013 4755 1087 4809 sit
1115 4755 1371 4824 splendor
1391 4756 1598 4825 gloriae,
1626 4757 1936 4814 necessario
1961 4759 2110 4814 vide-

2217 3205 2360 3271 dam,
2387 3214 2445 3260 et
2471 3213 2700 3268 secreta,
2723 3218 2786 3257 ac
2819 3200 3093 3256 recondita
3117 3201 3404 3270 quemdam
3439 3201 3666 3254 modum
3695 3199 3800 3253 sibi

2217 3293 2420 3350 faciens
2464 3292 2747 3362 Scriptura
2795 3302 2979 3346 sancta
3023 3302 3255 3346 conatur
3291 3289 3616 3346 hominibus
3658 3291 3797 3344 indi-

2216 3399 2364 3453 care,
2404 3394 2460 3442 et
2505 3383 2842 3440 intellectum
2889 3398 3182 3451 suggerere
3229 3383 3508 3438 subtilem.
3569 3383 3799 3454 Vaporis

2216 3477 2359 3532 enim
2389 3492 2582 3534 nomen
2611 3477 2905 3541 inducens,
2944 3477 3046 3531 hoc
3073 3476 3191 3530 ideo
3229 3474 3294 3531 de
3343 3477 3509 3531 rebus
3531 3493 3800 3548 corpora-

2217 3572 2357 3627 libus
2389 3570 2705 3639 assumpsit,
2751 3579 2809 3622 ut
2847 3569 2933 3622 vel
2969 3583 3034 3621 ex
3070 3579 3223 3638 parte
3266 3567 3451 3638 aliqua
3486 3568 3800 3636 intelligere

2217 3661 2486 3732 possimus
2515 3659 2780 3728 quomodo
2812 3657 3058 3712 Christus
3101 3657 3189 3725 qui
3234 3667 3316 3711 est
3357 3658 3634 3725 sapientia
3662 3697 3681 3723 ,
3716 3671 3799 3712 se-

2215 3755 2447 3808 cundum
2467 3753 2872 3807 similitudinem
2899 3751 3017 3820 ejus
3053 3749 3274 3819 vaporis
3306 3750 3398 3818 qui
3425 3751 3492 3804 de
3526 3751 3802 3804 substan-

2219 3847 2290 3900 tia
2315 3845 2491 3914 aliqua
2521 3858 2780 3913 corporea
2813 3843 3082 3913 procedit,
3119 3843 3198 3896 sic
3234 3841 3397 3896 etiam
3427 3842 3546 3910 ipse
3591 3853 3653 3895 ut
3684 3844 3802 3912 qni-

2215 3937 2338 3990 dam
2380 3951 2547 4006 vapor
2595 3935 2840 3990 exoritur
2879 3934 2948 3988 de
2991 3933 3191 3988 virtute
3231 3933 3398 4002 ipsius
3442 3933 3539 3987 Dei
3579 3952 3596 3988 :
3639 3935 3722 3988 sic
3749 3947 3804 3988 et

2217 4026 2480 4096 sapientia
2513 4041 2579 4080 ex
2618 4040 2684 4080 eo
2712 4025 3043 4094 procedens,
3083 4039 3150 4078 ex
3198 4024 3310 4092 ipsa
3352 4023 3446 4078 Dei
3481 4026 3832 4080 substantia:

2219 4127 2529 4188 generatur.
2559 4117 2651 4172 Sic
2681 4117 3035 4172 nihilominus
3062 4123 3118 4171 et
3148 4116 3448 4170 secundum
3477 4116 3804 4171 similitudi-

2217 4227 2338 4267 nem
2381 4209 2682 4278 corporalis
2711 4210 3047 4278 aporrhtete,
3093 4223 3214 4264 esse
3254 4207 3455 4261 dicitur
3502 4209 3802 4278 aporrhzea

2217 4303 2402 4372 gloria:
2437 4301 2832 4371 Omnipotentis
2862 4316 2992 4368 pura
3025 4298 3269 4369 quaadam
3301 4309 3358 4351 et
3383 4300 3627 4354 sincera.
3670 4301 3806 4366 Qua:

2217 4405 2457 4462 utrazque
2527 4391 2912 4447 similitudines
2976 4390 3424 4446 manifestissime
3490 4392 3807 4445 ostendunt

2137 4478 2187 4536 Ι)
2215 4483 2651 4538 communionem
2694 4483 3014 4537 substantia:
3057 4498 3176 4538 esse
3227 4483 3372 4537 Filio
3431 4497 3554 4537 cum
3604 4481 3805 4535 Patre.

2217 4577 2509 4647 Aporrhma
2559 4575 2702 4629 enim
2758 4577 3036 4646 ὁμοούσιος
3090 4576 3320 4634 videtur.
3385 4576 3436 4630 id
3484 4584 3573 4629 est
3636 4575 3808 4628 unius
3853 4587 3866 4650 ἰι

2217 4669 2536 4723 substantia:
2563 4684 2683 4724 cum
2710 4668 2799 4723 illo
2821 4685 3048 4739 corpore
3063 4684 3128 4724 ex
3155 4684 3260 4738 quo
3279 4669 3458 4725 estvel
3481 4666 3807 4739 apes-rbem,
3867 4651 3871 4668 ι

2220 4759 2301 4814 vel
2337 4775 2523 4828 vapor.

541 4891 3798 4918 WW—

1040 5033 1155 5096 ΕΧ
1185 5036 1566 5099 ORIGENIS
1590 5038 1959 5100 HOMILIIS
1997 5040 2076 5101 IN
2102 5041 2558 5104 EPISTOLAM
2587 5045 2696 5103 AD
2727 5042 3118 5104 HEBIUEOS
3143 5042 3290 5121 (9’s).

605 5330 772 5401 698
806 5328 990 5400 Stylus
1035 5330 1328 5401 Epistulae,
1361 5350 1478 5402 qum
1523 5333 1838 5390 inscribitur
1885 5339 1952 5390 ad
1997 5335 2104 5393 Ile-

539 5419 728 5487 brwos,
765 5434 914 5477 caret
944 5423 1037 5476 illa
1079 5427 1349 5481 sermonis
1374 5431 1698 5496 rusticitate,
1737 5445 1857 5499 quae
1891 5434 2102 5505 propria

611 5511 652 5540 ⁸ο
681 5513 809 5580 Sap.
841 5529 934 5574 vn,
965 5512 1054 5569 25.

540 5597 721 5732 gnati?)
770 5601 849 5653 Ex
899 5604 1156 5672 Apologia
1211 5603 1478 5675 Pamphili
1533 5607 1787 5676 martyris
1836 5621 1932 5677 pro
1985 5607 2105 5663 Ori-

2290 5339 2349 5390 '0
2369 5335 2651 5410 χαρακτὴρ
2667 5335 2766 5404 τῆς
2785 5334 2981 5399 λέξεως
3011 5335 3109 5407 τῆς
3141 5334 3286 5403 πρὸς
3326 5335 3640 5403 Ἐϐραίους

2211 5428 2600 5500 γεγραμμένης
2643 5425 2960 5495 Ἐπιστολῆς
2984 5427 3083 5479 οὐκ
3112 5425 3222 5495 ἔχει
3245 5425 3304 5478 τὸ
3327 5427 3384 5478 ἐν
3397 5425 3537 5495 λόγῳ
3573 5426 3806 5484 ἰδιωτι-

2287 5607 2400 5674 (94)
2438 5609 2726 5682 ᾒιιειιιιιιιιιι
2755 5621 2882 5682 sunt
2913 5610 3095 5682 hmcce
3122 5610 3412 5682 fragmenta
3442 5626 3505 5665 ex
3535 5608 3810 5670 Eusebio

2211 5677 2300 5730 lib.
2345 5693 2391 5732 vt
2431 5677 2628 5732 (lictor.
2656 5681 2862 5747 σίτοισι,
2897 5695 3014 5749 cap.
3044 5680 3140 5738 ‘25.
